4076 6280
470 346 536 408 Π
1361 355 1547 410 PRIMI
1584 354 1938 410 ECCLESIIE
1978 348 2255 411 S/ECULIV
2307 355 2823 413 SCRIPTORIBUS.
3302 404 3305 405 ν
3444 410 3451 433 ε
3642 362 3706 416 18

468 475 619 530 enim
653 464 726 528 ibi
761 472 826 527 de
880 487 942 527 ea
972 471 1232 542 reperias,
1277 471 1385 526 nisi
1429 472 1482 525 in
1520 454 1643 526 libri
1670 458 1842 528 iillius
1867 474 2042 544 capite
2071 478 2116 535 Α
2148 475 2297 543 cujus
2333 486 2508 530 tamen
2531 475 2651 546 legi,
2685 485 2936 547 tanquam
2983 462 3130 530 bona:
3179 476 3534 546 obtemperare
3566 480 3709 533 vide-

472 565 567 628 45,
596 563 737 634 quod
766 563 836 618 ab
878 563 1268 632 impostoribus
1313 563 1385 618 ibi
1457 572 1702 620 assutum
1742 579 1863 620 esse
1927 565 2036 619 cri-

476 658 569 711 tici
600 644 884 726 peritiores
913 656 1223 713 observant.

545 747 658 802 Non
688 747 780 802 diu
814 748 961 803 stetit
984 748 1074 802 illa
1096 746 1375 801 Menandri
1403 748 1652 803 haeresis.
1686 748 1937 805 Justinus
1961 751 2036 802 si-

471 839 686 908 quidem
712 840 962 909 quamvis
995 841 1179 909 plures
1208 840 1363 895 initio
1393 856 1422 894 a
1453 840 1747 895 Menandro
1775 841 2037 911 deceptos

466 946 588 986 esse
619 938 917 1002 agnoscat:
950 946 1157 1002 paucos
1207 943 1390 986 tamen
1423 947 1524 985 suo
1556 940 1801 1001 tempore
1844 948 2035 1002 snper-

467 1024 625 1079 stites
673 1023 925 1078 extitisse
968 1039 1077 1078 non
1131 1023 1365 1079 obscure
1414 1025 1655 1080 declarat
1685 1026 1727 1055 “
1764 1044 1777 1079 ε
1812 1024 2035 1079 Menan-

464 1113 622 1167 drum
676 1115 969 1168 Antiochice
1017 1114 1209 1167 multos
1246 1122 1360 1168 arte
1386 1116 1589 1185 magica
1630 1115 1889 1184 decepisse
1928 1116 2033 1168 sci-

466 1222 656 1260 mus...
680 1216 902 1276 suntque
960 1207 1090 1259 adeo
1121 1223 1257 1260 nunc
1282 1224 1482 1277 quoque
1505 1206 1569 1260 ab
1598 1224 1656 1261 eo
1685 1208 1871 1277 reliqui
1899 1224 2031 1261 non-

468 1296 633 1360 nulli,
674 1299 763 1368 qui
785 1297 881 1351 hoc
908 1299 986 1351 sic
1014 1299 1349 1367 proﬁtentur.
1376 1298 1505 1354 lnde
1533 1315 1662 1371 ergo
1690 1297 2033 1355 Menandria-

467 1398 594 1440 nam
626 1388 873 1443 haeresim
905 1395 1028 1443 ante
1080 1376 1450 1445 Simonianam
1478 1392 1748 1448 excidisse
1782 1408 1891 1447 non
1938 1395 2033 1449 ab-

468 1463 630 1535 surde
659 1481 916 1551 colliges;
974 1483 1080 1538 nisi
1115 1498 1233 1538 eam
1279 1485 1333 1539 in
1373 1482 1637 1539 Saturnili
1663 1493 1717 1541 et
1777 1486 2035 1545 Basilidis

469 1580 647 1628 sectas
671 1570 962 1628 induxisse
990 1574 1222 1629 dixeris.

1074 1664 1303 1720 CAPUT
1335 1666 1400 1721 γ.

908 1734 925 1751 δ
953 1756 1031 1812 De
1054 1758 1243 1813 hwresi
1257 1758 1510 1815 Cerinthi.

2140 576 2244 621 tur.
2281 567 2419 622 Hinc
2459 569 2624 623 etiam
2650 567 3031 632 Cerinthiani,
3074 575 3132 622 ut
3173 568 3317 624 idem
3368 555 3706 640 Epiphanius

2138 658 2321 713 subdit
2348 658 2424 713 “:
2462 656 2691 713 Paulum
2721 666 2925 726 penitus
2947 658 3252 727 erplodunt,
3275 670 3547 729 propterea
3568 663 3706 733 quod

2138 752 2586 806 circumcisionem
2636 752 2920 807 abdicavit.
2970 751 3298 808 Philastrius
3349 768 3478 807 vero
3530 758 3707 826 arguit

2136 842 2478 909 Cerinthum,
2505 844 2731 914 quodet
2758 844 2896 900 alios
2925 845 3110 914 plures
3132 844 3256 899 novi
3290 843 3514 900 foederis
3537 846 3706 901 libros

2136 934 2504 1003 repudiaverit
2529 952 2543 990 :
2570 934 2881 1004 Apostolum
2904 934 3135 989 Paulum
3158 952 3259 989 non
3274 936 3485 1006 accipit,
3506 934 3538 988 ,Ι
3546 937 3705 990 udam

2135 1024 2455 1094 proditorem
2509 1027 2774 1092 honorat,
2833 1025 3171 1097 Evangelium
3226 1027 3509 1082 secundum
3562 1027 3707 1082 Mat-

2138 1115 2331 1169 thwum
2366 1117 2536 1172 solum
2567 1118 2757 1186 accipit
2789 1158 2802 1182 ,
2839 1119 2943 1172 tria
2974 1117 3259 1190 Evangelia
3288 1120 3503 1187 spernit,
3528 1120 3704 1175 beatos

2136 1219 2396 1279 martyres
2433 1208 2778 1280 blasphemat.
2810 1209 2997 1281 Neque
3027 1217 3207 1265 tamen
3237 1212 3305 1265 ab
3336 1226 3400 1265 eo
3432 1212 3706 1283 integrum

2138 1298 2373 1355 Μειῑὶιξὲῑ
2414 1300 2765 1373 Evangelium
2836 1311 3113 1372 acceptum
3168 1302 3340 1360 fuisse
3390 1311 3582 1357 auctor
3623 1311 3705 1359 est

2135 1387 2471 1460 Epiphanius
2492 1388 2537 1421 “
2566 1410 2579 1445 :
2612 1390 2860 1445 Matt/imi
2891 1390 3173 1461 Evangelio
3224 1408 3325 1444 non
3355 1392 3578 1459 integro,
3615 1390 3705 1444 sed

2133 1491 2367 1547 exparte
2395 1477 2657 1532 duntaxat
2686 1488 2925 1544 utuntur,
2966 1479 3218 1533 nimirum
3267 1489 3476 1549 propter
3519 1498 3706 1551 genea-

2137 1568 2364 1639 logiam,
2397 1585 2513 1639 quae
2548 1570 2663 1640 ejus
2693 1578 2767 1624 est
2805 1572 2979 1624 carnis
3030 1573 3263 1640 propria.
3305 1571 3414 1627 Nec
3461 1572 3657 1627 mirum
3687 1591 3701 1638 ;

2134 1661 2354 1731 quando
2386 1662 2603 1731 quidem
2639 1676 2702 1716 ea
2744 1661 2946 1717 Christi
2976 1665 3293 1735 genealogia
3328 1680 3519 1721 omnes
3550 1682 3703 1721 erro-

2136 1767 2226 1807 res
2252 1750 2498 1807 l‘unditus
2528 1753 2928 1810 evertebantur.
3234 1770 3237 1771 '

531 1846 827 1904 Cerinthus
882 1849 952 1905 ab
1012 1851 1132 1920 ipso
1181 1856 1554 1923 apostolorum
1615 1867 1854 1930 tempore
1882 1874 2035 1914 novae
2068 1830 2106 1884 Β
2206 1843 2370 1899 Caius
2416 1855 2594 1900 autem
2644 1845 2786 1915 apud
2827 1845 3119 1900 Eusebium
3164 1848 3425 1903 Cerintho
3461 1865 3702 1905 errorem

465 1936 735 1994 haereseos
764 1954 988 2008 parens,
1014 1940 1071 1993 in
1094 1939 1348 2011 Egi/pta,
1369 1944 1547 2014 inquit
1575 1944 2030 2014 Theodoretus“,

460 2029 687 2097 plurimo
714 2038 945 2099 tempore
984 2043 1221 2087 versatus
1249 2074 1263 2099 ,
1298 2044 1347 2089 et
1384 2037 1438 2089 in
1464 2036 1836 2106 philosophieis
1865 2043 2035 2096 scien-

464 2124 547 2176 tiis
573 2123 809 2178 eruditus
828 2164 842 2188 ,
868 2126 1002 2179 venit
1028 2136 1211 2195 postea
1234 2129 1287 2182 in
1304 2130 1508 2197 Asiam,
1535 2141 1583 2187 et
1604 2132 1887 2202 discipulos
1910 2154 2033 2191 suos

462 2213 524 2266 de
553 2216 764 2269 nomine
792 2232 893 2270 suo
924 2218 1226 2287 appellavit.
1248 2220 1348 2276 Cui
1382 2224 1626 2278 concinit
1659 2227 1877 2296 quidem
1906 2227 2033 2298 Epi-

462 2304 717 2374 phanius,
752 2307 846 2361 sed
885 2308 1037 2362 addit
1066 2325 1162 2364 eos
1191 2310 1368 2368 dictos
1390 2307 1561 2370 fuisse
1591 2313 1985 2376 Merintbianos
2016 2336 2028 2373 :

465 2394 650 2450 Utrum
682 2410 820 2463 vero,
856 2401 929 2454 ait
950 2402 1036 2456 ille
1055 2401 1122 2467 ⁸³,
1156 2401 1437 2460 Cerinthus
1466 2407 1576 2475 ipse
1602 2407 1899 2464 Merinthus
1924 2411 2031 2465 alio

459 2489 668 2542 nomine
690 2489 761 2542 sit
783 2489 980 2554 dictus,
1012 2493 1212 2547 nescire
1243 2510 1321 2548 me
1344 2494 1517 2562 fateor
1535 2540 1549 2564 ,
1589 2516 1654 2552 an
1679 2509 1871 2568 prater
1894 2500 2033 2554 hunc

456 2580 590 2635 alter
611 2598 671 2636 eo
702 2585 909 2637 nomine
938 2585 1230 2654 appellatus
1243 2590 1534 2655 exstiterit,
1567 2592 1785 2661 adjutor
1806 2594 1951 2649 illius
1981 2604 2031 2649 et

456 2673 658 2735 socius,
689 2672 746 2724 id
770 2673 982 2743 quidem
1012 2676 1243 2732 sbliDeo
1273 2689 1596 2748 compertum
1622 2691 1723 2738 est.

524 2761 771 2817 Primum
805 2774 1007 2831 autem,
1033 2774 1175 2825 teste
1209 2770 1413 2826 lrenteo
1444 2773 1508 2838 “,
1535 2774 1827 2830 Cerinthus
1856 2796 1869 2830 :
1907 2775 2031 2832 Non

456 2869 487 2904 a
517 2854 695 2921 primo
726 2855 835 2910 Deo
866 2857 1065 2926 factum
1091 2877 1203 2914 esse
1234 2862 1484 2917 mundum
1517 2864 1715 2930 docuit,
1750 2868 1840 2921 sed
1867 2886 1898 2921 a
1927 2870 2032 2923 vir-

456 2952 564 2996 tute
586 2945 818 3012 quadam
833 2958 1100 3015 separata,
1130 2959 1179 3003 et
1196 2952 1427 3007 distante
1442 2952 1506 3006 ab
1529 2970 1590 3007 ea
1612 2956 2028 3026 principalitate,

454 3050 571 3103 qua:
598 3045 676 3088 est
699 3052 853 3105 super
872 3040 1135 3107 universa,
1166 3050 1217 3096 et
1245 3044 1513 3113 ignorante
1540 3032 1599 3100 eo
1625 3049 1715 3118 qui
1761 3058 1838 3102 est
1877 3066 2032 3119 super

456 3127 636 3180 omnia
653 3127 778 3183 Deo.
804 3128 1083 3185 Christum
1116 3141 1318 3198 autem,
1342 3129 1562 3193 auctore
1593 3137 1936 3196 Theodoreto
1961 3143 2027 3211 ⁸⁸,

457 3215 597 3272 duas
623 3219 674 3271 in
696 3228 901 3289 partes,
921 3237 1015 3278 seu
1039 3239 1303 3294 personas
1330 3242 1359 3280 a
1377 3244 1435 3283 se
1464 3228 1695 3285 invicem
1718 3231 2029 3303 distinctas,

459 3308 764 3379 dividebat;
802 3313 1160 3386 tradebatqne
1207 3317 1392 3372 Iesum
1442 3321 1729 3377 secundum
1780 3334 2029 3380 naturam

459 3412 630 3455 ortum
650 3419 713 3457 er.
739 3402 935 3475 Ioseph
958 3416 1008 3461 et
1030 3408 1227 3471 Maria,
1254 3414 1596 3480 temperantia
1624 3426 1819 3482 autem,
1842 3427 1890 3471 et
1906 3417 2032 3486 jus-

461 3494 600 3562 titia,
643 3506 693 3549 et
722 3498 848 3551 aliis
882 3500 1163 3556 virtutibus
1218 3505 1544 3561 excelluisse.
1579 3506 1675 3564 Vel
1704 3519 1763 3563 ut
1815 3510 1890 3563 ait
1919 3509 2030 3567 lre-

458 3602 608 3641 meus
634 3587 677 3619 ³⁶
704 3608 716 3643 :
754 3589 885 3645 Plus
920 3594 1153 3660 potuisse
1186 3594 1250 3647 ab
1298 3597 1539 3651 omnibus
1559 3638 1574 3662 ,
1604 3608 1652 3653 et
1683 3612 1800 3669 post
1832 3601 2028 3670 baptis-

459 3693 601 3729 mum
628 3678 955 3735 dcscendisse
1003 3683 1056 3735 in
1095 3701 1211 3738 eum
1239 3683 1508 3741 Christum
1538 3688 1602 3742 ab
1630 3707 1693 3744 ea
1720 3693 2029 3761 principali-

458 3778 585 3827 tate.
605 3787 720 3840 qua?
751 3784 827 3825 est
854 3790 1010 3842 super
1040 3778 1239 3839 omnia,
1271 3779 1445 3850 ﬁgura
1473 3782 1761 3849 columbce,
1810 3795 1860 3838 et
1905 3796 2029 3842 tunc

458 3863 801 3917 annuntiasse
822 3865 1144 3937 incognitum
1186 3870 1423 3938 Patrem,
1456 3884 1507 3927 et
1530 3876 1749 3930 virtutes
1775 3879 2027 3947 perfecis-

455 3970 550 4017 se;
576 3956 631 4008 in
653 3956 755 4024 ﬁne
784 3968 955 4013 autem
978 3963 1236 4017 revolasse
1264 3966 1454 4019 iterum
1479 3966 1749 4023 Christum
1778 3970 1842 4025 de
1871 3970 2023 4037 Jesu,

455 4054 508 4097 et
528 4042 710 4099 Iesum
733 4065 946 4117 passum
987 4068 1099 4106 esse
1131 4063 1180 4107 et
1230 4059 1604 4125 resurrexisse,
1636 4059 1906 4117 Christum
1928 4081 2027 4117 au-

460 4147 567 4191 tem
614 4140 987 4208 impassibilem
1043 4160 1417 4214 perseverasse,
1470 4152 1777 4207 existentem
1807 4156 2027 4223 spirita-

456 4227 576 4282 lem.
607 4227 811 4284 Contra
840 4240 1021 4288 tamen
1057 4234 1393 4306 Epiphanius
1419 4239 1485 4304 ³⁷,
1516 4256 1579 4294 ac
1607 4251 1731 4312 post
1759 4260 1883 4299 eum
1914 4246 2024 4300 Au—

450 4317 708 4386 gustinus
742 4320 824 4374 '3:
858 4320 1063 4388 Dicere,
1088 4324 1286 4393 inquit,
1321 4325 1452 4378 nihil
1485 4337 1561 4381 est
1586 4330 1779 4384 veritus
1807 4346 2023 4399 passum

450 4409 663 4478 quidem
694 4420 743 4466 et
760 4414 1075 4483 cruciﬁxum
1102 4434 1213 4470 esse
1235 4416 1527 4484 Christum,
1550 4421 1779 4475 nondum
1799 4436 1971 4481 tamen
1993 4444 2025 4480 a

2134 1935 2522 1990 Cluiliastarum
2555 1936 2747 1991 tribuit
2776 1936 2822 1967 “
2849 1957 2861 1991 :
2892 1937 2997 1992 Per
3035 1939 3369 1994 revelationes
3400 1959 3431 1994 a
3454 1959 3508 1996 se
3531 1982 3547 2006 ,
3582 1952 3705 1995 tan-

2134 2042 2291 2096 quam
2328 2044 2359 2080 a
2390 2043 2577 2097 magno
2609 2026 2856 2094 Apostolo
2881 2031 3205 2098 conscriptas
3232 2071 3246 2094 ,
3276 2041 3526 2100 portenta
3558 2050 3703 2102 qua:-

2133 2118 2277 2179 dant,
2310 2118 2464 2187 quasi
2495 2116 2560 2170 ab
2592 2118 2788 2187 angelis
2827 2118 2930 2172 sibi
2958 2128 3165 2174 ostensa
3194 2133 3536 2191 commentus,
3556 2126 3704 2179 nobis

2133 2207 2465 2269 introducit,
2523 2208 2790 2277 aﬁirmans
2846 2219 2963 2277 post
3016 2214 3445 2267 resurrectionem
3490 2231 3705 2285 regnum

2133 2299 2333 2354 Christi
2358 2300 2413 2353 in
2436 2300 2589 2354 terris
2620 2300 2878 2369 futurum,
2897 2319 2959 2355 ac
2982 2319 3164 2356 rursus
3188 2302 3427 2380 homines
3448 2305 3703 2360 Hieroso-

2135 2391 2287 2462 lymis
2307 2391 2566 2461 degentes,
2592 2392 2963 2460 cupiditatibus
2989 2378 3039 2448 et
3069 2378 3323 2463 voluptati
3352 2398 3585 2463 corporis
3613 2397 3704 2451 ob-

2133 2485 2317 2537 noxios
2358 2485 2510 2553 fore;
2571 2484 2819 2554 additque
2861 2486 3005 2540 mille
3061 2503 3321 2540 annorum
3367 2490 3595 2555 spatium
3651 2490 3703 2542 in

2130 2570 2453 2639 nuptialibus
2487 2571 2635 2640 festis
2680 2582 3008 2626 transactum
3051 2575 3140 2628 iri.
3197 2572 3342 2629 Unde
3383 2578 3542 2630 etiam
3581 2577 3705 2632 Chi-

2134 2660 2326 2724 liastte,
2357 2661 2534 2731 inquit
2566 2662 2906 2732 Augustinus
2932 2664 2998 2728 “,
3034 2673 3155 2718 sunt
3187 2665 3457 2735 appellati.
3490 2666 3547 2722 ld
3573 2684 3703 2722 con-

2135 2750 2315 2805 ﬁrmat
2340 2750 2611 2809 Eusebius
2644 2754 2747 2808 hac
2789 2753 3033 2825 Dionysii
3066 2755 3420 2812 Alexandrini
3458 2761 3702 2815 auctori-

2135 2856 2245 2904 tate
2279 2868 2292 2904 ;
2324 2848 2486 2902 Aiunt
2530 2866 2647 2903 eum
2667 2890 2682 2916 ,
2714 2849 3070 2915 Cerinthum,
3103 2850 3295 2904 librant
3326 2856 3698 2923 composuisse,

2133 2941 2303 2995 indito
2334 2939 2562 2994 Joannis
2595 2942 2833 3005 nomine,
2865 2941 2989 2994 dum
3034 2944 3402 2997 auctoritatem
3442 2947 3700 3015 ﬁgmentis

2133 3031 2245 3084 suis
2278 3047 2341 3083 ex
2373 3029 2598 3085 Joannis
2631 3032 2836 3085 nomine
2886 3033 3121 3085 mutuari
3151 3032 3318 3087 vellet.
3356 3031 3460 3088 Sed
3492 3036 3559 3090 de
3598 3036 3701 3089 hoc

2136 3124 2371 3178 ridiculo
2421 3124 2667 3180 Cerinthi
2712 3132 3022 3180 commento
3072 3125 3199 3180 alibi
3259 3126 3477 3181 dabitur
3527 3126 3702 3183 fusius

2132 3217 2446 3286 disputandi
2479 3218 2649 3273 locus.

2201 3308 2392 3364 Visum
2425 3317 2508 3364 est
2532 3309 2811 3365 nonnullis
2840 3325 2935 3364 eos
2961 3350 2976 3375 ,
3019 3309 3112 3380 qui
3154 3310 3399 3365 viventes
3427 3311 3699 3383 baptismo

2131 3417 2238 3456 non
2284 3400 2503 3455 fuerunt
2532 3400 2732 3468 abluti,
2766 3407 2888 3470 post
2937 3411 3165 3456 mortem
3203 3403 3271 3456 ab
3314 3402 3382 3457 iis
3429 3404 3699 3458 haereticis

2131 3501 2495 3549 sacramento
2525 3495 2619 3549 illo
2647 3494 2817 3551 fuisse
2846 3494 3107 3551 initiatos.
3137 3494 3335 3551 Verum
3362 3512 3485 3551 cum
3516 3500 3553 3553 ii
3583 3500 3699 3555 solo

2130 3586 2441 3657 Epiphanii,
2473 3601 2634 3656 quem
2666 3586 2732 3641 de
2759 3586 2880 3642 aliis
2912 3588 3094 3659 potius
3113 3586 3382 3642 bmreticis
3405 3587 3603 3643 ibidem
3626 3590 3702 3644 lo-

2128 3679 2221 3749 qui
2248 3679 2431 3749 plurcs
2462 3678 2794 3744 existimant,
2826 3679 3138 3733 testimonio
3178 3678 3504 3745 innitantur,
3532 3682 3584 3735 id
3609 3682 3695 3737 isti

2130 3770 2214 3824 vel
2240 3777 2442 3841 negant
2471 3770 2716 3837 omnino,
2747 3771 2830 3825 vel
2864 3770 3080 3841 penitus
3112 3772 3379 3827 incertum
3417 3788 3540 3827 esse
3564 3788 3697 3828 con-

2130 3863 2377 3918 tendunt.

2197 3952 2412 4020 Quanto
2470 3954 2682 4007 horrori
2742 3951 3036 4008 Cerinthus
3095 3952 3289 4010 Joanni
3355 3954 3698 4025 evangelista:

2129 4047 2314 4115 fuerit,
2345 4047 2609 4101 discimus
2640 4062 2704 4102 ex
2733 4046 2935 4101 Irenaeo
2957 4046 3001 4076 “
3022 4086 3037 4111 ,
3070 4047 3164 4115 qui
3192 4046 3259 4100 ab
3290 4045 3411 4100 aliis
3440 4062 3499 4101 se
3539 4061 3697 4101 acce-

2128 4140 2274 4211 pisse
2293 4146 2545 4203 testatur,
2564 4137 2853 4204 Joannem,
2874 4156 2991 4193 cum
3024 4138 3235 4192 lavandi
3261 4156 3424 4194 causa
3453 4138 3694 4192 balneum

2128 4230 2320 4299 Ephesi
2348 4238 2482 4284 esset
2510 4230 2796 4300 ingressus,
2837 4230 2945 4282 viso
2972 4229 3115 4282 intus
3147 4228 3399 4283 Cerintho
3418 4268 3435 4294 ,
3478 4243 3601 4281 mox
3629 4229 3697 4280 il—

2128 4325 2290 4377 lotum
2321 4338 2383 4376 ea:
2412 4321 2598 4376 balneo
2628 4322 2943 4392 profugisse,
2971 4331 3125 4390 atque
3152 4322 3205 4373 in
3249 4320 3358 4374 hwc
3395 4309 3695 4389 prorupisse

2129 4414 2283 4469 verba
2308 4397 2649 4484 :tFugiamus
2683 4413 2824 4477 hinc,
2851 4429 2911 4465 ne
2931 4411 3067 4479 forte
3104 4410 3345 4464 balneum
3371 4427 3607 4479 corruat,
3641 4415 3693 4466 in

453 4504 677 4557 mortuis
701 4507 1009 4573 excitatum,
1035 4526 1096 4563 ac
1125 4518 1235 4563 tum
1264 4510 1471 4566 demum
1500 4530 1617 4568 cum
1644 4519 1838 4571 mortui
1857 4536 2026 4574 resur-
2054 4546 2103 4605 ο
2127 4525 2227 4577 (tuo
2256 4516 2333 4561 εει
2362 4505 2638 4560 θθτίηυηίδ
2664 4505 2899 4559 “matis
2926 4505 3191 4559 ίηίηιίοίιδ·
3229 4502 3566 4575 ΕΡῙΡῘιθηίυε
3593 4506 3691 4576 ἶϐί-

450 4603 573 4662 gent
601 4612 799 4661 omnes,
832 4600 1189 4657 excitandum.
1233 4601 1386 4658 Unde
1417 4607 1612 4661 merito
1639 4609 1858 4678 quidem
1896 4612 2021 4682 jure

450 4684 839 4743 Cerinthianos
868 4705 1054 4746 secum
1097 4694 1326 4751 invicem
1358 4706 1542 4767 aperte
1588 4715 1862 4771 pugnasse
1891 4720 2021 4759 con-

454 4777 650 4832 cludit.

524 4865 635 4923 Nec
677 4873 859 4929 minus
890 4873 1113 4931 haeresis
1140 4876 1231 4929 illa
1254 4877 1356 4932 sibi
1384 4878 1486 4948 ipsi
1510 4879 1565 4932 in
1594 4895 1660 4934 eo
1688 4882 2019 4941 adversaba-

456 4967 563 5025 tur,
595 4962 738 5029 quod
767 4983 781 5019 :
842 4964 1015 5021 Carne
1050 4969 1356 5022 circumcidi
1403 4981 1658 5039 oportere,
1693 4975 1856 5029 verba
1888 4987 2018 5032 sunt

454 5051 743 5121 Augustini
776 5058 839 5119 ".
870 5068 1024 5129 atque
1070 5062 1181 5115 alia
1226 5062 1530 5132 hujusmodi
1564 5065 1718 5136 legis,
1761 5068 2015 5125 nimirum

452 5139 724 5206 Mosaicte,
754 5159 1011 5217 prtecepta
1036 5153 1236 5205 servari
1269 5153 1504 5223 juberet.
1535 5154 1677 5209 Nam
1705 5174 1820 5211 eum
1859 5177 1891 5212 a
1916 5178 2016 5231 quo

449 5234 539 5287 les:
569 5237 769 5291 tradita
799 5242 888 5305 sit,
914 5243 1105 5296 bonum
1141 5256 1291 5313 negat
1320 5262 1451 5312 esse,
1484 5251 1558 5301 ait
1590 5246 1923 5319 Epiphanius
1950 5251 2015 5321 ⁸ο,

528 5443 572 5472 ³⁸
640 5443 854 5513 Apolog.
933 5444 989 5501 2.

448 5527 576 5581 cap.
634 5514 725 5569 25.

448 5600 575 5653 cap.
630 5584 682 5638 8.

1370 5520 1415 5552 ³⁸
1470 5521 1597 5578 Loc.
1646 5527 1739 5577 cit.
1837 5526 1877 5556 ³⁷

1302 5591 1343 5621 ⁸¹
1391 5590 1506 5645 Lib.
1556 5592 1619 5647 de

830 5517 874 5547 ³⁸
929 5514 1054 5573 Loc.
1148 5520 1223 5574 cit

830 5586 875 5617 “’
920 5584 1050 5642 Loc.
1111 5588 1202 5644 cit.
1302 5591 1343 5621 δ’
1391 5590 1506 5645 Lib.
1556 5592 1619 5647 de
1678 5594 1863 5649 hwres.

1140 5449 1193 5523 "_
1244 5447 1487 5523 Lib.__l|_
1538 5451 1735 5508 Ilwret.
1810 5454 2004 5508 Fabul.
2036 5472 2155 5523 Cﬂp-
2208 5456 2260 5508 5-

1940 5527 2015 5579 De
2108 5528 2296 5581 hwrcs.
2348 5523 2374 5594 §
2430 5526 2483 5578 8.

1959 5597 2001 5627 "
2058 5594 2188 5649 Luc.
2247 5597 2373 5658 cit.,
2427 5594 2453 5663 §
2506 5594 2557 5647 5.

2130 4608 2237 4662 tur,
2270 4599 2363 4669 qui
2394 4599 2507 4652 haec
2536 4596 2729 4651 Ebioni
2767 4596 2978 4662 tribuit,
3010 4596 3271 4651 memoria
3306 4597 3493 4667 procul
3525 4596 3691 4651 dubio

2126 4694 2314 4762 lapsus
2342 4698 2445 4745 est.
2486 4688 2671 4759 Neque
2696 4695 2877 4743 tamen
2908 4688 2975 4742 ad
3005 4689 3422 4757 expugnandam
3445 4687 3691 4743 Cerinthi

2129 4786 2376 4841 haeresim
2409 4784 2483 4838 ibi
2525 4784 2675 4839 stetit
2713 4782 2932 4837 divinus
2976 4782 3134 4861 plane
3169 4780 3395 4836 Joannis
3445 4781 3606 4834 ardor
3638 4789 3692 4834 et

2127 4878 2389 4936 studium.
2424 4877 2519 4931 Ille
2550 4876 2714 4939 enim,
2743 4884 2799 4929 ut
2825 4874 2991 4929 tradit
3022 4872 3478 4944 Hieronymus“:
3513 4872 3692 4939 Scrip-

2123 4976 2195 5029 sit
2231 4971 2576 5041 evangelium,
2606 4978 2821 5039 rogatus
2862 4967 2925 5021 ab
2967 4968 3107 5020 Asiae
3135 4968 3407 5035 episcopis,
3441 4965 3687 5018 adversus

2126 5064 2453 5127 Cerinthum,
2477 5061 2710 5130 aliosque
2740 5059 3029 5113 hwreticos.
3055 5057 3390 5128 Epiphanius
3418 5056 3460 5085 ’⁵⁷
3506 5062 3685 5108 autem

2127 5157 2424 5211 arbitratur
2470 5152 2732 5207 Jacobnm
2790 5153 3034 5220 aliosque
3086 5149 3359 5219 apostolos
3422 5147 3685 5201 adversus

2128 5249 2377 5305 eumdem
2406 5244 2821 5301 hacresiarcham
2853 5245 3061 5298 litteras
3090 5243 3141 5295 in
3168 5243 3281 5295 huic
3310 5240 3473 5294 verba
3494 5238 3684 5292 Antio-

2368 5453 2653 5506 1“ll-.ei‘es.
2686 5451 2776 5505 28.
2926 5448 2969 5478 ”
3041 5446 3158 5502 Lib.
3219 5462 3233 5499 ι
3275 5444 3404 5499 Adv.
3493 5453 3675 5505 htercs.

2592 5524 2637 5553 ³⁸
2670 5521 2799 5574 Lor.
2854 5519 2947 5573 cit.
3002 5518 3028 5587 ς
3083 5520 3135 5571 6.
3239 5518 3281 5548 ³³
3348 5516 3443 5587 De,
3495 5523 3675 5574 turres.

2662 5592 2708 5622 “
2739 5590 2854 5642 Lib.
2908 5604 2966 5640 III
3010 5586 3190 5653 Hist,
3259 5605 3378 5659 cap.
3422 5586 3517 5659 28.
3562 5589 3675 5645 Vid.

448 5652 727 5734 ’l‘lieodpr.
765 5655 867 5734 loc.
899 5659 993 5710 cit.
1034 5667 1089 5712 et
1117 5661 1600 5734 euindenguseb.
1639 5664 1732 5717 lib.
1760 5680 1831 5717 vn
1882 5665 2048 5729 llisl.,
2094 5652 2370 5734 cap.v25.'
2414 5652 2459 5695 δέ
2482 5664 2629 5718 Loco
2686 5661 2898 5734 ρὶιᾈῄ³1⁵
2940 5660 3137 5734 Euseb.
3216 5652 3424 5734 limini
3471 5657 3676 5716 Πέδιον.

447 5740 575 5806 cap.
598 5725 763 5803 285st
786 5728 895 5806 -lib.
924 5744 1147 5806 iv,_ca_p.
1182 5730 1265 5792 Η,
1296 5740 1347 5806 et
1377 5732 1491 5806 ipse
1525 5732 1754 5806 lrenrus
1795 5737 1883 5792 lib.
1918 5741 1972 5806 5,
2002 5725 2118 5791 adv.
2164 5725 2367 5791 lintres.
2422 5751 2541 5803 cap.
2595 5736 2628 5788 3
2699 5741 2752 5787 et
2784 5731 2988 5785 Tlieml.
3046 5733 3135 5786 lib.
3173 5749 3230 5786 ιι.
3310 5732 3353 5761 ’⁸⁸
3384 5727 3458 5782 De
3496 5734 3675 5799 script.

447 5794 660 5861 (αισι,
698 5794 749 5847 in
771 5795 931 5852 Joan.
1010 5799 1050 5829 "7
1085 5794 1285 5856 flueres.
1319 5794 1413 5869 28;
1447 5802 1479 5874 ε
1517 5804 1569 5856 2.
