4074 6286
391 328 454 384 ιθ
636 308 637 311 ‘
1298 358 1301 359 ν
1578 311 1666 366 DE
1704 309 1959 366 OMNlBL'

2068 302 2451 359 EENLILATHL
3563 296 3631 351 ει)

391 449 571 504 cliiam
603 445 911 500 direxisse:
949 442 1215 509 Quoniam
1262 434 1596 507 cognovimus
1626 427 1884 500 quosdam
1925 442 1957 478 a
1988 426 2033 481 Α
2062 435 2210 475 more
2258 425 2637 491 procreatum;
2691 416 2977 486 ipsumque
3019 410 3068 468 Ε
3070 411 3223 466 ilium
3259 408 3355 463 Dei
3392 422 3631 478 progres-

390 538 537 592 nobis
561 535 629 589 ad
660 553 747 590 vos
772 551 883 588 esse
908 533 1187 603 profectos,
1210 537 1316 584 etc.
1341 524 1534 580 Nullus
1563 535 1779 593 quoque
1807 516 1966 573 dubi-

392 636 472 682 tat
504 626 724 683 Petrum
758 636 812 679 et
838 623 1090 687 Paulum,
1123 620 1313 677 eodem
1344 617 1561 688 penitus
1582 610 1858 669 avertendi
1877 624 1967 664 er-

395 719 537 774 roris
566 731 750 773 amore
788 729 1085 771 succensos
1108 755 1124 781 ,
1164 718 1357 766 contra
1389 709 1568 779 ipsum
1608 704 1745 759 inito
1783 709 1964 757 certa-

392 812 555 873 mine,
589 807 839 863 haeresim
877 806 997 876 ejus
1036 803 1352 859 confutasse
1382 807 1437 856 et
1483 796 1820 869 proﬂigaSSe.
1868 791 1964 848 llis

394 902 771 960 Theodoretus
803 902 1050 971 adjungit
1094 899 1284 954 Caium
1312 937 1325 961 ,
1377 893 1695 964 Dionysium
1724 890 1963 944 Alexan-

318 995 332 1025 ·’
394 994 631 1059 drinum.
664 992 936 1048 Justinum
967 996 1283 1060 martyrem,
1307 985 1575 1041 Irenaeum
1591 990 1754 1053 atque
1778 978 1965 1050 Orige-

392 1104 537 1142 nem.
570 1084 742 1141 Porro
773 1092 954 1139 autem
998 1097 1123 1135 cum
1173 1095 1283 1134 non
1333 1078 1471 1131 alios
1507 1074 1602 1146 qui
1643 1080 1834 1128 contra
1863 1070 1965 1126 Ce-

396 1176 641 1231 rinthum
668 1171 1031 1245 pugnaverint
1055 1210 1069 1233 ,
1102 1172 1493 1224 commemoret
1525 1163 1611 1217 vir
1637 1161 1728 1216 ille
1755 1159 1961 1214 doctis-

397 1271 592 1332 simus,
624 1266 751 1320 hinc
780 1278 888 1318 non
920 1264 1034 1316 leve
1064 1259 1282 1315 ducitur
1304 1261 1685 1328 argumentum
1714 1249 1964 1305 haeresim

396 1360 540 1412 illam
562 1397 576 1421 ,
611 1356 755 1411 circa
783 1352 1035 1423 Origenis
1075 1360 1318 1418 tempora
1356 1345 1681 1401 exstinctam
1711 1380 1727 1404 ,
1782 1339 1964 1393 nullos

400 1449 633 1520 amplius
664 1448 922 1502 habuisse
954 1443 1215 1497 fautores.
1239 1440 1460 1494 Certum
1509 1444 1691 1490 tamen
1720 1441 1803 1489 est
1827 1446 1967 1502 prae-

395 1544 585 1613 cipuos
632 1538 879 1596 Cerinthi
930 1550 1146 1591 errores
1184 1534 1252 1588 ab
1282 1530 1405 1585 aliis
1448 1536 1635 1599 postea
1681 1525 1965 1596 adoptatos

398 1633 566 1689 fuisse
605 1631 896 1694 haereticis,
935 1628 1026 1698 qui
1069 1640 1207 1681 nova
1254 1623 1416 1680 sectis
1444 1620 1580 1685 suis,
1616 1617 1971 1688 utdicemus,

396 1724 617 1779 nomina
644 1723 1040 1791 imposuerunt.

1012 1805 1240 1863 CAPUT
1279 1803 1365 1858 Vl.

891 1901 968 1955 De
1004 1900 1201 1954 harresi.
1238 1897 1474 1951 Ehionis.

472 1994 645 2051 Ebion
685 1994 843 2063 cujus
891 2007 1087 2046 nomen
1119 1987 1263 2060 apud
1305 1987 1496 2042 Patres
1525 1984 1875 2043 doctissimos
1900 1982 1967 2047 η,

398 2089 539 2144 idem
570 2102 633 2141 ac
664 2085 933 2139 mendicus
966 2090 1144 2146 sonat,
1175 2096 1205 2135 a
1252 2080 1423 2134 Mario
1462 2077 1763 2139 Mercatore
1793 2076 1839 2108 "
1870 2090 1968 2129 vo-

398 2184 553 2232 catur
576 2175 911 2244 philosophus
958 2184 1011 2228 et
1058 2172 1256 2226 stoicus
1301 2168 1660 2240 philosophus.
1708 2166 1973 2221 Eruditus

399 2278 577 2323 autem
608 2267 845 2336 scriptor
864 2263 1082 2337 quidam
1112 2275 1311 2315 nomen
1336 2258 1573 2313 mendici
1599 2256 1701 2327 ipsi
1738 2255 1968 2310 inditum

400 2366 577 2430 putat,
610 2358 753 2428 quod
786 2355 984 2426 spretis
1013 2352 1248 2415 divitiis,
1280 2350 1643 2405 voluntariam
1680 2356 1971 2417 pauperta-

400 2462 508 2507 tcm
573 2449 936 2521 proﬁteretur.
994 2443 1193 2499 Verum
1246 2442 1548 2513 Epiphanio
1596 2439 1864 2494 Ebionitaa
1915 2455 1969 2492 se

402 2541 660 2595 mendicos
694 2538 1005 2609 praedicant,
1033 2536 1171 2609 quod
1209 2534 1570 2604 apostolorum
1601 2540 1827 2600 tempore
1856 2546 1981 2585 mos.

397 2635 530 2682 esset
563 2627 697 2678 bona
726 2642 823 2678 sua
856 2624 1145 2678 distrahere
1167 2664 1181 2690 ,
1211 2634 1261 2677 et
1291 2622 1358 2677 ad
1391 2622 1606 2675 illorum
1645 2618 1797 2690 pedes
1829 2617 1977 2681 abii-

399 2733 530 2772 cere.

474 2805 593 2872 Quo
626 2813 808 2860 autem
851 2807 971 2861 loco
993 2814 1045 2861 et
1077 2814 1318 2876 tempore
1348 2812 1467 2858 orta
1501 2804 1571 2859 sit
1596 2801 1819 2858 Ehionis
1862 2800 1971 2859 hae-

402 2898 543 2952 resis
572 2897 710 2951 idem
755 2898 1088 2968 Epiphanius
1127 2897 1209 2951 his
1243 2896 1425 2972 verbis
1463 2895 1701 2950 declarat
1730 2894 1776 2925 ⁵⁸
1806 2912 1818 2947 :
1853 2892 1973 2946 Hu-

393 2988 485 3057 jus
521 2988 772 3056 {actionis
802 2989 1077 3042 exordium
1122 2997 1238 3057 post
1286 2986 1784 3056 Hierosolymitana:
1823 2985 1971 3043 urbis

400 3080 661 3134 excidium
702 3082 876 3149 coepit.
911 3080 1025 3147 Quo
1052 3090 1278 3153 tempore
1308 3077 1599 3132 Christiani
1637 3092 1812 3130 omnes
1850 3091 1972 3129 cuni

2066 514 2209 566 sione
2236 510 2466 581 quadam
2513 507 2720 563 virtutis
2740 547 2754 570 ,
2806 505 2967 561 verba
3014 513 3141 559 sunt
3168 500 3455 572 Epiphanii
3484 499 3550 563 ³³,
3582 508 3631 552 et

2065 604 2424 673 conjunctione
2453 618 2570 655 cum
2608 598 2718 653 Deo
2756 599 2958 668 factum
2990 612 3009 650 :
3042 594 3379 666 proindeque
3422 590 3615 661 adopt't

2065 711 2191 751 vum
2220 693 2486 755 duntaxat
2515 706 2638 748 esse
2660 689 2755 745 Dei
2784 688 3003 753 Filium,
3037 701 3096 742 ut
3119 685 3293 741 eidem
3320 682 3514 739 Ehioni
3539 698 3636 738 es-

2065 786 2297 861 prohrat
2321 784 2622 840 Mercator.
2666 780 2978 835 Sectatores
3024 786 3208 832 tamen
3261 774 3486 831 Ehionis
3523 788 3634 828 non

2066 894 2175 932 uno
2202 876 2502 946 eodemque
2530 873 2691 927 modo
2724 871 2869 926 hunc
2892 869 3138 941 magistri
3165 866 3248 923 sui
3278 876 3632 934 errorem;se-

2064 969 2178 1025 cuti
2209 976 2338 1023 sunt
2367 987 2379 1021 :
2412 966 2525 1021 Alii
2556 965 2817 1019 enimvero
2850 962 2913 1016 ab
2944 962 3027 1016 his
3057 960 3236 1015 eodem
3265 957 3472 1013 nomine
3500 972 3634 1009 nun-

2065 1060 2262 1128 cupati,
2294 1058 2469 1127 inquit
2497 1056 2768 1113 Eusebius
2799 1056 2865 1121 “,
2908 1053 3192 1108 absurdam
3220 1065 3399 1104 eorum
3430 1055 3634 1101 senten-

2066 1152 2195 1204 tiam
2226 1151 2535 1217 reiicientes,
2566 1148 2834 1205 Christum
2859 1145 3065 1217 quidem
3094 1160 3159 1198 ea:
3200 1142 3407 1212 Virgine
3433 1148 3482 1193 et
3513 1136 3609 1205 Spi

2066 1244 2173 1296 ritu
2200 1252 2381 1297 sancto
2413 1243 2643 1313 genitum
2672 1257 2784 1295 esse
2825 1255 2929 1293 non
2958 1246 3150 1308 negant
3182 1251 3200 1289 :
3238 1234 3326 1288 sed
3364 1231 3521 1286 iidem
3552 1230 3608 1283 ni

2064 1335 2349 1389 hilominus
2378 1351 2497 1388 cum
2528 1332 2820 1398 Christum,
2853 1341 3029 1401 utpote
3059 1329 3257 1393 Deum,
3298 1325 3544 1389 Verbum,
3574 1338 3634 1375 αι

2065 1428 2377 1496 sapientiam
2406 1426 2611 1491 Patris,
2648 1436 2767 1481 ante
2796 1426 2972 1479 omnia
2992 1422 3283 1478 substitisse
3315 1419 3524 1474 minime
3548 1415 3634 1484 fa-

2068 1527 2300 1582 teantur,
2346 1518 2402 1571 in
2453 1517 2689 1571 eamdem
2724 1533 2841 1570 cum
2884 1514 3149 1584 prioribus
3189 1511 3503 1567 sententiam
3545 1509 3631 1562 de-

2067 1609 2205 1679 lapsi
2230 1618 2373 1663 sunt.
2410 1608 2566 1664 Unde
2590 1608 2753 1663 etiam
2781 1605 3117 1677 Epiphanius
3140 1605 3188 1636 "
3215 1624 3228 1659 :
3253 1602 3363 1657 Alii
3396 1601 3549 1656 aliter
3575 1602 3640 1655 de

2071 1701 2283 1757 Christo
2333 1700 2771 1769 pronuntiant....
2805 1696 3068 1753 Nonnulli
3111 1697 3249 1751 enim
3277 1711 3344 1751 ea:
3386 1696 3460 1749 eis
3489 1693 3639 1747 Ada—

2001 1777 2043 1831 Β
2073 1812 2215 1849 mum
2245 1794 2409 1867 fuisse
2432 1793 2702 1849 Christum
2725 1791 3061 1862 praedicant”
3095 1833 3109 1847 .
3145 1790 3252 1843 Alii
3280 1806 3308 1847 e
3336 1789 3464 1865 caelo
3486 1787 3641 1843 Chri-

2073 1895 2213 1940 stum
2246 1900 2361 1938 esse
2387 1884 2706 1952 conﬁtentur
2728 1922 2744 1947 ,
2777 1879 2867 1936 sed
2905 1889 3028 1934 ante
3060 1880 3239 1934 omnia
3280 1889 3545 1941 creatum,
3578 1894 3643 1933 ac

2073 1978 2319 2047 spiritum
2346 1974 2624 2046 quemdam
2658 1990 2791 2040 esse,
2821 1973 3122 2044 angelisque
3150 1980 3439 2041 praestare,
3486 1980 3642 2039 atque

2072 2068 2303 2121 omnium
2321 2081 2493 2118 rerum
2507 2064 2838 2118 dominatum
2865 2072 3054 2118 tenere.
3086 2061 3324 2127 Quicum
3343 2069 3645 2130 perpetuam

2070 2158 2185 2211 illic
2212 2156 2593 2209 habitationem
2623 2155 2840 2208 sortitus
2870 2155 2960 2218 sit,
2978 2155 3177 2223 quoties
3204 2153 3433 2220 libuerit,
3450 2154 3504 2206 in
3533 2152 3643 2205 ha'e

2069 2248 2255 2317 inﬁma
2285 2245 2568 2313 delabitur,
2590 2243 3030 2317 quemadmodum
3051 2245 3106 2298 in
3126 2244 3331 2298 Adamo
3355 2243 3647 2310 descendit,L

2069 2348 2119 2393 et
2167 2336 2486 2407 patriarchis
2525 2351 2739 2405 corpore
2787 2334 3143 2403 circumfusus
3199 2334 3643 2402 apparuit,oelut

2069 2448 2186 2485 cum
2230 2431 2299 2485 ad
2351 2429 2749 2494 Abrahamum,
2807 2426 3057 2482 Isaacum
3097 2436 3147 2482 et
3185 2425 3444 2480 Iacobum
3482 2424 3647 2479 adiit.

2072 2522 2220 2578 I‘dem
2254 2522 2472 2592 denique
2504 2521 2777 2591 postremis
2801 2518 3117 2589 temporibus
3140 2518 3296 2583 venit,
3318 2517 3512 2571 Adami
3532 2532 3647 2571 σοι’-η

2068 2631 2193 2684 pore
2225 2624 2511 2679 contectus,
2548 2622 2598 2667 et
2627 2612 2781 2667 homo
2821 2613 2963 2666 visus
3001 2619 3103 2677 est,
3131 2619 3179 2663 et
3202 2610 3257 2663 in
3286 2624 3491 2663 crucem
3518 2606 3644 2661 sub-

2071 2708 2213 2765 latus
2246 2707 2499 2772 surrexit,
2524 2714 2573 2759 et
2602 2704 2836 2759 ascendit
2865 2705 2919 2757 in
2950 2703 3158 2757 caelum.
3201 2699 3406 2755 Rursus
3446 2698 3535 2753 ubi
3577 2700 3643 2753 li-

2072 2796 2265 2862 buerit,
2295 2798 2372 2851 ita
2399 2813 2456 2857 se
2482 2813 2591 2851 rem
2615 2794 2801 2849 habere
2822 2801 3032 2864 negant,
3066 2793 3120 2846 in
3142 2807 3358 2862 eumque
3383 2790 3643 2845 duntaxat

2071 2905 2183 2942 sese
2210 2898 2453 2942 sanctum
2500 2884 2757 2955 infudisse
2789 2883 3048 2954 Spiritum
3068 2922 3081 2947 ,
3112 2882 3204 2952 qui
3238 2891 3317 2936 est
3364 2879 3605 2935 Christus
3625 2920 3642 2944 ,

2071 2995 2288 3049 eumque
2315 2980 2402 3049 qui
2429 2975 2585 3031 Jesus
2619 2986 2833 3029 vocatus
2856 2982 2955 3038 est,
2993 2971 3247 3033 induisse.
3279 2970 3344 3024 Et
3382 2971 3526 3028 inlra
3546 2970 3593 3002 "
3627 2990 3640 3024 :

2073 3070 2219 3124 Duos
2248 3087 2282 3123 a
2316 3069 2423 3124 Deo
2452 3052 2762 3130 constitutos
2795 3084 2905 3122 esse
2956 3074 3247 3129 asserunt,
3280 3063 3550 3120 Christum
3592 3072 3643 3117 et

404 3175 458 3226 in
486 3171 671 3225 Pera'a
700 3140 963 3241 degerent:
1004 3140 1243 3240 atquein
1268 3170 1393 3222 urbe
1420 3168 1573 3223 Pella
1601 3168 1934 3236 potissimum
1954 3207 1969 3231 ,
1999 3140 2041 3199 θ
2073 3161 2365 3226 diabolum,
2396 3176 2617 3231 quorum
2646 3159 2730 3213 illi
2769 3159 2971 3229 futuri,
3005 3157 3124 3211 huic
3161 3157 3435 3237 prwsentis
3461 3156 3644 3217 δαίσαιὶ

402 3280 519 3333 quia
543 3263 594 3315 in
620 3262 999 3330 Decapolitana
1017 3262 1284 3330 provincia
1311 3270 1456 3317 est...
1482 3275 1638 3329 prope
1660 3258 1973 3315 Batanteam

404 3372 467 3408 ac
490 3353 893 3417 Basanitidem;
933 3371 1048 3407 cum
1082 3353 1215 3418 illic,
1248 3353 1484 3429 inquam,
1516 3352 1842 3406 domicilium
1864 3352 1975 3406 col-

405 3449 667 3507 locassent
694 3485 709 3510 ,
742 3445 862 3499 hinc
895 3444 1086 3501 Ebioni
1124 3444 1255 3500 data
1291 3454 1368 3498 est
1414 3442 1741 3514 propagandi
1775 3444 1972 3498 erroris

406 3535 635 3590 occasio.
681 3534 785 3599 Qui
840 3535 894 3588 in
923 3551 1055 3604 pago
1103 3534 1332 3604 quodam
1383 3535 1609 3598 Cocabe,
1661 3535 1718 3587 in
1768 3533 1974 3604 regione

405 3623 810 3678 Carnaimorum
840 3665 855 3689 ,
886 3625 1120 3689 Arnemi,
1171 3634 1221 3679 et
1249 3624 1679 3689 Astarotharum,
1710 3633 1760 3679 et
1800 3624 1973 3678 Basa-

404 3715 586 3771 nitidis
618 3724 790 3769 tractu
805 3715 1043 3769 habitare
1072 3718 1244 3784 coepit,
1269 3715 1714 3786 quemadmodum
1736 3723 1878 3769 vetus
1904 3715 1973 3767 ad

403 3824 497 3863 nos
533 3824 694 3877 usque
723 3806 870 3875 lania
908 3807 1142 3876 pertulit.
1176 3805 1370 3861 Postea
1400 3822 1534 3861 vero
1571 3807 1756 3876 adjicit
1783 3807 1825 3838 "
1856 3826 1869 3861 :
1907 3805 1973 3859 In

402 3900 537 3953 Asia
559 3916 620 3952 ac
651 3898 830 3953 Romae
850 3916 1078 3952 errorem
1107 3915 1261 3952 suum
1291 3899 1676 3956 disseminavit,
1700 3898 1836 3954 Cum
1871 3899 1971 3959 ita-

404 4008 510 4062 que
534 3993 667 4047 urbs
696 3978 1188 4062 Hierosolymitana
1205 3991 1361 4061 juxta
1391 3992 1708 4062 peritiorum
1738 3991 1975 4047 chrono-

406 4081 602 4154 logiam
633 4096 777 4136 anno
805 4080 1009 4136 Christi
1046 4081 1112 4135 70
1147 4091 1305 4153 capta
1336 4080 1500 4135 fuerit
1534 4095 1598 4135 ac
1634 4081 1846 4145 diruta,
1878 4098 1974 4151 per

406 4173 460 4228 id
500 4173 668 4229 ferme
697 4180 910 4244 tempus
936 4172 1108 4228 Ebion
1128 4176 1181 4227 in
1208 4159 1365 4236 lacis,
1391 4173 1460 4227 ab
1490 4172 1795 4243 Epiphanio
1820 4190 1975 4227 com-.

406 4267 741 4330 memoratis,
767 4280 984 4321 errores
1029 4280 1162 4321 suos
1214 4264 1575 4321 dissemiuare
1623 4265 1810 4334 etrapit.
1864 4263 1974 4320 Nec

406 4360 563 4428 longe
621 4360 776 4414 abest
832 4359 900 4412 ab
948 4358 1051 4411 hac
1112 4356 1383 4412 sententia
1436 4354 1835 4428 Hieronymus,
1880 4360 1973 4428 qui

402 4446 687 4510 Joannem,
722 4456 1085 4516 consurgente
1116 4446 1342 4502 Ehionis
1373 4445 1588 4510 haeresi,
1621 4445 1971 4518 Evangelium

406 4554 564 4593 suum
590 4540 877 4609 scripsisse
906 4539 1134 4593 alIirmat
1150 4540 1195 4570 "
1220 4559 1232 4593 :
1261 4539 1485 4607 Scripsit
1508 4537 1850 4608 Evangelium
1875 4539 1972 4594 ad-

405 4648 582 4685 versus
619 4630 1041 4687 Cerinthum.....
1072 4641 1120 4685 et
1160 4633 1389 4686 maxime
1430 4649 1566 4685 nunc
1602 4616 1971 4687 Ebionitarum

402 4724 594 4794 dogma
624 4739 955 4793 consurgens.

473 4814 704 4870 Errores
731 4830 857 4869 vero
889 4812 1112 4869 Ehionis
1150 4814 1312 4869 iidem
1356 4814 1743 4881 propemodum
1771 4826 1926 4877 erant
1954 4856 1969 4880 ,

400 4920 471 4965 ac
498 4907 776 4974 Cerinthi;
811 4907 883 4959 ita
917 4915 975 4959 ut
1002 4905 1092 4959 ille
1131 4920 1161 4957 a
1205 4888 1567 4976 quibusdam,
1592 4906 1737 4975 quod
1790 4915 1971 4962 tamen

404 5000 775 5057 indubitatum
806 4999 1031 5054 omnino
1060 5014 1168 5052 non
1200 5005 1304 5065 est,
1342 4997 1589 5066 ejusdem
1615 4984 1859 5055 Cerinthi
1882 5002 1968 5055 di-

404 5093 650 5163 scipulus
676 5092 844 5148 fuisse
874 5098 1171 5146 asseratur.
1213 5090 1447 5146 Docebat
1479 5100 1669 5153 autem,
1689 5091 1969 5154 Christum

407 5200 616 5240 merum
646 5200 771 5240 esse
802 5182 1097 5249 hominem,
1126 5196 1191 5236 ex
1222 5181 1391 5244 Maria
1423 5190 1477 5237 et
1503 5181 1702 5252 Joseph
1728 5184 1967 5241 humano

478 5386 525 5416 “
568 5385 786 5455 Origen.
855 5387 945 5441 lib.
1018 5402 1051 5439 ιι
1110 5394 1250 5441 cont.
1313 5383 1451 5440 Cels.
1500 5394 1551 5439 et
1611 5387 1704 5441 lib.
1762 5402 1814 5440 ιν
1875 5388 2193 5453 Periarch.,'
2266 5387 2466 5442 Euseb.
2528 5384 2619 5438 lih.
2684 5397 2741 5436 ιιι
2801 5383 2939 5443 Hist.
3002 5395 3075 5446 ca]

478 5470 600 5504 ares-
646 5455 1061 5504 501Themlnr.
1149 5455 1299 5504 Harr-
1365 5454 1558 5504 Fabnl-
1632 5473 1752 5504 mn.
1810 5473 1868 5504 ιι-
1978 5460 2022 5491 ⁸ο
2086 5461 2304 5504 Morem.
2365 5456 2639 5504 Arzallmm.
2709 5450 2949 5504 Nestor..
3010 5449 3075 5503 12

1149 5455 1299 5509 (latr.
1364 5454 1558 5510 Fabul.
1632 5473 1753 5525 cap.
1810 5473 1868 5510 ιι.
1978 5460 2022 5491 θ’
2086 5461 2306 5514 Mercat.
2360 5456 2639 5511 Analhem.
2709 5452 2949 5512 Nestor.,
3010 5452 3095 5503 12.
3203 5452 3249 5478 ⁵ο
3302 5452 3509 5501 Ηανηίδ.
3549 5452 3634 5513 50,

1126 5525 1171 5556 ³²
1202 5526 1279 5580 De
1339 5525 1517 5593 8’r'l’l'l’l-
1582 5527 1797 5587 εεείεδοι
1832 5528 1885 5581 in
1935 5525 2121 5587 10071.;
2155 5529 2363 5583 Tcrtul.
2412 5526 2527 5580 Lib.
2583 5524 2646 5577 de
2688 5539 2847 5575 carne
2879 5521 3101 5593 Christi,
3138 5534 3259 5593 cap.
3292 5518 3376 5571 18.
3417 5518 3635 5593 qrigeu.

405 5456 600 5512 haeres.
646 5457 745 5515 50',
792 5455 1061 5511 Theodor.

411 5525 523 5595 gl.
620 5527 663 5557 δι
699 5525 830 5581 Ibid.
877 5526 904 5595 §
946 5528 1031 5580 ιδ.

408 5594 593 5651 homil.
640 5598 705 5650 l7
764 5600 817 5648 in
870 5594 1027 5656 Luc.;
1060 5594 1371 5665 llieronym.
1433 5597 1509 5648 De
1556 5598 1736 5664 script.
1790 5599 1972 5652 eccles.

408 5682 509 5697 nun
559 5667 628 5697 0'7
727 5666 768 5697 η
797 5666 902 5697 Iun
952 5667 1021 5697 nia
1146 5666 1190 5696 ευ
1222 5665 1397 5697 ΙΙ-ιιι-μο
1456 5666 1523 5697 ΧΠ
1592 5665 1617 5697 κ
1653 5666 1684 5697 ε’.
1807 5668 1853 5697 ιιθ
1890 5669 1964 5697 ΙΙιέ

406 5667 672 5792 giliis
722 5666 1089 5791 ιῖυιῖἶθιιῗῖιίὶςι
1146 5665 1555 5805 Elimiam":
1592 5665 1618 5734 ᾗ
1653 5666 1705 5767 ἔθ’
1745 5668 1853 5793 [ιιῘὲ
1890 5669 1994 5792 'lli"

1149 5455 1299 5509 Harr.
1364 5454 1558 5510 Fabul.
1632 5473 1753 5525 cap.
1810 5473 1868 5510 ιι.

2072 3261 2303 3321 potestas
2333 3260 2411 3305 est
2459 3252 2741 3307 commissa
2776 3266 2795 3304 :
2825 3249 2978 3321 idque
3007 3248 3145 3303 adeo
3184 3247 3553 3317 omnipotentis
3573 3246 3655 3300 il—.

2077 3344 2181 3398 lius
2216 3343 2469 3399 mandato
2515 3341 2588 3403 ad
2634 3343 2886 3414 cujusque
2933 3342 3341 3423 postulationem
3392 3356 3506 3395 esse
3543 3338 3656 3408 far.

2075 3445 2237 3501 ctum,
2264 3443 2370 3490 etc.

2145 3529 2189 3561 ⁸⁷
2217 3527 2368 3583 lianc
2397 3542 2557 3598 porro
2578 3527 2893 3603 opinionum
2920 3527 3262 3593 divisionem
3296 3533 3352 3581 et
3390 3523 3646 3581 dill‘eren-r

2076 3622 2204 3677 tiam
2235 3620 2416 3675 Elxazo
2437 3619 2932 3691 pseudoprophetis
2954 3618 3297 3674 tribuendam
3314 3633 3437 3672 esse
3463 3616 3662 3686 suspi-.

2074 3722 2252 3767 catur.
2298 3710 2531 3777 Quidam
2576 3727 2703 3766 vero
2731 3710 2877 3765 hunc
2908 3710 3178 3773 Elxaeum,
3213 3724 3310 3764 seu
3341 3707 3522 3763 Elceai
3552 3722 3645 3777 pe-

2075 3804 2301 3859 culiaris
2344 3801 2631 3872 cujusdam
2660 3801 2922 3867 haeresis,
2967 3817 3089 3873 qua:
3137 3801 3206 3863 ab
3254 3799 3400 3863 illius
3424 3798 3661 3852 nomine.

2076 3894 2506 3951 Helcesaitarum
2540 3893 2683 3948 dicta
2712 3901 2798 3948 est
2822 3932 2837 3955 ,
2870 3891 3093 3945 tradunt
3142 3889 3312 3944 fuisse
3341 3896 3655 3955 auctorem.

2075 3988 2224 4044 lllius
2256 4003 2419 4059 porro
2458 4001 2674 4042 errores
2703 3985 2771 4039 ab
2799 3984 3035 4039 Eusebio
3064 3982 3111 4014 ⁸⁸
3142 3990 3197 4038 et
3226 3980 3571 4037 Theodoreto
3597 3978 3655 4023 ".

2076 4087 2371 4146 notantur;
2409 4076 2506 4133 sed
2533 4091 2653 4132 eam
2682 4076 2843 4132 simul
2878 4081 3085 4140 natam,
3113 4073 3277 4128 simul
3312 4073 3655 4138 exstinctam

2076 4172 2220 4228 idem
2270 4169 2538 4226 Eusebius
2567 4168 2623 4221 in
2654 4167 3035 4222 ecclesiastica
3065 4180 3163 4221 sua
3205 4163 3445 4220 Historia
3475 4171 3643 4219 testa-

2077 4274 2164 4319 tus
2195 4269 2298 4318 est.
2329 4260 2569 4320 Citatum
2612 4274 2643 4313 a
2672 4259 2833 4315 nobis
2877 4259 3025 4313 illius
3057 4259 3234 4313 locum
3280 4258 3326 4311 si
3368 4255 3519 4310 adire
3549 4266 3645 4307 vo-

2077 4356 2269 4421 lueris,
2301 4355 2419 4424 lege
2446 4354 2616 4409 etiam
2646 4352 2704 4406 in
2734 4366 2859 4408 eum
2893 4349 3094 4407 Valesii
3122 4358 3281 4405 notas
3310 4354 3365 4404 et
3394 4346 3643 4401 animado

2079 4461 2380 4503 VCI‘SIOIICS.

2004 4483 2059 4546 θ’
2150 4537 2415 4605 Ebionilae
2455 4543 2635 4591 autem
2669 4543 2932 4605 praeterea
2981 4533 3250 4597 docebant
3295 4548 3486 4588 omnes
3528 4531 3644 4601 lege

2081 4632 2317 4686 Mosaica
2353 4627 2557 4707 teneri,
2586 4629 3014 4707 servandamque
3053 4624 3274 4681 Sahbati
3319 4623 3641 4679 celebratio-

2081 4741 2224 4791 nem,
2257 4719 2513 4794 quamvis
2543 4702 2882 4778 Dominicam
2921 4702 3137 4789 quoque
3176 4716 3317 4772 diem
3356 4717 3411 4770 in
3442 4714 3643 4770 Resur-

2081 4817 2339 4882 rectionis
2377 4816 2581 4874 Christi
2614 4814 2927 4881 memoriam
2969 4812 3183 4881 ipsimet
3210 4809 3637 4875 observaverint.

2082 4906 2425 4976 Quapropter
2448 4905 2482 4958 ii
2512 4905 2668 4974 juxta
2702 4901 2962 4956 Irenaeum
3002 4898 3045 4929 ⁸ο
3072 4916 3085 4950 :
3118 4895 3347 4965 Paulum
3377 4903 3639 4956 recusant,

2074 4981 2371 5066 apostatam
2402 5011 2518 5049 eum
2549 4994 2674 5064 legis
2700 4992 3043 5046 dicentes.....
3074 4987 3186 5042 solo
3217 4996 3392 5040 autem
3418 5002 3475 5039 eo
3504 4990 3641 5054 quod

2071 5102 2148 5147 est
2182 5088 2465 5145 secundum
2492 5085 2803 5140 Matthrcum
2827 5081 3107 5152 Evangelia
3130 5088 3367 5133 utuntur.
3394 5077 3491 5134 His
3522 5092 3646 5149 qua;

2074 5185 2142 5240 de
2168 5181 2464 5253 Evangelio
2496 5178 2737 5249 Matthxi
2768 5177 3031 5243 dicuntur
3057 5212 3073 5237 ,
3104 5171 3347 5243 concinit
3392 5168 3644 5237 Theodo-

2266 5387 2466 5442 Euseh.
2528 5384 2619 5438 lih.
2684 5397 2741 5436 ιιι
2801 5383 2939 5443 llist.
3002 5395 3122 5447 Cap.
3188 5377 3277 5441 57;
3333 5375 3637 5447 Epiphan..

3203 5448 3249 5478 "
3302 5446 3350 5499 Il
3359 5445 3509 5501 ceres.
3549 5446 3634 5513 50,

2073 5585 2119 5632 ⁸⁵
2170 5598 2369 5653 “teres.
2436 5598 2525 5657 50,
2584 5594 2611 5657 §
2666 5593 2754 5652 18,
2802 5599 2857 5647 et
2905 5592 3103 5647 Euseb.
3162 5585 3254 5642 lih.
3306 5604 3363 5640 ιιι
3432 5585 3635 5657 Ilislor.

1807 5668 1853 5698 “
1890 5669 2024 5741 “id.
2060 5669 2085 5741 ς
2120 5671 2197 5726 l6.
2277 5670 2319 5701 ιτ
2346 5668 2479 5723 una.
2513 5654 2546 5737 ξ
2580 5654 2632 5719 3.
2701 5664 2747 5696 ιε
2780 5662 2978 5721 Euseb.
3017 5662 3109 5718 lib.
3141 5677 3189 5713 γι
3232 5658 3369 5712 una.
3397 5672 3513 5724 cap.
3546 5654 3632 5705 so.
