4076 6280
425 343 489 399 2t
1323 342 1511 399 PRlMl
1554 342 1909 400 ECCLESHS
1953 344 2228 402 SrECULl
2270 345 2789 406 SCRIPTORIBUS.

3616 356 3687 409 2:".

426 466 621 525 rctus;
663 458 813 515 addit
862 467 1044 517 tamen
1099 460 1437 533 Epiphanius
1461 464 1504 494 “
1544 484 1557 518 :
1592 463 1907 534 Quanquam
1951 479 2014 517 ne
2043 468 2088 522 Α
2118 467 2371 535 mysteria
2421 467 2667 537 quwdam
2710 469 2996 538 quotannis
3054 468 3347 534 celebrant,
3391 471 3444 523 in
3496 472 3684 542 quibus

427 549 691 619 integrum
720 552 927 619 quidem
975 551 1165 607 habent
1192 595 1207 619 ,
1250 554 1340 609 sed
1365 555 1719 609 adulteratum
1752 565 1800 608 et
1844 555 2006 607 muti-

430 640 544 693 lum
568 657 588 703 ;
627 650 779 710 atque
817 642 885 697 iis
912 645 1175 707 omnibus,
1205 663 1321 716 qua:
1344 646 1411 700 ad
1433 646 1784 717 genealogiam
1809 645 2009 700 Christi

431 742 689 801 spectant,
722 734 847 789 inde
879 736 1086 791 abrasis
1113 778 1128 802 ,
1162 739 1393 810 idipsum
1436 740 1757 795 Hebraicum
1798 747 2001 793 vocant.

426 824 567 891 Quid
603 842 753 899 ergo,
806 829 1022 900 inquies
1047 870 1063 897 ,
1101 830 1388 887 Mercatori
1447 833 1710 890 faciemus
1738 874 1753 899 ,
1798 834 1891 905 qui
1937 835 2006 889 de

426 918 635 976 Ebioue
659 922 774 976 haec
808 923 1005 978 scribit
1058 943 1072 980 :
1116 924 1383 979 Christum
1413 928 1467 980 in
1510 927 1606 982 Dei
1635 928 1807 997 ﬁlium
1836 928 2001 996 adop-

426 1019 595 1063 tatum
628 1028 792 1067 ausus
821 1024 900 1068 est
953 1014 1247 1082 prcedicare
1274 1057 1289 1081 ,
1327 1020 1563 1073 assaens
1613 1036 1667 1074 se
1724 1018 1999 1088 Matt/imi,

425 1104 602 1160 Marci
616 1118 664 1163 et
684 1108 833 1163 Lucae
882 1111 1322 1181 evangelistarum
1343 1116 1710 1169 auctoritatem
1735 1116 2001 1169 secutum?

423 1199 657 1253 Aiebant
680 1201 927 1255 nonnulli
952 1201 1310 1259 Mercatorem
1341 1206 1408 1260 de
1428 1204 1634 1261 Ebione
1655 1247 1669 1269 ,
1702 1206 1837 1261 alios
1871 1222 1999 1261 vero

424 1284 619 1342 Patres
659 1286 725 1343 de
753 1288 873 1357 ejus
919 1291 1067 1361 loqui
1114 1293 1421 1364 discipulis.
1474 1295 1545 1349 At
1587 1295 1641 1350 id
1680 1296 1825 1366 quod
1869 1311 1999 1351 vero

421 1374 641 1431 videtur
675 1378 947 1445 similius,
980 1381 1018 1434 ii
1053 1382 1395 1452 subjungunt
1418 1424 1432 1449 ,
1466 1391 1579 1440 tres
1609 1385 1733 1441 illos
1765 1401 2001 1457 evange-

423 1465 579 1521 listas
603 1468 671 1522 ab
701 1468 929 1536 Ebione,
971 1480 1030 1527 ut
1056 1473 1132 1527 ait
1161 1473 1452 1540 Mercator,
1478 1478 1675 1533 citatos
1700 1521 1715 1545 ,
1742 1493 1852 1532 non
1874 1480 1997 1535 ideo

421 1553 643 1623 quidem
660 1556 806 1626 quod
825 1558 1160 1616 admittenda
1185 1570 1399 1632 putaret
1425 1564 1641 1618 illorum
1663 1564 1953 1637 Evangelia
1975 1608 1990 1632 ,

422 1645 518 1699 sed
550 1655 604 1699 ut
634 1661 821 1702 eorum
855 1651 1237 1707 auctoritatem
1270 1662 1465 1708 contra
1512 1652 1825 1711 Catholicos
1856 1696 1870 1721 ,
1899 1656 1995 1726 qui

420 1751 541 1790 eam
574 1736 813 1794 divinam
833 1756 959 1797 esse
980 1743 1301 1807 credebant,
1326 1754 1732 1816 argumento,ut
1758 1747 1994 1818 loquun-

420 1836 533 1892 tur,
561 1828 627 1882 ad
665 1829 943 1888 hominem
972 1844 1213 1905 urgeret.
1245 1836 1512 1892 Caeterum
1568 1839 1613 1893 si
1656 1840 1786 1909 quid
1844 1841 1989 1895 aliud

420 1919 657 1973 senserit
677 1918 963 1988 Mercator,
985 1935 1132 1981 certe
1146 1928 1330 1997 opinio
1350 1929 1497 1984 illius
1518 1930 1748 1985 aliorum
1769 1929 1990 1986 Patrum

416 2013 700 2067 sententiae
728 2014 1066 2084 praeferenda
1097 2035 1204 2073 non
1235 2028 1337 2075 est.

490 2100 536 2131 "
560 2101 937 2161 Praedicabant
984 2107 1209 2180 insuper
1260 2110 1524 2169 Ebionita:
1549 2114 1815 2170 Christum
1854 2117 1990 2170 veri-

416 2195 543 2247 tatis
574 2211 685 2249 esse
714 2198 1087 2266 prophetam...
1115 2202 1406 2273 Prophetas
1428 2222 1568 2271 vero,
1598 2224 1702 2261 non
1730 2208 1987 2273 veritatis,

414 2285 507 2337 sed
552 2287 912 2359 intelligentia:
953 2310 1064 2348 esse
1114 2296 1393 2366 prophetas
1418 2340 1434 2364 ,
1460 2299 1775 2371 proindeque
1803 2300 1987 2356 Iesum

412 2376 588 2429 solum
618 2395 729 2434 esse
764 2382 1089 2451 prophetam.
1137 2386 1203 2441 Et
1230 2390 1392 2459 paulo
1421 2392 1674 2461 superius
1700 2412 1713 2446 :
1745 2392 1989 2446 Abraha-

411 2482 578 2534 mum,
600 2478 650 2522 et
676 2469 925 2528 Isaacum
953 2515 967 2539 ,
1000 2493 1063 2530 ac
1088 2476 1345 2534 Iacobum
1373 2522 1387 2544 ,
1435 2492 1485 2537 et
1546 2484 1800 2552 Mog/sem,
1833 2495 1988 2555 atque

408 2556 678 2611 Aaronem
708 2562 1016 2631 admittunt,
1048 2584 1155 2622 una
1183 2586 1300 2623 cum
1330 2570 1479 2637 Iesu,
1510 2576 1600 2644 qui
1622 2573 1823 2644 Moysis
1850 2575 1987 2629 dun-

410 2658 567 2702 taxat
590 2668 880 2721 successor,
906 2674 1066 2729 neque
1096 2661 1383 2730 quidquam
1419 2667 1645 2734 amplius
1689 2666 1868 2734 fuerit.
1892 2666 1988 2721 Se-

406 2741 643 2797 cundum
665 2744 759 2800 hos
783 2748 988 2803 nullum
1014 2751 1178 2806 alium
1194 2770 1274 2808 cex
1297 2755 1558 2825 prophetis
1590 2759 1876 2823 asciscant,
1896 2759 1991 2813 sed

405 2845 529 2883 cum
545 2838 905 2891 exsecratione
919 2841 1253 2908 proscribunt
1277 2860 1339 2897 ac
1365 2844 1622 2911 derident,
1647 2856 1797 2916 puta,
1822 2848 1987 2902 Davi-

406 2919 551 2986 dem,
581 2933 631 2977 et
670 2924 1030 2995 Salomonem,
1063 2942 1216 3003 atque
1250 2933 1455 2990 Isaiam
1482 2977 1495 3001 ,
1526 2936 1813 2992 Ieremiam
1833 2980 1846 3004 ,
1873 2938 1984 2993 Da-

407 3014 618 3078 nielem,
652 3016 995 3085 Ezechielem,
1025 3024 1335 3093 quibuscum
1359 3026 1536 3082 Etiam
1566 3039 1720 3101 atque
1751 3031 1984 3086 Eliseum

406 3107 707 3174 repudium.
741 3108 799 3165 Si
844 3114 968 3183 quis
998 3122 1177 3170 autem
1230 3118 1660 3190 interrogasset:
1701 3120 1846 3177 Unde
1882 3124 1982 3194 igi-

409 3209 499 3250 tur
519 3207 660 3253 tenes
686 3218 805 3270 qua:
827 3203 896 3256 ad
925 3203 1158 3276 Moysem
1206 3209 1666 3283 Abrahamumque
1689 3216 1984 3284 pertinent!

408 3291 816 3361 respondebant
855 3295 1001 3351 illico
1026 3298 1082 3351 id
1111 3299 1213 3353 sibi
1235 3318 1268 3354 a
1292 3301 1503 3357 Christo
1530 3306 1871 3376 patefactum.

480 3385 633 3442 Alios
665 3403 854 3443 eorum
899 3407 1116 3450 errores
1164 3398 1539 3453 enumerando
1572 3400 1716 3456 idem
1745 3400 1982 3473 Epipha-

409 3477 538 3533 nius
566 3478 611 3509 ⁸³
640 3478 852 3539 dixerat
883 3501 896 3536 :
932 3482 1030 3538 Est
1077 3485 1173 3539 hoc
1207 3487 1317 3541 illis
1349 3489 1562 3559 insuper
1593 3492 1645 3545 in
1667 3510 1810 3547 more
1848 3496 1985 3563 posi-

411 3577 548 3631 tum,
602 3579 660 3621 ut
711 3573 1128 3631 adolescentulbs
1179 3579 1316 3632 citra
1361 3590 1627 3635 maturam
1675 3594 1882 3639 (etatem
1914 3586 1982 3639 ad

408 3661 623 3727 nuptias
651 3664 1032 3731 compellant...
1063 3685 1223 3737 neque
1247 3686 1365 3724 vero
1400 3673 1516 3725 unis
1547 3673 1810 3729 duntaxat
1852 3692 1983 3745 nup-

408 3751 498 3804 tiis
526 3752 817 3821 afﬁnitates
847 3757 983 3810 inter
1010 3775 1064 3811 se
1109 3760 1428 3832 conjungunt
1447 3805 1461 3826 ,
1497 3764 1588 3819 sed
1622 3767 1669 3819 si
1692 3768 1777 3819 cui
1807 3768 1982 3823 divor-

408 3841 541 3893 tium
575 3843 747 3910 facere
776 3844 1019 3913 libuerit,
1061 3867 1122 3903 ac
1163 3867 1348 3905 novum
1380 3854 1511 3907 inire
1560 3859 1978 3923 matrimonium,

407 3932 480 3984 ad
514 3934 699 3988 tertias
731 3946 781 3989 et
812 3939 1062 4007 septimas
1093 3957 1254 4012 usque
1278 3947 1486 4012 nuptias
1518 3950 1844 4013 permittunt.
1878 3950 1983 4007 Su-

406 4025 599 4095 perius
626 4042 757 4081 vero
784 4028 829 4060 “
858 4050 870 4084 :
922 4030 1092 4087 Hodie
1116 4074 1130 4098 ,
1166 4024 1443 4105 inquiebai
1464 4079 1477 4104 ,
1520 4042 1793 4111 virginitas
1843 4046 1981 4114 apud

408 4114 530 4169 illos
566 4125 615 4169 et
657 4119 877 4172 castitas
930 4124 1139 4177 omnino
1176 4126 1545 4192 prohibetur...
1574 4130 1719 4185 Nam
1762 4134 1888 4188 olim
1920 4136 1982 4190 de

407 4205 706 4275 virginitate
738 4208 960 4278 gloriari
991 4212 1268 4279 solebant,
1318 4218 1573 4273 nimirum
1618 4221 1680 4275 ob
1721 4221 1981 4279 Iacobum

407 4300 633 4367 fratrem
661 4301 896 4370 Domini,
922 4305 1151 4378 adeoque
1196 4310 1356 4366 libros
1404 4330 1527 4369 suos
1559 4315 1628 4370 ad
1670 4319 1901 4374 seniores
1931 4330 1979 4374 et

406 4391 634 4461 virgines
663 4394 970 4451 inscribunt.

2108 569 2268 621 panes
2308 574 2545 627 azymos,
2577 566 2625 611 et
2650 557 2718 611 ad
2748 558 2970 612 alteram
2999 559 3238 629 mysterii
3263 569 3464 626 partem
3485 579 3683 615 meram

2108 662 2300 715 aquam
2330 647 2593 702 adhibent.

2178 733 2321 790 Idem
2354 737 2532 791 adhuc
2568 737 2903 808 Epiphanius
2927 739 2973 770 ⁸⁸
2999 748 3264 793 memorat
3309 740 3527 795 eosdem
3574 743 3685 797 ha!-

2105 829 2325 891 reticos,
2357 836 2416 883 ut
2446 844 2701 902 magnum
2732 831 3009 885 erroribus
3038 830 3155 885 suis
3184 832 3524 887 auctoritatis
3546 848 3681 902 pon-

2103 918 2206 974 dus
2234 921 2552 987 tribuerent,
2585 936 2741 977 sacra
2769 923 3149 991 apostolorum
3180 923 3401 977 nomina
3451 924 3680 993 quibus«

2103 1014 2226 1068 dam
2254 1013 2431 1077 libris,
2457 1028 2486 1067 a
2530 1028 2589 1070 se
2633 1014 2903 1078 conﬁctis,
2951 1012 3246 1084 praeﬁxisse
3272 1033 3283 1067 :
3312 1014 3680 1083 Apostolorum

2103 1103 2236 1156 alios
2265 1103 2427 1157 Actus
2457 1104 2851 1173 circumferunt,
2879 1106 2933 1157 in
2962 1104 3147 1175 quibus
3175 1104 3406 1173 plurima
3435 1116 3554 1159 sunt
3579 1105 3697 1158 im-r

2099 1195 2306 1262 pietatis
2348 1194 2562 1248 illorum
2586 1197 2823 1266 vestigia,
2850 1197 3062 1266 ejusque
3087 1197 3415 1264 potissimum
3445 1201 3678 1252 auctori-

2101 1295 2208 1340 tate
2244 1286 2366 1340 libri
2394 1287 2462 1341 ad
2487 1287 2894 1358 oppugnandam
2935 1290 3205 1343 veritatem
3255 1299 3549 1345 armantur.
3611 1290 3677 1344 Et

2098 1377 2240 1433 infra
2259 1378 2303 1410 ⁶⁹
2330 1399 2341 1432 :
2365 1380 2731 1447 Apostolorum
2763 1382 3002 1445 nomina,
3022 1397 3122 1449 quo
3152 1381 3367 1450 facilius
3392 1392 3675 1436 sectatores

2097 1486 2219 1523 suos
2244 1470 2534 1539 pelliciant,
2578 1487 2669 1539 per
2694 1472 3083 1525 simulationem
3126 1472 3438 1533 admittunt,
3487 1470 3674 1540 quibus

2094 1563 2253 1616 etiam
2283 1564 2533 1631 conﬁctos
2562 1562 2813 1633 quosdam
2841 1580 2873 1617 a
2901 1580 2956 1617 se
2998 1562 3157 1617 libros
3201 1563 3510 1628 inscribunt,
3539 1562 3674 1615 velut

2096 1671 2129 1708 a
2152 1652 2379 1716 Iacobo,
2400 1651 2457 1706 Μ
2462 1652 2678 1716 atthazo,
2714 1670 2776 1706 ac
2805 1654 3019 1723 reliquis
3048 1653 3321 1721 discipulis
3353 1653 3542 1717 editos,
3584 1654 3671 1707 in-

2096 1753 2173 1796 ter
2191 1759 2307 1814 quae
2329 1741 2554 1796 Ioannis
2576 1742 2735 1796 etiam
2754 1742 2978 1810 apostoli
3007 1760 3191 1797 nomen
3214 1742 3521 1796 admiscent.
3539 1741 3673 1798 'I‘es-

2024 1811 2066 1865 B
2093 1811 2264 1889 tatu—m
2287 1833 2523 1904 denique
2558 1831 2912 1895 facit,librum
2937 1835 3028 1904 qui
3059 1831 3325 1888 Circuitus
3355 1830 3529 1900 Petri,
3557 1842 3612 1888 et
3638 1849 3671 1888 ι

2090 1927 2367 1983 Clemente
2390 1927 2739 1996 conscriptus
2769 1942 2896 1983 esse
2930 1926 3227 1990 ferebatur,
3262 1926 3452 1981 iisdem
3501 1927 3674 1982 haere-

2090 2020 2214 2076 ticis
2244 2019 2368 2075 usui
2408 2020 2598 2076 fuisse.

2158 2111 2275 2179 Qua
2306 2127 2439 2167 cura
2471 2111 2812 2182 Epiphanius
2840 2125 3058 2166 errores
3087 2109 3463 2166 Ebionitarum
3488 2125 3694 2166 receno-

2089 2219 2190 2269 set,
2223 2204 2410 2259 eadem
2440 2204 2599 2273 plane
2629 2202 2910 2273 diligentia
2940 2217 3056 2266 eos,
3086 2218 3114 2256 a
3144 2204 3345 2273 quibus
3386 2202 3573 2273 rejecti
3617 2212 3677 2260 et

2087 2297 2353 2353 destructi
2400 2306 2547 2360 sunt,
2585 2295 2890 2350 luculenter
2945 2294 3228 2349 ostendit:
3257 2294 3446 2358 Porro,
3491 2295 3669 2365 inquit

2088 2387 2197 2449 ille,
2230 2403 2331 2440 non
2353 2384 2586 2439 Ioannes
2612 2382 2786 2447 modo,
2817 2382 2906 2439 sed
2926 2392 2976 2437 et
2999 2399 3173 2436 omnes
3194 2398 3410 2451 prorsus
3448 2383 3671 2452 apostoli

2089 2477 2306 2531 Ebionis
2335 2478 2491 2546 ﬁdem
2520 2477 2817 2545 repudiant,
2847 2485 2897 2529 et
2923 2492 2954 2528 a
2985 2476 3095 2528 suis
3123 2473 3476 2545 dogmatibus,
3520 2485 3674 2546 atque

2086 2570 2374 2639 apostolico
2400 2570 2491 2622 illo
2524 2568 2830 2622 charactere
2861 2567 3091 2621 alienam
3112 2566 3393 2636 judicant;
3431 2567 3486 2621 id
3530 2567 3689 2637 quod“

2087 2663 2366 2732 unicuique
2392 2663 2725 2731 perspicuum
2753 2670 2850 2715 est.
2882 2659 3132 2716 Vidimus
3178 2675 3342 2731 supra
3370 2654 3436 2716 ex
3475 2659 3668 2715 Hiero-

2085 2771 2249 2827 nymo
2275 2754 2536 2809 Joannem
2565 2754 2621 2808 in
2651 2752 2841 2824 primis
2864 2753 3124 2808 adversus
3149 2768 3485 2824 consurgens
3509 2752 3671 2809 Ebio-

2086 2849 2173 2903 nis
2195 2848 2410 2918 dogma,
2438 2862 2594 2902 suum
2622 2846 2861 2902 edidisse
2886 2845 3256 2915 Evangelium.
3285 2843 3476 2900 Nullus
3504 2862 3693 2915 porro.

2084 2940 2365 2995 dubitandi
2400 2940 2553 2994 locus
2579 2946 2685 3001 est,
2726 2938 2859 3008 quin
2884 2936 3052 2991 divini
3093 2937 3170 2990 illi
3203 2937 3411 3007 pugiles
3454 2938 3665 3007 plenam

2085 3029 2487 3101 perfectamque
2508 3029 2768 3084 adversus
2796 3028 2894 3082 hos
2918 3028 3039 3081 ﬁdei
3058 3037 3109 3082 et
3128 3027 3407 3081 catholica:
3427 3028 3670 3083 veritatis

2083 3125 2271 3180 hostes
2291 3122 2574 3177 victoriam
2603 3121 3020 3191 reportaverint.
3047 3120 3111 3174 Et
3141 3129 3289 3177 certe
3311 3122 3422 3191 jam
3455 3123 3670 3175 monui-

2084 3234 2206 3274 mus
2238 3218 2358 3273 illos
2384 3232 2413 3270 a
2446 3216 2561 3273 suis
2590 3213 2905 3285 primordiis
2934 3214 3113 3269 varias
3143 3215 3197 3268 in
3240 3221 3426 3285 partes
3462 3213 3670 3270 scissos

2085 3299 2277 3375 fuisse,
2305 3318 2359 3365 et.
2389 3310 2532 3363 inter
2561 3324 2619 3363 se
2647 3307 2875 3362 divisos.
2906 3305 3047 3373 Quid
3079 3317 3258 3361 autem
3288 3305 3436 3361 aliud
3465 3321 3529 3360 ex
3563 3306 3668 3361 hac

2083 3403 2424 3458 dissensione
2455 3400 2606 3470 sequi
2638 3400 2831 3468 potuit,
2868 3414 3028 3468 quam
3060 3399 3269 3469 integra
3299 3398 3461 3468 hujus
3507 3407 3669 3454 secta:

2083 3494 2261 3557 ruina,
2294 3493 2675 3561 excidiumque
2702 3497 2912 3545 certum
2943 3497 2997 3545 et
3026 3490 3391 3545 celerrimum.
3417 3488 3535 3542 Non
3562 3490 3666 3545 ibi-

2083 3605 2206 3645 mus
2240 3595 2421 3641 tamen
2449 3584 2662 3640 inﬁcias
2705 3583 2889 3653 plures
2921 3581 3143 3638 Ebionis
3184 3596 3398 3637 errores
3430 3582 3497 3635 ab
3540 3583 3665 3637 aliis

2084 3676 2429 3750 postmodum
2459 3674 2730 3730 haereticis
2770 3678 3085 3736 renovatos,
3118 3672 3212 3728 sed
3244 3672 3280 3726 ii
3323 3670 3664 3743 proﬂigatum

2084 3772 2151 3827 ab
2175 3769 2435 3840 apostolis
2456 3765 2833 3821 Ebionitarum
2857 3778 3075 3828 nomen,
3094 3762 3198 3818 sibi
3223 3761 3482 3832 deinceps
3505 3764 3671 3817 arro-‘

2085 3873 2213 3929 gare
2240 3872 2348 3911 non
2377 3853 2496 3909 ausi
2528 3866 2678 3910 sunt.

2678 3944 2907 4000 CAPUT
2948 3943 3058 3999 VII.

2510 4035 2583 4091 De
2610 4036 2795 4090 hwresi
2829 4034 3239 4093 Nazarworum.

2154 4129 2414 4196 Quamvis
2442 4127 2683 4182 Nazaraei
2707 4142 2737 4181 a
2767 4126 3089 4196 quibusdam
3119 4125 3415 4180 Christiani
3448 4125 3662 4180 haereti-

2083 4221 2154 4288 ci,
2183 4237 2213 4273 a
2261 4218 2536 4273 nonnullis
2565 4232 2667 4272 nec
2710 4216 3028 4279 Christiani,
3072 4230 3170 4270 nec
3196 4213 3388 4280 Judaei,
3433 4215 3499 4269 ab
3541 4215 3687 4268 aliis.

2084 4312 2315 4380 denique
2345 4306 2536 4364 iisdem
2565 4322 2628 4361 ac
2671 4305 2910 4360 Ebionaai
2961 4305 3245 4361 erroribus
3274 4304 3536 4374 implicati
3577 4305 3679 4359 di-r

2084 4410 2305 4465 cantur,
2338 4399 2414 4452 illi
2444 4407 2643 4461 tamen,
2682 4399 2725 4451 si
2755 4395 3053 4470 Epiphanio
3075 4396 3120 4426 ⁷ο
3154 4395 3305 4459 lides,
3339 4396 3474 4452 meri
3506 4405 3683 4453 erant.

477 4481 675 4538 Τηάίι
700 4487 863 4541 etiam
898 4489 942 4521 "
972 4489 1234 4548 Ebionem
1289 4495 1701 4569 discipulosque
1745 4501 1865 4570 ejus
1915 4503 1978 4556 ab
2010 4505 2055 4560 Ι)
2081 4491 2251 4547 ειυόωὶ
2277 4509 2289 4543 :
2319 4488 2498 4559 Neque
2523 4487 2748 4542 Iessaeos
2773 4503 2827 4540 se
2858 4488 2999 4555 ipsos
3032 4495 3236 4549 vocant,
3272 4502 3432 4557 neque
3451 4483 3661 4540 Iudico-

404 4573 680 4629 alimentis
716 4578 955 4635 omnibus
1002 4583 1333 4655 reliquoque,
1364 4586 1504 4658 quod
1544 4606 1701 4645 carne
1758 4604 1977 4661 constet,

408 4667 775 4733 abstinuisse;
802 4672 942 4741 quod
974 4674 1070 4727 illa
1098 4692 1126 4728 e
1166 4693 1448 4745 corporum
1488 4682 1631 4735 coitu
1672 4683 1982 4737 concubitu-

404 4777 506 4829 que
537 4765 843 4831 gignantur.
875 4764 986 4821 Nec
1026 4768 1230 4839 pigebit
1271 4787 1335 4825 ex
1365 4774 1556 4827 eodem
1598 4774 1903 4845 Epiphanio
1935 4780 1980 4809 “

404 4850 700 4906 observare
717 4851 1000 4911 Ehionitas
1026 4860 1267 4928 quotidie
1289 4862 1518 4931 lavasse,
1547 4873 1600 4919 et
1622 4868 1979 4936 quotiescun-

407 4956 517 5010 que
538 4943 741 5013 aliquid
762 4945 960 5016 impuri
990 4964 1048 5004 se
1078 4952 1322 5021 tetigisse
1344 4955 1773 5013 arbitrabantur.
1805 4958 1978 5026 Quam

404 5036 859 5092 consuetudinem
898 5045 959 5092 ut
1015 5037 1161 5095 Petri
1213 5046 1537 5101 auctoritate
1588 5046 1873 5103 ﬁrmarent
1922 5055 1979 5104 et

399 5125 686 5195 exemplo:
710 5127 926 5195 Petrus,
949 5132 1286 5202 inquiebanl,
1305 5134 1517 5191 lavabat
1538 5139 1788 5207 quotidie,
1813 5141 1987 5208 prius-

397 5230 566 5284 quam
612 5216 781 5270 cibum
832 5230 1077 5276 sumeret.
1110 5221 1289 5295 Pergit
1327 5225 1469 5281 idem
1521 5224 1856 5296 Epiphanius
1884 5229 1967 5281 "z

399 5303 686 5373 Baptismo
716 5325 917 5379 quoque
944 5322 1137 5379 praeter
1166 5316 1536 5383 quotidianum
1567 5318 1721 5373 illum
1763 5321 1981 5373 initian-

398 5408 524 5459 tur,
571 5406 621 5450 et
674 5415 740 5453 ea:
795 5399 1225 5460 Christianorum
1287 5406 1641 5480 Ecclesiwque.
1688 5412 1981 5469 imitatione

471 5676 516 5749 ξ’
551 5675 819 5749 Epiphan.
912 5680 1015 5734 loc.
1085 5681 1221 5744 εἰιι,

471 5680 516 5708 ⁶¹
551 5680 819 5749 Epiphan.
912 5680 1015 5734 loc.
1085 5681 1177 5735 cit;
1206 5721 1221 5744 ,
1292 5680 1319 5752 §
1380 5683 1465 5737 15.

396 5749 443 5780 ⁶⁶
468 5746 604 5803 Ibid.
641 5749 747 5821 εἰ,
779 5750 844 5804 15
875 5758 928 5806 et
965 5751 1056 5807 Ἡ..
1135 5750 1329 5807 "lbid.
1365 5752 1391 5821 ς
1436 5754 1465 5807 1η

1135 5753 1175 5782 οτ
1196 5750 1329 5807 Ibid.
1365 5752 1391 5822 ς
1436 5754 1513 5809 l6.
1596 5753 1637 5786 οε
1666 5750 1802 5809 ibid.

1547 5682 1922 5765 “"Epiphau.“
1945 5684 2072 5765 190...
2105 5684 2197 5765 υἰιέ
2230 5754 2245 5765 ΑΔ

1881 5753 1922 5783 ευ
1960 5754 2095 5810 Ibid.
2168 5753 2194 5824 ξ
2230 5753 2319 5808 ss.

2087 4601 2204 4638 rum
2234 4580 2542 4636 vocabulum
2588 4578 2829 4643 retinent,
2860 4594 3019 4648 neque
3067 4595 3121 4632 se
3166 4578 3517 4641 Christianos,
3570 4578 3687 4631 sed'

2091 4674 2384 4728 Nazarceos
2426 4672 2490 4725 de
2519 4671 2617 4724 illa
2665 4670 2764 4723 loci
2792 4670 3143 4740 appellatione
3190 4679 3511 4739 nuncupant,
3542 4686 3662 4723 cum

2083 4766 2294 4818 interim
2341 4762 2472 4816 meri
2505 4762 2608 4816 sint
2655 4759 2856 4827 Iudwi,
2889 4778 3048 4833 neque
3097 4761 3244 4815 aliud
3293 4771 3565 4829 prwterea.
3596 4760 3662 4812 Et

2083 4858 2326 4912 sectione
2355 4870 2497 4910 nona
2524 4853 2753 4913 :Iudtei
2770 4856 2946 4925 potius
2981 4871 3139 4925 quam
3168 4855 3398 4923 cujusvis
3440 4855 3659 4907 alterius

2081 4949 2282 5018 generis
2310 4955 2453 5011 sunt,
2484 4947 2693 5000 tametsi
2756 4944 2962 5001 Iudaeis
3008 4947 3114 5001 sint
3158 4946 3542 5005 inimicissimi;
3569 4962 3658 4998 ne-

2081 5055 2177 5107 que
2204 5039 2341 5091 enim
2370 5036 2680 5095 Iuda’orum
2702 5038 2898 5106 posteri
2924 5039 3095 5091 solum
3124 5036 3341 5106 capitali
3368 5034 3489 5088 illos
3538 5033 3657 5088 odio

2082 5137 2484 5199 prosequuntur,
2510 5127 2599 5183 sed
2628 5140 2677 5183 et
2708 5146 2858 5183 mane
2881 5127 3183 5187 acmeridie
3199 5137 3246 5181 et
3272 5125 3339 5180 ad
3364 5141 3652 5194 vesperam,

2084 5232 2161 5275 ter
2187 5221 2249 5275 de
2274 5221 2376 5287 die,
2407 5238 2525 5274 cum
2554 5222 2609 5273 in
2654 5220 2932 5291 synagogis
2964 5221 3073 5276 suis
3100 5218 3169 5272 ad
3195 5216 3451 5273 orandum
3482 5233 3659 5271 conve-

2085 5316 2254 5379 niunt,
2287 5312 2420 5367 diris
2453 5313 2573 5366 illos
2615 5313 2878 5379 devovent,
2912 5329 2974 5366 ac
3020 5312 3241 5365 solemni
3287 5311 3657 5379 imprecatione

2081 5404 2437 5473 proscribunt.
2474 5402 2615 5458 Idem
2646 5410 2825 5458 tamen
2859 5404 3020 5474 paulo
3045 5403 3224 5469 aliter,
3254 5411 3307 5459 et
3340 5403 3553 5473 planius
3584 5402 3653 5455 il-

2334 5683 2422 5737 ἰδέ
2519 5680 2561 5709 ⁸³
2596 5680 2729 5734 Ibid.
2808 5678 3004 5749 “ilbid.
3046 5679 3071 5749 ς
3111 5680 3161 5733 ‘2.

3267 5677 3307 5707 ⁸⁵
3336 5678 3443 5734 Ibid
3503 5675 3533 5751 δ
3561 5676 3676 5735 15.,

2422 5751 2467 5783 το
2493 5749 2692 5805 llacrcs.
2728 5751 2798 5804 '29
2843 5748 2870 5819 ᾗ
2905 5750 2950 5803 7.
