4076 6280
415 312 486 367 25
1574 318 1663 372 DE
1711 319 1997 374 OMNIBUS

2107 320 2453 375 ENERATIM
2758 348 2759 351 η
3612 329 3679 383 Ἡ

416 429 508 482 Iud
539 428 764 483 definire
794 429 1008 485 videtur
1037 431 1123 486 his
1145 431 1333 494 verbis
1362 451 1374 485 :
1404 430 1517 485 lloc
1548 433 1709 502 igitur
1736 427 1837 486 uno
1877 442 1984 485 tam
2014 437 2062 491 Α
2090 450 2218 487 usus
2247 433 2550 502 indiﬁ'erens
2573 436 2909 505 fminarum.
2942 435 3014 489 Hi
3047 453 3146 490 nec
3166 436 3232 489 ab
3263 438 3352 501 iis,
3378 454 3494 507 qua:
3522 440 3677 494 idolis

424 537 456 572 a
486 518 712 584 Juda’is,
743 538 898 590 quam
922 539 952 574 a
978 520 1299 578 Christianis
1325 524 1572 593 differunt
1599 538 1617 577 :
1650 524 1714 576 ab
1745 524 1852 577 illis
1878 526 1997 594 qui-

416 610 533 664 dem
563 610 700 680 quod
730 612 784 664 in
830 602 1099 683 Christum
1137 614 1388 678 credant;
1435 632 1467 667 a
1517 610 1833 669 Christianis
1879 632 1994 670 vero

416 699 553 771 quod
577 697 817 753 Judaicis
846 700 1034 756 ritibus
1065 703 1420 770 implicantur.

491 790 601 846 llos
630 799 810 847 autem
839 793 1030 867 iisdem
1061 796 1450 865 propemodum
1482 812 1543 851 ac
1574 796 1811 852 Ebiontei
1844 814 1996 853 erro-

418 881 572 944 ribus
602 881 841 938 imbutos
871 883 1028 939 docet
1058 884 1197 939 idem
1230 886 1564 957 Epiphanius
1586 889 1627 922 ⁷¹
1655 908 1666 943 :
1692 889 1857 942 Ambo
1888 889 1994 943 col-

420 973 544 1026 latis
568 973 703 1026 inter
728 990 783 1028 se
804 973 1080 1042 capitibus,
1112 992 1265 1029 suam
1295 979 1427 1031 alter
1454 996 1570 1032 cum
1600 980 1765 1034 altero
1799 982 1993 1049 impro-

420 1064 631 1118 bitatem
665 1082 727 1119 ac
774 1050 1059 1135 nequitiam
1086 1070 1503 1126 communicavit.
1530 1072 1697 1143 Atque
1722 1074 1821 1127 etsi
1864 1090 1995 1143 qua-

419 1157 696 1211 damtenus
722 1175 752 1210 a
781 1174 839 1212 se
864 1162 1046 1212 m'utuo
1071 1158 1391 1225 dissideant,
1422 1162 1479 1215 in
1519 1164 1864 1233 excogitando
1913 1176 1995 1219 ta-

418 1266 535 1303 men
564 1252 875 1318 pravissimo
914 1250 1155 1321 dogmate
1196 1268 1306 1305 sese
1359 1253 1575 1308 invicem
1607 1270 1988 1323 expresserunt.

423 1336 616 1392 Utrum
647 1354 775 1394 vero
806 1340 940 1408 ipsis
968 1348 1019 1395 et
1051 1356 1173 1395 cum
1208 1340 1573 1400 Cerinthianis
1602 1347 1792 1401 eodem
1833 1348 1994 1403 modo

423 1430 757 1493 convenerit,
788 1444 988 1499 anceps
1018 1430 1106 1485 ille
1132 1438 1212 1486 est
1245 1451 1257 1485 :
1283 1430 1359 1485 De
1383 1430 1588 1487 Christo
1613 1450 1751 1498 vero,
1783 1436 1993 1506 inquie-

421 1518 600 1581 bat",
646 1528 784 1571 certo
830 1519 1090 1587 afﬁrmare
1136 1537 1348 1589 nequeo,
1398 1530 1575 1574 utrum
1624 1521 1878 1589 Cerinthi,
1917 1527 1994 1580 vel

422 1605 676 1661 Merinthi
701 1608 964 1676 impietate
992 1609 1087 1664 illa
1125 1609 1345 1678 decepti,
1388 1611 1673 1680 simplicem
1702 1614 1851 1667 illum
1898 1616 1994 1669 Ito-

421 1701 611 1752 minem
642 1690 954 1765 asseverent,
987 1717 1047 1754 ac
1075 1702 1153 1753 uti
1177 1718 1286 1755 sese
1309 1718 1387 1755 res
1419 1702 1591 1767 habet,
1613 1719 1703 1772 per
1732 1704 1991 1775 Spiritum

421 1801 660 1844 sanctum
691 1789 754 1845 de
802 1790 983 1869 Maria
1037 1791 1245 1862 Virgine
1270 1795 1500 1863 genitum
1546 1812 1657 1851 esse
1701 1797 1988 1866 fateantur.

422 1880 796 1938 Theodoretus
825 1898 953 1939 vero
982 1883 1199 1938 brevius
1225 1884 1552 1955 planiusque
1594 1887 1869 1955 edisserit,
1900 1890 1994 1961 qui

420 1975 621 2028 fuerint
646 1972 911 2039 Nazarazi,
944 1982 998 2030 et
1044 1989 1163 2044 qua!
1204 1990 1394 2029 eorum
1440 1976 1685 2044 haeresis,
1718 1995 1825 2049 quo
1858 1990 1996 2037 tem-

420 2079 550 2133 pore
578 2073 787 2129 exorta,
817 2074 870 2119 et
901 2080 932 2118 a
962 2065 1159 2134 quibus
1187 2063 1403 2119 tandem
1433 2078 1741 2140 expugnata
1770 2091 1783 2126 :
1810 2070 1996 2126 Naza-

420 2158 514 2211 ταιί
540 2156 719 2212 Judwi
741 2166 883 2221 sunt,
916 2156 1186 2212 Christum
1232 2157 1569 2226 honorantes,
1620 2171 1873 2233 tanquam
1902 2163 1998 2218 Ito-

419 2248 608 2301 minem
630 2248 858 2316 justum,
884 2256 933 2301 et
964 2246 1244 2315 Evangelia
1275 2257 1517 2315 utuntur,
1548 2251 1686 2321 quod
1714 2253 1997 2307 secundum

420 2341 637 2395 Petrum
665 2341 882 2396 dicitur.
920 2342 1033 2399 Has
1064 2346 1305 2409 Ittcreses,
1336 2346 1627 2413 imperante
1667 2343 1992 2409 Domitiano,

420 2432 677 2498 con/latas
722 2443 907 2485 auctor
935 2444 1010 2486 est
1056 2434 1335 2489 Eusebius.
1380 2434 1579 2491 Contra
1621 2450 1749 2506 quas
1790 2436 1997 2503 scripsit

338 2544 339 2547 η
416 2512 662 2575 Justinus
690 2522 1024 2592 philosophus
1054 2534 1102 2579 et
1134 2537 1358 2597 martyr,
1388 2536 1438 2580 et
1464 2524 1699 2580 Irenazus
1730 2542 1998 2582 successor

422 2613 802 2681 apostolorum,
832 2624 881 2669 et
915 2614 1184 2686 Origenes.

492 2700 591 2755 llic
617 2709 795 2758 autem
842 2704 1015 2760 obiter
1052 2707 1283 2762 observa
1332 2708 1462 2764 illud
1505 2709 1821 2767 difﬁcultate
1850 2713 1998 2767 oumi

422 2806 529 2846 non
542 2806 745 2859 carere,
760 2794 904 2863 quod
922 2796 995 2848 ait
1016 2812 1110 2852 eos
1127 2813 1255 2853 usos
1275 2798 1562 2871 Evangelio
1590 2802 1730 2856 κατὰ
1758 2803 1965 2876 Πέτρον
1981 2846 1995 2871 ,

422 2883 859 2953 quandoquidem
890 2885 1119 2965 aliirmat
1149 2887 1485 2960 Epiphanius
1514 2892 1648 2947 illud
1691 2896 1996 2951 secundum

424 2973 730 3030 Matthtcum
752 3016 767 3041 ,
799 2984 853 3033 et
889 2976 1158 3035 Hebraice
1190 2983 1453 3052 scriptum
1486 2981 1657 3039 fuisse
1676 2985 1723 3017 ⁷⁸
1750 3003 1763 3038 :
1795 2985 1891 3040 Est
1923 3004 2003 3041 ve.

423 3083 517 3131 ro,
563 3067 719 3130 inlit,
772 3084 923 3137 penes
972 3070 1093 3123 illos
1143 3070 1484 3141 Evangelium
1536 3073 1818 3129 secundum
1849 3076 1995 3130 Mat-
2026 3093 2071 3154 ρ

424 3156 614 3210 thwum
648 3156 903 3212 Hebraice
930 3161 1202 3229 scriptum,
1222 3172 1273 3214 et
1300 3162 1506 3232 quidem
1530 3164 1997 3224 absolutissimum.

429 3247 540 3300 Hoc
588 3248 724 3300 enim
771 3249 1076 3315 certissime,
1125 3261 1279 3320 prout
1307 3252 1580 3308 Hebraicis
1613 3254 1801 3310 litteris
1850 3258 2000 3312 initio

425 3340 676 3406 scriptum
698 3347 796 3403 est,
828 3340 881 3393 in
910 3340 1216 3396 hodiernum
1249 3353 1445 3412 tempus
1470 3362 1631 3415 usque
1670 3358 1999 3403 conservant.

426 3430 551 3486 llaec
582 3448 712 3488 sane
758 3435 989 3489 assertio
1020 3444 1129 3489 tam
1156 3446 1304 3503 certa
1352 3447 1406 3494 et
1438 3440 1728 3510 perspicua
1772 3457 2002 3513 scrupu-

426 3524 537 3577 lum
585 3540 717 3580 sane
751 3532 805 3579 et
847 3527 1135 3594 quamdam
1185 3528 1578 3585 dubitationem
1622 3531 1817 3600 injicit,
1871 3549 1998 3586 num

426 3612 643 3682 aliquod
681 3613 734 3667 in
780 3622 982 3668 textum
1032 3613 1354 3672 Theodoreti
1403 3620 1655 3673 mendum
1701 3621 1998 3692 irrepserit,

425 3703 507 3755 vel
557 3702 672 3771 ipse
718 3702 889 3757 falsus
926 3704 1017 3769 sit,
1069 3712 1163 3758 aut
1216 3707 1475 3761 memoria
1523 3708 1736 3778 lapsus;
1790 3726 1853 3765 ac
1902 3727 2002 3782 pro

426 3793 567 3846 κατὰ
587 3794 787 3866 Πέτρον
806 3797 947 3865 apud
975 3797 1150 3865 ipsum
1180 3799 1283 3867 legi
1311 3798 1523 3865 debeat,
1546 3802 1684 3854 κατὰ
1702 3803 1996 3861 Ματθαῖον.

429 3883 493 3935 Et
537 3892 684 3938 certe
734 3885 864 3940 huic
912 3888 1240 3956 conjectura:
1286 3888 1429 3944 favet
1475 3890 1857 3963 Hieronymus,
1907 3897 1998 3949 ubi

429 3978 563 4031 dixit
584 3979 631 4009 7‘
657 3994 670 4031 :
695 3978 761 4033 In
789 3978 1073 4051 Evangelia
1101 3998 1200 4052 quo
1227 3991 1446 4036 utuntur
1472 3983 1744 4051 Nazareni,
1775 3998 1823 4041 et
1846 3988 2002 4042 Ebio-

429 4068 573 4135 niue,
618 4073 755 4142 quod
788 4088 949 4141 nuper
994 4074 1049 4127 in
1079 4071 1314 4127 Grtecum
1344 4075 1407 4130 de
1456 4075 1679 4132 Hebraeo
1722 4083 2001 4136 transtuli-

429 4179 565 4225 mus,
597 4171 647 4216 et
676 4160 812 4232 quod
842 4172 1056 4216 vocatur
1094 4180 1127 4216 a
1152 4162 1411 4234 plerisque
1452 4164 1695 4221 Matt/imi
1739 4171 2001 4225 authenti-

428 4269 565 4306 cum.
601 4250 743 4306 Idem
774 4252 899 4305 alibi
926 4254 1118 4322 repetit
1137 4254 1204 4320 ⁷⁵,
1235 4270 1299 4307 ac
1330 4256 1548 4311 tandem
1571 4258 1728 4314 docet
1758 4260 1999 4335 Evange-

430 4346 562 4397 lium
609 4360 717 4398 non
766 4344 1000 4399 Matthtei
1030 4347 1124 4400 sed
1174 4346 1338 4400 Marci
1365 4346 1523 4402 Petro
1569 4348 1737 4405 fuisse
1763 4355 1994 4409 attribu-

2102 524 2465 589 intmolantur,
2496 526 2636 580 cibos
2665 543 2789 582 suos
2815 536 3080 596 separant,
3104 537 3153 581 et
3183 529 3318 582 alios
3349 530 3483 584 ritus
3513 535 3679 601 genti-

2104 612 2232 666 lium
2281 616 2713 682 superstitionum
2760 634 2863 669 non
2912 628 3240 673 aversantur.
3276 616 3521 673 Narrant
3568 622 3677 676 alia

2095 702 2341 771 quaedam
2394 702 2659 771 fabulosa,
2710 704 2774 758 de
2802 705 3017 771 mundo,
3064 707 3239 761 nescio
3282 723 3399 777 quae
3448 708 3678 763 barbara

2095 792 2393 860 principum
2450 794 2664 847 nomina
2720 794 2995 849 miscentes
3050 793 3494 863 disputationibus
3542 802 3671 856 suis.

2096 878 2339 934 Barbara
2364 879 2461 934 illa
2481 882 2700 935 nomina
2732 881 2899 937 refert
2927 883 3145 953 quidem
3192 884 3547 956 Epiphanius,
3581 888 3674 943 sed

2095 984 2194 1025 eos
2224 971 2290 1027 de
2318 971 2507 1027 iisdem
2540 973 2683 1027 inter
2714 988 2772 1028 se
2802 972 3093 1029 dissentire
3120 984 3324 1030 monet.
3357 976 3558 1047 Aliqui,
3593 979 3675 1033 in-

2097 1060 2299 1128 quit",
2333 1061 2675 1116 Barbelonem
2706 1064 2877 1117 nescio
2896 1081 3053 1135 quam
3086 1065 3366 1131 celebrant,
3401 1069 3486 1121 cui
3513 1070 3567 1123 in
3588 1086 3676 1124 oc-

2097 1160 2215 1205 tavo
2243 1152 2370 1207 coelo
2400 1152 2725 1208 domicilium
2755 1155 3069 1210 attribuunt.
3102 1156 3259 1210 Hanc
3285 1175 3318 1210 a
3349 1158 3509 1213 Patre
3548 1176 3672 1227 pro-

2095 1246 2309 1298 ductam
2330 1245 2610 1313 afﬁrmant,
2633 1254 2950 1317 matremque
2972 1246 3068 1299 alii
3091 1246 3434 1311 laldabaot/t,
3461 1251 3557 1303 alii
3579 1250 3675 1306 ει.

2096 1334 2557 1403 baoth/aciunt....
2579 1336 2681 1389 alii
2695 1336 2980 1391 Prunicam
2998 1336 3301 1409 quamdam,
3320 1340 3414 1393 alii
3437 1338 3672 1393 Caulau«

2094 1425 2257 1480 cauch
2279 1424 2489 1477 cuidam
2507 1423 2729 1477 eamdem
2749 1426 3108 1480 venerationem
3127 1426 3376 1497 deferunt,
3394 1447 3489 1500 quo
3507 1434 3667 1484 nomi-

2093 1534 2157 1571 ne
2226 1532 2385 1569 unum
2400 1531 2464 1569 ea:
2479 1516 2798 1587 principibus
2817 1519 3080 1588 appellant
3194 1520 3493 1573 Aliidicunt
3517 1521 3671 1577 initio

2096 1605 2353 1670 tenebras,
2382 1624 2443 1660 ac
2490 1609 2809 1678 voraginem,
2838 1618 2889 1662 et
2935 1626 3125 1679 aquam
3155 1610 3314 1679 fuisse
3339 1650 3354 1675 ,
3379 1627 3495 1681 qua:
3533 1629 3564 1665 a
3611 1629 3666 1666 se

2095 1701 2308 1753 invicem
2332 1700 2548 1767 spiritus
2578 1702 2865 1754 secreverit.
2898 1701 3086 1754 Verum
3109 1701 3328 1755 tenebrte
3356 1710 3539 1755 contra
3567 1704 3675 1772 spi-

2096 1792 2255 1843 ritum
2290 1790 2570 1843 iracundia
2603 1807 2664 1844 ac
2693 1791 2871 1860 furore
2893 1793 3122 1860 percitte,
3151 1810 3363 1847 sursum
3391 1808 3673 1847 excurren-

2098 1891 2193 1943 tes,
2229 1897 2343 1933 cum
2374 1897 2433 1934 eo
2464 1898 2752 1952 congressa:
2779 1891 2922 1938 sunt.
2956 1880 3087 1936 Inde
3112 1884 3309 1936 matria:
3338 1884 3508 1937 nescio
3536 1901 3672 1954 quae.

2096 1972 2273 2042 genita
2317 1970 2537 2040 prodiit,
2567 1988 2684 2041 quae
2724 1971 2956 2040 ejusdem
2987 1973 3203 2041 spiritus
3247 1973 3674 2028 consuetudinem

2097 2060 2327 2131 appetiit,
2350 2075 2414 2113 ea:
2437 2076 2598 2129 eaque
2629 2070 2855 2130 quatuor
2880 2079 3049 2117 atones
3082 2062 3321 2131 producti
3350 2073 3493 2130 sunt,
3517 2064 3581 2115 ab
3610 2064 3676 2116 iis

2095 2163 2320 2224 quatuor
2344 2151 2517 2205 decem
2546 2151 2643 2204 alii
2667 2155 2948 2220 procreati,
2974 2154 3095 2206 item
3127 2153 3314 2207 dextra
3336 2155 3673 2224 sinistraque,

2096 2262 2187 2299 πεε
2216 2261 2318 2299 ηοη
2351 2245 2521 2297 lumen
2544 2253 2592 2296 et
2623 2244 2863 2299 tenebrat.
2896 2242 3192 2298 Secundum
3219 2244 3312 2297 Ιιοδ
3343 2262 3517 2299 onmes
3565 2254 3676 2297 tur-

2095 2346 2208 2400 pem
2234 2332 2516 2403 quemdam
2553 2349 2747 2386 azonem
2790 2332 2987 2387 editum
3025 2342 3269 2396 narrant,
3308 2349 3524 2402 eumque
3557 2350 3677 2385 cum

2100 2442 2185 2489 ea,
2217 2442 2372 2495 quam
2401 2425 2560 2495 paulo
2588 2436 2707 2479 ante
2738 2423 2993 2493 diximus,
3019 2427 3237 2480 matrice
3265 2427 3491 2490 coiisse;
3516 2435 3565 2480 et
3607 2427 3671 2493 ab

2100 2526 2317 2585 utroque
2354 2516 2497 2581 deos,
2529 2526 2681 2587 atque
2723 2516 2954 2586 angelos,
2984 2526 3031 2571 et
3060 2516 3343 2581 dwmones,
3375 2535 3438 2571 ac
3477 2526 3673 2585 septem

2097 2610 2313 2678 spiritus
2363 2618 2536 2662 ortum
2577 2608 2837 2663 habuisse.
2887 2607 3177 2679 Subjungit
3206 2608 3671 2665 tandem:Certos

2101 2698 2260 2754 libros
2286 2698 2615 2754 Jaldabaoth
2643 2702 2850 2755 nomine
2876 2686 3178 2771 inscriptos,
3207 2718 3269 2755 ac
3292 2702 3672 2755 commentitios

2100 2790 2312 2846 habent.

2172 2881 2283 2937 llos
2313 2882 2623 2948 haereticos,
2654 2882 2701 2938 si
2731 2880 2992 2938 Irenaeum
3014 2876 3061 2915 ⁸ο
3089 2892 3141 2937 et
3176 2881 3470 2938 Eusebium
3497 2883 3541 2914 ⁸¹
3571 2897 3670 2935 au-

2101 2971 2240 3038 dias,
2269 2973 2509 3029 Joannes
2534 2975 2618 3029 his
2646 2975 2826 3030 verbis
2857 2974 2915 3028 in
2940 2974 3258 3044 Apocalypsi
3284 2975 3495 3028 notat"
3525 2994 3537 3029 :
3569 2972 3677 3029 Sed

2101 3066 2195 3121 hoc
2221 3066 2377 3121 habes
2409 3067 2552 3133 boni,
2576 3068 2700 3136 quia
2730 3065 2891 3121 odisti
2919 3065 3066 3135 facta
3100 3065 3517 3131 Nicolaitarum,
3555 3085 3673 3138 qua:
3700 3144 3707 3147 ’

2102 3167 2152 3213 et
2179 3176 2272 3228 ego
2303 3158 2411 3213 odi.
2441 3159 2485 3210 A
2512 3157 2714 3227 quibus
2743 3165 2925 3213 autem
2958 3159 3066 3212 sint
3094 3158 3409 3229 oppugnati,
3438 3158 3673 3227 accipies

2102 3262 2132 3301 a
2180 3247 2521 3303 Theodoreto
2540 3245 2853 3303 ":Contra
2903 3247 3018 3311 hos,
3054 3248 3249 3317 inquit,
3302 3249 3510 3317 scripsit
3549 3245 3673 3305 Cle-

2103 3356 2269 3404 mens,
2302 3349 2351 3394 et
2378 3338 2637 3403 lrenwus,
2667 3348 2714 3393 et
2747 3337 3016 3408 Origenes,
3044 3349 3093 3394 et
3125 3338 3439 3410 Hippolytus
3477 3341 3673 3409 episco-

2100 3446 2197 3499 pus
2216 3440 2267 3484 et
2284 3440 2506 3500 martyr.
2533 3429 2705 3496 Quam
2728 3444 2858 3484 vero
2880 3428 3108 3485 feliciter
3126 3440 3315 3485 contra
3338 3446 3432 3486 eos
3460 3446 3670 3501 pugna-

2100 3519 2297 3584 verint,
2330 3520 2553 3589 colligas
2579 3536 2647 3576 ex
2668 3510 2894 3576 victoria
2924 3522 2993 3575 ab
3021 3521 3101 3576 eis
3134 3536 3392 3591 perquam
3413 3522 3674 3577 citissime

2102 3618 2395 3681 reportata.
2442 3610 2656 3666 Etenim
2702 3611 2816 3666 haec
2870 3611 3113 3677 hatresis,
3161 3618 3299 3666 teste
3348 3611 3583 3667 Eusebio
3604 3612 3671 3676 ⁸⁸,

2104 3683 2401 3755 brevissimo
2444 3701 2689 3770 temporis
2727 3701 2899 3770 spatio
2931 3701 3238 3768 permansit.
3269 3700 3345 3756 Ex
3374 3702 3473 3756 hoc
3492 3713 3674 3757 tamen

2103 3791 2250 3849 fonte
2277 3790 2690 3860 corruptissimo
2716 3790 2986 3844 ﬂuxerunt
3012 3789 3277 3855 Gnostici,
3306 3792 3504 3861 aliique
3531 3808 3675 3847 com-

2101 3883 2306 3952 plures,
2337 3882 2403 3934 de
2426 3880 2625 3949 quibus
2654 3878 2987 3949 Epiphanius
3010 3878 3056 3909 ⁸⁸
3084 3897 3097 3932 :
3123 3878 3201 3931 Ab
3250 3878 3345 3932 hoc
3371 3880 3537 3949 fonte,
3570 3883 3667 3947 ait,

2100 3972 2341 4033 derivati.
2370 3987 2431 4024 ac
2474 3971 2694 4031 pessime
2741 3971 2794 4022 in
2828 3968 3075 4022 mundum
3104 3969 3388 4023 introducti
3414 3980 3532 4024 sunt
3562 3970 3669 4024 lue-

2101 4064 2249 4117 retici
2277 4062 2378 4125 illi,
2409 4062 2499 4131 qui
2526 4077 2641 4114 eam
2671 4059 2792 4125 sibi,
2824 4076 2983 4131 quam
3012 4060 3150 4129 {also
3173 4063 3465 4125 nominant,
3497 4063 3672 4130 cogni-

2102 4156 2290 4211 tionem
2327 4153 2610 4216 vindicant,
2646 4152 2941 4219 cujusmodi
2971 4162 3090 4207 sunt
3123 4152 3375 4216 Gnostici,
3400 4152 3678 4206 Phibioni-

2101 4257 2185 4309 tte,
2216 4254 2265 4299 et
2294 4243 2481 4315 quibus
2523 4244 2587 4297 ab
2616 4242 2884 4313 Epiphane
2925 4262 3108 4300 nomen
3134 4254 3210 4299 est
3252 4244 3498 4298 inditum.
3534 4243 3665 4297 Tum

2099 4338 2259 4390 etiam
2291 4335 2572 4398 Militares,
2602 4333 2837 4400 Levitici,
2869 4337 3060 4406 aliique
3097 4337 3405 4405 complures.
3436 4335 3670 4401 Quorum

430 4444 543 4488 mm
566 4436 612 4465 τε
638 4455 650 4489 ε
681 4434 782 4489 Sed
810 4449 857 4490 ει
908 4437 1250 4508 Evangelia",
1289 4439 1574 4493 secundum
1619 4441 1880 4512 Marcum,
1911 4449 2000 4516 qm-
2030 4423 2074 4477 D
2101 4425 2314 4496 quilibet
2344 4425 2585 4516 haeresim
2629 4426 2919 4494 propriam,
2950 4427 3018 4479 ad
3060 4428 3222 4480 animi
3249 4428 3331 4480 sui
3371 4427 3668 4495 aﬂ'ectiones

431 4524 644 4579 auditor
668 4527 779 4595 ejus
806 4538 854 4581 et
884 4528 1139 4599 interpres
1172 4532 1292 4600 fuit,
1318 4532 1493 4602 hujus,
1524 4533 1692 4601 Petri,
1720 4552 1831 4590 esse
1868 4536 2003 4591 dici-

434 4628 539 4670 ω’
1021 4688 1246 4744 CAPUT
1286 4690 1433 4747 vui.-

850 4777 927 4833 De
954 4780 1139 4833 hwresi
1172 4779 1578 4839 Nicolaitarum.

502 4870 782 4926 Nicolaitae
828 4888 1018 4926 novam
1066 4889 1281 4944 quoque
1328 4876 1502 4945 primo
1551 4878 1747 4931 saeculo
1798 4888 1998 4933 sectam

436 4964 726 5019 commenti
756 4972 902 5019 sunt.
934 4963 1162 5020 Eri-ores
1191 4982 1377 5019 eorum
1410 4970 1594 5036 paucis
1629 4972 1807 5025 verbis
1837 4986 2001 5039 expo-

437 5057 518 5109 nit
564 5054 797 5110 Irenaaus
818 5056 864 5088 ⁷⁷
892 5076 904 5111 :
934 5054 1219 5109 lndiscrete
1268 5057 1460 5122 vivunt,
1508 5058 1708 5111 nullam
1756 5060 2001 5128 differen-

439 5148 567 5199 tiam
596 5163 705 5201 esse
734 5148 961 5201 dicentes
991 5148 1047 5199 in
1075 5147 1399 5206 mire/tando.
1431 5157 1479 5201 et
1509 5148 1855 5219 idolothytum
1883 5151 1998 5204 ede-

439 5249 512 5290 re.
563 5237 900 5308 Augustinus
946 5244 1123 5293 autem
1175 5240 1334 5309 paulo
1376 5239 1669 5293 dilucidius
1692 5241 1777 5295 7’:
1820 5241 2001 5296 Placet

553 5422 597 5453 τί
648 5421 845 5477 "mres.
912 5424 1008 5489 50,
1050 5423 1076 5493 ς
1136 5424 1189 5479 2.
1285 5426 1330 5458 τ’
1380 5424 1579 5481 "mres.
1626 5426 1694 5479 29
1741 5425 1766 5492 §
1812 5426 1862 5478 7.

443 5492 508 5544 ad
561 5507 681 5581 cap.
760 5492 1113 5581 EIL'75JDe‘
1171 5499 1439 5581 scriptor.“
1499 5497 1809 5581 egclesqin
1877 5495 1951 5581 fit

442 5576 563 5629 cap.
600 5563 688 5614 27.
766 5563 811 5591 ⁷⁸
843 5562 958 5615 Lib.
1000 5564 1061 5616 de
1096 5562 1305 5641 ligvres.)
1342 5568 1366 5631 ᾗ
1538 5567 1579 5595 τ’
1614 5562 1812 5619 “iures.
1883 5566 1974 5628 25,

444 5631 487 5660 ⁶¹¹
513 5633 678 5686 Apoc.
743 5648 802 5686 tt.
862 5632 915 5683 6.
1018 5634 1059 5664 ³³
1088 5632 1201 5686 Lib.
1248 5650 1304 5686 ut
1346 5633 1543 5686 Htvrct.
1582 5632 1797 5686 Fabul..
1825 5651 1943 5686 can.

446 5649 487 5660 "'
513 5649 678 5699 Apoc.
743 5649 802 5691 ll,
862 5649 915 5683 υ.

446 5702 492 5729 ⁸⁸
525 5702 682 5755 Lucis
720 5703 923 5754 citatis.

1966 5427 2261 5503 "diceres.
2476 5425 2600 5503 5.9.

1499 5497 1680 5551 eccles.
1707 5540 1723 5563 ,
1752 5498 1809 5551 in
1877 5495 2087 5553 Matth..

2023 5566 2454 5635 §2.'5ct5.

1018 5634 1059 5664 ⁸³
1088 5632 1201 5687 Lib.
1248 5650 1304 5688 ιιι
1346 5633 1543 5690 Htvrct.
1582 5632 1797 5700 Fabul.,
1825 5651 1943 5705 cap.
2004 5632 2050 5690 ιῖ

2036 4528 2041 4531 ‘
2105 4510 2526 4578 accommodans,
2558 4525 2829 4569 sexcentas
2876 4517 3117 4585 nequitia:
3181 4518 3294 4570 vias
3337 4517 3666 4587 excogitavit.

2101 4605 2277 4677 Atque
2319 4605 2443 4659 inde
2486 4606 2674 4674 procul
2719 4605 2884 4659 dubio
2913 4613 3029 4658 orta
3061 4613 3164 4667 est,
3197 4621 3259 4660 ea
3299 4622 3461 4676 quam
3504 4622 3669 4676 supra

2103 4697 2541 4760 memoravimus,
2565 4696 2665 4751 hos
2689 4696 2831 4750 inter
2860 4696 3146 4751 luereticos
3166 4696 3234 4752 de
3257 4698 3505 4754 barbaris
3527 4701 3670 4769 prin-

2099 4789 2279 4858 cipum
2312 4788 2621 4842 nominibus
2648 4787 2936 4841 dissensio.

2174 4880 2307 4946 Quis
2332 4887 2517 4934 autem
2547 4880 2772 4949 hujusce
2813 4879 3081 4933 haereseos
3113 4886 3305 4934 auctor
3345 4879 3527 4946 fuerit,
3562 4897 3668 4937 non

2104 4972 2177 5026 ita
2213 4977 2522 5041 promptum
2553 4977 2638 5025 est
2678 4967 2923 5025 deﬁnire.
2963 4968 3188 5023 Plurimi
3219 4969 3531 5050 existimant
3563 4989 3669 5027 non

2106 5063 2270 5116 alium
2304 5060 2472 5117 fuisse
2497 5076 2657 5132 quam
2690 5060 2991 5125 Nicolaum,
3021 5075 3187 5115 unum
3216 5076 3283 5115 ex
3317 5072 3522 5132 septem
3566 5065 3669 5119 ἰηιε

2106 5152 2357 5208 Ecclesiae
2386 5152 2725 5215 diaconibus,
2745 5151 2837 5221 qui
2869 5152 2936 5204 ab
2960 5152 3222 5221 apostolis
3259 5153 3413 5207 electi
3445 5162 3497 5208 et
3517 5155 3673 5209 inau-

2106 5245 2283 5314 gurati
2318 5238 2464 5300 sunt.
2494 5243 2560 5297 Et
2600 5244 2715 5299 hcce
2746 5244 2961 5313 quidem
3003 5242 3103 5296 fuit
3133 5242 3317 5298 lrenzei
3338 5245 3405 5310 ⁸⁸,
3439 5245 3669 5318 Epipha-

2697 5426 2743 5457 '”
2799 5425 2918 5481 Lib.
2948 5442 2984 5478 ιι
3037 5424 3329 5480 Comment.
3393 5428 3448 5479 in
3474 5426 3668 5481 Matth.

2190 5498 2236 5527 ⁷⁵
2312 5494 2581 5551 Ιιιίἀ,ζίιι
2644 5494 2788 5549 Petr.
2894 5499 2937 5528 ⁷⁷
2997 5495 3116 5549 Lib.
3190 5512 3226 5548 ιι
3298 5498 3427 5551 Adv.
3486 5498 3666 5549 Ita-rce.

2479 5540 2495 5566 ’
2530 5567 2575 5596 ⁸ο
2600 5564 2726 5620 an.
2782 5568 2875 5620 cit.
2952 5568 2989 5596 ⁸⁸
3026 5565 3145 5619 Lib.
3175 5582 3204 5616 v
3265 5565 3403 5619 Hist.
3439 5582 3555 5634 cap.
3582 5567 3664 5617 *2”.

2129 5637 2172 5668 "'
2214 5635 2330 5689 Lib.
2368 5651 2426 5687 ιιι
2483 5634 2706 5699 Histor.,
2763 5654 2881 5705 cap.
2946 5636 3037 5689 ‘29.
3135 5636 3178 5666 ⁸⁸
3209 5635 3410 5690 Ιιξιενοδ.
3458 5635 3582 5706 2⁸ὶῶ
3619 5635 3665 5686 2.
