4074 6286
358 382 431 437 25
1258 390 1448 445 PRIMI
1488 393 1840 450 ECCLESIE
1883 394 2153 450 SIECULI
2196 394 2714 453 SCRIPTORIBUS.
3547 404 3615 457 ‘26

356 503 433 555 nii
479 509 533 555 et
557 498 842 556 Pbilastrii
899 506 1107 575 opinio,
1150 509 1350 577 quibus
1400 512 1765 582 astipulantur
1795 511 1943 566 Hila-
1971 516 2335 573 Amonstrat.
2404 511 2669 567 Clementi
2739 513 3068 581 astipulatur
3133 522 3255 586 post
3321 515 3613 572 Eusebium

360 595 481 648 rius
501 593 567 657 ⁸⁷,
590 590 963 665 Hieronymus
986 598 1052 661 ⁸⁸,
1081 597 1321 671 Isidorus
1342 600 1409 665 ⁸⁸,
1438 602 1638 672 aliique
1671 617 1780 656 non
1810 617 1944 671 pau-

362 684 442 740 ci.
465 683 521 737 In
543 697 724 738 eorum
756 691 949 740 tamen
978 702 1137 758 grege
1159 687 1525 747 Tertullianus
1548 708 1659 747 non
1680 707 1944 748 annume-

366 774 564 830 randus
591 783 694 831 est.
733 775 887 832 Nihil
917 779 1062 834 enim
1089 780 1157 836 de
1183 781 1409 838 Nicolao
1440 785 1532 839 illo
1560 785 1799 855 scripsit,
1835 784 1941 839 nisi

364 869 421 923 in
439 867 611 938 capite
638 869 711 923 45
740 860 899 918 Libri
923 867 986 922 de
1002 871 1484 942 praescriptionibus
1511 896 1531 933 .-
1555 876 1700 946 quod
1723 875 1941 946 quidem

360 964 523 1027 caput
566 957 743 1013 eidem
786 959 929 1016 libro
970 963 1038 1017 ab
1084 964 1381 1035 impostore
1427 965 1662 1035 quodam
1692 973 1940 1021 assutum

364 1049 532 1105 fuisse
556 1051 670 1119 jam
698 1051 1131 1112 observavimus.

428 1137 796 1211 Refragantur
821 1151 1001 1198 autem
1031 1144 1157 1199 huic
1188 1151 1268 1200 tot
1296 1151 1679 1217 tantorumque
1698 1145 1940 1201 virorum

354 1232 646 1287 sententiae
673 1233 973 1303 scriptores
1003 1236 1274 1299 nonnulli,
1307 1236 1567 1305 aiuntque
1593 1236 1696 1291 bos
1722 1234 1940 1289 haereti-

364 1335 477 1383 ξος,
498 1328 559 1375 ut
603 1322 960 1379 celeberrimo
990 1324 1223 1391 alicujus
1247 1326 1489 1380 auctoris
1511 1325 1729 1379 nomine
1753 1323 1936 1379 fucum

354 1415 487 1469 aliis
536 1412 797 1478 facerent,
834 1414 981 1470 hunc
1029 1414 1310 1471 Nicolaum
1343 1417 1447 1473 sibi
1494 1416 1632 1471 falso
1677 1417 1939 1474 ascivisse

357 1514 523 1560 secta:
569 1520 683 1560 sua:
732 1506 1053 1576 principem.
1086 1506 1303 1564 Scimus
1326 1507 1546 1578 quidem
1575 1509 1629 1563 in
1659 1508 1937 1580 Ignatiana

359 1597 595 1668 quadam
622 1598 850 1667 epistola
882 1598 1019 1653 illud
1048 1606 1235 1668 aperte
1256 1600 1428 1656 asseri
1452 1600 1496 1635 ’⁸
1524 1619 1536 1654 :
1564 1599 1753 1671 Fugite
1774 1602 1942 1671 impu-

358 1707 447 1745 ros
480 1689 802 1753 Nicolaitas,
826 1690 1025 1759 falsum
1051 1691 1153 1746 sibi
1174 1707 1359 1746 nomen
1385 1702 1665 1755 sumentes;
1687 1691 1783 1747 sed
1813 1708 1936 1747 cum

360 1780 476 1836 hac
504 1782 669 1836 verba
702 1781 1114 1851 interpolatoris
1157 1784 1285 1847 sint,
1319 1798 1428 1839 non
1457 1800 1586 1839 vero
1625 1783 1837 1854 Ignatii,
1869 1801 1933 1841 ex

357 1872 428 1927 iis
455 1870 702 1941 profecto
731 1849 867 1925 nihil
911 1874 1047 1927 certi
1077 1874 1327 1928 concludi
1366 1881 1565 1943 potest.-
1597 1849 1936 1945 Quapropter
1967 1849 2008 1907 Β

355 1964 635 2029 opinionis
684 1964 835 2020 illius
884 1962 1131 2020 fautores
1162 1971 1216 2018 et
1264 1965 1481 2034 patroni
1529 1980 1596 2019 ex
1641 1965 1937 2021 Clementis

352 2054 713 2110 Alexandrini
758 2056 1084 2110 auctoritate
1125 2055 1358 2112 validius
1402 2066 1602 2112 eruunt
1641 2071 1933 2128 argumen-

354 2155 490 2201 tum.
516 2145 567 2202 Is
595 2148 741 2201 enim
772 2145 1070 2203 Nicolaitas
1098 2148 1296 2219 arguit,
1321 2150 1466 2219 quod
1495 2150 1551 2203 in
1576 2149 1799 2206 haeresis
1824 2165 1936 2206 suae

353 2240 827 2295 conﬁrmationem
860 2240 1025 2294 verba
1050 2238 1258 2294 Nicolai
1291 2254 1489 2309 pravos
1516 2241 1571 2295 in
1616 2257 1810 2297 sensus
1835 2241 1935 2296 de-

354 2338 675 2402 torquerent
702 2351 715 2384 :
744 2328 900 2384 Tales
936 2338 1075 2396 sunt,
1102 2330 1383 2400 inquiebat
1422 2331 1512 2385 ille
1533 2332 1607 2395 ἰ,
1633 2332 1723 2401 qui
1753 2331 1935 2386 dicunt

351 2440 407 2478 se
435 2425 586 2495 sequi
616 2423 921 2494 Nicolaum,
954 2424 1268 2479 adducentes
1298 2425 1411 2495 ejus
1441 2426 1551 2479 uiri
1568 2424 1769 2495 aliquid
1794 2425 1936 2480 litte-

351 2534 537 2570 rarum
568 2518 918 2571 monumentis
960 2517 1289 2582 mandatum,
1320 2517 1409 2572 sed
1453 2516 1517 2570 ab
1543 2517 1617 2570 eis
1655 2516 1931 2581 detectum,

350 2623 535 2679 nempe
560 2626 578 2661 :
606 2608 860 2679 Oportere
886 2626 1044 2664 carne
1073 2612 1172 2665 uti.
1204 2609 1307 2665 Sed
1341 2611 1431 2664 ille
1456 2610 1659 2680 quidem
1688 2611 1766 2664 vir
1792 2626 1932 2680 pra:-

350 2704 535 2757 clarus
565 2703 902 2773 significabat
934 2713 1167 2772 oportere
1197 2703 1485 2774 voluptates
1512 2721 1685 2759 arcere
1714 2714 1762 2759 et
1791 2706 1936 2774 cupi-

349 2796 570 2859 ditates,
619 2805 669 2849 et
704 2796 804 2849 hac
850 2796 1223 2851 exercitatione
1268 2796 1534 2852 marcidus
1582 2796 1936 2866 ﬂaccidasque

352 2885 569 2939 reddere
590 2887 767 2939 carnis
795 2886 1136 2956 appetitiones
1164 2894 1214 2940 et
1242 2885 1491 2941 insultas.
1517 2886 1624 2954 Qui
1644 2896 1818 2940 autem
1848 2887 1933 2940 in-

352 2988 469 3031 star
502 2976 768 3032 hircorum
799 2988 923 3031 sunt
946 2978 1101 3047 effusi
1127 2979 1182 3031 in
1209 2978 1639 3047 voluptatem.....
1671 2978 1933 3033 decretum

353 3071 522 3138 ipsius
550 3072 855 3139 voluptatis,
884 3087 987 3123 non
1011 3078 1186 3124 autem
1209 3070 1306 3124 viri
1324 3070 1601 3140 apostolici
1621 3081 1930 3142 sequuntur.

353 3162 423 3213 At
450 3160 709 3217 Clemens
733 3159 1019 3215 Nicolaum
1049 3160 1193 3214 haud
1220 3159 1383 3216 dubie
1408 3161 1585 3215 virum
1609 3162 1930 3231 praeclarum

353 3260 406 3307 et
432 3250 798 3323 apostolicum
833 3268 941 3308 non
966 3249 1311 3324 appellasset,
1347 3252 1394 3306 si
1425 3261 1533 3306 tam
1559 3265 1740 3321 pravae
1764 3251 1934 3309 haere-

355 3360 479 3400 seos
510 3360 713 3415 parens
741 3344 935 3401 fuisset
964 3352 1020 3400 et
1047 3353 1260 3400 auctor.

424 3434 567 3500 Quid
598 3435 788 3504 plura?
814 3434 960 3507 Idem
985 3433 1235 3490 Clemens
1259 3449 1475 3491 omnem
1506 3433 1707 3507 impuri
1743 3435 1934 3492 crimi-

358 3528 460 3590 nis,
494 3527 563 3581 ab
587 3527 783 3584 iisdem
808 3526 1078 3583 haereticis
1098 3526 1323 3583 Nicolao
1352 3529 1538 3597 inusti,
1569 3531 1935 3601 suspicionem

356 3619 568 3689 egregie
593 3618 818 3689 depellit
838 3620 882 3652 ⁹²
910 3639 923 3675 :
948 3619 1080 3674 Cum
1109 3631 1285 3676 autem
1311 3623 1375 3677 de
1403 3622 1546 3679 dicto
1588 3622 1813 3680 Nicolao
1857 3626 1937 3681 lo-

355 3722 649 3775 queremur,
684 3709 818 3762 illud
843 3711 1295 3777 prtetcrmisimus.
1332 3709 1467 3767 Cum
1506 3713 1815 3783 formosam,
1848 3718 1934 3770 in—

354 3800 572 3867 quiunt,
614 3799 823 3855 haberet
860 3816 1077 3856 uxorem
1099 3841 1115 3866 ,
1154 3813 1205 3858 et
1242 3813 1360 3872 post
1393 3803 1689 3862 Seruatoris
1727 3826 1937 3864 assum-

354 3894 582 3958 ptioaem
604 3894 654 3946 ei
670 3892 857 3962 [uisset
888 3894 952 3948 ab
969 3895 1222 3963 apostolis
1249 3896 1540 3965 exprobata
1569 3899 1850 3970 selotypia,
1880 3903 1935 3956 in

358 3984 585 4038 medium
614 3985 846 4040 adducta
876 3988 1113 4054 muliere,
1140 3990 1376 4058 permisit
1403 3991 1488 4044 cui
1517 3991 1667 4045 vellet
1691 4009 1807 4046 eam
1835 4010 1935 4048 nu-

358 4079 491 4134 bere.
517 4079 686 4133 Aiunt
712 4080 850 4134 enim
879 4080 1013 4134 hanc
1042 4097 1215 4136 uocem
1255 4082 1339 4136 illi
1365 4084 1476 4137 uoci
1510 4096 1931 4151 consentaneum,

356 4186 468 4241 qua:
511 4171 664 4236 dicit,
694 4171 832 4241 quod
872 4188 1031 4226 carne
1076 4174 1155 4225 uti
1195 4182 1451 4241 oporteat,
1482 4176 1696 4247 ejusque
1734 4178 1934 4244 factum

355 4274 400 4316 et
421 4263 625 4318 dictum
646 4263 905 4329 absolute,
922 4274 972 4318 et
995 4264 1377 4320 inconsiderate
1397 4278 1685 4337 sequentes,
1711 4272 1799 4338 qui
1820 4269 1933 4338 ejus

356 4356 597 4411 haeresim
639 4364 1055 4428 persequuntur,
1098 4357 1427 4425 impudenter
1468 4360 1728 4431 elfuseque
1765 4361 1934 4431 forni-

355 4460 561 4504 cantur.
588 4448 701 4520 Ego
736 4458 912 4504 autem
940 4450 1099 4504 audio
1144 4449 1431 4505 Nicolaum
1459 4452 1662 4506 nullum
1705 4470 1934 4525 unquam

2046 600 2441 659 Theodoretus.
2471 603 2547 657 Ex
2572 605 2736 659 allato
2762 606 2961 674 quippe
2985 606 3279 662 Clementis
3306 610 3615 663 testimonio

2045 694 2124 747 sic
2155 694 2245 749 ille
2274 694 2550 749 concludit
2575 696 2621 727 ”
2646 715 2657 750 :
2687 695 2768 748 Ea:
2811 697 2997 767 quibus
3043 698 3239 768 liquido
3272 703 3611 770 convincitur,

2044 785 2181 854 falso
2207 786 2306 839 sibi
2333 786 2396 839 de
2421 786 2574 855 hujus
2600 786 2945 857 appellatione
2969 806 3155 844 nomen
3174 808 3423 862 arrogare
3453 792 3618 847 Nico-

2044 878 2224 931 laitas.
2275 877 2542 934 Eusebius
2589 895 2717 934 vero
2745 880 2792 912 "
2836 900 2848 936 :
2896 880 2969 934 Hi
3018 880 3298 938 Nicolaum
3340 880 3617 956 quemdam

2041 983 2203 1021 unum
2242 984 2307 1021 ea:
2336 968 2467 1033 illis,
2496 970 2585 1039 qui
2622 969 2690 1023 ad
2717 988 2899 1024 curam
2931 973 3140 1041 inopum
3166 975 3468 1043 gerendam,
3510 994 3622 1032 una

2041 1076 2158 1113 cum
2184 1060 2447 1128 Stephano
2478 1062 2541 1115 ab
2562 1064 2813 1132 apostolis
2834 1067 3105 1119 constituti
3133 1068 3342 1136 fuerant
3365 1071 3613 1130 ministri.

2041 1164 2193 1209 secta’
2220 1171 2325 1209 sua:
2360 1165 2625 1209 auctorem
2648 1156 2947 1224 jactabant.
2983 1159 3122 1224 Quid
3146 1159 3290 1214 aliud
3319 1160 3422 1215 hoc
3451 1164 3620 1217 verbo

2030 1246 2332 1317 jactabant,
2365 1247 2543 1301 innuit
2588 1247 2876 1314 Eusebius,
2910 1266 3072 1320 quam
3101 1249 3402 1306 Nicolaum
3453 1252 3614 1324 hujus

2039 1338 2310 1393 haereseos
2337 1351 2445 1393 non
2475 1354 2597 1393 esse
2624 1341 2938 1393 auctorem?

2109 1427 2279 1482 Porro
2314 1436 2491 1483 autem
2527 1429 2653 1500 quid
2677 1429 2744 1484 de
2775 1430 2877 1483 hac
2899 1430 3221 1500 quaestione,
3246 1446 3407 1501 quam
3438 1441 3616 1485 tanto-

2037 1534 2159 1573 rum
2189 1518 2411 1572 Patrum
2442 1519 2737 1574 auctoritas
2765 1520 2983 1574 dubiam
3028 1521 3228 1585 reddit,
3264 1521 3617 1577 statuendum

2037 1610 2131 1673 sit,
2163 1608 2231 1663 ab
2254 1609 2376 1664 aliis
2400 1607 2675 1663 lubentius
2707 1609 3010 1664 audiemus.
3043 1608 3200 1662 Enim
3227 1624 3353 1663 vero
3378 1607 3617 1663 Irenaaus

2037 1708 2090 1755 et
2122 1698 2400 1764 Clemens,
2434 1699 2769 1769 antiquiores
2809 1708 2861 1756 et
2888 1701 3145 1771 praecipui
3166 1702 3451 1771 utriusque
3492 1701 3614 1770 opi-

2038 1793 2219 1847 nionis
2246 1792 2509 1857 fautores,
2542 1792 2706 1848 coaevi
2739 1802 2914 1856 erant,
2949 1800 3001 1848 et
3033 1809 3063 1846 a
3096 1792 3306 1848 Nicolai
3356 1795 3616 1863 tempori-

2036 1885 2140 1939 bus
2168 1891 2278 1938 tam
2309 1898 2500 1953 parum
2532 1884 2749 1947 remoti,
2780 1892 2839 1937 ut
2866 1885 2932 1939 ab
2962 1885 3208 1954 ejusdem
3231 1884 3442 1939 Nicolai
3478 1887 3614 1939 ami-

2035 1976 2116 2032 cis
2148 1984 2237 2029 aut
2270 1974 2557 2044 discipulis
2599 1976 2879 2046 potuerint
2924 1974 3083 2030 facile
3108 1976 3343 2041 discere,
3373 1993 3504 2030 num
3548 1978 3619 2032 ab

2035 2067 2128 2121 illo
2147 2081 2273 2122 vere
2304 2066 2553 2137 profecta.
2568 2066 2639 2122 sit
2664 2081 2727 2121 ea
2760 2066 3002 2122 haeresis.
3031 2067 3094 2120 Et
3122 2067 3373 2123 Clemens
3396 2067 3616 2138 quidem

2036 2173 2095 2212 se
2125 2157 2178 2212 id
2208 2173 2317 2211 non
2347 2156 2697 2227 indiligenter
2739 2156 3097 2227 iuvestigasse
3141 2158 3438 2227 significat.
3472 2158 3613 2224 Quid

2033 2262 2164 2303 vero
2205 2246 2349 2317 quod
2396 2246 2451 2299 in
2513 2245 2632 2313 ejus
2663 2244 2938 2315 opinionis
2984 2244 3388 2299 ﬁrmamentum
3420 2244 3615 2311 adduci

2035 2338 2168 2393 illud
2196 2346 2398 2409 potest,
2422 2338 2567 2408 quod
2602 2337 2875 2392 hzereticis
2897 2337 2952 2391 in
2972 2352 3123 2392 more
3144 2338 3378 2407 positum
3414 2337 3485 2392 sit
3508 2354 3621 2391 ma-

2033 2446 2197 2503 gnum
2228 2431 2333 2485 sibi
2362 2429 2650 2500 quemdam
2681 2429 2951 2485 haereseos
2983 2444 3094 2484 suae
3120 2429 3384 2484 advocare
3420 2439 3615 2484 aucto-

2034 2520 2175 2576 rem?
2194 2519 2381 2590 Neque
2410 2528 2590 2575 tamen
2613 2534 2679 2574 eo
2711 2519 3049 2589 repudianda
3070 2526 3156 2574 est
3184 2518 3370 2574 Irenaei
3397 2527 3619 2575 senten-

2032 2612 2128 2676 tia,
2164 2611 2291 2682 quia
2317 2612 2386 2667 ab
2412 2627 2521 2667 uno
2546 2627 2614 2667 ex
2644 2618 2850 2680 septem
2874 2611 3066 2679 primis
3096 2610 3353 2666 Ecclesia:
3371 2610 3618 2667 diaconis

2035 2703 2284 2759 haeresim
2313 2704 2461 2758 illam
2487 2710 2666 2758 ortum
2697 2718 2856 2757 suum
2892 2703 3116 2759 duxisse
3152 2702 3508 2773 improbabile
3537 2704 3622 2758 vi-

2036 2793 2247 2849 deatur.
2278 2791 2412 2847 Nam
2440 2807 2565 2847 cum
2600 2792 2853 2848 Christus
2882 2793 2949 2847 ab
2975 2808 3083 2847 uno
3124 2808 3155 2848 e
3184 2808 3300 2849 SUIS
3330 2793 3615 2862 apostolis,

2034 2897 2103 2937 ne
2131 2882 2436 2938 doctrinam
2468 2897 2622 2939 suam
2653 2890 2994 2953 propagaret,
3029 2883 3095 2937 ad
3119 2898 3304 2938 necem
3335 2884 3406 2938 sit
3431 2884 3620 2939 vendi-

2034 2980 2145 3041 tus,
2174 2975 2351 3045 potuit
2381 2982 2435 3031 et
2466 2990 2609 3031 unus
2635 2991 2703 3030 ex
2729 2982 2936 3045 septem
2967 2974 3077 3029 illis
3110 2961 3359 3031 diaconis
3380 2974 3621 3045 alicujus

2035 3065 2307 3123 hureseos
2338 3066 2592 3122 inventor
2620 3081 2743 3122 esse
2771 3081 2836 3120 ac
2863 3066 3257 3136 promulgator.

2647 3156 2875 3212 CAPUT
2911 3155 3002 3214 IX.

2179 3254 2313 3322 Qua:
2341 3270 2407 3309 ea:
2433 3253 2531 3308 hac
2557 3253 2822 3308 Iuereseon
2849 3252 3195 3322 descriptione
3224 3252 3472 3308 utilitas?

2109 3348 2407 3417 Quorsum,
2436 3347 2673 3418 inquies,
2700 3346 2791 3400 illa
2819 3352 2901 3400 tot
2928 3345 3206 3399 haereseon
3230 3342 3528 3414 descriptio
3551 3360 3623 3399 ac

2037 3439 2301 3496 historia?
2323 3437 2515 3494 Nonne
2544 3436 2628 3492 illi
2654 3436 2905 3491 humanae
2939 3434 3137 3489 mentis
3160 3433 3613 3488 monstrosissimi

2036 3542 2226 3605 partus
2253 3538 2514 3602 perpetuo
2533 3528 2749 3585 silentio
2770 3525 3070 3597 sepeliendi
3107 3525 3295 3580 erant?
3315 3523 3454 3590 Quid
3483 3539 3614 3579 vero

2036 3642 2103 3683 ex
2130 3626 2234 3681 hac
2263 3624 2455 3680 odiosa
2494 3624 2829 3692 molesteque
2857 3620 3373 3676 commemoratione
3416 3618 3470 3672 in
3513 3617 3613 3673 Ec-

2036 3720 2259 3777 clesiam
2286 3716 2661 3779 emolumenti,
2693 3722 2747 3771 et
2791 3715 2847 3768 in
2898 3713 3132 3768 lectores
3166 3710 3449 3766 utilitatis?
3494 3710 3613 3766 Non

2037 3812 2321 3867 minimum
2373 3816 2542 3866 certe.
2572 3806 2722 3867 ,Nam
2753 3814 3113 3877 prteterquam
3161 3802 3305 3875 quod
3335 3803 3612 3858 haereseon

2035 3904 2346 3974 cognitione
2388 3914 2806 3969 nonnunquam,
2850 3897 2929 3952 uti
2969 3896 3231 3959 diximus,
3264 3893 3614 3950 obscuriores

2035 3996 2256 4051 Patrum
2289 3994 2392 4049 loci
2428 3992 2644 4048 facilius
2678 3990 3077 4061 intelliguntur,
3110 3986 3236 4043 inde
3263 3986 3429 4043 etiam
3468 3986 3612 4039 into-

2036 4087 2275 4156 lerabilis
2303 4086 2607 4150 hominum,
2630 4099 2771 4139 nova
2796 4097 3013 4152 semper
3034 4080 3394 4142 molientium,
3422 4093 3613 4148 super-

2034 4181 2122 4236 bia
2155 4179 2488 4241 retunditur,
2518 4192 2583 4231 ac
2619 4176 2836 4231 tandem
2868 4174 3085 4228 funesto
3115 4170 3492 4225 haereticorum
3518 4184 3612 4223 ca—

2033 4292 2098 4332 su
2119 4274 2387 4330 Catholici
2413 4273 2550 4327 ﬁunt
2579 4270 2873 4326 cautiores.
2898 4267 2957 4321 In
2984 4265 3174 4337 primis
3199 4271 3383 4318 autem
3407 4276 3473 4316 ex
3503 4261 3608 4315 hac

2033 4368 2331 4421 errantium
2361 4375 2719 4431 errorumque
2747 4359 2976 4414 historia
3003 4357 3222 4411 discunt
3253 4367 3462 4417 omnes,
3490 4366 3613 4422 quae

2034 4458 2199 4515 fuerit
2224 4459 2292 4513 ab
2322 4456 2581 4512 Ecclesia:
2604 4451 2877 4523 principio
2906 4464 3034 4505 vera
3079 4455 3134 4504 et
3164 4444 3434 4502 catholica
3477 4444 3610 4499 ﬁdes

357 4543 484 4607 alia,
508 4557 669 4612 quam
689 4558 752 4595 ea
777 4558 895 4611 quw
914 4541 963 4596 ei
983 4550 1251 4612 nupserat,
1277 4558 1441 4598 uxore
1467 4560 1622 4598 usum
1641 4561 1771 4609 esse,
1797 4556 1845 4600 et
1866 4563 1933 4600 ex

2036 4570 2099 4609 ac
2121 4553 2390 4608 doctrina.
2439 4548 2618 4618 Atque
2648 4562 2717 4601 ne
2765 4550 2922 4599 extra
2944 4543 3183 4614 primum
3229 4540 3487 4595 Ecclesia:
3508 4555 3611 4594 sae-

354 4634 496 4687 illius
527 4632 710 4687 liberis
731 4634 873 4702 ﬁlias
901 4632 1110 4703 quidem
1129 4636 1461 4689 consenuisse
1488 4636 1733 4707 uirgines,
1756 4637 1929 4706 ﬁlium

355 4735 524 4780 autem
551 4727 902 4794 permansisse
930 4728 1310 4796 incorruptum.
1341 4728 1472 4794 Quae
1498 4745 1618 4782 cum
1641 4730 1719 4783 ita
1747 4748 1801 4785 se
1833 4731 1932 4786 ha-

356 4816 525 4880 beant,
556 4819 675 4873 uitii
704 4827 818 4872 erat
844 4818 1084 4888 depulsio
1107 4828 1262 4887 atque
1289 4821 1596 4890 espurgatia
1622 4821 1677 4874 in
1702 4821 1929 4877 medium

356 4910 710 4978 apostolorum
730 4910 1065 4965 circumactio
1088 4913 1291 4975 uxoris,
1316 4913 1465 4981 cujus
1488 4913 1758 4968 dicebatur
1785 4916 1932 4970 labo-

355 5020 470 5059 rare
488 5005 787 5074 zelotypia;
816 5015 866 5058 et
895 5006 1212 5060 continentia
1240 5023 1272 5059 a
1301 5006 1653 5076 uoluptatibus
1683 5025 1798 5079 qua:
1826 5027 1935 5063 ma—

352 5114 449 5165 gno
469 5096 647 5151 studio
676 5105 958 5164 parantur,
984 5096 1201 5152 docebat
1223 5099 1365 5152 istud
1392 5119 1403 5154 :
1431 5101 1511 5152 uti
1531 5117 1706 5164 carne,
1739 5100 1835 5155 hoc
1855 5112 1933 5157 est

350 5206 586 5245 exercere
627 5206 859 5244 carnem.
894 5187 1074 5258 Neque
1098 5192 1260 5258 enim,
1304 5201 1362 5245 ut
1387 5191 1652 5257 existimo,
1693 5194 1932 5249 uolebant

346 5284 711 5337 conuenienter
737 5280 954 5335 Domini
976 5292 1230 5350 prmeepto
1272 5282 1475 5337 duobus
1505 5282 1733 5338 dominis
1771 5286 1935 5340 servi-

346 5389 421 5436 re,
466 5374 729 5441 voluptati
784 5381 835 5427 et
861 5370 993 5427 Deo.
1029 5370 1107 5425 Ita
1137 5372 1227 5428 ille
1255 5379 1309 5427 et
1345 5372 1511 5427 verba
1540 5371 1749 5427 Nicolai
1790 5376 1932 5431 male

344 5465 728 5536 interpretata,
753 5473 808 5521 et
837 5479 1052 5521 errores
1081 5463 1161 5517 illi
1190 5462 1329 5519 falso
1359 5464 1655 5535 imputatos
1685 5480 1807 5521 esse
1835 5466 1930 5522 de-

406 5672 451 5704 "
501 5671 641 5741 Cap.
716 5671 791 5724 35
859 5669 913 5722 in
968 5668 1173 5741 iMatth.

332 5761 451 5816 cap.
488 5745 545 5797 5.

1293 5668 1340 5701 ³⁸
1391 5668 1561 5739 Epist.
1637 5687 1675 5725 ιι
1754 5673 1819 5726 ad
1880 5673 2152 5730 Heliodor.

625 5743 675 5772 ⁸⁹
855 5740 1148 5817 ιιιρςὶᾳὶη.
1190 5813 1198 5817 _
1226 5741 1270 5771 ⁹⁰
1293 5739 1544 5817 Epistad
1578 5740 1845 5817 Trallens.
1924 5746 1967 5776 "
2000 5746 2118 5801 Lib.
2147 5763 2179 5799 ιι
2206 5739 2485 5817 Stro:uat.,
2518 5739 2641 5815 post
2703 5739 2845 5800 med:

2034 4645 2217 4698 culum
2247 4646 2505 4697 excurrat
2543 4637 2746 4701 oratio,
2780 4651 2847 4692 ex
2877 4635 2964 4691 his
3009 4649 3129 4706 qua:
3155 4648 3187 4687 a
3225 4632 3385 4688 nobis
3426 4630 3611 4685 hacte-

2034 4751 2140 4790 nus
2166 4734 2444 4803 disputata
2482 4737 2631 4795 sunt,
2665 4728 2873 4799 quuido
2902 4726 3196 4797 colligitur,
3227 4725 3358 4796 quid
3387 4724 3454 4779 de
3482 4739 3613 4794 prae-

2034 4824 2211 4894 cipuis
2241 4822 2363 4877 ﬁdei
2395 4828 2598 4877 nostra:
2622 4819 2889 4883 articulis,
2919 4834 3058 4889 quos
3089 4817 3418 4888 respuebant
3448 4816 3612 4868 haere-

2033 4917 2147 4981 tici,
2181 4915 2247 4971 iis
2293 4913 2629 4984 temporibus
2657 4912 2730 4967 sit
2778 4919 3049 4967 assertum
3086 4917 3139 4964 et
3166 4907 3469 4964 deﬁnitum.
3502 4904 3609 4959 Ve-

2029 5024 2150 5063 rum
2195 5008 2342 5062 enim
2370 5022 2498 5062 vero
2539 5021 2663 5061 cum
2693 5004 2951 5059 Ecclesiae
2975 5002 3167 5057 Patres
3195 4999 3399 5055 erroris
3437 4996 3608 5051 hatre-

2032 5114 2264 5170 seosque
2309 5115 2404 5155 eos
2462 5099 2873 5162 condemnant,
2926 5094 3021 5166 qui
3066 5092 3345 5149 Christum
3394 5103 3611 5142 merum

2032 5193 2330 5257 hominem,
2360 5206 2428 5246 ex
2464 5190 2635 5244 Maria
2658 5196 2714 5244 et
2752 5187 2977 5257 Ioseph,
3011 5201 3122 5240 non
3163 5197 3323 5238 secus
3350 5194 3415 5235 ac
3446 5187 3609 5233 cane-

2032 5300 2125 5340 ros
2170 5283 2444 5346 homines,
2473 5281 2736 5353 genitum,
2767 5294 2870 5334 nec
2898 5277 3043 5332 Patri
3091 5282 3297 5330 aeterno
3340 5272 3602 5341 aequalem

2035 5392 2281 5432 asserere
2311 5375 2430 5429 ausi
2461 5381 2618 5438 sunt,
2653 5372 2778 5427 inde
2810 5367 3107 5426 concludas
3134 5372 3349 5436 oportet
3384 5364 3605 5419 eosdem

2033 5467 2224 5525 Patres
2256 5467 2360 5523 ﬁde
2386 5466 2697 5523 certissima
2723 5461 3024 5519 credidisse
3051 5460 3332 5515 Christum
3365 5473 3486 5512 esse
3517 5455 3606 5508 Fi-

2234 5686 2355 5746 post
2455 5676 2596 5731 med.
2627 5720 2642 5745 ,
2679 5680 2734 5730 et
2791 5671 2964 5746 epist.
3169 5634 3239 5723 iul
3318 5664 3599 5746 §abinian.

2924 5744 2969 5775 ”
3017 5740 3134 5797 Lib.
3201 5754 3260 5793 ιιι
3312 5734 3596 5795 8ιι·οηιιιι.,

327 5809 493 5887 mage
536 5821 669 5883 post
719 5814 849 5865 init.
925 5810 968 5844 "
998 5809 1124 5866 Loc.
1157 5813 1246 5865 cit.
1327 5809 1371 5843 σι
1406 5809 1521 5867 Lib.
1545 5828 1602 5866 ιιι
1632 5812 1836 5868 llistor.
1869 5856 1881 5881 ,
1910 5832 2028 5887 t‘up.
2053 5817 2155 5884 ἓν
