4074 6286
366 338 437 392 27
1554 331 1642 388 DE
1679 332 1985 390 OMNIBUS
2024 333 2426 391 GENERATHI
3539 343 3608 398 98

368 452 498 503 lium
535 445 648 508 Del.
681 444 826 502 Patri
860 462 960 502 suo
988 455 1193 505 aeterno
1222 448 1505 518 aequalem,
1536 463 1601 502 ex
1633 447 1798 502 Maria
1831 445 1954 500 Vir-
1981 450 2029 504 Α
2057 445 2381 516 imbuerent,
2415 451 2506 520 qui
2536 451 2738 507 divinis
2763 467 2952 507 eorum
2978 454 3323 507 sermonibus
3353 453 3424 508 ad
3453 455 3608 510 fidem

367 541 512 609 gine,
547 537 662 593 sola
697 536 937 607 Spiritus
970 541 1145 594 sancti
1186 541 1385 594 virtute
1414 538 1643 594 editum.
1679 538 1816 592 llinc
1847 554 1947 593 au-

367 638 477 682 tem
530 644 723 685 rursus
783 631 1010 700 colligas
1059 647 1286 685 necesse
1340 638 1423 685 est
1475 629 1835 684 orthodoxam
1880 629 1950 685 de

367 720 574 775 Christi
602 719 905 783 divinitate,
934 735 1150 790 unaque
1179 722 1326 776 illius
1357 736 1480 775 cum
1511 719 1670 774 Patre
1699 721 1949 774 substan~

371 813 466 879 tia,
501 829 593 868 seu
645 813 1214 867 consubstantialitate
1263 813 1566 866 doctrinam
1617 827 1646 864 a
1695 810 1949 867 Patribus

370 905 528 976 primi
565 905 819 959 Ecclesiae
847 904 1052 968 sazculi,
1082 914 1134 960 et
1165 904 1320 974 longe
1351 911 1476 958 ante
1503 902 1780 957 Nicaenum
1817 917 1948 957 con-

370 996 553 1050 cilium
594 995 764 1050 fuisse
805 995 1084 1057 traditam,
1117 1002 1381 1050 assertam
1426 1000 1480 1048 et
1524 999 1944 1063 propugnatam.

392 1093 511 1143 dem
543 1087 770 1157 quilibet
797 1095 852 1142 et
881 1087 947 1142 de
980 1086 1102 1143 aliis
1130 1087 1438 1157 quibusque
1470 1085 1774 1149 erroribus,
1808 1100 1947 1154 quos

370 1181 439 1232 ab
483 1179 754 1234 haereticis
803 1178 1057 1233 defensos
1086 1218 1101 1242 ,
1150 1193 1181 1232 a
1236 1177 1491 1232 Patribus
1542 1175 1775 1245 rejectos
1825 1190 1947 1231 esse

369 1269 630 1332 diximus,
655 1271 923 1339 judicium
955 1269 1097 1326 ferre
1125 1271 1303 1326 debet.

440 1361 559 1414 Alia
600 1377 815 1432 quoque
852 1379 918 1417 ex
965 1362 1156 1416 iisdem
1211 1360 1481 1415 haereticis
1523 1359 1650 1414 inde
1691 1366 1816 1413 nata
1861 1366 1947 1414 est

371 1452 632 1508 Ecclesiae
676 1455 903 1516 utilitas,
951 1452 1098 1523 quod
1150 1453 1186 1506 ii
1235 1451 1490 1506 Ecclesiae
1529 1449 1785 1505 Patribus
1815 1466 1944 1506 suos

369 1547 632 1603 adversus
665 1547 900 1602 baireses
930 1548 1100 1602 libros
1125 1552 1179 1601 et
1209 1551 1478 1599 tractatus
1531 1558 1671 1613 quos
1692 1541 1944 1598 fortassis

369 1657 646 1712 nunquam
670 1642 987 1705 edidissent,
1009 1639 1282 1695 scribendi
1305 1638 1555 1693 dederint
1576 1635 1941 1690 occasionem.

370 1733 465 1787 llis
488 1749 617 1803 ergo
640 1732 932 1796 haereticis,
967 1732 1092 1786 licet
1123 1731 1307 1785 invitis
1332 1737 1384 1784 et
1415 1728 1614 1798 saepius
1641 1727 1943 1782 reclaman-

367 1829 540 1890 tibus,
573 1827 833 1881 debemus
864 1826 1101 1895 pretiosa
1129 1825 1217 1878 illa
1247 1830 1524 1876 tantorum
1558 1821 1796 1875 virorum
1824 1833 1942 1873 mo-

370 1925 654 1981 numenta,
686 1934 750 1972 ex
782 1918 984 1988 quibus
1014 1931 1298 1971 sacrorum
1329 1914 1454 1968 ﬁdei
1484 1914 1796 1984 dogmatum
1831 1920 1945 1967 tra-

369 2008 505 2061 ditio
531 2005 598 2059 ad
629 2022 728 2063 nos
756 2023 928 2077 usque
962 2005 1196 2061 deducta
1223 2013 1326 2059 est.
1356 2003 1540 2073 Neque
1573 2003 1718 2059 aliud
1753 2003 1852 2056 hac
1882 2001 1938 2056 in

371 2116 430 2154 re
474 2099 652 2170 magis
698 2099 1012 2169 lugendum,
1055 2113 1216 2167 quam
1263 2095 1407 2167 quod
1458 2097 1639 2150 omnia
1679 2094 1944 2165 ejusmodi

370 2191 572 2260 scripta
603 2189 668 2244 ad
692 2206 792 2245 nos
833 2205 941 2244 non
972 2190 1148 2245 solum
1182 2203 1289 2242 non
1315 2189 1684 2256 pervenerint,
1716 2186 1810 2242 sed
1843 2202 1944 2241 nec

373 2283 479 2336 ulla
512 2283 745 2352 plurium
791 2289 968 2338 exstet
1017 2281 1250 2350 amplius
1298 2278 1579 2341 memoria,
1631 2293 1732 2334 nec
1774 2278 1942 2331 ullum

370 2391 558 2430 eorum
599 2375 751 2429 ullibi
786 2373 944 2428 nobis
975 2373 1256 2443 vestigium
1299 2369 1558 2438 supersit.

995 2485 1224 2540 CAPUT
1264 2484 1331 2538 Χ.

606 2581 680 2633 De
710 2579 1006 2633 scholarum
1032 2578 1455 2633 Christianarum
1486 2579 1704 2648 origine.

443 2672 744 2726 Adversum
806 2671 1091 2726 haereticos
1147 2687 1254 2725 non
1315 2671 1527 2724 calamo
1583 2670 1849 2723 duntaxat
1891 2678 1945 2724 et

372 2767 615 2838 scriptis,
640 2768 735 2821 sed
759 2768 881 2820 viva
911 2766 1074 2819 etiam
1101 2780 1256 2827 voce.
1283 2764 1564 2833 variisque
1595 2765 1943 2820 sermonibus

369 2858 727 2916 decertabant
757 2858 1054 2926 scriptores
1082 2857 1278 2920 nostri,
1315 2855 1767 2926 Christianosque
1818 2870 1943 2910 cum

371 2967 584 3009 morum
629 2952 938 3020 prazceptis,
993 2957 1106 3003 tum
1140 2949 1262 3003 fidei
1311 2948 1559 3003 doctrina
1597 2946 1942 3002 erudiebant.

373 3043 499 3098 Illos
529 3050 710 3096 autem
734 3058 796 3097 ea
827 3041 1096 3095 docebant
1123 3041 1176 3093 in
1211 3039 1344 3093 locis
1375 3039 1625 3108 privatis,
1670 3053 1734 3092 ac
1765 3053 1942 3108 quan-

2053 539 2291 606 adducti,
2309 542 2673 598 Christianam
2696 545 3033 614 religionem,
3065 546 3307 614 pristinis
3330 548 3611 603 erroribus

2052 630 2339 701 depositis,
2374 635 2456 688 vel
2490 635 2709 704 publica
2732 637 3054 706 sinceraque
3087 637 3427 707 professione
3454 649 3611 694 erant

2051 724 2362 792 amplexati,
2395 727 2607 794 veljam
2625 726 2738 796 jam
2769 729 3172 799 amplexaturos
3204 745 3262 784 se
3291 745 3434 792 esse,
3457 741 3610 787 certo

2052 813 2469 883 pollicebantur.
2506 813 2603 869 His
2653 823 2856 881 autem,
2900 824 2960 871 ut
2993 817 3206 887 plenius
3248 816 3371 872 fidei
3418 818 3610 874 Chris-

2050 904 2211 960 tiana
2239 911 2522 975 praeceptis
2540 913 2594 960 et
2613 905 2956 976 dogmatibus
2974 906 3420 970 informarentur,
3444 923 3609 978 quos-

2049 993 2173 1048 dam
2194 996 2583 1065 prasticiebant,
2612 1013 2752 1067 quos
2773 997 3063 1068 Apostolus
3092 998 3208 1068 ipse
3231 1000 3484 1055 doctores
3512 1017 3610 1068 ap-

2051 1086 2234 1155 pellat,
2253 1094 2306 1142 et
2338 1103 2368 1140 a
2389 1088 2608 1142 ceteris
2634 1088 2746 1142 fere
2768 1088 3023 1143 omnibus
3051 1089 3306 1143 Ecclesiae
3339 1089 3607 1144 ministris

2049 1186 2234 1247 aperte
2266 1178 2553 1232 discernit.
2577 1177 2650 1233 De
2681 1179 2747 1233 iis
2776 1181 2977 1248 quippe
3011 1179 3156 1234 hunc
3185 1181 3240 1234 in
3275 1179 3492 1233 modum
3519 1180 3610 1233 ille

2048 1269 2115 1322 ad
2166 1265 2453 1337 tEphesios
2505 1270 2695 1326 scribit
2724 1291 2735 1325 :
2772 1270 2842 1324 Et
2877 1274 2984 1339 ipse
3020 1272 3161 1326 dedit
3209 1273 3465 1342 quosdam
3497 1275 3610 1342 qui-

2045 1363 2162 1417 dem
2192 1363 2478 1432 apostolos,
2510 1367 2766 1433 quosdam
2796 1381 2914 1419 vero
2936 1366 3235 1434 prophetas,
3266 1366 3402 1420 alios
3433 1375 3616 1418 autem

2045 1462 2283 1522 pastores
2323 1462 2373 1506 et
2399 1453 2636 1507 doctores
2684 1455 2748 1508 ".
2798 1453 2863 1507 Et
2899 1455 2965 1508 ad
3003 1450 3248 1508 Corinth.
3289 1474 3301 1510 ;
3337 1454 3618 1521 Quosdam

2044 1545 2252 1615 quidem
2275 1546 2450 1616 posuit
2477 1545 2618 1599 Deus
2665 1547 2720 1600 in
2767 1545 3026 1608 Ecclesia,
3062 1548 3289 1614 primum
3319 1548 3619 1616 apostolos,

2045 1633 2272 1688 secundo
2321 1633 2625 1703 prophetas,
2675 1635 2824 1687 tertio
2849 1634 3088 1689 doctores
3117 1635 3184 1690 ’⁸.
3227 1635 3400 1691 Porro
3431 1646 3611 1691 autem

2047 1726 2180 1781 illud
2211 1726 2452 1780 doctoris
2483 1741 2681 1780 munus
2708 1725 2982 1796 episcopis
3003 1727 3350 1795 potissimum
3373 1728 3612 1784 delatum

2045 1832 2170 1873 esse
2199 1815 2339 1872 idem
2364 1832 2473 1871 non
2495 1817 2728 1872 obscure
2765 1817 2927 1872 docet
2958 1819 3133 1888 prima
3172 1819 3238 1873 ad
3269 1819 3612 1875 Timotheum

2046 1909 2288 1980 Epistula
2321 1928 2333 1964 :
2369 1908 2587 1978 Oportet
2616 1926 2737 1980 ergo
2782 1912 3078 1979 episcopum
3115 1912 3615 1980 irreprehensibilem

2044 2017 2272 2058 esse.....
2311 2001 2644 2069 hospitalem,
2693 2002 2961 2058 doctorem
2983 2005 3048 2059 ”.
3082 2003 3164 2059 Ad
3215 2003 3395 2060 Titum
3441 2021 3611 2061 vero:

2049 2094 2264 2164 Oportet
2290 2095 2587 2164 episcopum
2620 2097 2733 2148 sine
2769 2097 2992 2150 crimine
3022 2114 3248 2154 esse.....
3299 2099 3616 2168 amplecten-

2047 2197 2148 2241 tem
2175 2204 2314 2251 eum,
2339 2189 2429 2257 qui
2456 2188 2742 2240 secundum
2773 2187 3074 2242 doctrinam
3115 2200 3216 2253 est,
3255 2192 3462 2260 ﬁdelem
3505 2209 3616 2246 ser-

2044 2294 2282 2341 monem;
2313 2287 2370 2330 ut
2397 2287 2578 2346 potens
2619 2279 2691 2332 sit
2713 2279 2986 2333 exhortari
3014 2283 3068 2334 in
3091 2281 3333 2335 doctrina
3363 2301 3538 2348 sacra,
3565 2293 3615 2339 et

2042 2389 2130 2426 eos
2151 2372 2240 2440 qui
2261 2371 2631 2426 contradicunt
2655 2389 2876 2443 arguere
2911 2374 2998 2429 ¹⁰⁶.

2113 2460 2258 2517 Idem
2283 2470 2470 2517 tamen
2512 2462 2756 2518 doctoris
2787 2463 3022 2518 ofﬁcium
3064 2465 3208 2530 aliis,
3241 2467 3498 2536 episcopo
3527 2468 3612 2520 in—

2045 2554 2334 2609 ferioribus
2362 2593 2376 2618 ,
2423 2568 2814 2622 nonnunquam
2875 2554 3326 2610 demandabatur.
3376 2554 3626 2609 Rursum

2043 2646 2186 2701 enim
2218 2644 2419 2701 Paulus
2443 2645 2510 2700 ad
2538 2644 2915 2702 Timotheum:
2941 2646 3046 2714 Qui
3075 2647 3218 2711 bene,
3251 2649 3447 2718 inquit,
3479 2666 3617 2719 pra-

2045 2748 2168 2793 sunt
2227 2738 2538 2809 presbyteri,
2593 2737 2796 2809 duplici
2849 2738 3049 2796 honore
3103 2739 3248 2812 digni
3297 2742 3612 2804 habeantur.

2044 2833 2274 2886 maxime
2309 2832 2399 2902 qui
2441 2831 2688 2885 laborant
2731 2832 2787 2886 in
2833 2832 2984 2886 uerbo
3008 2843 3056 2886 et
3100 2833 3342 2887 doctrina
3373 2835 3411 2890 ¹.
3461 2836 3616 2900 Quod

2046 2925 2094 2980 si
2150 2941 2215 2981 ea
2267 2924 2562 2996 presbyteri
2629 2941 2765 2980 voce
2809 2927 3097 2997 episcopos
3147 2927 3298 2998 ipsos
3341 2926 3617 2998 designari

2055 3015 2394 3087 pertinacius
2424 3017 2748 3081 contendas,
2791 3024 2845 3072 et
2877 3027 2932 3072 tu
2984 3020 3102 3088 ipse
3141 3019 3366 3074 fatearis
3391 3036 3618 3074 necesse

371 3138 551 3206 doque
592 3136 843 3206 publicis,
883 3143 1145 3204 quantum
1181 3133 1460 3204 pacatiora
1493 3134 1942 3202 persecutionum

2051 3120 2137 3166 est
2165 3110 2402 3181 duplicis
2431 3113 2652 3182 generis
2682 3111 2852 3165 fuisse
2883 3111 3194 3181 episcopos,
3223 3127 3456 3180 quorum
3479 3127 3619 3166 non-

371 3235 620 3298 tempora
667 3228 717 3281 id
766 3227 1031 3287 ferebant,
1057 3225 1141 3279 vel
1172 3240 1267 3278 eos
1297 3239 1541 3279 summus
1571 3225 1816 3296 martyrii
1856 3240 1945 3278 ar-

373 3319 474 3373 dor
509 3319 576 3372 ad
607 3316 1006 3388 praedicandam
1040 3315 1196 3370 fidem
1228 3315 1556 3384 impellebat.
1593 3315 1671 3370 Ac
1706 3316 1943 3386 primum

373 3410 591 3480 quidem
628 3417 780 3462 extra
827 3409 1258 3462 controversiam
1305 3418 1388 3465 est
1435 3411 1735 3482 apostolos,
1782 3419 1946 3482 atque

373 3518 562 3558 eorum
607 3501 906 3570 discipulos
948 3501 1002 3555 iu
1032 3503 1272 3556 vicorum
1305 3503 1629 3573 urbiumque
1652 3505 1858 3572 plateas
1894 3513 1946 3559 et

373 3593 635 3662 compita,
670 3593 724 3646 in
753 3591 1063 3646 Judaaorum
1110 3606 1412 3665 synagogas
1442 3603 1495 3650 et
1524 3597 1740 3652 scholas
1770 3598 1948 3667 genti-

375 3687 508 3740 lium
539 3701 660 3741 sese
713 3685 1018 3739 incredibili
1050 3702 1274 3756 prorsus
1298 3687 1494 3743 ardore
1523 3689 1730 3744 idcirco
1755 3699 1946 3745 contu-

375 3779 527 3840 lisse,
559 3786 618 3831 ut
643 3777 992 3848 Evangelium
1014 3778 1238 3841 Christi,
1270 3787 1322 3833 et
1355 3795 1566 3834 sacram
1595 3780 1715 3850 ejus
1741 3781 1948 3836 doctri-

375 3886 502 3926 nam
533 3872 941 3934 annuntiarent,
972 3887 1201 3940 eamque
1236 3873 1629 3942 persuaderent
1670 3875 1944 3930 omnibus.

375 3960 442 4014 Et
483 3976 615 4015 sane
646 3959 847 4014 Paulus
881 3975 1004 4014 cum
1035 3961 1276 4016 Athenas
1309 3963 1548 4018 venisset
1578 3983 1593 4018 :
1633 3963 1946 4032 Disputabat

374 4053 427 4104 in
458 4049 738 4120 Synagoga
766 4066 884 4102 cum
911 4048 1116 4104 Judwis
1144 4061 1193 4105 et
1217 4053 1528 4118 colentibus,
1559 4065 1609 4108 et
1637 4057 1690 4109 in
1717 4057 1832 4124 foro
1858 4074 1948 4125 per

375 4156 553 4193 omnes
576 4141 685 4193 dies
712 4139 781 4192 ad
807 4154 914 4201 eos,
945 4142 1034 4209 qui
1059 4140 1296 4196 aderant.
1331 4141 1560 4208 Quidam
1582 4153 1746 4197 autem
1764 4142 1950 4214 Epicu-

376 4230 452 4282 rei
485 4238 532 4281 et
557 4228 724 4285 Stoici
765 4229 1056 4298 philosophi
1100 4229 1424 4284 disserebant
1483 4248 1600 4284 cum
1646 4249 1703 4286 eo
1722 4233 1790 4295 θ’,
1836 4242 1943 4289 etc.

376 4320 515 4374 Cum
562 4327 742 4375 autem
802 4319 1000 4388 Ephesi
1076 4327 1383 4375 moraretur
1425 4341 1438 4375 :
1488 4320 1848 4391 Introgressus
1894 4326 1948 4379 in

2050 3205 2208 3270 nulli,
2239 3203 2411 3259 Paulo
2439 3212 2600 3271 teste,
2633 3206 2689 3258 in
2717 3204 2868 3258 verbo
2915 3214 2963 3258 et
3001 3204 3242 3259 doctrina
3273 3203 3618 3258 laborabant.

2048 3297 2434 3352 Verumtamen
2463 3304 2516 3352 et
2539 3297 2674 3352 alios
2705 3298 2772 3352 ab
2791 3297 3065 3368 episcopis
3100 3297 3286 3351 munia
3329 3297 3641 3351 doctorum-

2047 3391 2250 3447 obiisse
2269 3389 2412 3444 haud
2433 3390 2666 3445 obscure
2677 3389 3052 3444 demonstrant
3072 3405 3134 3446 ea
3151 3390 3410 3443 Actorum
3425 3387 3615 3442 verba:

2050 3484 2223 3538 Erant
2247 3494 2423 3538 autem
2456 3485 2510 3537 in
2543 3482 2783 3536 Ecclesia
2803 3483 3096 3536 Antiochia:
3122 3482 3386 3552 propheta:
3417 3488 3466 3534 et
3494 3479 3620 3531 dor-

2051 3586 2207 3640 tores,
2249 3577 2303 3629 in
2333 3575 2517 3645 quibus
2542 3585 2591 3629 et
2634 3575 2912 3629 Barnabas
2955 3585 3004 3629 et
3041 3575 3247 3637 Simon,
3275 3575 3363 3643 qui
3403 3574 3621 3628 vocaba-

2050 3677 2137 3722 tur
2177 3667 2362 3738 Niger,
2403 3678 2451 3720 et
2500 3666 2694 3720 Lucius
2737 3665 3070 3736 Cyrenensis,
3127 3675 3175 3720 et
3209 3664 3494 3729 Manahen,
3531 3665 3622 3733 qui

2047 3769 2162 3814 erat
2211 3759 2438 3814 Herodis
2487 3759 2788 3814 Tetrarchae
2834 3759 3214 3822 collactaneus,
3260 3767 3308 3812 et
3356 3757 3616 3813 Saulus‘.

2051 3851 2160 3908 llos
2183 3853 2329 3908 enim
2362 3868 2557 3907 omnes
2585 3861 2640 3907 et
2665 3853 2914 3922 singulos
2951 3852 3018 3906 ad
3041 3852 3362 3921 dignitatem
3406 3852 3620 3920 episco-

2051 3946 2229 4016 palem
2265 3952 2485 3998 evectos
2513 3942 2684 3999 fuisse
2714 3944 2838 4014 quis
2869 3944 3068 3998 audeat
3091 3943 3400 3998 affirmare?

2120 4035 2201 4090 Ad
2232 4036 2543 4091 scholarum
2576 4051 2740 4106 porro
2769 4036 3037 4106 originem
3085 4036 3218 4090 illud
3243 4037 3419 4106 magis
3451 4038 3620 4106 perti-

2051 4145 2182 4184 nere
2212 4128 2440 4184 forsitan
2470 4129 2764 4193 videbitur,
2791 4129 2936 4200 quod
2971 4129 3260 4184 Timotheo
3287 4130 3466 4183 adhuc
3489 4129 3624 4184 scri-

2050 4221 2130 4276 bit
2150 4218 2352 4276 Paulus
2382 4241 2396 4275 :
2429 4219 2560 4286 Qua:
2587 4221 2788 4275 audisti
2816 4239 2848 4274 a
2877 4238 2956 4276 me
2972 4239 3064 4293 per
3091 4223 3283 4276 multos
3313 4231 3486 4285 testes,
3511 4221 3619 4274 lure

2051 4312 2358 4368 commenda
2388 4313 2630 4382 ﬁdelibus
2661 4313 2984 4378 horninibus,
3031 4315 3121 4384 qui
3165 4313 3342 4367 idonei
3393 4322 3543 4368 erunt
3569 4325 3618 4366 et

378 4411 713 4482 Synagogam
741 4429 858 4464 cum
889 4413 1088 4480 ﬁducia
1120 4413 1430 4483 loquebatur
1454 4430 1544 4483 per
1583 4424 1686 4469 tres
1724 4432 1943 4481 menses,
1979 4448 2026 4507 ο
2053 4408 2187 4463 alios
2218 4409 2401 4463 docere
2431 4408 2472 4462 ³.
2520 4407 2597 4462 Ex
2628 4408 2717 4463 his
2777 4408 2979 4478 quippe
3015 4408 3200 4462 verbis
3233 4406 3361 4471 duo,
3402 4422 3523 4475 quae
3551 4407 3618 4460 ad

376 4504 654 4572 disputans
685 4513 734 4556 et
760 4505 986 4559 suadens
1020 4505 1084 4560 de
1107 4524 1263 4575 regno
1307 4507 1424 4563 Dei.
1461 4505 1596 4562 Cum
1625 4518 1800 4562 autem
1824 4511 1946 4579 qui-

376 4595 502 4646 dam
553 4595 932 4650 indurarentur
980 4607 1028 4650 et
1068 4614 1171 4650 non
1226 4599 1514 4661 crederent,
1582 4601 1946 4656 maledicentes

377 4687 516 4740 viam
563 4686 778 4740 Domini
808 4703 988 4739 coram
1028 4687 1387 4751 multitudine,
1424 4691 1694 4745 discedens
1739 4692 1803 4746 ab
1847 4695 1944 4756 eis,

376 4780 660 4849 segregavit
691 4779 999 4848 discipulos,
1047 4779 1278 4849 quotidie
1325 4781 1602 4848 disputans
1667 4785 1722 4836 in
1764 4783 1945 4837 schola

379 4872 592 4939 tyranni
621 4872 919 4940 cujusdam.
956 4872 1071 4925 Hoc
1097 4880 1268 4926 autem
1296 4873 1496 4941 factum
1543 4883 1621 4926 est
1667 4889 1758 4942 per
1804 4875 1948 4929 bien—

375 4965 521 5016 nium
546 5005 560 5026 ,
595 4964 672 5018 ita
713 4973 768 5017 ut
819 4981 996 5017 omnes
1023 4965 1114 5033 qui
1147 4963 1456 5015 habitabant
1488 4965 1541 5017 in
1586 4964 1715 5018 Asia
1739 5005 1754 5029 ,
1793 4966 1942 5019 audi-

376 5066 490 5108 rent
517 5056 726 5110 verbum
757 5057 969 5111 Domini
995 5055 1028 5108 .1
1037 5055 1174 5110 ιιάωὶ
1203 5065 1358 5125 atque
1421 5057 1639 5126 gentiles
1665 5058 1728 5110 ".
1756 5057 1950 5113 Nullus

377 5156 560 5203 autem
617 5150 904 5205 dubitandi
959 5152 1109 5204 locus
1147 5156 1251 5211 est,
1307 5147 1440 5217 quin
1470 5146 1696 5212 Paulus,
1744 5150 1948 5220 aliique

378 5243 634 5309 apostoli,
663 5245 868 5299 similes
921 5242 1044 5297 aliis
1085 5241 1142 5294 in
1174 5239 1312 5294 locis
1352 5239 1754 5308 disputationes
1788 5243 1945 5296 iusti-

378 5333 601 5387 tuerint.

453 5423 512 5477 In
572 5428 814 5494 privatas
865 5443 993 5481 vero
1024 5427 1216 5481 domos
1247 5423 1448 5492 saepius
1499 5422 1535 5476 ii
1565 5421 1901 5492 cogebantur
1928 5467 1943 5489 ,

383 5530 491 5584 quo
524 5532 680 5570 sacra
713 5518 1092 5586 mysteriorum
1130 5524 1443 5570 nostrorum
1495 5514 1809 5584 cognitione
1854 5533 1949 5574 eos

459 5727 502 5755 "
547 5724 662 5777 Art.
700 5741 828 5779 un.
870 5725 949 5777 l7.
1030 5724 1072 5752 "
1104 5724 1219 5778 Act.
1257 5738 1367 5784 χιιι,
1397 5723 1427 5773 8

397 5794 466 5850 ⁸1
527 5795 651 5850 Ιίιιι.
688 5796 844 5858 v,17.
924 5797 939 5824 ¹
971 5795 1088 5850 Art.
1134 5809 1250 5858 xw,
1289 5793 1340 5848 1.
1418 5793 1435 5820 ³
1463 5791 1500 5844 ΙΙ
1537 5791 1675 5845 Ἰ“ιιιι.
1703 5807 1760 5858 ιι,
1795 5797 1838 5844 2.

2052 4500 2362 4556 institutum
2391 4509 2641 4555 nostrum
2675 4501 2909 4554 maxime
2933 4499 3268 4561 conducunt,
3304 4512 3409 4551 non
3440 4498 3622 4566 inepte

2054 4610 2189 4650 sane
2207 4594 2561 4664 colliguntur.
2585 4589 2770 4644 Primo
2795 4590 3011 4662 quidem
3038 4588 3240 4643 Paulus
3273 4587 3620 4642 Timotheum

2053 4687 2305 4742 doctrina
2337 4683 2650 4739 Christiana
2671 4682 2975 4744 erudierat,
3007 4695 3098 4748 per
3136 4679 3328 4733 multos
3363 4688 3542 4742 testes,
3565 4678 3618 4732 id

2056 4784 2161 4841 est,
2181 4791 2364 4830 coram
2387 4774 2595 4838 multis,
2615 4773 2708 4844 qui
2731 4789 2853 4827 eum
2875 4782 2927 4826 et
2944 4770 3227 4825 docentem
3246 4769 3551 4832 audierant,
3565 4776 3620 4823 et

2053 4867 2266 4925 traditae
2309 4867 2593 4923 Timotheo
2659 4865 2925 4919 doctrinae
2987 4860 3400 4931 locupletissimi
3452 4866 3621 4916 testes

2051 4971 2230 5018 erant.
2257 4960 2423 5030 Atqui
2475 4959 2522 5013 si
2571 4957 2776 5011 Paulus
2813 4953 3160 5009 Timotheum
3207 4953 3474 5022 aliosque,
3526 4953 3620 5021 qui

2049 5071 2172 5110 eum
2195 5051 2450 5109 audiendi
2471 5065 2640 5105 causa
2659 5049 2714 5103 in
2743 5048 2998 5104 eumdem
3023 5047 3201 5101 locum
3225 5053 3619 5109 convenerant,

2051 5149 2131 5203 sic
2164 5146 2415 5201 doctrina
2450 5143 2574 5197 fidei
2614 5142 2874 5206 instituit,
2923 5139 3048 5208 quis
3077 5136 3412 5192 inficiabitur
3441 5137 3624 5206 ipsum

2053 5239 2243 5294 eodem
2273 5235 2503 5290 docendi
2535 5234 2699 5289 modo
2749 5234 2887 5288 alios
2913 5247 3131 5302 quoque
3160 5230 3461 5301 discipulos
3491 5245 3620 5285 suos

2056 5331 2253 5389 iisdem
2286 5328 2552 5383 imbuisse
2581 5326 2880 5381 institutis?
2912 5323 3165 5379 Secundo
3201 5324 3404 5378 Paulus
3436 5322 3624 5376 Timo-

2053 5424 2179 5477 theo
2212 5419 2455 5490 prrecipit
2494 5417 2634 5471 alios
2682 5415 2903 5479 docere,
2939 5413 2992 5468 id
3022 5422 3108 5469 est
3137 5414 3325 5468 eadem
3374 5429 3495 5483 quze
3549 5412 3619 5464 ab

2054 5519 2172 5586 ipso
2202 5512 2469 5573 audierat,
2502 5509 2623 5564 aliis
2649 5509 2837 5564 eadem
2885 5507 3140 5562 methodo
3183 5508 3418 5561 tradere.
3465 5504 3617 5570 Quod

1545 5723 1587 5753 ’⁷
1679 5715 1873 5784 liphcs.
1903 5733 1945 5770 tv

2049 5727 2087 5778 I.
2143 5725 2187 5756 "
2225 5719 2390 5777 illm“.
2429 5737 2520 5786 xu,
2553 5720 2640 5772 :28.
2719 5715 2762 5749 ”
2798 5717 2811 5770 Ι
2841 5717 2974 5770 Tim.
3010 5733 3093 5782 ιιι,
3120 5715 3171 5769 9..
3196 5723 3261 5754 "-0
3305 5708 3404 5762 Tit.
3429 5706 3604 5769 1,7,9.
