4076 6280
406 349 479 402 29
1297 350 1485 405 PRIMI
1528 351 1885 408 ECCLESUE
1925 352 2194 408 SzECULI
2233 352 2759 412 SCRIPTORIBUS.
3574 360 3644 412 56

405 463 635 532 quidem
660 471 760 518 eta
789 465 1208 521 successoribus
1236 467 1358 537 ejus
1381 468 1676 539 diligenter
1702 467 1872 522 fuisse
1892 466 1986 521 ob-
2011 475 2058 529 Α
2155 464 2342 536 Neque
2367 483 2495 521 vero
2528 466 2703 536 prima
2748 465 3014 520 duntaxat
3056 467 3220 539 hujus
3261 468 3465 524 schola
3491 470 3645 524 initia

408 562 711 619 servatum,
745 554 954 619 nullus,
988 558 1204 626 opinor,
1228 561 1523 630 negaverit.
1555 561 1623 614 At
1649 575 1813 629 porro
1845 559 1890 615 si
1913 559 1982 614 iis
2083 555 2286 610 indicat
2328 555 2619 622 Eusebius,
2683 571 2872 610 verum
2900 557 3064 610 etiam
3096 557 3227 628 quid
3263 559 3318 612 in
3351 575 3414 612 ea
3460 558 3650 615 decen

405 645 570 707 locis,
602 646 654 699 in
677 645 882 715 quibus
909 647 1197 703 docentem
1225 648 1453 704 Paulum
1483 658 1565 705 tot
1601 649 1846 718 tantique
1866 648 1981 703 dis-
2080 650 2413 720 tractarique
2471 649 2693 713 soleret,
2750 649 3062 704 luculenter
3117 658 3233 703 tum
3275 654 3467 721 aperit,
3520 668 3645 707 cum

403 737 577 808 cipuli
614 737 932 806 audierunt,
965 755 1161 795 nomen
1197 741 1398 797 schola
1442 741 1698 812 deneges,
1737 741 1832 795 tibi
1855 741 1978 810 qui-
2077 755 2196 795 eam
2229 755 2511 795 sacrarum
2539 741 2846 796 litterarum
2871 743 3113 796 scholam
3138 744 3391 812 appellat.
3440 743 3537 799 His
3569 747 3648 800 si-

401 827 524 883 dem
577 844 689 883 non
733 829 961 885 omnino
1013 832 1467 902 repugnabimus;
1519 831 1681 886 modo
1734 832 1801 886 ad
1852 833 1976 887 illos
2076 829 2296 899 quidem
2333 832 2517 888 verbis
2541 831 2632 887 ille
2653 833 2816 889 nobis
2856 843 3040 903 aperte
3066 834 3309 888 declarat
3333 850 3519 891 sacras
3549 837 3646 890 lit-

397 918 633 989 primam
663 917 1107 974 Christianarum
1143 921 1457 976 scholarum
1505 921 1773 993 originem
1810 922 1977 977 redu-
2074 929 2243 984 teras,
2265 922 2320 976 id
2361 931 2465 989 est,
2498 939 2690 980 sacros
2724 925 2937 982 Veteris
2960 935 3014 982 et
3048 925 3185 981 Novi
3217 926 3549 982 Testamenti
3576 929 3642 982 li-

394 1011 624 1064 cendam
656 1026 780 1066 esse
806 1012 1101 1068 concedas.
1322 1036 1324 1038 τ
2073 1011 2201 1066 bros
2225 1012 2299 1065 ibi
2329 1028 2359 1065 a
2387 1011 2707 1070 doctoribus
2730 1025 2784 1069 et
2815 1015 3093 1086 magistris
3122 1016 3295 1071 fuisse
3316 1017 3642 1087 explicatos.

465 1100 656 1156 Primo
676 1110 859 1158 tamen
900 1103 1162 1159 Ecclesiae
1208 1105 1431 1169 saeculo,
1485 1105 1726 1159 nondum
1760 1106 1967 1174 elapso,
2068 1101 2178 1156 Nec
2199 1102 2488 1158 obscurius
2511 1105 2674 1173 paulo
2695 1115 2818 1175 post
2834 1107 3000 1161 tradit
3018 1106 3144 1160 huic
3167 1122 3445 1160 sacrarum
3463 1105 3646 1177 Scrip-

392 1193 660 1262 quasdam
716 1193 1155 1250 Christianorum
1206 1196 1446 1260 scholas,
1500 1197 1716 1266 praprie
1768 1196 1964 1261 dictas,
2068 1203 2316 1248 turarum
2363 1195 2712 1264 explicationi
2760 1198 3028 1264 adjectam
3056 1197 3365 1251 divinorum
3415 1195 3636 1267 dogma-

386 1283 501 1350 jam
549 1283 830 1338 institutas
876 1283 1066 1352 fuisse,
1085 1284 1320 1340 deducto
1362 1301 1428 1341 ex
1459 1284 1681 1341 Eusebii
1719 1284 1958 1340 Historia
2066 1295 2180 1340 tum
2207 1286 2642 1354 explanationem
2676 1307 2688 1342 :
2731 1289 3063 1355 Divinarum,
3097 1288 3296 1359 inquit,
3333 1288 3640 1360 dogmatum

389 1388 504 1428 non
532 1374 634 1429 levi
666 1377 828 1446 plane
873 1385 1216 1448 argumento,
1260 1378 1444 1449 colligi
1479 1394 1642 1448 posse
1683 1385 1961 1449 putamus.
2067 1374 2339 1430 thesauros
2369 1379 2628 1446 exposuit.

390 1466 468 1520 lbi
495 1468 642 1521 enim
667 1468 734 1524 de
759 1467 1040 1534 Pantano,
1063 1468 1446 1525 Alexandrina
1462 1470 1662 1525 scholae
1681 1469 1958 1540 praefecto,
2130 1465 2246 1532 Qua
2271 1476 2450 1522 autem
2473 1470 2728 1524 methodo
2742 1469 2792 1525 id
2812 1470 2982 1537 fieret,
2997 1472 3075 1527 sic
3093 1472 3417 1542 ipseibidem
3439 1471 3631 1528 docet:

389 1558 830 1630 hacleguntur‘:
855 1560 958 1616 Per
981 1560 1118 1616 idem
1141 1561 1678 1631 tempus,Commodo
1699 1562 1958 1616 nimirum
2060 1555 2268 1612 Partim
2292 1560 2406 1613 viva
2426 1576 2562 1626 voce,
2589 1561 2785 1630 inquit,
2817 1564 3011 1630 partim
3046 1564 3279 1631 scriptis.
3300 1561 3475 1616 lnhac
3503 1577 3633 1632 ergo

387 1650 715 1720 imperante,
767 1651 1006 1720 ﬁdelium
1061 1653 1254 1707 schola
1301 1662 1527 1721 praeerat
1575 1654 1653 1707 vir
1700 1653 1958 1708 doctrinae
2056 1648 2438 1706 Alexandrina
2465 1651 2726 1708 Ecclesia
2743 1655 2930 1708 schola
2957 1662 3010 1709 et
3037 1670 3195 1709 sacra
3230 1654 3539 1725 Scriptura,
3567 1661 3624 1709 et

385 1754 550 1791 causa
594 1739 978 1805 celeberrimus,
1028 1744 1237 1796 nomine
1272 1741 1602 1806 Pantaenus;
1632 1744 1816 1813 quippe
1835 1743 1954 1812 jam
1987 1809 2013 1813 _
2056 1739 2240 1794 divina
2274 1741 2394 1796 (idei
2413 1741 2736 1797 Christiana
2777 1743 3048 1812 dogmata,
3079 1745 3274 1813 partim
3309 1746 3427 1798 viva
3465 1759 3624 1807 voce,

381 1828 505 1881 inde
557 1846 590 1882 a
656 1831 846 1898 priscis
911 1833 1227 1901 temporibus
1300 1850 1579 1888 sacrarum
1643 1809 1951 1888 Ilitterarum
1983 1809 2256 1900 Bpartim
2278 1833 2496 1902 scriptis
2527 1809 3628 1904 explanabantur.AlcumEusebiusillud

377 1921 582 1985 schola,
629 1924 683 1976 in
711 1923 893 1978 eadem
939 1925 1172 1988 civitate,
1209 1924 1599 1990 Alexandrina,
1633 1926 1808 1993 fuerat
1848 1927 1953 1980 ins-
2048 1921 2440 1992 idemapriscis
2458 1925 2775 1993 temporibus
2792 1925 2991 1979 factum
3006 1927 3628 1989 esseassevcret,nullus

377 2017 562 2080 tituta,
605 2031 722 2085 qua:
762 2015 970 2086 quidem
1014 2025 1199 2070 nostra
1250 2024 1404 2071 aetate
1442 2017 1612 2071 adhuc
1639 2027 1951 2086 perseverat.
2051 2015 2242 2085 procul
2270 2013 2437 2069 dubio
2467 2016 2745 2086 negaverit
2775 2017 3020 2070 eamdem
3054 2015 3287 2070 docendi
3311 2017 3626 2071 methoduni

375 2108 540 2177 Atqui
571 2106 904 2164 Commodus
935 2109 1004 2164 ab
1047 2123 1192 2164 anno
1222 2109 1326 2164 180
1370 2109 1438 2164 ad
1469 2124 1673 2164 annum
1705 2111 1808 2164 195
1841 2107 1952 2164 Ro-
2051 2106 2106 2158 in
2140 2105 2546 2175 antiquioribus
2589 2106 2836 2174 ejusdem
2877 2105 3140 2161 Ecclesia
3168 2106 3395 2168 scholis,
3431 2106 3627 2176 quidm

375 2199 524 2253 mani
571 2199 786 2268 imperii
839 2199 996 2255 frena
1047 2201 1459 2256 moderabatur.
1511 2200 1616 2256 Per
1673 2201 1776 2255 hoc
1821 2216 1953 2271 ergo
2049 2197 2186 2252 etin
2219 2198 2343 2251 aliis
2383 2198 2657 2267 pluribus,
2705 2197 2876 2253 fuisse
2905 2198 3274 2253 observatam.
3317 2196 3489 2252 Porro
3527 2212 3627 2251 au-

376 2295 593 2358 tempus
644 2287 937 2346 Pantaenus
998 2291 1202 2347 schola
1269 2291 1656 2347 Alexandrina
1704 2292 1941 2361 praefuit.
2045 2296 2157 2344 tem
2187 2297 2314 2344 ante
2338 2297 2393 2344 et
2416 2297 2539 2358 post
2569 2290 2806 2359 scriptos
2832 2297 2996 2359 atque
3024 2291 3334 2360 publicatos
3371 2289 3496 2343 novi
3520 2287 3624 2344 ita.

373 2379 510 2432 Cum
559 2380 744 2450 itaque
789 2380 1061 2437 Eusebius
1109 2382 1360 2438 eamdem
1407 2382 1650 2438 scholam
1687 2400 1721 2436 a
1757 2383 1943 2452 priscis
2049 2382 2197 2437 deris
2229 2381 2474 2444 codices,
2519 2381 2754 2451 apostoli
2781 2397 3084 2452 eorumque
3122 2381 3383 2451 discipuli
3431 2379 3624 2435 Chris-

373 2471 692 2539 temporibus
721 2472 1027 2528 institutam
1068 2472 1241 2529 fuisse
1273 2481 1504 2541 asserat,
1543 2473 1670 2530 inde
1700 2474 1944 2544 profecto
2049 2474 2212 2528 tianis
2241 2472 2427 2528 eadem
2451 2472 2797 2543 explicabant
2835 2473 2958 2527 lidei
2987 2471 3262 2542 dogmata,
3291 2487 3461 2541 eaque
3488 2486 3621 2541 pro-

370 2577 478 2615 non
495 2563 906 2634 improbabilem
920 2563 1173 2620 ducimus
1184 2564 1579 2634 conjecturam,
1595 2565 1708 2634 jam
1723 2580 1752 2618 a
1767 2567 1945 2635 primo
2049 2565 2335 2634 phetarum
2359 2565 2620 2628 oraculis,
2645 2564 2875 2634 aliisque
2887 2564 3103 2620 Veteris
3124 2561 3482 2618 lustrumenti
3508 2571 3620 2616 tes-

369 2649 628 2706 Ecclesia
680 2652 883 2707 saculo
925 2653 1071 2723 jacta
1114 2652 1286 2710 fuisse
1325 2654 1526 2711 schola
1568 2655 1716 2710 illius
1745 2653 1944 2709 funda-
2050 2658 2320 2722 timoniis,
2359 2672 2424 2710 ae
2467 2656 2690 2711 tandem
2718 2672 2827 2710 non
2859 2657 3039 2711 solum
3066 2654 3250 2709 divina
3277 2653 3481 2709 Christi
3520 2670 3618 2708 au-

363 2755 571 2808 menta,
599 2761 700 2801 nec
728 2761 850 2801 eam
877 2748 1042 2801 alium
1075 2747 1312 2803 fortasse
1334 2763 1496 2819 quam
1520 2746 1758 2802 Marcum
1783 2763 1944 2802 evan.
2046 2749 2322 2812 ctoritate,
2361 2747 2635 2817 variisque
2679 2745 2979 2810 miraculis,
3015 2745 3137 2815 ejus
3167 2743 3387 2800 nomine
3427 2743 3614 2806 editis,

361 2838 638 2907 gelistam,
675 2839 915 2908 primum
945 2840 1288 2896 Alexandria
1317 2841 1658 2914 episcopum,
1681 2840 1941 2896 habuisse
2045 2839 2466 2901 conﬁrmabant.
2519 2839 2613 2896 sed
2653 2838 2952 2910 saepissime
2981 2836 3104 2894 l'uso
3132 2837 3298 2892 etiam
3348 2834 3615 2907 sanguine

357 2935 662 2982 auctorem.
2047 2933 2462 3004 consignabant.

420 3137 444 3169 ⁸
474 3135 706 3202 Euseb.,
736 3137 835 3193 lib.
869 3155 902 3192 v
935 3137 1101 3206 Hist.,
1138 3155 1257 3208 cap.
1299 3139 1380 3195 l0.
