4074 6286
397 351 463 408 Et
1527 347 1615 401 AD
1656 345 1715 401 S.
1755 342 2178 399 CLEMENTEM
2217 342 2239 396 ι
2275 339 2504 397 PAPAM
3568 336 3634 401 5!

1090 683 1298 893 S.
1464 676 2686 937 CLEMENS
2841 681 2935 883 Ι

1242 1020 1967 1207 PONTIFEX
2063 1026 2781 1145 ROMANUS.

437 490 3498 528 Μ

763 1421 1201 1501 ΝΟΤΙΤΙΑ
1269 1420 1391 1496 EX
1451 1418 1751 1497 LlBRO
1817 1413 2486 1496 PONTIFICALI
2565 1411 2942 1491 DAMASI
3012 1411 3317 1491 PAPIE.

444 1597 639 1664 (MANSI,
667 1594 866 1659 Concil.,
895 1597 935 1658 Ι,
954 1596 1097 1645 85.-
1118 1593 1185 1646 Cl.
1214 1595 1458 1642 variorum
1484 1598 1626 1641 notas
1649 1592 1709 1641 ad
1725 1590 1855 1640 hunc
1879 1592 2043 1640 locum
2064 1586 2200 1639 Libri
2234 1591 2339 1641 Pon
2356 1562 2565 1648 tiﬂcalis,
2594 1590 2733 1639 Patr.
2778 1583 2958 1637 latinas
2993 1591 3028 1635 t.
3055 1585 3282 1646 CXXVII,
3305 1586 3400 1635 ool.
3444 1584 3607 1647 1079.)

472 1820 712 1877 Clemens
728 1822 936 1875 natione
957 1819 1248 1882 Romanus,
1260 1816 1323 1871 de
1337 1816 1542 1887 regione
1556 1814 1721 1872 Cwlio
1734 1828 1927 1884 monte,
1940 1836 2004 1874 ex
2015 1827 2164 1889 patre
2179 1814 2460 1878 Faustino,
2474 1813 2608 1868 sedit
2623 1814 2773 1868 annis
2802 1812 2835 1868 9
2856 1812 3048 1881 Imens.
3067 1827 3127 1876 ιι,
3139 1809 3173 1863 d
3183 1851 3196 1865 .
3213 1806 3295 1881 x}.
3319 1807 3447 1861 Fuit
3464 1819 3639 1862 autem

406 1914 723 1984 temporibus
738 1912 919 1967 Galba:
930 1923 979 1965 et
1007 1910 1335 1979 Vespasiani,
1351 1925 1383 1962 a
1397 1907 1676 1963 consulatu
1692 1909 1908 1981 Tragali
1923 1907 2247 1984 [Trachale
2265 1916 2314 1962 et
2335 1904 2541 1970 Italici,
2556 1921 2717 1976 usque
2728 1905 2795 1959 ad
2827 1904 3204 1975 Vespasianum
3220 1918 3356 1956 nono
3367 1910 3415 1955 et
3437 1898 3613 1953 Titum
3624 1942 3637 1955 .

408 2007 511 2061 llic
526 2024 644 2060 cum
659 2005 999 2059 multolibros
1018 2005 1129 2058 zelo
1146 2002 1268 2067 ﬁdei
1287 2012 1335 2055 et
1350 1999 1669 2057 Christianae
1684 2003 1951 2076 religionis
1969 2003 2239 2064 scriberet,
2252 2000 2508 2068 martyrio
2526 2006 2832 2053 coronatur.
2853 1996 2955 2052 Hic
2968 1998 3090 2068 fecit
3109 2012 3183 2051 vn
3237 1995 3469 2065 regiones
3486 1992 3647 2047 dividi

404 2100 629 2153 notariis
659 2098 904 2168 fidelibus
927 2097 1198 2157 Ecclesiae,
1223 2096 1313 2166 qui
1333 2104 1481 2164 gesta
1510 2106 1803 2166 martyrum
1822 2098 2046 2153 sollicite
2069 2106 2119 2152 et
2145 2096 2375 2160 curiose,
2398 2092 2751 2163 unusquisque
2770 2108 2862 2161 per
2902 2093 3162 2162 regionem
3186 2107 3359 2154 suam,
3384 2087 3648 2160 perquire-

403 2199 538 2244 rent.
574 2187 674 2241 Hic
702 2187 827 2257 fecit
854 2187 989 2241 duas
1016 2184 1288 2255 epistolas,
1342 2200 1459 2253 quae
1488 2183 1772 2240 Canonica:
1806 2190 2168 2240 nominantur.
2203 2184 2306 2239 Hic
2333 2198 2398 2237 ea:
2422 2192 2678 2251 praecepto
2707 2181 2773 2237 Β.
2801 2181 2949 2236 Petri
2979 2182 3204 2251 suscepit
3245 2181 3495 2237 Ecclesia:
3518 2198 3648 2251 pone

404 2282 667 2350 tiﬁcatum
696 2278 1117 2349 gubernandum,
1140 2277 1274 2330 sicut
1296 2277 1343 2329 ei
1361 2276 1537 2345 fuerat
1566 2294 1599 2329 a
1623 2276 1849 2332 Domino
1869 2276 1999 2332 Iesu
2021 2276 2229 2333 Christo
2256 2273 2508 2330 cathedra
2539 2273 2738 2327 tradita
2767 2273 2843 2327 vel
2871 2274 3171 2328 commissa.
3206 2272 3403 2327 Tamen
3434 2273 3489 2327 in
3516 2272 3647 2342 Epi—

403 2372 540 2424 stola
569 2387 687 2441 qua:
715 2373 784 2425 ad
805 2370 1064 2424 Jacobum
1093 2369 1290 2436 scripta
1319 2377 1421 2433 est,
1455 2371 1685 2439 qualiter
1706 2372 1753 2425 ei
1774 2373 2057 2427 commissa
2086 2381 2164 2427 est
2190 2388 2222 2423 a
2252 2368 2319 2423 B.
2352 2368 2512 2423 Petro
2536 2367 2799 2435 Ecclesia,
2831 2369 3071 2437 reperies.
3101 2365 3227 2421 Ideo
3255 2364 3419 2420 Linus
3448 2375 3498 2420 et
3529 2365 3649 2421 Cle-

405 2472 488 2517 tus
516 2472 636 2516 ante
674 2479 792 2517 eum
830 2460 1255 2524 conscribuntur,
1287 2462 1413 2532 quia
1454 2461 1519 2515 ab
1546 2464 1659 2531 ipso
1692 2462 1943 2535 Principe
1978 2464 2364 2536 apostolorum,
2401 2461 2471 2516 ad
2509 2463 2862 2517 ministerium
2896 2462 3226 2518 sacerdotale
3301 2460 3648 2515 exhibendum

404 2565 523 2611 sunt
543 2555 767 2624 episcopi
794 2554 1047 2610 ordinati.
1073 2553 1176 2609 Hic
1198 2554 1321 2623 fecit
1348 2555 1709 2611 ordinationes
1733 2556 1867 2612 duas
1888 2575 1979 2628 per
2004 2574 2231 2614 mensem
2254 2555 2609 2620 Decembrem,
2636 2554 2963 2626 presbyteros
2999 2554 3196 2621 decem,
3219 2556 3469 2611 diaconos
3490 2554 3645 2617 duos,

403 2650 674 2717 episcopos
699 2662 791 2715 per
818 2647 1028 2701 diversa
1059 2646 1175 2701 loca
1203 2648 1523 2718 quindecim.
1555 2648 1933 2723 Obiit'martyr
1964 2668 2103 2707 anno
2147 2648 2371 2721 Trajani
2404 2650 2576 2704 tertio.
2610 2648 2714 2716 Qui
2734 2650 2893 2704 etiam
2910 2650 3143 2719 sepultus
3159 2660 3235 2705 est
3264 2652 3321 2705 in
3344 2647 3551 2705 Crteeia
3587 2664 3641 2704 Ix

406 2735 633 2793 Kalend.
667 2738 905 2794 Decemb.
939 2735 1010 2791 Et
1037 2740 1256 2793 cessavit
1285 2739 1615 2808 episcopatus
1637 2740 1748 2795 dies
1779 2756 1893 2797 ιιι.

1010 3004 2011 3164 VARIORUM
2115 2971 3049 3161 .PRooaMIA

1628 3266 2454 3328 HlSTORlCO-LITTERARIA

708 3447 858 3538 AD
928 3446 1577 3541 EPISTOLAS
1633 3446 2049 3538 SANCTI
2129 3447 2811 3539 CLEMENTIS
2876 3448 2912 3537 Ι
2994 3446 3364 3535 PAPIE.

423 2866 3652 2900 Ἦ

1026 3938 1244 4066 EX
1333 3880 2073 4068 EDiTIONE
2172 3942 3063 4071 COTELERII.

1402 4174 1608 4239 (Patres
1625 4176 1894 4239 apostolici,
1920 4178 2299 4239 Amsteltedami,
2326 4177 2463 4239 1721.,
2486 4174 2672 4236 ln—t‘ol.)

1206 4427 1896 4545 VETEBUM
1985 4349 2869 4547 TESTIMONIA

968 4660 1116 4747 DE
1191 4660 1605 4753 SANCTI
1682 4667 2357 4847 CLEMENTIS
2432 4664 3097 4759 EPISTOLIS.

1297 4878 1357 4936 S.
1401 4881 1646 4939 illENA-ZUS
1671 4926 1687 4950 ,
1723 4887 1816 4942 lib.
1850 4904 1950 4954 ιιι,
1981 4888 2230 4944 adversus
2275 4889 2551 4951 Ilwreses,
2579 4903 2700 4957 cap.
2741 4889 2793 4943 3.

668 4966 1040 5032 Interpretatio
1066 4979 1228 5024 vetus.
1476 4972 1633 5044 Apud
1658 4977 1951 5036 Eusebium
1977 4982 2121 5036 Hist.
2160 4981 2287 5036 eccl.
2318 4982 2352 5035 l.
2386 4997 2438 5044 ν,
2466 4996 2516 5035 c.
2547 4980 2599 5033 6.
2858 4977 3238 5047 lnterpretatio
3272 4974 3485 5030 Valesii.

495 5095 814 5154 Fundantes
844 5105 1007 5169 Igitur
1034 5105 1088 5153 et
1119 5098 1455 5188 instruentes
1589 5101 2027 5173 Θεμελιώσαντες
2053 5102 2104 5159 οἰ

2053 5102 2147 5159 οὖν
2166 5108 2258 5160 καὶ
2278 5108 2554 5179 οἰκοδομή·
2698 5110 2945 5165 Fundata
2968 5109 3079 5179 iam
3105 5116 3160 5163 et
3180 5106 3445 5163 aediﬁcata
3470 5105 3658 5162 Eccle-

423 5185 567 5240 beali
626 5187 855 5257 apostoli
922 5185 1263 5251 Ecclesia"),
1316 5185 1453 5241 Lino
1527 5209 1715 5258 σαντες
1745 5196 1793 5248 οἱ
1832 5197 2032 5269 μακάρι

2050 5215 2087 5253 ι.
2142 5200 2428 5251 ἀπόστολοι
2456 5201 2553 5273 τὴν
2626 5204 2705 5257 sia
2730 5242 2743 5266 ,
2774 5198 3077 5256 beatissimi
3109 5197 3341 5268 apostoli
3372 5198 3659 5267 episcOpa-

424 5282 795 5351 episcopatum
864 5281 1307 5338 administranda:
1352 5281 1454 5337 Ec-
1537 5284 1879 5357 Ἐκκλησίαν,
1910 5289 2033 5360 Δίνη

2045 5290 2178 5361 »τὴν
2208 5291 2306 5361 τῆς
2334 5293 2555 5346 ὲπισκο-
2625 5302 2714 5349 tus
2776 5291 3013 5347 oﬂicium
3088 5288 3227 5343 Lino
3289 5288 3654 5346 tradiderunt.

424 5372 603 5425 clcsia:
663 5373 1026 5428 tradiderunt.
1091 5372 1265 5443 Hujus
1332 5373 1454 5428 Lini
1531 5377 1643 5448 πῆς
1668 5377 2033 5451 λειτουργίαν

2045 5382 2381 5455 ἐνεχείρισαν.
2418 5384 2552 5438 Tob-
2625 5383 2799 5454 Hujus
2833 5382 2954 5436 Lini
2986 5380 3316 5436 mentionem
3348 5379 3480 5434 facit
3511 5377 3654 5438 Pan-

426 5467 628 5523 Daulus
652 5468 706 5521 in
738 5468 824 5523 bis
847 5484 967 5537 qua:
1002 5476 1131 5523 sunt
1161 5466 1229 5521 ad
1267 5466 1453 5521 Timo-
1526 5468 1725 5521 τουτοῦ
1740 5471 2035 5525 ΛίνουΠαῦῖ

2045 5475 2558 5545 ιοςὲνταῖςπρὸςΤι-
2630 5475 2715 5529 lus
2774 5474 2829 5528 in
2885 5472 3111 5528 Litteris
3176 5472 3245 5527 ad
3293 5472 3654 5527 Timotheum.

425 5562 608 5615 themn
636 5562 854 5617 Litteris
897 5562 1164 5616 meminit.
1200 5560 1454 5617 Succedit
1528 5560 1718 5631 μόθεον
1754 5562 2034 5617 Ἐπιστολα

2047 5566 2089 5627 ῖς
2122 5564 2421 5635 μέμνηται·
2451 5565 2557 5617 δια·
2629 5564 2767 5620 liuic
2810 5565 3081 5619 successit
3128 5562 3477 5617 Auencletus.
3526 5558 3656 5613 Post

426 5662 606 5705 autem
634 5654 682 5705 ei
708 5653 1016 5708 Anacletus.
1045 5651 1173 5707 Post
1195 5668 1319 5707 eum
1347 5661 1452 5708 tcr-
1524 5653 1975 5724 δέχεταιδὲαὺτὸν
2005 5657 2035 5706 ’1

2049 5654 2353 5725 ινέγκλητος
2377 5674 2388 5685 ·
2423 5656 2560 5727 μετὰ
2631 5672 2791 5726 quem
2816 5656 2976 5710 tertio
3000 5655 3069 5709 ab
3092 5654 3355 5724 apostolis
3384 5654 3502 5705 loco
3523 5667 3658 5719 pon-

426 5750 503 5801 tio
533 5747 649 5802 loco
682 5748 746 5803 ab
777 5747 1034 5817 apostolis
1080 5747 1449 5817 episcopatum
1528 5744 1715 5799 τοῦτον
1735 5745 1788 5799 δὲ
1805 5746 1969 5814 τρίτῳ
1993 5762 2035 5798 τε

2048 5746 2265 5815 mpr
2294 5747 2399 5799 τῶν
2428 5748 2558 5800 ἀπο·
2633 5748 2898 5803 lilicatum
2960 5745 3185 5803 sortitus
3240 5751 3319 5799 est
3375 5743 3657 5805 Clemens;
