4074 6286
320 413 386 466 55

1543 390 1902 447 ῬῐὶΟίΕΜῐΑ
1935 387 2318 446 VARIORUM.

1277 507 1335 563 S.
1361 504 1629 570 IRENAEUS,
1656 505 1752 563 lib.
1783 522 1842 560 Ill
1865 504 2113 559 adversus
2143 503 2407 565 Ha’resea,
2438 514 2555 571 cap.
2587 501 2643 556 5.

561 606 959 677 Interpretatio
987 614 1151 660 vetus.

329 704 543 762 sortitur
580 699 886 764 Clemens;
935 697 1029 768 qui
1102 702 1156 751 et
1231 692 1366 748 vidit

328 796 473 866 ipsos
509 789 821 861 apostolos,
860 797 918 843 et
961 785 1192 841 contulit
1238 798 1361 837 cum

327 888 437 951 eis;
485 891 539 938 et
589 896 722 935 cum
775 880 960 935 adhuc
1019 878 1361 932 insonantem

328 972 774 1044 praedicationem
845 967 1214 1040 apostolorum
1239 1004 1253 1029 ,
1312 971 1364 1019 et

325 1068 675 1123 traditionem
718 1070 848 1118 ante
876 1060 1068 1115 oculos
1105 1057 1360 1119 haberet,

327 1173 437 1210 non
468 1156 659 1211 solus:
695 1151 876 1205 adhuc
904 1149 1046 1205 enim
1074 1146 1232 1200 multi
1270 1160 1363 1200 su-

330 1258 582 1322 pererant
603 1258 761 1311 tunc,
797 1246 868 1300 ab
904 1242 1166 1314 apostolis
1193 1240 1361 1294 docti.

330 1346 449 1402 Sub
480 1346 583 1400 hoc
616 1344 785 1415 igitur
810 1340 1114 1400 Clemente,
1151 1333 1367 1389 dissen-

333 1444 489 1498 sione
526 1456 636 1496 non
678 1438 896 1494 modica
946 1436 1089 1489 inter
1135 1448 1229 1487 eos
1271 1430 1365 1501 qui

332 1529 580 1585 Corinthi
639 1534 828 1582 essent
895 1523 1092 1577 fratres
1170 1518 1362 1587 facta,

334 1618 696 1689 scripsitque
712 1626 793 1671 est
808 1614 993 1669 Roma:
1005 1609 1249 1665 Ecclesia
1268 1624 1366 1679 po-

334 1711 676 1767 tentissimas
716 1709 926 1763 litteras
948 1702 1267 1765 Corinthiis,
1297 1701 1365 1755 ad

332 1819 521 1874 pacem
568 1817 663 1856 eos
708 1812 1063 1869 congregans,
1111 1800 1165 1848 et
1210 1807 1367 1862 repa-

332 1910 463 1949 rans
494 1892 653 1947 ﬁdem
681 1905 867 1946 eorum
890 1929 904 1953 ,
936 1895 989 1943 et
1033 1884 1365 1940 annuntians

331 1999 494 2054 quam
536 1980 595 2035 in
630 1979 839 2035 recenti
872 1980 939 2032 ab
968 1975 1230 2049 apostolis
1273 1988 1366 2028 ac-

330 2082 556 2145 ceperat
599 2072 945 2127 traditionem
974 2110 987 2133 ,
1031 2066 1359 2121 annuntian-

333 2174 440 2221 tem
491 2179 660 2218 unum
708 2164 876 2217 Deum
917 2158 1362 2234 omnipotentem,

333 2260 595 2313 factorem
630 2257 754 2313 cceli
776 2265 830 2312 et
860 2265 1041 2317 teme,
1068 2254 1365 2323 plasmato—

1426 599 1580 670 Apud
1612 598 1902 655 Eusebium
1926 598 2069 654 Hist.
2100 597 2241 651 Eccl.
2268 596 2304 650 l.
2324 612 2378 649 ν.
2401 608 2450 648 c.
2482 593 2536 647 6-

1438 691 1641 744 στόλων
1686 691 1784 761 τὴν
1825 691 2129 762 ἐπισκοπὴν
2173 685 2471 760 κληροῦται

1434 791 1688 859 Κλήμης⁸
1717 785 1746 835 ὁ
1775 784 1869 837 καὶ¹
1912 780 2172 853 ἑωρακὼς
2211 782 2337 842 τοὺς
2372 796 2475 850 μα-

1435 877 1657 948 καρίους
1681 871 2027 934 ἀποστόλους,
2057 870 2152 923 καί
2172 868 2477 939 συμϐεϐλη-

1436 971 1547 1034 κὼς
1575 971 1759 1031 αὐτοῖς
1777 985 1790 998 '
1822 968 1917 1020 καὶ
1945 965 2024 1018 ἔτι
2052 963 2273 1017 ἔναυλον
2286 962 2347 1015 τὸ
2377 963 2483 1033 κήα

1438 1080 1621 1134 ρυγμα
1647 1060 1755 1113 τῶν
1775 1057 2105 1120 ἀποστόλων,
2134 1057 2227 1109 καὶ
2246 1054 2343 1125 τὴν
2372 1073 2476 1108 πα-

1439 1153 1651 1224 ράδοσιν
1669 1150 1775 1221 πρὸ
1814 1146 2106 1218 ὀφθαλμῶν
2134 1146 2268 1217 ἔχων
2303 1146 2363 1198 οὺ
2388 1146 2476 1215 μό-

1438 1260 1526 1305 νος
1562 1259 1575 1271 ⁵
1624 1240 1704 1294 ἔτι
1748 1239 1856 1311 γὰρ
1891 1237 2083 1311 πολλοὶ
2123 1235 2474 1288 ὑπελείποντο

1435 1333 1555 1386 τότε
1602 1332 1706 1385 ὑπὸ
1751 1330 1857 1383 τῶν
1890 1308 2217 1381 ⁸ἀποστόλων
2274 1326 2473 1378 δεδιδα-

1436 1424 1645 1496 γμένοι.
1678 1423 1799 1475 Ἐπὶ
1816 1419 2004 1473 τούτου
2018 1416 2109 1471 οὖν
2123 1416 2216 1470 τοῦ
2232 1416 2347 1487 Κλή
2357 1433 2475 1487 μεν-

1436 1531 1547 1577 τος,
1582 1512 1822 1575 στάσεως
1875 1512 1975 1563 οὐκ
2017 1509 2203 1579 ὀλίγης
2256 1510 2368 1569 τοῖς
2414 1507 2472 1557 ὲν

1434 1603 1683 1676 Κορίνθῳ
1702 1601 2000 1672 γενομένης
2022 1600 2288 1668 ἀδελφοῖς,
2312 1598 2410 1651 ὲπέ
2446 1628 2472 1637 -

1438 1692 1643 1745 στειλεν
1672 1693 1705 1760 ἡ
1727 1692 1785 1743 ὲν
1821 1688 2005 1761 Ῥώμῃ
2033 1687 2325 1758 Ἐκκλησία
2356 1688 2472 1740 ἱκα-

1436 1782 1680 1851 νωτάτην
1697 1779 2037 1851 γραφὴντοῖς
2049 1776 2375 1851 Κορινθίοις,
2395 1780 2473 1841 εἰς

1440 1850 1659 1942 εἰρήνην
1712 1850 2124 1941 ωμὸισάζουσα
2142 1850 2361 1932 αὐτοὺς,
2379 1869 2473 1920 καὶ

1437 1959 1737 2016 ἀνανεοῦσα
1780 1960 1879 2031 τὴν
1924 1959 2107 2013 πίστιν
2149 1958 2350 2023 αὐτῶν,
2380 1961 2474 2012 καὶ

1436 2051 1502 2121 ἢν
1529 2049 1722 2103 νεωστὶ
1752 2048 1859 2102 ἀπὸ
1884 2045 1992 2099 τῶν
2033 2047 2342 2102 ἀποστόλων
2371 2065 2474 2102 πα-

1438 2139 1651 2211 ράδοσιν
1679 2136 1909 2209 εἰλήφει.

2776 593 3147 664 lnterpretatio
3188 596 3398 652 l'alesii.

2544 687 2636 755 qui
2677 686 2894 755 quidem
2925 690 3270 745 beatissimos
3303 695 3579 760 apostolos

2544 778 2776 844 viderat,
2797 787 2996 836 etcum
3023 782 3211 837 iisdem
3239 782 3579 840 familiariter

2546 881 2796 928 versatus
2822 874 3030 942 fuerat;
3058 884 3111 930 et
3134 877 3576 945 praedicationem

2547 960 2917 1027 apostolorum
2967 962 3147 1018 adhuc
3194 964 3419 1019 auribus
3461 965 3578 1020 suis

2548 1043 2889 1100 insonantem
2912 1085 2926 1109 ,
2976 1047 3434 1117 traditiouemque
3470 1065 3582 1117 pra:

2546 1137 2718 1193 oculis
2749 1139 3001 1193 habebat.
3042 1135 3154 1193 Nec
3179 1154 3305 1193 vero
3330 1140 3446 1209 ipse
3485 1157 3579 1207 so:—

2544 1228 2653 1297 lus,
2686 1230 2777 1285 sed
2813 1240 2866 1284 et
2890 1229 2979 1283 alii
3009 1229 3227 1298 plurimi
3270 1232 3431 1287 etiam
3467 1211 3582 1288 tum

2545 1325 2888 1386 supererant,
2923 1320 2991 1374 ab
3018 1321 3283 1390 apostolis
3314 1322 3573 1377 instituti.

2545 1406 2719 1477 Hujus
2754 1408 3052 1465 Clementis
3091 1413 3430 1481 temporibus
3452 1428 3576 1486 cum

2543 1504 2862 1573 gravissima
2966 1505 3238 1561 dissensio
3328 1507 3577 1563 Corinthi

2543 1604 2731 1649 exorta
2752 1603 2897 1651 esset
2927 1595 3071 1651 inter
3089 1597 3307 1665 fratres,
3334 1599 3579 1656 Ecclesia

2544 1685 2787 1741 Romana
2836 1689 3321 1747 luculentissimam
3374 1695 3572 1764 episto-

2546 1779 2650 1831 lam
2685 1778 2983 1836 Corinthiis
3012 1782 3269 1853 scripsit,
3302 1800 3410 1855 qua
3486 1800 3581 1840 eos

2546 1869 2612 1923 ad
2644 1884 2831 1938 pacem
2860 1873 3322 1946 concordiamque
3352 1891 3573 1931 revoca-

2547 1968 2664 2027 ret,
2698 1969 2751 2015 et
2799 1961 2958 2019 ﬁdem
3016 1965 3256 2031 illorum,
3311 1972 3365 2021 et
3413 1982 3575 2037 quam

2545 2067 2740 2108 recens
2813 2052 2882 2109 ab
2946 2058 3211 2124 apostolis
3262 2067 3580 2130 susceperat

2544 2143 2892 2199 traditionem
2919 2155 3224 2203 renovaret.

334 2369 445 2407 rem
472 2351 715 2407 hominis
731 2392 745 2414 ,
768 2351 864 2421 qui
893 2350 1166 2404 induxerit
1191 2350 1603 2421 cataclysmum,
1628 2354 1681 2401 et
1698 2345 2043 2401 advocaverit
2064 2344 2361 2411 Abraham,
2390 2348 2482 2417 qui
2508 2347 2759 2404 eduxerit
2783 2350 3039 2420 populum
3060 2350 3127 2406 de
3158 2359 3300 2407 terra
3330 2351 3575 2424 Egypti,

332 2446 423 2516 qui
455 2446 763 2500 collocutus
792 2444 863 2499 sit
887 2443 1079 2516 Moysi,
1100 2446 1191 2517 qui
1224 2447 1395 2514 legem
1431 2440 1796 2511 disposuerit,
1843 2446 1897 2494 et
1926 2439 2221 2508 prophetas
2275 2439 2506 2505 miserit,
2538 2441 2630 2512 qui
2660 2441 2837 2513 ignem
2863 2445 3247 2513 prmparaverit
3280 2444 3497 2500 diabolo
3524 2457 3577 2500 et

332 2541 543 2611 angelis
563 2539 701 2608 ejus.
724 2536 880 2592 Hunc
898 2537 1114 2593 Patrem
1138 2536 1352 2593 Domini
1374 2532 1549 2586 nostri
1571 2530 1699 2586 Jesu
1725 2530 1927 2586 Christi
1952 2534 2019 2583 ab
2073 2529 2317 2586 Ecclesia
2354 2533 2690 2597 annuntiari,
2736 2548 2800 2587 ex
2832 2534 2951 2603 ipsa
2982 2532 3260 2604 Scriptura
3289 2536 3381 2604 qui
3413 2536 3579 2591 velint

332 2632 545 2687 discere
564 2636 822 2700 possunt,
850 2636 905 2684 et
927 2630 1281 2699 apostolicam
1313 2625 1572 2682 Ecclesiae
1599 2624 1951 2678 traditionem
1973 2636 2127 2676 zeum
2160 2621 2231 2676 sit
2252 2623 2517 2677 vetustior
2546 2625 2773 2695 epistola
2797 2624 2883 2680 his
2906 2625 2998 2696 qui
3021 2640 3167 2680 nunc
3194 2625 3332 2681 falso
3358 2629 3576 2693 docent,

329 2722 384 2779 et
413 2724 649 2777 alterum
681 2721 852 2777 Deum
889 2737 1052 2792 super
1072 2721 1425 2793 Demiurgum
1460 2727 1517 2776 et
1559 2718 1820 2774 factorem
1848 2716 2045 2770 horum
2084 2715 2330 2770 omnium
2359 2732 2481 2787 qua:
2511 2726 2640 2773 sunt
2661 2757 2674 2782 ,
2708 2720 3196 2775 commentiuntur.
3434 2712 3437 2713 ⁷

1919 2808 1985 2863 ll.

600 2911 852 2968 CLEIENS
905 2910 1339 2975 Alexandrinus,
1364 2911 1585 2977 Στρωμ.
1610 2906 1705 2961 lib.
1735 2920 1774 2960 l.
1816 2920 1938 2975 cap.
1984 2904 2036 2968 7,
2089 2903 2220 2960 edit.
2255 2902 2455 2972 Oxon.,
2497 2920 2587 2959 an.
2633 2905 2792 2970 1715,
2830 2912 2963 2960 tom.
3009 2902 3050 2969 Ι,
3088 2921 3142 2976 p.
3189 2905 3314 2960 559.

414 3007 541 3061 Ἐὰν
571 3007 628 3059 δὲ
658 3007 757 3078 τὴν
803 3005 1082 3077 βασιλικήν
1113 3021 1173 3057 τε
1218 3005 1307 3057 καλ
1343 3001 1664 3071 αὐθεντικὴν
1707 2998 1909 3052 εἴσοδον

2089 2997 2244 3064 Quod
2274 3000 2320 3054 si
2345 3000 2486 3055 viam
2521 2999 2722 3070 regiam
2752 3007 2807 3054 et
2848 2998 3221 3053 authenticum
3270 2999 3576 3067 ingressum

331 3101 522 3172 ζητῇς,
545 3099 751 3171 ἀκούσῃ
770 3116 783 3129 ο
816 3098 976 3165 Αὕτη
1004 3098 1042 3165 ἡ
1074 3097 1236 3164 πύλη
1268 3095 1376 3149 τοῦ
1406 3094 1629 3163 Κυρίου
1650 3110 1663 3123 ·
1695 3091 1904 3145 δίκαιοι

2016 3090 2239 3159 (μίξει-ῦς,
2267 3091 2457 3147 audies
2484 3110 2497 3145 :
2532 3090 2661 3145 ch
2685 3101 2762 3146 est
2791 3100 2944 3160 porta
2971 3090 3184 3145 Domini
3209 3104 3227 3142 :
3238 3089 3378 3158 justi
3409 3092 3577 3145 intra-

330 3194 783 3246 εἰσελεύσονται
811 3190 883 3243 ἐν
907 3187 1078 3256 αὐτῇ.
1110 3187 1325 3241 Πολλῶν
1353 3187 1531 3240 τοίνυν
1551 3183 1904 3255 ἀνεῳγμένων

2015 3173 2141 3228 bunt
2172 3176 2226 3229 in
2254 3193 2371 3231 eam
2397 3178 2440 3233 '.
2472 3177 2607 3234 Cum
2640 3195 2770 3249 ergo
2811 3179 3222 3249 multaaapertae
3258 3182 3368 3233 sint
3411 3190 3580 3249 porta:

334 3284 514 3337 πυλῶν
542 3286 603 3336 ὲν
631 3281 967 3352 δικαιοσύνῃ,
1000 3279 1138 3350 αὕτη
1171 3275 1238 3352 ἦν
1267 3281 1324 3332 ἐν
1353 3276 1591 3351 Χριστῷ.

2014 3265 2068 3318 in
2096 3266 2331 3336 justitia,
2376 3270 2491 3325 haec
2538 3271 2593 3325 in
2637 3270 2857 3327 Christo
2899 3270 3226 3326 invenienda
3259 3279 3363 3329 est.
3404 3274 3577 3329 CLEI.

2011 3358 2172 3428 epist.
2212 3360 2264 3425 1,
2298 3376 2419 3430 cap.
2459 3361 2549 3417 48.

1518 3452 1646 3506 locu
1667 3492 1682 3514 ,
1717 3450 1869 3514 ibid.,
1900 3447 1996 3502 lib.
2039 3458 2093 3505 et
2122 3466 2240 3522 cap.
2292 3453 2410 3509 citt.

396 3552 601 3606 Αὐτίκα
627 3552 654 3604 ὁ
681 3549 911 3623 Κλήμης
938 3549 995 3603 ὲν
1020 3553 1085 3622 τῇ
1117 3549 1252 3621 πρὸς
1278 3547 1600 3619 Κορινθίους
1628 3544 1904 3616 ἐπιστολῇ,

2086 3545 2204 3601 Jam
2233 3547 2485 3603 Clemens
2525 3548 2579 3603 in
2621 3549 2851 3620 epistola
2882 3548 2949 3604 ad
2977 3548 3289 3606 Corinthios
3332 3549 3419 3605 his
3454 3567 3576 3606 ver-

332 3644 472 3697 κατά
499 3644 642 3707 λέξιν
671 3644 825 3715 φησὶ,
854 3642 954 3705 τὰς
969 3640 1230 3713 διαφορὰς
1258 3639 1603 3710 ἐκτιθέμενος
1631 3637 1738 3690 τῶν
1767 3636 1904 3690 κατὰ

2014 3637 2100 3693 bis
2127 3639 2324 3709 inquit,
2373 3655 2651 3711 exponens
2681 3642 3042 3697 differentiam
3083 3657 3270 3697 eorum
3317 3642 3411 3713 qui
3451 3653 3580 3698 sunt

330 3736 428 3807 τὴν
467 3735 788 3806 ’Ἐκκλησίαν
825 3734 1062 3805 δοκίμων
1084 3751 1098 3763 ·
1130 3737 1286 3788 Ἠτω
1333 3749 1423 3797 τις
1470 3730 1683 3795 πιστός
1713 3744 1726 3757 ·
1788 3726 1904 3795 ἤτω

2014 3730 2230 3800 probati
2264 3732 2318 3785 in
2350 3730 2593 3788 Ecclesia
2622 3752 2636 3788 :
2671 3732 2753 3789 Sit
2783 3734 2977 3804 aliquis
2999 3734 3195 3803 ﬁdelis,
3218 3735 3286 3789 sit
3315 3744 3497 3804 potens
3521 3737 3578 3789 in

330 3828 588 3894 δυνατός
616 3846 708 3893 τις
734 3825 963 3897 γνῶσιν
988 3824 1247 3889 ἐξειπεῖν
1272 3831 1285 3847 ⁹
1311 3822 1432 3891 ἤτω
1464 3821 1655 3888 σοφὸς
1686 3818 1756 3872 ἐν
1782 3817 1904 3871 δια-

2013 3825 2333 3893 explicanda
2363 3828 2681 3898 cognitione,
2704 3829 2775 3882 sit
2804 3830 3012 3898 sapiens
3040 3829 3096 3881 in
3128 3828 3439 3882 discretione
3467 3845 3580 3882 ser-

332 3922 527 3988 κρίσει
554 3921 768 3988 λόγων
797 3918 918 3986 ἤτω
944 3916 1155 3986 γοργὸς
1181 3916 1250 3968 ἐν
1276 3914 1489 3982 ἔργοις.
1522 3912 1722 3966 Eadem
1750 3924 1904 3979 repe-

2014 3932 2249 3983 monum,
2287 3920 2357 3972 sit
2387 3923 2676 3990 stupendus
2714 3922 2771 3974 in
2814 3920 3073 3990 operibus.
3106 3918 3284 3976 Locus
3318 3928 3495 3977 exstat
3523 3922 3576 3975 in

333 4008 970 4067 titAlexandrinusinfra
994 4009 1085 4063 lib.
1104 4024 1153 4061 vi
1178 4047 1193 4070 ,
1219 4022 1341 4077 cap.
1371 4006 1426 4071 8,
1450 4003 1741 4074 tum.ll,p.
1779 4002 1902 4058 775.
2011 4009 2201 4063 eodem
2233 4024 2355 4080 cap.
2387 4011 2480 4075 48,
2505 4012 2663 4082 epist.
2692 4013 2743 4067 1.

520 4174 531 4181 _
1159 4117 1328 4180 lusu,
1371 4117 1528 4182 ibid.,
1564 4118 1660 4173 lib.
1707 4133 1783 4181 ιν,
1816 4130 1940 4188 cap.
1973 4119 2061 4187 17,
2104 4128 2238 4179 tom.
2282 4121 2326 4189 Ι,
2363 4139 2457 4195 pp.
2500 4124 2627 4191 609,
2667 4125 2791 4183 610.

396 4213 505 4264 Ναὶ
537 4212 644 4283 μὴν
671 4212 729 4264 ὲν
758 4214 825 4283 τῇ
856 4210 991 4283 πρὸς
1031 4211 1348 4284 Κορινθίους
1390 4208 1647 4281 ἐπιστολῇ
1691 4210 1718 4261 ὁ
1773 4208 1904 4261 ἁπό-

2086 4209 2257 4268 Porro
2290 4222 2472 4270 autem
2520 4215 2770 4272 Clemens
2812 4218 3092 4287 apostolus
3147 4218 3201 4272 in
3236 4218 3468 4288 epistola
3508 4218 3573 4270 ad

336 4306 517 4368 στολος
549 4305 798 4377 Κλήμης,
829 4305 923 4359 καὶ
951 4304 1110 4368 αὐτὸς
1141 4306 1268 4374 ἡμῖν
1294 4302 1460 4357 τύπον
1485 4301 1609 4356 τινὰ
1648 4299 1742 4355 τοῦ
1771 4318 1904 4371 γνω-

2012 4304 2349 4372 Corinthios,
2397 4310 2513 4378 ipse
2542 4325 2759 4381 quoque
2802 4311 2960 4365 nobis
2995 4311 3285 4380 quamdam
3328 4308 3573 4364 Gnostici

336 4397 518 4451 στικοῦ
547 4397 900 4468 ὑπογράφων,
929 4396 1107 4465 λέγει·
1144 4397 1238 4462 Τίς
1264 4399 1374 4465 γὰρ
1415 4394 1904 4464 παρεπιδημήσας

2013 4396 2301 4468 imaginem
2326 4398 2663 4463 describens,
2698 4400 2866 4455 dicit:
2900 4401 3033 4467 Quis
3053 4403 3191 4455 enim
3217 4400 3355 4471 apud
3384 4416 3470 4455 vos
3499 4401 3577 4453 di.

333 4489 481 4557 πρὸς
499 4486 674 4558 ὑμᾶς,
706 4507 759 4543 κι.
792 4507 843 4542 τ.
866 4488 916 4543 λ.
965 4488 1065 4544 Hic
1092 4488 1525 4549 ClemensAlex.
1552 4487 1731 4557 capita
1761 4502 1792 4542 e
1818 4503 1906 4541 re-

332 4582 491 4651 gione
518 4588 706 4635 notata
727 4580 1021 4650 excerpsit.

435 4788 596 4842 Ἀλλὰ
644 4791 747 4843 κάν
776 4792 841 4860 τῇ
884 4788 1020 4860 πρὸς
1076 4786 1394 4859 Κορινθίους
1453 4789 1735 4859 Ῥωμαίων
1786 4790 1907 4841 ὲπι-

339 4880 492 4952 στολῇ
511 4899 526 4911 ·
561 4884 835 4947 Ὠκεανὸς
863 4880 1191 4947 ἀπέραντος
1217 4878 1545 4947 ἀνθρώποις
1573 4881 1902 4953 γέγραπται,

340 4973 431 5024 καὶ
462 4976 514 5026 oi
536 4974 666 5043 μετ’
695 4972 884 5026 αὑτὸν
913 4973 1145 5040 κόσμοι.

408 5157 680 5223 Τοσούτῳ
720 5153 832 5223 γὰρ
860 5152 1096 5221 μᾶλλον
1133 5154 1612 5222 ταπεινοφρονεῖν
1660 5157 1906 5225 ὀφείλει,

2011 4501 2269 4569 versatus,
2302 4498 2409 4548 etc.
2446 4491 2619 4562 Epist.
2648 4493 2700 4552 1.
2740 4508 2897 4563 capp.
2930 4496 2983 4562 1,
3016 4494 3185 4560 9,10,
3224 4495 3312 4559 11,
3350 4494 3439 4559 12,
3482 4494 3571 4559 17,

2011 4583 2099 4645 18,
2131 4583 2221 4647 21,
2244 4583 2336 4646 22,
2371 4582 2462 4648 56,
2491 4584 2580 4647 58,
2612 4584 2702 4647 40,
2740 4585 2830 4649 41,
2864 4584 2954 4652 48,
2983 4585 3074 4653 49,
3109 4586 3195 4656 50,
3228 4587 3317 4655 51,
3348 4587 3436 4641 55.

1236 4692 1387 4760 Ini-3n,
1418 4691 1571 4756 ibid.,
1611 4692 1708 4748 lib.
1744 4710 1797 4754 v,
1828 4706 1948 4762 cap.
1989 4692 2076 4759 12,
2109 4701 2243 4750 tom.
2277 4695 2342 4758 Π,
2386 4710 2510 4766 pag.
2554 4696 2679 4751 695.

2083 4788 2228 4855 Quin
2276 4789 2443 4843 etiam
2489 4795 2544 4843 in
2588 4789 2815 4859 epistola
2862 4790 3231 4845 Romanorum
3274 4792 3338 4845 ad
3377 4790 3572 4847 Corin-

2012 4882 2157 4939 thios
2198 4882 2462 4952 scriptum
2493 4889 2573 4937 est
2602 4901 2615 4936 :
2668 4881 2906 4937 Oceanus
2937 4884 3198 4953 inﬁnitus,
3228 4894 3277 4937 et
3316 4884 3405 4953 qui
3447 4884 3605 4935 sunt‘

2007 4985 2125 5044 post
2153 4976 2324 5042 ipsum
2355 4970 2563 5028 mundi.
2590 4972 2762 5043 Epist.
2799 4975 2849 5042 1,
2879 4990 2999 5045 cap.
3031 4974 3121 5030 20.

1258 5057 1412 5124 Insl,
1443 5060 1597 5125 ibid.,
1630 5061 1725 5118 lib.
1757 5078 1832 5128 v1,
1864 5080 1987 5138 cap.
2023 5065 2081 5132 8,
2117 5073 2251 5119 tom.
2283 5061 2348 5130 ll,
2380 5078 2501 5133 pag.
2531 5062 2652 5118 775.

2086 5157 2164 5212 Eo
2194 5157 2331 5212 enim
2368 5155 2515 5211 debet
2534 5173 2645 5211 esse
2666 5156 2931 5225 humilior,
2956 5174 3056 5228 quo
3086 5156 3291 5211 videtur
3316 5174 3429 5211 esse
3452 5176 3563 5215 ma-

332 5250 458 5312 ὄσῳ
483 5246 647 5301 δοκεῖ
662 5244 905 5315 μᾶλλον
926 5242 1135 5313 μείζων
1164 5244 1315 5297 εἶναι
1334 5260 1348 5273 ·
1397 5246 1425 5297 ὁ
1468 5244 1717 5317 Κλήμης,
1752 5249 1809 5302 ἐν
1838 5253 1902 5321 τῇ

2011 5253 2113 5320 ior,
2144 5253 2275 5306 dicit
2296 5250 2547 5307 Clemens
2577 5251 2631 5304 in
2680 5251 2909 5321 epistola
2946 5251 3015 5305 ad
3042 5250 3545 5324 Corinthios.Epist

332 5341 470 5413 πρὸς
494 5338 814 5409 Κορινθίους
844 5337 993 5407 φησί.

2006 5345 2058 5409 1,
2087 5359 2205 5413 cap.
2238 5342 2329 5398 48.

1908 5433 1995 5489 ΙΙΙ.

643 5522 941 5585 Οιιιοεκεε,
962 5525 1101 5596 Περὶ
1122 5519 1343 5595 ἀρχῶν,
1367 5520 1463 5575 lib.
1494 5535 1555 5583 ιι,
1589 5535 1710 5592 cap.
1758 5523 1813 5587 5,
1852 5540 1904 5577 nl

2041 5523 2098 5589 6,
2136 5523 2269 5579 edit.
2302 5521 2503 5589 Paris,
2536 5520 2690 5585 1755,
2718 5529 2851 5574 tom.
2882 5520 2926 5587 1,
2957 5537 3078 5592 pag.
3109 5522 3196 5579 82.

400 5618 645 5673 Meminit
676 5631 812 5671 sane
834 5613 1088 5669 Clemens
1118 5615 1488 5684 apostolorum
1517 5614 1819 5684 discipulus
1847 5618 2009 5672 etiam
2036 5631 2225 5671 eorum
2254 5631 2393 5686 quos
2427 5613 2740 5685 ἀντίχθονας
2773 5611 2945 5669 01·ωοί
2993 5618 3366 5681 nominarunt,
3398 5627 3563 5690 atque

336 5714 471 5766 alias
499 5719 688 5782 partes
712 5705 872 5762 orbis
900 5712 1060 5769 terra:
1088 5707 1155 5761 ad
1182 5721 1319 5777 quas
1345 5722 1524 5779 neque
1546 5716 1857 5764 nostrorum
1888 5709 2175 5780 quisquam
2207 5710 2468 5766 accedere
2495 5714 2711 5777 potest,
2745 5723 2922 5779 neque
2952 5724 3016 5765 ex
3058 5710 3165 5767 illis
3196 5714 3287 5782 qui
3330 5713 3400 5768 ibi
3437 5724 3562 5769 sunt

396 5822 418 5851 ⁸
446 5820 591 5878 Psal.
627 5832 804 5882 cxvii,
836 5814 931 5899 20.

2200 5892 2237 5908 Α
