4074 6286
449 357 517 413 55

1573 353 1663 408 AD
1703 353 1763 410 s.
1800 320 2225 408 CLEMENTEM
2266 355 2286 408 ι
2327 354 2561 412 psmn

3630 366 3701 421 '56

447 475 739 545 quisquam
767 471 1003 528 transire
1033 469 1100 525 ad
1134 485 1234 526 nos
1259 488 1273 537 ;
1299 484 1440 540 quos
1467 477 1521 526 et
1553 471 1703 541 ipsos
1731 470 1955 524 mundos
1985 469 2300 541 appellavit,
2343 485 2467 525 cum
2495 473 2603 529 ait:
2645 471 2884 528 Oceanus
2914 475 3367 531 intransmeabilis
3405 487 3484 531 est
3528 480 3702 534 homi-

449 567 626 627 nibus.
651 577 699 621 et
729 566 784 619 hi
811 567 902 637 qui
932 574 1083 619 trans
1109 566 1280 632 ipsum
1315 569 1436 614 sunt
1462 561 1666 624 mundi,
1694 559 1793 630 qui
1817 559 1897 612 his
1919 558 2115 613 eisdem
2143 557 2495 613 dominatoris
2524 560 2622 614 Dei
2665 561 3101 630 dispositionibus
3127 561 3512 632 gubernantur.
3553 563 3698 620 Pau-

445 660 638 732 cisque
664 659 1082 729 interjcctis.....
1115 655 1192 709 Ex
1227 655 1315 709 his
1346 663 1530 709 tamen
1563 669 1686 723 quae
1713 653 1966 708 Clemens
1993 650 2147 706 visus
2175 656 2259 705 est
2287 649 2533 705 indicare
2561 665 2684 704 cum
2718 652 2851 706 dicit
2887 672 2898 706 :
2943 652 3182 708 Oceanus
3211 656 3300 724 qui
3338 657 3696 712 intransmea~

451 758 572 812 bitis
593 767 672 812 est
697 751 1023 814 hominibus,
1057 759 1108 803 et
1139 748 1192 801 hi
1215 747 1403 802 mundi
1423 748 1514 817 qui
1543 755 1661 817 post
1697 747 1868 815 ips-um
1903 754 2065 799 sunt:
2094 744 2189 814 qui
2214 753 2339 816 post
2383 746 2559 815 ipsum
2601 751 2729 799 sunt
2769 747 3004 801 mundos
3035 747 3322 817 pluraliter
3365 750 3658 804 nominans
3682 790 3697 814 ,

443 869 582 925 quos
609 859 662 906 et
689 849 878 905 eadem
929 848 1024 904 Dei
1057 843 1403 918 providentia
1435 842 1521 913 agi
1551 837 1775 912 regique
1813 839 2105 910 signiﬁcat,
2145 839 2354 894 semina
2384 841 2630 909 quaedam
2663 840 2823 896 nobis
2856 843 3167 912 hujusmodi
3213 844 3585 914 intelligentia).
3618 848 3702 900 vi-

447 948 610 1003 detur
637 958 952 1014 aspergere,
981 955 1091 1011 quo
1118 944 1346 1010 putetur
1366 935 1548 990 omnis
1576 933 1796 1005 quidem
1828 931 2163 987 universitas
2189 946 2379 987 eorum
2406 947 2529 1002 quae
2565 939 2695 987 sunt
2735 941 2900 1004 atque
2936 935 3270 1000 subsistunt,
3305 937 3613 993 ccelestium
3643 947 3700 994 et

441 1039 950 1113 supercoslestium,
985 1044 1336 1092 terrenorum
1366 1031 1841 1099 infernorumque,
1874 1043 2018 1082 unus
2047 1034 2102 1081 et
2127 1025 2402 1096 perfectus
2425 1026 2664 1082 mundus
2695 1028 3024 1097 generaliter
3055 1028 3162 1084 dici
3196 1048 3208 1081 :
3244 1029 3387 1084 intra
3415 1047 3576 1102 quem
3609 1033 3696 1088 vel

440 1148 471 1187 a
513 1148 625 1204 quo
653 1131 720 1203 (si
747 1131 839 1201 qui
865 1130 941 1184 iili
971 1130 1120 1198 sunt)
1151 1126 1378 1198 putandi
1403 1133 1539 1180 sunt
1567 1121 1858 1178 contineri.
1895 1120 2067 1192 Epist.
2107 1121 2158 1186 l,
2183 1136 2305 1191 cap.
2337 1119 2429 1175 20.

1343 1239 1491 1301 lusu,
1517 1240 1574 1293 in
1609 1237 1898 1302 Ezechiel.,
1933 1254 2051 1308 cap.
2080 1238 2140 1302 8,
2168 1245 2305 1292 tom.
2337 1235 2427 1299 lll,
2460 1253 2585 1308 pag.
2610 1237 2816 1300 422.18.

501 1337 636 1408 Φησὶ
662 1337 716 1390 δὲ
735 1338 762 1390 ὁ
777 1335 1008 1408 Κλήμης
1026 1351 1039 1365 ⁸
1069 1333 1346 1399 Ὠκεανὸς
1360 1331 1653 1400 ἀπέρατος
1680 1330 2028 1400 ἀνθρώποις,

2213 1331 2354 1386 Dicit
2398 1347 2614 1402 quoque
2656 1331 2947 1387 Clemens:
2996 1331 3240 1387 Oceanus
3291 1335 3694 1403 impermeabitis

434 1428 532 1481 καὶ
561 1430 616 1483 οἱ
641 1428 769 1496 μετ’
798 1428 987 1481 αὐτὸν
1019 1427 1232 1496 κόσμοι
1246 1426 1567 1491 τοσαύταις
1582 1424 1884 1495 διαταταῖς
1910 1425 2015 1480 τοῦ

2118 1424 2435 1487 hominibus,
2463 1432 2513 1477 et
2531 1426 2620 1494 qui
2640 1434 2756 1492 post
2784 1440 2903 1478 eum
2928 1425 3133 1489 mundi,
3161 1428 3330 1481 tantis
3364 1429 3579 1484 Domini
3602 1449 3693 1487 or-

2116 1515 2484 1571 dinationibus
2505 1515 2890 1586 gubernantur.
2921 1515 3096 1587 Epist.
3130 1519 3182 1583 l,
3214 1534 3336 1591 cap.
3361 1521 3452 1578 20.

427 1521 730 1574 Aeaao’tov
762 1518 1146 1573 διοικοῦνται.

1002 1633 1156 1696 lusu,
1192 1633 1248 1686 in
1265 1581 1458 1696 Joan.,
1484 1638 1620 1685 tom.
1650 1628 1742 1683 lX.
1772 1637 1916 1700 part.
1950 1645 2014 1693 ιι,
2045 1644 2174 1702 pag.
2201 1628 2328 1693 M3,
2360 1627 2493 1682 edit.
2517 1623 2678 1680 liuet.
2709 1625 2925 1690 Colon.,
2967 1627 3127 1684 1685.

493 1743 929 1816 Μεμαρτύρηται
960 1743 1016 1796 δὲ
1048 1744 1142 1796 καὶ
1172 1741 1328 1814 παρὰ
1352 1743 1468 1805 τοῖς
1499 1741 1728 1804 ἔθνεσιν,
1769 1742 1852 1794 ὅτι
1883 1739 2013 1794 πολ·-

2185 1735 2432 1792 Relatum
2467 1740 2648 1789 autem
2671 1741 2836 1804 atque
2864 1740 3126 1790 testatum
3150 1739 3294 1808 apud
3339 1743 3568 1807 gentiles
3587 1755 3690 1808 est,

426 1837 508 1892 λοί
536 1854 679 1901 τινες
707 1835 970 1907 λοιμικῶν
1017 1834 1406 1906 ὲνσκηψάντων
1437 1833 1760 1906 νοσημάτων
1788 1835 2015 1899 ἑαυτοὺς

2118 1829 2320 1884 multos
2354 1842 2478 1882 cum
2508 1825 2825 1896 pestilentes
2856 1827 3032 1882 morbi
3068 1840 3476 1900 grassarentur,
3515 1853 3576 1893 se
3603 1839 3689 1908 ip-

428 1931 632 2000 σφάγια
662 1931 801 2002 ὑπὲρ
829 1927 924 1982 τοῦ
960 1926 1145 1982 κοινοῦ
1178 1926 1592 2001 παραδεδώκασι
1616 1945 1627 1958 ·
1653 1930 1748 1981 καὶ
1777 1928 2014 1998 παραδέ-

2119 1937 2210 1978 sos
2242 1930 2304 1976 ut
2338 1919 2590 1974 victimas
2628 1933 2729 1989 pro
2765 1920 2946 1988 patria
2984 1921 3324 1979 tradidisse:
3370 1935 3532 1997 atque
3575 1925 3693 1989 haec

423 2039 577 2094 xemt
616 2021 769 2075 ταῦθ’
806 2019 980 2084 οὕτως
1022 2019 1307 2090 γεγονέναι
1351 2020 1454 2073 οὐκ
1484 2018 1692 2088 ἀλόγως
1720 2019 2015 2085 πιστεύσας

2121 2018 2198 2072 ita
2221 2015 2470 2072 evenisse
2499 2013 2736 2067 admittit
2761 2027 2869 2066 non
2896 2013 3016 2068 sine
3044 2028 3210 2070 causa
3234 2056 3250 2080 ,
3282 2017 3526 2077 historiis
3565 2038 3691 2078 cre-

421 2117 542 2178 ταῖς
571 2114 834 2186 ἱστορίαις
871 2115 898 2166 ὁ
928 2112 1119 2175 πιστὸς
1148 2112 1400 2184 Κλήμης,
1435 2111 1540 2164 ὑπὸ
1570 2111 1783 2164 Παύλου
1817 2129 2017 2186 μαρτυ-

424 2208 708 2278 ρούμενος,
741 2204 994 2274 λέγοντος
1018 2221 1031 2234 ·
1065 2203 1229 2258 Μετὰ
1258 2203 1620 2274 Κλήμεντος,
1655 2221 1712 2257 κ.
1744 2221 1793 2256 τ.
1825 2204 1873 2255 λ.

666 2563 860 2634 Ruﬁno
901 2564 1206 2635 interprete.

489 2673 663 2746 Hujus
691 2675 988 2733 Clementis
1019 2677 1254 2748 epistola
1292 2676 1460 2732 habe-

420 2776 512 2822 tur
554 2767 625 2823 ad
653 2766 970 2825 Corinthios
1003 2769 1228 2840 scripta,
1266 2769 1461 2840 praeci-

418 2875 525 2932 pua
596 2862 758 2932 plane
813 2869 869 2918 et
925 2864 1084 2919 valde
1148 2862 1457 2918 mirabilis:

415 2967 581 3022 quam
633 2953 784 3008 velut
816 2969 882 3009 ex
922 2970 1154 3024 persona
1198 2953 1461 3010 Romanae

417 3041 684 3097 Ecclesiae
721 3043 983 3110 dictavit,
1019 3058 1144 3097 cum
1183 3041 1461 3097 dissensio

415 3133 560 3203 apud
619 3132 936 3190 Corinthios
991 3133 1183 3190 fuisset
1244 3143 1454 3189 exorta.

415 3221 590 3290 Quam
633 3223 922 3292 epistolam
972 3223 1027 3277 in
1061 3223 1311 3294 plurimis
1355 3224 1457 3280 Ec-

413 3313 599 3367 clesiis
638 3314 856 3383 publice
888 3315 1013 3386 legi,
1047 3323 1101 3371 et
1132 3326 1372 3372 veterum
1399 3325 1453 3373 et

415 3410 625 3464 nostris
654 3411 820 3465 etiam
850 3413 1188 3483 temporibus
1216 3423 1450 3470 constat.

413 3499 623 3556 Verum
677 3502 746 3559 de
792 3505 1064 3562 seditione
1112 3505 1255 3560 facta
1310 3507 1453 3575 apud

413 3589 736 3648 Corinthios
763 3609 832 3649 ac
870 3594 1215 3651 dissensione
1255 3597 1453 3668 plebis,

417 3686 574 3743 testis
631 3689 790 3746 valde
855 3691 1033 3747 lidelis
1115 3691 1456 3765 Hegesippus

414 3781 644 3838 indicat.

655 3994 844 4066 Ruﬁno
900 3997 1199 4065 interprete.

481 4082 737 4141 Clemens
779 4087 834 4140 in
874 4087 1105 4157 epistola
1133 4103 1296 4157 quam
1344 4087 1451 4144 Co-

412 4179 637 4236 rinthiis
684 4181 897 4245 scribit,
942 4183 1196 4237 meminit
1238 4181 1454 4254 Episto-

415 4268 480 4322 la:
517 4267 671 4324 Pauli
725 4270 790 4325 ad
845 4269 1126 4337 Hebraeos,
1175 4280 1230 4329 et
1285 4275 1456 4328 utitur

414 4356 538 4425 ejus
581 4360 937 4429 testimoniis.
989 4359 1148 4416 Unde
1187 4371 1404 4418 constat
1436 4404 1452 4429 ,

414 4451 562 4521 quod
594 4427 891 4524 Apostolus
915 4467 1174 4529 tanquam
1212 4427 1455 4518 Hebraeis

415 4539 739 4597 mittendam
789 4545 970 4614 patrio
1022 4561 1143 4601 eam
1207 4562 1458 4605 sermone

415 4636 843 4704 conscripserit,
886 4647 941 4693 et
991 4647 1052 4694 ut
1082 4641 1304 4710 quidam
1345 4650 1459 4698 tra-

414 4721 573 4786 dunt,
629 4719 832 4776 Lucam
881 4725 1314 4796 evangelistam,
1364 4729 1454 4782 alii

415 4820 598 4868 autem
629 4813 779 4868 hunc
807 4815 985 4885 ipsum
1010 4817 1342 4873 Clementem
1373 4819 1453 4873 in-

413 4913 774 4977 terpretatum
803 4922 948 4962 esse.
998 4908 1155 4974 Quod
1197 4916 1250 4964 et
1280 4911 1451 4982 magis

410 5013 601 5052 verum
658 5004 761 5063 est,
823 4999 950 5070 quia
1004 5007 1059 5054 et
1113 5001 1287 5070 stylus
1337 5001 1455 5072 ipse

410 5090 658 5160 epistolae
685 5090 981 5147 Clementis
1023 5106 1150 5146 cum
1183 5092 1286 5147 hac
1317 5108 1451 5149 con-

410 5182 602 5236 cordat
625 5225 642 5250 ,
664 5190 718 5238 et
742 5199 938 5240 sensus
966 5184 1223 5240 nimirum
1249 5186 1450 5242 utrius-

410 5289 517 5342 que
548 5272 847 5344 Scriptura:
875 5277 1162 5347 plurimam
1195 5278 1448 5333 similitu-

411 5363 593 5419 dinem
627 5367 826 5423 ferunt.
859 5369 1070 5426 Dicitur
1095 5379 1278 5428 tamen
1325 5387 1448 5428 esse

410 5467 465 5514 et
514 5460 620 5513 alia
650 5458 949 5519 Clementis
988 5467 1236 5534 epistola,
1281 5466 1444 5536 cujus

412 5567 514 5609 nos
545 5552 795 5608 notitiam
825 5569 939 5610 non
973 5559 1308 5630 accepimus.

2110 2306 2232 2361 cap.
2258 2289 2346 2343 55.

2003 2451 2094 2509 lV.

1461 2564 1749 2632 Essemus,
1775 2567 1920 2622 Hist.
1965 2568 2127 2633 eccl.,
2163 2567 2257 2621 lib.
2286 2579 2372 2629 ιιι,
2401 2576 2521 2630 cap.
2565 2557 2652 2612 l6.

1604 2681 1807 2734 Τούτου
1855 2682 1919 2754 δὴ
1970 2678 2065 2736 οὖν
2110 2680 2204 2734 τοῦ
2261 2680 2575 2752 Κλήμεντος

1530 2760 1933 2841 ὁμολογουμένη
1983 2770 2081 2841 μία
2129 2768 2385 2840 ἐπιστολὴ
2417 2767 2577 2840 φέρε-

1531 2878 1655 2925 ται,
1702 2861 1908 2932 μεγάλη
1939 2878 1998 2913 τε
2042 2861 2136 2914 καὶ
2170 2859 2468 2931 θαυμασία,
2509 2861 2574 2929 ἢν

1531 2951 1607 3015 ὡς
1637 2952 1744 3005 ἀπὸ
1774 2952 1870 3022 τῆς
1913 2953 2197 3022 Ῥωμαίων
2255 2951 2576 3022 Ἐκκλησίας

1533 3046 1599 3114 τῇ
1655 3043 1957 3114 Κορινθίων
2001 3043 2392 3106 διετυπώσατο,
2451 3043 2575 3096 στά-

1537 3150 1672 3196 σεως
1712 3133 1970 3204 τηνικάδε
1999 3132 2142 3187 κατὰ
2182 3134 2280 3205 τὴν
2310 3131 2572 3204 Κόρινθον

1531 3224 1848 3295 γενομένης.
1884 3224 2101 3296 Ταύτην
2137 3224 2194 3278 δὲ
2221 3226 2313 3278 καὶ¹
2333 3226 2390 3278 ὲν
2419 3225 2570 3277 πλεί-

1532 3311 2033 3386 σταιςἘκκλησίαις
2055 3316 2148 3369 ἐπὶ
2173 3315 2267 3368 τοῦ
2290 3315 2470 3369 κοινοῦ
2490 3318 2574 3370 δε-

1526 3407 1956 3480 δημοσιευμένην
2003 3407 2171 3463 πάλαι
2216 3427 2276 3462 τε
2319 3411 2413 3464 καὶ
2449 3406 2571 3464 καθ’

1529 3498 1675 3568 ἡμᾶς
1722 3500 1921 3562 αὐτοὺς
1959 3498 2223 3570 ἔγνωμεν.
2257 3501 2368 3554 Καί⁴
2396 3501 2479 3554 ὅτι
2508 3519 2572 3570 γε

1529 3592 1671 3646 κατὰ
1702 3592 1792 3646 τὸν
1833 3593 2182 3666 δηλούμενον,
2224 3592 2296 3648 τὰ
2342 3596 2441 3666 τῆς
2473 3596 2574 3648 Κο-

1533 3688 1754 3758 ρινθίων
1810 3692 2066 3761 κεκίνητο
2114 3692 2376 3759 στάσεως,
2426 3698 2572 3763 ἀξιό-

1527 3796 1704 3850 χρεως
1726 3779 1982 3852 μάρτυςὸ
2021 3783 2380 3854 Ἡγήσιππος.
2428 3785 2570 3858 Lege

1528 3867 1904 3935 Ntcspnonuu,
1943 3871 2039 3927 lib.
2071 3887 2156 3937 tu,
2189 3888 2316 3945 cap.
2352 3874 2439 3931 16.

1635 4001 1787 4067 Ιοειι,
1816 4002 1971 4069 ibid.,
2001 4004 2099 4060 lib.
2134 4019 2217 4071 tu,
2248 4020 2371 4077 cap.
2397 4008 2489 4063 38.

1592 4093 1699 4147 Τοῦ
1731 4095 2046 4168 Κλήμεντος
2088 4098 2146 4152 ὲν
2183 4104 2250 4172 τῇ
2289 4102 2561 4174 ἀνωμολο-

1522 4185 1735 4258 γημένῃ
1757 4185 1908 4257 παρὰ
1935 4188 2123 4252 πᾶσιν,
2155 4191 2220 4260 ἢν
2246 4192 2311 4244 ὲκ
2343 4193 2562 4264 προσώ-

1525 4288 1628 4324 που
1661 4271 1759 4342 τῆς
1802 4273 2088 4344 Ῥωμαίων
2138 4277 2460 4350 Ἐκκλησίας
2495 4285 2562 4354 τῇ

1528 4361 1835 4433 Κορινθίων
1861 4361 2256 4420 διετυπὼσατο.
2300 4364 2440 4444 Ἐνῇ
2469 4371 2569 4443 τῆς

1531 4456 1667 4526 πρὸς
1698 4456 1981 4536 Ἐϐραίους
2009 4460 2179 4514 πολλὰ
2203 4463 2450 4534 νοήματα
2471 4483 2570 4518 πα-

1533 4550 1737 4620 ραθεὶς,
1769 4550 1869 4622 ἤδη
1885 4551 1941 4605 δὲ
1960 4553 2054 4606 καί
2080 4553 2355 4618 αὐτολεξεὶ
2385 4557 2569 4628 ῥητοῖς

1528 4654 1669 4690 τισιν
1699 4637 1760 4702 ἐξ
1791 4640 1960 4710 αὐτῆς
1987 4644 2329 4714 χρησάμενος
2351 4681 2365 4707 ,
2412 4645 2569 4713 σαφέ-

1531 4742 1700 4780 στατα
1713 4729 2041 4800 παρίστησιν
2062 4730 2144 4782 ὅτι
2167 4731 2240 4802 μὴ
2257 4731 2373 4784 νέον
2393 4733 2567 4805 ὑπάρ-

1524 4831 1607 4884 χει
1649 4816 1711 4869 τὸ
1753 4815 2108 4888 σύγγραμμα.
2134 4819 2293 4873 Ὅθεν
2343 4822 2565 4886 εἰκότως

1527 4906 1724 4972 ἔδοξεν,
1771 4909 1905 4961 αὐτὸ
1946 4912 2058 4974 τοῖς
2091 4909 2300 4974 λοιποῖς
2330 4913 2564 4981 ἐγκατα-

1525 4997 1779 5069 λεχθῆναι
1830 4999 2121 5071 γράμμασι
2162 5000 2256 5053 τοῦ
2311 5003 2563 5055 Ἀποστά-

1527 5089 1641 5142 λου.
1681 5089 1952 5161 Ἑϐραίοις
1965 5091 2176 5164 γὰρδιὰ
2200 5093 2299 5163 τῆς
2325 5095 2559 5164 πατρίου

1520 5180 1764 5254 γλώττης
1791 5183 2082 5256 ἐγγράφως
2101 5184 2438 5256 ὡμιληκότος
2464 5186 2558 5240 τοῦ

1520 5273 1755 5337 Παύλου,
1792 5277 1842 5327 οἱ
1894 5276 1992 5346 μὲν
2021 5275 2112 5329 τὸν
2169 5276 2559 5350 εύαγγελιστὴν

1519 5365 1755 5428 Λουκᾶν,
1777 5368 1826 5419 οἱ
1853 5366 1910 5420 δὲ
1940 5367 2032 5420 τὸν
2063 5367 2353 5439 Κλήμεντά
2372 5368 2560 5423 τοῦτον

1519 5458 1704 5520 αὑτὸν,
1726 5459 2060 5531 ἑρμηνεῦσαι
2076 5458 2293 5529 λέγουσι
2307 5463 2407 5534 τὴν
2433 5479 2558 5534 γρα-

1517 5559 1642 5630 φήν.
1683 5559 1746 5612 Ὃ
1776 5561 1869 5612 καὶ
1901 5560 2098 5631 μᾶλλον
2129 5561 2212 5631 εἴη
2244 5561 2310 5615 ἂν
2339 5562 2555 5633 ἀληθὲς,

1517 5649 1594 5720 τῷ
1621 5649 1711 5702 τὸν
1755 5650 1937 5721 ὅμοιον
1981 5653 2078 5722 τῆς
2109 5652 2360 5724 φράσεως
2387 5672 2558 5726 χαρα-

1518 5741 1694 5812 κτῆρα
1722 5743 1821 5812 τήν
1851 5759 1912 5795 τε
1953 5743 2048 5796 τοῦ
2085 5745 2400 5816 Κλήμεντος
2435 5746 2555 5799 ἐπι-

1522 5837 1747 5904 στολὴν,
1794 5840 1886 5893 καὶ
1933 5840 2032 5912 τὴν
2078 5841 2213 5912 πρὸς
2269 5840 2551 5913 Ἑϐραίους

2118 2109 2255 2163 dens
2283 2106 2534 2163 Clemens
2559 2103 2650 2158 ille
2682 2102 2876 2167 ﬁdelis,
2912 2105 3000 2159 cui
3037 2106 3414 2165 testimonium
3447 2113 3694 2182 perhibet

2116 2199 2321 2253 Paulus
2369 2197 2560 2253 dicens
2599 2213 2611 2248 :

2666 2191 2800 2248 Cum
2866 2193 3179 2264 Clemente,
3244 2209 3352 2255 etc.
3410 2201 3582 2273 Epist.
3637 2207 3689 2271 1,

2913 2555 3126 2611 Valesio
3154 2559 3452 2630 interprete.

2727 2668 2902 2743 Hujus
2948 2671 3114 2743 igitur
3162 2672 3458 2729 Clementis
3507 2680 3685 2728 exstat

2651 2763 2885 2834 epistola
2931 2779 3042 2820 uno
3093 2779 3366 2820 consensu
3425 2773 3638 2836 recepta
3665 2805 3681 2830 ,

2644 2851 2846 2907 eximia
2889 2865 3115 2921 prorsus
3168 2861 3331 2924 atque
3371 2856 3639 2912 mirabilis
3665 2899 3682 2924 ,

2646 2963 2809 3018 quam
2854 2947 3074 3002 nomine
3122 2944 3379 3002 Ecclesiae
3427 2945 3685 3004 Romanae

2645 3041 2714 3096 ad
2739 3041 3147 3097 Corinthiorum
3174 3039 3478 3097 Ecclesiam
3509 3044 3686 3114 scrip-

2644 3135 2736 3198 sit,
2782 3148 2907 3187 cum
2965 3131 3111 3203 apud
3166 3147 3263 3187 eos
3314 3134 3498 3203 gravis
3537 3142 3685 3190 esset
3743 3125 3756 3134 ”

2645 3232 2835 3280 exorta
2869 3223 3164 3281 dissensio.
3208 3221 3361 3278 Hanc
3403 3226 3458 3279 in
3490 3224 3686 3294 pleris-

2646 3336 2752 3391 que
2787 3320 3045 3376 Eccles'iis
3089 3328 3144 3376 et
3187 3329 3376 3376 nostra
3424 3328 3479 3375 et
3519 3336 3683 3390 supe-

2645 3411 2781 3466 riori
2805 3412 3066 3466 memoria
3090 3411 3267 3482 palam
3299 3411 3519 3466 recitari
3546 3425 3681 3466 con-

2646 3503 2889 3558 suevisse
2936 3503 3327 3573 comperimus.
3364 3499 3536 3556 Porro
3586 3513 3684 3558 su-

2644 3590 2881 3660 pradicti
2911 3589 3210 3647 Clementis
3250 3599 3494 3661 tempore
3529 3590 3680 3645 sedi-

2644 3681 2848 3738 tionem
2875 3682 3017 3738 inter
3037 3681 3354 3738 Corinthios
3382 3698 3504 3738 esse
3531 3697 3681 3738 com-

2643 3781 2848 3829 motam
2887 3775 3357 3846 locupletissimus
3394 3776 3551 3831 testis
3593 3783 3680 3830 est

2643 3863 3003 3935 llegesippus.

2903 4010 3113 4066 Valesio
3143 4023 3444 4084 interprete.

2701 4106 2996 4164 Clementis
3016 4109 3106 4164 illa
3125 4111 3400 4181 (epistola)
3424 4111 3492 4164 ab
3506 4112 3651 4166 omni
3669 4123 3676 4131 '

2636 4199 2742 4256 bus
2780 4211 3019 4271 recepta,
3056 4218 3217 4273 quam
3265 4201 3520 4257 Ecclesiae
3562 4201 3673 4257 llo-

2637 4307 2814 4346 mana:
2863 4293 3085 4349 nomine
3135 4294 3204 4349 ad
3260 4292 3669 4350 Corinthiorum

2639 4381 2938 4439 Ecclesiam
2989 4384 3227 4456 scripsit.
3284 4386 3341 4438 ln
3384 4401 3492 4454 qua
3542 4400 3668 4440 cum

2641 4475 2843 4531 multas
2863 4477 3066 4530 inserat
3094 4475 3392 4532 sententias
3415 4477 3673 4546 desump-

2640 4569 2727 4619 tas
2757 4579 2824 4618 ex
2869 4563 3110 4634 Epistola
3143 4563 3210 4618 ad
3251 4563 3532 4628 Hebraeos,
3574 4565 3672 4620 iis-

2639 4648 2871 4722 demque
2909 4651 3184 4706 interdum
3227 4651 3410 4707 verbis
3445 4660 3669 4718 utatur,

2639 4739 2774 4795 satis
2827 4740 3034 4795 indicat
3087 4755 3225 4811 opus
3272 4741 3406 4796 illud
3464 4758 3672 4814 nequa-

2637 4846 2800 4902 quam
2851 4846 3043 4887 recens
3101 4847 3245 4888 esse.
3304 4832 3671 4899 Quamobrem

2635 4942 2760 4988 cum
2784 4927 3013 4997 reliquis
3035 4928 3282 4999 Apostoli
3308 4931 3532 5000 scriptis
3560 4946 3672 4986 non

2636 5021 2755 5076 sine
2807 5037 2976 5077 causa
3010 5024 3113 5079 hoc
3140 5025 3303 5078 etiam
3335 5025 3669 5080 recensitum

2638 5116 2873 5172 videtur.
2907 5114 3044 5171 Cum
3094 5119 3240 5173 enim
3294 5119 3361 5172 ad
3411 5117 3671 5174 Hebraeos

2633 5208 2811 5279 patrio
2833 5223 3087 5265 sermone
3109 5210 3421 5280 scripsisset
3443 5210 3666 5273 Paulus.

2632 5301 2725 5354 alii
2791 5298 2996 5354 Lucam
3061 5301 3498 5371 evangelistam,
3576 5303 3666 5356 alii

2631 5388 2778 5443 hunc
2803 5389 2870 5444 de
2886 5404 2995 5460 quo
3011 5389 3286 5460 loquimur
3307 5389 3662 5450 Clementem,

2631 5474 2926 5547 Epistolam
2969 5481 3116 5536 illam
3170 5497 3294 5537 esse
3336 5482 3664 5552 interpreta-

2629 5573 2744 5620 tum
2791 5565 2992 5622 ferunt.
3036 5565 3193 5634 Quod
3221 5567 3439 5640 quidem
3475 5568 3663 5623 verius

2628 5658 2877 5718 videtur.
2925 5674 3049 5713 cum
3093 5660 3394 5728 praesertim
3439 5667 3494 5713 et
3539 5656 3662 5712 Cle-

2626 5755 2844 5819 mentis,
2862 5763 2914 5809 et
2937 5751 3027 5806 illa
3042 5748 3110 5805 ad
3139 5749 3388 5806 Hebraeos
3415 5750 3656 5824 Epistma

2626 5845 2874 5900 eumdem
2951 5846 3184 5902 habeant
3242 5844 3478 5923 stylum,
3553 5859 3654 5898 nec
