4074 6286
364 385 430 442 37
1601 377 1940 433 PRO(EMIA

2017 377 2367 434 'ARIOBUM.

3538 380 3613 434 38

363 497 698 561 ἁποσὼζεινσ
732 497 826 550 καὶ
858 492 936 568 τῷ
987 498 1061 568 μὴ
1107 496 1291 569 πόρρω
1335 494 1403 548 τὰ
1426 490 1487 546 ἐν
1520 494 1800 565 ἑκατέροις
1831 495 1942 555 τοῖς

2049 495 2336 563 utriusque
2368 492 2558 562 scripti
2590 493 2876 547 sententiae
2932 492 3090 547 valde
3138 492 3280 547 inter
3309 508 3367 548 se
3409 491 3619 549 discre-

368 592 758 664 συγγράμμασι
778 590 1028 660 νοήματα
1063 588 1407 643 καθεστάναι.
1441 586 1632 640 Ἰστέον
1660 585 1717 638 δὲ
1744 585 1819 648 ὼς
1847 587 1940 639 καὶ

2052 592 2206 658 pe‘nt.
2243 582 2538 638 Sciendum
2594 591 2773 637 tamen
2801 586 2885 637 ‘est
2949 583 3172 637 alteram
3248 599 3465 654 quoque
3494 583 3618 640 Cle-

364 685 586 755 δευτέρα
616 699 699 745 τις
748 676 891 735 εἶναι
924 681 1140 751 λέγεται
1170 680 1263 733 τοῦ
1302 680 1617 752 Κλήμεντος
1643 677 1901 750 ἐπιστολή
1922 695 1935 707 ·

2037 677 2237 733 mentis
2296 675 2581 745 epistolam
2634 674 3000 730 circumferri.
3051 674 3252 730 Verum
3306 676 3447 730 hanc
3505 693 3615 731 non

366 778 429 831 οὐ
450 778 553 849 μὴν
568 776 644 829 ἔθ’
670 775 879 846 ὁμοίως
906 777 973 846 τῇ
1005 774 1245 846 προτέρᾳ
1288 773 1382 826 καὶ
1420 770 1621 842 ταύτην
1664 771 1940 842 γνώριμον

2040 769 2268 840 perinde
2315 774 2588 837 receptam
2636 773 2799 836 atque
2850 767 3203 836 approbatam
3262 765 3477 833 fuisse,
3515 783 3616 839 pro

363 868 702 938 ἐπιστάμεθα
720 885 733 897 ·
754 868 836 920 ὅτι
856 867 987 939 μηδὲ
1000 868 1126 928 τοὺς
1142 865 1399 937 ἀρχαίους
1414 866 1552 935 αὐτῇ
1568 862 1940 934 κεχρημένους

356 963 533 1032 ἴσμεν.
557 961 623 1015 Et
670 960 813 1015 infra
847 979 862 1015 :
896 962 959 1013 Ἠ
992 961 1088 1032 μὲν
1134 956 1347 1013 οὖντοῦ
1392 958 1706 1027 Κλήμεντος
1744 956 1936 1025 ὁμολοο

356 1054 598 1125 γουμένη
644 1052 853 1125 γραφὴ,
884 1052 1163 1124 πρόδηλος.
1201 1051 1339 1123 Lege
1356 1048 1724 1114 Nicspuouuu,
1744 1048 1839 1104 lib.
1868 1065 1928 1116 ιι,

350 1159 477 1213 cap.
502 1146 595 1208 46,
618 1151 675 1200 et
697 1145 795 1199 lib.
821 1159 905 1208 ιιι,
943 1158 1065 1214 cap.
1090 1144 1179 1199 l8.

604 1372 793 1444 Ruﬁno
837 1376 1135 1443 interprete.

421 1477 601 1535 Simul
631 1492 684 1538 et
734 1483 801 1539 de
831 1483 1061 1555 epistola
1099 1482 1395 1544 Clementis

344 1568 600 1640 quaedam
669 1580 1063 1626 commemorat
1110 1570 1390 1641 (Hegesipn

345 1662 472 1735 pus)
527 1677 651 1732 qua
721 1663 883 1718 etiam
944 1663 1185 1716 inserere
1264 1661 1392 1714 huic

344 1754 497 1824 operi
529 1763 721 1810 nostro
748 1754 1125 1812 necessarium
1152 1753 1302 1808 duxi.

1461 1845 1557 1900 lib.
1593 1862 1667 1909 ιν,
1701 1860 1824 1916 cap.
1849 1846 1904 1901 5.

1461 1368 1724 1424 Eusemus
1760 1368 1903 1423 Hist.
1951 1368 2108 1430 eccl.,
2142 1367 2239 1423 lib.
2270 1381 2340 1428 Iv,
2372 1378 2492 1433 cap.
2518 1364 2611 1420 22.

1544 1484 1794 1538 Ἀκοῦσαί
1838 1484 1901 1553 γέ
1945 1502 2025 1537 τοι
2068 1482 2318 1555 πάρεστι,
2365 1479 2501 1552 μετά

1462 1593 1582 1629 τινα
1611 1576 1738 1648 περὶ
1765 1575 1865 1645 τῆς
1892 1575 1953 1629 Κ]

2017 1592 2206 1646 μεντος
2227 1574 2363 1646 πρὸς
2390 1575 2470 1626 Κο
2571 1570 2770 1624 mentis
2839 1570 2937 1637 adg
2988 1569 3305 1625 Corinthios
3375 1571 3607 1641 epistola

1460 1666 1694 1738 ρινθίους
1725 1666 1953 1719 ὲπιστολ²

2044 1662 2191 1734 αὑτῷ
2210 1664 2493 1735 εἰρημένα,
2568 1659 2813 1728 quaedam
2872 1661 3340 1724 commemoravit,
3372 1662 3481 1714 lucc
3511 1661 3605 1715 ad-

1461 1757 1803 1825 ὲπιλέγοντος
1829 1755 2022 1809 ταῦτα.
2059 1755 2198 1827 Lege
2228 1753 2272 1807 Ν
2282 1769 2453 1809 ICEPH.
2475 1794 2489 1817 ,

2042 870 2196 915 certo
2246 860 2549 914 habemus:
2607 857 3047 927 quandoquidem
3117 860 3448 913 vetustiores
3494 862 3614 929 ejus

2042 954 2358 1010 testimonio
2418 966 2761 1021 nequaquam
2792 967 2920 1005 usus
2971 965 3092 1005 esse
3123 952 3511 1021 comperimus.
3545 952 3615 1007 Et

2040 1048 2185 1116 infra
2222 1062 2241 1096 :
2274 1044 2339 1098 Et
2367 1042 2663 1098 Clementis
2699 1041 2917 1111 quidem
2964 1057 3086 1111 quae
3134 1044 3368 1111 genuina
3410 1051 3462 1098 et
3494 1059 3615 1097 om.

2038 1142 2188 1193 nium
2251 1151 2525 1192 consensu
2589 1142 2809 1204 recepta
2861 1133 2971 1187 sint
3023 1135 3226 1204 scripta
3258 1173 3274 1197 ,
3307 1134 3421 1203 jam
3477 1136 3612 1190 satis

2035 1233 2223 1305 liquet.
2255 1230 2396 1301 Lege
2432 1228 2692 1282 Munium
2734 1227 2786 1279 in
2810 1226 3026 1297 prologo
3058 1226 3126 1278 ad
3167 1244 3325 1295 opera
3349 1227 3609 1298 Dionysii.

2816 1360 3017 1414 i’alesio
3048 1363 3350 1431 interprete.

2641 1473 2934 1544 Postquam
2964 1474 3346 1547 (Hegesippus)
3386 1476 3452 1530 de
3486 1476 3610 1532 Cie-

2566 1752 2665 1817 dit,
2696 1768 2815 1821 quae
2840 1767 2960 1817 nos,
2995 1752 3038 1806 si
3069 1752 3266 1822 placet,
3295 1753 3605 1823 audiamus,

594 1961 785 2033 Ruﬁno
834 1963 1135 2031 interprete.

402 2070 462 2126 In
510 2072 621 2127 hac
674 2074 791 2144 ipsa
818 2072 1089 2143 scriptura
1137 2070 1382 2125 meminit

337 2166 501 2217 etiam
561 2163 900 2235 (Dionysius)
949 2164 1191 2233 epistolae
1254 2164 1377 2219 Cle-

337 2254 544 2309 mentis
578 2253 646 2308 ad
676 2253 995 2310 Corinthios
1026 2256 1273 2325 scriptae;
1307 2256 1383 2310 si-

334 2344 614 2413 gniﬁcans
643 2346 817 2400 veteri
867 2348 1117 2401 instituto
1155 2355 1208 2402 et
1240 2348 1383 2401 anti-

333 2449 436 2503 qua
471 2436 885 2491 consuetudine
945 2453 1160 2507 semper
1207 2438 1380 2507 ipsam

333 2527 635 2595 epistolam
670 2528 866 2582 lectam
885 2544 1007 2583 esse
1029 2530 1083 2583 in
1113 2528 1377 2585 Ecclesia.

330 2616 590 2688 Denique
640 2620 721 2674 sic
768 2620 947 2675 dicit:
994 2621 1237 2686 Beatam,
1295 2622 1380 2677 in-

328 2709 465 2778 quit,
496 2708 760 2765 duimus
807 2711 1110 2766 hodiernam
1139 2713 1379 2769 Domini-

327 2816 441 2854 cam
471 2802 652 2867 diem,
694 2803 751 2856 in
780 2821 883 2875 qua
938 2806 1156 2877 legimus
1186 2807 1380 2876 episto-

326 2891 430 2945 lam
455 2903 737 2958 vestram,
778 2912 938 2965 quam
979 2907 1029 2951 et
1076 2914 1275 2967 semper
1309 2900 1379 2953 ad

324 2988 493 3041 nostri
522 2991 987 3044 commonitionem
1006 2991 1251 3060 legemus,
1277 2994 1380 3047 sic-

1553 1957 1706 2021 losu,
1742 1958 1896 2023 ibid.,
1933 1959 2027 2013 lib.
2064 1976 2136 2023 Iv,
2170 1974 2291 2030 cap.
2327 1958 2417 2012 25.

1536 2070 1623 2123 Ἐν
1658 2071 1793 2141 αὐτῇ
1825 2070 1880 2122 δὲ
1907 2068 2075 2141 ταύτῃ
2107 2072 2199 2123 καὶ
2226 2070 2325 2139 τῆς
2346 2068 2493 2139 Κλή-

1458 2181 1649 2235 μεντος
1686 2164 1830 2235 ’πρὸς
1863 2164 2179 2235 Κορινθίους
2221 2164 2489 2234 μέμνηται

1454 2256 1763 2327 ἐπιστολῆς,
1799 2256 1971 2327 δηλῶν
2003 2255 2263 2309 ἀνέκαθεν
2302 2254 2361 2318 ἐξ
2390 2256 2489 2326 ἁρ-

1453 2350 1605 2419 χαίου
1623 2347 1775 2410 ἔθους
1789 2348 1883 2400 ἐπὶ
1912 2347 2011 2418 τῆς
2044 2346 2364 2416 Ἐκκλησίας
2390 2344 2488 2415 τὴν

1452 2441 1754 2509 ἀνάγνωσιν
1795 2439 1966 2509 αὐτῆς
1997 2437 2283 2492 ποιεῖσθαι.
2327 2438 2488 2505 Λέγει

1453 2533 1617 2601 γοῦν
1670 2534 1789 2601 Τὴν
1832 2532 2098 2601 σήμερον
2138 2531 2250 2585 οὖν
2275 2535 2490 2598 Κυρια-

1451 2628 1569 2697 κὴν
1609 2628 1785 2698 ἁγίαν
1827 2628 2056 2695 ἡμέραν
2096 2625 2450 2695 διηγάγομεν
2472 2664 2487 2688 ,

1448 2718 1566 2788 ἐφηῇ
1601 2718 2015 2791 ἀνεγνώκαμεν
2040 2717 2205 2788 ὑμῶν
2229 2717 2343 2785 τὴν
2369 2717 2491 2770 ἑπι-

1448 2811 1682 2879 στολήν
1699 2829 1713 2843 ⁸
1732 2812 2040 2881 ἣνὲξομεν
2069 2811 2161 2864 ἀει
2180 2824 2322 2862 ποτε
2350 2810 2493 2862 ἀνα-

1448 2903 1843 2975 γινώσκοντες
1897 2900 2343 2963 νουθετεῖσθαι,
2413 2901 2492 2964 ὡς

1450 2995 1547 3048 καὶ
1574 2995 1686 3062 τὴν
1714 2992 2009 3062 προτέραν
2037 2990 2182 3060 ἡμῖν
2208 2990 2305 3043 διὰ
2334 2987 2490 3053 Κλή-

326 3088 382 3130 ιιι
428 3091 478 3133 et
508 3080 683 3134 illam
708 3084 936 3151 priorem
962 3101 991 3137 a
1019 3081 1281 3139 Clemente
1308 3086 1377 3139 ad
1442 3102 1662 3154 μεντος
1693 3083 1953 3153 γραφεῖσι

2017 3100 2044 3135 ·.
2078 3080 2219 3150 Lege
2238 3078 2487 3142 NICEPH.,

328 3186 419 3223 nos
441 3174 734 3239 scriptam.

579 3305 779 3373 Ruﬁno
830 3307 1127 3375 interprete.

399 3421 586 3477 Utitur
612 3437 751 3477 sane
780 3426 1065 3495 exemplis,
1097 3428 1259 3481 etiam
1302 3444 1369 3483 ex

1446 3182 1541 3235 lib.
1573 3197 1648 3237 tv.
1678 3198 1798 3252 cap.
1827 3180 1880 3235 8.

1556 3311 1709 3377 lusu,
1741 3312 1898 3376 ibid.,
1932 3313 2025 3369 lib.
2057 3327 2131 3374 Iv,
2161 3326 2282 3380 cap.
2319 3309 2402 3363 i5.

1512 3433 1792 3503 Κέχρηται
1836 3430 1879 3482 δ’
1922 3431 1980 3483 ὲν
2010 3431 2193 3491 αὐτοῖς
2222 3429 2315 3481 καὶ
2361 3428 2481 3487 ταῖς

328 3513 411 3568 bis
444 3514 612 3568 libris
645 3512 743 3583 qui
779 3528 809 3566 a
834 3517 1113 3571 nonnullis
1148 3519 1371 3574 minime
1442 3521 1551 3576 ἀπὸ
1604 3523 1711 3575 τῶν
1775 3522 1952 3575 ἀντιλε

2017 3548 2020 3568 ι
2027 3521 2201 3592 μένων
2256 3518 2482 3591 Γραφῶν

327 3604 627 3674 recipiendi
689 3602 992 3660 videntur:
1029 3607 1082 3660 id
1119 3615 1244 3674 est,
1302 3623 1371 3664 ex

1450 3613 1802 3687 μαρτυρίαις·
1838 3614 1937 3684 τῆς
1963 3630 2022 3666 τε
2050 3612 2345 3682 λεγομένης
2384 3613 2482 3664 Σο-

2802 1958 3011 2012 Valesio
3031 1960 3329 2029 interprete.

2634 2069 2692 2124 In
2738 2071 2843 2126 hac
2882 2073 2998 2141 ipsa
3037 2074 3200 2127 etiam
3248 2074 3478 2143 epistola
3512 2074 3601 2131 (ad

2564 2159 2833 2231 Soterem)
2876 2163 3126 2216 meminit
3152 2162 3467 2233 (Dionysius
3497 2164 3601 2218 Co-

2560 2252 2823 2323 rinthius)
2893 2252 3195 2309 Clementis
3249 2256 3495 2324 epistola:
3533 2255 3601 2309 ad

2560 2344 2875 2400 Corinthios
2909 2346 3145 2415 scriptte,
3181 2361 3343 2416 quam
3368 2362 3433 2400 ex
3460 2347 3603 2418 pris-

2561 2450 2626 2489 ca
2655 2437 3054 2491 consuetudine
3086 2436 3139 2491 in
3199 2436 3445 2492 Ecclesia
3496 2439 3599 2509 legi

2563 2530 2777 2585 solitam
2809 2546 2932 2585 esse
2988 2538 3224 2585 testatur
3251 2531 3336 2586 his
3370 2532 3549 2586 verbis
3582 2550 3596 2585 :

2567 2620 2759 2685 Ilodie,
2790 2622 2989 2692 inquit,
3015 2638 3227 2675 sacrum
3252 2620 3390 2675 diem
3422 2622 3603 2675 Domi-

2564 2714 2737 2765 nicum
2766 2714 3135 2782 transegimus,
3170 2712 3224 2764 in
3258 2728 3360 2783 quo
3404 2713 3596 2781 episto-

2566 2805 2670 2859 lam
2688 2817 2911 2860 vestram
2928 2806 3167 2876 legimus,
3214 2823 3371 2876 quam
3388 2806 3598 2876 quidem

2560 2908 2805 2966 perpetuo
2828 2898 3065 2966 deinceps
3090 2897 3312 2967 legentes
3329 2938 3343 2961 ,
3378 2896 3595 2967 perinde

2562 3005 2624 3042 ac
2647 2990 2873 3058 priorem
2906 2989 3059 3041 illam
3099 2989 3246 3041 nobis
3272 3005 3305 3040 a
3331 2986 3597 3042 Clemente

2562 3081 2813 3149 scriptam
2835 3078 3132 3148 epistolam,
3165 3080 3378 3147 optimis
3405 3095 3598 3147 pra'ce-

2558 3171 2661 3233 ptis
2686 3185 2747 3222 ac
2770 3171 3093 3223 documentis
3185 3167 3591 3222 abundabimus.

2846 3301 3055 3357 Valesio
3083 3303 3379 3372 interprete.

2628 3421 2686 3476 ln
2706 3421 2897 3478 iisdem
2928 3421 3083 3477 libris
3110 3419 3485 3495 (Stromateis)
3510 3422 3594 3477 af-

2555 3515 2660 3569 fert
2683 3513 2956 3580 (Clemens
2981 3512 3406 3585 Alexandrinus)
3439 3516 3593 3569 testi-

2556 3603 2743 3659 monia
2775 3603 3184 3674 Scripturarum
3220 3618 3341 3674 quae
3370 3618 3401 3657 a
3448 3620 3590 3660 non-

326 3692 609 3765 Sapientia
641 3709 770 3765 quas
795 3695 999 3749 dicitur
1042 3696 1371 3767 Salomonis,
1445 3705 1717 3778 λομῶντος
1741 3705 1953 3776 Σοιρίας1

2017 3705 2105 3759 καὶ
2148 3704 2249 3775 τῆς
2302 3703 2477 3774 Ἰησοῦ
2561 3700 2727 3755 nullis
2751 3700 3143 3768 repudiantur:
3175 3714 3370 3770 nempe
3389 3714 3452 3753 ex
3487 3696 3591 3755 Sa-

323 3793 375 3838 et
390 3802 456 3840 ex
480 3784 774 3856 Sapientia
813 3783 1005 3839 Siraclt
1036 3804 1155 3857 qua:
1188 3788 1374 3858 appel-
1443 3797 1537 3851 τοῦ
1568 3796 1759 3868 Σιρὰχ,
1788 3795 1953 3849 miri

2019 3795 2156 3866 πρὸς
2196 3794 2480 3866 Ἑϐραίους
2560 3792 2763 3862 pientia
2793 3806 2915 3862 quae
2938 3791 3140 3847 dicitur
3160 3790 3491 3856 Salomonis,
3535 3801 3590 3848 et

1456 3887 1792 3958 Ἐπιστολῆς,
1835 3887 1935 3958 τῆς

2017 3886 2343 3957 εΒαρνάὸα,
2385 3888 2479 3939 καὶ
2552 3898 2620 3937 ex
2682 3880 2960 3952 Sapientia
3017 3879 3147 3936 Jesu
3217 3880 3314 3934 filii
3356 3878 3585 3950 Sirach;

318 3970 413 4024 sed
442 3980 499 4026 et
550 3972 619 4027 de
661 3969 960 4035 Barnabaa,
990 3980 1042 4027 et
1074 3972 1368 4032 Clementis
1441 3980 1775 4053 Κλήμεντος,
1820 3980 1914 4033 καὶ

2017 3978 2162 4031 ούδα.
2210 3974 2429 4034 Νιοειδη.
2456 4022 2473 4047 ,
2549 3980 2676 4033 item
2713 3994 2781 4033 ex
2826 3978 3069 4049 Epistola
3110 3977 3178 4032 ad
3222 3976 3504 4043 Hebraeos,
3531 3984 3587 4031 ct

321 3876 461 3931 latur
488 3877 929 3933 Ecclesiasticus
958 3879 1095 3948 apud
1123 3877 1365 3937 Latinos:

316 4063 546 4132 epistola
576 4063 740 4136 ponit
778 4064 1050 4133 exempla.

1440 4070 1533 4125 lib.
1562 4085 1635 4135 Iv,
1658 4086 1778 4141 cap.
1807 4071 1895 4126 55.

1930 4242 1997 4301 ν.

2547 4086 2613 4125 ex
2644 4069 2922 4148 Barnabaa,
2953 4069 3272 4136 Clementis,
3326 4068 3587 4139 Judaeque

2545 4160 2811 4231 epistolis.

1143 4354 1413 4413 CvntLLus
1437 4354 1983 4426 llierosolymitanus,
2012 4354 2300 4415 Cateches.
2332 4377 2489 4431 xvm,
2518 4379 2638 4434 cap.
2679 4363 2735 4429 8,

1474 4449 1606 4504 edit.
1637 4445 1840 4513 Paris.,
1874 4448 2038 4514 1720,
2071 4466 2193 4521 pag.
2217 4452 2344 4519 288,
2374 4453 2435 4509 υ.

374 4568 539 4641 ᾝδει
585 4566 726 4629 Θεὸς
755 4563 872 4617 τῶν
908 4561 1202 4635 ἀνθρώπων
1242 4564 1337 4636 τὴν
1364 4564 1642 4627 ἀπιστίαν,
1673 4563 1766 4617 καὶ
1815 4563 1909 4634 ὄρ·
1940 4571 1953 4625 1

2081 4565 2319 4621 Noverat
2341 4566 2487 4624 Deus
2536 4567 2678 4623 hanc
2702 4568 2982 4623 hominum
3018 4570 3075 4624 in
3103 4568 3377 4626 credendo
3400 4576 3583 4643 pervi-

312 4677 425 4713 νεον
440 4663 523 4724 είς
539 4658 711 4713 τοῦτο
726 4656 1148 4728 κατειργάσατο,
1169 4658 1382 4727 φοίνικα
1393 4657 1534 4711 οὕτω
1548 4656 1901 4728 καλούμενον.

314 4753 501 4816 Τοῦτο,
556 4753 639 4815 ὡς
672 4750 885 4823 γράφει
914 4749 1159 4821 Κλήμης,
1208 4751 1301 4803 καὶ
1330 4749 1602 4823 ἱστοροῦσι
1634 4750 1901 4814 πλείονες,

319 4846 608 4914 μονογενὲς
629 4844 905 4914 ὑπάρχον,
921 4841 1059 4895 κατὰ
1074 4842 1169 4913 τὴν
1183 4843 1490 4910 Αἰγυπτίων
1519 4840 1701 4914 χώραν
1730 4844 1787 4896 ὲν
1808 4860 1903 4895 πε-

317 4936 503 5006 ριόδοις
560 4935 949 4991 πεντακοσίων
993 4933 1125 4988 ἐτῶν
1168 4934 1481 5006 ἐρχόμενον,
1525 4934 1761 4987 δείκνυσι
1803 4933 1901 5006 τὴν

313 5026 634 5081 ἀνάστασιν·
690 5027 794 5079 οὐκ
836 5027 895 5077 ὲν
927 5026 1152 5097 ἐρήμοις
1191 5026 1395 5090 τόποις,
1428 5027 1514 5080 ἵνα
1547 5026 1621 5099 μὴ
1661 5026 1897 5099 ἀγνοηθῇ

311 5119 371 5171 τὸ
400 5122 713 5191 μυστήριον
741 5118 1039 5187 γινόμενον,
1070 5117 1180 5170 ἀλλ’
1213 5120 1271 5171 ἐν
1304 5122 1513 5191 φανερᾷ
1542 5119 1690 5172 πόλει
1721 5137 1903 5192 παρα-

309 5210 629 5280 γενόμενον,
677 5211 767 5263 ἵνα
816 5209 1104 5281 mxumae
1150 5210 1211 5262 τὸ
1248 5212 1664 5282 ἀπιστούμενον.
1726 5211 1900 5282 Σηκὸν

306 5303 414 5374 γὰρ
440 5303 631 5374 ἑαυτῷ
661 5303 900 5373 ποιῆσαν
929 5304 993 5355 ὲκ
1018 5302 1230 5356 λιϐάνου
1260 5305 1354 5357 καὶ
1395 5305 1659 5376 σμύρνης,
1683 5306 1776 5358 καὶ
1791 5305 1901 5357 λοι-

306 5397 425 5449 πῶν
471 5398 821 5469 ἀρωμάτων,
866 5398 959 5450 καὶ
987 5397 1044 5450 ἐν
1084 5399 1150 5468 τῇ
1195 5397 1580 5469 συμπληρώσει
1611 5398 1719 5451 τῶν
1764 5396 1900 5450 ἐτῶν

303 5491 382 5551 εἰς
428 5490 633 5544 τοῦτον
681 5488 940 5549 εἰσελθὸν,
969 5488 1186 5559 τελευτᾷ
1226 5489 1471 5561 φανερῶς
1499 5491 1593 5543 καὶ
1634 5491 1896 5561 σήπεται’

302 5576 420 5634 εἶτα
473 5584 544 5635 ὲκ
598 5582 707 5651 τῆς
759 5581 1022 5648 σαπείσης
1067 5579 1266 5651 σαρκὸς
1305 5580 1399 5633 τοῦ
1443 5581 1857 5652 τελευτήσαντος
1881 5621 1896 5645 ,

304 5672 528 5744 σκώληξ
554 5690 651 5736 τις
679 5674 959 5741 γεννᾶται’
990 5671 1080 5722 καὶ
1122 5664 1273 5734 οὗτος
1303 5672 1572 5743 αὐξηθεὶς,
1608 5676 1686 5736 είς
1713 5674 1898 5745 ὄρνεον

304 5766 649 5837 μορφοῦται.
702 5762 1010 5831 Paucisque
1039 5762 1368 5832 intcrjcctis:
1415 5760 1546 5819 Εἶτα
1591 5768 1897 5838 πτεροφυή-

2011 4658 2242 4723 caciam,
2274 4666 2437 4730 atque
2466 4659 2533 4713 ad
2562 4660 2614 4714 id
2668 4675 2821 4715 avem
2866 4663 3225 4732 comparavit,
3270 4665 3578 4735 phoenicem

2013 4754 2360 4823 appellatam.
2391 4752 2537 4819 Ilaec,
2571 4761 2629 4808 ut
2671 4755 2861 4811 scribit
2890 4754 3166 4820 Clemens,
3195 4756 3395 4827 aliique
3424 4773 3578 4812 com-

2012 4848 2198 4916 plures
2242 4856 2488 4908 narrant.
2523 4862 2648 4902 cum
2694 4848 2765 4903 sit
2803 4849 3058 4919 unigena,
3092 4849 3146 4902 in
3198 4847 3578 4921 [Egyptiorum

2010 4939 2287 5007 regionem
2334 4938 2646 5007 quingentis
2687 4938 2997 5008 quibusque
3050 4938 3211 4993 annis
3259 4937 3575 5000 adveniens,

2008 5026 2468 5083 resurrectionem
2496 5026 2734 5084 ostendit
2769 5047 2782 5083 :
2822 5043 2931 5081 non
2962 5028 3015 5081 iu
3043 5028 3276 5083 desertis
3304 5026 3461 5089 locis.
3507 5042 3578 5083 ne

2008 5118 2212 5172 resilla
2249 5119 2567 5189 mys'erium
2602 5118 2765 5181 facta,
2792 5118 3013 5185 lateret;
3039 5118 3131 5173 sed
3159 5119 3214 5172 in
3245 5117 3379 5172 urbe
3440 5131 3575 5172 con-

2002 5213 2188 5284 spicua
2203 5222 2522 5283 praesentem
2554 5230 2613 5269 se
2642 5215 2869 5277 sistens,
2912 5221 2971 5267 ut
3013 5229 3175 5268 manu
3207 5219 3578 5268 contrectetur

2008 5305 2153 5375 quod
2184 5305 2387 5375 alioqui
2424 5304 2582 5360 fidem
2619 5320 2729 5359 non
2758 5304 3050 5359 inveniret.
3077 5304 3409 5359 Constructo
3430 5304 3573 5358 enim

2009 5397 2115 5453 sibi
2136 5414 2201 5453 ex
2228 5398 2411 5464 thure,
2450 5397 2671 5467 myrrha
2696 5397 3018 5465 caeterisque
3048 5396 3385 5451 aromatibus
3422 5394 3572 5457 nido,

2008 5490 2065 5545 in
2095 5491 2243 5545 hunc
2271 5491 2485 5560 expleto
2514 5503 2782 5543 annorum
2813 5490 3093 5544 curriculo
3119 5489 3434 5558 ingrediens
3452 5502 3573 5542 mo-

2006 5587 2145 5640 ritur
2192 5583 2369 5654 palam
2422 5596 2488 5636 ac
2543 5581 2829 5652 putrescit.
2890 5580 3093 5636 Deinde
3151 5598 3216 5636 ex
3271 5579 3574 5651 putrefacta

2005 5683 2237 5730 mortua:
2278 5671 2395 5727 avis
2425 5686 2590 5726 carne
2619 5669 2822 5725 vermis
2852 5670 3072 5741 quidam
3105 5673 3419 5737 enascitur;
3455 5669 3576 5723 hic-

2005 5779 2110 5836 que.
2142 5768 2493 5835 augmentum
2514 5761 2756 5832 capiens,
2794 5760 2850 5816 in
2872 5762 3146 5817 volucrem
3173 5760 3568 5817 conformatur.
