4076 6280
366 346 434 400 59
1490 346 1578 400 AD
1622 346 1680 401 S.
1723 346 1956 401 CLEME

2028 348 2146 403 FEB!
2184 351 2205 404 1
2243 350 2415 406 ΡΛΡΛ
2426 353 2471 407 Μ
3532 362 3599 413 id)

369 475 468 521 σας
508 458 537 509 6
589 456 982 528 προειρημένος
1026 456 1217 526 φοῖνιξ,
1261 456 1355 509 καὶ
1401 456 1601 521 τέλειος
1637 451 1746 521 οἷος
1798 454 1867 530 ἦν
1911 460 1939 511 6

2042 462 2341 535 Paucisque
2391 467 2677 537 interfectis
2720 483 2738 522 :

364 550 650 622 πρότερος,
684 548 857 618 φοῖνιξ
903 549 1206 619 γενόμενος,
1247 550 1535 603 ἀνίπταται
1575 550 1815 613 τοιοῦτος
1860 553 1939 614 είς

363 644 500 714 ἀέρα
522 681 536 705 ,
585 637 695 703 οἷος
744 642 837 694 καὶ
885 640 1284 712 ἐτετελευτήκει
1331 641 1673 712 σαφεστάτην
1727 641 1934 713 νεκρῶν

361 735 656 789 ἀνάστασιν
686 733 993 805 ἀνθρώποις
1019 733 1307 797 ἐπιδείξας.

2798 468 2997 527 Postea
3048 472 3267 541 phmnix
3312 475 3602 544 praedictus

2044 550 2351 621 plumcscit,
2384 553 2787 627 perfectusque,
2816 559 2995 629 qualis
3026 568 3146 615 erat
3172 562 3343 631 prior,
3384 565 3601 633 phoenix

2041 641 2238 709 factus,
2268 643 2324 698 in
2353 658 2479 700 acra
2502 646 2627 701 talis
2654 648 2855 714 avolat,
2895 650 3072 720 qualis
3105 660 3223 705 erat
3272 667 3395 707 cum
3429 672 3607 710 mori--

2039 742 2210 799 retur,
2258 735 2724 793 evidentissimam
2762 748 3101 796 mortuorum
3144 746 3603 801 resurrectionem

2037 823 2350 882 hominibus
2374 834 2677 887 ostentans.
2704 829 2876 898 Epist.
2906 831 2957 896 1,
2981 847 3100 902 cap.
3128 831 3217 890 25.

1939 916 2025 973 Vl.

1136 1012 1485 1075 Eptrnauws,
1509 1012 1727 1066 Advers.
1771 1009 2183 1079 Carpocrasios,
2216 1010 2421 1068 Hazrcsi
2449 1014 2539 1081 27,
2565 1032 2717 1073 num.
2766 1017 2818 1074 6.

432 1105 593 1174 Λέγει
624 1105 732 1177 γάρ
765 1106 823 1160 ἐν
857 1108 956 1177 μιᾷ
982 1105 1089 1159 τῶν
1118 1105 1416 1158 ἐπιστολῶν
1444 1103 1609 1157 αὑτοῦ
1628 1122 1641 1135 °
1689 1106 1941 1172 Ἀναχω-

352 1199 461 1269 ρῶ,
486 1199 707 1268 ἄπειμι,
731 1198 1074 1264 ἐνσταθήτω
1094 1201 1126 1252 ό
1144 1198 1295 1263 λαὸς
1321 1197 1426 1251 τοῦ
1449 1197 1615 1251 Θεοῦο
1648 1198 1760 1250 τισὶ
1783 1195 1941 1249 τοῦτο

364 1292 773 1363 συμϐουλεύων*
819 1291 1051 1363 εὕρομεν
1091 1289 1199 1361 γὰρ
1242 1289 1298 1343 ἐν
1340 1305 1481 1343 τισιν
1526 1289 1938 1360 ὑπομνηματισ-

365 1387 483 1455 μοῖς
511 1384 667 1437 τοῦτο
682 1383 1020 1453 ἐγκείμενον.

2115 1103 2254 1158 Dicit
2277 1107 2420 1161 enim
2450 1106 2745 1180 (Clemens)
2772 1110 2827 1164 in
2855 1125 2962 1165 una
2977 1110 3328 1180 epistolarum
3356 1127 3600 1167 suarum:

2039 1194 2260 1260 Recedo,
2292 1197 2440 1263 abeo,
2473 1200 2629 1255 instet
2688 1202 2914 1270 populus
2960 1202 3089 1265 Dei;
3135 1204 3412 1258 nonnullis
3453 1203 3602 1257 vidc-

2039 1287 2167 1341 licet
2213 1288 2317 1343 hoc
2368 1291 2530 1345 modo
2572 1292 2866 1346 consulens
2919 1310 2932 1347 :
2986 1308 3111 1347 nam
3164 1293 3218 1347 in
3278 1291 3599 1363 quihusdam

2036 1378 2449 1435 commentariis
2501 1381 2577 1435 ita
2620 1383 2885 1452 scriptum
2947 1384 3271 1453 reperimus.
3327 1382 3499 1454 Epist.
3547 1384 3597 1445 l,

2036 1485 2157 1541 cap.
2182 1472 2269 1526 54.

1301 1586 1453 1646 Ionii.
1477 1584 1695 1638 Advers.
1734 1580 2032 1644 Ebiouwos,
2058 1578 2259 1636 Haeresi
2286 1582 2376 1648 50,
2414 1598 2568 1638 num.
2602 1583 2688 1639 15.

430 1682 601 1744 Ᾱύτδς
633 1680 867 1753 Κλήμης
896 1681 1094 1744 αὐτοὺς
1118 1679 1263 1734 κατὰ
1293 1679 1469 1732 πάντα
1498 1675 1706 1745 ἐλέγχει
1733 1673 1826 1742 ἀφ’
1858 1665 1932 1725 ὧν

359 1775 592 1847 ἔγραψεν
635 1772 933 1847 ἐπιστολῶν
980 1772 1300 1841 ἐγκυκλίων,
1342 1770 1449 1823 τῶν
1496 1769 1553 1821 ὲν
1585 1769 1704 1829 ταῖς
1750 1764 1932 1833 ἁγίαις

363 1846 710 1936 Ἐκκλησίαιξ
741 1861 1280 1933 ἀναγινωσκομένων,
1318 1861 1399 1914 ὅτι
1427 1859 1583 1916 ἄλλον
1617 1860 1729 1930 ἔχει
1754 1878 1927 1931 χαρα-

353 1964 532 2034 κτῆρα
560 1963 593 2031 ή
622 1955 811 2011 ἑαυτοῦ
862 1954 1043 2017 πίστις
1075 1954 1169 2008 καὶ
1202 1956 1230 2005 6
1262 1953 1451 2021 λόγος,
1512 1952 1662 2024 παρὰ
1708 1951 1776 2006 τὰ
1822 1952 1928 2005 ὑπὸ

353 2053 556 2108 τούτων
589 2053 668 2115 είς
698 2049 865 2121 ὄνομα
888 2045 1051 2100 αὑτοῦ
1090 2047 1147 2098 ὲν
1175 2048 1294 2107 ταῖς
1333 2043 1637 2112 Περιόδοις
1681 2043 1926 2097 νενοθευο

357 2147 492 2217 μένα
518 2162 531 2175 ”
560 2144 723 2217 αὐτὸς
751 2141 857 2214 γὰρ
890 2137 1185 2210 παρθενίαν
1210 2136 1491 2198 διδάσκει,
1532 2134 1627 2187 καὶ
1666 2135 1819 2188 αὐτοὶ
1864 2135 1926 2187 οὐ

350 2214 598 2303 δέχονται
613 2214 635 2262 έ
661 2231 822 2294 αὐτὸς
847 2227 955 2299 γὰρ
989 2224 1322 2296 ἐγκωμιάζει
1359 2223 1545 2277 Ἠλίαν
1563 2263 1578 2288 ,
1622 2225 1717 2277 καὶ
1738 2224 1925 2283 Δαϐὶδ.

358 2322 453 2374 καὶ
496 2322 755 2393 Σαμψὼν,
788 2323 881 2376 καὶ
913 2321 1120 2381 πάντας
1150 2319 1277 2381 τοὺς
1305 2316 1611 2388 προφήτας,
1652 2310 1746 2372 οὒς
1783 2303 1928 2360 οὗτοι

362 2411 746 2483 βδελύττονται.

2110 1670 2364 1728 Clemens
2408 1673 2524 1745 ipse
2587 1677 2840 1733 omnibus
2879 1677 3001 1733 illos
3048 1675 3376 1749 (Ebionaeos)
3422 1677 3598 1733 modis

2039 1762 2315 1835 redarguit
2343 1765 2410 1821 iis
2440 1767 2687 1837 epistolis
2721 1769 3103 1833 circularibus,
3132 1784 3251 1838 quae
3276 1769 3343 1823 ab
3370 1783 3436 1823 eo
3461 1769 3601 1824 scri-

2035 1862 2139 1924 pta;
2186 1846 2243 1910 in
2292 1859 2662 1914 sacrosanctis
2692 1861 2953 1916 Ecclesiis
2991 1861 3261 1931 leguntur.
3292 1859 3373 1913 Ex
3397 1859 3597 1928 quibus

2035 1956 2271 2011 constat,
2307 1950 2464 2020 longe
2513 1952 2581 2005 ab
2630 1951 2697 2007 iis
2743 1967 2864 2022 quae
2909 1952 2965 2006 in
2994 1947 3316 2006 Circuitibus
3359 1951 3469 2005 illis
3494 1950 3596 2004 sub

2035 2039 2155 2107 ejus
2187 2040 2409 2095 nomine
2439 2041 2747 2097 adulterina
2773 2050 3011 2109 exstant,
3043 2043 3189 2098 illius
3214 2042 3373 2097 ﬁdem
3400 2056 3463 2095 ac
3482 2056 3596 2097 ser-

2037 2144 2253 2184 monem
2299 2132 2667 2189 abhorruisse.
2694 2133 2907 2188 Etenim
2938 2134 3303 2204 virginitatem
3344 2132 3595 2188 Clemens

2032 2220 2274 2285 edocuit,
2302 2230 2357 2276 et
2380 2222 2470 2278 isti
2507 2224 2834 2293 repudiant:
2874 2223 2965 2278 ille
3012 2223 3205 2290 Eliam,
3238 2222 3493 2277 Davidem
3540 2229 3594 2276 et

2035 2304 2388 2377 Sampsonem
2412 2325 2711 2383 omnesque
2739 2312 3033 2383 prophetas
3055 2311 3431 2378 commendat,
3453 2326 3592 2381 quos

2031 2392 2085 2446 bi
2117 2393 2481 2454 detestantur.

1904 2526 2019 2582 Vll.

820 2635 1187 2700 Hisnoun'us,
1225 2634 1330 2691 lib.
1365 2634 1436 2688 De
1457 2632 1581 2687 viris
1601 2626 1920 2687 illustribus,
1954 2640 1959 2668 4

2028 2636 2075 2691 p.
2110 2622 2198 2687 15,
2233 2638 2357 2679 cum
2388 2636 2569 2683 vetere
2600 2626 2786 2684 Graeco
2818 2630 3135 2701 interprete.

430 2718 699 2791 Κλήμης,
741 2721 871 2793 περὶ
896 2715 959 2775 οὗ
994 2721 1203 2787 Παῦλος
1227 2725 1255 2777 6
1304 2724 1621 2790 Ἀπόστολος
1655 2728 1791 2799 πρὸς
1836 2730 1934 2784 Φι-

356 2808 684 2882 λιππησίους
728 2814 975 2883 γράφων,
1007 2813 1190 2883 λέγει’
1217 2816 1379 2871 Μετὰ
1413 2816 1515 2871 καὶ
1554 2816 1932 2890 Κλήμεντος,

357 2900 502 2966 κτλ.,
538 2903 799 2975 τέταρτος
828 2906 964 2976 μετὰ
986 2906 1188 2979 Πέτρον
1221 2908 1436 2980 Ῥώμης
1462 2910 1785 2976 ἐπίσκοποςο
1814 2913 1933 2967 δεύ-

355 3009 512 3064 τερος
543 2991 652 3064 γὰρ
683 2996 840 3057 Αἶνος
869 2995 1103 3063 ἐγένετο,
1138 2996 1319 3067 τρίτος
1358 2998 1732 3071 Ἀνέγκλητος,
1768 3003 1817 3055 εἰ
1838 3005 1931 3056 καὶ

354 3084 540 3138 πολλοὶ
564 3083 671 3137 τῶν
722 3084 1003 3155 Ῥωμαίων
1025 3086 1485 3157 ὑπολαμϐάνουσι,
1511 3089 1760 3163 δεύτερον
1791 3093 1928 3163 μετά

352 3178 445 3231 τὸν
477 3177 770 3231 ἀπόστολον
799 3179 1002 3250 Πέτρον
1031 3179 1354 3249 γεγενῆσθαι
1376 3181 1688 3253 Κλήμεντα.
1728 3186 1931 3258 Ἔγρα-

351 3270 451 3340 ψεν
485 3272 549 3323 ὲκ
589 3268 880 3342 προσώπου
913 3271 1013 3342 τῆς
1058 3270 1381 3341 Ἐκκλησίας
1420 3273 1638 3346 Ῥώμης
1666 3276 1800 3347 πρὸς
1831 3278 1930 3351 τήν

352 3364 412 3418 ὲν
438 3362 688 3435 Κορίνθῳ
727 3362 1054 3433 Ἐκκλησίαν
1086 3363 1372 3434 ὲπιστολὴν
1406 3364 1546 3418 πάνυ
1572 3366 1887 3440 θαυμαστὴν
1911 3409 1927 3436 ,

348 3456 474 3526 ἥτις
509 3457 566 3509 ὲν
594 3458 846 3527 φανεροῖς
867 3454 1051 3518 τόποις
1083 3454 1315 3529 δημοσίᾳ
1363 3457 1819 3527 ἀναγινώσκεται,
1852 3460 1929 3531 τῷ

349 3549 662 3621 χαρακτῆρι
704 3549 802 3619 τῆς
848 3549 984 3620 πρὸς
1024 3548 1308 3620 Ἑϐραίους
1350 3550 1666 3622 Ἐπιστολῆς
1715 3551 1927 3605 Παύλου

354 3641 673 3711 συνᾴδουσα,
706 3640 767 3693 ού
792 3641 951 3711 μόνον
978 3642 1261 3711 νοήμασιν,
1297 3642 1433 3696 ἀλλὰ
1461 3644 1554 3697 καλ⁴
1584 3643 1783 3713 λόγοις.
1818 3645 1931 3701 Καὶ

355 3728 539 3791 ἁπλῶς
570 3728 797 3799 μεγίστη
839 3727 987 3781 ἐστὶν
1016 3728 1073 3781 ὲν
1106 3726 1342 3798 ἑκατέρᾳ
1385 3727 1657 3797 ὁμοίωσις.
1699 3728 1922 3799 Φέρεται

351 3821 447 3872 καὶ
488 3820 649 3890 ἑτέρα
698 3817 758 3884 ἐξ
807 3819 1071 3889 ὀνόματος
1112 3818 1276 3872 αὐτοῦ
1317 3812 1457 3871 εἶναι
1495 3818 1769 3889 ἐπιστολὴ,
1803 3820 1922 3890 ήτις

352 3909 505 3980 παρὰ
536 3910 752 3963 πάντων
778 3909 1256 3981 ἀποδοκιμάζεται.
1304 3910 1415 3964 Καὶ
1441 3909 1684 3978 διάλογος
1715 3910 1919 3980 Πέτρου

352 4002 447 4053 καὶ
488 4001 747 4063 Ἀπίωνος
791 4000 986 4072 μακρῷ
1011 4000 1152 4071 λόγῳ
1191 4003 1533 4069 συπαγείσα,
1574 4001 1761 4072 ἥντινα
1816 4002 1921 4055 Εὑ-

350 4078 527 4142 σέδιος
564 4077 777 4133 εὐθύνει
820 4081 880 4133 ὲν
905 4079 982 4151 τῷ
1013 4078 1336 4151 τρίτῳντῆς
1391 4078 1926 4149 Ἐκκλησιαστικῆς

345 4173 613 4241 ίστορίας
644 4172 844 4243 τεύχει.
867 4171 1103 4243 Τελευτᾷ
1127 4170 1205 4242 τῷ
1232 4172 1400 4244 τρίτῳ
1442 4172 1674 4244 ἐνιαυτῷ
1716 4172 1924 4242 Τραϊα-

349 4263 462 4327 νοῦ,
485 4263 577 4317 καί⁸
605 4263 704 4335 τὴν
718 4263 907 4317 τούτου
932 4264 1148 4335 μνήμην
1168 4265 1293 4338 ἄχρι
1308 4266 1545 4337 τήμερον
1557 4265 1622 4334 ,ὲν
1638 4265 1705 4335 τῇ
1737 4262 1924 4337 Ῥώμῃ

351 4357 765 4428 οἰκοδομηθεῖσα
800 4356 1062 4428 ἐκκλησία
1093 4357 1375 4427 φυλάττει.

2099 2712 2372 2782 Clemens,
2403 2717 2470 2773 de
2495 2734 2603 2788 quo
2631 2722 2911 2790 apostolus
2956 2721 3157 2778 Paulus
3180 2710 3253 2777 ad
3278 2722 3593 2795 Philippen-

2030 2821 2118 2861 ses
2167 2807 2266 2879 (iv,
2298 2809 2352 2881 3)
2384 2811 2631 2866 scribens
2677 2814 2751 2867 ait
2791 2814 2966 2869 :Cum
3008 2815 3268 2869 Clemente
3297 2825 3347 2869 et
3385 2820 3589 2872 cwteris

2026 2900 2449 2967 cooperatoribus
2481 2903 2628 2967 meis,
2656 2920 2877 2974 quorum
2904 2906 3116 2959 nomina
3137 2906 3336 2974 scripta
3364 2917 3487 2960 sunt
3535 2908 3589 2961 in

2025 2985 2161 3037 libro
2187 2985 2305 3041 vita:
2338 3004 2357 3042 :
2399 2996 2627 3057 quartus
2654 2997 2778 3059 post
2794 2989 3012 3045 Petrum
3049 2990 3233 3046 Romae
3258 2992 3586 3065 episcopus:

2025 3076 2295 3146 siquidem
2329 3080 2609 3135 secundus
2648 3079 2819 3136 Linus
2853 3081 2974 3145 fuit,
3019 3084 3214 3139 tertius
3258 3084 3585 3154 Anacletus;

2028 3167 2243 3223 tametsi
2269 3168 2513 3239 plerique
2529 3169 2869 3237 Latinorum,
2894 3173 3193 3227 secundum
3223 3183 3346 3243 post
3366 3173 3587 3231 Petrum

2027 3259 2333 3329 apostolum
2394 3267 2587 3330 putent
2625 3261 2796 3317 fuisse
2846 3262 3197 3318 Clementem.
3252 3264 3484 3335 Scripsit
3518 3280 3587 3319 ex

2023 3369 2258 3423 persona
2288 3352 2547 3411 Romanae
2571 3346 2826 3411 Ecclesia:
2863 3357 2928 3409 ad
2951 3356 3250 3413 Ecclesiam
3282 3357 3590 3413 Corinthio-

2021 3460 2143 3498 rum
2164 3445 2320 3500 valde
2349 3446 2536 3501 utilem
2568 3447 2878 3517 epistolam,
2903 3464 3024 3517 quaa
3045 3455 3099 3503 et
3126 3448 3181 3501 in
3205 3450 3483 3504 nonnullis
3507 3449 3586 3503 lo-

2021 3536 2103 3592 cis
2156 3538 2373 3609 publice
2418 3539 2635 3610 legitur,
2662 3556 2782 3609 quae
2829 3540 2962 3594 mihi
3019 3540 3251 3614 videtur
3284 3539 3587 3594 characteri

2016 3626 2289 3698 Epistulae,
2308 3646 2427 3701 quae
2453 3632 2554 3686 sub
2580 3630 2733 3685 Pauli
2764 3632 2983 3687 nomine
3012 3633 3077 3686 ad
3104 3632 3358 3687 Hebraeos
3387 3632 3584 3696 fertur,

2020 3722 2333 3778 convenire.
2367 3720 2473 3776 Sed
2502 3730 2555 3777 et
2607 3724 2790 3777 multis
2819 3723 2887 3778 de
2940 3724 3128 3779 eadem
3171 3724 3421 3796 epistola,
3476 3740 3585 3778 non

2021 3813 2195 3867 solum
2217 3813 2492 3879 sensibus,
2517 3812 2781 3883 sedjuxta
2799 3815 3084 3869 verborum
3104 3831 3319 3885 quoque
3336 3814 3582 3869 ordinem

2020 3905 2281 3959 abutitur.
2305 3904 2542 3960 Omnino
2561 3906 2781 3976 grandis
2813 3906 2868 3960 in
2898 3916 3129 3976 utraque
3157 3906 3456 3961 similitudo
3477 3914 3577 3960 est.

2018 3997 2211 4053 Fertur
2239 4004 2293 4053 et
2335 3997 2572 4055 secunda
2594 3998 2712 4068 ejus
2737 3999 2956 4053 nomine
2981 3998 3235 4067 epistola,
3270 4013 3389 4069 quae
3434 4014 3460 4050 a
3487 4013 3581 4050 ve-

2020 4086 2228 4147 teribus
2266 4091 2609 4160 reprobatur.
2652 4090 2718 4144 Et
2763 4091 3056 4160 disputatio
3088 4089 3236 4146 Petri
3267 4099 3320 4145 et
3356 4088 3580 4160 Apionis

2018 4185 2180 4252 longo
2206 4199 2457 4239 sermone
2491 4183 2821 4253 conscripta,
2843 4198 3005 4253 quam
3032 4182 3301 4238 Eusebius
3332 4182 3386 4235 in
3417 4180 3578 4235 tertio

2021 4272 2279 4329 Historia:
2316 4275 2685 4333 ecclesiasticae
2718 4277 2992 4332 volumine
3012 4277 3271 4347 coarguit.
3308 4274 3451 4329 Obiit
3471 4281 3579 4327 ter-

2017 4367 2095 4424 tio
2122 4367 2342 4436 Trajani
2371 4383 2535 4432 anno,
2560 4374 2612 4422 et
2640 4368 2875 4423 nominis
2896 4368 3015 4437 ejus
3045 4367 3362 4424 memoriam
3405 4381 3577 4435 usque

2018 4460 2179 4516 hodie
2211 4458 2395 4514 Romae
2428 4466 2705 4515 exstructa
2757 4460 2988 4515 ecclesia
3015 4460 3271 4515 custodit.

370 4638 377 4647 ,
1362 4569 1514 4637 lusu,
1539 4572 1635 4628 lib.
1662 4589 1679 4627 ι
1706 4576 1909 4635 advers.
1972 4577 2335 4640 Iovinianum,
2368 4590 2488 4645 cap.
2515 4574 2567 4630 7.

421 4655 499 4709 Ad
526 4656 625 4711 hos
657 4654 984 4731 (eunuchos)
1008 4671 1063 4717 et
1092 4663 1342 4720 Clemens
1369 4680 1661 4722 successor
1681 4674 1915 4739 apostoli
1940 4672 2106 4737 Petri,
2139 4671 2298 4741 cujus
2319 4668 2523 4722 Paulus
2546 4668 2825 4736 apostolus
2878 4665 3123 4721 meminit
3158 4663 3377 4736 (Philip.
3410 4679 3483 4729 Iv,
3516 4664 3570 4733 5)

347 4745 543 4801 scribit
562 4745 849 4814 epistolas,
885 4762 1211 4819 omnemque
1241 4766 1377 4819 pene
1395 4767 1701 4810 sermonem
1724 4773 1884 4812 suum
1908 4760 1975 4815 de
1996 4758 2329 4832 virginitatis
2349 4756 2587 4828 puritate
2611 4756 2910 4810 contexuit.

1370 4840 1523 4907 lusu,
1552 4833 1647 4899 lib.
1680 4862 1772 4901 xxv
1801 4848 2095 4907 Comment.
2122 4852 2177 4903 in
2202 4849 2318 4905 Isa.
2349 4862 2446 4910 ut,
2475 4846 2561 4901 i3.

416 4932 667 4989 Clemens
722 4929 805 4982 vir
851 4931 1206 5000 apostolicus,
1233 4933 1324 5001 qui
1385 4941 1509 5002 post
1553 4933 1772 4991 Petrum
1822 4941 1967 4995 rexit
2011 4941 2335 5004 Ecclesiam,
2388 4938 2581 4993 scribit
2625 4936 2692 4991 ad
2749 4934 3106 4991 Corinthios:
3150 4934 3424 5005 Seeptrum
3472 4938 3573 4993 Dci

347 5025 602 5081 Dominus
632 5020 788 5076 Iesus
826 5019 1095 5087 Christus,
1129 5039 1231 5077 non
1275 5023 1411 5076 venit
1452 5024 1506 5077 in
1538 5023 1810 5093 jactantia
1833 5030 2110 5100 superbior,
2143 5047 2260 5084 cum
2286 5030 2453 5100 possit
2497 5022 2694 5091 omnia,
2727 5026 2815 5081 sed
2865 5028 2919 5079 in
2948 5026 3266 5083 humilitate.
3298 5029 3473 5100 Epist.
3512 5032 3565 5094 1,

342 5137 465 5191 cap.
494 5118 583 5173 16.

1229 5181 1384 5246 lusu,
1417 5183 1511 5238 lib.
1545 5200 1562 5238 ι
1596 5184 1886 5245 Comment.
1915 5190 1972 5244 in
1990 5189 2159 5259 Epist.
2196 5188 2264 5241 ad
2299 5186 2510 5255 Ephes.,
2545 5202 2604 5240 ιι.
2637 5185 2692 5240 2.

413 5284 717 5349 ριιπτὶιιιιιε
744 5295 961 5352 quoque
996 5280 1127 5349 quid
1160 5279 1231 5333 sit
1256 5298 1269 5333 :
1298 5277 1362 5331 In
1399 5278 1587 5349 quibus
1634 5282 1920 5351 aliquando
1948 5284 2263 5339 ambulastis
2290 5282 2575 5339 secundum
2615 5280 2865 5336 saeculum
2897 5280 3077 5335 mundi
3102 5282 3258 5351 hujus
3290 5298 3308 5336 :
3355 5290 3566 5339 utrumn

343 5390 467 5430 nam
503 5384 558 5429 et
596 5371 741 5426 aliud
770 5370 1027 5426 saeculum
1054 5370 1144 5437 sit,
1175 5368 1318 5439 quod
1356 5383 1463 5422 non
1492 5369 1763 5439 pertineat
1816 5370 1883 5424 ad
1924 5372 2185 5426 mundum
2235 5373 2425 5435 istum,
2480 5375 2573 5427 sed
2619 5370 2688 5425 ad
2736 5368 2967 5424 mundos
2999 5371 3157 5435 alios,
3189 5372 3257 5425 dc
3285 5374 3485 5443 quibus
3507 5380 3560 5427 et
3634 5428 3637 5429 ν

340 5467 593 5521 Clemens
620 5467 674 5520 in
698 5464 939 5535 Epistola
969 5478 1067 5519 sua
1096 5462 1287 5517 scribit
1312 5478 1325 5516 :
1358 5459 1617 5528 Oceanus,
1648 5470 1698 5516 et
1730 5462 1910 5516 mundi
1943 5464 2032 5533 qui
2063 5474 2211 5518 trans
2236 5466 2406 5532 ipsum
2436 5472 2577 5519 sunt.
2602 5462 2772 5533 Epist.
2808 5462 2860 5529 1,
2888 5476 3009 5531 cap.
3046 5461 3136 5521 20.

1440 5552 1595 5618 lusu,
1642 5553 1799 5621 ibid.,
1824 5555 1923 5611 lib.
1953 5570 2017 5621 ιι,
2051 5556 2119 5610 ad
2160 5570 2281 5626 cap.
2310 5572 2385 5619 iv,
2419 5555 2472 5612 1.

414 5649 584 5717 Ειηιῇιιε
610 5649 690 5703 rei
719 5658 772 5706 et
809 5647 1059 5706 Clemens
1094 5647 1161 5703 ad
1187 5646 1503 5703 Corinthios
1549 5648 1707 5703 testis
1737 5655 1823 5705 est
1851 5668 1866 5707 :
1927 5646 2200 5702 Vinculum
2229 5647 2505 5704 charitatis
2551 5647 2648 5703 Dei
2688 5649 2804 5721 quis
2842 5651 3031 5716 poterit
3062 5654 3349 5706 enarrare?
3377 5648 3551 5721 Epist.

346 5743 399 5808 1,
431 5756 549 5813 cap.
583 5740 669 5795 49.

4038 0 4065 115 Ἐξ
