4076 6280
311 328 366 385 tt
1551 320 1891 376 rnomuu
1935 314 2300 372 vsmonun
3513 323 3587 376 η
3604 330 3622 347 κ

1864 432 2000 488 Vill.

315 533 381 589 Ps
394 533 845 596 zunoolcsmms,
904 546 1001 588 seu
1040 540 1233 585 auctor
1260 528 1625 597 Quwstionum
1644 538 1694 581 et
1723 522 2123 595 responsionum
2146 524 2214 597 ad
2246 522 2587 597 orthOdqxos,
2626 520 2971 597 in_r_espons.
2991 516 3058 571 ad
3082 524 3280 587 quast.
3318 511 3384 571 ’τι
3415 512 3583 585 (inter

1024 600 1200 673 Opera
1232 589 1523 656 sTJusuni
1553 589 1830 669 martyris,
1875 612 1996 668 pag.
2021 596 2149 661 469,
2181 596 2241 659 Β,
2266 596 2397 651 edit.
2444 592 2618 669 Paris.
2654 589 2832 660 me).

385 718 446 772 Εἰ
488 718 592 788 τῆς
636 717 923 789 παρούσης
968 714 1355 779 καταστάσεως
1394 713 1458 768 τὸ
1495 714 1648 776 τέλος
1674 713 1820 765 ἐστὶν
1867 712 1901 783 ή

2078 710 2134 765 Si
2166 709 2455 779 praesentis
2480 722 2663 763 rerum
2686 714 2862 762 status
2890 706 3014 762 ﬁnis
3041 712 3127 760 est
3159 704 3450 776 impiorum
3482 717 3583 775 per

318 808 397 862 διά
451 810 546 863 τοῦ
589 811 762 882 πυρὸς
806 811 984 881 κρίσις
1027 810 1133 862 τῶν
1176 808 1405 872 ἀσεϐῶν,
1451 805 1594 861 καθά
1640 822 1805 877 φασιν
1844 806 1902 858 αἱ

2010 803 2186 872 ignem
2237 799 2525 869 judicium,
2576 807 2738 870 prout
2794 807 3069 854 testantur
3111 796 3411 867 Scriptura:
3447 812 3581 866 pro-

318 898 525 972 l‘pacpa‘t
560 898 858 973 προφητῶν
879 916 936 952 τε
961 898 1055 951 καὶ
1084 898 1396 952 ἀποστόλων
1420 937 1435 962 ,
1468 896 1549 950 ἔτι
1574 897 1630 951 δὲ
1662 894 1754 950 καὶ
1802 900 1903 971 τῆς

2006 898 2293 966 pictarum
2343 902 2398 947 et
2451 892 2863 961 apostolorum,
2914 900 3077 961 atque
3132 895 3298 946 etiam
3336 890 3577 961 Sibylla,

318 992 591 1062 Σιϐύλλης,
610 990 795 1054 καθώς
830 1008 994 1062 φησιν
1011 990 1041 1042 6
1069 991 1338 1063 μακάριος
1353 991 1584 1062 Κλήμης
1601 992 1659 1044 ὲν
1678 994 1744 1063 τῇ
1765 992 1900 1063 πρὸς

2007 995 2064 1040 ut
2095 986 2172 1040 ait
2210 985 2405 1042 beatus
2435 983 2688 1039 Clemens
2738 983 2793 1037 in
2848 982 3094 1054 Epistola
3126 984 3193 1037 ad
3239 983 3575 1039 Corinthios.

317 1083 629 1155 Κορινθίους
672 1082 978 1153 Ἐπιστολῇ.

1891 1197 1979 1252 IX.

1160 1288 1483 1345 Douorusus
1511 1291 1977 1355 Archimandrita,
2008 1291 2259 1345 doctrina
2282 1290 2373 1354 23,
2405 1292 2510 1346 sub
2552 1290 2733 1345 ﬁnem.

383 1405 472 1466 Ὧς
497 1403 645 1470 λέγει
668 1405 765 1456 καὶ
789 1404 818 1455 6
831 1402 981 1471 άγιος
992 1403 1244 1476 Κλήμης·
1261 1404 1387 1458 Κᾶν
1398 1405 1482 1474 μὴ
1510 1404 1887 1474 στεφανῶταί

2080 1407 2149 1463 Ut
2179 1408 2324 1464 enim
2354 1407 2429 1460 ait
2459 1413 2513 1460 et
2545 1415 2771 1461 sanctus
2798 1406 3052 1461 Clemens
3081 1425 3092 1459 :
3146 1404 3320 1458 Etiam
3370 1405 3417 1461 si
3461 1405 3575 1472 quis

308 1514 412 1562 τις,
452 1496 618 1550 ἀλλὰ
652 1496 978 1565 σπουδάσῃ
1009 1498 1096 1568 μὴ
1137 1498 1376 1568 μακρὰν
1417 1497 1733 1567 εὑρεθῆναι
1779 1498 1900 1553 τῶν

2008 1519 2113 1555 ηοη
2142 1508 2442 1563 coronetur,
2471 1499 2679 1553 studeat
2710 1509 2883 1552 tamen
2906 1516 3009 1553 non
3037 1500 3220 1568 procul
3251 1515 3284 1551 a
3310 1500 3576 1553 coronatis

303 1589 826 1659 στεφανουμένων.

2004 1593 2243 1646 inveniri.
2275 1591 2447 1662 Epist.
2482 1590 2540 1650 2,
2567 1605 2684 1659 cap.
2722 1589 2773 1642 7.

1912 1745 1976 1801 Χ.

1026 1854 1029 1859 ’
1079 1835 1356 1892 GEORGIUS
1403 1834 1719 1909 Syncellus,
1759 1836 2077 1909 Chronogr.,
2114 1854 2235 1909 pag.
2274 1838 2402 1903 544,
2448 1839 2583 1893 edit.
2624 1838 2801 1893 Paris.

366 1930 567 1986 Τούτου
599 1928 857 2000 ἐπιστολὴ
884 1931 917 2000 ἡ
952 1929 1050 1999 μία
1076 1930 1274 1999 γνησία
1306 1928 1615 2001 Κορινθίοις
1650 1929 1895 2001 φέρεται,

2078 1927 2253 1998 Hujus
2286 1928 2625 1999 (Clementis)
2678 1929 2909 1997 epistola
2966 1944 3086 1999 quae
3117 1946 3278 1985 umca
3339 1934 3577 2003 genuina

302 2024 375 2089 ὦς
400 2025 513 2079 ἀπὸ
539 2023 642 2095 τῆς
672 2023 960 2093 Ῥωμαίων
993 2021 1317 2092 Ἐκκλησίας
1344 2024 1634 2092 γραφεῖσα,
1659 2023 1900 2085 στάσεως

2001 2029 2105 2085 est,
2138 2018 2205 2073 ad
2262 2018 2579 2074 Corinthios
2631 2017 2834 2082 fertur,
2891 2025 3151 2089 tanquam
3202 2021 3271 2075 ab
3330 2020 3577 2078 Ecclesia

303 2119 359 2170 ἐν
390 2116 643 2188 Κορίνθῳ
674 2114 962 2185 συμϐάσης
998 2114 1141 2175 τότε,
1183 2113 1261 2177 ὡς
1302 2116 1569 2186 μαρτυρεῖ
1621 2114 1890 2185 Ἡγήσιπ-

303 2225 420 2273 πος,
478 2209 603 2279 ἥτις
634 2208 730 2261 καὶ
760 2206 1192 2277 ἐκκλησιάζεται.

2001 2112 2248 2168 Ro‘mana
2277 2113 2507 2183 scripta,
2536 2113 2803 2168 seditione
2849 2119 2979 2166 tunc
3016 2115 3300 2183 temporis,
3381 2124 3442 2170 ut
3495 2125 3575 2171 te-

1996 2213 2176 2260 statur
2211 2203 2575 2276 Hegesippus,
2621 2204 2870 2261 Corinthi
2898 2214 3048 2272 orta;
3104 2222 3227 2277 quas
3283 2208 3444 2262 etiam
3502 2210 3573 2265 ab

1996 2297 2240 2353 Ecclesia
2262 2298 2543 2369 recipitur.

1887 2410 1971 2465 XL

1499 2504 1757 2567 Pnonus,
1791 2502 2072 2571 Bibliotln,
2102 2505 2227 2560 cod.
2257 2505 2380 2563 H5.

365 2595 537 2666 Οὗτός
557 2601 706 2655 ἐστιν
735 2602 765 2654 6
808 2599 1060 2674 Κλήμης,
1092 2600 1220 2673 περὶ
1250 2592 1311 2653 οὗ
1344 2616 1508 2670 φησιν
1534 2602 1563 2652 ὁ
1607 2596 1893 2663 θεσπέσιος

300 2692 513 2755 Παῦλος
532 2695 590 2745 ἐν
608 2695 674 2762 τῇ
699 2691 833 2762 πρὸς
845 2691 1236 2759 Φιλιππησίους
1271 2692 1576 2763 Ἐπιστολῇ’
1601 2694 1763 2747 Μετὰ
1780 2694 1880 2749 καὶ

298 2786 649 2855 Κλήμεντος
675 2784 774 2837 καὶ
806 2784 924 2837 τῶν
954 2783 1181 2837 λοιπῶν
1211 2783 1525 2854 συνεργῶν
1535 2803 1676 2855 μου,
1696 2780 1783 2839 ὧν
1809 2788 1881 2842 τὰ

296 2881 563 2948 ὀνόματα
588 2878 656 2931 ἐν
674 2878 868 2942 ,ϐίϐλῳ
884 2876 1049 2946 ζωῆς.
1065 2873 1234 2941 Οὗτος
1252 2880 1347 2932 καὶ
1365 2878 1654 2950 ἐπιστολὴν
1675 2878 1880 2946 ἀξιόλο-

295 2983 389 3035 ⁴γον
422 2968 565 3039 πρὸς
585 2965 905 3037 Κορινθίους
933 2966 1154 3038 γράφει,
1184 2968 1305 3037 ἥτις
1335 2966 1488 3036 παρὰ
1516 2965 1727 3028 πολλοῖς
1758 2966 1895 3018 ἀπο-

2077 2598 2177 2654 Hic
2205 2599 2458 2655 Clemens
2490 2597 2580 2652 ille
2601 2603 2708 2659 est,
2751 2598 2818 2653 de
2846 2614 2957 2669 quo
3006 2598 3225 2655 divinus
3270 2597 3473 2656 Paulus
3505 2611 3574 2657 ad

1999 2692 2378 2765 Philippenses
2402 2692 2478 2746 ait
2506 2710 2520 2747 :
2573 2691 2707 2748 Cum
2759 2691 3024 2747 Clemente
3044 2702 3097 2746 et
3125 2693 3329 2747 caeteris
3361 2692 3576 2762 adjuto-

1998 2785 2145 2840 ribus
2195 2787 2324 2840 meis
2370 2801 2594 2857 quorum
2640 2785 2855 2838 nomina
2908 2795 3032 2838 sunt
3086 2786 3141 2839 in
3178 2784 3312 2838 libro
3370 2787 3489 2840 vita:
3527 2786 3569 2840 ‘.

2001 2877 2237 2949 Scripsit
2300 2877 2442 2932 idem
2513 2876 2695 2947 magni
2763 2876 3068 2932 faciendam
3131 2877 3199 2932 ad
3258 2876 3573 2935 Corinthios

2002 2965 2309 3038 epistolam,
2342 2982 2463 3037 qua:
2487 2981 2516 3020 a
2557 2968 2829 3037 plerisque
2872 2976 3022 3022 tanto
3053 2968 3105 3021 in
3144 2969 3319 3038 pretio
3360 2977 3448 3024 est
3468 2969 3572 3023 ba-

294 3058 459 3130 δοχῆς
488 3057 716 3129 ἠξιώθη,
748 3058 822 3122 ὼς
865 3058 959 3111 καὶ
1002 3057 1236 3129 δημοσίᾳ
1277 3057 1762 3125 ἀναγινώσκεσθαι.
1832 3057 1897 3110 Ἡ

2001 3061 2135 3122 υὶιο,
2168 3065 2228 3111 ut
2247 3059 2408 3112 etiam
2437 3058 2651 3128 publice
2679 3059 2783 3130 legi
2813 3060 3032 3115 solerct.
3066 3060 3134 3113 At
3178 3076 3301 3131 qua:
3330 3063 3572 3117 secunda

296 3152 352 3207 δέ
392 3152 665 3225 λεγομένη
706 3152 931 3223 δευτέρα
982 3151 1119 3223 πρὸς
1175 3152 1301 3214 τοὺς
1342 3151 1559 3214 αὐτοὺς,
1616 3150 1694 3214 ὡς
1744 3148 1895 3214 νόθος

1998 3150 2202 3206 dicitur
2229 3150 2295 3205 ad
2325 3151 2565 3215 eosdem,
2592 3159 2652 3206 ut
2690 3154 2855 3208 notha
2898 3153 3166 3223 rejicitur,
3217 3155 3576 3225 quemadmo-

293 3220 761 3318 ἀποδοκιμάζεται
784 3264 798 3276 ο
829 3220 1495 3317 ώσπερέπιγραφόμενος
1530 3243 1617 3294 ἐπ’
1665 3242 1889 3314 ὀνόματι

1999 3246 2129 3299 dum
2167 3253 2223 3299 et
2253 3246 2421 3315 longa
2446 3244 2539 3300 illa
2568 3244 2887 3316 disputatio,
2925 3220 3099 3317 ipsius
3149 3220 3292 3301 Petri
3323 3258 3377 3303 et
3406 3247 3573 3318 Apio-

294 3340 465 3396 αύτοῦ
523 3341 732 3410 Πέτρου
780 3341 875 3393 καὶ
934 3340 1194 3402 Ἀπίωνος
1238 3336 1559 3407 πολύστιχος
1622 3335 1885 3403 διάλογος.

1999 3337 2084 3392 nis
2106 3352 2304 3393 nomen
2336 3337 2475 3392 falso
2497 3338 2811 3408 praeferens.
2841 3337 2996 3392 Hunc
3023 3340 3321 3395 secundum
3351 3355 3380 3394 a
3408 3339 3573 3397 Petro

294 3432 500 3487 Τοῦτόν
530 3448 695 3503 φασιν
721 3433 771 3485 οἱ
820 3432 917 3503 μὲν
952 3429 1200 3502 δεύτερον
1245 3430 1379 3501 μετά
1421 3429 1627 3500 Πέτρον
1668 3429 1891 3482 ἐπισκο-

2002 3427 2188 3484 ltomat
2212 3429 2590 3500 episcopatum
2614 3431 2852 3501 gessisse
2882 3430 3106 3502 quidam
3145 3440 3451 3497 autumant,
3476 3435 3571 3489 alii

292 3526 469 3596 πῆσαι
512 3524 753 3595 Ῥώμης,
780 3524 831 3576 οἱ
861 3522 917 3577 δὲ
942 3522 1199 3595 τέταρτον
1220 3539 1233 3553 ⁸
1280 3523 1435 3576 Αἶνον
1460 3521 1569 3593 γὰρ
1598 3521 1692 3575 καὶ
1732 3521 1891 3575 Ἀνά-

1995 3536 2126 3576 vero
2152 3532 2451 3592 quartum:
2486 3520 2683 3577 Linum
2715 3523 2859 3578 enim
2910 3529 2965 3577 et
3020 3523 3367 3587 Anacletum,
3426 3524 3575 3597 inter

290 3615 495 3687 κλητον
524 3613 727 3687 μεταξὺ
761 3612 925 3668 αὑτοῦ
954 3615 1049 3668 καλ¹
1081 3614 1290 3686 Πέτρου
1323 3613 1540 3684 Ῥώμης
1559 3613 1888 3677 ἐπισκόπους

1992 3612 2173 3683 ipsum
2203 3620 2258 3669 et
2283 3612 2527 3678 Petrum,
2559 3613 2745 3669 Romae
2767 3613 3056 3685 episcopos
3090 3614 3282 3682 fuisse,
3314 3630 3379 3670 ac
3406 3618 3572 3671 tertio

286 3707 687 3778 διαγεγονέναι⁸
706 3705 1089 3778 τελευτῆσαιδὲ
1105 3706 1267 3761 αὐτὸν
1277 3706 1444 3778 τρίτῳ
1464 3705 1573 3759 ἔτει
1589 3702 1881 3777 Τραϊανοῦ.

1994 3707 2211 3764 demum
2240 3706 2470 3778 Traiani
2497 3721 2642 3764 anno
2663 3708 2831 3763 vitam
2857 3707 3083 3763 (iniisse.

1618 3838 1773 3903 lusu,
1803 3837 1958 3906 ibid.,
1987 3836 2111 3895 cod.
2139 3837 2261 3893 126.

375 3952 717 4024 ’Δνεγνώσθη
751 3951 1097 4024 βιϐλιδάριον,
1137 3951 1197 4004 ἐν
1238 3946 1282 4020 ᾧ
1313 3951 1622 4023 Κλήμεντος
1669 3952 1886 4005 ἐπιστο-

279 4048 379 4103 λαὶ
394 4048 494 4102 δύο
503 4049 644 4119 πρὸς
665 4046 983 4118 Κορινθίους
997 4045 1316 4117 ἐνεφέροντο
1333 4062 1347 4074 ’
1367 4039 1441 4098 ὧν
1455 4046 1489 4115 ἡ
1514 4042 1705 4116 πρώτη
1723 4044 1883 4098 διἀί-

278 4143 413 4205 τίας
453 4141 656 4204 αὐτοὺς
701 4140 859 4208 ἄγει,
918 4138 1139 4191 στάσεσι
1195 4138 1291 4192 καὶ
1328 4140 1595 4209 ταραχαῖς
1636 4137 1730 4189 καὶ
1768 4136 1884 4207 σχί-

279 4250 466 4305 σμασι
513 4233 613 4303 τὴν
657 4233 972 4304 πρέπουσαν
1010 4232 1194 4293 αὐτοῖς
1234 4231 1456 4302 εἰρήνην
1496 4230 1591 4283 καὶ
1634 4229 1884 4300 ὁμόνοιαν

275 4325 770 4398 ἐμπολιτεύεσθαι,
800 4324 1089 4389 λύσαντας,
1134 4324 1229 4378 καὶ
1270 4326 1526 4395 παραινεῖ
1569 4322 1882 4376 παύσασθαι

274 4419 383 4474 τοῦ
402 4418 606 4474 κακοῦ.
652 4417 881 4481 Ἀπλοῦς
906 4418 962 4471 δὲ
992 4416 1133 4471 κατά
1175 4416 1272 4488 τὴν
1317 4417 1518 4489 φράσιν
1583 4416 1677 4469 καὶ
1706 4417 1885 4487 σαφής

2064 3964 2263 4019 Lectus
2280 3972 2367 4019 est
2398 3964 2634 4025 libellus,
2657 3964 2711 4018 in
2726 3976 2835 4033 quo
2855 3961 3152 4018 Clementis
3181 3962 3426 4032 epistolae
3448 3961 3570 4016 duae

1994 4053 2063 4107 ad
2083 4052 2403 4108 Corinthios
2431 4053 2859 4107 continebantur
2885 4073 2896 4107 :
2926 4067 3161 4122 quarum
3205 4053 3381 4122 prima
3418 4053 3567 4121 ipsos

1992 4154 2237 4210 accusat,
2272 4145 2417 4216 quod
2447 4144 2837 4210 seditionibus,
2869 4144 3047 4199 turbis
3075 4158 3141 4198 ac
3169 4143 3434 4209 dissidiis,
3471 4158 3569 4213 pa-

1984 4246 2110 4291 cem
2141 4244 2197 4291 et
2223 4236 2572 4291 concordiam
2603 4251 2725 4306 quae
2757 4235 2900 4289 inter
2922 4237 3071 4303 ipsos
3101 4233 3308 4288 versari
3357 4234 3564 4288 debue-

1990 4337 2099 4394 rat,
2128 4330 2428 4395 solverint;
2493 4329 2853 4396 hortaturque
2882 4328 2952 4381 ab
2990 4326 3097 4379 hoc
3146 4326 3288 4379 malo
3321 4341 3561 4381 cessare.

1993 4419 2091 4476 Est
2126 4429 2307 4475 autem
2337 4420 2578 4475 dictione
2627 4419 2857 4488 simplex
2891 4432 2956 4471 ac
3005 4417 3352 4487 perspicuus,
3405 4431 3565 4473 acce-

278 4514 466 4574 ἐστιν,
497 4511 595 4565 καὶ
625 4512 794 4580 ἐγγὺς
819 4508 915 4563 τοῦ
943 4507 1399 4580 ἐκκλησιαστικοῦ
1443 4510 1537 4562 καὶ
1554 4508 1882 4580 ἀπεριέργου

1993 4513 2238 4582 deusque
2270 4514 2339 4567 ad
2364 4511 2793 4567 ecclesiasticam
2823 4518 2877 4565 et
2908 4510 3299 4565 inelaboratam
3345 4510 3562 4565 dicendi

278 4605 666 4678 χαρακτῆρος.
701 4604 1015 4658 Λῐτιάσοιτο
1039 4603 1082 4656 δ’
1114 4603 1179 4657 ἄν
1221 4619 1306 4667 τις
1335 4603 1496 4656 αὑτὸν
1522 4603 1581 4656 ἐν
1622 4602 1877 4665 ταύταις·

279 4699 365 4751 ὅτι
409 4715 477 4751 τε
516 4698 613 4750 τοῦ
660 4696 900 4750 ὠκεανοῦ
941 4695 1047 4762 ἔξω
1085 4696 1324 4765 κόσμους
1371 4695 1522 4758 τινὰς
1567 4693 1879 4748 ὑποτίθεται

279 4785 430 4843 εἶναι
457 4807 471 4819 ·
500 4790 597 4843 καὶ
624 4788 871 4859 δεύτερον
901 4789 1051 4852 ἴσως,
1082 4788 1163 4841 ὅτι
1190 4788 1265 4851 ὼς
1310 4784 1763 4857 παναληθεστάτῳ
1802 4788 1880 4859 τῷ

279 4883 433 4937 κατὰ
478 4883 571 4936 τὸν
612 4882 834 4937 Φοίνικα
866 4882 928 4935 τὸ
962 4881 1146 4952 ὄρνεον
1188 4879 1543 4951 ύτωδείγματι
1580 4880 1869 4952 κέχρηται⁸

276 4978 382 5030 καὶ
424 4976 611 5047 τρίτον
656 4976 738 5028 ὅτι
780 4975 1040 5046 ἀρχιερέα
1073 4974 1167 5027 καὶ
1197 4974 1511 5044 προστάτην
1539 4974 1630 5028 τὸν
1675 4976 1875 5046 Κύριον,

270 5067 453 5139 ἡμῶν
494 5066 704 5137 Ἰησοῦν
731 5068 964 5138 Χριστὸν
993 5065 1353 5137 ἐξονομάζων,
1382 5067 1502 5120 οὐδὲ
1527 5066 1627 5130 τὰς
1654 5066 1879 5140 θεοπρε-

268 5164 411 5225 πετς
434 5163 531 5214 καὶ
572 5160 907 5232 ὑψηλοτέρας
949 5160 1128 5230 ἀφῆκε
1168 5158 1297 5229 περὶ
1339 5156 1507 5212 αὐτοῦ
1553 5160 1766 5230 φωνάς⁶
1813 5164 1874 5215 οὐ

1990 4602 2244 4659 formam.
2304 4602 2735 4674 Reprehenderit
2790 4618 2920 4658 vero
2976 4602 3030 4656 in
3084 4602 3191 4657 illis
3241 4604 3559 4674 quispiam:

1988 4698 2134 4768 quod
2185 4705 2339 4751 extra
2397 4710 2663 4751 oceanum
2720 4696 2956 4752 mundos
3006 4696 3273 4766 quosdam
3328 4698 3563 4753 existere

1989 4787 2288 4858 supponit:
2316 4785 2513 4841 deinde
2539 4788 2676 4842 l‘orte
2700 4788 2900 4852 etiam,
2947 4788 3093 4857 quod
3129 4788 3401 4854 phcenicis
3443 4788 3561 4842 avis

1989 4879 2240 4949 exemplo
2289 4885 2550 4946 tanquam
2599 4879 2889 4934 verissimo
2934 4880 3106 4933 utitur
3144 4896 3157 4932 :
3200 4881 3362 4935 tertio
3410 4880 3559 4950 quod

1988 4970 2308 5025 Pontiﬁcem
2341 4967 2746 5037 Praesidemque
2769 4967 3056 5023 Dominum
3092 4979 3341 5026 nostrum
3368 4970 3556 5027 Jesum

1986 5062 2267 5118 Christum
2296 5064 2598 5133 appellans,
2624 5062 2749 5115 illas
2790 5060 2902 5116 Deo
2948 5066 3335 5119 convenientes
3370 5079 3435 5118 ac
3465 5081 3551 5120 su-

1988 5156 2267 5212 btimiores
2317 5155 2384 5209 de
2430 5168 2498 5209 eo
2533 5168 2696 5210 voces
2742 5169 2854 5208 non
2906 5156 3162 5224 protulit;
3195 5154 3410 5210 tametsi
3454 5172 3558 5211 nec

1986 5254 2172 5316 aperte
2206 5247 2381 5315 ipsum
2437 5245 2592 5300 ullibi
2636 5245 2691 5299 in
2749 5243 2837 5301 his
2894 5245 3253 5314 blasphemet.
3305 5241 3557 5303 Secunda

1981 5355 2114 5395 vero
2141 5347 2195 5394 et
2217 5340 2333 5409 ipsa
2363 5338 2763 5399 institutionem
2794 5353 2859 5393 ac
2900 5337 3328 5392 admonitionem
3359 5340 3552 5395 melio-

1979 5432 2058 5488 ris
2094 5434 2219 5487 vitte
2250 5431 2498 5498 inducit;
2531 5438 2694 5500 atque
2718 5430 2772 5483 in
2787 5429 3056 5500 principio
3080 5427 3362 5486 Christum
3381 5430 3550 5486 Deum

1980 5527 2261 5597 pmdicat.
2291 5524 2496 5581 Verum
2521 5523 2668 5579 dicta
2717 5520 2962 5591 quaedam
2994 5523 3280 5593 peregrina
3336 5524 3485 5579 velut
3521 5540 3554 5579 e

1981 5633 2142 5675 sacra
2176 5616 2461 5687 Scriptura
2490 5613 2841 5671 subinducit:
2899 5615 3100 5685 quibus
3132 5631 3200 5673 ne
3230 5617 3403 5688 prima
3434 5617 3556 5692 qui-

272 5251 395 5323 μὴν
444 5253 554 5306 οὐδ’
588 5252 1070 5324 ἀπαρακαλύπτως
1110 5252 1273 5307 αὐτὸν
1315 5250 1524 5323 οὐδαμῆ
1571 5253 1630 5305 ὲν
1669 5253 1881 5317 τούτοις

264 5343 622 5416 βλασφημεῖ.
685 5345 749 5399 Ἡ
794 5345 850 5399 δὲ
894 5343 1119 5416 δευτέρα
1158 5344 1254 5397 καὶ
1296 5344 1436 5415 αὐτὴ
1465 5344 1744 5399 νουθεσίαν
1786 5348 1880 5398 καὶ

260 5439 619 5509 παραίνεσιν
673 5439 981 5509 κρείττονος
1032 5437 1243 5506 εἰσάγει
1298 5436 1433 5507 βίου,
1483 5438 1577 5492 καὶ
1621 5438 1679 5489 ἐν
1732 5438 1875 5508 ἀρχῇ

257 5529 528 5602 Χριστὸν
557 5530 650 5583 τὸν
689 5530 820 5584 Θεὸν
848 5529 1130 5601 κηρύσσει.
1175 5529 1321 5601 Πλὴν
1350 5530 1429 5582 ὅτι
1462 5528 1602 5601 ῥητά
1629 5545 1770 5593 τινα,
1801 5528 1877 5592 ὡς

256 5620 389 5676 ἀπὸ
421 5620 533 5693 τῆς
578 5622 734 5686 θείας
791 5623 1028 5694 Γραφῆς,
1077 5621 1349 5688 ξενίζοντα
1398 5621 1753 5695 παρεισάγει*
1799 5614 1877 5677 ὧν

257 5761 283 5793 ⁸
332 5760 561 5832 Ephes.
615 5775 692 5823 ιν,
753 5759 804 5813 2.

702 5854 955 5915 Ριτιιοι
1022 5852 1138 5915 Gn.
1202 5864 1248 5925 ι,
1678 5917 1686 5924 .
1906 5853 1910 5856 ⁴

3234 5856 3274 5912 9
