4074 6286
498 258 568 312 ιδ
1667 250 1758 304 AD
1787 249 1845 306 S.
1884 250 2319 307 CLEMENTEM
2360 253 2380 306 ι
2418 250 2655 306 PAPAM
3702 255 3771 310 Η

486 370 602 424 κούδ’
647 371 680 442 ἡ
725 368 917 441 πρώτη
948 370 1263 442 ἀπήλλακτο
1302 368 1598 433 παντελῶς.
1648 370 1757 423 Καὶ
1799 369 2089 441 ἑρμηνείας

2154 385 2169 437 ι
2202 372 2323 427 dem
2353 373 2582 442 epistola
2613 371 2837 427 omnino
2869 379 3045 427 vacat.
3087 369 3153 425 Et
3188 370 3667 441 interpretationes
3693 370 3774 425 lo-

493 464 550 518 δὲ
582 463 759 535 ῥητῶν
787 481 948 537 τινων
973 464 1295 529 ἀλλοκότους
1326 464 1435 536 ἔχει
1460 482 1473 493 ·
1505 462 1678 527 ἄλλως
1704 480 1764 515 τε
1808 463 1866 516 δὲ
1900 464 1993 516 καὶ
2020 464 2089 518 τὰ

2196 480 2389 519 eorum
2451 463 2817 534 quorumdam
2870 464 3166 520 alieniores
3222 463 3450 535 profert.
3514 462 3772 537 Alioquin

494 557 551 609 ὲν
584 557 774 620 αὑταῖς
816 560 1062 629 νοήματα
1104 559 1414 632 ἐρριμμένα
1450 575 1595 621 πως,
1642 558 1735 610 καὶ
1780 557 1841 609 οὐ
1888 556 2084 627 συνεχῆ

2193 555 2311 624 ipsa
2344 570 2466 625 qua:
2497 556 2552 609 in
2576 555 2663 610 bis
2693 556 2941 624 epistolis
2966 554 3155 610 insunt
3184 570 3370 619 sensa,
3395 554 3646 610 nonnihil
3674 554 3773 610 ab-

493 646 590 718 τὴν
620 648 941 703 ἀκολουθίαν
974 649 1186 721 ὑπῆρχε
1213 650 1567 719 φυλάττοντα.

2190 643 2335 713 jecta
2366 654 2515 711 sunt,
2569 662 2747 715 neque
2789 648 3157 702 continentem
3205 646 3402 703 seriem
3446 660 3511 701 ac
3569 660 3772 703 conse-

2188 738 2466 806 quentiam
2497 744 2738 793 servant.

2077 846 2193 903 XII.

1164 966 1502 1020 ANAS'I'ASIUS
1533 963 2007 1029 Bibliothecarius,
2049 966 2191 1022 Hist.
2245 969 2458 1031 eccles.,
2492 965 2623 1021 edit.
2652 964 2857 1030 Paris,
2886 978 3011 1036 pag.
3047 966 3132 1021 i7.

574 1057 749 1130 Hujus
778 1057 1124 1132 (Clementis)
1178 1049 1421 1131 Epistola
1448 1058 1624 1115 fertur
1680 1057 1747 1112 ad
1782 1058 2101 1116 Corinthios
2154 1063 2357 1124 missa,
2395 1077 2556 1132 quam
2589 1067 2705 1115 tota
2757 1060 2969 1131 recipit,
3027 1071 3086 1114 ut
3141 1059 3480 1133 Hegesippus
3508 1070 3763 1131 testatur,

505 1151 775 1207 Ecclesia.

2063 1245 2200 1303 XIII.

1451 1339 1623 1397 NICON
1651 1342 1976 1406 monachus,
2010 1342 2067 1397 in
2101 1341 2358 1396 Pandect.
2410 1355 2579 1397 serm.
2622 1340 2710 1396 i8.

558 1450 907 1519 Κλήμεντος
946 1448 1190 1523 Ῥώμης.
1225 1451 1443 1505 Δίκαιον
1471 1448 1583 1513 οὖν
1610 1453 1705 1505 καὶ
1733 1454 1943 1506 ὅσιον...
1990 1454 2083 1507 καὶ

2262 1451 2546 1508 Clementis
2579 1450 2824 1507 Romani.
2856 1451 3072 1507 Justum
3104 1468 3233 1523 ergo
3269 1462 3324 1509 et
3352 1461 3674 1516 sanctum...
3707 1456 3765 1515 in

491 1544 707 1609 στάσεις
734 1541 829 1598 τοῦ
856 1543 1295 1616 ἀπαλλοτριῶσαι
1321 1545 1471 1615 ἡμᾶς
1497 1543 1592 1597 τοῦ
1632 1544 1812 1608 καλῶς
1844 1545 2076 1616 ἔχοντος.

2190 1545 2421 1600 dissidia
2443 1554 2498 1599 et
2528 1544 2829 1599 seditiones
2870 1545 3143 1615 (homines
3177 1546 3542 1619 collimantes)
3574 1557 3635 1605 ut
3663 1563 3767 1605 nos

486 1636 677 1690 Τοίνυν
706 1634 1157 1707 ἁκολουθήσωμεν
1183 1639 1297 1699 τοῖς
1332 1637 1447 1706 μετ’
1491 1636 1835 1701 εὐσεϐείας...
1884 1637 2080 1708 Πὸρρω

2186 1652 2216 1690 a
2246 1644 2401 1692 recto
2445 1643 2498 1691 et
2546 1637 2779 1691 honesto
2810 1644 3080 1692 avertant.
3134 1637 3242 1692 Eos
3287 1654 3419 1708 ergo
3442 1655 3762 1709 sequamur,

486 1729 679 1799 ἀπέχει
716 1729 810 1782 ἀπ’
861 1728 1064 1800 ἐμοῦ...
1100 1727 1467 1799 Κολληθῶμεν
1499 1724 1592 1780 οὖν
1620 1731 1733 1792 τοῖς
1761 1729 1960 1792 ἀθώοις
1987 1730 2081 1782 καὶ

2187 1729 2280 1800 qui
2306 1744 2429 1783 cum
2460 1729 2662 1800 pietate
2697 1770 2709 1782 .
2749 1770 2763 1783 .
2801 1770 2815 1784 .
2842 1726 3097 1783 Procula
3127 1746 3213 1784 me
3242 1730 3396 1785 abest
3429 1772 3443 1786 .
3479 1772 3494 1787 .
3530 1773 3544 1786 .
3568 1732 3766 1788 Adbar-

485 1819 715 1883 δικαίοις
734 1837 749 1850 ο
781 1821 888 1873 εἰσὶ
916 1820 971 1873 δὲ
1001 1812 1147 1873 οὗτοι
1176 1820 1424 1875 ἐκλεκτοὶ
1449 1818 1547 1874 τοῦ
1576 1819 1731 1874 Θεοῦ.
1765 1822 2079 1892 Γέγραπται

2184 1834 2406 1875 reamus
2430 1834 2561 1890 ergo
2592 1819 2725 1874 viris
2778 1819 3026 1876 honestis
3055 1828 3109 1875 et
3135 1821 3329 1890 justis:
3364 1821 3417 1875 hi
3469 1838 3599 1878 vero
3633 1832 3764 1879 sunt

486 1912 626 1982 γάρ·
661 1910 1008 1966 Κολλᾶσθαι
1052 1912 1178 1978 τοῖς
1221 1913 1431 1981 ἁγίοις,
1486 1912 1576 1966 ὅτι
1617 1916 1671 1967 οἱ
1714 1912 2081 1983 κολλώμενοι

2187 1911 2345 1965 electi
2369 1909 2486 1965 Dei.
2523 1909 2801 1980 Scriptum
2832 1919 2919 1966 est
2964 1912 3153 1967 enim:
3210 1911 3398 1967 Facite
3452 1924 3511 1967 ut
3562 1917 3761 1971 sanctis

484 2003 709 2070 αὐτοῖς,
736 2003 1227 2073 ἁτιασθήσονται.
1272 2006 1381 2059 Καὶ
1422 2006 1450 2057 ὁ
1499 2004 1703 2077 Κύριος
1745 2006 1913 2075 λέγει’
1969 2007 2079 2060 Τὸν

2184 2003 2525 2070 αάΙιιει-εαιὶδ,
2543 2005 2669 2070 quia
2696 2004 2787 2073 qui
2813 2003 2923 2059 illis
2943 2003 3233 2068 adhwrent,
3261 2006 3757 2075 sancti/imbuatur.

485 2082 953 2165 ὁμολογήσαντά
968 2113 1111 2164 με...
1143 2097 1248 2150 τοῦ
1272 2097 1499 2165 Πατρός
1519 2115 1658 2167 μου.
1703 2098 1789 2151 Ἑν
1816 2099 1920 2150 τίνι

2182 2093 2249 2148 Et
2279 2094 2547 2149 Dominus
2578 2094 2709 2149 dicit
2735 2113 2747 2148 :
2784 2094 2890 2160 Qui
2917 2111 2997 2147 me
3017 2095 3285 2163 confessus
3309 2096 3468 2165 fuerit
3500 2139 3518 2157 .
3552 2139 3571 2157 .
3605 2139 3618 2153 .
3648 2097 3759 2152 Par

483 2187 592 2240 τῶν
619 2186 864 2241 ἐντολῶν.
900 2186 1024 2242 Haec
1051 2203 1119 2242 ex
1142 2189 1298 2245 codd.
1325 2188 1504 2257 Regiis
1524 2186 1688 2252 2418,
1713 2188 1875 2253 2425,
1907 2188 2073 2256 2424,

2182 2188 2278 2241 tris
2350 2186 2469 2241 mei.
2519 2184 2578 2240 In
2628 2201 2868 2256 quonam
2929 2194 3109 2240 autem
3144 2229 3158 2243 .
3194 2230 3206 2242 .
3241 2228 3254 2243 .
3297 2189 3554 2242 mandata
3612 2190 3760 2246 illius

485 2276 779 2348 descripsit
805 2279 1128 2343 Cotelerius,
1177 2278 1456 2347 ediditque
1516 2278 1573 2332 in
1622 2287 1737 2332 not.
1784 2278 1854 2332 ad
1899 2278 2061 2348 epist.
2176 2278 2308 2347 (non
2333 2276 2950 2350 spernendo).Epist.i,
2980 2279 3310 2349 cap.M,15
3336 2289 3390 2334 et
3429 2281 3526 2346 46;
3578 2279 3757 2352 Epist.

482 2366 657 2425 Clem.
691 2386 812 2440 cap.
847 2370 934 2434 M,
969 2370 1113 2425 unde
1160 2370 1266 2424 huc
1298 2370 1566 2424 translata
1598 2378 1744 2425 sunt.
2174 2370 2231 2434 2,
2264 2385 2384 2440 cap.
2417 2371 2470 2425 5.

1271 2693 1839 2811 JUDICIA
1921 2691 2953 2808 RECENTIORUM

1840 2933 1909 2973 ΕΤ
1945 2932 2149 2972 ιιιιιηιιι
2177 2933 2377 2982 οωιιειι

1275 3090 1812 3180 PATRICII
1891 3091 2229 3181 JUNII
2315 3086 3007 3181 PB/EFATIO.

553 3364 612 3423 Si
642 3366 857 3438 plenius
907 3364 975 3420 de
1018 3363 1298 3420 Clemente
1327 3373 1515 3419 nostro
1564 3372 1620 3419 et
1664 3364 1786 3432 ejus
1818 3362 2061 3433 scriptis,
2090 3368 2134 3425 C
2167 3362 2578 3419 ornatissimum
2599 3370 2655 3419 et
2682 3362 3049 3419 clarissimum
3084 3363 3261 3418 virum
3291 3363 3571 3419 dominum
3602 3362 3754 3421 Tho-

478 3460 652 3515 amice
679 3458 895 3522 Lector,
929 3456 1072 3513 scire
1106 3454 1408 3521 desideras,
1430 3453 1750 3526 Gregorium
1782 3452 2067 3509 Turonen-
2168 3470 2310 3509 mam
2358 3453 2495 3519 Roe,
2535 3456 2772 3526 equitem
2827 3462 3099 3519 auratum,
3147 3462 3201 3509 et
3251 3454 3395 3525 apud
3442 3444 3749 3513 Turcarutn

481 3567 597 3605 sem
635 3550 710 3605 De
734 3556 1028 3619 martyrum
1050 3549 1245 3619 gloria,
1290 3545 1599 3603 Simeonem
1623 3546 2062 3616 Metaphrastem,

430 3702 431 3705 η
477 3640 804 3699 Pontiﬁcum
835 3640 1204 3697 Romanorum
1247 3639 1594 3711 βιογράφους,
1618 3638 1934 3702 Baronium,
1965 3651 2065 3691 an-

480 3736 687 3790 nalium
732 3733 1095 3800 conditorem,
1141 3730 1353 3786 Sixtum
1408 3729 1729 3795 Senensem,
1781 3728 2065 3784 Bellarmi-

475 3844 608 3883 num
631 3834 685 3882 et
714 3826 870 3889 alios,
901 3826 993 3895 qui
1025 3824 1432 3879 ecclesiasticos
1461 3821 1757 3891 scriptores
1783 3827 1837 3875 et
1870 3834 2060 3874 eorum

461 3918 684 3988 'seripta
723 3916 883 3970 nobis
932 3912 1296 3975 tradiderunt,
1329 3927 1427 3982 per
1473 3911 1645 3965 otium
1674 3920 1831 3980 potes
1859 3923 2061 3964 consu-

475 4006 610 4061 lere.
640 4004 751 4059 Nos
781 4004 926 4058 nube
955 4003 1057 4056 hac
1090 4010 1201 4054 tam
1230 4000 1525 4056 illustrium
1550 3998 1799 4063 testium,
1833 4013 1972 4068 quos
2002 3996 2058 4051 in

473 4108 820 4153 antecessum
865 4095 1267 4166 praemisimus,
1324 4092 1589 4156 contenti,
1641 4091 1818 4146 oculis
1862 4089 1970 4144 tuis
2005 4096 2061 4145 et

473 4189 735 4262 patientia
766 4188 973 4243 diutius
1003 4186 1151 4241 abuti
1190 4184 1517 4246 desinimus,
1545 4189 1600 4237 et
1636 4182 1706 4238 de
1739 4181 1845 4237 ﬁde
1871 4189 1926 4236 et
1955 4196 2057 4235 au-

468 4284 728 4336 ctoritate
743 4282 907 4351 hujus
923 4281 1107 4351 operis
1125 4278 1349 4349 γνησίου
1370 4276 1465 4331 atat
1492 4274 1883 4345 ἀναμφιϐόλου,
1902 4273 2057 4343 plura

472 4373 542 4425 de
584 4381 776 4427 nostro
824 4370 1063 4441 adjicere
1117 4366 1557 4438 supersedemus,
1604 4380 1674 4420 ne
1722 4364 1827 4420 soli
1878 4364 2057 4419 lucem

473 4462 731 4525 fenerari,
783 4468 838 4515 et
877 4461 1111 4516 faculam
1150 4460 1442 4515 obscuram
1491 4457 1719 4515 meridie
1758 4454 2060 4512 accendere

470 4554 622 4618 velle
651 4554 955 4607 videamur.
999 4552 1306 4621 Antequam
1338 4562 1520 4607 autem
1553 4551 1624 4605 ad
1649 4550 1941 4607 lectionem
1972 4548 2058 4604 di-

474 4644 585 4698 vini
617 4644 782 4713 hujus
823 4653 878 4698 et
919 4644 1078 4714 plane
1122 4644 1407 4713 apostolici
1458 4644 1650 4714 scripti
1678 4652 1733 4699 te
1773 4642 2052 4713 accingas,

470 4744 679 4809 patere,
710 4750 916 4805 quaeso,
973 4744 1033 4790 ut
1081 4735 1149 4791 de
1195 4736 1522 4805 antiquitate
1553 4735 1883 4806 exemplaris
1940 4750 2050 4805 quo

466 4843 573 4885 nos
600 4828 687 4884 usi
711 4842 921 4895 sumus,
949 4834 1004 4881 et
1031 4825 1099 4881 de
1127 4826 1382 4881 versione
1410 4834 1598 4882 nostra
1623 4827 1786 4897 plana
1812 4833 1869 4881 et
1899 4825 2046 4890 rudi,

465 4920 659 4994 paucis
691 4926 745 4974 te
776 4933 1115 4973 moneamus.
1150 4917 1407 4988 Cyrillus,
1441 4919 1535 4989 qui
1587 4919 1748 4975 hodie
1778 4919 2052 4974 Constan-

466 5012 695 5084 tinopoli
727 5010 1158 5082 patriarchatum
1189 5010 1422 5073 obtinet,
1451 5011 1537 5064 vir
1566 5010 1766 5081 pietate
1786 5017 1840 5066 et
1864 5008 2052 5066 erudi-

465 5109 616 5161 tione
647 5104 899 5175 insignis,
930 5118 993 5158 ex
1029 5100 1283 5173 IEgypto,
1320 5116 1446 5155 cum
1492 5102 1678 5157 sedem
1727 5100 2053 5157 Alexandri-

466 5214 592 5251 nam
645 5198 997 5267 relinqueret,
1036 5210 1289 5266 magnam
1339 5194 1603 5249 librorum
1653 5196 2045 5267 supellectilem

466 5304 653 5343 secum
685 5288 922 5352 advexit,
959 5288 1100 5344 inter
1140 5302 1279 5357 quos
1325 5287 1573 5342 codicem
1613 5287 1857 5341 omnium
1886 5297 2045 5343 vetu-

466 5378 773 5433 stissimum
815 5386 869 5433 et
898 5380 1058 5450 longe
1090 5378 1551 5450 pretiosissimum
1598 5378 1677 5450 (in
1698 5394 1809 5449 quo
1845 5379 2045 5435 veteris

465 5481 521 5523 et
566 5470 693 5526 novi
742 5471 964 5527 foederis
1010 5473 1131 5528 libri
1183 5473 1380 5529 litteris
1429 5472 1835 5544 grandioribus,
1876 5489 2043 5529 manu

469 5561 685 5618 Thecla
731 5563 931 5619 nobilis
974 5564 1186 5621 feminae
1220 5566 1509 5638 Egyptiaa,
1542 5567 1690 5621 circa
1718 5567 1879 5638 primi
1910 5582 2047 5622 eon-

478 5655 579 5714 tilii
608 5654 813 5711 Nicaeai
859 5663 1125 5725 tempora,
1161 5658 1459 5718 bellissime
1501 5652 1713 5717 exarati
1757 5659 1906 5730 sunt)
1949 5673 2045 5728 per

2168 3546 2336 3618 impp.
2388 3549 2722 3605 serenissimi
2756 3549 2901 3619 regis
2932 3548 3104 3604 nostri
3144 3555 3451 3615 oratorem,
3502 3564 3627 3603 cum
3678 3566 3747 3606 ex

2165 3638 2386 3695 Oriente
2424 3642 2655 3704 rediret,
2698 3639 2843 3697 dono
2878 3640 2945 3694 ad
2979 3639 3391 3695 serenissimum
3424 3655 3605 3711 regem
3645 3656 3749 3697 no»

2166 3741 2339 3788 strum
2360 3733 2687 3787 transmisit.
2704 3732 2786 3787 Ad
2808 3734 3012 3787 calcem
3035 3733 3327 3787 venerandi
3352 3731 3514 3801 hujus
3536 3732 3747 3790 codicis

2166 3832 2217 3879 et
2248 3824 2530 3895 κειμηλίου
2570 3824 3029 3895 τιμαλφεστάτου,
3058 3824 3111 3879 in
3145 3824 3478 3880 membranis
3519 3823 3739 3888 laceris,

2165 3916 2371 3983 adjecta
2398 3922 2515 3970 erat
2542 3914 2836 3969 Clementis
2863 3914 2929 3969 ad
2952 3915 3268 3971 Corinthios
3287 3914 3526 3986 Epistola
3548 3915 3740 3970 eadem

2162 4022 2326 4060 manu
2350 4006 2575 4075 scripta,
2606 4021 2769 4076 quam
2795 4022 2941 4061 nunc
2979 4006 3121 4060 bono
3147 4006 3367 4076 publico
3394 4014 3451 4061 et.
3478 4014 3571 4061 tuo
3613 4005 3739 4062 usui

2162 4094 2217 4149 in
2248 4096 2421 4150 lucem
2444 4094 2661 4156 damus,
2700 4095 2837 4165 legis
2860 4094 3235 4165 Pythagoricae
3252 4109 3361 4149 non
3393 4094 3741 4149 immemores

2162 4187 2324 4259 (quas,
2358 4195 2415 4242 ut
2438 4187 2707 4259 Synesius
2758 4187 2815 4241 in
2851 4186 3013 4245 Dione
3057 4195 3253 4243 auctor
3277 4194 3382 4251 est,
3408 4187 3507 4240 οὐκ
3538 4187 3603 4259 ἐᾷ
3628 4190 3744 4251 τοῖς

2163 4281 2396 4354 βιϐλίοις
2421 4282 2715 4343 ὲπιποιεῖν,
2738 4279 2874 4333 ἀλλὰ
2892 4280 3138 4351 βούλεται
3156 4281 3334 4351 μένειν
3363 4279 3503 4333 αὐτὰ
3531 4280 3624 4332 ἐπὶ
3641 4279 3745 4350 τῆς

2158 4368 2383 4439 πρώτης
2406 4366 2605 4439 χειρὸς,
2621 4366 2769 4429 ὅπως
2792 4367 2922 4420 ποτὲ
2943 4367 3065 4438 ἔσχε
3078 4368 3265 4439 τύχης,
3294 4367 3583 4439 ἢτέχνης),
3609 4367 3746 4422 nihil

2158 4460 2460 4528 dementes,
2490 4460 2624 4514 nihil
2662 4459 2731 4515 de
2777 4468 2966 4515 nostro
2996 4460 3280 4524 addentes,
3314 4475 3423 4513 non
3454 4460 3742 4530 syllabam,

2157 4566 2269 4607 non
2291 4553 2547 4615 litteram,
2570 4566 2680 4606 non
2706 4551 2915 4621 apicem
2944 4558 3038 4604 aut
3066 4549 3177 4605 iota
3209 4565 3401 4614 unum,
3427 4549 3745 4606 ﬁdelissime

2157 4653 2422 4715 quantum
2450 4644 2627 4713 potuit
2669 4643 2785 4697 ﬁeri
2813 4643 3202 4712 expressimus.
3236 4640 3410 4697 Voces
3437 4651 3616 4697 autem
3644 4642 3745 4696 de-

2083 4716 2129 4771 D
2157 4736 2401 4806 perditas
2434 4741 2489 4789 et
2520 4734 2731 4789 litteras
2762 4741 3029 4789 vetustate
3074 4747 3290 4798 exesas,
3336 4734 3526 4803 spatiis
3558 4742 3614 4787 et
3655 4733 3748 4787 in-

2154 4827 2407 4883 terstitiis
2436 4826 2849 4881 accuratissime
2869 4824 3125 4885 dimensi,
3152 4839 3251 4894 pro
3274 4823 3532 4894 ingenioli
3563 4826 3740 4880 nostri

2152 4923 2419 4979 tenuitate
2447 4920 2821 4990 supplevimus
2869 4927 2925 4973 et
2962 4918 3130 4972 minio
3156 4917 3323 4971 rubro
3352 4917 3517 4986 (novo
3546 4917 3652 4971 hoc
3684 4926 3741 4975 et

2152 5014 2416 5069 inusitato
2455 5011 2805 5081 imprimendi
2846 5010 3090 5081 genere),
3121 5009 3476 5075 notavimus;
3517 5010 3664 5079 quod
3704 5025 3736 5064 a

2150 5106 2314 5161 nobis
2344 5104 2597 5161 consulto
2630 5104 2833 5159 factum
2857 5110 2961 5171 est,
2994 5117 3066 5157 ne
3100 5102 3410 5171 rejicientes
3450 5108 3504 5156 te
3533 5103 3737 5172 sapius

2152 5199 2219 5254 ad
2251 5205 2431 5260 notas,
2473 5197 2780 5252 molestiam
2829 5196 2928 5251 tibi
2975 5195 3223 5251 inutilem
3270 5209 3605 5260 crearemus,
3649 5197 3732 5251 vel

2150 5306 2302 5345 oram
2346 5290 2470 5345 libri
2497 5290 2890 5360 supplementis
2928 5296 2983 5344 et
3020 5286 3496 5344 emendationibus
3523 5288 3736 5344 crebris

2151 5384 2377 5438 nimium
2411 5383 2768 5446 fmdaremus,
2800 5381 3037 5453 denique
3062 5397 3131 5437 ne
3157 5382 3446 5437 industriis
3482 5380 3735 5437 feliciori-

2151 5476 2255 5532 bus
2298 5486 2351 5531 et
2392 5474 2626 5546 ingeniis
2648 5473 3167 5545 στοχαστικωτέροις
3194 5474 3564 5544 conjecturam
3596 5471 3734 5527 libe-

2149 5583 2268 5622 ram
2295 5568 2361 5621 ad
2383 5566 2652 5636 judicium
2686 5564 2913 5621 liberius
2942 5565 3374 5634 praeriperemus.
3419 5561 3479 5615 In
3518 5561 3732 5631 reliquo

2150 5661 2311 5716 etiam
2340 5674 2523 5731 opere,
2550 5666 2732 5715 errata
2759 5657 3161 5730 quamplurima
3186 5670 3570 5726 cxpunxtmus,
3590 5660 3646 5710 et
3670 5667 3733 5709 ut
