  <div class='ocr_page' id='page_1' title='image "/cluster/home/n/w/nwhite01/storage/ocr_20150623/1/mdp.39015014764065/032.png"; bbox 0 0 4074 6286; ppageno 0'>
   <div class='ocr_carea' id='block_1_1' title="bbox 250 395 1817 459">
    <p class='ocr_par' dir='ltr' id='par_1_1' title="bbox 250 397 1817 459">
     <span class='ocr_line' id='line_1_1' title="bbox 250 397 1817 459; baseline -0.006 0"><span class='ocrx_word' id='word_1_1' title='bbox 250 407 309 459; x_wconf 63' lang='grc' dir='ltr'>ιδ</span> <span class='ocrx_word' id='word_1_2' title='bbox 1490 397 1817 453; x_wconf 71' lang='grc' dir='ltr'><strong>ΡΠΟΟΕΜΙΑ</strong></span> 
     </span>
    </p>
   </div>
   <div class='ocr_carea' id='block_1_2' title="bbox 1919 395 3507 459">
    <p class='ocr_par' dir='ltr' id='par_1_2' title="bbox 1922 396 3507 457">
     <span class='ocr_line' id='line_1_2' title="bbox 1922 396 3507 457; baseline 0.003 -7"><span class='ocrx_word' id='word_1_3' title='bbox 1922 396 2262 457; x_wconf 80' lang='lat' dir='ltr'><strong>ARIORUM.</strong></span> <span class='ocrx_word' id='word_1_4' title='bbox 3438 399 3507 454; x_wconf 63' lang='lat'><strong>16</strong></span> 
     </span>
    </p>
   </div>
   <div class='ocr_carea' id='block_1_3' title="bbox 248 512 3510 589">
    <p class='ocr_par' dir='ltr' id='par_1_3' title="bbox 248 512 3510 589">
     <span class='ocr_line' id='line_1_3' title="bbox 248 512 3510 589; baseline -0.001 -14"><span class='ocrx_word' id='word_1_5' title='bbox 248 519 427 575; x_wconf 85' lang='lat' dir='ltr'><strong>omnia</strong></span> <span class='ocrx_word' id='word_1_6' title='bbox 478 532 639 587; x_wconf 87' lang='lat' dir='ltr'><strong>quam</strong></span> <span class='ocrx_word' id='word_1_7' title='bbox 680 517 1138 575; x_wconf 75' lang='lat' dir='ltr'><strong>emendatissim</strong></span> <span class='ocrx_word' id='word_1_8' title='bbox 1180 517 1479 589; x_wconf 81' lang='lat' dir='ltr'><strong>prodirent,</strong></span> <span class='ocrx_word' id='word_1_9' title='bbox 1516 531 1613 586; x_wconf 91' lang='lat' dir='ltr'><strong>pro</strong></span> <span class='ocrx_word' id='word_1_10' title='bbox 1654 516 1826 569; x_wconf 87' lang='lat' dir='ltr'><strong>lacul—</strong></span> <span class='ocrx_word' id='word_1_11' title='bbox 1855 517 1901 573; x_wconf 82' lang='lat' dir='ltr'><strong>A</strong></span> <span class='ocrx_word' id='word_1_12' title='bbox 1929 514 2180 577; x_wconf 84' lang='lat' dir='ltr'><strong>candam,</strong></span> <span class='ocrx_word' id='word_1_13' title='bbox 2215 520 2267 566; x_wconf 90' lang='lat' dir='ltr'><strong>et</strong></span> <span class='ocrx_word' id='word_1_14' title='bbox 2300 512 2527 583; x_wconf 77' lang='lat' dir='ltr'><strong>gratiam</strong></span> <span class='ocrx_word' id='word_1_15' title='bbox 2574 527 2636 567; x_wconf 88' lang='lat' dir='ltr'><strong>ac</strong></span> <span class='ocrx_word' id='word_1_16' title='bbox 2678 512 2906 567; x_wconf 84' lang='lat' dir='ltr'><strong>salutem</strong></span> <span class='ocrx_word' id='word_1_17' title='bbox 2938 514 3170 568; x_wconf 75' lang='lat' dir='ltr'><strong>auditori</strong></span> <span class='ocrx_word' id='word_1_18' title='bbox 3206 530 3510 583; x_wconf 77' lang='lat' dir='ltr'><strong>procuran-</strong></span> 
     </span>
    </p>
   </div>
   <div class='ocr_carea' id='block_1_4' title="bbox 253 608 1826 669">
    <p class='ocr_par' dir='ltr' id='par_1_4' title="bbox 253 608 1826 669">
     <span class='ocr_line' id='line_1_4' title="bbox 253 608 1826 669; baseline -0.001 -4"><span class='ocrx_word' id='word_1_19' title='bbox 253 618 362 665; x_wconf 85' lang='lat' dir='ltr'><strong>tate</strong></span> <span class='ocrx_word' id='word_1_20' title='bbox 386 618 569 664; x_wconf 89' lang='lat' dir='ltr'><strong>nostra</strong></span> <span class='ocrx_word' id='word_1_21' title='bbox 596 616 651 663; x_wconf 87' lang='lat' dir='ltr'><strong>et</strong></span> <span class='ocrx_word' id='word_1_22' title='bbox 676 610 907 665; x_wconf 88' lang='lat' dir='ltr'><strong>modulo</strong></span> <span class='ocrx_word' id='word_1_23' title='bbox 938 610 1114 666; x_wconf 86' lang='lat' dir='ltr'><strong>adnisi</strong></span> <span class='ocrx_word' id='word_1_24' title='bbox 1143 626 1353 669; x_wconf 66' lang='lat' dir='ltr'><strong>sanius.</strong></span> <span class='ocrx_word' id='word_1_25' title='bbox 1378 608 1579 666; x_wconf 79' lang='lat' dir='ltr'><strong>Verum</strong></span> <span class='ocrx_word' id='word_1_26' title='bbox 1619 609 1722 664; x_wconf 87' lang='lat' dir='ltr'><strong>hoc</strong></span> <span class='ocrx_word' id='word_1_27' title='bbox 1746 609 1826 663; x_wconf 90' lang='lat' dir='ltr'><strong>sic</strong></span> 
     </span>
    </p>
   </div>
   <div class='ocr_carea' id='block_1_5' title="bbox 253 700 1826 772">
    <p class='ocr_par' dir='ltr' id='par_1_5' title="bbox 253 700 1826 772">
     <span class='ocr_line' id='line_1_5' title="bbox 253 700 1826 772; baseline -0.002 -16"><span class='ocrx_word' id='word_1_28' title='bbox 253 702 421 771; x_wconf 85' lang='lat' dir='ltr'><strong>accipi</strong></span> <span class='ocrx_word' id='word_1_29' title='bbox 449 701 721 765; x_wconf 87' lang='lat' dir='ltr'><strong>volumus,</strong></span> <span class='ocrx_word' id='word_1_30' title='bbox 751 717 862 756; x_wconf 93' lang='lat' dir='ltr'><strong>non</strong></span> <span class='ocrx_word' id='word_1_31' title='bbox 892 710 1149 772; x_wconf 90' lang='lat' dir='ltr'><strong>tanquam</strong></span> <span class='ocrx_word' id='word_1_32' title='bbox 1181 710 1465 759; x_wconf 82' lang='lat' dir='ltr'><strong>assccutos</strong></span> <span class='ocrx_word' id='word_1_33' title='bbox 1494 716 1595 757; x_wconf 91' lang='lat' dir='ltr'><strong>nos</strong></span> <span class='ocrx_word' id='word_1_34' title='bbox 1634 700 1826 755; x_wconf 89' lang='lat' dir='ltr'><strong>creda-</strong></span> 
     </span>
    </p>
   </div>
   <div class='ocr_carea' id='block_1_6' title="bbox 252 789 1831 863">
    <p class='ocr_par' dir='ltr' id='par_1_6' title="bbox 252 789 1831 863">
     <span class='ocr_line' id='line_1_6' title="bbox 252 789 1831 863; baseline -0.003 -17"><span class='ocrx_word' id='word_1_35' title='bbox 252 807 391 853; x_wconf 87' lang='lat' dir='ltr'><strong>mus,</strong></span> <span class='ocrx_word' id='word_1_36' title='bbox 426 789 516 844; x_wconf 89' lang='lat' dir='ltr'><strong>sed</strong></span> <span class='ocrx_word' id='word_1_37' title='bbox 559 798 829 863; x_wconf 89' lang='lat' dir='ltr'><strong>tanquam</strong></span> <span class='ocrx_word' id='word_1_38' title='bbox 879 791 1097 861; x_wconf 80' lang='lat' dir='ltr'><strong>assequi</strong></span> <span class='ocrx_word' id='word_1_39' title='bbox 1140 791 1597 855; x_wconf 68' lang='lat' dir='ltr'><strong>laboraverimus,</strong></span> <span class='ocrx_word' id='word_1_40' title='bbox 1622 799 1676 844; x_wconf 89' lang='lat' dir='ltr'><strong>et</strong></span> <span class='ocrx_word' id='word_1_41' title='bbox 1717 789 1831 843; x_wconf 84' lang='lat' dir='ltr'><strong>for-</strong></span> 
     </span>
    </p>
   </div>
   <div class='ocr_carea' id='block_1_7' title="bbox 248 879 1828 946">
    <p class='ocr_par' dir='ltr' id='par_1_7' title="bbox 248 879 1828 946">
     <span class='ocr_line' id='line_1_7' title="bbox 248 879 1828 946; baseline -0.001 -11"><span class='ocrx_word' id='word_1_42' title='bbox 248 891 386 937; x_wconf 85' lang='lat' dir='ltr'><strong>tasse</strong></span> <span class='ocrx_word' id='word_1_43' title='bbox 415 897 523 934; x_wconf 92' lang='lat' dir='ltr'><strong>non</strong></span> <span class='ocrx_word' id='word_1_44' title='bbox 558 879 805 946; x_wconf 81' lang='lat' dir='ltr'><strong>frustra;</strong></span> <span class='ocrx_word' id='word_1_45' title='bbox 836 882 883 936; x_wconf 90' lang='lat' dir='ltr'><strong>si</strong></span> <span class='ocrx_word' id='word_1_46' title='bbox 910 882 1074 937; x_wconf 88' lang='lat' dir='ltr'><strong>modo</strong></span> <span class='ocrx_word' id='word_1_47' title='bbox 1107 889 1166 936; x_wconf 91' lang='lat' dir='ltr'><strong>tu</strong></span> <span class='ocrx_word' id='word_1_48' title='bbox 1196 881 1483 936; x_wconf 83' lang='lat' dir='ltr'><strong>candidum</strong></span> <span class='ocrx_word' id='word_1_49' title='bbox 1515 888 1569 935; x_wconf 87' lang='lat' dir='ltr'><strong>te</strong></span> <span class='ocrx_word' id='word_1_50' title='bbox 1589 881 1828 939; x_wconf 67' lang='lat' dir='ltr'><strong>autima-</strong></span> 
     </span>
    </p>
   </div>
   <div class='ocr_carea' id='block_1_8' title="bbox 246 972 1829 1044">
    <p class='ocr_par' dir='ltr' id='par_1_8' title="bbox 246 972 1829 1044">
     <span class='ocr_line' id='line_1_8' title="bbox 246 972 1829 1044; baseline 0.002 -17"><span class='ocrx_word' id='word_1_51' title='bbox 246 982 414 1028; x_wconf 88' lang='lat' dir='ltr'><strong>torem</strong></span> <span class='ocrx_word' id='word_1_52' title='bbox 446 972 697 1028; x_wconf 90' lang='lat' dir='ltr'><strong>laborum</strong></span> <span class='ocrx_word' id='word_1_53' title='bbox 739 984 1077 1039; x_wconf 90' lang='lat' dir='ltr'><strong>nostrorum,</strong></span> <span class='ocrx_word' id='word_1_54' title='bbox 1104 982 1158 1028; x_wconf 92' lang='lat' dir='ltr'><strong>et</strong></span> <span class='ocrx_word' id='word_1_55' title='bbox 1179 973 1467 1044; x_wconf 71' lang='lat' dir='ltr'><strong>diligentiae</strong></span> <span class='ocrx_word' id='word_1_56' title='bbox 1505 973 1829 1043; x_wconf 75' lang='lat' dir='ltr'><strong>qualiscun-</strong></span> 
     </span>
    </p>
   </div>
   <div class='ocr_carea' id='block_1_9' title="bbox 244 1066 1827 1137">
    <p class='ocr_par' dir='ltr' id='par_1_9' title="bbox 244 1066 1827 1137">
     <span class='ocr_line' id='line_1_9' title="bbox 244 1066 1827 1137; baseline -0.001 -16"><span class='ocrx_word' id='word_1_57' title='bbox 244 1082 345 1137; x_wconf 88' lang='lat' dir='ltr'><strong>que</strong></span> <span class='ocrx_word' id='word_1_58' title='bbox 376 1066 674 1136; x_wconf 83' lang='lat' dir='ltr'><strong>benignum</strong></span> <span class='ocrx_word' id='word_1_59' title='bbox 708 1068 1054 1135; x_wconf 86' lang='lat' dir='ltr'><strong>interpretem</strong></span> <span class='ocrx_word' id='word_1_60' title='bbox 1082 1067 1401 1137; x_wconf 68' lang='lat' dir='ltr'><strong>praabueris,</strong></span> <span class='ocrx_word' id='word_1_61' title='bbox 1429 1067 1603 1137; x_wconf 90' lang='lat' dir='ltr'><strong>stylus</strong></span> <span class='ocrx_word' id='word_1_62' title='bbox 1638 1074 1827 1120; x_wconf 86' lang='lat' dir='ltr'><strong>aucto-</strong></span> 
     </span>
    </p>
   </div>
   <div class='ocr_carea' id='block_1_10' title="bbox 243 1158 1827 1229">
    <p class='ocr_par' dir='ltr' id='par_1_10' title="bbox 243 1158 1827 1229">
     <span class='ocr_line' id='line_1_10' title="bbox 243 1158 1827 1229; baseline -0.001 -17"><span class='ocrx_word' id='word_1_63' title='bbox 243 1160 316 1214; x_wconf 88' lang='lat' dir='ltr'><strong>ris</strong></span> <span class='ocrx_word' id='word_1_64' title='bbox 348 1168 399 1212; x_wconf 89' lang='lat' dir='ltr'><strong>et</strong></span> <span class='ocrx_word' id='word_1_65' title='bbox 423 1158 703 1213; x_wconf 85' lang='lat' dir='ltr'><strong>scribendi</strong></span> <span class='ocrx_word' id='word_1_66' title='bbox 742 1174 915 1229; x_wconf 82' lang='lat' dir='ltr'><strong>genus</strong></span> <span class='ocrx_word' id='word_1_67' title='bbox 948 1160 1257 1229; x_wconf 66' lang='lat' dir='ltr'><strong>primaevam</strong></span> <span class='ocrx_word' id='word_1_68' title='bbox 1302 1159 1705 1229; x_wconf 87' lang='lat' dir='ltr'><strong>simplicitatem</strong></span> <span class='ocrx_word' id='word_1_69' title='bbox 1737 1174 1827 1213; x_wconf 79' lang='lat' dir='ltr'><strong>sa-</strong></span> 
     </span>
    </p>
   </div>
   <div class='ocr_carea' id='block_1_11' title="bbox 241 1247 1821 1321">
    <p class='ocr_par' dir='ltr' id='par_1_11' title="bbox 241 1247 1821 1321">
     <span class='ocr_line' id='line_1_11' title="bbox 241 1247 1821 1321; baseline -0.002 -17"><span class='ocrx_word' id='word_1_70' title='bbox 241 1253 334 1321; x_wconf 86' lang='lat' dir='ltr'><strong>pit.</strong></span> <span class='ocrx_word' id='word_1_71' title='bbox 365 1257 418 1305; x_wconf 83' lang='lat' dir='ltr'><strong>et</strong></span> <span class='ocrx_word' id='word_1_72' title='bbox 450 1259 640 1304; x_wconf 88' lang='lat' dir='ltr'><strong>tenera</strong></span> <span class='ocrx_word' id='word_1_73' title='bbox 675 1249 855 1304; x_wconf 91' lang='lat' dir='ltr'><strong>adhuc</strong></span> <span class='ocrx_word' id='word_1_74' title='bbox 885 1251 1159 1305; x_wconf 87' lang='lat' dir='ltr'><strong>nascentis</strong></span> <span class='ocrx_word' id='word_1_75' title='bbox 1183 1248 1440 1305; x_wconf 73' lang='lat' dir='ltr'><strong>Ecclesia:</strong></span> <span class='ocrx_word' id='word_1_76' title='bbox 1469 1247 1821 1313; x_wconf 89' lang='lat' dir='ltr'><strong>incunabula,</strong></span> 
     </span>
    </p>
   </div>
   <div class='ocr_carea' id='block_1_12' title="bbox 240 1341 1819 1413">
    <p class='ocr_par' dir='ltr' id='par_1_12' title="bbox 240 1341 1819 1413">
     <span class='ocr_line' id='line_1_12' title="bbox 240 1341 1819 1413; baseline -0.001 -18"><span class='ocrx_word' id='word_1_77' title='bbox 240 1344 442 1413; x_wconf 83' lang='lat' dir='ltr'><strong>quibus</strong></span> <span class='ocrx_word' id='word_1_78' title='bbox 487 1352 703 1398; x_wconf 83' lang='lat' dir='ltr'><strong>veteres</strong></span> <span class='ocrx_word' id='word_1_79' title='bbox 746 1341 936 1398; x_wconf 86' lang='lat' dir='ltr'><strong>Patres</strong></span> <span class='ocrx_word' id='word_1_80' title='bbox 973 1350 1027 1397; x_wconf 89' lang='lat' dir='ltr'><strong>et</strong></span> <span class='ocrx_word' id='word_1_81' title='bbox 1068 1341 1327 1397; x_wconf 84' lang='lat' dir='ltr'><strong>Ecclesiae</strong></span> <span class='ocrx_word' id='word_1_82' title='bbox 1375 1342 1534 1411; x_wconf 89' lang='lat' dir='ltr'><strong>primi</strong></span> <span class='ocrx_word' id='word_1_83' title='bbox 1586 1341 1819 1405; x_wconf 89' lang='lat' dir='ltr'><strong>nutritii,</strong></span> 
     </span>
    </p>
   </div>
   <div class='ocr_carea' id='block_1_13' title="bbox 240 1434 1823 1503">
    <p class='ocr_par' dir='ltr' id='par_1_13' title="bbox 240 1434 1823 1503">
     <span class='ocr_line' id='line_1_13' title="bbox 240 1434 1823 1503; baseline -0.002 -15"><span class='ocrx_word' id='word_1_84' title='bbox 240 1435 375 1488; x_wconf 81' lang='lat' dir='ltr'><strong>nihil</strong></span> <span class='ocrx_word' id='word_1_85' title='bbox 403 1436 680 1490; x_wconf 81' lang='lat' dir='ltr'><strong>excelsum</strong></span> <span class='ocrx_word' id='word_1_86' title='bbox 716 1443 811 1489; x_wconf 90' lang='lat' dir='ltr'><strong>aut</strong></span> <span class='ocrx_word' id='word_1_87' title='bbox 841 1436 1065 1499; x_wconf 90' lang='lat' dir='ltr'><strong>elatum,</strong></span> <span class='ocrx_word' id='word_1_88' title='bbox 1105 1448 1207 1488; x_wconf 87' lang='lat' dir='ltr'><strong>nec</strong></span> <span class='ocrx_word' id='word_1_89' title='bbox 1237 1435 1303 1487; x_wconf 90' lang='lat' dir='ltr'><strong>ad</strong></span> <span class='ocrx_word' id='word_1_90' title='bbox 1334 1434 1622 1487; x_wconf 64' lang='lat' dir='ltr'><strong>audientiae</strong></span> <span class='ocrx_word' id='word_1_91' title='bbox 1650 1448 1823 1503; x_wconf 88' lang='lat' dir='ltr'><strong>popu-</strong></span> 
     </span>
    </p>
   </div>
   <div class='ocr_carea' id='block_1_14' title="bbox 239 1525 1820 1592">
    <p class='ocr_par' dir='ltr' id='par_1_14' title="bbox 239 1525 1820 1592">
     <span class='ocr_line' id='line_1_14' title="bbox 239 1525 1820 1592; baseline 0.001 -13"><span class='ocrx_word' id='word_1_92' title='bbox 239 1526 369 1581; x_wconf 89' lang='lat' dir='ltr'><strong>laris</strong></span> <span class='ocrx_word' id='word_1_93' title='bbox 402 1528 689 1581; x_wconf 88' lang='lat' dir='ltr'><strong>illecebras</strong></span> <span class='ocrx_word' id='word_1_94' title='bbox 730 1527 881 1581; x_wconf 92' lang='lat' dir='ltr'><strong>culto</strong></span> <span class='ocrx_word' id='word_1_95' title='bbox 908 1542 1158 1582; x_wconf 79' lang='lat' dir='ltr'><strong>sermone</strong></span> <span class='ocrx_word' id='word_1_96' title='bbox 1194 1525 1460 1592; x_wconf 83' lang='lat' dir='ltr'><strong>fucatum,</strong></span> <span class='ocrx_word' id='word_1_97' title='bbox 1501 1527 1554 1580; x_wconf 93' lang='lat' dir='ltr'><strong>in</strong></span> <span class='ocrx_word' id='word_1_98' title='bbox 1583 1526 1820 1582; x_wconf 90' lang='lat' dir='ltr'><strong>medium</strong></span> 
     </span>
    </p>
   </div>
   <div class='ocr_carea' id='block_1_15' title="bbox 238 1620 1816 1695">
    <p class='ocr_par' dir='ltr' id='par_1_15' title="bbox 238 1620 1816 1695">
     <span class='ocr_line' id='line_1_15' title="bbox 238 1620 1816 1695; baseline 0.003 -21"><span class='ocrx_word' id='word_1_99' title='bbox 238 1620 588 1689; x_wconf 76' lang='lat' dir='ltr'><strong>proferebant</strong></span> <span class='ocrx_word' id='word_1_100' title='bbox 618 1639 634 1687; x_wconf 93' lang='lat'><strong>;</strong></span> <span class='ocrx_word' id='word_1_101' title='bbox 664 1620 762 1677; x_wconf 89' lang='lat' dir='ltr'><strong>sed</strong></span> <span class='ocrx_word' id='word_1_102' title='bbox 804 1621 873 1676; x_wconf 91' lang='lat' dir='ltr'><strong>ad</strong></span> <span class='ocrx_word' id='word_1_103' title='bbox 922 1622 1158 1677; x_wconf 87' lang='lat' dir='ltr'><strong>divinam</strong></span> <span class='ocrx_word' id='word_1_104' title='bbox 1191 1622 1580 1694; x_wconf 79' lang='lat' dir='ltr'><strong>indulgentiam</strong></span> <span class='ocrx_word' id='word_1_105' title='bbox 1624 1623 1816 1695; x_wconf 66' lang='lat' dir='ltr'><strong>prtedi-</strong></span> 
     </span>
    </p>
   </div>
   <div class='ocr_carea' id='block_1_16' title="bbox 1930 602 3557 675">
    <p class='ocr_par' dir='ltr' id='par_1_16' title="bbox 1930 602 3557 675">
     <span class='ocr_line' id='line_1_16' title="bbox 1930 602 3557 675; baseline 0.004 -19"><span class='ocrx_word' id='word_1_106' title='bbox 1930 604 2052 657; x_wconf 87' lang='lat' dir='ltr'><strong>dam</strong></span> <span class='ocrx_word' id='word_1_107' title='bbox 2087 604 2168 675; x_wconf 90' lang='lat' dir='ltr'><strong>(ut</strong></span> <span class='ocrx_word' id='word_1_108' title='bbox 2195 603 2503 674; x_wconf 84' lang='lat' dir='ltr'><strong>Cyprianus</strong></span> <span class='ocrx_word' id='word_1_109' title='bbox 2540 603 2606 656; x_wconf 89' lang='lat' dir='ltr'><strong>ad</strong></span> <span class='ocrx_word' id='word_1_110' title='bbox 2640 602 2930 673; x_wconf 86' lang='lat' dir='ltr'><strong>Donatum)</strong></span> <span class='ocrx_word' id='word_1_111' title='bbox 2966 604 3143 659; x_wconf 81' lang='lat' dir='ltr'><strong>verbis</strong></span> <span class='ocrx_word' id='word_1_112' title='bbox 3188 620 3299 661; x_wconf 91' lang='lat' dir='ltr'><strong>non</strong></span> <span class='ocrx_word' id='word_1_113' title='bbox 3335 607 3511 663; x_wconf 74' lang='lat' dir='ltr'><strong>diser-</strong></span> <span class='ocrx_word' id='word_1_114' title='bbox 3545 640 3557 655; x_wconf 62' lang='grc' dir='ltr'><strong>κ</strong></span> 
     </span>
    </p>
   </div>
   <div class='ocr_carea' id='block_1_17' title="bbox 1929 697 3510 767">
    <p class='ocr_par' dir='ltr' id='par_1_17' title="bbox 1929 697 3510 767">
     <span class='ocr_line' id='line_1_17' title="bbox 1929 697 3510 767; baseline 0.003 -16"><span class='ocrx_word' id='word_1_115' title='bbox 1929 699 2001 752; x_wconf 85' lang='lat' dir='ltr'><strong>tis</strong></span> <span class='ocrx_word' id='word_1_116' title='bbox 2030 698 2122 753; x_wconf 89' lang='lat' dir='ltr'><strong>sed</strong></span> <span class='ocrx_word' id='word_1_117' title='bbox 2158 697 2413 763; x_wconf 82' lang='lat' dir='ltr'><strong>fortibus,</strong></span> <span class='ocrx_word' id='word_1_118' title='bbox 2436 704 2491 752; x_wconf 89' lang='lat' dir='ltr'><strong>et</strong></span> <span class='ocrx_word' id='word_1_119' title='bbox 2516 698 2635 751; x_wconf 85' lang='lat' dir='ltr'><strong>rudi</strong></span> <span class='ocrx_word' id='word_1_120' title='bbox 2666 697 2897 751; x_wconf 87' lang='lat' dir='ltr'><strong>veritate</strong></span> <span class='ocrx_word' id='word_1_121' title='bbox 2918 697 3260 767; x_wconf 88' lang='lat' dir='ltr'><strong>simplicibus</strong></span> <span class='ocrx_word' id='word_1_122' title='bbox 3281 701 3510 756; x_wconf 81' lang='lat' dir='ltr'><strong>uteban-</strong></span> 
     </span>
    </p>
   </div>
   <div class='ocr_carea' id='block_1_18' title="bbox 1930 790 3511 861">
    <p class='ocr_par' dir='ltr' id='par_1_18' title="bbox 1930 790 3511 861">
     <span class='ocr_line' id='line_1_18' title="bbox 1930 790 3511 861; baseline 0.002 -17"><span class='ocrx_word' id='word_1_123' title='bbox 1930 800 2039 845; x_wconf 89' lang='lat' dir='ltr'><strong>tur.</strong></span> <span class='ocrx_word' id='word_1_124' title='bbox 2073 790 2251 856; x_wconf 86' lang='lat' dir='ltr'><strong>Quare</strong></span> <span class='ocrx_word' id='word_1_125' title='bbox 2298 791 2343 845; x_wconf 93' lang='lat' dir='ltr'><strong>si</strong></span> <span class='ocrx_word' id='word_1_126' title='bbox 2388 791 2441 844; x_wconf 92' lang='lat' dir='ltr'><strong>in</strong></span> <span class='ocrx_word' id='word_1_127' title='bbox 2493 791 2743 845; x_wconf 84' lang='lat' dir='ltr'><strong>versione</strong></span> <span class='ocrx_word' id='word_1_128' title='bbox 2783 799 2969 844; x_wconf 90' lang='lat' dir='ltr'><strong>nostra</strong></span> <span class='ocrx_word' id='word_1_129' title='bbox 3015 791 3217 861; x_wconf 87' lang='lat' dir='ltr'><strong>eloquii</strong></span> <span class='ocrx_word' id='word_1_130' title='bbox 3254 802 3511 849; x_wconf 76' lang='lat' dir='ltr'><strong>venusta-</strong></span> 
     </span>
    </p>
   </div>
   <div class='ocr_carea' id='block_1_19' title="bbox 1928 881 3512 952">
    <p class='ocr_par' dir='ltr' id='par_1_19' title="bbox 1928 881 3512 952">
     <span class='ocr_line' id='line_1_19' title="bbox 1928 881 3512 952; baseline 0.003 -18"><span class='ocrx_word' id='word_1_131' title='bbox 1928 889 2036 934; x_wconf 85' lang='lat' dir='ltr'><strong>tem</strong></span> <span class='ocrx_word' id='word_1_132' title='bbox 2069 889 2162 935; x_wconf 91' lang='lat' dir='ltr'><strong>aut</strong></span> <span class='ocrx_word' id='word_1_133' title='bbox 2191 881 2448 935; x_wconf 79' lang='lat' dir='ltr'><strong>rhetorici</strong></span> <span class='ocrx_word' id='word_1_134' title='bbox 2487 882 2764 935; x_wconf 84' lang='lat' dir='ltr'><strong>sermonis</strong></span> <span class='ocrx_word' id='word_1_135' title='bbox 2798 882 3026 935; x_wconf 91' lang='lat' dir='ltr'><strong>nitorem</strong></span> <span class='ocrx_word' id='word_1_136' title='bbox 3056 892 3362 952; x_wconf 79' lang='lat' dir='ltr'><strong>exspectas.</strong></span> <span class='ocrx_word' id='word_1_137' title='bbox 3392 883 3512 938; x_wconf 84' lang='lat' dir='ltr'><strong>fru-</strong></span> 
     </span>
    </p>
   </div>
   <div class='ocr_carea' id='block_1_20' title="bbox 1930 972 3507 1038">
    <p class='ocr_par' dir='ltr' id='par_1_20' title="bbox 1930 972 3507 1038">
     <span class='ocr_line' id='line_1_20' title="bbox 1930 972 3507 1038; baseline 0.001 -10"><span class='ocrx_word' id='word_1_138' title='bbox 1930 982 2043 1028; x_wconf 91' lang='lat' dir='ltr'><strong>stra</strong></span> <span class='ocrx_word' id='word_1_139' title='bbox 2069 972 2265 1037; x_wconf 84' lang='lat' dir='ltr'><strong>lueris;</strong></span> <span class='ocrx_word' id='word_1_140' title='bbox 2298 972 2453 1038; x_wconf 90' lang='lat' dir='ltr'><strong>lides,</strong></span> <span class='ocrx_word' id='word_1_141' title='bbox 2482 988 2593 1026; x_wconf 91' lang='lat' dir='ltr'><strong>non</strong></span> <span class='ocrx_word' id='word_1_142' title='bbox 2644 979 2871 1028; x_wconf 88' lang='lat' dir='ltr'><strong>ornatus</strong></span> <span class='ocrx_word' id='word_1_143' title='bbox 2937 980 3030 1027; x_wconf 86' lang='lat' dir='ltr'><strong>aut</strong></span> <span class='ocrx_word' id='word_1_144' title='bbox 3072 975 3361 1029; x_wconf 84' lang='lat' dir='ltr'><strong>verborum</strong></span> <span class='ocrx_word' id='word_1_145' title='bbox 3394 975 3507 1030; x_wconf 87' lang='lat' dir='ltr'><strong>ele-</strong></span> 
     </span>
    </p>
   </div>
   <div class='ocr_carea' id='block_1_21' title="bbox 1932 1065 3510 1139">
    <p class='ocr_par' dir='ltr' id='par_1_21' title="bbox 1932 1065 3510 1139">
     <span class='ocr_line' id='line_1_21' title="bbox 1932 1065 3510 1139; baseline -0.001 -18"><span class='ocrx_word' id='word_1_146' title='bbox 1932 1066 2135 1139; x_wconf 71' lang='lat' dir='ltr'><strong>gantia,</strong></span> <span class='ocrx_word' id='word_1_147' title='bbox 2169 1065 2326 1121; x_wconf 88' lang='lat' dir='ltr'><strong>nobis</strong></span> <span class='ocrx_word' id='word_1_148' title='bbox 2351 1080 2461 1135; x_wconf 70' lang='lat' dir='ltr'><strong>pra:</strong></span> <span class='ocrx_word' id='word_1_149' title='bbox 2493 1065 2667 1121; x_wconf 90' lang='lat' dir='ltr'><strong>oculis</strong></span> <span class='ocrx_word' id='word_1_150' title='bbox 2716 1066 2770 1119; x_wconf 92' lang='lat' dir='ltr'><strong>in</strong></span> <span class='ocrx_word' id='word_1_151' title='bbox 2805 1066 2907 1121; x_wconf 89' lang='lat' dir='ltr'><strong>hoc</strong></span> <span class='ocrx_word' id='word_1_152' title='bbox 2936 1067 3155 1137; x_wconf 78' lang='lat' dir='ltr'><strong>negotio</strong></span> <span class='ocrx_word' id='word_1_153' title='bbox 3183 1075 3319 1122; x_wconf 92' lang='lat' dir='ltr'><strong>erat.</strong></span> <span class='ocrx_word' id='word_1_154' title='bbox 3352 1067 3510 1134; x_wconf 83' lang='lat' dir='ltr'><strong>Quod</strong></span> 
     </span>
    </p>
   </div>
   <div class='ocr_carea' id='block_1_22' title="bbox 1929 1148 3511 1229">
    <p class='ocr_par' dir='ltr' id='par_1_22' title="bbox 1929 1148 3511 1229">
     <span class='ocr_line' id='line_1_22' title="bbox 1929 1148 3511 1229; baseline 0.003 -18"><span class='ocrx_word' id='word_1_155' title='bbox 1929 1158 2198 1229; x_wconf 87' lang='lat' dir='ltr'><strong>reliquum</strong></span> <span class='ocrx_word' id='word_1_156' title='bbox 2236 1163 2338 1219; x_wconf 87' lang='lat' dir='ltr'><strong>est,</strong></span> <span class='ocrx_word' id='word_1_157' title='bbox 2373 1158 2662 1212; x_wconf 86' lang='lat' dir='ltr'><strong>conatibus</strong></span> <span class='ocrx_word' id='word_1_158' title='bbox 2701 1157 2907 1213; x_wconf 88' lang='lat' dir='ltr'><strong>nostris</strong></span> <span class='ocrx_word' id='word_1_159' title='bbox 2957 1157 3095 1223; x_wconf 84' lang='lat' dir='ltr'><strong>fave,</strong></span> <span class='ocrx_word' id='word_1_160' title='bbox 3121 1166 3174 1214; x_wconf 92' lang='lat' dir='ltr'><strong>et</strong></span> <span class='ocrx_word' id='word_1_161' title='bbox 3210 1148 3511 1228; x_wconf 86' lang='lat' dir='ltr'><strong>pleniorem</strong></span> 
     </span>
    </p>
   </div>
   <div class='ocr_carea' id='block_1_23' title="bbox 1928 1250 3511 1325">
    <p class='ocr_par' dir='ltr' id='par_1_23' title="bbox 1928 1250 3511 1325">
     <span class='ocr_line' id='line_1_23' title="bbox 1928 1250 3511 1325; baseline 0.001 -19"><span class='ocrx_word' id='word_1_162' title='bbox 1928 1268 2086 1322; x_wconf 90' lang='lat' dir='ltr'><strong>opem</strong></span> <span class='ocrx_word' id='word_1_163' title='bbox 2118 1251 2246 1309; x_wconf 74' lang='lat' dir='ltr'><strong>huic</strong></span> <span class='ocrx_word' id='word_1_164' title='bbox 2274 1261 2466 1305; x_wconf 90' lang='lat' dir='ltr'><strong>nostro</strong></span> <span class='ocrx_word' id='word_1_165' title='bbox 2492 1251 2690 1309; x_wconf 85' lang='lat' dir='ltr'><strong>tribue.</strong></span> <span class='ocrx_word' id='word_1_166' title='bbox 2724 1250 2968 1321; x_wconf 73' lang='lat' dir='ltr'><strong>almaque</strong></span> <span class='ocrx_word' id='word_1_167' title='bbox 3006 1259 3238 1315; x_wconf 88' lang='lat' dir='ltr'><strong>veteres,</strong></span> <span class='ocrx_word' id='word_1_168' title='bbox 3271 1253 3363 1325; x_wconf 89' lang='lat' dir='ltr'><strong>qui</strong></span> <span class='ocrx_word' id='word_1_169' title='bbox 3395 1268 3511 1307; x_wconf 85' lang='lat' dir='ltr'><strong>me-</strong></span> 
     </span>
    </p>
   </div>
   <div class='ocr_carea' id='block_1_24' title="bbox 1931 1338 3509 1414">
    <p class='ocr_par' dir='ltr' id='par_1_24' title="bbox 1931 1338 3509 1414">
     <span class='ocr_line' id='line_1_24' title="bbox 1931 1338 3509 1414; baseline 0.001 -16"><span class='ocrx_word' id='word_1_170' title='bbox 1931 1345 2159 1400; x_wconf 88' lang='lat' dir='ltr'><strong>moriam</strong></span> <span class='ocrx_word' id='word_1_171' title='bbox 2193 1360 2348 1401; x_wconf 84' lang='lat' dir='ltr'><strong>suam</strong></span> <span class='ocrx_word' id='word_1_172' title='bbox 2376 1344 2473 1397; x_wconf 88' lang='lat' dir='ltr'><strong>tibi</strong></span> <span class='ocrx_word' id='word_1_173' title='bbox 2506 1338 2911 1407; x_wconf 81' lang='lat' dir='ltr'><strong>commendant,</strong></span> <span class='ocrx_word' id='word_1_174' title='bbox 2945 1344 3014 1397; x_wconf 90' lang='lat' dir='ltr'><strong>ab</strong></span> <span class='ocrx_word' id='word_1_175' title='bbox 3037 1345 3327 1400; x_wconf 89' lang='lat' dir='ltr'><strong>oblivionis</strong></span> <span class='ocrx_word' id='word_1_176' title='bbox 3364 1346 3509 1414; x_wconf 86' lang='lat' dir='ltr'><strong>inju-</strong></span> 
     </span>
    </p>
   </div>
   <div class='ocr_carea' id='block_1_25' title="bbox 1928 1437 3504 1507">
    <p class='ocr_par' dir='ltr' id='par_1_25' title="bbox 1928 1437 3504 1507">
     <span class='ocr_line' id='line_1_25' title="bbox 1928 1437 3504 1507; baseline 0.001 -14"><span class='ocrx_word' id='word_1_177' title='bbox 1928 1439 2011 1493; x_wconf 89' lang='lat' dir='ltr'><strong>ria</strong></span> <span class='ocrx_word' id='word_1_178' title='bbox 2058 1454 2281 1505; x_wconf 87' lang='lat' dir='ltr'><strong>assere;</strong></span> <span class='ocrx_word' id='word_1_179' title='bbox 2331 1453 2565 1507; x_wconf 86' lang='lat' dir='ltr'><strong>quorum</strong></span> <span class='ocrx_word' id='word_1_180' title='bbox 2623 1438 3017 1492; x_wconf 90' lang='lat' dir='ltr'><strong>immortalitati</strong></span> <span class='ocrx_word' id='word_1_181' title='bbox 3061 1437 3191 1491; x_wconf 91' lang='lat' dir='ltr'><strong>dum</strong></span> <span class='ocrx_word' id='word_1_182' title='bbox 3238 1441 3504 1503; x_wconf 84' lang='lat' dir='ltr'><strong>consulis,</strong></span> 
     </span>
    </p>
   </div>
   <div class='ocr_carea' id='block_1_26' title="bbox 1928 1526 3506 1601">
    <p class='ocr_par' dir='ltr' id='par_1_26' title="bbox 1928 1526 3506 1601">
     <span class='ocr_line' id='line_1_26' title="bbox 1928 1526 3506 1601; baseline 0 -18"><span class='ocrx_word' id='word_1_183' title='bbox 1928 1531 2131 1601; x_wconf 88' lang='lat' dir='ltr'><strong>pariter</strong></span> <span class='ocrx_word' id='word_1_184' title='bbox 2166 1538 2220 1584; x_wconf 87' lang='lat' dir='ltr'><strong>et</strong></span> <span class='ocrx_word' id='word_1_185' title='bbox 2264 1537 2367 1583; x_wconf 82' lang='lat' dir='ltr'><strong>tuae</strong></span> <span class='ocrx_word' id='word_1_186' title='bbox 2404 1527 2723 1598; x_wconf 87' lang='lat' dir='ltr'><strong>prospicies.</strong></span> <span class='ocrx_word' id='word_1_187' title='bbox 2760 1526 2911 1590; x_wconf 77' lang='lat' dir='ltr'><strong>Vale,</strong></span> <span class='ocrx_word' id='word_1_188' title='bbox 2944 1538 2995 1581; x_wconf 91' lang='lat' dir='ltr'><strong>et</strong></span> <span class='ocrx_word' id='word_1_189' title='bbox 3024 1528 3382 1583; x_wconf 76' lang='lat' dir='ltr'><strong>aeternitatem</strong></span> <span class='ocrx_word' id='word_1_190' title='bbox 3412 1544 3506 1584; x_wconf 87' lang='lat' dir='ltr'><strong>co-</strong></span> 
     </span>
    </p>
   </div>
   <div class='ocr_carea' id='block_1_27' title="bbox 1926 1622 2989 1697">
    <p class='ocr_par' dir='ltr' id='par_1_27' title="bbox 1926 1622 2989 1697">
     <span class='ocr_line' id='line_1_27' title="bbox 1926 1622 2989 1697; baseline -0.002 -18"><span class='ocrx_word' id='word_1_191' title='bbox 1926 1626 2059 1697; x_wconf 76' lang='lat' dir='ltr'><strong>gita.</strong></span> <span class='ocrx_word' id='word_1_192' title='bbox 2091 1625 2288 1681; x_wconf 78' lang='lat' dir='ltr'><strong>Oxonii</strong></span> <span class='ocrx_word' id='word_1_193' title='bbox 2320 1623 2489 1694; x_wconf 89' lang='lat' dir='ltr'><strong>pridie</strong></span> <span class='ocrx_word' id='word_1_194' title='bbox 2519 1623 2639 1681; x_wconf 78' lang='lat' dir='ltr'><strong>Kal.</strong></span> <span class='ocrx_word' id='word_1_195' title='bbox 2664 1622 2799 1678; x_wconf 90' lang='lat' dir='ltr'><strong>Nov.</strong></span> <span class='ocrx_word' id='word_1_196' title='bbox 2834 1622 2989 1677; x_wconf 74' lang='grc'><strong>1652.</strong></span> 
     </span>
    </p>
   </div>
   <div class='ocr_carea' id='block_1_28' title="bbox 1199 1876 2582 1968">
    <p class='ocr_par' dir='ltr' id='par_1_28' title="bbox 1199 1876 2582 1968">
     <span class='ocr_line' id='line_1_28' title="bbox 1199 1876 2582 1968; baseline 0.001 -11"><span class='ocrx_word' id='word_1_197' title='bbox 1199 1879 1305 1958; x_wconf 86' lang='lat' dir='ltr'><strong>EJ</strong></span> <span class='ocrx_word' id='word_1_198' title='bbox 1320 1880 1660 1960; x_wconf 87' lang='lat' dir='ltr'><strong>USDEM</strong></span> <span class='ocrx_word' id='word_1_199' title='bbox 1735 1876 2582 1968; x_wconf 84' lang='grc' dir='ltr'><strong>ΠΡΟΣΗΜΕΙΩΣΙΣ.</strong></span> 
     </span>
    </p>
   </div>
   <div class='ocr_carea' id='block_1_29' title="bbox 306 2036 3507 2109">
    <p class='ocr_par' dir='ltr' id='par_1_29' title="bbox 306 2036 3507 2109">
     <span class='ocr_line' id='line_1_29' title="bbox 306 2036 3507 2109; baseline 0 -17"><span class='ocrx_word' id='word_1_200' title='bbox 306 2037 518 2093; x_wconf 73' lang='lat' dir='ltr'><strong>Veteres</strong></span> <span class='ocrx_word' id='word_1_201' title='bbox 548 2039 831 2108; x_wconf 67' lang='lat' dir='ltr'><strong>primitivis!</strong></span> <span class='ocrx_word' id='word_1_202' title='bbox 883 2036 1133 2097; x_wconf 65' lang='lat' dir='ltr'><strong>Ecclesia</strong></span> <span class='ocrx_word' id='word_1_203' title='bbox 1178 2041 1428 2109; x_wconf 73' lang='lat' dir='ltr'><strong>episcopi,</strong></span> <span class='ocrx_word' id='word_1_204' title='bbox 1471 2047 1573 2096; x_wconf 83' lang='lat' dir='ltr'><strong>non</strong></span> <span class='ocrx_word' id='word_1_205' title='bbox 1621 2053 1825 2097; x_wconf 88' lang='lat' dir='ltr'><strong>tantum</strong></span> <span class='ocrx_word' id='word_1_206' title='bbox 1857 2051 1900 2106; x_wconf 84' lang='lat' dir='ltr'><strong>B</strong></span> <span class='ocrx_word' id='word_1_207' title='bbox 1928 2041 2195 2108; x_wconf 74' lang='lat' dir='ltr'><strong>exemplar</strong></span> <span class='ocrx_word' id='word_1_208' title='bbox 2222 2038 2538 2093; x_wconf 87' lang='lat' dir='ltr'><strong>imitandum</strong></span> <span class='ocrx_word' id='word_1_209' title='bbox 2568 2046 2915 2107; x_wconf 83' lang='lat' dir='ltr'><strong>proponeret:</strong></span> <span class='ocrx_word' id='word_1_210' title='bbox 2946 2047 2993 2091; x_wconf 91' lang='lat' dir='ltr'><strong>et</strong></span> <span class='ocrx_word' id='word_1_211' title='bbox 3024 2036 3347 2101; x_wconf 87' lang='lat' dir='ltr'><strong>Corinthios,</strong></span> <span class='ocrx_word' id='word_1_212' title='bbox 3380 2055 3507 2108; x_wconf 85' lang='lat' dir='ltr'><strong>quos</strong></span> 
     </span>
    </p>
   </div>
   <div class='ocr_carea' id='block_1_30' title="bbox 231 2130 1823 2201">
    <p class='ocr_par' dir='ltr' id='par_1_30' title="bbox 231 2130 1823 2201">
     <span class='ocr_line' id='line_1_30' title="bbox 231 2130 1823 2201; baseline 0.003 -17"><span class='ocrx_word' id='word_1_213' title='bbox 231 2130 475 2201; x_wconf 77' lang='lat' dir='ltr'><strong>gregibus</strong></span> <span class='ocrx_word' id='word_1_214' title='bbox 508 2132 610 2185; x_wconf 82' lang='lat' dir='ltr'><strong>sibi</strong></span> <span class='ocrx_word' id='word_1_215' title='bbox 634 2132 956 2195; x_wconf 79' lang='lat' dir='ltr'><strong>commissis,</strong></span> <span class='ocrx_word' id='word_1_216' title='bbox 986 2143 1041 2185; x_wconf 90' lang='lat' dir='ltr'><strong>ut</strong></span> <span class='ocrx_word' id='word_1_217' title='bbox 1073 2143 1243 2186; x_wconf 91' lang='lat' dir='ltr'><strong>monet</strong></span> <span class='ocrx_word' id='word_1_218' title='bbox 1273 2131 1503 2197; x_wconf 83' lang='lat' dir='ltr'><strong>Paulus,</strong></span> <span class='ocrx_word' id='word_1_219' title='bbox 1527 2134 1709 2187; x_wconf 89' lang='lat' dir='ltr'><strong>sedulo</strong></span> <span class='ocrx_word' id='word_1_220' title='bbox 1744 2145 1823 2189; x_wconf 91' lang='lat' dir='ltr'><strong>at-</strong></span> 
     </span>
    </p>
   </div>
   <div class='ocr_carea' id='block_1_31' title="bbox 233 2220 1819 2295">
    <p class='ocr_par' dir='ltr' id='par_1_31' title="bbox 233 2220 1819 2295">
     <span class='ocr_line' id='line_1_31' title="bbox 233 2220 1819 2295; baseline 0.003 -20"><span class='ocrx_word' id='word_1_221' title='bbox 233 2220 530 2283; x_wconf 86' lang='lat' dir='ltr'><strong>tendebant,</strong></span> <span class='ocrx_word' id='word_1_222' title='bbox 559 2238 686 2292; x_wconf 89' lang='lat' dir='ltr'><strong>quos</strong></span> <span class='ocrx_word' id='word_1_223' title='bbox 720 2222 874 2276; x_wconf 87' lang='lat' dir='ltr'><strong>verbo</strong></span> <span class='ocrx_word' id='word_1_224' title='bbox 901 2232 949 2276; x_wconf 90' lang='lat' dir='ltr'><strong>et</strong></span> <span class='ocrx_word' id='word_1_225' title='bbox 978 2240 1232 2287; x_wconf 81' lang='lat' dir='ltr'><strong>sermone,</strong></span> <span class='ocrx_word' id='word_1_226' title='bbox 1265 2234 1549 2295; x_wconf 88' lang='lat' dir='ltr'><strong>sanctaque</strong></span> <span class='ocrx_word' id='word_1_227' title='bbox 1569 2236 1619 2279; x_wconf 90' lang='lat' dir='ltr'><strong>et</strong></span> <span class='ocrx_word' id='word_1_228' title='bbox 1646 2227 1819 2280; x_wconf 82' lang='lat' dir='ltr'><strong>incul—</strong></span> 
     </span>
    </p>
   </div>
   <div class='ocr_carea' id='block_1_32' title="bbox 230 2315 1823 2383">
    <p class='ocr_par' dir='ltr' id='par_1_32' title="bbox 230 2315 1823 2383">
     <span class='ocr_line' id='line_1_32' title="bbox 230 2315 1823 2383; baseline 0.005 -17"><span class='ocrx_word' id='word_1_229' title='bbox 230 2324 354 2380; x_wconf 90' lang='lat' dir='ltr'><strong>pata</strong></span> <span class='ocrx_word' id='word_1_230' title='bbox 390 2315 788 2368; x_wconf 79' lang='lat' dir='ltr'><strong>conversatione</strong></span> <span class='ocrx_word' id='word_1_231' title='bbox 818 2315 1177 2379; x_wconf 78' lang='lat' dir='ltr'><strong>instruebant;</strong></span> <span class='ocrx_word' id='word_1_232' title='bbox 1199 2333 1374 2370; x_wconf 85' lang='lat' dir='ltr'><strong>verum</strong></span> <span class='ocrx_word' id='word_1_233' title='bbox 1392 2320 1576 2383; x_wconf 88' lang='lat' dir='ltr'><strong>etiam,</strong></span> <span class='ocrx_word' id='word_1_234' title='bbox 1607 2329 1665 2372; x_wconf 90' lang='lat' dir='ltr'><strong>ut</strong></span> <span class='ocrx_word' id='word_1_235' title='bbox 1694 2320 1823 2374; x_wconf 87' lang='lat' dir='ltr'><strong>dile-</strong></span> 
     </span>
    </p>
   </div>
   <div class='ocr_carea' id='block_1_33' title="bbox 232 2403 1817 2479">
    <p class='ocr_par' dir='ltr' id='par_1_33' title="bbox 232 2403 1817 2479">
     <span class='ocr_line' id='line_1_33' title="bbox 232 2403 1817 2479; baseline 0.004 -24"><span class='ocrx_word' id='word_1_236' title='bbox 232 2406 455 2458; x_wconf 88' lang='lat' dir='ltr'><strong>ctionem</strong></span> <span class='ocrx_word' id='word_1_237' title='bbox 510 2403 765 2473; x_wconf 81' lang='lat' dir='ltr'><strong>Spiritus,</strong></span> <span class='ocrx_word' id='word_1_238' title='bbox 811 2404 1123 2459; x_wconf 88' lang='lat' dir='ltr'><strong>charitatem</strong></span> <span class='ocrx_word' id='word_1_239' title='bbox 1168 2406 1519 2471; x_wconf 82' lang='lat' dir='ltr'><strong>individuam,</strong></span> <span class='ocrx_word' id='word_1_240' title='bbox 1550 2425 1710 2462; x_wconf 86' lang='lat' dir='ltr'><strong>unam</strong></span> <span class='ocrx_word' id='word_1_241' title='bbox 1748 2411 1817 2479; x_wconf 80' lang='lat' dir='ltr'><strong><em>ﬁ-</em></strong></span> 
     </span>
    </p>
   </div>
   <div class='ocr_carea' id='block_1_34' title="bbox 228 2496 1820 2567">
    <p class='ocr_par' dir='ltr' id='par_1_34' title="bbox 228 2496 1820 2567">
     <span class='ocr_line' id='line_1_34' title="bbox 228 2496 1820 2567; baseline 0.005 -18"><span class='ocrx_word' id='word_1_242' title='bbox 228 2496 368 2559; x_wconf 85' lang='lat' dir='ltr'><strong>dem,</strong></span> <span class='ocrx_word' id='word_1_243' title='bbox 396 2514 560 2550; x_wconf 90' lang='lat' dir='ltr'><strong>unam</strong></span> <span class='ocrx_word' id='word_1_244' title='bbox 591 2496 905 2560; x_wconf 82' lang='lat' dir='ltr'><strong>Ecclesium,</strong></span> <span class='ocrx_word' id='word_1_245' title='bbox 931 2508 979 2553; x_wconf 89' lang='lat' dir='ltr'><strong>et</strong></span> <span class='ocrx_word' id='word_1_246' title='bbox 1008 2500 1360 2567; x_wconf 85' lang='lat' dir='ltr'><strong>episcopatum</strong></span> <span class='ocrx_word' id='word_1_247' title='bbox 1391 2518 1552 2554; x_wconf 90' lang='lat' dir='ltr'><strong>unum</strong></span> <span class='ocrx_word' id='word_1_248' title='bbox 1583 2502 1820 2557; x_wconf 86' lang='lat' dir='ltr'><strong>ostende-</strong></span> 
     </span>
    </p>
   </div>
   <div class='ocr_carea' id='block_1_35' title="bbox 227 2591 1816 2663">
    <p class='ocr_par' dir='ltr' id='par_1_35' title="bbox 227 2591 1816 2663">
     <span class='ocr_line' id='line_1_35' title="bbox 227 2591 1816 2663; baseline 0.006 -23"><span class='ocrx_word' id='word_1_249' title='bbox 227 2598 366 2651; x_wconf 88' lang='lat' dir='ltr'><strong>rent,</strong></span> <span class='ocrx_word' id='word_1_250' title='bbox 388 2606 577 2641; x_wconf 86' lang='lat' dir='ltr'><strong>curam</strong></span> <span class='ocrx_word' id='word_1_251' title='bbox 622 2605 775 2641; x_wconf 84' lang='lat' dir='ltr'><strong>suam</strong></span> <span class='ocrx_word' id='word_1_252' title='bbox 807 2600 857 2643; x_wconf 91' lang='lat' dir='ltr'><strong>et</strong></span> <span class='ocrx_word' id='word_1_253' title='bbox 888 2591 1295 2645; x_wconf 84' lang='lat' dir='ltr'><strong>sollicitudinem</strong></span> <span class='ocrx_word' id='word_1_254' title='bbox 1326 2592 1394 2644; x_wconf 93' lang='lat' dir='ltr'><strong>ad</strong></span> <span class='ocrx_word' id='word_1_255' title='bbox 1423 2594 1571 2663; x_wconf 88' lang='lat' dir='ltr'><strong>longe</strong></span> <span class='ocrx_word' id='word_1_256' title='bbox 1600 2594 1816 2649; x_wconf 85' lang='lat' dir='ltr'><strong>dissitas</strong></span> 
     </span>
    </p>
   </div>
   <div class='ocr_carea' id='block_1_36' title="bbox 223 2681 1815 2754">
    <p class='ocr_par' dir='ltr' id='par_1_36' title="bbox 223 2681 1815 2754">
     <span class='ocr_line' id='line_1_36' title="bbox 223 2681 1815 2754; baseline 0.004 -19"><span class='ocrx_word' id='word_1_257' title='bbox 223 2681 600 2745; x_wconf 70' lang='lat' dir='ltr'><strong>extendebant,</strong></span> <span class='ocrx_word' id='word_1_258' title='bbox 631 2690 679 2736; x_wconf 88' lang='lat' dir='ltr'><strong>et</strong></span> <span class='ocrx_word' id='word_1_259' title='bbox 721 2698 849 2750; x_wconf 83' lang='lat' dir='ltr'><strong>quos</strong></span> <span class='ocrx_word' id='word_1_260' title='bbox 875 2684 985 2736; x_wconf 84' lang='lat' dir='ltr'><strong>viva</strong></span> <span class='ocrx_word' id='word_1_261' title='bbox 1042 2701 1179 2749; x_wconf 84' lang='lat' dir='ltr'><strong>voce,</strong></span> <span class='ocrx_word' id='word_1_262' title='bbox 1230 2695 1436 2754; x_wconf 86' lang='lat' dir='ltr'><strong>propter</strong></span> <span class='ocrx_word' id='word_1_263' title='bbox 1467 2687 1699 2741; x_wconf 89' lang='lat' dir='ltr'><strong>locorum</strong></span> <span class='ocrx_word' id='word_1_264' title='bbox 1731 2687 1815 2741; x_wconf 86' lang='lat' dir='ltr'><strong>di-</strong></span> 
     </span>
    </p>
   </div>
   <div class='ocr_carea' id='block_1_37' title="bbox 229 2774 1819 2848">
    <p class='ocr_par' dir='ltr' id='par_1_37' title="bbox 229 2774 1819 2848">
     <span class='ocr_line' id='line_1_37' title="bbox 229 2774 1819 2848; baseline 0.006 -22"><span class='ocrx_word' id='word_1_265' title='bbox 229 2776 514 2836; x_wconf 79' lang='lat' dir='ltr'><strong>stantiam,</strong></span> <span class='ocrx_word' id='word_1_266' title='bbox 552 2776 608 2827; x_wconf 90' lang='lat' dir='ltr'><strong>in</strong></span> <span class='ocrx_word' id='word_1_267' title='bbox 637 2774 789 2829; x_wconf 88' lang='lat' dir='ltr'><strong>verbo</strong></span> <span class='ocrx_word' id='word_1_268' title='bbox 822 2775 1036 2829; x_wconf 85' lang='lat' dir='ltr'><strong>Domini</strong></span> <span class='ocrx_word' id='word_1_269' title='bbox 1085 2785 1135 2831; x_wconf 88' lang='lat' dir='ltr'><strong>et</strong></span> <span class='ocrx_word' id='word_1_270' title='bbox 1176 2791 1296 2832; x_wconf 91' lang='lat' dir='ltr'><strong>vera</strong></span> <span class='ocrx_word' id='word_1_271' title='bbox 1346 2780 1540 2848; x_wconf 88' lang='lat' dir='ltr'><strong>pietate</strong></span> <span class='ocrx_word' id='word_1_272' title='bbox 1609 2781 1819 2835; x_wconf 87' lang='lat' dir='ltr'><strong>erudire</strong></span> 
     </span>
    </p>
   </div>
   <div class='ocr_carea' id='block_1_38' title="bbox 226 2867 1811 2942">
    <p class='ocr_par' dir='ltr' id='par_1_38' title="bbox 226 2867 1811 2942">
     <span class='ocr_line' id='line_1_38' title="bbox 226 2867 1811 2942; baseline 0.005 -24"><span class='ocrx_word' id='word_1_273' title='bbox 226 2882 321 2919; x_wconf 79' lang='lat' dir='ltr'><strong>non</strong></span> <span class='ocrx_word' id='word_1_274' title='bbox 354 2876 624 2932; x_wconf 87' lang='lat' dir='ltr'><strong>poterant,</strong></span> <span class='ocrx_word' id='word_1_275' title='bbox 655 2882 745 2931; x_wconf 86' lang='lat' dir='ltr'><strong>per</strong></span> <span class='ocrx_word' id='word_1_276' title='bbox 771 2867 1022 2937; x_wconf 84' lang='lat' dir='ltr'><strong>epistolas</strong></span> <span class='ocrx_word' id='word_1_277' title='bbox 1051 2885 1277 2932; x_wconf 90' lang='lat' dir='ltr'><strong>monere,</strong></span> <span class='ocrx_word' id='word_1_278' title='bbox 1309 2871 1598 2935; x_wconf 75' lang='lat' dir='ltr'><strong>consulere,</strong></span> <span class='ocrx_word' id='word_1_279' title='bbox 1629 2872 1811 2942; x_wconf 83' lang='lat' dir='ltr'><strong>objur-</strong></span> 
     </span>
    </p>
   </div>
   <div class='ocr_carea' id='block_1_39' title="bbox 224 2958 1814 3035">
    <p class='ocr_par' dir='ltr' id='par_1_39' title="bbox 224 2958 1814 3035">
     <span class='ocr_line' id='line_1_39' title="bbox 224 2958 1814 3035; baseline 0.006 -25"><span class='ocrx_word' id='word_1_280' title='bbox 224 2973 348 3027; x_wconf 68' lang='grc' dir='ltr'>,ατε</span> <span class='ocrx_word' id='word_1_281' title='bbox 401 2958 691 3021; x_wconf 80' lang='lat' dir='ltr'><strong>interdum,</strong></span> <span class='ocrx_word' id='word_1_282' title='bbox 734 2968 784 3011; x_wconf 91' lang='lat' dir='ltr'><strong>et</strong></span> <span class='ocrx_word' id='word_1_283' title='bbox 829 2960 1127 3013; x_wconf 84' lang='lat' dir='ltr'><strong>universam</strong></span> <span class='ocrx_word' id='word_1_284' title='bbox 1158 2960 1548 3030; x_wconf 83' lang='lat' dir='ltr'><strong>fraternitatem</strong></span> <span class='ocrx_word' id='word_1_285' title='bbox 1591 2962 1670 3035; x_wconf 90' lang='lat' dir='ltr'><strong>(ut</strong></span> <span class='ocrx_word' id='word_1_286' title='bbox 1706 2964 1814 3034; x_wconf 89' lang='lat' dir='ltr'><strong>Cy-</strong></span> 
     </span>
    </p>
   </div>
   <div class='ocr_carea' id='block_1_40' title="bbox 224 3050 1814 3117">
    <p class='ocr_par' dir='ltr' id='par_1_40' title="bbox 224 3050 1814 3117">
     <span class='ocr_line' id='line_1_40' title="bbox 224 3050 1814 3117; baseline 0.007 -17"><span class='ocrx_word' id='word_1_287' title='bbox 224 3050 451 3117; x_wconf 76' lang='lat' dir='ltr'><strong>prianus</strong></span> <span class='ocrx_word' id='word_1_288' title='bbox 484 3052 549 3103; x_wconf 87' lang='lat' dir='ltr'><strong>de</strong></span> <span class='ocrx_word' id='word_1_289' title='bbox 593 3050 831 3117; x_wconf 86' lang='lat' dir='ltr'><strong>epistolis</strong></span> <span class='ocrx_word' id='word_1_290' title='bbox 866 3054 979 3105; x_wconf 85' lang='lat' dir='ltr'><strong>suis</strong></span> <span class='ocrx_word' id='word_1_291' title='bbox 1010 3051 1079 3105; x_wconf 86' lang='lat' dir='ltr'><strong>ad</strong></span> <span class='ocrx_word' id='word_1_292' title='bbox 1107 3052 1303 3106; x_wconf 89' lang='lat' dir='ltr'><strong>clerum</strong></span> <span class='ocrx_word' id='word_1_293' title='bbox 1341 3052 1634 3109; x_wconf 78' lang='lat' dir='ltr'><strong>Romanum</strong></span> <span class='ocrx_word' id='word_1_294' title='bbox 1676 3059 1814 3111; x_wconf 88' lang='lat' dir='ltr'><strong>scri-</strong></span> 
     </span>
    </p>
   </div>
   <div class='ocr_carea' id='block_1_41' title="bbox 224 3141 1813 3215">
    <p class='ocr_par' dir='ltr' id='par_1_41' title="bbox 224 3141 1813 3215">
     <span class='ocr_line' id='line_1_41' title="bbox 224 3141 1813 3215; baseline 0.006 -21"><span class='ocrx_word' id='word_1_295' title='bbox 224 3145 322 3210; x_wconf 83' lang='lat' dir='ltr'><strong>ptis</strong></span> <span class='ocrx_word' id='word_1_296' title='bbox 383 3141 643 3211; x_wconf 82' lang='lat' dir='ltr'><strong>loquitur)</strong></span> <span class='ocrx_word' id='word_1_297' title='bbox 677 3143 744 3195; x_wconf 92' lang='lat' dir='ltr'><strong>ad</strong></span> <span class='ocrx_word' id='word_1_298' title='bbox 798 3143 1181 3213; x_wconf 88' lang='lat' dir='ltr'><strong>deprecandum</strong></span> <span class='ocrx_word' id='word_1_299' title='bbox 1222 3145 1318 3200; x_wconf 89' lang='lat' dir='ltr'><strong>Dei</strong></span> <span class='ocrx_word' id='word_1_300' title='bbox 1373 3147 1813 3215; x_wconf 88' lang='lat' dir='ltr'><strong>misericordiam,</strong></span> 
     </span>
    </p>
   </div>
   <div class='ocr_carea' id='block_1_42' title="bbox 227 3236 1817 3310">
    <p class='ocr_par' dir='ltr' id='par_1_42' title="bbox 227 3236 1817 3310">
     <span class='ocr_line' id='line_1_42' title="bbox 227 3236 1817 3310; baseline 0.004 -21"><span class='ocrx_word' id='word_1_301' title='bbox 227 3237 428 3307; x_wconf 78' lang='lat' dir='ltr'><strong>alloqui</strong></span> <span class='ocrx_word' id='word_1_302' title='bbox 471 3246 523 3289; x_wconf 91' lang='lat' dir='ltr'><strong>et</strong></span> <span class='ocrx_word' id='word_1_303' title='bbox 573 3236 780 3289; x_wconf 89' lang='lat' dir='ltr'><strong>hortari</strong></span> <span class='ocrx_word' id='word_1_304' title='bbox 834 3252 936 3289; x_wconf 90' lang='lat' dir='ltr'><strong>non</strong></span> <span class='ocrx_word' id='word_1_305' title='bbox 983 3237 1338 3291; x_wconf 86' lang='lat' dir='ltr'><strong>desinebant:</strong></span> <span class='ocrx_word' id='word_1_306' title='bbox 1371 3239 1671 3310; x_wconf 84' lang='lat' dir='ltr'><strong>duplicique</strong></span> <span class='ocrx_word' id='word_1_307' title='bbox 1718 3240 1817 3295; x_wconf 89' lang='lat' dir='ltr'><strong>hac</strong></span> 
     </span>
    </p>
   </div>
   <div class='ocr_carea' id='block_1_43' title="bbox 227 3327 1820 3398">
    <p class='ocr_par' dir='ltr' id='par_1_43' title="bbox 227 3327 1820 3398">
     <span class='ocr_line' id='line_1_43' title="bbox 227 3327 1820 3398; baseline 0.004 -17"><span class='ocrx_word' id='word_1_308' title='bbox 227 3331 431 3382; x_wconf 85' lang='lat' dir='ltr'><strong>ratione</strong></span> <span class='ocrx_word' id='word_1_309' title='bbox 488 3327 690 3382; x_wconf 82' lang='lat' dir='ltr'><strong>Christi</strong></span> <span class='ocrx_word' id='word_1_310' title='bbox 725 3327 1065 3396; x_wconf 81' lang='lat' dir='ltr'><strong>Evangelium</strong></span> <span class='ocrx_word' id='word_1_311' title='bbox 1094 3330 1475 3397; x_wconf 77' lang='lat' dir='ltr'><strong>prwdicabant.</strong></span> <span class='ocrx_word' id='word_1_312' title='bbox 1514 3332 1666 3398; x_wconf 83' lang='lat' dir='ltr'><strong>Quod</strong></span> <span class='ocrx_word' id='word_1_313' title='bbox 1697 3334 1820 3388; x_wconf 86' lang='lat' dir='ltr'><strong>Cle-</strong></span> 
     </span>
    </p>
   </div>
   <div class='ocr_carea' id='block_1_44' title="bbox 228 3402 1887 3494">
    <p class='ocr_par' dir='ltr' id='par_1_44' title="bbox 228 3402 1887 3494">
     <span class='ocr_line' id='line_1_44' title="bbox 228 3402 1887 3494; baseline 0.002 -20"><span class='ocrx_word' id='word_1_314' title='bbox 228 3420 766 3474; x_wconf 82' lang='lat' dir='ltr'><strong>mentiAlexandrino</strong></span> <span class='ocrx_word' id='word_1_315' title='bbox 784 3420 802 3450; x_wconf 90' lang='grc'><strong>⁷</strong></span> <span class='ocrx_word' id='word_1_316' title='bbox 826 3429 901 3473; x_wconf 87' lang='lat' dir='ltr'><strong>est</strong></span> <span class='ocrx_word' id='word_1_317' title='bbox 927 3421 1216 3491; x_wconf 77' lang='grc' dir='ltr'><strong>ἐγγράφως</strong></span> <span class='ocrx_word' id='word_1_318' title='bbox 1234 3423 1330 3475; x_wconf 80' lang='grc' dir='ltr'>καὶ</span> <span class='ocrx_word' id='word_1_319' title='bbox 1348 3423 1710 3494; x_wconf 75' lang='grc' dir='ltr'>ἀγράφωςτὸν</span> <span class='ocrx_word' id='word_1_320' title='bbox 1731 3425 1815 3478; x_wconf 86' lang='grc' dir='ltr'><strong>λό-</strong></span> <span class='ocrx_word' id='word_1_321' title='bbox 1842 3402 1887 3463; x_wconf 73' lang='lat' dir='ltr'><strong><em>C</em></strong></span> 
     </span>
    </p>
   </div>
   <div class='ocr_carea' id='block_1_45' title="bbox 228 3511 1815 3582">
    <p class='ocr_par' dir='ltr' id='par_1_45' title="bbox 228 3511 1815 3582">
     <span class='ocr_line' id='line_1_45' title="bbox 228 3511 1815 3582; baseline 0.005 -21"><span class='ocrx_word' id='word_1_322' title='bbox 228 3524 322 3577; x_wconf 84' lang='grc' dir='ltr'>γον</span> <span class='ocrx_word' id='word_1_323' title='bbox 348 3513 672 3582; x_wconf 76' lang='grc' dir='ltr'>κηρύττειν,</span> <span class='ocrx_word' id='word_1_324' title='bbox 693 3526 813 3563; x_wconf 90' lang='lat' dir='ltr'><strong>voce</strong></span> <span class='ocrx_word' id='word_1_325' title='bbox 838 3511 1035 3564; x_wconf 88' lang='lat' dir='ltr'><strong>scilicet</strong></span> <span class='ocrx_word' id='word_1_326' title='bbox 1059 3521 1109 3565; x_wconf 88' lang='lat' dir='ltr'><strong>et</strong></span> <span class='ocrx_word' id='word_1_327' title='bbox 1140 3512 1468 3581; x_wconf 85' lang='lat' dir='ltr'><strong>scripto;ubi</strong></span> <span class='ocrx_word' id='word_1_328' title='bbox 1483 3515 1671 3581; x_wconf 87' lang='lat' dir='ltr'><strong>probat</strong></span> <span class='ocrx_word' id='word_1_329' title='bbox 1694 3519 1815 3569; x_wconf 83' lang='grc' dir='ltr'>ἐπι-</span> 
     </span>
    </p>
   </div>
   <div class='ocr_carea' id='block_1_46' title="bbox 232 3603 1813 3679">
    <p class='ocr_par' dir='ltr' id='par_1_46' title="bbox 232 3603 1813 3679">
     <span class='ocr_line' id='line_1_46' title="bbox 232 3603 1813 3679; baseline 0.001 -24"><span class='ocrx_word' id='word_1_330' title='bbox 232 3605 445 3675; x_wconf 70' lang='grc' dir='ltr'>στήμην</span> <span class='ocrx_word' id='word_1_331' title='bbox 476 3604 574 3674; x_wconf 73' lang='grc' dir='ltr'><strong>τὴν</strong></span> <span class='ocrx_word' id='word_1_332' title='bbox 616 3603 707 3656; x_wconf 76' lang='grc' dir='ltr'><strong>διὰ</strong></span> <span class='ocrx_word' id='word_1_333' title='bbox 733 3603 834 3672; x_wconf 82' lang='grc' dir='ltr'><strong>τῆς</strong></span> <span class='ocrx_word' id='word_1_334' title='bbox 870 3604 1073 3674; x_wconf 85' lang='grc' dir='ltr'>χειρὸς,</span> <span class='ocrx_word' id='word_1_335' title='bbox 1118 3621 1275 3674; x_wconf 84' lang='lat' dir='ltr'><strong>quant</strong></span> <span class='ocrx_word' id='word_1_336' title='bbox 1308 3615 1459 3660; x_wconf 91' lang='lat' dir='ltr'><strong>vocat</strong></span> <span class='ocrx_word' id='word_1_337' title='bbox 1492 3606 1813 3679; x_wconf 75' lang='grc' dir='ltr'><strong>ἀγγελικὴν,</strong></span> 
     </span>
    </p>
   </div>
   <div class='ocr_carea' id='block_1_47' title="bbox 226 3696 1812 3769">
    <p class='ocr_par' dir='ltr' id='par_1_47' title="bbox 226 3696 1812 3769">
     <span class='ocr_line' id='line_1_47' title="bbox 226 3696 1812 3769; baseline 0.004 -18"><span class='ocrx_word' id='word_1_338' title='bbox 226 3712 327 3751; x_wconf 81' lang='lat' dir='ltr'><strong>non</strong></span> <span class='ocrx_word' id='word_1_339' title='bbox 357 3698 540 3750; x_wconf 86' lang='lat' dir='ltr'><strong>minus</strong></span> <span class='ocrx_word' id='word_1_340' title='bbox 564 3696 830 3750; x_wconf 84' lang='lat' dir='ltr'><strong>commodi</strong></span> <span class='ocrx_word' id='word_1_341' title='bbox 856 3706 905 3750; x_wconf 89' lang='lat' dir='ltr'><strong>et</strong></span> <span class='ocrx_word' id='word_1_342' title='bbox 929 3697 1177 3751; x_wconf 82' lang='lat' dir='ltr'><strong>utilitatis</strong></span> <span class='ocrx_word' id='word_1_343' title='bbox 1210 3698 1460 3752; x_wconf 67' lang='lat' dir='ltr'><strong>Ecclesia:</strong></span> <span class='ocrx_word' id='word_1_344' title='bbox 1481 3699 1577 3752; x_wconf 86' lang='lat' dir='ltr'><strong>Dei</strong></span> <span class='ocrx_word' id='word_1_345' title='bbox 1601 3702 1812 3769; x_wconf 75' lang='lat' dir='ltr'><strong>a/ferre,</strong></span> 
     </span>
    </p>
   </div>
   <div class='ocr_carea' id='block_1_48' title="bbox 228 3787 1815 3863">
    <p class='ocr_par' dir='ltr' id='par_1_48' title="bbox 228 3787 1815 3863">
     <span class='ocr_line' id='line_1_48' title="bbox 228 3787 1815 3863; baseline 0.004 -22"><span class='ocrx_word' id='word_1_346' title='bbox 228 3802 385 3855; x_wconf 76' lang='lat' dir='ltr'><strong>quam</strong></span> <span class='ocrx_word' id='word_1_347' title='bbox 424 3789 585 3841; x_wconf 88' lang='lat' dir='ltr'><strong>illam</strong></span> <span class='ocrx_word' id='word_1_348' title='bbox 636 3788 887 3851; x_wconf 87' lang='lat' dir='ltr'><strong>alteram,</strong></span> <span class='ocrx_word' id='word_1_349' title='bbox 931 3804 1046 3858; x_wconf 67' lang='lat' dir='ltr'><strong>quae</strong></span> <span class='ocrx_word' id='word_1_350' title='bbox 1107 3792 1194 3847; x_wconf 84' lang='grc' dir='ltr'><strong>διὰ</strong></span> <span class='ocrx_word' id='word_1_351' title='bbox 1218 3793 1319 3863; x_wconf 82' lang='grc' dir='ltr'><strong>τῆς</strong></span> <span class='ocrx_word' id='word_1_352' title='bbox 1352 3787 1596 3861; x_wconf 82' lang='grc' dir='ltr'><strong>γλώττης</strong></span> <span class='ocrx_word' id='word_1_353' title='bbox 1632 3802 1731 3858; x_wconf 89' lang='lat' dir='ltr'><strong>est,</strong></span> <span class='ocrx_word' id='word_1_354' title='bbox 1762 3804 1815 3847; x_wconf 88' lang='lat' dir='ltr'><strong>et</strong></span> 
     </span>
    </p>
   </div>
   <div class='ocr_carea' id='block_1_49' title="bbox 225 3878 1815 3953">
    <p class='ocr_par' dir='ltr' id='par_1_49' title="bbox 225 3878 1815 3953">
     <span class='ocr_line' id='line_1_49' title="bbox 225 3878 1815 3953; baseline 0.008 -26"><span class='ocrx_word' id='word_1_355' title='bbox 225 3880 501 3949; x_wconf 76' lang='grc' dir='ltr'><strong>κηρυκικὴ</strong></span> <span class='ocrx_word' id='word_1_356' title='bbox 524 3880 834 3949; x_wconf 86' lang='lat' dir='ltr'><strong>appellatur.</strong></span> <span class='ocrx_word' id='word_1_357' title='bbox 853 3878 988 3933; x_wconf 85' lang='lat' dir='ltr'><strong>Hinc</strong></span> <span class='ocrx_word' id='word_1_358' title='bbox 1013 3892 1113 3945; x_wconf 90' lang='lat' dir='ltr'><strong>est,</strong></span> <span class='ocrx_word' id='word_1_359' title='bbox 1138 3881 1276 3951; x_wconf 88' lang='lat' dir='ltr'><strong>quod</strong></span> <span class='ocrx_word' id='word_1_360' title='bbox 1303 3882 1439 3935; x_wconf 90' lang='lat' dir='ltr'><strong>inter</strong></span> <span class='ocrx_word' id='word_1_361' title='bbox 1458 3881 1733 3953; x_wconf 89' lang='lat' dir='ltr'><strong>Cypriani,</strong></span> <span class='ocrx_word' id='word_1_362' title='bbox 1765 3897 1815 3940; x_wconf 92' lang='lat' dir='ltr'><strong>et</strong></span> 
     </span>
    </p>
   </div>
   <div class='ocr_carea' id='block_1_50' title="bbox 227 3968 1818 4042">
    <p class='ocr_par' dir='ltr' id='par_1_50' title="bbox 227 3968 1818 4042">
     <span class='ocr_line' id='line_1_50' title="bbox 227 3968 1818 4042; baseline 0.008 -22"><span class='ocrx_word' id='word_1_363' title='bbox 227 3968 457 4021; x_wconf 85' lang='lat' dir='ltr'><strong>aliorum</strong></span> <span class='ocrx_word' id='word_1_364' title='bbox 503 3969 729 4022; x_wconf 90' lang='lat' dir='ltr'><strong>Patrum</strong></span> <span class='ocrx_word' id='word_1_365' title='bbox 762 3972 980 4041; x_wconf 87' lang='lat' dir='ltr'><strong>scripta,</strong></span> <span class='ocrx_word' id='word_1_366' title='bbox 1011 3974 1304 4042; x_wconf 79' lang='lat' dir='ltr'><strong>frequentes</strong></span> <span class='ocrx_word' id='word_1_367' title='bbox 1346 3975 1583 4041; x_wconf 69' lang='lat' dir='ltr'><strong>epistola:</strong></span> <span class='ocrx_word' id='word_1_368' title='bbox 1613 3976 1681 4030; x_wconf 91' lang='lat' dir='ltr'><strong>ad</strong></span> <span class='ocrx_word' id='word_1_369' title='bbox 1713 3979 1818 4033; x_wconf 86' lang='lat' dir='ltr'><strong>cle-</strong></span> 
     </span>
    </p>
   </div>
   <div class='ocr_carea' id='block_1_51' title="bbox 225 4061 1812 4135">
    <p class='ocr_par' dir='ltr' id='par_1_51' title="bbox 225 4061 1812 4135">
     <span class='ocr_line' id='line_1_51' title="bbox 225 4061 1812 4135; baseline 0.008 -24"><span class='ocrx_word' id='word_1_370' title='bbox 225 4076 339 4113; x_wconf 84' lang='lat' dir='ltr'><strong>rum</strong></span> <span class='ocrx_word' id='word_1_371' title='bbox 368 4072 421 4115; x_wconf 91' lang='lat' dir='ltr'><strong>et</strong></span> <span class='ocrx_word' id='word_1_372' title='bbox 459 4062 663 4129; x_wconf 86' lang='lat' dir='ltr'><strong>plebem</strong></span> <span class='ocrx_word' id='word_1_373' title='bbox 693 4061 1019 4117; x_wconf 88' lang='lat' dir='ltr'><strong>diversarum</strong></span> <span class='ocrx_word' id='word_1_374' title='bbox 1048 4062 1429 4129; x_wconf 86' lang='lat' dir='ltr'><strong>Ecclesiarum,</strong></span> <span class='ocrx_word' id='word_1_375' title='bbox 1462 4069 1812 4135; x_wconf 85' lang='lat' dir='ltr'><strong>reperiantur.</strong></span> 
     </span>
    </p>
   </div>
   <div class='ocr_carea' id='block_1_52' title="bbox 226 4149 1811 4226">
    <p class='ocr_par' dir='ltr' id='par_1_52' title="bbox 226 4149 1811 4226">
     <span class='ocr_line' id='line_1_52' title="bbox 226 4149 1811 4226; baseline 0.007 -22"><span class='ocrx_word' id='word_1_376' title='bbox 226 4149 487 4223; x_wconf 72' lang='lat' dir='ltr'><strong>huiusque</strong></span> <span class='ocrx_word' id='word_1_377' title='bbox 520 4155 724 4223; x_wconf 87' lang='lat' dir='ltr'><strong>generis</strong></span> <span class='ocrx_word' id='word_1_378' title='bbox 777 4165 901 4207; x_wconf 86' lang='lat' dir='ltr'><strong>sunt</strong></span> <span class='ocrx_word' id='word_1_379' title='bbox 943 4171 1059 4225; x_wconf 67' lang='lat' dir='ltr'><strong>qua:</strong></span> <span class='ocrx_word' id='word_1_380' title='bbox 1104 4154 1403 4226; x_wconf 72' lang='lat' dir='ltr'><strong>Encyclicw</strong></span> <span class='ocrx_word' id='word_1_381' title='bbox 1451 4161 1811 4225; x_wconf 90' lang='lat' dir='ltr'><strong>nominantur,</strong></span> 
     </span>
    </p>
   </div>
   <div class='ocr_carea' id='block_1_53' title="bbox 228 4247 1814 4317">
    <p class='ocr_par' dir='ltr' id='par_1_53' title="bbox 228 4247 1814 4317">
     <span class='ocr_line' id='line_1_53' title="bbox 228 4247 1814 4317; baseline 0.006 -18"><span class='ocrx_word' id='word_1_382' title='bbox 228 4247 393 4315; x_wconf 81' lang='lat' dir='ltr'><strong>qualis</strong></span> <span class='ocrx_word' id='word_1_383' title='bbox 410 4256 463 4301; x_wconf 89' lang='lat' dir='ltr'><strong>et</strong></span> <span class='ocrx_word' id='word_1_384' title='bbox 492 4247 624 4310; x_wconf 62' lang='lat' dir='ltr'><strong>haec,</strong></span> <span class='ocrx_word' id='word_1_385' title='bbox 653 4263 771 4317; x_wconf 67' lang='lat' dir='ltr'><strong>qua</strong></span> <span class='ocrx_word' id='word_1_386' title='bbox 796 4249 850 4301; x_wconf 89' lang='lat' dir='ltr'><strong>in</strong></span> <span class='ocrx_word' id='word_1_387' title='bbox 880 4248 1122 4302; x_wconf 89' lang='lat' dir='ltr'><strong>manibus</strong></span> <span class='ocrx_word' id='word_1_388' title='bbox 1148 4257 1246 4314; x_wconf 88' lang='lat' dir='ltr'><strong>est,</strong></span> <span class='ocrx_word' id='word_1_389' title='bbox 1278 4266 1380 4303; x_wconf 92' lang='lat' dir='ltr'><strong>non</strong></span> <span class='ocrx_word' id='word_1_390' title='bbox 1404 4252 1664 4307; x_wconf 87' lang='lat' dir='ltr'><strong>immerito</strong></span> <span class='ocrx_word' id='word_1_391' title='bbox 1694 4272 1814 4309; x_wconf 85' lang='lat' dir='ltr'><strong>cen-</strong></span> 
     </span>
    </p>
   </div>
   <div class='ocr_carea' id='block_1_54' title="bbox 229 4338 1813 4413">
    <p class='ocr_par' dir='ltr' id='par_1_54' title="bbox 229 4338 1813 4413">
     <span class='ocr_line' id='line_1_54' title="bbox 229 4338 1813 4413; baseline 0.006 -21"><span class='ocrx_word' id='word_1_392' title='bbox 229 4338 382 4393; x_wconf 80' lang='lat' dir='ltr'><strong>senda</strong></span> <span class='ocrx_word' id='word_1_393' title='bbox 414 4349 522 4402; x_wconf 89' lang='lat' dir='ltr'><strong>est,</strong></span> <span class='ocrx_word' id='word_1_394' title='bbox 554 4355 675 4393; x_wconf 87' lang='lat' dir='ltr'><strong>cum</strong></span> <span class='ocrx_word' id='word_1_395' title='bbox 707 4339 910 4408; x_wconf 89' lang='lat' dir='ltr'><strong>publice</strong></span> <span class='ocrx_word' id='word_1_396' title='bbox 938 4342 991 4392; x_wconf 90' lang='lat' dir='ltr'><strong>in</strong></span> <span class='ocrx_word' id='word_1_397' title='bbox 1021 4341 1261 4395; x_wconf 87' lang='lat' dir='ltr'><strong>omnibus</strong></span> <span class='ocrx_word' id='word_1_398' title='bbox 1306 4346 1538 4398; x_wconf 88' lang='lat' dir='ltr'><strong>ecclesiis</strong></span> <span class='ocrx_word' id='word_1_399' title='bbox 1568 4347 1813 4413; x_wconf 88' lang='lat' dir='ltr'><strong>primitus</strong></span> 
     </span>
    </p>
   </div>
   <div class='ocr_carea' id='block_1_55' title="bbox 227 4430 1811 4501">
    <p class='ocr_par' dir='ltr' id='par_1_55' title="bbox 227 4430 1811 4501">
     <span class='ocr_line' id='line_1_55' title="bbox 227 4430 1811 4501; baseline 0.004 -16"><span class='ocrx_word' id='word_1_400' title='bbox 227 4430 507 4500; x_wconf 74' lang='lat' dir='ltr'><strong>legeretur,</strong></span> <span class='ocrx_word' id='word_1_401' title='bbox 539 4433 660 4485; x_wconf 87' lang='lat' dir='ltr'><strong>licet</strong></span> <span class='ocrx_word' id='word_1_402' title='bbox 695 4430 764 4483; x_wconf 91' lang='lat' dir='ltr'><strong>ad</strong></span> <span class='ocrx_word' id='word_1_403' title='bbox 812 4447 973 4485; x_wconf 90' lang='lat' dir='ltr'><strong>unam</strong></span> <span class='ocrx_word' id='word_1_404' title='bbox 1023 4432 1240 4501; x_wconf 90' lang='lat' dir='ltr'><strong>scripta,</strong></span> <span class='ocrx_word' id='word_1_405' title='bbox 1273 4451 1335 4487; x_wconf 92' lang='lat' dir='ltr'><strong>ac</strong></span> <span class='ocrx_word' id='word_1_406' title='bbox 1385 4435 1481 4489; x_wconf 88' lang='lat' dir='ltr'><strong>hoc</strong></span> <span class='ocrx_word' id='word_1_407' title='bbox 1511 4439 1720 4492; x_wconf 85' lang='lat' dir='ltr'><strong>nomine</strong></span> <span class='ocrx_word' id='word_1_408' title='bbox 1747 4439 1811 4492; x_wconf 89' lang='lat' dir='ltr'><strong>ab</strong></span> 
     </span>
    </p>
   </div>
   <div class='ocr_carea' id='block_1_56' title="bbox 231 4521 1811 4597">
    <p class='ocr_par' dir='ltr' id='par_1_56' title="bbox 231 4521 1811 4597">
     <span class='ocr_line' id='line_1_56' title="bbox 231 4521 1811 4597; baseline 0.006 -22"><span class='ocrx_word' id='word_1_409' title='bbox 231 4521 528 4593; x_wconf 80' lang='lat' dir='ltr'><strong>Epiphanio</strong></span> <span class='ocrx_word' id='word_1_410' title='bbox 559 4524 720 4576; x_wconf 89' lang='lat' dir='ltr'><strong>etiam</strong></span> <span class='ocrx_word' id='word_1_411' title='bbox 752 4524 1092 4593; x_wconf 83' lang='lat' dir='ltr'><strong>insigniatur.</strong></span> <span class='ocrx_word' id='word_1_412' title='bbox 1148 4525 1397 4597; x_wconf 80' lang='lat' dir='ltr'><strong>Magnam</strong></span> <span class='ocrx_word' id='word_1_413' title='bbox 1462 4539 1637 4583; x_wconf 86' lang='lat' dir='ltr'><strong>autem</strong></span> <span class='ocrx_word' id='word_1_414' title='bbox 1685 4530 1811 4585; x_wconf 89' lang='lat' dir='ltr'><strong>olim</strong></span> 
     </span>
    </p>
   </div>
   <div class='ocr_carea' id='block_1_57' title="bbox 227 4611 1810 4677">
    <p class='ocr_par' dir='ltr' id='par_1_57' title="bbox 227 4611 1810 4677">
     <span class='ocr_line' id='line_1_57' title="bbox 227 4611 1810 4677; baseline 0.009 -15"><span class='ocrx_word' id='word_1_415' title='bbox 227 4612 356 4666; x_wconf 89' lang='lat' dir='ltr'><strong>inter</strong></span> <span class='ocrx_word' id='word_1_416' title='bbox 389 4612 694 4666; x_wconf 82' lang='lat' dir='ltr'><strong>Ecclesiam</strong></span> <span class='ocrx_word' id='word_1_417' title='bbox 736 4611 1028 4666; x_wconf 86' lang='lat' dir='ltr'><strong>Romanam</strong></span> <span class='ocrx_word' id='word_1_418' title='bbox 1066 4624 1114 4667; x_wconf 89' lang='lat' dir='ltr'><strong>et</strong></span> <span class='ocrx_word' id='word_1_419' title='bbox 1155 4614 1551 4673; x_wconf 89' lang='lat' dir='ltr'><strong>Corinthiacam</strong></span> <span class='ocrx_word' id='word_1_420' title='bbox 1587 4625 1810 4677; x_wconf 83' lang='lat' dir='ltr'><strong>necessi-</strong></span> 
     </span>
    </p>
   </div>
   <div class='ocr_carea' id='block_1_58' title="bbox 233 4703 1811 4781">
    <p class='ocr_par' dir='ltr' id='par_1_58' title="bbox 233 4703 1811 4781">
     <span class='ocr_line' id='line_1_58' title="bbox 233 4703 1811 4781; baseline 0.008 -28"><span class='ocrx_word' id='word_1_421' title='bbox 233 4703 484 4767; x_wconf 72' lang='lat' dir='ltr'><strong>tudinem,</strong></span> <span class='ocrx_word' id='word_1_422' title='bbox 517 4712 567 4756; x_wconf 92' lang='lat' dir='ltr'><strong>et</strong></span> <span class='ocrx_word' id='word_1_423' title='bbox 615 4704 912 4756; x_wconf 86' lang='lat' dir='ltr'><strong>animorum</strong></span> <span class='ocrx_word' id='word_1_424' title='bbox 961 4706 1376 4771; x_wconf 86' lang='lat' dir='ltr'><strong>conjunctionem</strong></span> <span class='ocrx_word' id='word_1_425' title='bbox 1406 4710 1589 4779; x_wconf 87' lang='lat' dir='ltr'><strong>fuisse,</strong></span> <span class='ocrx_word' id='word_1_426' title='bbox 1619 4723 1811 4781; x_wconf 68' lang='lat' dir='ltr'><strong>praeter</strong></span> 
     </span>
    </p>
   </div>
   <div class='ocr_carea' id='block_1_59' title="bbox 229 4795 1809 4875">
    <p class='ocr_par' dir='ltr' id='par_1_59' title="bbox 229 4795 1809 4875">
     <span class='ocr_line' id='line_1_59' title="bbox 229 4795 1809 4875; baseline 0.011 -31"><span class='ocrx_word' id='word_1_427' title='bbox 229 4795 355 4849; x_wconf 76' lang='lat' dir='ltr'><strong>hanc</strong></span> <span class='ocrx_word' id='word_1_428' title='bbox 406 4797 808 4865; x_wconf 89' lang='lat' dir='ltr'><strong>responsoriam</strong></span> <span class='ocrx_word' id='word_1_429' title='bbox 857 4795 1160 4863; x_wconf 85' lang='lat' dir='ltr'><strong>Clementis,</strong></span> <span class='ocrx_word' id='word_1_430' title='bbox 1193 4810 1453 4857; x_wconf 83' lang='lat' dir='ltr'><strong>testantur</strong></span> <span class='ocrx_word' id='word_1_431' title='bbox 1498 4807 1659 4860; x_wconf 88' lang='lat' dir='ltr'><strong>etiam</strong></span> <span class='ocrx_word' id='word_1_432' title='bbox 1701 4810 1809 4875; x_wconf 88' lang='lat' dir='ltr'><strong>epi-</strong></span> 
     </span>
    </p>
   </div>
   <div class='ocr_carea' id='block_1_60' title="bbox 230 4887 1809 4965">
    <p class='ocr_par' dir='ltr' id='par_1_60' title="bbox 230 4887 1809 4965">
     <span class='ocr_line' id='line_1_60' title="bbox 230 4887 1809 4965; baseline 0.009 -28"><span class='ocrx_word' id='word_1_433' title='bbox 230 4887 375 4940; x_wconf 70' lang='lat' dir='ltr'><strong>stola</strong></span> <span class='ocrx_word' id='word_1_434' title='bbox 407 4888 656 4957; x_wconf 81' lang='lat' dir='ltr'><strong>Dionysii</strong></span> <span class='ocrx_word' id='word_1_435' title='bbox 704 4888 1094 4943; x_wconf 85' lang='lat' dir='ltr'><strong>Corinthiorum</strong></span> <span class='ocrx_word' id='word_1_436' title='bbox 1134 4894 1379 4961; x_wconf 85' lang='lat' dir='ltr'><strong>episcopi,</strong></span> <span class='ocrx_word' id='word_1_437' title='bbox 1411 4912 1635 4965; x_wconf 83' lang='lat' dir='ltr'><strong>quarunt</strong></span> <span class='ocrx_word' id='word_1_438' title='bbox 1665 4915 1809 4952; x_wconf 85' lang='lat' dir='ltr'><strong>men-</strong></span> 
     </span>
    </p>
   </div>
   <div class='ocr_carea' id='block_1_61' title="bbox 228 4976 1806 5058">
    <p class='ocr_par' dir='ltr' id='par_1_61' title="bbox 228 4976 1806 5058">
     <span class='ocr_line' id='line_1_61' title="bbox 228 4976 1806 5058; baseline 0.009 -29"><span class='ocrx_word' id='word_1_439' title='bbox 228 4976 421 5031; x_wconf 83' lang='lat' dir='ltr'><strong>tionem</strong></span> <span class='ocrx_word' id='word_1_440' title='bbox 456 4980 588 5047; x_wconf 88' lang='lat' dir='ltr'><strong>facit</strong></span> <span class='ocrx_word' id='word_1_441' title='bbox 621 4980 877 5036; x_wconf 82' lang='lat' dir='ltr'><strong>Eusebius</strong></span> <span class='ocrx_word' id='word_1_442' title='bbox 909 4984 1163 5039; x_wconf 71' lang='lat' dir='ltr'><strong>Historia</strong></span> <span class='ocrx_word' id='word_1_443' title='bbox 1190 5002 1301 5039; x_wconf 76' lang='lat' dir='ltr'><strong>sua:</strong></span> <span class='ocrx_word' id='word_1_444' title='bbox 1329 4986 1421 5040; x_wconf 88' lang='lat' dir='ltr'><strong>lib.</strong></span> <span class='ocrx_word' id='word_1_445' title='bbox 1456 5004 1531 5052; x_wconf 79' lang='grc' dir='ltr'><strong>ιν,</strong></span> <span class='ocrx_word' id='word_1_446' title='bbox 1564 5003 1685 5058; x_wconf 88' lang='lat' dir='ltr'><strong>cap.</strong></span> <span class='ocrx_word' id='word_1_447' title='bbox 1714 4989 1806 5053; x_wconf 74' lang='lat'><strong>2‘2,</strong></span> 
     </span>
    </p>
   </div>
   <div class='ocr_carea' id='block_1_62' title="bbox 218 5069 1811 5150">
    <p class='ocr_par' dir='ltr' id='par_1_62' title="bbox 218 5069 1811 5150">
     <span class='ocr_line' id='line_1_62' title="bbox 218 5069 1811 5150; baseline 0.008 -28"><span class='ocrx_word' id='word_1_448' title='bbox 218 5069 412 5137; x_wconf 76' lang='lat' dir='ltr'><strong>quippe</strong></span> <span class='ocrx_word' id='word_1_449' title='bbox 439 5088 556 5140; x_wconf 76' lang='lat' dir='ltr'><strong>qua:</strong></span> <span class='ocrx_word' id='word_1_450' title='bbox 582 5072 798 5125; x_wconf 88' lang='lat' dir='ltr'><strong>eosdem</strong></span> <span class='ocrx_word' id='word_1_451' title='bbox 820 5076 1083 5141; x_wconf 84' lang='lat' dir='ltr'><strong>apostolos</strong></span> <span class='ocrx_word' id='word_1_452' title='bbox 1111 5077 1319 5129; x_wconf 85' lang='lat' dir='ltr'><strong>Petrum</strong></span> <span class='ocrx_word' id='word_1_453' title='bbox 1342 5087 1391 5131; x_wconf 87' lang='lat' dir='ltr'><strong>et</strong></span> <span class='ocrx_word' id='word_1_454' title='bbox 1421 5076 1671 5141; x_wconf 89' lang='lat' dir='ltr'><strong>Paulum,</strong></span> <span class='ocrx_word' id='word_1_455' title='bbox 1700 5082 1811 5150; x_wconf 89' lang='lat' dir='ltr'><strong>pri-</strong></span> 
     </span>
    </p>
   </div>
   <div class='ocr_carea' id='block_1_63' title="bbox 222 5161 1810 5238">
    <p class='ocr_par' dir='ltr' id='par_1_63' title="bbox 222 5161 1810 5238">
     <span class='ocr_line' id='line_1_63' title="bbox 222 5161 1810 5238; baseline 0.006 -23"><span class='ocrx_word' id='word_1_456' title='bbox 222 5174 339 5215; x_wconf 73' lang='grc' dir='ltr'><strong>αοι</strong></span> <span class='ocrx_word' id='word_1_457' title='bbox 364 5161 677 5229; x_wconf 73' lang='lat' dir='ltr'><strong>fundatores</strong></span> <span class='ocrx_word' id='word_1_458' title='bbox 704 5164 976 5220; x_wconf 88' lang='lat' dir='ltr'><strong>haberent.</strong></span> <span class='ocrx_word' id='word_1_459' title='bbox 1005 5175 1056 5219; x_wconf 88' lang='lat' dir='ltr'><strong>et</strong></span> <span class='ocrx_word' id='word_1_460' title='bbox 1078 5167 1130 5219; x_wconf 91' lang='lat' dir='ltr'><strong>in</strong></span> <span class='ocrx_word' id='word_1_461' title='bbox 1158 5166 1340 5222; x_wconf 89' lang='lat' dir='ltr'><strong>eadem</strong></span> <span class='ocrx_word' id='word_1_462' title='bbox 1369 5168 1473 5236; x_wconf 80' lang='lat' dir='ltr'><strong>ﬁde</strong></span> <span class='ocrx_word' id='word_1_463' title='bbox 1501 5170 1810 5238; x_wconf 88' lang='lat' dir='ltr'><strong>conspiran-</strong></span> 
     </span>
    </p>
   </div>
   <div class='ocr_carea' id='block_1_64' title="bbox 225 5253 1808 5329">
    <p class='ocr_par' dir='ltr' id='par_1_64' title="bbox 225 5253 1808 5329">
     <span class='ocr_line' id='line_1_64' title="bbox 225 5253 1808 5329; baseline 0.008 -24"><span class='ocrx_word' id='word_1_464' title='bbox 225 5258 320 5315; x_wconf 83' lang='lat' dir='ltr'><strong>tes,</strong></span> <span class='ocrx_word' id='word_1_465' title='bbox 350 5253 612 5308; x_wconf 70' lang='lat' dir='ltr'><strong>doctrinm</strong></span> <span class='ocrx_word' id='word_1_466' title='bbox 648 5258 1110 5326; x_wconf 86' lang='lat' dir='ltr'><strong>consanguinitate</strong></span> <span class='ocrx_word' id='word_1_467' title='bbox 1141 5258 1221 5329; x_wconf 88' lang='lat' dir='ltr'><strong>(ut</strong></span> <span class='ocrx_word' id='word_1_468' title='bbox 1266 5258 1432 5313; x_wconf 89' lang='lat' dir='ltr'><strong>verbis</strong></span> <span class='ocrx_word' id='word_1_469' title='bbox 1493 5260 1808 5317; x_wconf 88' lang='lat' dir='ltr'><strong>Tertulliani</strong></span> 
     </span>
    </p>
   </div>
   <div class='ocr_carea' id='block_1_65' title="bbox 1923 2130 3509 2203">
    <p class='ocr_par' dir='ltr' id='par_1_65' title="bbox 1923 2130 3509 2203">
     <span class='ocr_line' id='line_1_65' title="bbox 1923 2130 3509 2203; baseline -0.003 -15"><span class='ocrx_word' id='word_1_470' title='bbox 1923 2135 1994 2188; x_wconf 90' lang='lat' dir='ltr'><strong>ad</strong></span> <span class='ocrx_word' id='word_1_471' title='bbox 2034 2135 2327 2203; x_wconf 76' lang='lat' dir='ltr'><strong>fraternam</strong></span> <span class='ocrx_word' id='word_1_472' title='bbox 2372 2130 2709 2185; x_wconf 88' lang='lat' dir='ltr'><strong>concordiam</strong></span> <span class='ocrx_word' id='word_1_473' title='bbox 2763 2139 2812 2183; x_wconf 91' lang='lat' dir='ltr'><strong>et</strong></span> <span class='ocrx_word' id='word_1_474' title='bbox 2852 2130 3203 2184; x_wconf 83' lang='lat' dir='ltr'><strong>humilitatem</strong></span> <span class='ocrx_word' id='word_1_475' title='bbox 3252 2140 3363 2185; x_wconf 91' lang='lat' dir='ltr'><strong>tota</strong></span> <span class='ocrx_word' id='word_1_476' title='bbox 3411 2130 3509 2184; x_wconf 91' lang='lat' dir='ltr'><strong>hac</strong></span> 
     </span>
    </p>
   </div>
   <div class='ocr_carea' id='block_1_66' title="bbox 1920 2223 3510 2293">
    <p class='ocr_par' dir='ltr' id='par_1_66' title="bbox 1920 2223 3510 2293">
     <span class='ocr_line' id='line_1_66' title="bbox 1920 2223 3510 2293; baseline -0.003 -14"><span class='ocrx_word' id='word_1_477' title='bbox 1920 2227 2143 2293; x_wconf 87' lang='lat' dir='ltr'><strong>epistola</strong></span> <span class='ocrx_word' id='word_1_478' title='bbox 2178 2224 2445 2287; x_wconf 82' lang='lat' dir='ltr'><strong>hortatur,</strong></span> <span class='ocrx_word' id='word_1_479' title='bbox 2475 2239 2579 2276; x_wconf 90' lang='lat' dir='ltr'><strong>non</strong></span> <span class='ocrx_word' id='word_1_480' title='bbox 2631 2231 2837 2275; x_wconf 89' lang='lat' dir='ltr'><strong>tantum</strong></span> <span class='ocrx_word' id='word_1_481' title='bbox 2890 2224 3108 2291; x_wconf 87' lang='lat' dir='ltr'><strong>scripto,</strong></span> <span class='ocrx_word' id='word_1_482' title='bbox 3138 2223 3232 2277; x_wconf 88' lang='lat' dir='ltr'><strong>sed</strong></span> <span class='ocrx_word' id='word_1_483' title='bbox 3274 2223 3510 2292; x_wconf 85' lang='lat' dir='ltr'><strong>exemplo</strong></span> 
     </span>
    </p>
   </div>
   <div class='ocr_carea' id='block_1_67' title="bbox 1923 2314 3511 2388">
    <p class='ocr_par' dir='ltr' id='par_1_67' title="bbox 1923 2314 3511 2388">
     <span class='ocr_line' id='line_1_67' title="bbox 1923 2314 3511 2388; baseline -0.002 -17"><span class='ocrx_word' id='word_1_484' title='bbox 1923 2319 2089 2371; x_wconf 82' lang='lat' dir='ltr'><strong>etiam</strong></span> <span class='ocrx_word' id='word_1_485' title='bbox 2120 2332 2238 2379; x_wconf 87' lang='lat' dir='ltr'><strong>suo,</strong></span> <span class='ocrx_word' id='word_1_486' title='bbox 2270 2330 2447 2369; x_wconf 86' lang='lat' dir='ltr'><strong>veram</strong></span> <span class='ocrx_word' id='word_1_487' title='bbox 2471 2325 2521 2369; x_wconf 90' lang='lat' dir='ltr'><strong>et</strong></span> <span class='ocrx_word' id='word_1_488' title='bbox 2577 2332 2681 2368; x_wconf 91' lang='lat' dir='ltr'><strong>non</strong></span> <span class='ocrx_word' id='word_1_489' title='bbox 2727 2314 2962 2382; x_wconf 80' lang='lat' dir='ltr'><strong>fucatam</strong></span> <span class='ocrx_word' id='word_1_490' title='bbox 3011 2315 3511 2388; x_wconf 79' lang='grc' dir='ltr'><strong>ταπεινοφροσύνην</strong></span> 
     </span>
    </p>
   </div>
   <div class='ocr_carea' id='block_1_68' title="bbox 1920 2404 3509 2477">
    <p class='ocr_par' dir='ltr' id='par_1_68' title="bbox 1920 2404 3509 2477">
     <span class='ocr_line' id='line_1_68' title="bbox 1920 2404 3509 2477; baseline -0.001 -18"><span class='ocrx_word' id='word_1_491' title='bbox 1920 2406 2147 2467; x_wconf 89' lang='lat' dir='ltr'><strong>doceret,</strong></span> <span class='ocrx_word' id='word_1_492' title='bbox 2170 2421 2308 2476; x_wconf 66' lang='lat' dir='ltr'><strong>quae,</strong></span> <span class='ocrx_word' id='word_1_493' title='bbox 2332 2404 2538 2458; x_wconf 89' lang='lat' dir='ltr'><strong>Basilio</strong></span> <span class='ocrx_word' id='word_1_494' title='bbox 2572 2414 2717 2472; x_wconf 89' lang='lat' dir='ltr'><strong>teste,</strong></span> <span class='ocrx_word' id='word_1_495' title='bbox 2736 2406 2842 2459; x_wconf 82' lang='grc' dir='ltr'>τῶν</span> <span class='ocrx_word' id='word_1_496' title='bbox 2863 2405 3033 2461; x_wconf 79' lang='grc' dir='ltr'>ἄλλων</span> <span class='ocrx_word' id='word_1_497' title='bbox 3066 2406 3274 2477; x_wconf 82' lang='grc' dir='ltr'><strong>ἀρετῶν</strong></span> <span class='ocrx_word' id='word_1_498' title='bbox 3302 2406 3509 2477; x_wconf 83' lang='grc' dir='ltr'>Θησαυ-</span> 
     </span>
    </p>
   </div>
   <div class='ocr_carea' id='block_1_69' title="bbox 1922 2496 3510 2570">
    <p class='ocr_par' dir='ltr' id='par_1_69' title="bbox 1922 2496 3510 2570">
     <span class='ocr_line' id='line_1_69' title="bbox 1922 2496 3510 2570; baseline 0.001 -19"><span class='ocrx_word' id='word_1_499' title='bbox 1922 2496 2250 2570; x_wconf 83' lang='grc' dir='ltr'>ροφυλάκιον</span> <span class='ocrx_word' id='word_1_500' title='bbox 2264 2505 2362 2550; x_wconf 88' lang='lat' dir='ltr'><strong>est.</strong></span> <span class='ocrx_word' id='word_1_501' title='bbox 2378 2498 2495 2563; x_wconf 77' lang='lat' dir='ltr'><strong>Quo</strong></span> <span class='ocrx_word' id='word_1_502' title='bbox 2506 2515 2642 2551; x_wconf 90' lang='lat' dir='ltr'><strong>anno</strong></span> <span class='ocrx_word' id='word_1_503' title='bbox 2666 2508 2839 2552; x_wconf 89' lang='lat' dir='ltr'><strong>autem</strong></span> <span class='ocrx_word' id='word_1_504' title='bbox 2852 2498 3185 2567; x_wconf 86' lang='lat' dir='ltr'><strong>episcopatus</strong></span> <span class='ocrx_word' id='word_1_505' title='bbox 3202 2499 3317 2569; x_wconf 85' lang='lat' dir='ltr'><strong>ejus</strong></span> <span class='ocrx_word' id='word_1_506' title='bbox 3346 2500 3510 2552; x_wconf 82' lang='lat' dir='ltr'><strong>missa</strong></span> 
     </span>
    </p>
   </div>
   <div class='ocr_carea' id='block_1_70' title="bbox 1921 2589 3510 2658">
    <p class='ocr_par' dir='ltr' id='par_1_70' title="bbox 1921 2589 3510 2658">
     <span class='ocr_line' id='line_1_70' title="bbox 1921 2589 3510 2658; baseline -0.001 -13"><span class='ocrx_word' id='word_1_507' title='bbox 1921 2592 1989 2645; x_wconf 81' lang='lat' dir='ltr'><strong>sit</strong></span> <span class='ocrx_word' id='word_1_508' title='bbox 2018 2590 2127 2645; x_wconf 66' lang='lat' dir='ltr'><strong>haec</strong></span> <span class='ocrx_word' id='word_1_509' title='bbox 2148 2590 2394 2658; x_wconf 88' lang='lat' dir='ltr'><strong>epistola,</strong></span> <span class='ocrx_word' id='word_1_510' title='bbox 2426 2600 2475 2643; x_wconf 87' lang='lat' dir='ltr'><strong>et</strong></span> <span class='ocrx_word' id='word_1_511' title='bbox 2505 2608 2572 2643; x_wconf 90' lang='lat' dir='ltr'><strong>an</strong></span> <span class='ocrx_word' id='word_1_512' title='bbox 2607 2589 2785 2644; x_wconf 65' lang='lat' dir='ltr'><strong>Romae</strong></span> <span class='ocrx_word' id='word_1_513' title='bbox 2806 2600 2939 2645; x_wconf 86' lang='lat' dir='ltr'><strong>esset</strong></span> <span class='ocrx_word' id='word_1_514' title='bbox 2963 2589 3201 2645; x_wconf 83' lang='lat' dir='ltr'><strong>Clemens</strong></span> <span class='ocrx_word' id='word_1_515' title='bbox 3227 2607 3345 2644; x_wconf 90' lang='lat' dir='ltr'><strong>cum</strong></span> <span class='ocrx_word' id='word_1_516' title='bbox 3374 2591 3510 2645; x_wconf 90' lang='lat' dir='ltr'><strong>hanc</strong></span> 
     </span>
    </p>
   </div>
   <div class='ocr_carea' id='block_1_71' title="bbox 1920 2680 3508 2752">
    <p class='ocr_par' dir='ltr' id='par_1_71' title="bbox 1920 2680 3508 2752">
     <span class='ocr_line' id='line_1_71' title="bbox 1920 2680 3508 2752; baseline 0.001 -18"><span class='ocrx_word' id='word_1_517' title='bbox 1920 2680 2188 2745; x_wconf 88' lang='lat' dir='ltr'><strong>scriberet,</strong></span> <span class='ocrx_word' id='word_1_518' title='bbox 2232 2681 2370 2749; x_wconf 88' lang='lat' dir='ltr'><strong>apud</strong></span> <span class='ocrx_word' id='word_1_519' title='bbox 2416 2683 2662 2752; x_wconf 88' lang='lat' dir='ltr'><strong>antiquos</strong></span> <span class='ocrx_word' id='word_1_520' title='bbox 2707 2682 2914 2736; x_wconf 87' lang='lat' dir='ltr'><strong>nullum</strong></span> <span class='ocrx_word' id='word_1_521' title='bbox 2960 2683 3237 2752; x_wconf 86' lang='lat' dir='ltr'><strong>vestigium</strong></span> <span class='ocrx_word' id='word_1_522' title='bbox 3263 2698 3282 2737; x_wconf 90' lang='lat'><strong><em>:</em></strong></span> <span class='ocrx_word' id='word_1_523' title='bbox 3312 2683 3508 2752; x_wconf 83' lang='lat' dir='ltr'><strong>proba-</strong></span> 
     </span>
    </p>
   </div>
   <div class='ocr_carea' id='block_1_72' title="bbox 1921 2771 3510 2844">
    <p class='ocr_par' dir='ltr' id='par_1_72' title="bbox 1921 2771 3510 2844">
     <span class='ocr_line' id='line_1_72' title="bbox 1921 2771 3510 2844; baseline 0.003 -20"><span class='ocrx_word' id='word_1_524' title='bbox 1921 2771 2021 2825; x_wconf 87' lang='lat' dir='ltr'><strong>bile</strong></span> <span class='ocrx_word' id='word_1_525' title='bbox 2052 2783 2260 2826; x_wconf 90' lang='lat' dir='ltr'><strong>estnon</strong></span> <span class='ocrx_word' id='word_1_526' title='bbox 2292 2774 2441 2842; x_wconf 88' lang='lat' dir='ltr'><strong>prius</strong></span> <span class='ocrx_word' id='word_1_527' title='bbox 2480 2776 2730 2843; x_wconf 89' lang='lat' dir='ltr'><strong>scriptam</strong></span> <span class='ocrx_word' id='word_1_528' title='bbox 2771 2775 2936 2843; x_wconf 87' lang='lat' dir='ltr'><strong>fuisse</strong></span> <span class='ocrx_word' id='word_1_529' title='bbox 2977 2792 3136 2844; x_wconf 90' lang='lat' dir='ltr'><strong>quam</strong></span> <span class='ocrx_word' id='word_1_530' title='bbox 3173 2777 3227 2828; x_wconf 88' lang='lat' dir='ltr'><strong>in</strong></span> <span class='ocrx_word' id='word_1_531' title='bbox 3263 2775 3510 2830; x_wconf 75' lang='lat' dir='ltr'><strong>exsilium</strong></span> 
     </span>
    </p>
   </div>
   <div class='ocr_carea' id='block_1_73' title="bbox 1920 2864 3513 2936">
    <p class='ocr_par' dir='ltr' id='par_1_73' title="bbox 1920 2864 3513 2936">
     <span class='ocr_line' id='line_1_73' title="bbox 1920 2864 3513 2936; baseline 0.001 -17"><span class='ocrx_word' id='word_1_532' title='bbox 1920 2866 2259 2936; x_wconf 89' lang='lat' dir='ltr'><strong>relegaretur,</strong></span> <span class='ocrx_word' id='word_1_533' title='bbox 2288 2865 2426 2933; x_wconf 89' lang='lat' dir='ltr'><strong>quod</strong></span> <span class='ocrx_word' id='word_1_534' title='bbox 2457 2865 2657 2934; x_wconf 90' lang='lat' dir='ltr'><strong>factum</strong></span> <span class='ocrx_word' id='word_1_535' title='bbox 2683 2876 2759 2919; x_wconf 87' lang='lat' dir='ltr'><strong>est</strong></span> <span class='ocrx_word' id='word_1_536' title='bbox 2804 2864 3010 2919; x_wconf 88' lang='lat' dir='ltr'><strong>biennio</strong></span> <span class='ocrx_word' id='word_1_537' title='bbox 3050 2875 3331 2936; x_wconf 87' lang='lat' dir='ltr'><strong>antequam</strong></span> <span class='ocrx_word' id='word_1_538' title='bbox 3364 2883 3513 2921; x_wconf 87' lang='lat' dir='ltr'><strong>mar-</strong></span> 
     </span>
    </p>
   </div>
   <div class='ocr_carea' id='block_1_74' title="bbox 1920 2955 3512 3027">
    <p class='ocr_par' dir='ltr' id='par_1_74' title="bbox 1920 2955 3512 3027">
     <span class='ocr_line' id='line_1_74' title="bbox 1920 2955 3512 3027; baseline 0.002 -18"><span class='ocrx_word' id='word_1_539' title='bbox 1920 2959 2056 3027; x_wconf 85' lang='lat' dir='ltr'><strong>tyrio</strong></span> <span class='ocrx_word' id='word_1_540' title='bbox 2086 2959 2248 3011; x_wconf 90' lang='lat' dir='ltr'><strong>vitam</strong></span> <span class='ocrx_word' id='word_1_541' title='bbox 2278 2959 2491 3026; x_wconf 88' lang='lat' dir='ltr'><strong>ﬁmret;</strong></span> <span class='ocrx_word' id='word_1_542' title='bbox 2519 2955 2656 3026; x_wconf 89' lang='lat' dir='ltr'><strong>quod</strong></span> <span class='ocrx_word' id='word_1_543' title='bbox 2684 2972 2749 3010; x_wconf 84' lang='lat' dir='ltr'><strong>ex</strong></span> <span class='ocrx_word' id='word_1_544' title='bbox 2778 2957 2942 3025; x_wconf 89' lang='lat' dir='ltr'><strong>ipsius</strong></span> <span class='ocrx_word' id='word_1_545' title='bbox 2963 2956 3127 3010; x_wconf 88' lang='lat' dir='ltr'><strong>verbis</strong></span> <span class='ocrx_word' id='word_1_546' title='bbox 3159 2974 3262 3011; x_wconf 90' lang='lat' dir='ltr'><strong>non</strong></span> <span class='ocrx_word' id='word_1_547' title='bbox 3294 2958 3512 3012; x_wconf 86' lang='lat' dir='ltr'><strong>obscure</strong></span> 
     </span>
    </p>
   </div>
   <div class='ocr_carea' id='block_1_75' title="bbox 1918 3046 3511 3120">
    <p class='ocr_par' dir='ltr' id='par_1_75' title="bbox 1918 3046 3511 3120">
     <span class='ocr_line' id='line_1_75' title="bbox 1918 3046 3511 3120; baseline 0.003 -20"><span class='ocrx_word' id='word_1_548' title='bbox 1918 3048 2097 3117; x_wconf 88' lang='lat' dir='ltr'><strong>colligi</strong></span> <span class='ocrx_word' id='word_1_549' title='bbox 2124 3058 2315 3117; x_wconf 89' lang='lat' dir='ltr'><strong>potest,</strong></span> <span class='ocrx_word' id='word_1_550' title='bbox 2353 3048 2443 3101; x_wconf 90' lang='lat' dir='ltr'><strong>ubi</strong></span> <span class='ocrx_word' id='word_1_551' title='bbox 2480 3047 2544 3101; x_wconf 92' lang='lat' dir='ltr'><strong>de</strong></span> <span class='ocrx_word' id='word_1_552' title='bbox 2576 3046 2738 3100; x_wconf 87' lang='lat' dir='ltr'><strong>Pauli</strong></span> <span class='ocrx_word' id='word_1_553' title='bbox 2780 3047 3070 3113; x_wconf 87' lang='lat' dir='ltr'><strong>laboribus,</strong></span> <span class='ocrx_word' id='word_1_554' title='bbox 3107 3048 3170 3103; x_wconf 90' lang='lat' dir='ltr'><strong>de</strong></span> <span class='ocrx_word' id='word_1_555' title='bbox 3205 3052 3391 3105; x_wconf 89' lang='lat' dir='ltr'><strong>mortis</strong></span> <span class='ocrx_word' id='word_1_556' title='bbox 3421 3066 3511 3120; x_wconf 86' lang='lat' dir='ltr'><strong>ge-</strong></span> 
     </span>
    </p>
   </div>
   <div class='ocr_carea' id='block_1_76' title="bbox 1919 3140 3510 3212">
    <p class='ocr_par' dir='ltr' id='par_1_76' title="bbox 1919 3140 3510 3212">
     <span class='ocr_line' id='line_1_76' title="bbox 1919 3140 3510 3212; baseline 0.003 -18"><span class='ocrx_word' id='word_1_557' title='bbox 1919 3156 2062 3204; x_wconf 88' lang='lat' dir='ltr'><strong>nere,</strong></span> <span class='ocrx_word' id='word_1_558' title='bbox 2094 3149 2143 3194; x_wconf 90' lang='lat' dir='ltr'><strong>et</strong></span> <span class='ocrx_word' id='word_1_559' title='bbox 2192 3141 2441 3211; x_wconf 79' lang='lat' dir='ltr'><strong>martyrii</strong></span> <span class='ocrx_word' id='word_1_560' title='bbox 2483 3140 2598 3195; x_wconf 90' lang='lat' dir='ltr'><strong>loco</strong></span> <span class='ocrx_word' id='word_1_561' title='bbox 2627 3140 2916 3206; x_wconf 88' lang='lat' dir='ltr'><strong>disserens,</strong></span> <span class='ocrx_word' id='word_1_562' title='bbox 2948 3143 3043 3206; x_wconf 90' lang='lat' dir='ltr'><strong>ait,</strong></span> <span class='ocrx_word' id='word_1_563' title='bbox 3080 3159 3198 3196; x_wconf 90' lang='lat' dir='ltr'><strong>eum</strong></span> <span class='ocrx_word' id='word_1_564' title='bbox 3228 3143 3281 3196; x_wconf 88' lang='lat' dir='ltr'><strong>in</strong></span> <span class='ocrx_word' id='word_1_565' title='bbox 3313 3143 3510 3212; x_wconf 85' lang='lat' dir='ltr'><strong>ﬁnibus</strong></span> 
     </span>
    </p>
   </div>
   <div class='ocr_carea' id='block_1_77' title="bbox 1929 3231 3513 3303">
    <p class='ocr_par' dir='ltr' id='par_1_77' title="bbox 1929 3231 3513 3303">
     <span class='ocr_line' id='line_1_77' title="bbox 1929 3231 3513 3303; baseline 0.001 -15"><span class='ocrx_word' id='word_1_566' title='bbox 1929 3231 2229 3288; x_wconf 87' lang='lat' dir='ltr'><strong>Occidentis</strong></span> <span class='ocrx_word' id='word_1_567' title='bbox 2250 3250 2468 3303; x_wconf 78' lang='lat' dir='ltr'><strong>passum</strong></span> <span class='ocrx_word' id='word_1_568' title='bbox 2493 3250 2624 3287; x_wconf 87' lang='lat' dir='ltr'><strong>esse.</strong></span> <span class='ocrx_word' id='word_1_569' title='bbox 2651 3233 2946 3288; x_wconf 75' lang='lat' dir='ltr'><strong>Verisimile</strong></span> <span class='ocrx_word' id='word_1_570' title='bbox 2970 3243 3068 3297; x_wconf 87' lang='lat' dir='ltr'><strong>est,</strong></span> <span class='ocrx_word' id='word_1_571' title='bbox 3097 3236 3217 3288; x_wconf 86' lang='lat' dir='ltr'><strong>siin</strong></span> <span class='ocrx_word' id='word_1_572' title='bbox 3242 3234 3368 3290; x_wconf 89' lang='lat' dir='ltr'><strong>urbe</strong></span> <span class='ocrx_word' id='word_1_573' title='bbox 3398 3247 3513 3290; x_wconf 82' lang='lat' dir='ltr'><strong>tum</strong></span> 
     </span>
    </p>
   </div>
   <div class='ocr_carea' id='block_1_78' title="bbox 1926 3323 3512 3396">
    <p class='ocr_par' dir='ltr' id='par_1_78' title="bbox 1926 3323 3512 3396">
     <span class='ocr_line' id='line_1_78' title="bbox 1926 3323 3512 3396; baseline 0.002 -19"><span class='ocrx_word' id='word_1_574' title='bbox 1926 3324 2132 3393; x_wconf 81' lang='lat' dir='ltr'><strong>fuisset,</strong></span> <span class='ocrx_word' id='word_1_575' title='bbox 2166 3326 2225 3376; x_wconf 77' lang='grc' dir='ltr'>ἐν</span> <span class='ocrx_word' id='word_1_576' title='bbox 2253 3323 2427 3395; x_wconf 84' lang='grc' dir='ltr'>ταύτῃ</span> <span class='ocrx_word' id='word_1_577' title='bbox 2454 3327 2521 3395; x_wconf 79' lang='grc' dir='ltr'>τῇ</span> <span class='ocrx_word' id='word_1_578' title='bbox 2556 3323 2783 3394; x_wconf 84' lang='grc' dir='ltr'><strong>βασιλίδι</strong></span> <span class='ocrx_word' id='word_1_579' title='bbox 2815 3324 2988 3388; x_wconf 80' lang='grc' dir='ltr'>πόλει,</span> <span class='ocrx_word' id='word_1_580' title='bbox 3028 3325 3106 3379; x_wconf 85' lang='lat' dir='ltr'><strong>vel</strong></span> <span class='ocrx_word' id='word_1_581' title='bbox 3137 3326 3340 3396; x_wconf 90' lang='lat' dir='ltr'><strong>aliquid</strong></span> <span class='ocrx_word' id='word_1_582' title='bbox 3366 3327 3512 3395; x_wconf 88' lang='lat' dir='ltr'><strong>ejus-</strong></span> 
     </span>
    </p>
   </div>
   <div class='ocr_carea' id='block_1_79' title="bbox 1917 3415 3512 3489">
    <p class='ocr_par' dir='ltr' id='par_1_79' title="bbox 1917 3415 3512 3489">
     <span class='ocr_line' id='line_1_79' title="bbox 1917 3415 3512 3489; baseline 0.004 -21"><span class='ocrx_word' id='word_1_583' title='bbox 1917 3415 2083 3480; x_wconf 89' lang='lat' dir='ltr'><strong>modi,</strong></span> <span class='ocrx_word' id='word_1_584' title='bbox 2133 3416 2357 3471; x_wconf 86' lang='lat' dir='ltr'><strong>voluisse</strong></span> <span class='ocrx_word' id='word_1_585' title='bbox 2392 3416 2545 3469; x_wconf 88' lang='lat' dir='ltr'><strong>illum</strong></span> <span class='ocrx_word' id='word_1_586' title='bbox 2585 3416 2831 3472; x_wconf 89' lang='lat' dir='ltr'><strong>scribere.</strong></span> <span class='ocrx_word' id='word_1_587' title='bbox 2870 3416 3019 3471; x_wconf 82' lang='lat' dir='ltr'><strong>Adde</strong></span> <span class='ocrx_word' id='word_1_588' title='bbox 3062 3419 3200 3489; x_wconf 88' lang='lat' dir='ltr'><strong>quod</strong></span> <span class='ocrx_word' id='word_1_589' title='bbox 3239 3422 3422 3474; x_wconf 88' lang='lat' dir='ltr'><strong>statim</strong></span> <span class='ocrx_word' id='word_1_590' title='bbox 3453 3422 3512 3474; x_wconf 86' lang='lat' dir='ltr'><strong>in</strong></span> 
     </span>
    </p>
   </div>
   <div class='ocr_carea' id='block_1_80' title="bbox 1916 3506 3512 3577">
    <p class='ocr_par' dir='ltr' id='par_1_80' title="bbox 1916 3506 3512 3577">
     <span class='ocr_line' id='line_1_80' title="bbox 1916 3506 3512 3577; baseline 0.003 -17"><span class='ocrx_word' id='word_1_591' title='bbox 1916 3508 2092 3571; x_wconf 88' lang='lat' dir='ltr'><strong>initio,</strong></span> <span class='ocrx_word' id='word_1_592' title='bbox 2107 3524 2226 3561; x_wconf 91' lang='lat' dir='ltr'><strong>cum</strong></span> <span class='ocrx_word' id='word_1_593' title='bbox 2245 3506 2550 3561; x_wconf 88' lang='lat' dir='ltr'><strong>tarditatem</strong></span> <span class='ocrx_word' id='word_1_594' title='bbox 2569 3524 2721 3562; x_wconf 89' lang='lat' dir='ltr'><strong>suam</strong></span> <span class='ocrx_word' id='word_1_595' title='bbox 2741 3508 2793 3560; x_wconf 89' lang='lat' dir='ltr'><strong>in</strong></span> <span class='ocrx_word' id='word_1_596' title='bbox 2809 3510 3141 3563; x_wconf 88' lang='lat' dir='ltr'><strong>rescribendo</strong></span> <span class='ocrx_word' id='word_1_597' title='bbox 3158 3521 3398 3577; x_wconf 77' lang='lat' dir='ltr'><strong>excusat,</strong></span> <span class='ocrx_word' id='word_1_598' title='bbox 3417 3528 3512 3565; x_wconf 89' lang='lat' dir='ltr'><strong>ca-</strong></span> 
     </span>
    </p>
   </div>
   <div class='ocr_carea' id='block_1_81' title="bbox 1916 3600 3510 3675">
    <p class='ocr_par' dir='ltr' id='par_1_81' title="bbox 1916 3600 3510 3675">
     <span class='ocr_line' id='line_1_81' title="bbox 1916 3600 3510 3675; baseline 0.002 -20"><span class='ocrx_word' id='word_1_599' title='bbox 1916 3602 2222 3656; x_wconf 87' lang='lat' dir='ltr'><strong>lamitatum</strong></span> <span class='ocrx_word' id='word_1_600' title='bbox 2243 3618 2464 3656; x_wconf 88' lang='lat' dir='ltr'><strong>suarum</strong></span> <span class='ocrx_word' id='word_1_601' title='bbox 2484 3611 2533 3655; x_wconf 90' lang='lat' dir='ltr'><strong>et</strong></span> <span class='ocrx_word' id='word_1_602' title='bbox 2557 3600 2945 3673; x_wconf 83' lang='grc' dir='ltr'>περιπτώσεων</span> <span class='ocrx_word' id='word_1_603' title='bbox 2975 3605 3289 3659; x_wconf 89' lang='lat' dir='ltr'><strong>mentionem</strong></span> <span class='ocrx_word' id='word_1_604' title='bbox 3308 3606 3510 3675; x_wconf 86' lang='lat' dir='ltr'><strong>faciat:</strong></span> 
     </span>
    </p>
   </div>
   <div class='ocr_carea' id='block_1_82' title="bbox 1922 3694 3508 3769">
    <p class='ocr_par' dir='ltr' id='par_1_82' title="bbox 1922 3694 3508 3769">
     <span class='ocr_line' id='line_1_82' title="bbox 1922 3694 3508 3769; baseline 0.001 -20"><span class='ocrx_word' id='word_1_605' title='bbox 1922 3695 2036 3749; x_wconf 85' lang='grc' dir='ltr'>ἀλλ’</span> <span class='ocrx_word' id='word_1_606' title='bbox 2068 3696 2250 3766; x_wconf 78' lang='grc' dir='ltr'><strong>ἐπέχω</strong></span> <span class='ocrx_word' id='word_1_607' title='bbox 2281 3696 2376 3749; x_wconf 76' lang='grc' dir='ltr'>καὶ</span> <span class='ocrx_word' id='word_1_608' title='bbox 2404 3695 2552 3748; x_wconf 82' lang='grc' dir='ltr'>οὐδὲν</span> <span class='ocrx_word' id='word_1_609' title='bbox 2567 3694 2755 3766; x_wconf 75' lang='grc' dir='ltr'>ὁρίζω,</span> <span class='ocrx_word' id='word_1_610' title='bbox 2774 3704 2821 3748; x_wconf 92' lang='lat' dir='ltr'><strong>et</strong></span> <span class='ocrx_word' id='word_1_611' title='bbox 2833 3710 2898 3748; x_wconf 88' lang='lat' dir='ltr'><strong>ex</strong></span> <span class='ocrx_word' id='word_1_612' title='bbox 2912 3696 2995 3749; x_wconf 87' lang='lat' dir='ltr'><strong>via</strong></span> <span class='ocrx_word' id='word_1_613' title='bbox 3010 3696 3107 3749; x_wconf 92' lang='lat' dir='ltr'><strong>hac</strong></span> <span class='ocrx_word' id='word_1_614' title='bbox 3125 3697 3329 3768; x_wconf 79' lang='grc' dir='ltr'><strong>ἀϐάτῳ,</strong></span> <span class='ocrx_word' id='word_1_615' title='bbox 3348 3714 3508 3769; x_wconf 90' lang='lat' dir='ltr'><strong>quam</strong></span> 
     </span>
    </p>
   </div>
   <div class='ocr_carea' id='block_1_83' title="bbox 1917 3786 3504 3857">
    <p class='ocr_par' dir='ltr' id='par_1_83' title="bbox 1917 3786 3504 3857">
     <span class='ocr_line' id='line_1_83' title="bbox 1917 3786 3504 3857; baseline 0.004 -18"><span class='ocrx_word' id='word_1_616' title='bbox 1917 3804 2068 3841; x_wconf 88' lang='lat' dir='ltr'><strong>nemo</strong></span> <span class='ocrx_word' id='word_1_617' title='bbox 2094 3798 2217 3842; x_wconf 88' lang='lat' dir='ltr'><strong>ante</strong></span> <span class='ocrx_word' id='word_1_618' title='bbox 2245 3788 2491 3851; x_wconf 84' lang='lat' dir='ltr'><strong>calcavit,</strong></span> <span class='ocrx_word' id='word_1_619' title='bbox 2517 3787 2698 3857; x_wconf 74' lang='lat' dir='ltr'><strong>pedem</strong></span> <span class='ocrx_word' id='word_1_620' title='bbox 2729 3787 2918 3857; x_wconf 83' lang='lat' dir='ltr'><strong>refero.</strong></span> <span class='ocrx_word' id='word_1_621' title='bbox 2947 3786 3079 3843; x_wconf 88' lang='lat' dir='ltr'><strong>Post</strong></span> <span class='ocrx_word' id='word_1_622' title='bbox 3106 3793 3504 3853; x_wconf 83' lang='lat' dir='ltr'><strong>salutationem,</strong></span> 
     </span>
    </p>
   </div>
   <div class='ocr_carea' id='block_1_84' title="bbox 1915 3874 3508 3949">
    <p class='ocr_par' dir='ltr' id='par_1_84' title="bbox 1915 3874 3508 3949">
     <span class='ocr_line' id='line_1_84' title="bbox 1915 3874 3508 3949; baseline 0.002 -20"><span class='ocrx_word' id='word_1_623' title='bbox 1915 3893 2032 3947; x_wconf 75' lang='lat' dir='ltr'><strong>quae</strong></span> <span class='ocrx_word' id='word_1_624' title='bbox 2069 3876 2233 3931; x_wconf 90' lang='lat' dir='ltr'><strong>verbis</strong></span> <span class='ocrx_word' id='word_1_625' title='bbox 2284 3876 2532 3930; x_wconf 87' lang='lat' dir='ltr'><strong>Paulinis</strong></span> <span class='ocrx_word' id='word_1_626' title='bbox 2576 3877 2889 3945; x_wconf 89' lang='lat' dir='ltr'><strong>concipitur,</strong></span> <span class='ocrx_word' id='word_1_627' title='bbox 2942 3874 3251 3932; x_wconf 85' lang='lat' dir='ltr'><strong>Corinthios</strong></span> <span class='ocrx_word' id='word_1_628' title='bbox 3296 3888 3508 3949; x_wconf 82' lang='lat' dir='ltr'><strong>propter</strong></span> 
     </span>
    </p>
   </div>
   <div class='ocr_carea' id='block_1_85' title="bbox 1916 3966 3507 4040">
    <p class='ocr_par' dir='ltr' id='par_1_85' title="bbox 1916 3966 3507 4040">
     <span class='ocr_line' id='line_1_85' title="bbox 1916 3966 3507 4040; baseline 0.005 -23"><span class='ocrx_word' id='word_1_629' title='bbox 1916 3968 2211 4021; x_wconf 87' lang='lat' dir='ltr'><strong>constantis</strong></span> <span class='ocrx_word' id='word_1_630' title='bbox 2246 3966 2369 4036; x_wconf 84' lang='lat' dir='ltr'><strong>fidei</strong></span> <span class='ocrx_word' id='word_1_631' title='bbox 2406 3967 2787 4032; x_wconf 89' lang='lat' dir='ltr'><strong>sinceritatem,</strong></span> <span class='ocrx_word' id='word_1_632' title='bbox 2813 3979 3025 4038; x_wconf 88' lang='lat' dir='ltr'><strong>propter</strong></span> <span class='ocrx_word' id='word_1_633' title='bbox 3046 3986 3249 4024; x_wconf 90' lang='lat' dir='ltr'><strong>morum</strong></span> <span class='ocrx_word' id='word_1_634' title='bbox 3268 3972 3507 4040; x_wconf 86' lang='lat' dir='ltr'><strong>probita-</strong></span> 
     </span>
    </p>
   </div>
   <div class='ocr_carea' id='block_1_86' title="bbox 1917 4058 3503 4132">
    <p class='ocr_par' dir='ltr' id='par_1_86' title="bbox 1917 4058 3503 4132">
     <span class='ocr_line' id='line_1_86' title="bbox 1917 4058 3503 4132; baseline 0.004 -23"><span class='ocrx_word' id='word_1_635' title='bbox 1917 4066 2041 4121; x_wconf 89' lang='lat' dir='ltr'><strong>tem,</strong></span> <span class='ocrx_word' id='word_1_636' title='bbox 2078 4067 2121 4113; x_wconf 73' lang='grc' dir='ltr'><strong>ει</strong></span> <span class='ocrx_word' id='word_1_637' title='bbox 2145 4058 2403 4129; x_wconf 88' lang='lat' dir='ltr'><strong>insignem</strong></span> <span class='ocrx_word' id='word_1_638' title='bbox 2433 4060 2489 4111; x_wconf 90' lang='lat' dir='ltr'><strong>in</strong></span> <span class='ocrx_word' id='word_1_639' title='bbox 2518 4058 2762 4113; x_wconf 88' lang='lat' dir='ltr'><strong>omnibus</strong></span> <span class='ocrx_word' id='word_1_640' title='bbox 2776 4060 3072 4132; x_wconf 79' lang='grc' dir='ltr'>εὐκοσμίαν</span> <span class='ocrx_word' id='word_1_641' title='bbox 3103 4063 3195 4115; x_wconf 74' lang='grc' dir='ltr'>καὶ</span> <span class='ocrx_word' id='word_1_642' title='bbox 3219 4060 3503 4126; x_wconf 81' lang='grc' dir='ltr'><strong>εὐταξίαν,</strong></span> 
     </span>
    </p>
   </div>
   <div class='ocr_carea' id='block_1_87' title="bbox 1915 4149 3506 4223">
    <p class='ocr_par' dir='ltr' id='par_1_87' title="bbox 1915 4149 3506 4223">
     <span class='ocr_line' id='line_1_87' title="bbox 1915 4149 3506 4223; baseline 0.003 -21"><span class='ocrx_word' id='word_1_643' title='bbox 1915 4149 2238 4203; x_wconf 82' lang='lat' dir='ltr'><strong>vehementer</strong></span> <span class='ocrx_word' id='word_1_644' title='bbox 2269 4150 2478 4213; x_wconf 91' lang='lat' dir='ltr'><strong>laudat,</strong></span> <span class='ocrx_word' id='word_1_645' title='bbox 2509 4160 2557 4205; x_wconf 89' lang='lat' dir='ltr'><strong>et</strong></span> <span class='ocrx_word' id='word_1_646' title='bbox 2584 4152 2639 4204; x_wconf 88' lang='lat' dir='ltr'><strong>in</strong></span> <span class='ocrx_word' id='word_1_647' title='bbox 2669 4151 2765 4205; x_wconf 92' lang='lat' dir='ltr'><strong>hoc</strong></span> <span class='ocrx_word' id='word_1_648' title='bbox 2802 4153 2965 4205; x_wconf 89' lang='lat' dir='ltr'><strong>etiam</strong></span> <span class='ocrx_word' id='word_1_649' title='bbox 2995 4152 3158 4206; x_wconf 90' lang='lat' dir='ltr'><strong>Pauli</strong></span> <span class='ocrx_word' id='word_1_650' title='bbox 3185 4154 3506 4223; x_wconf 83' lang='lat' dir='ltr'><strong>discipulum</strong></span> 
     </span>
    </p>
   </div>
   <div class='ocr_carea' id='block_1_88' title="bbox 1914 4241 3499 4312">
    <p class='ocr_par' dir='ltr' id='par_1_88' title="bbox 1914 4241 3499 4312">
     <span class='ocr_line' id='line_1_88' title="bbox 1914 4241 3499 4312; baseline 0.006 -18"><span class='ocrx_word' id='word_1_651' title='bbox 1914 4258 1969 4294; x_wconf 90' lang='lat' dir='ltr'><strong>se</strong></span> <span class='ocrx_word' id='word_1_652' title='bbox 1998 4241 2205 4309; x_wconf 89' lang='lat' dir='ltr'><strong>probat,</strong></span> <span class='ocrx_word' id='word_1_653' title='bbox 2232 4244 2322 4312; x_wconf 93' lang='lat' dir='ltr'><strong>qui</strong></span> <span class='ocrx_word' id='word_1_654' title='bbox 2351 4241 2619 4311; x_wconf 81' lang='lat' dir='ltr'><strong>Epislolas</strong></span> <span class='ocrx_word' id='word_1_655' title='bbox 2643 4260 2768 4296; x_wconf 86' lang='lat' dir='ltr'><strong>suas</strong></span> <span class='ocrx_word' id='word_1_656' title='bbox 2793 4260 2826 4296; x_wconf 84' lang='grc' dir='ltr'><strong>α</strong></span> <span class='ocrx_word' id='word_1_657' title='bbox 2859 4243 3105 4298; x_wconf 88' lang='lat' dir='ltr'><strong>laudibus</strong></span> <span class='ocrx_word' id='word_1_658' title='bbox 3136 4244 3304 4299; x_wconf 83' lang='lat' dir='ltr'><strong>ordiri</strong></span> <span class='ocrx_word' id='word_1_659' title='bbox 3334 4257 3499 4304; x_wconf 88' lang='lat' dir='ltr'><strong>amat.</strong></span> 
     </span>
    </p>
   </div>
   <div class='ocr_carea' id='block_1_89' title="bbox 1915 4330 3502 4406">
    <p class='ocr_par' dir='ltr' id='par_1_89' title="bbox 1915 4330 3502 4406">
     <span class='ocr_line' id='line_1_89' title="bbox 1915 4330 3502 4406; baseline 0.004 -19"><span class='ocrx_word' id='word_1_660' title='bbox 1915 4330 2003 4387; x_wconf 87' lang='lat' dir='ltr'><strong>Sic</strong></span> <span class='ocrx_word' id='word_1_661' title='bbox 2026 4335 2167 4388; x_wconf 89' lang='lat' dir='ltr'><strong>enim</strong></span> <span class='ocrx_word' id='word_1_662' title='bbox 2189 4334 2257 4387; x_wconf 90' lang='lat' dir='ltr'><strong>ad</strong></span> <span class='ocrx_word' id='word_1_663' title='bbox 2274 4334 2576 4390; x_wconf 82' lang='lat' dir='ltr'><strong>Romanos:</strong></span> <span class='ocrx_word' id='word_1_664' title='bbox 2603 4335 2666 4386; x_wconf 89' lang='grc' dir='ltr'>Ἡ</span> <span class='ocrx_word' id='word_1_665' title='bbox 2687 4335 2869 4398; x_wconf 83' lang='grc' dir='ltr'><strong>πίστις</strong></span> <span class='ocrx_word' id='word_1_666' title='bbox 2899 4334 3049 4405; x_wconf 82' lang='grc' dir='ltr'><strong>ὑμῶν</strong></span> <span class='ocrx_word' id='word_1_667' title='bbox 3077 4336 3502 4406; x_wconf 81' lang='grc' dir='ltr'>καταγγέλλεται</span> 
     </span>
    </p>
   </div>
   <div class='ocr_carea' id='block_1_90' title="bbox 1913 4424 3503 4501">
    <p class='ocr_par' dir='ltr' id='par_1_90' title="bbox 1913 4424 3503 4501">
     <span class='ocr_line' id='line_1_90' title="bbox 1913 4424 3503 4501; baseline 0.006 -25"><span class='ocrx_word' id='word_1_668' title='bbox 1913 4425 1973 4477; x_wconf 79' lang='grc' dir='ltr'>ἐν</span> <span class='ocrx_word' id='word_1_669' title='bbox 2002 4425 2106 4495; x_wconf 84' lang='grc' dir='ltr'>ὅλῳ</span> <span class='ocrx_word' id='word_1_670' title='bbox 2130 4425 2207 4495; x_wconf 84' lang='grc' dir='ltr'>τῷ</span> <span class='ocrx_word' id='word_1_671' title='bbox 2231 4427 2441 4497; x_wconf 82' lang='grc' dir='ltr'><strong>κόσμῳ,</strong></span> <span class='ocrx_word' id='word_1_672' title='bbox 2462 4428 2538 4480; x_wconf 91' lang='lat' dir='ltr'><strong>sic</strong></span> <span class='ocrx_word' id='word_1_673' title='bbox 2556 4426 2625 4477; x_wconf 92' lang='lat' dir='ltr'><strong>ad</strong></span> <span class='ocrx_word' id='word_1_674' title='bbox 2643 4424 2976 4482; x_wconf 86' lang='lat' dir='ltr'><strong>Corinthios:</strong></span> <span class='ocrx_word' id='word_1_675' title='bbox 2998 4427 3409 4501; x_wconf 84' lang='grc' dir='ltr'>Ἑπλουτίσθητε</span> <span class='ocrx_word' id='word_1_676' title='bbox 3443 4432 3503 4485; x_wconf 84' lang='grc' dir='ltr'>ὲν</span> 
     </span>
    </p>
   </div>
   <div class='ocr_carea' id='block_1_91' title="bbox 1914 4517 3501 4596">
    <p class='ocr_par' dir='ltr' id='par_1_91' title="bbox 1914 4517 3501 4596">
     <span class='ocr_line' id='line_1_91' title="bbox 1914 4517 3501 4596; baseline 0.005 -27"><span class='ocrx_word' id='word_1_677' title='bbox 1914 4517 2082 4588; x_wconf 79' lang='grc' dir='ltr'>αὐτῷ,</span> <span class='ocrx_word' id='word_1_678' title='bbox 2100 4518 2157 4569; x_wconf 85' lang='grc' dir='ltr'>ὲν</span> <span class='ocrx_word' id='word_1_679' title='bbox 2186 4521 2353 4574; x_wconf 77' lang='grc' dir='ltr'>παντὶ</span> <span class='ocrx_word' id='word_1_680' title='bbox 2367 4518 2508 4588; x_wconf 83' lang='grc' dir='ltr'>λόγῳ</span> <span class='ocrx_word' id='word_1_681' title='bbox 2523 4519 2617 4571; x_wconf 73' lang='grc' dir='ltr'><strong>καὶ</strong></span> <span class='ocrx_word' id='word_1_682' title='bbox 2636 4518 2785 4591; x_wconf 84' lang='grc' dir='ltr'>πάσῃ</span> <span class='ocrx_word' id='word_1_683' title='bbox 2818 4518 3038 4587; x_wconf 84' lang='grc' dir='ltr'>γνώσει,</span> <span class='ocrx_word' id='word_1_684' title='bbox 3058 4520 3198 4573; x_wconf 78' lang='grc' dir='ltr'>ὥστε</span> <span class='ocrx_word' id='word_1_685' title='bbox 3242 4523 3384 4593; x_wconf 77' lang='grc' dir='ltr'><strong>ὑμᾶς</strong></span> <span class='ocrx_word' id='word_1_686' title='bbox 3425 4524 3501 4596; x_wconf 81' lang='grc' dir='ltr'><strong>μὴ</strong></span> 
     </span>
    </p>
   </div>
   <div class='ocr_carea' id='block_1_92' title="bbox 1914 4608 3501 4684">
    <p class='ocr_par' dir='ltr' id='par_1_92' title="bbox 1914 4608 3501 4684">
     <span class='ocr_line' id='line_1_92' title="bbox 1914 4608 3501 4684; baseline 0.006 -23"><span class='ocrx_word' id='word_1_687' title='bbox 1914 4608 2259 4681; x_wconf 80' lang='grc' dir='ltr'>ὑστερεῖσθαι</span> <span class='ocrx_word' id='word_1_688' title='bbox 2278 4611 2336 4662; x_wconf 80' lang='grc' dir='ltr'>ὲν</span> <span class='ocrx_word' id='word_1_689' title='bbox 2368 4609 2554 4679; x_wconf 76' lang='grc' dir='ltr'><strong>μηδενὶ</strong></span> <span class='ocrx_word' id='word_1_690' title='bbox 2571 4611 2895 4682; x_wconf 83' lang='grc' dir='ltr'>χαρίσματι.</span> <span class='ocrx_word' id='word_1_691' title='bbox 2916 4610 3018 4665; x_wconf 87' lang='lat' dir='ltr'><strong>Sed</strong></span> <span class='ocrx_word' id='word_1_692' title='bbox 3041 4631 3142 4666; x_wconf 82' lang='lat' dir='ltr'><strong>non</strong></span> <span class='ocrx_word' id='word_1_693' title='bbox 3164 4628 3239 4673; x_wconf 83' lang='lat' dir='ltr'><strong>est</strong></span> <span class='ocrx_word' id='word_1_694' title='bbox 3260 4616 3501 4684; x_wconf 86' lang='lat' dir='ltr'><strong>proposi-</strong></span> 
     </span>
    </p>
   </div>
   <div class='ocr_carea' id='block_1_93' title="bbox 1914 4703 3502 4777">
    <p class='ocr_par' dir='ltr' id='par_1_93' title="bbox 1914 4703 3502 4777">
     <span class='ocr_line' id='line_1_93' title="bbox 1914 4703 3502 4777; baseline 0.006 -25"><span class='ocrx_word' id='word_1_695' title='bbox 1914 4710 2023 4773; x_wconf 86' lang='lat' dir='ltr'><strong>tum</strong></span> <span class='ocrx_word' id='word_1_696' title='bbox 2054 4712 2293 4754; x_wconf 88' lang='lat' dir='ltr'><strong>nostrum</strong></span> <span class='ocrx_word' id='word_1_697' title='bbox 2315 4712 2620 4755; x_wconf 84' lang='lat' dir='ltr'><strong>accuratam</strong></span> <span class='ocrx_word' id='word_1_698' title='bbox 2650 4703 2916 4775; x_wconf 87' lang='lat' dir='ltr'><strong>analysin,</strong></span> <span class='ocrx_word' id='word_1_699' title='bbox 2947 4714 3040 4757; x_wconf 90' lang='lat' dir='ltr'><strong>aut</strong></span> <span class='ocrx_word' id='word_1_700' title='bbox 3067 4706 3325 4777; x_wconf 89' lang='lat' dir='ltr'><strong>longiores</strong></span> <span class='ocrx_word' id='word_1_701' title='bbox 3358 4725 3502 4762; x_wconf 85' lang='lat' dir='ltr'><strong>com-</strong></span> 
     </span>
    </p>
   </div>
   <div class='ocr_carea' id='block_1_94' title="bbox 1916 4795 3500 4872">
    <p class='ocr_par' dir='ltr' id='par_1_94' title="bbox 1916 4795 3500 4872">
     <span class='ocr_line' id='line_1_94' title="bbox 1916 4795 3500 4872; baseline 0.004 -24"><span class='ocrx_word' id='word_1_702' title='bbox 1916 4795 2202 4848; x_wconf 87' lang='lat' dir='ltr'><strong>mentarios</strong></span> <span class='ocrx_word' id='word_1_703' title='bbox 2232 4795 2458 4849; x_wconf 83' lang='lat' dir='ltr'><strong>scribere</strong></span> <span class='ocrx_word' id='word_1_704' title='bbox 2478 4814 2497 4850; x_wconf 87' lang='grc'><strong>.·</strong></span> <span class='ocrx_word' id='word_1_705' title='bbox 2528 4812 2687 4867; x_wconf 88' lang='lat' dir='ltr'><strong>neque</strong></span> <span class='ocrx_word' id='word_1_706' title='bbox 2728 4812 2899 4866; x_wconf 77' lang='lat' dir='ltr'><strong>opera:</strong></span> <span class='ocrx_word' id='word_1_707' title='bbox 2946 4801 3500 4872; x_wconf 67' lang='lat' dir='ltr'><strong>typographicaz,7qute</strong></span> 
     </span>
    </p>
   </div>
   <div class='ocr_carea' id='block_1_95' title="bbox 1914 4887 3499 4962">
    <p class='ocr_par' dir='ltr' id='par_1_95' title="bbox 1914 4887 3499 4962">
     <span class='ocr_line' id='line_1_95' title="bbox 1914 4887 3499 4962; baseline 0.003 -22"><span class='ocrx_word' id='word_1_708' title='bbox 1914 4897 2173 4941; x_wconf 86' lang='lat' dir='ltr'><strong>connatas</strong></span> <span class='ocrx_word' id='word_1_709' title='bbox 2202 4887 2298 4941; x_wconf 89' lang='lat' dir='ltr'><strong>has</strong></span> <span class='ocrx_word' id='word_1_710' title='bbox 2328 4897 2377 4942; x_wconf 90' lang='lat' dir='ltr'><strong>et</strong></span> <span class='ocrx_word' id='word_1_711' title='bbox 2406 4890 2708 4960; x_wconf 86' lang='lat' dir='ltr'><strong>congenitas</strong></span> <span class='ocrx_word' id='word_1_712' title='bbox 2749 4892 3033 4945; x_wconf 88' lang='lat' dir='ltr'><strong>stricturas</strong></span> <span class='ocrx_word' id='word_1_713' title='bbox 3061 4894 3320 4961; x_wconf 78' lang='lat' dir='ltr'><strong>prwcipiti</strong></span> <span class='ocrx_word' id='word_1_714' title='bbox 3348 4893 3499 4962; x_wconf 81' lang='lat' dir='ltr'><strong>festi-</strong></span> 
     </span>
    </p>
   </div>
   <div class='ocr_carea' id='block_1_96' title="bbox 1916 4979 3499 5051">
    <p class='ocr_par' dir='ltr' id='par_1_96' title="bbox 1916 4979 3499 5051">
     <span class='ocr_line' id='line_1_96' title="bbox 1916 4979 3499 5051; baseline 0.005 -21"><span class='ocrx_word' id='word_1_715' title='bbox 1916 4979 2129 5032; x_wconf 89' lang='lat' dir='ltr'><strong>natione</strong></span> <span class='ocrx_word' id='word_1_716' title='bbox 2162 4979 2471 5044; x_wconf 72' lang='lat' dir='ltr'><strong>extrudunt,</strong></span> <span class='ocrx_word' id='word_1_717' title='bbox 2500 4981 2843 5034; x_wconf 88' lang='lat' dir='ltr'><strong>immaturum</strong></span> <span class='ocrx_word' id='word_1_718' title='bbox 2882 4981 3047 5051; x_wconf 90' lang='lat' dir='ltr'><strong>fetum</strong></span> <span class='ocrx_word' id='word_1_719' title='bbox 3085 4985 3337 5037; x_wconf 89' lang='lat' dir='ltr'><strong>teneriore</strong></span> <span class='ocrx_word' id='word_1_720' title='bbox 3367 5002 3499 5038; x_wconf 87' lang='lat' dir='ltr'><strong>cura</strong></span> 
     </span>
    </p>
   </div>
   <div class='ocr_carea' id='block_1_97' title="bbox 1918 5071 3497 5146">
    <p class='ocr_par' dir='ltr' id='par_1_97' title="bbox 1918 5071 3497 5146">
     <span class='ocr_line' id='line_1_97' title="bbox 1918 5071 3497 5146; baseline 0.004 -22"><span class='ocrx_word' id='word_1_721' title='bbox 1918 5071 2166 5135; x_wconf 89' lang='lat' dir='ltr'><strong>lambere,</strong></span> <span class='ocrx_word' id='word_1_722' title='bbox 2199 5081 2247 5125; x_wconf 90' lang='lat' dir='ltr'><strong>et</strong></span> <span class='ocrx_word' id='word_1_723' title='bbox 2275 5074 2482 5141; x_wconf 89' lang='lat' dir='ltr'><strong>paterni</strong></span> <span class='ocrx_word' id='word_1_724' title='bbox 2508 5074 2727 5142; x_wconf 77' lang='lat' dir='ltr'><strong>affectus</strong></span> <span class='ocrx_word' id='word_1_725' title='bbox 2758 5076 3117 5145; x_wconf 86' lang='grc' dir='ltr'>γνωρίσματα</span> <span class='ocrx_word' id='word_1_726' title='bbox 3144 5076 3306 5129; x_wconf 87' lang='lat' dir='ltr'><strong>simul</strong></span> <span class='ocrx_word' id='word_1_727' title='bbox 3339 5092 3497 5146; x_wconf 77' lang='lat' dir='ltr'><strong>expo-</strong></span> 
     </span>
    </p>
   </div>
   <div class='ocr_carea' id='block_1_98' title="bbox 1917 5164 3497 5237">
    <p class='ocr_par' dir='ltr' id='par_1_98' title="bbox 1917 5164 3497 5237">
     <span class='ocr_line' id='line_1_98' title="bbox 1917 5164 3497 5237; baseline 0.004 -20"><span class='ocrx_word' id='word_1_728' title='bbox 1917 5181 2059 5229; x_wconf 90' lang='lat' dir='ltr'><strong>nere,</strong></span> <span class='ocrx_word' id='word_1_729' title='bbox 2089 5167 2384 5233; x_wconf 89' lang='lat' dir='ltr'><strong>patiuntur.</strong></span> <span class='ocrx_word' id='word_1_730' title='bbox 2412 5164 2590 5231; x_wconf 86' lang='lat' dir='ltr'><strong>Quare</strong></span> <span class='ocrx_word' id='word_1_731' title='bbox 2625 5177 2816 5235; x_wconf 77' lang='lat' dir='ltr'><strong>prwter</strong></span> <span class='ocrx_word' id='word_1_732' title='bbox 2845 5168 2941 5222; x_wconf 83' lang='lat' dir='ltr'><strong>illa</strong></span> <span class='ocrx_word' id='word_1_733' title='bbox 2975 5184 3091 5237; x_wconf 79' lang='lat' dir='ltr'><strong>quw</strong></span> <span class='ocrx_word' id='word_1_734' title='bbox 3134 5167 3301 5235; x_wconf 80' lang='lat' dir='ltr'><strong>magis</strong></span> <span class='ocrx_word' id='word_1_735' title='bbox 3344 5167 3497 5223; x_wconf 84' lang='lat' dir='ltr'><strong>obvia</strong></span> 
     </span>
    </p>
   </div>
   <div class='ocr_carea' id='block_1_99' title="bbox 1915 5260 3497 5329">
    <p class='ocr_par' dir='ltr' id='par_1_99' title="bbox 1915 5260 3497 5329">
     <span class='ocr_line' id='line_1_99' title="bbox 1915 5260 3497 5329; baseline 0.002 -18"><span class='ocrx_word' id='word_1_736' title='bbox 1915 5266 2087 5321; x_wconf 89' lang='lat' dir='ltr'><strong>erant,</strong></span> <span class='ocrx_word' id='word_1_737' title='bbox 2117 5266 2165 5312; x_wconf 90' lang='lat' dir='ltr'><strong>et</strong></span> <span class='ocrx_word' id='word_1_738' title='bbox 2207 5274 2369 5327; x_wconf 88' lang='lat' dir='ltr'><strong>supra</strong></span> <span class='ocrx_word' id='word_1_739' title='bbox 2398 5275 2432 5311; x_wconf 91' lang='lat' dir='ltr'><strong>a</strong></span> <span class='ocrx_word' id='word_1_740' title='bbox 2460 5260 2608 5313; x_wconf 86' lang='lat' dir='ltr'><strong>nobis</strong></span> <span class='ocrx_word' id='word_1_741' title='bbox 2639 5260 2749 5313; x_wconf 89' lang='lat' dir='ltr'><strong>suis</strong></span> <span class='ocrx_word' id='word_1_742' title='bbox 2780 5260 2908 5313; x_wconf 90' lang='lat' dir='ltr'><strong>locis</strong></span> <span class='ocrx_word' id='word_1_743' title='bbox 2942 5261 2997 5312; x_wconf 90' lang='lat' dir='ltr'><strong>in</strong></span> <span class='ocrx_word' id='word_1_744' title='bbox 3048 5261 3285 5329; x_wconf 82' lang='lat' dir='ltr'><strong>margine</strong></span> <span class='ocrx_word' id='word_1_745' title='bbox 3318 5276 3497 5315; x_wconf 86' lang='lat' dir='ltr'><strong>emen-</strong></span> 
     </span>
    </p>
   </div>
   <div class='ocr_carea' id='block_1_100' title="bbox 222 5344 3491 5422">
    <p class='ocr_par' dir='ltr' id='par_1_100' title="bbox 222 5344 3491 5422">
     <span class='ocr_line' id='line_1_100' title="bbox 222 5344 3491 5422; baseline 0.002 -25"><span class='ocrx_word' id='word_1_746' title='bbox 222 5344 390 5415; x_wconf 82' lang='lat' dir='ltr'><strong>Ittar),</strong></span> <span class='ocrx_word' id='word_1_747' title='bbox 424 5348 573 5415; x_wconf 87' lang='lat' dir='ltr'><strong>pacis</strong></span> <span class='ocrx_word' id='word_1_748' title='bbox 616 5349 1125 5417; x_wconf 84' lang='lat' dir='ltr'><strong>communicatione,</strong></span> <span class='ocrx_word' id='word_1_749' title='bbox 1180 5351 1529 5414; x_wconf 84' lang='lat' dir='ltr'><strong>fraternitatis</strong></span> <span class='ocrx_word' id='word_1_750' title='bbox 1579 5355 1813 5422; x_wconf 80' lang='lat' dir='ltr'><strong>appella—</strong></span> <span class='ocrx_word' id='word_1_751' title='bbox 1909 5350 2039 5403; x_wconf 90' lang='lat' dir='ltr'><strong>data</strong></span> <span class='ocrx_word' id='word_1_752' title='bbox 2074 5359 2218 5415; x_wconf 88' lang='lat' dir='ltr'><strong>sunt,</strong></span> <span class='ocrx_word' id='word_1_753' title='bbox 2263 5350 2505 5420; x_wconf 60' lang='lat' dir='ltr'><strong>quaedam</strong></span> <span class='ocrx_word' id='word_1_754' title='bbox 2552 5352 3036 5420; x_wconf 64' lang='lat' dir='ltr'><strong>inpraesentiarum,</strong></span> <span class='ocrx_word' id='word_1_755' title='bbox 3067 5366 3183 5421; x_wconf 71' lang='lat' dir='ltr'><strong>qua:</strong></span> <span class='ocrx_word' id='word_1_756' title='bbox 3234 5350 3491 5407; x_wconf 78' lang='lat' dir='ltr'><strong>medicam</strong></span> 
     </span>
    </p>
   </div>
   <div class='ocr_carea' id='block_1_101' title="bbox 225 5439 1810 5515">
    <p class='ocr_par' dir='ltr' id='par_1_101' title="bbox 225 5439 1810 5515">
     <span class='ocr_line' id='line_1_101' title="bbox 225 5439 1810 5515; baseline 0.006 -25"><span class='ocrx_word' id='word_1_757' title='bbox 225 5439 383 5501; x_wconf 86' lang='lat' dir='ltr'><strong>tione,</strong></span> <span class='ocrx_word' id='word_1_758' title='bbox 410 5450 463 5493; x_wconf 91' lang='lat' dir='ltr'><strong>et</strong></span> <span class='ocrx_word' id='word_1_759' title='bbox 503 5441 889 5508; x_wconf 87' lang='lat' dir='ltr'><strong>hospitalitatis</strong></span> <span class='ocrx_word' id='word_1_760' title='bbox 940 5446 1393 5507; x_wconf 84' lang='lat' dir='ltr'><strong>contesseratione,</strong></span> <span class='ocrx_word' id='word_1_761' title='bbox 1437 5453 1684 5515; x_wconf 88' lang='lat' dir='ltr'><strong>tanquam</strong></span> <span class='ocrx_word' id='word_1_762' title='bbox 1714 5448 1810 5514; x_wconf 80' lang='lat' dir='ltr'><strong>ﬁr-</strong></span> 
     </span>
    </p>
   </div>
   <div class='ocr_carea' id='block_1_102' title="bbox 225 5531 1805 5605">
    <p class='ocr_par' dir='ltr' id='par_1_102' title="bbox 225 5531 1805 5605">
     <span class='ocr_line' id='line_1_102' title="bbox 225 5531 1805 5605; baseline 0.004 -22"><span class='ocrx_word' id='word_1_763' title='bbox 225 5531 463 5584; x_wconf 72' lang='lat' dir='ltr'><strong>missimo</strong></span> <span class='ocrx_word' id='word_1_764' title='bbox 492 5533 720 5602; x_wconf 85' lang='lat' dir='ltr'><strong>glutino,</strong></span> <span class='ocrx_word' id='word_1_765' title='bbox 751 5532 890 5586; x_wconf 91' lang='lat' dir='ltr'><strong>inter</strong></span> <span class='ocrx_word' id='word_1_766' title='bbox 926 5549 982 5587; x_wconf 91' lang='lat' dir='ltr'><strong>se</strong></span> <span class='ocrx_word' id='word_1_767' title='bbox 1019 5535 1235 5588; x_wconf 83' lang='lat' dir='ltr'><strong>invicem</strong></span> <span class='ocrx_word' id='word_1_768' title='bbox 1263 5536 1657 5605; x_wconf 88' lang='lat' dir='ltr'><strong>copularentur.</strong></span> <span class='ocrx_word' id='word_1_769' title='bbox 1698 5535 1805 5589; x_wconf 80' lang='lat' dir='ltr'><strong>Ec-</strong></span> 
     </span>
    </p>
   </div>
   <div class='ocr_carea' id='block_1_103' title="bbox 222 5624 1805 5698">
    <p class='ocr_par' dir='ltr' id='par_1_103' title="bbox 222 5624 1805 5698">
     <span class='ocr_line' id='line_1_103' title="bbox 222 5624 1805 5698; baseline 0.006 -24"><span class='ocrx_word' id='word_1_770' title='bbox 222 5624 393 5679; x_wconf 64' lang='lat' dir='ltr'><strong>clesia</strong></span> <span class='ocrx_word' id='word_1_771' title='bbox 423 5636 601 5680; x_wconf 80' lang='lat' dir='ltr'><strong>autem</strong></span> <span class='ocrx_word' id='word_1_772' title='bbox 627 5625 883 5683; x_wconf 78' lang='lat' dir='ltr'><strong>Romana:</strong></span> <span class='ocrx_word' id='word_1_773' title='bbox 940 5644 1042 5681; x_wconf 89' lang='lat' dir='ltr'><strong>non</strong></span> <span class='ocrx_word' id='word_1_774' title='bbox 1073 5644 1225 5681; x_wconf 86' lang='lat' dir='ltr'><strong>suum</strong></span> <span class='ocrx_word' id='word_1_775' title='bbox 1244 5645 1429 5683; x_wconf 88' lang='lat' dir='ltr'><strong>nomen</strong></span> <span class='ocrx_word' id='word_1_776' title='bbox 1480 5630 1643 5698; x_wconf 87' lang='lat' dir='ltr'><strong>fronti</strong></span> <span class='ocrx_word' id='word_1_777' title='bbox 1668 5645 1805 5697; x_wconf 79' lang='lat' dir='ltr'><strong>pra:-</strong></span> 
     </span>
    </p>
   </div>
   <div class='ocr_carea' id='block_1_104' title="bbox 224 5714 1804 5790">
    <p class='ocr_par' dir='ltr' id='par_1_104' title="bbox 224 5714 1804 5790">
     <span class='ocr_line' id='line_1_104' title="bbox 224 5714 1804 5790; baseline 0.006 -24"><span class='ocrx_word' id='word_1_778' title='bbox 224 5714 367 5781; x_wconf 74' lang='lat' dir='ltr'><strong>ﬁxit;</strong></span> <span class='ocrx_word' id='word_1_779' title='bbox 398 5726 463 5769; x_wconf 84' lang='lat' dir='ltr'><strong>ut</strong></span> <span class='ocrx_word' id='word_1_780' title='bbox 511 5717 788 5774; x_wconf 72' lang='lat' dir='ltr'><strong>modestia</strong></span> <span class='ocrx_word' id='word_1_781' title='bbox 829 5728 881 5775; x_wconf 89' lang='lat' dir='ltr'><strong>et</strong></span> <span class='ocrx_word' id='word_1_782' title='bbox 929 5718 1240 5775; x_wconf 85' lang='lat' dir='ltr'><strong>humilitatis</strong></span> <span class='ocrx_word' id='word_1_783' title='bbox 1284 5722 1506 5790; x_wconf 90' lang='lat' dir='ltr'><strong>posteris</strong></span> <span class='ocrx_word' id='word_1_784' title='bbox 1560 5722 1804 5777; x_wconf 47' lang='lat' dir='ltr'><strong>aitatibus</strong></span> 
     </span>
    </p>
   </div>
   <div class='ocr_carea' id='block_1_105' title="bbox 286 5852 775 5935">
    <p class='ocr_par' dir='ltr' id='par_1_105' title="bbox 286 5852 775 5935">
     <span class='ocr_line' id='line_1_105' title="bbox 286 5852 775 5935; baseline 0.014 -29"><span class='ocrx_word' id='word_1_785' title='bbox 286 5916 313 5923; x_wconf 52' lang='grc' dir='ltr'>η</span> <span class='ocrx_word' id='word_1_786' title='bbox 341 5852 471 5909; x_wconf 81' lang='lat' dir='ltr'><strong>Lib.</strong></span> <span class='ocrx_word' id='word_1_787' title='bbox 512 5872 527 5911; x_wconf 89' lang='lat' dir='ltr'><strong>t</strong></span> <span class='ocrx_word' id='word_1_788' title='bbox 567 5857 775 5935; x_wconf 62' lang='lat' dir='ltr'><strong>Strom,</strong></span> 
     </span>
    </p>
   </div>
   <div class='ocr_carea' id='block_1_106' title="bbox 1910 5442 3490 5513">
    <p class='ocr_par' dir='ltr' id='par_1_106' title="bbox 1910 5442 3490 5513">
     <span class='ocr_line' id='line_1_106' title="bbox 1910 5442 3490 5513; baseline 0.003 -18"><span class='ocrx_word' id='word_1_789' title='bbox 1910 5458 2128 5496; x_wconf 87' lang='lat' dir='ltr'><strong>manum</strong></span> <span class='ocrx_word' id='word_1_790' title='bbox 2161 5442 2485 5509; x_wconf 85' lang='lat' dir='ltr'><strong>desiderant,</strong></span> <span class='ocrx_word' id='word_1_791' title='bbox 2517 5444 2595 5497; x_wconf 84' lang='lat' dir='ltr'><strong>vel</strong></span> <span class='ocrx_word' id='word_1_792' title='bbox 2640 5452 2825 5498; x_wconf 87' lang='lat' dir='ltr'><strong>natatu</strong></span> <span class='ocrx_word' id='word_1_793' title='bbox 2862 5444 3108 5513; x_wconf 89' lang='lat' dir='ltr'><strong>digniora</strong></span> <span class='ocrx_word' id='word_1_794' title='bbox 3153 5444 3490 5511; x_wconf 85' lang='lat' dir='ltr'><strong>videbuntur,</strong></span> 
     </span>
    </p>
   </div>
   <div class='ocr_carea' id='block_1_107' title="bbox 1908 5534 3489 5610">
    <p class='ocr_par' dir='ltr' id='par_1_107' title="bbox 1908 5534 3489 5610">
     <span class='ocr_line' id='line_1_107' title="bbox 1908 5534 3489 5610; baseline 0.003 -22"><span class='ocrx_word' id='word_1_795' title='bbox 1908 5534 2322 5601; x_wconf 87' lang='lat' dir='ltr'><strong>observabimus,</strong></span> <span class='ocrx_word' id='word_1_796' title='bbox 2375 5536 2578 5606; x_wconf 91' lang='lat' dir='ltr'><strong>reliqua</strong></span> <span class='ocrx_word' id='word_1_797' title='bbox 2639 5553 2759 5590; x_wconf 91' lang='lat' dir='ltr'><strong>cum</strong></span> <span class='ocrx_word' id='word_1_798' title='bbox 2819 5534 3025 5591; x_wconf 70' lang='lat' dir='ltr'><strong>Gracia</strong></span> <span class='ocrx_word' id='word_1_799' title='bbox 3074 5548 3166 5591; x_wconf 89' lang='lat' dir='ltr'><strong>aut</strong></span> <span class='ocrx_word' id='word_1_800' title='bbox 3226 5536 3489 5610; x_wconf 58' lang='lat' dir='ltr'><strong>[Egyptus</strong></span> 
     </span>
    </p>
   </div>
   <div class='ocr_carea' id='block_1_108' title="bbox 1904 5628 3490 5699">
    <p class='ocr_par' dir='ltr' id='par_1_108' title="bbox 1904 5628 3490 5699">
     <span class='ocr_line' id='line_1_108' title="bbox 1904 5628 3490 5699; baseline 0.004 -18"><span class='ocrx_word' id='word_1_801' title='bbox 1904 5628 2176 5698; x_wconf 76' lang='lat' dir='ltr'><strong>exemplar</strong></span> <span class='ocrx_word' id='word_1_802' title='bbox 2193 5629 2544 5683; x_wconf 90' lang='lat' dir='ltr'><strong>emaculatius</strong></span> <span class='ocrx_word' id='word_1_803' title='bbox 2568 5639 2615 5683; x_wconf 91' lang='lat' dir='ltr'><strong>et</strong></span> <span class='ocrx_word' id='word_1_804' title='bbox 2640 5629 2919 5699; x_wconf 88' lang='lat' dir='ltr'><strong>perfectius</strong></span> <span class='ocrx_word' id='word_1_805' title='bbox 2944 5630 3091 5685; x_wconf 89' lang='lat' dir='ltr'><strong>nobis</strong></span> <span class='ocrx_word' id='word_1_806' title='bbox 3115 5632 3490 5687; x_wconf 87' lang='lat' dir='ltr'><strong>subministra-</strong></span> 
     </span>
    </p>
   </div>
   <div class='ocr_carea' id='block_1_109' title="bbox 1905 5719 3486 5792">
    <p class='ocr_par' dir='ltr' id='par_1_109' title="bbox 1905 5719 3486 5792">
     <span class='ocr_line' id='line_1_109' title="bbox 1905 5719 3486 5792; baseline 0.004 -19"><span class='ocrx_word' id='word_1_807' title='bbox 1905 5722 2035 5790; x_wconf 89' lang='lat' dir='ltr'><strong>rint,</strong></span> <span class='ocrx_word' id='word_1_808' title='bbox 2064 5722 2143 5776; x_wconf 86' lang='lat' dir='ltr'><strong>vel</strong></span> <span class='ocrx_word' id='word_1_809' title='bbox 2185 5722 2241 5775; x_wconf 90' lang='lat' dir='ltr'><strong>in</strong></span> <span class='ocrx_word' id='word_1_810' title='bbox 2286 5719 2596 5792; x_wconf 84' lang='lat' dir='ltr'><strong>Hieronymi</strong></span> <span class='ocrx_word' id='word_1_811' title='bbox 2648 5725 2934 5779; x_wconf 77' lang='lat' dir='ltr'><strong>versionem</strong></span> <span class='ocrx_word' id='word_1_812' title='bbox 2962 5724 3209 5780; x_wconf 87' lang='lat' dir='ltr'><strong>Latinam</strong></span> <span class='ocrx_word' id='word_1_813' title='bbox 3260 5724 3486 5781; x_wconf 85' lang='lat' dir='ltr'><strong>incidere</strong></span> 
     </span>
    </p>
   </div>
  </div>
