4074 6286
614 326 682 379 ιῖ
1778 332 1866 385 AD
1898 331 1952 386 S.
1994 332 2413 391 CLEMENTEM
2456 336 2474 390 Ι
2510 337 2743 392 PAPAM
3768 350 3820 404 t8

607 438 902 532 contigerit,
932 452 1087 508 quam
1127 440 1178 495 in
1210 439 1530 499 bibliothecis
1572 444 1766 500 alicubi
1809 447 1992 511 latere,
2037 465 2177 516 spem
2207 459 2251 513 Α
2280 454 2473 509 calcem
2490 452 2717 522 Operam
2741 454 3043 525 Fulgentii;
3070 466 3223 528 atque
3249 459 3449 513 utinam
3483 461 3537 513 id
3568 463 3822 532 aliquando

605 528 754 584 nobis
787 530 918 600 facit
947 533 1218 602 catalogus
1255 536 1493 590 codicum
1535 537 1766 605 fratrum
1814 539 2171 603 Lobiensium,
2278 545 2497 608 eveniat,
2523 554 2570 597 et
2602 561 2714 614 spes
2742 541 2934 601 nostra:
2959 565 3061 601 non
3091 549 3271 605 inanes
3294 528 3769 619 deprehendantur!

601 636 750 686 quem
781 621 926 677 domi
974 622 1220 677 habemus
1264 625 1517 695 scriptum
1574 638 1692 683 ante
1722 630 1827 683 400
1875 647 2064 696 annos,
2103 630 2171 683 ad

988 858 1089 918 Ex
1123 860 1394 937 epistola
1427 862 1663 927 Gallica
1699 868 1774 929 ν.
1802 869 1879 930 Α.
1913 869 2294 952 Hieronymi
2327 874 2625 953 Bignonii
2660 874 2734 935 ad
2769 876 3109 956 Hugonem
3149 878 3469 957 Grotium,

1602 974 1741 1033 data
1774 974 2040 1034 Lutetim
2096 999 2149 1039 a.
2207 983 2263 1041 d.
2303 980 2341 1039 '1
2374 979 2641 1059 Augusti
2680 979 2852 1040 1633.

671 1073 839 1131 Velim
882 1073 1025 1129 scire
1067 1070 1340 1143 quodnam
1369 1072 1439 1125 sit
1461 1081 1621 1125 tuum
1646 1072 1914 1141 judicium
1947 1072 2014 1128 de
2052 1076 2171 1144 epi-
2270 1078 2418 1133 ximo
2445 1080 2813 1149 apostolorum
2843 1078 3145 1151 discipulo;
3176 1087 3424 1153 quamvis
3452 1090 3544 1158 qui
3591 1104 3713 1145 eum
3752 1108 3804 1149 se

593 1167 736 1223 stola
764 1165 1062 1222 Clementis
1091 1180 1264 1235 nuper
1308 1164 1362 1217 in
1389 1164 1581 1234 Anglia
1622 1164 1790 1219 edita.
1825 1162 1985 1221 Fides
2020 1167 2171 1221 codi-
2269 1172 2381 1226 cuti
2415 1181 2563 1236 sunt,
2596 1188 2662 1227 eo
2684 1182 3003 1243 argumento
3025 1176 3111 1229 usi
3146 1178 3279 1242 sint,
3311 1179 3407 1234 sed
3441 1189 3633 1235 contra
3657 1184 3800 1238 eum;

591 1264 677 1333 cis
702 1260 1081 1330 manuscripti,
1113 1260 1208 1326 qui
1239 1274 1305 1313 ex
1337 1257 1557 1313 Oriente
1593 1258 1852 1313 advectus
1884 1258 2089 1315 dicitur
2113 1269 2167 1315 et
2267 1276 2363 1317 cos
2401 1269 2477 1326 et,
2498 1262 2875 1334 philosophos,
2926 1266 3091 1336 inque
3145 1268 3366 1339 scriptis
3414 1270 3554 1325 alius
3601 1275 3821 1341 generis,

594 1353 664 1408 Μ.
690 1353 985 1407 Britanniae
1004 1352 1118 1423 regi
1144 1350 1400 1412 donatus,
1426 1350 1714 1405 sinceritas
1742 1348 1961 1404 Patricii
1990 1350 2161 1416 Junii,

588 1448 680 1517 qui
704 1461 822 1503 eam
853 1444 1045 1509 edidit,
1070 1445 1378 1501 testimonia
1397 1460 1427 1498 a
1459 1442 1732 1497 veteribus
1755 1458 1820 1497 ex
1842 1459 1904 1498 ea
1933 1444 2162 1514 epistola

586 1540 928 1608 deprompta,
968 1552 1088 1607 quae
1111 1536 1164 1589 in
1194 1535 1294 1590 hac
1310 1536 1605 1589 etiamnum
1629 1534 1901 1604 leguntur,
1927 1536 2160 1604 primum

585 1643 768 1682 veram
794 1635 852 1681 ut
902 1626 1179 1682 crederem
1230 1624 1527 1680 Clementis
1556 1623 1840 1694 epistolam
1874 1641 1959 1680 me
1990 1626 2162 1681 addu-

584 1728 807 1776 xerunt.
860 1718 1053 1774 Postea
1098 1717 1223 1788 styli
1280 1718 1529 1787 quaedam
1562 1716 1704 1771 ratio
1733 1724 1787 1771 et
1818 1718 2067 1786 spiritus,
2103 1727 2161 1772 ut

585 1814 660 1867 ita
687 1813 886 1875 dicam,
929 1810 1113 1866 saeculi
1181 1809 1254 1862 ita
1285 1810 1335 1863 ei
1361 1810 1541 1863 inesse
1587 1807 1934 1872 videbantur,
1966 1817 2025 1863 ut
2070 1810 2159 1867 vix

2266 1365 2428 1420 quam
2463 1359 2548 1407 est
2596 1353 2826 1423 epistola
2855 1354 2920 1408 ad
2959 1354 3255 1411 Ecclesiam
3298 1360 3649 1429 apostolicam
3686 1363 3823 1430 data,

2263 1458 2492 1513 quaeque
2545 1444 2864 1513 aliquandiu
2906 1462 3005 1516 pro
3047 1449 3314 1502 canonica
3364 1449 3548 1505 habita
3577 1459 3679 1507 est.
3731 1451 3825 1509 0c-

2264 1535 2437 1587 currit
2484 1534 2650 1589 etiam
2697 1536 2871 1601 locus,
2924 1539 2979 1591 in
3020 1554 3131 1608 quo
3176 1541 3484 1597 oblationes
3528 1545 3644 1598 vult
3695 1546 3822 1613 loco,

2261 1631 2505 1694 tempore
2521 1634 2575 1679 et
2598 1626 2749 1683 horis
2770 1628 2936 1682 certis
2951 1628 3273 1701 oﬂ‘erri,pag.
3297 1633 3365 1687 52
3375 1641 3429 1688 et
3452 1633 3540 1699 55,
3561 1636 3650 1690 ubi
3673 1639 3824 1691 etiam

2263 1717 2465 1786 legitur
2494 1719 2689 1771 vocula
2721 1720 2911 1781 laicus,
2956 1736 3078 1790 qua:
3127 1723 3260 1776 mihi
3300 1734 3551 1794 suspecta
3580 1735 3684 1782 est.
3729 1726 3825 1781 Pa-

2260 1810 2388 1880 gina
2415 1811 2581 1865 etiam
2611 1810 2682 1865 62
2701 1811 2996 1868 Ecclesiam
3038 1812 3372 1870 Corinthiam
3396 1818 3627 1889 ἀρχαίαν
3654 1830 3821 1886 vocat,

582 1897 877 1958 dubitandi
902 1908 1048 1957 esset
1086 1901 1257 1955 locus.
1290 1900 1564 1962 Attamen,
1589 1898 1717 1953 dum
1749 1914 1867 1953 eam
1901 1899 2039 1969 lego,
2078 1899 2161 1952 fa-
2196 1889 2238 1943 Β
2264 1899 2410 1967 quod
2437 1899 2526 1953 vix
2554 1898 2819 1955 Clementi
2845 1906 3139 1960 convenire
3167 1916 3347 1976 queat.
3399 1906 3662 1979 Denique,
3707 1927 3823 1966 cum

580 2005 699 2050 teor
723 1994 855 2048 mihi
879 1992 1124 2063 quaedam
1153 1992 1207 2045 in
1235 2006 1299 2045 ea
1323 2005 1614 2045 occurrere
1633 2006 1663 2043 a
1693 1991 1834 2061 ston
1856 1991 2158 2060 apostolico

578 2088 777 2142 aliena.
808 2087 1001 2140 insunt
1049 2083 1419 2153 frequentiora
1467 2082 1728 2153 epitheta,
1760 2081 2156 2153 ampliﬁcandi-

576 2195 684 2250 que
722 2178 985 2243 formulae,
1026 2191 1149 2246 quae
1180 2188 1355 2229 aevum
1406 2175 1720 2242 posterius,
1770 2171 2153 2241 Liturgiasque

575 2279 631 2328 et
684 2268 1014 2340 Euchologia
1062 2265 1373 2321 Graecorum
1424 2279 1617 2335 sapere
1662 2263 1933 2317 videntur.
1983 2263 2154 2331 Argu-

576 2376 820 2423 mentum
870 2379 901 2419 e
961 2363 1212 2432 phoenice
1269 2363 1524 2427 ductum,
1574 2360 1803 2432 ejusque
1859 2357 2156 2429 descriptio

574 2460 772 2523 aliena,
805 2470 929 2511 meo
957 2454 1176 2527 quidem
1202 2453 1433 2525 judicio,
1461 2461 1591 2510 sunt
1623 2466 1653 2505 a
1683 2451 1982 2516 Clemente,
2024 2464 2154 2520 pro-

2258 1988 2530 2059 scriptum
2589 1991 2884 2060 genuinum
2937 2009 3191 2057 censeam
3215 2036 3230 2059 ,
3280 1998 3602 2055 crediderim
3654 2012 3826 2057 tamen

2261 2081 2447 2151 plures
2471 2082 2745 2139 clausulas
2766 2093 2821 2139 et
2850 2100 3012 2141 voces
3044 2089 3095 2141 ei
3118 2088 3333 2145 additas
3359 2090 3427 2144 ab
3453 2091 3520 2147 iis
3571 2106 3600 2145 a
3633 2093 3828 2163 quibus

2260 2181 2451 2241 postea
2480 2175 2753 2245 exscripta
2782 2184 2901 2244 est;
2938 2178 3081 2247 quod
3111 2179 3275 2233 etiam
3305 2181 3435 2237 aliis
3463 2182 3705 2251 ejusdem
3741 2200 3824 2237 au-

2256 2263 2530 2332 tiquitatis
2562 2266 2809 2336 scriptis,
2845 2268 3060 2338 ipsique
3098 2269 3235 2326 adeo
3280 2269 3544 2327 Clementi
3578 2275 3820 2345 contigit.

2261 2353 2521 2412 Libenter
2550 2359 2852 2413 audiverim
2896 2362 3026 2430 quid
3057 2363 3123 2417 de
3152 2378 3211 2418 re
3257 2364 3463 2418 sentias
3495 2374 3571 2429 tu,
3605 2367 3693 2420 cui
3717 2383 3824 2424 non

2256 2447 2435 2516 facile,
2461 2450 2530 2506 ad
2562 2452 2691 2505 talia
2718 2454 2932 2523 egregie
2958 2454 3211 2523 sapienti,
3236 2455 3439 2526 imponi
3474 2465 3659 2526 queat.

575 2652 759 2725 ﬁngo
791 2642 1052 2710 Grotius
1086 2639 1341 2720 epistol.
1373 2637 1449 2699 ad
1483 2635 1713 2725 Gallos
1735 2652 1901 2725 cuv,
1932 2634 2009 2725 ad
2042 2631 2521 2725 amplissimum
2564 2632 3268 2725 virum-‘Hieronymum
3300 2636 3717 2715 Bignom'um,
3750 2633 3820 2700 in

570 2726 590 2747 ί
680 2713 715 2725 ’³
1124 2713 1144 2720 ’
1322 2733 1634 2796 supremo
1679 2716 1919 2777 Senatu
1949 2713 2294 2774 Parisiensi
2332 2713 2731 2775 Advocatum
2762 2713 3062 2792 Regium.

644 2845 939 2917 Epistolam
967 2859 1088 2917 qua:
1118 2841 1414 2898 Clementis
1444 2839 1511 2895 ad
1541 2838 1856 2896 Corinthios
1882 2839 2141 2895 inscribi-

568 2952 679 3006 tur,
727 2939 811 2993 vir
847 2936 1211 3007 amplissime,
1257 2934 1326 2988 ab
1374 2932 1561 3003 Anglis
1616 2932 1943 3003 promissam
2004 2931 2138 2986 mihi

559 3033 673 3104 jam
707 3030 937 3100 pridem,
979 3041 1103 3080 cum
1144 3023 1442 3093 Hamburgi
1478 3022 1684 3077 frustra
1708 3020 1800 3075 diu
1831 3031 2141 3091 exspectas-

566 3140 701 3188 sem,
734 3137 881 3177 nunc
927 3121 1165 3183 demum,
1202 3125 1490 3189 postquam
1523 3114 1941 3169 Francol‘urtum
1989 3114 2134 3179 veni,

562 3216 668 3269 viri
700 3213 943 3277 maximi,
994 3210 1294 3265 Succorum
1343 3207 1479 3279 regii
1510 3206 1824 3263 cancellarii
1859 3216 2076 3269 vocatu,
2104 3221 2134 3259 a

562 3306 769 3363 familia
798 3302 1085 3375 Anglicani
1116 3301 1275 3371 legati
1303 3299 1535 3372 accipio.
1570 3297 1731 3352 Nolui
1768 3310 1896 3352 vero
1924 3296 1992 3351 ad
2025 3311 2134 3351 mo-

559 3416 678 3456 ram
702 3399 865 3461 hanc,
900 3398 1019 3452 sine
1047 3411 1165 3450 mea
1199 3394 1355 3464 culpa
1391 3402 1595 3453 natam,
1622 3390 1783 3443 aliam
1817 3388 2133 3460 adjungere,

560 3490 811 3561 quamvis
832 3504 932 3544 nec
961 3488 1154 3542 litterae
1182 3493 1289 3540 tua:
1318 3484 1520 3556 quibus
1548 3496 1871 3551 responsum
1902 3488 2011 3535 tam
2040 3481 2135 3535 diu

558 3583 752 3646 debeo,
807 3590 989 3637 essent
1042 3579 1109 3635 ad
1156 3594 1401 3639 manum,
1456 3588 1634 3644 neque
1673 3572 1961 3637 librorum,
1998 3587 2137 3641 quos

558 3678 837 3746 inspectos
870 3675 1084 3738 vellem,
1116 3672 1296 3743 copia.
1330 3667 1485 3736 Quod
1515 3682 1681 3721 unum
1713 3666 1887 3736 potui,
1933 3666 2137 3734 episto-

557 3770 667 3823 lam
713 3767 860 3820 illam
906 3765 1011 3837 legi
1066 3764 1344 3837 relegique
1401 3759 1725 3831 aliquoties;
1777 3766 1831 3812 et
1882 3757 2136 3812 omnibus

558 3870 825 3934 quantum
871 3876 1115 3914 mearum
1159 3867 1243 3914 est
1290 3855 1485 3910 virium
1524 3852 1802 3923 expensis,
1843 3851 2000 3904 aliter
2027 3849 2137 3905 exi-

558 3956 785 4009 stimare
816 3968 923 4007 non
955 3952 1126 4021 potui,
1160 3950 1292 4020 quin
1324 3949 1441 4002 haec
1472 3945 1544 4002 sit
1572 3945 1760 4000 eadem
1807 3958 1969 4013 quam
2006 3942 2136 4012 legit

555 4045 807 4107 Pbotius,
840 4043 1001 4114 cujus
1038 4050 1281 4112 tempore
1318 4055 1443 4093 cum
1474 4035 1768 4099 exstiterit,
1798 4050 1907 4087 non
1937 4034 2134 4086 mirum

553 4147 658 4201 est,
691 4136 737 4190 si
770 4133 839 4189 ad
874 4141 1062 4188 nostra
1085 4140 1329 4202 tempora
1355 4130 1408 4183 in
1437 4116 1812 4184 sanctioribus
1843 4126 1997 4179 libris
2026 4138 2137 4180 sen-

553 4233 679 4277 vata
711 4223 893 4278 fuerit.
927 4220 1114 4292 Neque
1155 4235 1281 4275 vero
1307 4233 1487 4273 causa:
1513 4216 1811 4288 quidquam
1834 4215 2015 4279 video,
2037 4230 2136 4270 cur

553 4326 648 4370 aut
678 4317 766 4370 illa
795 4330 959 4386 quam
997 4314 1226 4369 Photius
1259 4312 1406 4385 legit,
1440 4328 1551 4366 non
1577 4311 1765 4366 eadem
1792 4310 1863 4366 sit
1895 4325 2021 4365 cum
2069 4323 2135 4364 ea

552 4419 715 4473 quam
748 4401 1110 4474 Hieronymus
1151 4412 1206 4457 et
1247 4411 1374 4457 ante
1414 4415 1540 4456 eum
1597 4398 1853 4455 Clemens
1899 4398 2136 4453 Alexan-

552 4493 766 4557 drinus,
802 4493 1134 4562 propiusque
1163 4490 1458 4547 Clementis
1500 4488 1732 4545 Romani
1759 4499 2002 4558 tempora
2025 4487 2137 4544 Ire-

2243 2838 2535 2911 λοπρεπές,
2563 2836 3084 2909 ἀπροσωπολήπτως
3114 2837 3530 2910 ῥιψοκινδύνως,
3561 2839 3823 2894 αὑτεπαί-

2240 2948 2410 2995 νετος,
2427 2932 2860 3003 ὲργοπαρέκτης,
2906 2930 3297 3002 ἀξιαγάπητος,
3318 2932 3821 3003 μωμοσκοπεϊσθαι,

2241 3024 2596 3098 ἃτεροκλινές,
2654 3023 3064 3095 ἑτερο-γνώμων,
3125 3032 3200 3089 et,
3244 3040 3353 3096 quo
3409 3025 3585 3083 Lucas
3623 3028 3820 3093 utitur,

2238 3118 2654 3191 ἀντοφθαλμεῖν,
2679 3118 2893 3188 aliaque
2921 3118 3142 3174 similia.
3170 3117 3237 3172 Et
3260 3121 3376 3190 ipse
3397 3135 3598 3185 sermo,
3624 3137 3733 3177 non
3760 3132 3824 3177 ut

2239 3212 2587 3284 ιὸραῖζουσιν
2608 3211 2661 3264 in
2690 3210 2951 3266 minutias
2974 3212 3253 3275 concisus,
3278 3212 3371 3266 sed
3392 3212 3595 3283 largius
3618 3212 3819 3272 ﬂuens.

2236 3302 2372 3357 Nam
2422 3312 2475 3358 et
2505 3303 2703 3358 lectum
2742 3302 2812 3356 ab
2861 3303 2954 3357 illo
3012 3301 3327 3371 Euripidem
3376 3312 3430 3358 et
3488 3302 3823 3374 Sophoclem

2234 3394 2531 3452 ostendunt
2562 3395 2843 3451 sententiae
2872 3410 2939 3450 ex
2970 3394 3116 3449 illius
3146 3391 3636 3464 PhanissisJiujus
3654 3398 3693 3451 Α
3695 3396 3827 3466 jace

2237 3488 2535 3542 translata.
2559 3484 2840 3541 Accedunt
2875 3486 3077 3540 indicia
3118 3501 3227 3540 non
3259 3487 3532 3541 simulata
3568 3493 3819 3540 vetusta-

2236 3579 2308 3635 tis
2334 3597 2346 3632 :
2371 3577 2529 3644 Quod
2559 3577 2627 3632 de
2655 3574 2877 3633 Christo
2921 3592 3137 3647 semper
3167 3577 3433 3647 loquitur,
3478 3592 3590 3632 non
3630 3583 3687 3631 ut
3716 3592 3821 3647 po-

2232 3670 2493 3726 steriores
2528 3668 3025 3740 πλατωνικώτερον,
3058 3667 3151 3723 sed
3182 3669 3502 3737 simpliciter
3531 3669 3711 3739 plane,
3760 3678 3823 3725 et

2234 3773 2295 3816 ut
2324 3760 2529 3816 Paulus
2553 3761 2835 3830 apostolus
2866 3761 3022 3817 solet.
3054 3758 3173 3812 Alia
3196 3773 3413 3828 quoque
3434 3758 3689 3829 dogmata
3710 3774 3816 3830 po.

2234 3860 2350 3908 stea
2378 3850 2633 3906 subtilius
2661 3848 2932 3920 explicata
2980 3856 3177 3904 tractat
3209 3847 3591 3921 ἀφελέστερον,
3618 3855 3673 3903 et
3712 3861 3820 3904 vo-

2234 3945 2392 3999 cibus
2451 3942 2716 4014 κλήσεως,
2791 3940 3026 4011 κλητῶν,
3092 3941 3383 4006 ἐκλεκτῶν,
3436 3956 3600 3997 sensu
3646 3941 3818 4010 plane

2234 4038 2463 4093 Paulino
2502 4036 2705 4103 utitur;
2761 4036 2908 4106 quod
2937 4039 2995 4089 in
3024 4032 3232 4091 Veteris
3278 4033 3629 4091 lnstrumenti
3670 4034 3815 4095 locis

2235 4130 2585 4201 purissimam
2635 4143 2813 4199 neque
2870 4127 3050 4182 adhuc
3110 4128 3491 4198 interpolatam
3555 4126 3818 4196 sequitur

2234 4221 2589 4293 Septuaginta
2611 4236 2803 4276 senum
2829 4220 3157 4275 versionem.
3191 4218 3297 4274 Sed
3322 4234 3421 4275 nec
3451 4218 3573 4273 illos
3596 4221 3819 4287 spernit

2236 4312 2587 4370 Hebraeorum
2620 4313 2811 4375 libros,
2843 4312 2937 4382 qui
2969 4312 3269 4366 secundum
3286 4313 3448 4367 Vetus
3473 4310 3789 4365 lnstrumen

2236 4419 2351 4463 tum
2380 4407 2522 4478 apud
2554 4406 2994 4461 Christianorum
3039 4403 3453 4474 antiquissimos
3498 4404 3813 4458 auctorita-

2236 4511 2345 4558 tem
2384 4500 2653 4565 habuere;
2684 4498 2827 4567 quod
2870 4496 3053 4552 verbis
3083 4495 3355 4565 rebusque
3379 4496 3550 4549 utitur
3580 4494 3819 4550 desum—

552 4601 726 4648 naeus,
758 4585 1100 4640 habuerunt:
1127 4593 1220 4638 aut
1248 4601 1347 4639 cur
1368 4586 1445 4639 illi
1466 4585 1607 4640 alius
1638 4584 1853 4638 dandus
1881 4583 1953 4638 sit
1987 4583 2127 4637 scri-
2156 4596 2201 4651 ι)
2231 4595 2338 4666 pris
2366 4609 2434 4649 ex
2480 4592 2547 4647 iis
2598 4605 2719 4661 qum
2746 4589 2966 4653 Paulus,
2998 4587 3194 4643 Petrus
3214 4594 3267 4642 et
3308 4587 3403 4642 alii
3434 4587 3500 4642 ad
3546 4585 3819 4643 Hebraeos

551 4686 697 4751 ptor,
738 4692 899 4746 quam
942 4677 989 4730 is
1021 4676 1135 4746 ipse
1166 4675 1416 4730 Clemens
1462 4674 1766 4737 Romanus,
1798 4674 1943 4744 quod
1972 4680 2128 4728 tanto

549 4784 828 4826 consensu
860 4770 927 4823 ab
954 4768 1207 4821 omnibus
1239 4767 1515 4836 proditum
1558 4774 1659 4823 est.
1690 4765 1807 4820 Non
1858 4768 1974 4819 loca
2001 4776 2124 4820 tan-

553 4875 667 4918 tum
697 4862 902 4925 omnia,
932 4874 1053 4931 qua:
1081 4859 1148 4913 ab
1178 4859 1418 4929 antiquis
1445 4858 1812 4927 adducuntur,
1841 4857 1929 4911 hic
1956 4871 2125 4927 appa-

550 4965 695 5021 rent,
730 4955 823 5011 sed
846 4964 899 5010 et
920 4970 1010 5008 res
1041 4954 1333 5023 ipsaa,quas
1355 4951 1609 5005 observat
1635 4951 1881 5014 Pbotius,
1900 4958 1953 5007 et
1978 4950 2124 5021 quod

550 5048 885 5110 maximum,
926 5044 1212 5099 character
1251 5042 1580 5113 Hieronymo
1626 5042 1835 5107 dictus,
1868 5042 1935 5097 ad
1971 5043 2123 5097 illum

550 5142 645 5213 qui
687 5148 771 5196 est
819 5140 874 5194 in
922 5138 1159 5209 Epistola
1190 5138 1258 5192 ad
1314 5135 1570 5192 Hebraeos
1623 5137 1895 5191 accedere.
1950 5134 2121 5204 Cujus

550 5251 717 5289 causa
744 5251 851 5289 non
896 5234 998 5287 alia
1022 5242 1122 5295 est,
1156 5245 1318 5302 quam
1350 5230 1495 5301 quod
1536 5230 1624 5285 hic
1659 5228 1934 5293 Clemens,
1965 5236 2024 5282 ut
2067 5236 2122 5283 et

551 5327 748 5393 Lucas,
773 5337 828 5383 et
853 5327 1102 5399 quisquis
1133 5326 1222 5381 ille
1250 5332 1333 5380 est
1366 5324 1600 5394 scriptor
1621 5322 1688 5377 ad
1719 5321 1973 5377 Hebraeos
1994 5320 2123 5390 Epi-

550 5424 725 5487 stolm,
784 5431 1072 5493 antequam
1119 5419 1416 5476 Christiani
1463 5417 1674 5481 flerent,
1715 5416 1962 5471 Graecum
2005 5430 2119 5470 ser-v

550 5530 765 5569 monem
790 5530 853 5569 ex
886 5516 1116 5570 eruditis
1145 5510 1460 5568 auctoribus
1487 5511 1805 5575 hauserant,
1838 5511 1997 5580 cujus
2032 5510 2119 5563 ni-

550 5614 656 5667 tor,
689 5604 780 5659 ubi
802 5621 908 5659 non
941 5608 1115 5661 aliena
1155 5607 1322 5669 dicta,
1350 5615 1442 5659 aut
1464 5619 1533 5660 ex
1576 5604 1749 5659 sacris
1790 5603 1987 5658 litteris
2016 5602 2114 5657 de-

552 5707 795 5767 prompta
823 5697 986 5752 verba
1010 5699 1125 5752 suis
1169 5697 1441 5763 inserunt,
1473 5697 1567 5753 sed
1598 5696 1838 5751 liberiori
1872 5695 2115 5750 dictione

550 5798 796 5855 utuntur,
830 5788 985 5843 facile
1014 5790 1380 5859 cognoscitur.
1417 5787 1554 5844 Hinc
1586 5789 1689 5843 illa:
1720 5802 1898 5845 voces.
1946 5803 2111 5857 μεγα-

2232 4685 2521 4753 scripsere,
2547 4698 2658 4737 non
2705 4681 2869 4735 etiam
2914 4695 2981 4735 ex
3014 4679 3121 4734 illis
3152 4678 3309 4734 libris
3340 4694 3460 4749 quae
3508 4677 3821 4748 Evangelia

2230 4788 2333 4830 nos
2362 4787 2643 4836 vocamus,
2683 4786 2912 4841 quaeque
2959 4778 3083 4839 post
3127 4768 3399 4838 Epistolas
3438 4767 3764 4838 prodierunt
3791 4786 3817 4837 ;

2231 4868 2375 4939 quod
2411 4866 2558 4921 dicta
2612 4863 2861 4935 quaedam
2906 4870 3136 4931 usurpat
3182 4876 3293 4916 non
3340 4862 3563 4931 scripta,
3606 4863 3703 4917 sed
3742 4871 3823 4917 ut.

2230 4960 2492 5015 memoria
2523 4968 2741 5014 recente
2770 4972 2867 5027 per
2883 4970 3081 5009 manus
3104 4954 3306 5009 tradita
3325 4971 3341 5021 ;
3359 4952 3504 5023 quod
3521 4968 3820 5022 nusquam

2230 5052 2479 5109 meminit
2525 5050 2765 5107 exsortia
2812 5048 2960 5103 illius
3012 5048 3393 5117 episcOporum
3425 5048 3821 5111 auctoritatis,

2224 5160 2345 5215 quae
2389 5143 2646 5199 Ecclesiae
2689 5139 3109 5205 consuetudine,
3158 5146 3281 5209 post
3314 5136 3485 5192 Marci
3533 5145 3820 5201 mortem,

2224 5234 2581 5298 Alexandriae,
2607 5243 2769 5303 atque
2806 5247 2872 5287 eo
2911 5231 3158 5299 exemplo
3181 5229 3332 5292 alibi,
3359 5229 3633 5283 introduci
3680 5243 3831 5284 ce-

2224 5328 2323 5399 pit,
2354 5327 2449 5383 sed
2483 5326 2641 5396 plane
2672 5333 2730 5378 ut
2751 5322 2955 5378 Paulus
2978 5321 3281 5391 apostolus,
3314 5319 3557 5374 ostendit
3607 5320 3825 5375 eccle-

2224 5422 2335 5474 sias
2373 5417 2648 5473 communi
2684 5415 3157 5485 presbyterorum,
3188 5411 3281 5482 qui
3319 5411 3479 5466 iidem
3515 5425 3706 5465 omnes
3744 5420 3840 5467 et

2221 5510 2461 5581 episcopi
2491 5508 2594 5577 ipsi
2621 5506 2795 5561 Paulo
2820 5506 3097 5569 dicuntur,
3134 5502 3367 5558 consilio
3397 5501 3567 5556 fuisse
3594 5499 3842 5570 guber-

2225 5612 2400 5658 natas.
2461 5599 2598 5654 Nam
2654 5597 2800 5669 quod
2855 5596 3140 5669 ἁρχιερέα,
3193 5593 3408 5657 λευίτας
3462 5600 3518 5647 et
3569 5590 3845 5658 λαῖκοὺς

2223 5694 2486 5757 nominat,
2517 5691 2701 5745 omnia
2732 5692 2838 5745 ista
2860 5689 3083 5744 nomina
3116 5703 3225 5744 non
3252 5685 3321 5740 ad
3348 5683 3673 5744 Ecclesiam.
3692 5686 3845 5742 sed

2220 5789 2286 5843 ad
2317 5785 2577 5855 templum
2617 5782 3152 5845 Hierosolvmiticum
3193 5779 3500 5850 pertinent;
3532 5775 3679 5833 unde
3701 5775 3853 5834 in-
