4074 6286
322 436 402 489 49
1584 439 1924 496 ιίιοοιειιιΑ

2015 438 2348 495 ARIORUM.
3528 444 3599 499 ἵιῦ

328 556 444 611 fert
486 552 657 609 omnia
687 560 856 608 certo
909 556 1101 611 ordine
1143 558 1371 629 agenda,
1405 559 1449 612 si
1490 557 1714 621 Judaais,
1761 564 1915 610 tanto

2019 563 2223 619 monet,
2258 556 2332 627 μὴ
2390 555 2497 626 γάρ
2550 572 2630 617 τις
2661 553 2813 624 ὑμῶν
2866 555 3124 625 πασχέτω
3170 556 3245 619 ὡς
3297 558 3511 626 φονεὺς,
3563 561 3597 631 ἢ

329 647 508 718 magis
554 645 923 703 Christianis.
966 648 1205 720 Tempus
1250 653 1425 721 ipsum
1467 666 1576 723 quo
1598 650 1803 721 scripta
1833 658 1918 704 est

332 742 453 795 hac
480 738 729 810 epistola,
786 755 891 810 ego
924 742 989 795 ad
1031 741 1192 798 ﬁnem
1242 742 1495 807 Neronis,
1550 749 1644 797 aut
1672 749 1821 797 certe
1850 740 1917 795 ad

325 848 427 889 eos
450 845 617 886 annos
674 832 775 901 qui
802 831 1130 905 Vespasiani
1156 836 1442 906 imperium
1468 841 1915 896 antecesserunt,

322 924 579 980 referam.
613 922 752 977 Nam
784 925 1127 981 oblationum
1160 928 1427 991 meminit,
1454 943 1576 998 qua:
1614 928 1669 981 in
1715 926 1919 995 templo

318 1034 391 1074 ex
417 1020 535 1089 lege
559 1017 780 1083 ﬁerent,
826 1020 972 1075 sicut
1007 1028 1063 1075 et
1093 1021 1160 1076 ad
1190 1020 1448 1077 Hebraeos
1492 1021 1752 1091 scriptor,
1794 1024 1916 1089 post

317 1111 487 1178 cujus
542 1110 841 1180 epistolam
916 1112 1059 1167 hanc
1120 1113 1286 1169 credo
1346 1115 1605 1183 scriptam
1665 1130 1679 1167 :
1742 1124 1917 1180 eoque

319 1204 444 1258 tieri
479 1213 541 1258 ut
572 1204 758 1275 aliqua
788 1204 914 1261 inde
947 1214 1163 1276 sumpta
1198 1222 1312 1262 suae
1343 1203 1637 1260 intexuerit
1673 1201 1917 1273 epistola:

316 1296 602 1352 Clemens.
646 1297 843 1351 Mirum
886 1298 1058 1353 videri
1098 1301 1272 1370 possit
1309 1298 1536 1355 dissidia
1588 1297 1690 1351 ista
1720 1292 1915 1349 Corin-

318 1389 569 1443 thiorum
618 1388 1065 1445 Christianorum
1096 1391 1165 1446 ad
1197 1392 1304 1446 vim
1338 1406 1535 1460 usque,
1564 1398 1617 1443 et
1645 1395 1706 1442 ut
1736 1386 1917 1456 loqui-

320 1490 438 1543 tur,
465 1482 691 1547 bellum,
716 1482 890 1549 idest,
920 1483 1117 1545 rixam,
1145 1497 1456 1554 progressa,
1482 1480 1591 1536 nisi
1619 1488 1675 1535 et
1699 1479 1767 1534 de
1791 1477 1915 1531 aliis

316 1591 392 1629 ex
420 1574 646 1631 llebrtea
675 1583 838 1646 gente
866 1574 1201 1632 Christianis
1226 1577 1427 1633 similia
1458 1578 1915 1629 commemoraret

321 1668 381 1721 in
413 1666 659 1737 Epistola
682 1668 944 1725 Jacobus.
976 1670 1053 1724 Ex
1086 1672 1153 1726 iis
1179 1681 1383 1734 autem,
1426 1682 1660 1740 quorum
1702 1666 1771 1721 ad
1802 1665 1912 1719 vim

320 1774 506 1828 usque
536 1774 831 1831 progressa
868 1770 987 1817 erat
1017 1763 1185 1818 animi
1213 1763 1552 1833 impotentia,
1585 1758 1851 1831 quosdam
1880 1772 1912 1812 a

320 1852 743 1921 magistratibus
779 1856 835 1908 in
868 1870 1143 1911 carcerem
1168 1856 1348 1917 datos,
1378 1870 1487 1911 non
1518 1862 1602 1911 est
1632 1853 1777 1925 quod
1808 1851 1913 1905 mi-

2022 647 2279 718 κλέπτης,
2327 646 2360 718 ἢ
2413 647 2724 710 κακοποιὸς.
2776 646 2870 701 [lae
2924 656 3052 701 sunt
3108 662 3310 711 causas,
3361 663 3463 705 cur
3496 667 3599 721 ego

2020 740 2163 795 hanc
2190 740 2483 810 epistolam
2516 754 2626 793 non
2653 740 2815 795 modo
2862 740 3156 810 genuinam
3205 741 3460 807 arbitrer,
3502 743 3597 799 sed

2018 840 2072 888 et
2104 833 2254 888 nulla
2289 833 2343 886 in
2388 848 2449 887 ea
2492 848 2688 888 manus
2717 833 2980 889 adulterae
3020 835 3249 906 vestigia
3280 851 3595 906 agnoscam.

2021 928 2258 983 Alteram
2290 927 2599 996 epistolam,
2628 927 2788 996 cujus
2820 927 3181 998 fragmentum
3215 928 3459 982 additum
3489 938 3596 994 est,

2017 1036 2331 1091 quanquam
2396 1020 2692 1074 Clementis
2740 1027 2795 1073 et
2844 1021 2962 1089 ipsa
3005 1020 3061 1074 in
3112 1020 3271 1075 libris
3316 1022 3598 1076 nonnullis

2017 1130 2215 1170 nomen
2267 1114 2539 1184 praetulit,
2591 1128 2699 1166 non
2744 1128 2865 1167 esse
2911 1119 3092 1167 tamen
3136 1114 3185 1168 ei
3229 1112 3597 1179 tribuendam,

2016 1208 2179 1261 etiam
2208 1205 2757 1272 veteresjudicarunt
2784 1221 2796 1255 :
2830 1220 3063 1275 quorum
3096 1204 3409 1259 auctoritati
3441 1219 3600 1259 acce-

2017 1298 2098 1352 dit
2152 1298 2488 1352 characteris
2540 1298 2857 1352 diversitas.
2917 1295 3105 1366 Neque
3151 1303 3333 1351 tamen
3380 1296 3594 1356 dubito.

2015 1393 2148 1461 quin
2180 1392 2339 1461 primi
2395 1390 2580 1446 saeculi
2633 1392 2705 1445 sit
2739 1406 2897 1462 Opus,
2932 1390 3199 1459 scriptum
3232 1397 3357 1443 ante
3389 1390 3595 1444 consti-

2016 1488 2194 1535 tutum
2242 1480 2599 1537 ecclesiarum
2629 1492 2905 1536 consensu
2936 1494 3228 1544 canonem,
3259 1486 3313 1534 et
3344 1477 3485 1534 forte
3516 1480 3596 1532 al-

2016 1575 2189 1629 terius
2220 1573 2458 1643 alicujus
2492 1571 2812 1629 Clementis.
2860 1571 2986 1627 Haac
3016 1588 3137 1642 qua:
3167 1571 3297 1624 mihi
3330 1571 3470 1635 visa,
3504 1585 3597 1625 ea-

2013 1668 2135 1722 dem
2164 1667 2413 1722 libertate
2439 1682 2546 1737 qua
2577 1666 2816 1737 colloqui
2842 1673 3024 1721 tecum
3055 1664 3185 1718 mihi
3216 1678 3593 1726 concesseras,

2014 1761 2078 1815 ad
2103 1760 2517 1815 exactissimum
2547 1758 2614 1813 de
2643 1758 2807 1815 rebus
2836 1758 3099 1811 omnibus
3118 1755 3386 1826 judicium
3416 1762 3590 1815 tuum,

2016 1854 2099 1908 vir
2127 1854 2275 1908 omni
2302 1870 2365 1908 ex
2395 1851 3034 1924 parteincomparabilis,
3058 1850 3267 1915 defero,
3288 1855 3394 1903 etc.
3424 1846 3596 1902 Fran-

318 1914 528 1999 reniur.
572 1944 764 2017 Neque
808 1948 953 2002 enim
1002 1949 1069 2003 de
1110 1949 1285 2004 nihilo
1323 1914 1429 2014 est,
1474 1946 1620 2020 quod
1650 1914 1907 2000 .Ponticis

2015 1948 2213 2003 cofurti
2249 1947 2315 2001 ιι
2335 1914 2463 2001 Julii
2490 1944 2647 2000 1654.

315 2035 656 2097 Christianis
714 2039 966 2096 scribens
1016 2039 1211 2099 Petrus
1238 2042 1284 2073 "
1339 2049 1449 2097 tam
1525 2039 1758 2097 sollicite
1804 2051 1903 2092 eos

803 2261 893 2322 Ex
925 2259 1051 2321 alia
1082 2260 1355 2338 epistola
1390 2261 1683 2341 ejusdem
1726 2259 2026 2343 Bignonii
2050 2303 2066 2330 ,
2111 2281 2163 2319 a.
2230 2266 2284 2322 d.
2330 2258 2410 2319 28
2440 2254 2717 2335 Augusti
2756 2253 2909 2316 1631s
2946 2252 3110 2313 data.

388 2378 612 2436 Gratias
639 2381 735 2435 tibi
766 2396 901 2452 ago,
933 2382 1135 2436 eruditi
1182 2389 1236 2438 et
1270 2382 1430 2439 solidi
1472 2384 1553 2439 tui
1590 2384 1805 2454 judicii,
1835 2384 1907 2440 de

319 2472 621 2536 Clemente,
654 2488 847 2529 causa.
883 2474 1047 2530 Solus
1077 2473 1239 2529 hodie
1269 2473 1418 2530 horae
1456 2481 1733 2530 momento
1754 2475 1904 2543 ejus-

317 2566 461 2618 modi
500 2580 593 2619 res
623 2565 885 2619 dirimere
940 2576 1118 2634 potes,
1176 2565 1339 2635 idque
1394 2564 1570 2621 cuivis
1620 2565 1823 2620 saaculo
1850 2572 1905 2619 et

318 2658 601 2728 scriptori,
636 2658 782 2728 quod
810 2658 860 2713 ei
882 2657 1132 2722 debetur,
1160 2658 1410 2722 reddere,
1437 2666 1491 2712 et
1522 2657 1784 2723 fructum,
1808 2657 1902 2728 qui

317 2767 381 2805 ex
411 2765 479 2805 eo
515 2749 637 2821 capi
691 2751 893 2821 possit,
923 2752 1234 2808 ostendere.
1268 2751 1597 2808 Rationibus
1627 2750 1737 2806 tuis
1769 2749 1903 2805 nihil

316 2851 400 2897 est
421 2843 569 2913 quod
600 2843 923 2913 objiciatur,
953 2842 1257 2915 judiciique
1286 2847 1366 2900 tui
1410 2844 1794 2900 auctoritatem
1826 2844 1906 2897 ir-

321 2931 703 3004 refragabilem
753 2949 880 2990 esse
925 2951 1025 3006 par
1053 2945 1155 2991 est.
1197 2935 1506 2991 Genuinum
1533 2935 1752 3007 quidem
1779 2950 1900 2990 om-

320 3024 445 3079 nino
472 3033 898 3081 monumentum
930 3027 1034 3082 hoc
1067 3044 1189 3084 esse
1221 3039 1562 3099 putaveram,
1599 3018 1695 3086 sed
1720 3028 1902 3099 suspi-

318 3117 477 3172 cabar
513 3119 563 3173 ei
595 3119 865 3189 periodos
894 3130 990 3174 aut
1016 3138 1180 3178 voces
1220 3124 1431 3194 aliquot
1469 3139 1499 3177 a
1538 3123 1779 3178 librariis
1806 3137 1901 3178 as-

320 3218 479 3267 sutas.
516 3210 598 3267 Tu
644 3228 781 3269 vero
811 3214 1159 3272 dubitatione
1192 3218 1281 3273 illa
1313 3233 1399 3273 me
1421 3218 1592 3283 levas,
1615 3217 1724 3272 nisi
1754 3216 1897 3287 quod
1929 3197 1972 3254 θ

315 3305 541 3360 narratio
560 3305 633 3361 de
665 3306 937 3372 phmnice
958 3323 1044 3364 me
1064 3310 1361 3365 etiamnum
1382 3310 1632 3365 nonnihil
1653 3309 1902 3370 oﬂ'endit:

306 3399 489 3469 quippe
504 3414 632 3469 qua:
644 3399 945 3470 c0piosior
962 3410 1046 3457 est
1061 3413 1113 3458 et
1129 3404 1580 3477 σοφιστικωτέρα,
1605 3420 1768 3474 quam
1787 3413 1903 3476 sty-

299 3487 372 3544 lus
398 3492 758 3561 apostolicus
784 3492 1056 3562 patiatur.
1092 3492 1163 3548 Ea
1196 3494 1401 3563 fabula,
1431 3496 1682 3565 quamvis
1702 3510 1732 3549 a
1761 3496 1903 3550 scri-

2015 2384 2270 2457 ptoribus
2305 2379 2638 2436 Christianis
2670 2386 2859 2447 postea
2884 2376 3152 2439 adhibita,
3183 2372 3407 2443 scriptis
3431 2371 3591 2440 primi

2014 2476 2355 2537 successoris
2408 2471 2786 2543 apostolorum
2820 2467 3095 2537 Principis
3158 2471 3269 2519 no'n
3301 2472 3386 2519 sat
3425 2462 3591 2533 digna

2014 2573 2256 2636 videtur,
2299 2566 2602 2639 praesertim
2634 2570 2715 2617 tot
2740 2561 2922 2616 verbis
2953 2562 3222 2629 exposita.
3249 2554 3466 2625 Alioqui
3489 2552 3595 2608 mi-

2012 2682 2138 2723 rum
2200 2664 2375 2719 videri
2444 2676 2553 2715 non
2597 2659 2772 2730 possit
2802 2670 2925 2711 eum
2966 2669 3089 2709 esse
3124 2667 3287 2707 usum
3331 2648 3592 2720 opinione

2012 2769 2147 2815 tunc
2192 2755 2455 2827 temporis
2498 2758 2739 2821 recepta,
2793 2756 2850 2804 ut
2897 2746 3149 2801 ethnicos
3197 2743 3264 2798 ad
3301 2742 3590 2797 veritatem

2011 2851 2272 2907 doctrinae
2292 2846 2618 2902 Christiana:
2642 2842 2858 2913 plenius
2874 2838 3266 2894 admittendam
3298 2835 3589 2896 invitaret;

2012 2942 2287 3015 quomodo
2306 2948 2358 2996 et
2377 2939 2578 2993 Paulus
2599 2951 2731 2991 usus
2758 2942 2843 2989 est
2867 2931 3227 3002 inscriptione
3253 2927 3345 2981 Dei
3364 2926 3529 2997 ignoti
3544 2925 3587 2989 ⁸,

2011 3034 2265 3104 quamvis
2315 3032 2582 3087 sententia
2613 3027 2831 3081 diversa
2856 3024 2926 3077 ab
2956 3021 3212 3093 opinione
3251 3017 3459 3088 vulgari
3506 3022 3591 3067 at-

2010 3143 2118 3198 que
2137 3124 2511 3195 inscriptionis
2542 3120 2658 3176 basi
2688 3134 2797 3173 arae
2827 3116 3132 3185 insculptas.
3170 3110 3434 3166 Putabam
3459 3122 3591 3177 ergo

2009 3218 2435 3289 descriptionem
2468 3212 2736 3286 phtenicis
2767 3209 3034 3279 adjectam
3060 3206 3129 3260 ab
3152 3204 3259 3258 alio
3284 3202 3453 3256 fuisse
3482 3214 3588 3252 nu-

2009 3313 2092 3368 da:
2120 3313 2240 3383 ejus
2270 3307 2557 3373 mentioni,
2582 3323 2611 3361 a
2636 3305 2916 3360 Clemente
2941 3302 3117 3357 obiter
3137 3298 3381 3369 injectus;
3413 3293 3509 3350 sed
3534 3292 3587 3347 in

2010 3406 2235 3461 meliore
2264 3415 2357 3458 tua
2381 3401 2653 3458 sententia
2685 3398 2998 3470 acquiesco,
3044 3410 3147 3451 nec
3179 3407 3359 3449 meum
3391 3398 3477 3446 est
3507 3395 3590 3445 te-

2010 3514 2134 3553 cum
2168 3496 2523 3552 contendere.

264 3647 537 3723 lEzcerpm
571 3654 703 3708 lum:
730 3665 874 3707 sunt
908 3669 938 3707 e
967 3655 1277 3709 testimoniis
1296 3654 1362 3710 de
1391 3654 1648 3727 Bignonio
1672 3696 1687 3721 ,
1716 3672 1832 3781 qui:
1852 3657 2260 3801 alteigxedftioni
2283 3658 2552 3714 Parisintz
2580 3655 2964 3714 Formularunt
2989 3652 3242 3723 Marculﬁ
3271 3665 3397 3703 aunt
3448 3645 3590 3705 i665

1698 3744 1798 3782 sun
1847 3743 1958 3797 pro:
2039 3746 2091 3784 α.

1698 3743 1821 3782 sunt
1847 3743 2091 3797 prwpxa.

1147 3987 1897 4080 HERMANNUS
1966 3988 2726 4083 CONBINGIUS

806 4179 1233 4244 JOACHIMO
1287 4181 1578 4244 JOANNI
1621 4182 1991 4256 MADERO,
2030 4180 2230 4247 VIRO
2260 4184 2754 4247 DOCTISSIMO
2787 4184 2849 4245 S.
2898 4186 2963 4245 P.
3003 4184 3073 4245 Ι).

333 4438 629 4494 Praeclare
656 4433 737 4487 de
764 4430 996 4502 publico
1022 4446 1268 4494 mereris,
1302 4430 1623 4485 doctissime
1658 4430 1894 4497 Madere,
1930 4437 1973 4492 Ι)
2003 4435 2178 4499 nium,
2230 4434 2406 4487 induti
2451 4432 2566 4503 jam
2624 4428 2853 4502 proinde
2906 4431 3059 4487 stolis
3082 4432 3347 4499 candidis,
3381 4443 3430 4487 et
3461 4449 3585 4489 ante

279 4531 400 4584 illas
425 4531 633 4588 horas,
665 4538 819 4593 quas
852 4521 1137 4576 succidere
1161 4521 1259 4576 tibi
1283 4521 1410 4577 licet
1447 4522 1730 4578 ordinario
1772 4539 1894 4577 mu-

194 4684 197 4687 _
294 4622 425 4684 neri,
456 4620 517 4674 in
554 4616 618 4672 id
650 4613 1014 4686 impendens,
1057 4621 1115 4667 ut
1150 4613 1467 4670 hominibus
1504 4616 1710 4671 nostris
1742 4612 1896 4671 exhi-

303 4714 427 4767 beas
454 4712 658 4783 primae
692 4710 850 4764 illius
879 4723 1059 4763 aurea:
1098 4711 1438 4780 tempestatis
1476 4725 1600 4780 qua:
1635 4722 1896 4781 superant

314 4808 685 4856 monumenta.
748 4797 866 4854 Etsi
919 4799 1403 4869 cnim’perfectus
1463 4802 1533 4855 sit
1583 4801 1894 4856 divinarum

320 4894 714 4962 Scripturarum
759 4908 953 4955 canon,
1000 4898 1053 4946 et
1084 4892 1406 4960 jamdudum
1450 4908 1576 4947 cum
1623 4892 1680 4949 S.
1716 4893 1894 4965 Augu-

324 4987 514 5041 stino“
543 4985 921 5053 didicerimus,
950 4985 1078 5040 solis
1110 4986 1218 5040 illis
1262 4986 1413 5041 libris
1462 4987 1600 5041 hunc
1647 4987 1894 5043 honorem

327 5080 656 5149 timoremque
686 5078 914 5148 deferre,
942 5091 999 5131 ut
1029 5078 1235 5131 nullum
1276 5095 1459 5133 eorum
1487 5080 1762 5136 scribendo
1786 5081 1896 5136 ali.

320 5171 438 5241 quid
474 5187 707 5234 errasse,
736 5171 1041 5240 ﬁrmissime
1072 5160 1349 5224 credemus
1375 5187 1393 5223 :
1442 5187 1539 5242 per
1579 5184 1759 5229 tamen
1817 5177 1894 5230 si-

321 5262 425 5313 niui
453 5270 537 5317 est
561 5261 869 5331 jucundum
898 5270 1060 5332 atque
1085 5262 1235 5324 utile,
1272 5264 1644 5333 apostolorum
1676 5281 1894 5338 quoque

319 5350 616 5423 discipulos
646 5352 1038 5422 auditoresque
1068 5353 1379 5417 consulere,
1413 5355 1544 5425 quid
1575 5357 1653 5409 illi
1685 5358 1892 5413 scilicet

321 5461 346 5499 a
371 5448 536 5503 tantis
568 5447 850 5517 magistris
881 5445 1215 5515 acceperint,
1250 5455 1344 5501 aut
1373 5455 1523 5502 certe
1550 5456 1755 5520 quanta
1788 5449 1892 5505 lide

319 5536 617 5590 doctrinam
653 5544 937 5606 acceptam
970 5537 1266 5601 servarint,
1296 5539 1389 5608 qui
1427 5554 1537 5593 non
1570 5539 1893 5597 dubitavere

319 5627 631 5698 sanguinem
682 5641 847 5681 suum
904 5624 1238 5696 profundere
1282 5629 1338 5682 in
1387 5627 1590 5684 Christi
1646 5632 1893 5686 testimo-

385 5808 426 5836 "
458 5805 475 5858 l
508 5805 656 5862 Petr.
692 5823 767 5867 tv,
813 5806 899 5861 ιδ.
1015 5806 1037 5837 ⁸
1067 5804 1187 5861 Act.
1221 5824 1353 5871 xvn,
1385 5808 1475 5866 35.

329 5875 366 5907 “
394 5874 509 5931 Lib.
546 5894 606 5933 Ill
669 5878 926 5938 Histor.;
968 5876 1084 5933 Lib.
1120 5882 1181 5933 dc
1216 5881 1456 5948 scriptor.
1493 5882 1675 5937 cccles.

1581 5812 1599 5842 ⁵
1633 5811 1787 5866 Vinc.
1817 5812 2093 5869 Lirinens.

1757 5884 1796 5915 ¹³
1828 5882 1945 5940 Lib.
1991 5903 2074 5949 ιιι,
2118 5903 2166 5941 c.
2198 5889 2249 5945 5.

2004 4524 2251 4577 thronum
2291 4524 2391 4580 Dei
2420 4523 2696 4578 constituti
2726 4524 2958 4578 serviunt
2992 4524 3077 4578 illi
3117 4524 3204 4579 die
3238 4543 3301 4579 ac
3326 4526 3495 4581 ’nocte
3526 4529 3583 4581 in

2005 4618 2199 4687 templo
2228 4619 2365 4687 ejus,
2396 4616 2490 4670 illo
2516 4618 2607 4688 qui
2645 4616 2788 4671 sedet
2828 4618 2884 4671 in
2917 4617 3101 4671 throno
3131 4616 3402 4673 habitante
3428 4637 3583 4690 super

2005 4711 2125 4765 illos
2148 4711 2212 4773 “,
2238 4726 2348 4779 quo
2378 4710 2556 4780 elogio
2586 4719 2854 4783 martyres
2902 4709 3139 4782 Spiritus
3173 4722 3398 4769 sanctus
3454 4730 3582 4785 pro-

2007 4810 2232 4858 secutus
2258 4809 2360 4857 est.
2399 4799 2605 4857 Saltem
2653 4802 2744 4857 illa
2769 4802 2926 4858 nefas
2956 4811 3041 4859 est
3062 4812 3434 4872 contemnere,
3460 4821 3582 4877 quae

2006 4896 2224 4965 publica
2266 4894 2546 4949 auditione
2576 4894 2691 4965 ipsa
2729 4903 2884 4950 vetus
2916 4902 2970 4950 et
2998 4905 3189 4952 sancta
3219 4895 3463 4952 Ecclesia
3496 4897 3582 4951 di-

2000 4997 2163 5059 gnata
2208 4994 2410 5043 estzut
2438 4985 2724 5060 Polycarpi
2759 4991 3045 5060 epistolam
3096 4991 3150 5043 in
3186 4991 3329 5044 Asia:
3359 5006 3583 5044 conven-

2000 5080 2165 5146 tibus,
2185 5078 2515 5136 Clementisin
2556 5082 2829 5136 nonnullis
2862 5082 2990 5136 locis
3021 5082 3242 5151 publice
3272 5081 3576 5137 lectitatam

1997 5188 2142 5234 esse,
2176 5184 2230 5229 et
2273 5173 2493 5229 Eusebii
2527 5181 2580 5228 et
2621 5172 2677 5229 S.
2709 5170 3027 5246 Hierony’mi
3057 5173 3374 5229 testimonio
3418 5176 3574 5229 novi-

1998 5267 2200 5321 mus“.
2236 5265 2392 5322 Hanc
2422 5275 2570 5322 certe
2602 5277 2887 5338 utramque
2916 5266 3215 5337 Epistolam
3256 5268 3437 5339 magni
3494 5267 3576 5322 fa-

1995 5375 2121 5414 cere
2150 5374 2251 5428 par
2275 5367 2380 5423 est,
2415 5360 2500 5415 vel
2536 5360 2660 5415 ideo
2713 5361 2970 5424 quoniam
3018 5357 3083 5412 ad
3131 5371 3440 5430 utramque,
3471 5377 3570 5416 ceu

1995 5452 2060 5507 ad
2105 5453 2490 5508 secundarium
2530 5453 2819 5523 quemdam
2862 5452 3091 5507 sincera:
3122 5452 3243 5507 fidei
3277 5469 3569 5518 canonem,

1990 5542 2103 5611 jam
2134 5553 2247 5600 tum
2280 5546 2409 5600 olim
2447 5546 2711 5600 adversus
2745 5545 2977 5600 haereses
3015 5546 3099 5601 sui
3155 5548 3339 5603 saeculi
3373 5564 3572 5617 provo-

1997 5639 2205 5693 cavcrit
2235 5639 2620 5695 sanctissimus
2653 5647 2859 5709 martyr
2887 5639 3121 5698 [renatus
3143 5640 3206 5695 ".
3240 5640 3296 5695 In
3338 5649 3572 5711 utraque

2201 5819 2241 5848 ¹⁰
2279 5817 2449 5886 Epist.
2516 5832 2626 5874 ιις,
2688 5818 2753 5870 ad
2789 5818 2933 5874 Hier.
3044 5822 3081 5851 “
3115 5819 3285 5889 Apoc.
3324 5833 3415 5885 vn,
3473 5818 3542 5871 15
