4074 6286
460 397 518 454 51
1607 394 1694 450 AD
1734 395 1791 451 S.
1831 395 2032 452 CLEMI

2133 395 2253 450 ΓΕΜ
2294 398 2313 453 Ι
2350 395 2578 453 ΡΑΡΑΜ
3616 405 3683 461 53

458 523 637 568 autem
665 510 757 567 illa
776 511 1104 583 publicanda
1133 513 1399 569 hactenus
1419 518 1568 566 tuam
1596 527 1814 582 operam
1845 513 2013 567 collo-
2043 513 2089 570 Α
2116 520 2324 579 perant,
2344 512 2500 581 plane
2523 514 2973 583 quemadmodum
3004 514 3299 584 Epistolam
3318 516 3463 570 illam
3496 516 3685 571 lauda-

456 604 618 667 casti,
649 604 885 673 primum
934 603 1243 675 Polyearpi,
1281 618 1428 658 nunc
1470 611 1522 659 et
1551 604 1847 659 Clementis
1892 618 2021 659 san-

457 704 575 749 ctas
600 695 725 751 illas
756 696 966 751 litteras
989 697 1179 751 edens.

492 800 495 807 ‘
528 785 715 857 Neque
752 804 883 843 vero
909 787 1208 857 quidquam
1240 787 1397 842 video
1422 802 1620 853 causae,
1652 803 1750 842 cur
1777 788 2023 856 suspice-

458 895 583 933 mur
622 880 760 934 alias
789 894 912 934 esse
960 880 1081 934 illas
1124 885 1343 933 nostras
1387 879 1454 942 ab
1493 879 1563 932 iis
1615 893 1752 948 quas
1787 885 1936 931 tanto
1966 877 2021 930 in

457 964 634 1038 pretio
685 970 865 1039 prisca
920 968 1165 1039 Ecclesia
1205 968 1415 1023 habuit.
1445 970 1503 1023 ln
1553 967 1837 1039 Polycarpi
1890 981 2022 1021 sane

456 1061 688 1131 epistola
738 1060 1143 1129 deprehendere
1195 1068 1279 1113 est
1330 1059 1501 1128 ipsam
1536 1058 1681 1112 illam
1715 1058 1781 1113 de
1832 1056 1942 1112 Deo
1968 1065 2022 1112 et

458 1149 690 1205 Domino
720 1160 906 1204 nostro
938 1147 1067 1205 Jesu
1095 1148 1315 1203 Christo
1347 1163 1536 1204 sanam
1568 1148 1897 1213 doctrinam,
1923 1164 2023 1202 cu-

457 1244 552 1313 jus
574 1244 794 1299 nomine
816 1243 1124 1299 refellendis
1150 1243 1235 1298 sui
1265 1243 1451 1298 saaculi
1481 1242 1803 1307 haeresibus,
1829 1244 2023 1295 ἱκανω-

460 1334 629 1404 τάτην
669 1334 816 1388 illam
860 1336 1234 1405 pronuntiavit
1266 1335 1778 1404 commendavitque
1811 1333 1868 1388 S.
1906 1332 2019 1389 Ire-

460 1439 652 1480 naeus:
683 1423 1089 1495 deprehendere
1159 1434 1244 1481 est
1292 1427 1473 1480 locum
1533 1426 1805 1495 integrum
1852 1442 2021 1481 unum

458 1517 825 1586 alterumque,
859 1533 1019 1586 quem
1064 1516 1288 1572 adducit
1335 1516 1686 1582 Eusebius“,
1722 1528 1776 1570 et
1804 1523 1928 1586 post
1957 1517 2024 1569 il-

461 1606 573 1662 lum
616 1607 960 1678 Nicephorus
985 1608 1266 1671 Callistus,
1296 1613 1351 1662 et
1381 1607 1599 1677 quidem
1631 1608 1704 1661 ita
1727 1614 1785 1661 ut
1816 1607 2024 1677 liquido

458 1708 738 1770 appareat,
770 1700 961 1755 fraude
988 1701 1137 1754 nulla
1168 1701 1404 1756 insertos
1430 1716 1553 1756 esse
1579 1719 1593 1756 :
1618 1700 2025 1770 deprehendere

457 1802 542 1848 est
567 1809 633 1848 ex
656 1793 831 1863 prima
862 1791 1005 1847 Petri
1029 1792 1269 1863 Epistola
1292 1792 1615 1862 deprompta
1641 1791 1786 1847 haud
1826 1806 2023 1861 pauca,

461 1902 582 1955 qua:
614 1885 753 1941 idem
796 1883 1068 1939 Eusebius
1091 1891 1376 1938 notaverat
1406 1907 1417 1941 :
1443 1882 1848 1953 deprehendere
1872 1883 2026 1937 deni-

460 1993 567 2045 que
596 1983 682 2031 est
728 1975 860 2030 illud
900 1990 1083 2039 omne,
1118 1974 1260 2044 quod
1297 1972 1547 2035 Photius,
1579 1975 2028 2029 accuratissimus

461 2066 726 2121 librorum
770 2080 991 2130 censor,
1036 2066 1091 2120 in
1145 2066 1285 2120 lecta
1315 2065 1602 2136 Polycarpi
1633 2066 1863 2135 epistola
1906 2066 2026 2119 ani-

460 2160 846 2225 madverterat,
890 2157 1074 2212 multis
1119 2158 1368 2211 nimirum
1416 2157 1663 2225 refertam
1711 2156 2028 2210 admonitio-

462 2248 637 2313 nibus,
697 2249 833 2321 μετὰ
887 2249 1186 2319 σαφηνείας
1240 2248 1334 2301 καὶ
1390 2247 1690 2318 ἁπλότητος
1744 2247 1885 2301 κατὰ
1937 2247 2028 2301 τὸν

461 2339 905 2411 ἐκκλησιαστικὸν
990 2341 1091 2411 τῆς
1131 2341 1424 2411 ἑρμηνείας
1450 2339 1639 2405 τύπον,
1673 2342 1925 2411 quodque
1972 2342 2029 2397 in

460 2447 529 2490 ea
566 2431 712 2485 dicat
746 2439 940 2484 auctor
969 2446 1024 2483 se
1067 2429 1267 2499 Ignatii
1320 2430 1569 2498 epistolas
1610 2430 1679 2484 ad
1722 2430 2029 2501 Philippen-

464 2538 547 2577 ses
581 2523 806 2586 misisse,
836 2532 1106 2592 petereque
1142 2519 1206 2573 ab
1242 2520 1353 2575 illis
1383 2522 1590 2576 edoceri
1639 2523 1687 2575 si
1719 2522 1844 2592 quid
1873 2523 1936 2577 de
1969 2540 2029 2578 eo

460 2613 762 2669 iuaudiant.
828 2612 1054 2677 Horum,
1113 2613 1354 2682 inquam,
1405 2613 1648 2667 omnium
1692 2615 2032 2671 desideratur

465 2704 623 2759 nihil.
669 2702 751 2757 Ad
776 2703 901 2768 hoc,
933 2702 1112 2772 ipsum
1154 2701 1411 2773 Epistolas
1439 2704 1723 2759 exordium
1766 2706 2029 2770 ostendit,

466 2794 727 2863 scriptam
781 2793 949 2856 illam,
982 2808 1091 2862 quo
1136 2800 1379 2863 tempore
1430 2808 1540 2848 non
1592 2793 1754 2850 unius
1799 2794 2033 2850 exsertis

464 2886 707 2955 episcopi
736 2886 793 2940 in
824 2901 988 2939 manu
1016 2884 1271 2941 Ecclesiae
1321 2895 1438 2940 erat
1484 2885 1903 2952 administratio,
1938 2887 2033 2942 sed

464 2977 746 3032 communi
804 2976 1246 3047 presbyterorum
1307 2977 1542 3031 consilio
1593 2983 1647 3032 et
1706 2978 2034 3033 auctoritate

465 3069 654 3123 omnia
682 3076 1001 3138 regerentur
1031 3068 1213 3138 :quod
1244 3082 1351 3122 non
1379 3067 1473 3122 diu
1506 3075 1628 3138 post
1674 3067 2031 3139 Polycarpum

2121 603 2198 657 vit
2236 602 2298 659 S.
2337 601 2658 660 lreneeus“.
2698 604 2829 671 Quae
2871 605 3124 663 Clemens
3179 607 3582 661 Alexandrinus
3628 615 3684 661 et

2122 691 2440 764 Origenes"
2468 710 2535 751 ex
2580 697 2672 750 illa
2711 696 2951 766 Epistola
2996 698 3297 768 proferunt,
3327 698 3510 753 verbis
3553 698 3685 752 toti-

2120 786 2242 841 dem
2268 787 2325 840 in
2353 796 2542 842 nostra
2565 788 2930 857 reperiuntur,
2960 799 3013 844 et
3040 790 3255 859 quidem
3280 791 3352 845 ita
3370 800 3427 844 ut
3454 789 3524 844 ibi
3554 797 3684 845 nata

2120 877 2347 943 dixeris,
2379 895 2488 934 non
2539 888 2720 934 autem
2780 880 2968 936 dolosa
3018 898 3180 936 manu
3228 883 3470 938 inducta.
3511 882 3686 937 Euse-

2121 965 2533 1037 bius'3quoque
2562 969 2761 1038 prodit,
2786 968 3014 1024 dissidio
3039 971 3177 1041 apud
3197 971 3508 1027 Corinthios
3537 983 3681 1037 orto,

2122 1061 2382 1131 scriptam
2411 1078 2440 1114 a
2468 1062 2745 1118 Clemente
2767 1070 2958 1118 nostro
2989 1062 3283 1133 Epistolam
3322 1064 3398 1128 ὡς
3447 1064 3556 1117 ἀπὸ
3582 1064 3684 1133 τῆς

2134 1154 2421 1224 Ῥωμαίων
2457 1155 2811 1225 Ἐκκλησίας,
2859 1162 2954 1208 aut
3011 1162 3069 1208 ut
3122 1155 3248 1209 alibi
3297 1156 3557 1226 loquitur,
3617 1159 3686 1210 ὲκ

2121 1246 2410 1317 προσώπου
2463 1247 2563 1317 τῆς
2600 1247 2878 1318 Ῥωμαίων
2920 1246 3270 1317 Ἐκκλησὶας,
3330 1255 3557 1317 θειῐιίιιιθ
3602 1249 3687 1303 (ιί-

2122 1338 2321 1392 ctionis
2359 1337 2675 1391 charactere
2714 1347 2767 1392 et
2810 1337 3099 1393 sententiis
3149 1352 3275 1391 cum
3327 1335 3568 1407 Epistola
3615 1337 3685 1390 ad

2125 1427 2384 1484 Hebraeos
2432 1429 2726 1497 plurimum
2757 1429 3049 1484 convenire
3080 1445 3092 1480 :
3126 1444 3246 1499 qua:
3272 1431 3455 1482 omnia
3484 1428 3572 1482 hic
3603 1429 3688 1483 lu-

2124 1522 2498 1578 culentissime
2550 1530 2832 1591 apparent.
2864 1520 3087 1587 Qualem
3136 1536 3265 1576 vero
3295 1520 3589 1590 Epistolam
3621 1519 3689 1573 il-

2124 1614 2232 1667 lam
2265 1612 2558 1674 Eusebius,
2592 1614 2753 1666 talem
2791 1618 2845 1666 et
2881 1610 2938 1665 S.
2973 1610 3335 1682 Hieronymus
3353 1612 3395 1642 ¹⁹
3424 1626 3543 1665 eam
3581 1625 3686 1664 no-
3716 1684 3719 1689 η

2124 1704 2210 1758 bis
2236 1703 2643 1774 descripsitmt
2673 1703 2899 1773 proinde
2945 1712 3135 1758 nostra
3185 1703 3301 1759 haac
3327 1704 3395 1758 ab
3446 1704 3537 1757 illa
3566 1718 3689 1773 qua:

2130 1792 2461 1865 Hieronymo
2484 1795 2549 1847 ad
2580 1809 2798 1847 manum
2834 1793 2955 1855 fuit,
2987 1794 3120 1847 nihil
3154 1795 3329 1849 abeat.
3365 1794 3467 1849 Sed
3487 1802 3541 1849 et
3569 1811 3691 1866 quae

2130 1884 2270 1939 idem
2296 1883 2351 1938 S.
2370 1884 2732 1955 Hieronymus
2751 1887 2795 1916 "
2822 1887 2988 1945 semel
3023 1887 3326 1956 iterumque
3352 1904 3418 1941 ex
3448 1886 3689 1957 Epistola

2129 1974 2222 2029 illa
2266 1976 2321 2029 in
2375 1975 2613 2028 medium
2666 1975 2843 2038 all'ert,
2888 1976 3033 2031 haud
3065 1977 3119 2031 in
3150 1984 3337 2033 nostra
3373 1977 3691 2033 desideran-

2127 2075 2221 2120 tur
2256 2082 2270 2118 :
2300 2066 2523 2136 perinde
2552 2075 2610 2119 ut
2642 2066 2730 2120 hic
2783 2069 3049 2136 reperitur
3097 2069 3258 2122 etiam
3301 2069 3391 2122 illa
3420 2068 3690 2137 phmnicis

2127 2159 2595 2221 commemoratio,
2622 2173 2784 2228 quam
2818 2174 2883 2212 ex
2910 2159 3207 2214 Clementis
3233 2160 3461 2229 epistola
3487 2160 3692 2230 produ-

2128 2249 2203 2305 cit
2242 2249 2478 2320 Cyrillus
2527 2249 3132 2321 Hierosolymitanus“.
3188 2251 3349 2305 Omni
3412 2267 3475 2306 ex
3536 2261 3692 2322 parte

2128 2357 2344 2412 quoque
2370 2349 2558 2397 nostra
2581 2341 2693 2395 haec
2713 2342 3002 2411 respondet
3027 2342 3104 2396 illi
3131 2342 3481 2411 descriptioni
3527 2359 3691 2412 quam

2127 2428 2355 2485 Photius
2387 2430 2443 2484 in
2492 2431 2817 2487 Bibliotheca
2856 2430 3039 2497 habet,
3071 2438 3390 2502 argumento
3417 2431 3688 2497 videlicet,

2129 2523 2368 2577 dictione
2394 2532 2448 2577 et
2475 2522 2723 2576 doctrina
2762 2523 2829 2577 de
2860 2522 3080 2577 mundis
3111 2530 3267 2579 trans
3304 2538 3595 2583 oceanum,
3625 2524 3695 2578 de

2130 2612 2387 2667 Phoenice
2424 2619 2478 2666 et
2508 2612 2574 2666 de
2605 2611 2811 2666 Christi
2862 2626 3115 2682 persona.
3142 2612 3374 2667 Tantum
3401 2613 3553 2668 deest
3583 2613 3695 2668 for—

2066 2778 2071 2781 _
2131 2705 2297 2760 tassis
2352 2704 2497 2774 quod
2542 2703 2601 2759 S.
2649 2702 2901 2759 Justinus
2949 2705 3231 2776 martyr",
3266 2706 3379 2760 sive
3407 2705 3533 2775 quis
3554 2701 3696 2761 alius

2133 2804 2324 2850 auctor
2352 2794 2691 2863 Responsion.
2718 2795 2786 2849 ad
2817 2795 3097 2850 orthodox.
3127 2811 3191 2850 ex
3216 2794 3457 2865 Epistola
3487 2797 3579 2851 illa
3609 2813 3699 2852 re-

2132 2884 2258 2951 fert,
2286 2885 2545 2956 quodque
2580 2900 2679 2939 ceu
2712 2884 2975 2940 Clementi
3001 2884 3209 2939 dictum
3244 2886 3430 2939 laudat
3459 2885 3696 2941 Basilius

2134 2977 2200 3031 ad
2229 2975 2686 3046 Amphilochium.
2712 2975 2913 3031 Verum
2964 2992 3075 3031 non
3121 2985 3205 3032 est
3234 2977 3379 3047 quod
3410 2987 3697 3048 propterea

2135 3071 2357 3139 sequius
2388 3069 2752 3138 suspicemur,
2781 3085 2905 3123 cum
2935 3078 3173 3139 quatuor
3200 3071 3407 3140 integra
3435 3070 3564 3125 folia
3596 3086 3698 3124 no-

458 3157 721 3213 -mutavit.
754 3155 861 3212 Sed
885 3165 942 3212 et
967 3156 1151 3211 videre
1176 3165 1261 3212 est
1290 3158 1546 3211 damnata
1569 3156 1765 3227 placita
1795 3157 2032 3212 Marcio-
2059 3179 2106 3243 ο
2138 3161 2221 3214 bis
2249 3159 2441 3216 deesse
2487 3169 2716 3215 testetur
2745 3161 2791 3215 is
2821 3163 2909 3216 cui
2938 3161 3230 3217 editionem
3279 3164 3505 3231 primam
3533 3162 3697 3217 debe-

469 3250 563 3303 nis
602 3248 671 3304 de
723 3263 888 3303 carne
939 3255 996 3302 et
1036 3250 1293 3318 passione
1345 3247 1574 3312 Christi,
1632 3250 2032 3307 resurrectione

470 3334 600 3395 item
652 3345 708 3394 et
748 3339 958 3409 judicio
983 3348 1345 3403 mortuorum,
1379 3341 1635 3411 illamque
1664 3341 1800 3397 adeo
1834 3342 2035 3399 solem-

472 3445 595 3485 nem
625 3437 680 3485 et
707 3430 802 3484 uni
837 3430 915 3484 illi
974 3431 1200 3501 martyri
1258 3431 1535 3501 propriam
1592 3434 2032 3499 detestationem,

469 3536 578 3591 qua
627 3520 841 3576 obviam
892 3518 997 3575 sibi
1051 3516 1235 3573 Romae
1267 3519 1469 3574 factum
1516 3520 1845 3578 Marcionem
1876 3540 2037 3579 exce-

471 3614 619 3683 pisse
651 3611 1033 3683 Polycarpum,
1064 3611 1405 3681 πρωτοτόκου
1438 3614 1646 3669 scilicet
1678 3614 1770 3669 τοῦ
1800 3616 2033 3681 Σατανᾶ,

472 3715 739 3764 memorat
789 3705 1108 3761 Irenzeus“.
1140 3704 1219 3759 Ex
1270 3706 1520 3773 adverso,
1554 3710 1755 3778 quibus
1794 3709 2034 3775 Flacius,

472 3817 709 3871 eumque
734 3800 904 3857 secuti
923 3798 1037 3863 alii,
1067 3799 1288 3853 dubiam
1320 3802 1545 3857 reddere
1562 3802 1858 3872 Epistolam
1890 3804 2035 3857 illam

478 3902 779 3956 tentavere,
812 3894 943 3946 talia
982 3900 1114 3948 sunt
1164 3900 1224 3946 ut
1278 3893 1331 3946 in
1388 3894 1735 3947 commodum
1790 3893 2037 3962 συλλογι-

479 3986 615 4058 σμὸν
654 3986 861 4043 referre
913 4003 1174 4057 nequeas,
1209 3986 1458 4058 quamvis
1485 3986 1726 4041 coneris.
1763 3984 2040 4056 Simplici-

476 4086 564 4134 tas
593 4086 741 4134 certe
787 4077 1043 4134 dictionis
1074 4087 1128 4134 et
1152 4079 1526 4134 inelaboratus
1570 4092 1772 4139 sermo,
1811 4093 1932 4148 quae
1962 4077 2043 4136 illi

477 4177 797 4235 causantur,
832 4178 1067 4241 arguunt
1089 4171 1271 4241 potius
1289 4170 1641 4241 apostolicam
1672 4177 1883 4224 aetatem
1903 4169 2043 4224 scri-

478 4262 851 4333 ptionemque,
882 4270 1076 4331 utqua:
1100 4261 1191 4314 uni
1225 4260 1303 4314 illi
1327 4259 1639 4330 tempestati
1668 4266 1722 4313 et
1753 4258 1886 4313 solis
1910 4273 2034 4328 apo-

478 4354 656 4421 stolis,
689 4368 987 4424 eorumque
1010 4352 1294 4423 discipulis
1326 4350 1613 4405 familiaria
1642 4349 1863 4405 fuerint.

549 4444 656 4497 Par
698 4446 838 4497 ratio
885 4453 969 4499 est
991 4444 1346 4499 Clementinaa
1371 4442 1519 4496 illius
1551 4440 1804 4513 Epistolas:
1834 4441 1901 4496 ad
1930 4439 2040 4496 Co-

2134 3270 2277 3316 rnus,
2304 3251 2576 3307 Patricius
2604 3250 2801 3307 Junius
2833 3272 2845 3307 :
2880 3262 2934 3306 et
2981 3252 3218 3308 Basilius
3247 3253 3384 3323 (sive
3409 3253 3549 3308 alius
3573 3253 3697 3306 libri

2133 3343 2276 3396 illius
2307 3340 2562 3411 scriptor)
2599 3341 2689 3395 illa
2745 3357 2841 3397 sua
2870 3358 2937 3396 ex
2968 3341 3072 3396 hac
3098 3341 3338 3412 Epistola
3396 3341 3535 3397 forte
3584 3358 3698 3398 non

2134 3435 2478 3505 prompserit.
2509 3433 2652 3487 Nihil
2706 3450 2837 3488 sane
2877 3449 2940 3488 ex
2992 3434 3139 3487 omni
3199 3433 3523 3503 antiquitate
3572 3449 3702 3503 pro-

2134 3526 2359 3580 duxeris
2404 3525 2471 3579 de
2521 3524 2818 3579 Clementis
2853 3524 2942 3576 illa
2971 3538 3229 3593 germana
3261 3523 3523 3593 Epistola,
3552 3524 3699 3593 quod

2136 3619 2329 3673 merito
2357 3632 2516 3687 quem
2546 3614 2733 3669 fecerit
2760 3614 2826 3669 de
2853 3622 3041 3667 nostra
3075 3612 3344 3667 dubitare.

2204 3709 2322 3763 Jam
2351 3723 2479 3762 vero
2502 3722 2626 3760 cum
2657 3721 2788 3759 cura
2836 3713 3079 3759 nostram
3137 3704 3279 3758 hanc
3321 3703 3520 3775 legenti
3562 3703 3702 3759 nihil

2137 3801 2381 3855 occurrit
2423 3799 2589 3853 fucati
2621 3804 2715 3850 aut
2757 3796 3006 3862 subdoli;
3034 3804 3089 3850 et
3116 3804 3299 3851 tamen
3325 3797 3509 3849 omnia
3544 3794 3690 3849 refe-

2138 3901 2268 3947 runt
2294 3892 2453 3961 plane
2482 3888 2781 3960 apostolica
2813 3896 3082 3957 tempora,
3104 3887 3423 3941 charactere
3452 3886 3701 3941 scriben-

2137 3984 2214 4047 di,
2262 3991 2316 4040 et
2355 3981 2605 4037 doctrina
2642 3980 2782 4051 ipsa.
2831 3978 2986 4045 Quod
3029 3977 3183 4032 firmo
3235 3988 3318 4033 est
3357 3985 3700 4048 argumento,

2141 4079 2333 4139 saltem
2364 4062 2431 4132 ex
2459 4076 2553 4130 illo
2590 4089 2705 4128 aevo
2742 4071 2810 4125 ad
2854 4086 2954 4126 nos
2986 4068 3283 4139 Epistolam
3332 4069 3480 4123 illam
3512 4083 3706 4138 perve-

2141 4171 2311 4233 nisse,
2338 4168 2440 4223 etsi
2471 4167 2538 4222 de
2572 4172 2795 4219 auctore
2835 4161 2975 4215 forte
3018 4176 3127 4215 non
3177 4167 3472 4215 constaret.
3514 4156 3705 4211 Sermo

2145 4276 2276 4317 sane
2313 4260 2360 4314 is
2389 4266 2495 4322 est,
2525 4257 2740 4327 qualem
2783 4268 3031 4310 summus
3060 4251 3284 4306 criticus
3315 4247 3707 4318 Photiusjudi-

2144 4353 2322 4417 cavit,
2366 4348 2566 4412 ἁπλοῦς
2612 4346 2751 4400 κατὰ
2792 4344 2889 4416 τὴν
2936 4344 3132 4414 φράσιν
3182 4342 3275 4395 καὶ
3346 4340 3554 4413 σαφὴς,
3613 4341 3706 4393 καὶ

2144 4444 2308 4512 ἐγγὺς
2336 4440 2428 4494 τοῦ
2476 4432 2921 4508 ὲκκλησιαστικοῦ
2953 4432 3295 4505 χαρακτῆρος
3315 4449 3329 4498 ;
3348 4442 3499 4487 extra
3528 4442 3708 4485 autem

481 4536 737 4599 rinthios,
771 4552 934 4606 quam
960 4552 1026 4591 ex
1056 4535 1427 4591 vetustissimo
1453 4533 1825 4589 Alexandrino
1853 4535 2043 4590 codice
2074 4526 2117 4580 D
2150 4536 2382 4607 primum
2415 4532 2545 4585 illud
2569 4529 2825 4584 Ecclesia:
2848 4541 3021 4581 zevum
3055 4524 3257 4580 frustra
3299 4524 3528 4579 formam
3560 4523 3708 4577 illam

482 4629 642 4684 nobis
664 4644 771 4682 non
807 4626 942 4682 adeo
975 4628 1181 4697 pridem
1210 4627 1482 4682 Patricius
1510 4625 1704 4683 Junius
1728 4628 1812 4681 vir
1830 4628 2043 4684 clariss.

484 4721 933 4785 communicavit,
963 4729 1018 4776 et
1047 4729 1104 4774 tu
1123 4721 1285 4775 hodie
1312 4737 1381 4775 ex
1399 4719 1734 4776 Londinensi
1758 4720 2042 4790 exprimis.

483 4812 662 4867 Etiam
689 4811 778 4865 hic
804 4810 950 4865 enim
974 4810 1218 4864 invenire
1245 4817 1349 4872 est,
1375 4825 1497 4879 quae
1522 4826 1645 4864 cum
1682 4810 1749 4865 de
1784 4811 1897 4875 illa,
1930 4818 2046 4864 tum

482 4922 552 4962 ex
605 4905 699 4959 illa
737 4886 949 4957 veteres
1009 4916 1219 4955 omnes
1254 4900 1631 4971 prodiderunt.
1679 4900 2049 4957 Observamus

485 5012 619 5054 sane
643 5004 697 5051 et
722 4994 907 5048 στάσιν
935 4993 1036 5046 οὐκ
1069 4991 1254 5061 ὀλίγην
1294 4991 1542 5046 Corinthi
1573 5000 1748 5046 ortam
1773 4994 1912 5049 inter
1934 4993 2047 5048 fra-

484 5096 619 5151 tres,
648 5099 991 5158 progressam
1047 5083 1299 5137 nimirum
1335 5081 1401 5135 ad
1445 5082 1554 5135 vim
1606 5093 1658 5137 et
1687 5083 1908 5149 bellum,
1933 5084 2049 5139 sive

485 5180 667 5235 duella
696 5197 711 5232 :
735 5188 789 5234 et
812 5176 1069 5232 Romana:
1097 5173 1372 5239 Ecclesiae,
1402 5188 1511 5227 non
1537 5182 1714 5228 autem
1739 5177 1903 5230 unius
1926 5175 2048 5231 Cle-

487 5271 688 5328 mentis
714 5274 934 5327 nomine
956 5277 1210 5327 exaratas
1236 5267 1479 5334 litteras;
1514 5282 1717 5338 easque
1755 5268 1823 5321 ad
1858 5284 2047 5339 pacem

488 5373 543 5419 et
580 5364 929 5419 concordiam
974 5360 1292 5418 Corinthios
1322 5357 1621 5424 ﬂectentes,
1655 5367 2050 5415 memorantes-

490 5471 597 5524 que
616 5469 806 5509 eorum
838 5453 1016 5523 ﬁdem,
1050 5470 1212 5525 quam
1234 5460 1483 5508 recenter
1504 5450 1571 5504 ab
1602 5449 1861 5518 apostolis
1890 5465 2045 5505 acce—

567 5653 611 5683 “
636 5651 755 5706 Lib.
789 5667 849 5704 ιιι
898 5652 1064 5716 Πὶδῑ..
1103 5671 1151 5708 c.
1184 5653 1274 5717 56;
1300 5654 1338 5707 l.
1371 5668 1442 5713 Iv,
1500 5667 1549 5706 c.
1586 5651 1672 5705 Η.

510 5720 648 5790 Περὶ
671 5721 893 5790 ἀρχῶν.
923 5725 966 5753 ’⁸
990 5722 1108 5776 Lib.
1142 5738 1199 5775 ιιι
1256 5722 1397 5776 Hist.
1461 5738 1509 5775 ο.
1573 5722 1639 5775 l2
1672 5729 1725 5777 et
1780 5722 1869 5777 32.

500 5793 543 5824 ³³
575 5791 797 5848 Catech.
852 5794 937 5850 18.
1016 5795 1060 5825 ²²
1101 5792 1262 5861 Resp.
1322 5792 1385 5847 74
1448 5792 1639 5860 Basi|.,
1673 5807 1721 5847 c.
1754 5792 1843 5847 29.

1754 5652 1795 5682 18
1827 5652 1847 5683 1
1872 5667 1935 5683 nn
2015 5652 2060 5683 ,ιῖ

1827 5649 1956 5708 Loe.
2015 5668 2032 5706 ι

1827 5722 1869 5777 2.
1951 5723 2032 5775 ’91

2133 5661 2164 5706 ι.
2247 5649 2287 5679 ¹⁶
2322 5649 2436 5704 Lib.
2482 5663 2564 5708 ιιι,
2607 5660 2658 5700 c.
2719 5649 2804 5699 15.
2909 5649 2948 5675 ¹⁷
2986 5649 3102 5697 Lib.
3141 5658 3194 5697 tv
3238 5649 3460 5706 Strom;
3527 5649 3621 5694 lib.
3670 5654 3704 5694 ιι

2148 5720 2391 5776 scriotor.
2468 5719 2512 5751 ὀ
2540 5716 2598 5771 ιιι
2660 5727 2781 5785 cap.
2836 5716 2908 5773 ιιι
2971 5713 3096 5770 lsai.
3160 5728 3214 5771 et
3259 5727 3379 5783 cap.
3409 5728 3462 5770 iv
3507 5710 3708 5783 Ephes.

2150 4622 2422 4681 scribendi
2480 4620 2779 4691 quaesieris.
2837 4617 2928 4672 Sic
2973 4617 3116 4687 quod
3154 4617 3386 4687 epistola
3449 4614 3711 4669 Romana:

2152 4716 2429 4780 Ecclesiae,
2455 4729 2565 4768 non
2595 4727 2723 4767 vero
2752 4709 2992 4780 episcopi
3031 4716 3084 4761 et
3128 4708 3568 4779 presbyterorum
3616 4717 3710 4762 aut

2150 4807 2389 4879 episc0pi
2443 4806 2615 4861 solius
2667 4803 2885 4857 nomine
2936 4807 3158 4854 exarata
3204 4806 3307 4861 est,
3354 4797 3512 4852 alteri
3562 4800 3710 4853 aetati

2151 4913 2315 4970 quam
2348 4897 2447 4953 soli
2490 4894 2801 4965 apostolica:
2830 4906 2936 4944 non
2966 4890 3255 4945 convenit:
3292 4889 3551 4961 paulatim
3588 4903 3712 4943 cre-

2153 4998 2339 5045 scente
2382 4988 2705 5042 auctoritate
2755 4982 2989 5053 primum
3039 4982 3247 5052 collegii
3300 4980 3707 5052 presbyteralis,

2147 5082 2277 5137 inde
2308 5081 2470 5135 unius
2498 5076 2761 5149 episcopi,
2814 5081 2867 5128 et
2918 5075 3120 5128 sensim
3150 5088 3179 5126 a
3203 5073 3486 5127 curatione
3534 5087 3714 5127 sacra-

2148 5190 2272 5230 rum
2311 5188 2492 5228 rerum
2531 5178 2741 5225 remoto
2769 5168 2989 5238 p0pulo.
3032 5166 3279 5235 Sequens
3321 5164 3486 5219 etiam
3538 5179 3715 5218 aevum

2152 5269 2311 5337 longe
2348 5265 2503 5318 aliter
2533 5263 2600 5317 de
2637 5276 2866 5331 persona
2899 5260 3105 5315 Christi
3145 5258 3385 5313 locutum
3433 5265 3557 5312 est:
3586 5272 3713 5311 cum

2153 5360 2244 5413 hic
2274 5374 2381 5412 non
2417 5356 2531 5410 fere
2557 5354 2659 5407 alia
2685 5353 2948 5423 reperias,
2967 5367 3128 5421 quam
3148 5350 3237 5404 illa
3268 5351 3465 5420 quibus
3495 5348 3553 5404 S.
3573 5347 3718 5405 Pau-

2159 5452 2245 5505 lus
2274 5457 2358 5503 est
2382 5464 2534 5504 usus.
2563 5444 2757 5500 Videre
2786 5445 2950 5499 etiam
2985 5443 3071 5496 hic
3094 5448 3178 5496 est
3208 5445 3262 5495 in
3291 5441 3484 5496 ordine
3505 5440 3692 5495 hierar

3527 5641 3621 5694 lib.
3670 5654 3704 5694 ιι

2247 5649 2287 5679 ¹⁶
2322 5649 2436 5704 Lib.
2482 5663 2564 5708 ιιι,
2607 5660 2658 5700 c.
2719 5644 2804 5699 15.
2909 5644 2948 5675 ¹⁷
2986 5641 3102 5697 Lib.
3141 5658 3194 5697 tv
3238 5640 3460 5706 Strom.;
