4074 6286
327 457 395 513 ss
1595 446 1947 513 PROOEMIX
1988 454 2378 511 VARIORUM.
3518 436 3607 509 ἐι

335 581 492 633 chico
521 576 813 651 numerari
842 592 952 631 non
986 578 1121 632 alios
1152 591 1315 645 quam
1342 576 1631 646 episcopos
1663 586 1714 630 et
1743 574 1930 630 diaeo-
1962 588 2006 636 Α
2038 573 2417 644 deprehendas
2448 546 2590 641 quod
2624 570 2853 626 Photius
2912 571 3144 637 notavit,
3198 588 3393 643 nempe
3425 577 3589 643 vagus

334 688 453 731 nos,
486 668 731 739 episcOpi
781 669 1009 723 nomine
1054 668 1632 738 omnespresbyterds
1670 683 1922 737 compre-

339 761 599 815 hendente
639 778 654 814 :
686 775 861 815 secus
904 774 1065 829 quam
1097 758 1241 812 infra
1279 758 1583 828 apostolica
1611 765 1665 812 et
1698 765 1921 826 aposto-

333 854 452 908 licis
490 851 770 906 viciniora
823 859 1069 922 tempora
1115 851 1374 905 obtinuit.
1423 849 1562 904 Huic
1615 849 1711 904 uni
1771 849 1917 904 aetati

327 945 488 1001 etiam
522 959 775 1015 congrua
823 953 911 1000 est
949 943 1348 999 sacriﬁciorum
1374 944 1672 998 celebratio
1704 944 1761 997 in
1789 942 1919 998 Ilie-

324 1037 727 1107 rosolymitano
755 1036 982 1106 templo,
1009 1035 1170 1104 cujus
1211 1035 1327 1090 hate
1360 1033 1602 1105 Epistola
1646 1036 1917 1091 meminit.

325 1128 490 1182 Multa
518 1127 628 1180 alia
659 1143 772 1181 non
806 1128 1079 1183 simulatae
1125 1127 1420 1181 vetustatis
1455 1125 1659 1180 indicia
1690 1142 1921 1198 congcs-

325 1221 397 1273 sit
416 1216 573 1288 Hugo
605 1216 856 1281 Grotius,
890 1218 976 1270 vir
1003 1230 1277 1282 summus,
1313 1216 1546 1287 epistola
1578 1216 1818 1286 quadam
1850 1218 1918 1271 ad

324 1308 721 1381 Hieronymum
768 1309 1115 1380 Bignonium,
1156 1325 1279 1378 qua:
1322 1309 1377 1362 in
1436 1309 1578 1363 libro
1621 1307 1916 1377 Epistolar.

322 1399 395 1453 ad
426 1398 612 1453 Gallos
653 1406 739 1454 est
786 1415 909 1457 cuv
953 1413 1123 1469 :quae
1162 1415 1272 1454 non
1336 1415 1565 1471 possum
1624 1416 1734 1455 non
1788 1418 1920 1473 pro-

322 1493 493 1548 bare:
523 1493 633 1547 nisi
664 1492 721 1545 in
764 1506 832 1546 eo
862 1493 1130 1547 erraverit
1161 1493 1252 1547 ille
1308 1493 1336 1544 ὁ
1366 1492 1531 1555 πάνυ,
1570 1494 1717 1563 quod
1758 1504 1919 1564 neget

322 1584 665 1641 Clementem
698 1584 909 1655 aliquid
937 1601 1004 1640 ex
1038 1584 1372 1655 Evangeliis,
1399 1601 1520 1656 quae
1549 1586 1913 1656 appellamus,

321 1676 647 1739 adduxisse,
686 1690 813 1729 cum
842 1682 1030 1730 tamen
1060 1690 1127 1728 ex
1162 1672 1221 1729 S.
1255 1672 1417 1728 Lucae
1465 1689 1588 1743 cap.
1642 1689 1695 1728 v1
1750 1674 1916 1729 verba

326 1766 551 1822 Domini
600 1767 778 1823 nostri
826 1767 937 1822 sint
980 1767 1232 1837 repetita.
1277 1765 1425 1821 Satis
1471 1781 1604 1821 vero
1636 1766 1721 1822 vel
1768 1766 1859 1821 illa
1886 1780 1915 1820 a

322 1859 483 1915 nobis
513 1860 679 1913 allata
702 1867 830 1914 sunt
862 1858 1017 1929 paria
1042 1856 1385 1913 vindicanda:
1411 1874 1525 1914 suae
1555 1858 1809 1929 dignitati
1836 1857 1915 1911 illi

2030 662 2153 714 σεαν
2221 661 2315 714 καὶ
2400 660 2723 730 παραίνεσιν
2805 661 3115 731 κρείττονος
3182 661 3321 733 βίου,
3406 667 3501 718 καὶ
3552 667 3601 721 Et

2026 753 2168 823 ἀρχῇ
2253 751 2313 804 τὸ
2378 752 2640 821 κήρυγμα
2695 748 2933 821 Χριστοῦ
3018 749 3113 803 τοῦ
3182 750 3334 805 Θεοῦ.
3402 751 3608 819 Solam,

2025 845 2307 907 nimirum,
2372 843 2522 897 illam
2598 842 2829 913 primam
2891 857 3017 896 cum
3079 845 3229 898 omni
3284 845 3609 916 antiquitate

2024 952 2342 1009 germanam
2441 950 2679 1005 agnosco
2741 954 2753 988 :
2807 935 3034 989 alteram
3090 953 3200 991 non
3276 938 3427 1003 item,
3507 941 3609 996 etsi

2026 1029 2098 1083 sit
2156 1036 2394 1090 vetusta,
2448 1035 2502 1081 et
2537 1027 2696 1097 longe
2749 1028 2993 1081 melioris
3049 1038 3208 1094 nota,
3256 1036 3420 1100 atque
3483 1037 3612 1085 sunt

2022 1120 2264 1189 illasquze
2293 1119 2458 1189 vulgo
2488 1120 2632 1189 apud
2664 1117 2888 1174 Latinos
2926 1118 3224 1176 Clementis
3257 1123 3479 1177 nomine
3500 1121 3612 1176 cir-

2023 1208 2431 1263 cumferuntur.
2476 1207 2543 1261 Et
2586 1224 2719 1264 vero
2769 1210 2991 1264 nonnisi
3026 1213 3243 1266 unicam
3275 1228 3302 1265 a
3333 1210 3611 1267 Clemente

2019 1303 2308 1372 epistolam
2343 1301 2646 1372 profectam
2682 1319 2826 1368 esse,
2860 1304 3069 1375 reliqua
3102 1321 3232 1360 vero
3260 1309 3464 1371 omnia,
3490 1322 3610 1376 quae

2020 1396 2137 1451 sive
2159 1393 2627 1449 Constitutiomnn
2659 1396 3105 1466 apostolicarum,
3124 1398 3238 1452 sive
3255 1396 3608 1469 Recognitio-

2022 1503 2175 1549 num,
2227 1488 2350 1543 sive
2385 1486 2756 1558 Epistolarum
2810 1489 3036 1545 nomine
3087 1491 3336 1555 veniunt,
3388 1494 3607 1547 mentiri

2022 1592 2327 1646 auctorem,
2358 1583 2443 1637 vel
2504 1583 2641 1636 illud
2675 1599 2846 1638 unum
2883 1600 2982 1654 pro
3011 1584 3312 1640 sufficiente
3335 1596 3417 1640 est
3445 1601 3609 1657 argu-

2021 1684 2231 1743 mento,
2260 1676 2408 1746 quod
2441 1673 2497 1730 S.
2530 1674 2770 1731 [renatus
2799 1678 3019 1731 nonnisi
3057 1680 3273 1731 unicam
3315 1678 3460 1731 illam
3498 1679 3608 1732 lau-

2020 1766 2113 1823 det
2141 1769 2198 1823 in
2234 1768 2484 1824 veritatis
2531 1769 2821 1823 catholica:
2852 1768 3254 1832 testimonium,
3314 1768 3444 1823 dum
3488 1778 3606 1825 stu-

2024 1860 2181 1916 diose
2205 1869 2485 1932 oppugnat
2525 1861 2785 1925 haereses,
2818 1863 3204 1933 episcoporum
3232 1860 3610 1916 Romanorum

322 1960 530 2006 nostra:
572 1951 821 2022 epistolae
850 1967 865 2003 :
899 1966 1075 2021 eoque
1113 1951 1249 2004 nihil
1283 1953 1479 2007 attinet
1504 1953 1663 2023 plura
1693 1952 1749 2006 in
1780 1967 1913 2006 con-
1946 1941 1988 1996 Β
2018 1968 2313 2009 consensu.
2373 1953 2492 2007 lmo
2546 1954 2685 2006 tanti
2716 1960 2799 2008 est
2845 1952 3064 2007 roboris
3098 1952 3191 2007 illa
3223 1950 3409 2007 lrenaei
3458 1967 3611 2005 com-

324 2043 697 2097 ﬁrmationem
732 2059 881 2098 nunc
907 2043 1234 2114 producere.
1275 2042 1342 2098 Et
1373 2058 1507 2099 sane
1534 2044 1632 2098 tibi
1666 2042 1911 2113 quidem,

322 2136 392 2188 mi
419 2134 664 2199 Madere,
697 2134 937 2191 fortasse
973 2134 1106 2191 satis
1143 2141 1229 2189 est
1261 2134 1337 2199 id,
1373 2134 1520 2205 quod
1567 2134 1789 2189 nemine
1818 2133 1914 2187 ad-

320 2236 577 2281 versante
612 2242 809 2301 om‘nes
838 2227 1083 2291 omnino,
1116 2241 1286 2297 penes
1323 2242 1463 2297 quos
1512 2225 1678 2281 hodie
1707 2227 1915 2282 critica:

322 2333 549 2390 regnum
581 2326 685 2378 est,
721 2317 1017 2389 Epistulam
1052 2318 1198 2373 hanc
1228 2326 1288 2373 ut
1339 2335 1654 2390 germanam
1714 2319 1917 2375 admit-

320 2420 459 2467 tant.
497 2410 709 2478 Quidni
742 2412 887 2466 enim
933 2419 1054 2466 tuto
1080 2412 1335 2482 sequaris
1365 2412 1469 2466 hac
1498 2413 1552 2467 in
1584 2428 1643 2468 re
1670 2411 1912 2476 Grotius,

325 2501 649 2567 Salmasios,
692 2500 961 2567 Calixtos,
1011 2502 1303 2569 Horneios,
1353 2502 1602 2569 Vossius,
1657 2504 1907 2569 Rivetos,

321 2594 658 2659 Blondellos,
694 2594 983 2663 Seldenos,
1018 2595 1293 2662 Petavios,
1330 2596 1625 2661 l’atricios,
1668 2594 1915 2669 alioque

318 2705 579 2745 censores
611 2688 878 2743 librorum
901 2688 1657 2745 exactissimos?Pra:-sertim
1689 2690 1733 2746 si
1753 2705 1916 2745 nemo

323 2782 537 2837 doctior
584 2780 905 2848 dissentiat,
949 2788 1010 2836 ut
1054 2781 1143 2836 hic
1180 2780 1460 2847 dissentit,
1515 2781 1664 2852 quod
1718 2781 1913 2847 sciam,

323 2887 497 2928 nemo.

386 2961 610 3033 Loquor
646 2979 802 3028 vero,
841 2964 922 3019 uti
951 2963 1179 3029 novisti,
1208 2970 1421 3018 tantum
1452 2963 1519 3018 de
1540 2962 1790 3035 Epistola
1824 2964 1917 3018 illa

322 3056 614 3127 prolixiore
648 3055 721 3110 ad
746 3055 1089 3120 Corinthios,
1122 3072 1231 3112 non
1265 3057 1333 3112 de
1368 3057 1538 3112 altera
1579 3058 1707 3120 ista,
1752 3056 1913 3125 cujus

324 3150 683 3220 fragmentum
715 3147 908 3203 itidem
942 3149 1241 3219 publicavit
1264 3147 1537 3205 Patricius
1568 3148 1658 3203 ille
1690 3146 1912 3204 Junius.

315 3239 627 3311 Quanquam
652 3248 714 3295 et
746 3239 896 3293 hanc
928 3238 1234 3293 existimem
1263 3254 1386 3294 esse
1423 3239 1571 3292 illam
1600 3230 1794 3293 Phbtio
1842 3239 1918 3293 le-

2018 2044 2311 2108 mendatio,
2348 2050 2407 2097 ut
2435 2058 2534 2113 par
2569 2044 2640 2099 sit
2670 2044 3004 2114 reliquorum
3032 2044 3193 2099 etiam
3225 2043 3611 2114 episcoporum

2019 2136 2389 2190 Romanorum
2424 2136 2545 2205 ejus
2574 2136 2672 2190 aevi
2708 2136 2979 2207 epistolis,
3013 2151 3153 2205 quas
3193 2135 3437 2189 Isidorus
3470 2132 3614 2189 Mer-

2018 2237 2173 2284 cator
2200 2228 2389 2292 edidit,
2411 2227 2533 2283 falsi
2564 2228 2983 2283 convincendis.
3012 2227 3171 2294 Quod
3196 2227 3355 2282 ulcus
3390 2233 3612 2298 tangere

2020 2335 2130 2374 non
2170 2329 2255 2374 est
2288 2318 2454 2389 hujus
2482 2319 2742 2374 instituti.

2089 2412 2160 2467 Ut
2190 2414 2407 2469 redeam
2442 2412 2608 2483 igitur
2638 2413 2703 2467 ad
2735 2411 2981 2483 epistolae
3007 2410 3173 2481 hujus
3205 2425 3338 2465 mea:
3364 2410 3607 2473 initium,

2016 2503 2350 2559 laudabilem
2386 2503 2633 2575 profecto
2672 2519 2895 2575 operam
2927 2512 3155 2574 praestas
3181 2503 3327 2558 bono
3358 2501 3606 2574 publico,

2021 2594 2107 2647 vir
2136 2592 2478 2661 doctissime,
2510 2606 2675 2647 aurea
2726 2593 2818 2646 illa
2874 2593 3167 2663 primitivaz
3201 2590 3462 2646 Ecclesia:
3493 2605 3613 2644 mo-

2020 2694 2307 2750 numenta,
2359 2686 2569 2739 rariora
2614 2685 2841 2738 inventu
2885 2685 3040 2739 hisce
3079 2684 3134 2737 in
3166 2684 3280 2738 oris
3323 2689 3377 2739 et
3418 2682 3611 2752 paucis

2018 2778 2179 2841 lecta,
2213 2775 2421 2830 nostris
2463 2774 2605 2845 typis
2655 2772 2965 2843 publicans.
3025 2772 3145 2827 Non
3202 2786 3427 2843 possum
3478 2786 3611 2825 sane

2018 2883 2120 2938 ego
2151 2882 2261 2921 non
2292 2865 2388 2920 tibi
2426 2873 2622 2919 auctor
2663 2878 2806 2927 esse,
2856 2864 2912 2916 in
2956 2862 3050 2916 illo
3079 2863 3332 2916 instituto
3383 2869 3610 2914 strenue

2019 2957 2304 3029 pergendi.
2344 2954 2629 3025 Ejusmodi
2680 2955 2868 3023 utique
2924 2953 3131 3025 scripta
3175 2957 3413 3013 volvere,
3450 2950 3611 3020 longe

2021 3048 2393 3121 praestabilius
2425 3047 2725 3118 utiliusque
2748 3054 2855 3111 est,
2889 3062 3055 3117 quam
3079 3048 3303 3115 rixosis,
3334 3052 3441 3108 imo
3470 3069 3607 3108 con-

2020 3139 2328 3196 tumeliosis
2380 3138 2583 3194 libellis
2637 3135 2885 3207 legendis
2929 3144 3149 3207 tempus
3186 3146 3385 3205 terere,
3418 3144 3609 3213 quales

2021 3233 2138 3288 haec
2169 3239 2360 3287 nostra
2388 3239 2523 3287 aetas
2557 3238 2761 3286 aeterna
2812 3244 2938 3284 eum
2966 3229 3194 3284 infamia
3238 3231 3351 3287 edit
3400 3234 3607 3304 passim

306 3343 455 3398 ctam,
483 3335 601 3388 imo
624 3332 787 3387 illam
814 3331 976 3401 cujus
1005 3330 1295 3395 Eusebius,
1331 3330 1714 3403 Hieronymus,
1748 3341 1801 3387 et
1823 3331 1915 3386 alii
1944 3300 1986 3359 Ο
2018 3323 2307 3395 plurimos-

298 3425 692 3492 meminerunt,
752 3431 822 3479 ut
867 3421 1136 3479 Clementi
1165 3422 1385 3495 quidem
1419 3423 1628 3478 auctori
1670 3423 1909 3486 tributae,

289 3518 377 3574 sed
399 3534 738 3593 perperam.
778 3514 987 3588 Utique
1013 3518 1158 3573 enim
1210 3517 1265 3571 in
1296 3517 1399 3572 hoc
1433 3516 1554 3587 ipso
1601 3515 1909 3586 fragmento

2093 3416 2249 3481 Vale,
2274 3417 2348 3471 mi
2378 3413 2620 3472 Madere,
2655 3413 2892 3501 etsalve
2935 3414 3253 3485 plurimum.
3304 3414 3610 3477 Helmesta-

2013 3511 2089 3566 dii
2116 3512 2171 3566 in
2193 3509 2361 3566 Acad.
2392 3507 2538 3564 Julia
2574 3506 2734 3573 1654,
2773 3522 2830 3562 vr
2858 3506 2981 3563 Kal.
3018 3505 3298 3564 Decembr.

3222 3687 3244 3717 Ι

974 3849 1659 3967 JOACHIMI
1735 3848 2340 3967 JOANNlS
2418 3850 2965 3965 MADERI

1133 4132 1284 4219 AD
1356 4128 1998 4223 LECTOBEM
2070 4129 2779 4223 'PBIEFATIO.

371 4401 637 4475 Properat
654 4400 729 4455 ad
752 4408 835 4463 te,
854 4395 1053 4451 Lector
1074 4395 1357 4459 benevole,
1379 4396 1493 4449 haec
1510 4394 1813 4451 Clementis
1840 4395 1911 4449 ad

314 4490 620 4547 Corinthios
631 4488 882 4560 epistola
899 4487 1201 4557 ἱκανωτάτη
1217 4487 1310 4539 καὶ
1326 4485 1625 4557 θαυμασία,
1634 4487 1791 4555 juxta
1806 4487 1919 4542 Ire-

2018 4394 2219 4451 nebula
2266 4411 2442 4466 nuper
2489 4393 2758 4450 voluisset
2786 4393 3084 4459 obducere,
3113 4403 3168 4450 et
3198 4396 3363 4467 hujus
3410 4397 3603 4472 scripti

2020 4487 2353 4558 γνησιότητα.
2406 4495 2615 4542 temere
2662 4486 2830 4542 nimis
2876 4496 3040 4558 atque
3078 4489 3483 4549 inconsiderate
3505 4507 3603 4549 ne-

327 4600 490 4637 catum
517 4591 572 4638 et
595 4581 936 4640 Eusebium,
969 4579 1156 4633 multis
1176 4578 1291 4648 jam
1321 4580 1541 4635 saeculis
1574 4579 1908 4636 desiderata.
1944 4602 1988 4657 ι)
2017 4594 2168 4651 gare.
2224 4578 2369 4635 Sane
2418 4579 2475 4633 in
2504 4579 2822 4635 verminoso
2848 4581 2993 4636 libro
3023 4597 3126 4636 suo
3162 4599 3325 4654 quem
3358 4585 3598 4651 interim,

327 4673 450 4729 Luci
489 4675 640 4727 illam
664 4689 782 4727 non
806 4673 887 4725 ita
911 4670 1124 4739 pridem
1167 4671 1393 4725 donavit
1441 4687 1662 4727 rursum
1695 4674 1778 4726 vir
1800 4674 1915 4726 cla-

330 4768 574 4824 rissimus
602 4766 886 4821 Patricius
935 4762 1153 4828 Junius,
1187 4766 1548 4829 serenissimi,
1597 4766 1701 4820 heu
1733 4780 1915 4836 quon-

331 4858 475 4915 dam!
543 4860 963 4914 Britanniarum
1033 4872 1181 4930 regis
1252 4857 1750 4920 bibliothecarius,
1823 4856 1914 4911 cui

333 4961 612 5022 propterea
645 4952 917 5006 maximas
945 4962 1095 5005 certe
1119 4950 1328 5021 gratias
1354 4948 1639 5004 debemus.
1685 4948 1916 5015 Quantae

333 5058 459 5099 vero
492 5044 638 5115 apud
660 5051 876 5098 veteres
902 5041 1067 5096 fuerit
1089 5042 1463 5103 auctoritatis,
1508 5048 1590 5096 tot
1638 5043 1739 5097 tibi
1792 5043 1915 5096 illo-

329 5147 475 5197 rum,
524 5150 666 5206 quos
709 5133 974 5203 deinceps
1006 5132 1351 5198 exhibemus,
1406 5144 1710 5204 suggerunt
1752 5135 1913 5189 testi-

332 5228 542 5293 monia;
570 5241 696 5296 qua:
718 5241 829 5279 una
859 5240 986 5279 cum
1037 5224 1161 5279 aliis
1203 5226 1538 5295 propheticis
1562 5226 1916 5295 apostolicis-

330 5332 436 5387 que
458 5319 678 5388 scriptis
728 5316 833 5388 legi
864 5316 993 5369 olim
1029 5315 1085 5370 in
1123 5316 1448 5385 quibusdam
1484 5315 1745 5371 Ecclesiis
1776 5316 1914 5371 soli—

336 5416 466 5472 tam,
498 5410 658 5463 ﬁdem
692 5407 927 5470 faciunt,
957 5407 1255 5478 itidemque
1275 5407 1341 5461 de
1382 5422 1549 5461 causa
1594 5406 1912 5476 scriptionis

338 5505 387 5549 et
406 5499 528 5569 styli
552 5514 755 5568 genere
783 5508 836 5553 te
854 5498 1146 5553 certiorem
1175 5498 1433 5554 reddunt.
1467 5497 1588 5553 Non
1614 5514 1746 5569 ergo
1767 5507 1911 5563 erat,

339 5604 441 5655 quo
470 5598 521 5644 te
556 5591 797 5659 amplius
827 5604 1093 5652 morarer,
1142 5590 1588 5662 quandoquidem
1633 5606 1913 5660 nunquam

340 5680 469 5735 satis
496 5680 756 5735 laudatus
779 5679 1053 5753 Patricius
1076 5694 1175 5734 sua
1200 5682 1267 5735 ad
1288 5680 1570 5736 Lectorcm
1599 5681 1915 5750 praefatione

341 5778 573 5827 veterum
606 5770 951 5829 testimoniis
982 5786 1147 5841 supra
1170 5774 1438 5837 subnexa,
1475 5775 1530 5829 in
1559 5776 1786 5845 reliquis
1816 5775 1912 5830 tibi

341 5870 544 5931 poterat
593 5862 923 5922 satisfacere
977 5862 1079 5918 :ni
1104 5861 1294 5920 fuisset
1343 5865 1435 5935 qui
1477 5873 1689 5921 tantam
1736 5867 1910 5922 lucem

2017 4672 2149 4727 dum
2173 4672 2241 4727 de
2266 4672 2371 4727 hac
2403 4672 2646 4728 editione
2676 4672 2878 4744 cogito,
2917 4673 2973 4728 in
3000 4675 3195 4746 vulgus
3225 4677 3431 4744 emisit,
3485 4687 3600 4734 tam

2017 4764 2280 4820 audacter
2324 4762 2525 4818 famam
2557 4765 2679 4834 ejus
2707 4766 2938 4829 arrodit,
2974 4775 3035 4821 ut
3067 4784 3135 4823 ne
3174 4770 3339 4826 tineis
3374 4771 3598 4841 quidem

2015 4856 2378 4926 trucibusque
2430 4856 2639 4921 blattis,
2692 4873 2817 4927 quae
2858 4858 3123 4914 damnum
3171 4862 3274 4931 ipsi
3311 4863 3423 4931 jam
3472 4870 3599 4916 ante

2016 4964 2290 5005 summum
2323 4949 2640 5015 intulerant,
2673 4951 3034 5007 mordaeitate
3063 4953 3240 5008 cedat.
3277 4952 3387 5008 Nec
3415 4961 3599 5008 tamen

2014 5042 2199 5098 virum
2233 5042 2398 5096 istum
2423 5042 2561 5098 alias
2589 5058 2871 5113 magnum,
2901 5045 2984 5098 vel
3015 5045 3156 5099 hanc
3181 5045 3491 5115 epistolam.
3515 5047 3601 5099 vel

2016 5138 2137 5193 loca
2168 5143 2457 5191 auctorum
2495 5150 2527 5188 a
2557 5135 2763 5205 quibus
2795 5136 3116 5191 testimonia
3148 5135 3341 5202 sumit,
3392 5143 3600 5192 attente

2018 5242 2261 5298 unquam
2293 5241 2420 5282 reor
2463 5227 2667 5297 legisse
2694 5233 2750 5281 et
2784 5228 2956 5297 probe
2980 5228 3344 5293 examinasse,
3378 5226 3473 5284 sed
3514 5228 3600 5281 fu-

2019 5333 2142 5373 cum
2198 5318 2382 5388 potius
2430 5316 2867 5387 simplicioribus
2909 5332 3103 5386 parum
3150 5317 3222 5372 ab
3272 5318 3599 5387 antiquitate

2016 5409 2302 5465 instructis
2346 5408 2531 5463 facere
2562 5408 2826 5463 voluisse.
2866 5405 2933 5461 Ut
2964 5409 3111 5461 enim
3155 5410 3376 5464 silentio
3418 5411 3598 5464 invol-

2013 5515 2139 5557 vam
2167 5499 2365 5556 frivola
2392 5501 2498 5556 ista
2529 5498 2599 5554 de
2630 5498 2802 5552 minio
2827 5498 3015 5565 rubro,
3042 5515 3154 5569 quo
3184 5501 3398 5556 lacuna:
3422 5503 3475 5555 in
3502 5519 3599 5558 su-

2017 5590 2234 5662 periore
2275 5592 2521 5647 editione
2564 5604 2763 5659 magna
2790 5588 3072 5658 diligentia
3106 5603 3235 5646 sunt
3283 5602 3503 5657 notatae,
3541 5602 3597 5648 et

2016 5699 2139 5755 qua:
2167 5692 2429 5753 praeterea
2457 5680 2527 5735 de
2554 5681 2682 5750 styli
2713 5680 3065 5750 simplicitate
3085 5690 3140 5738 et
3174 5684 3451 5738 incondita
3473 5685 3595 5754 ejus

2019 5776 2361 5833 connexione
2391 5772 2623 5846 profert,
2656 5778 2717 5827 ut
2761 5772 3088 5842 jamdudum
3131 5778 3236 5846 ipsi
3267 5776 3461 5831 Photio
3491 5779 3593 5832 ob-

2020 5878 2237 5927 servata
2271 5887 2283 5899 -
2326 5866 2559 5938 primum
2594 5867 2968 5939 imprudenter
3002 5878 3136 5925 satis
3182 5869 3593 5926 consarcinata-
