4074 6286
466 425 538 479 55
1591 422 1679 477 AD
1721 423 1777 480 S.
1819 420 2239 477 CLEMENTEM
2283 421 2301 474 l
2340 419 2571 475 PAPAM
3651 428 3718 483 56

465 553 580 598 rem
605 536 848 607 epistolae
898 535 994 607 (ita
1020 552 1255 608 namque
1297 538 1418 608 ejus
1463 547 1661 593 sonant
1696 538 2041 606 Germanica)
2073 545 2112 599 Α
2147 537 2293 591 ὸοηίε
2319 535 2441 605 ﬁdei
2472 537 2789 591 conscientia
2816 539 2896 592 illi
2928 540 3291 595 insanierunt.
3323 539 3398 593 lta
3429 538 3491 593 D.
3517 538 3719 595 Paulus

466 630 639 685 multa
666 628 919 682 omisisse
949 628 1045 692 ait,
1078 644 1199 698 quae
1221 630 1323 684 sub
1350 628 1646 684 Clementis
1677 626 1911 683 Romani
1931 644 2034 683 no-

467 723 611 777 mine
662 721 731 775 ab
769 720 893 775 aliis
924 718 1183 774 Patribus
1213 721 1479 784 citentur,
1532 722 1681 777 velut
1722 719 2039 792 Hieronymi

468 815 644 871 locum
676 813 731 867 in
758 826 877 887 cap.
933 827 971 867 It
1016 813 1082 867 ad
1112 812 1378 882 Ephesios
1411 832 1424 869 :
1458 812 1699 867 Oceanus
1743 825 1793 867 et
1854 812 2041 866 mundi

465 908 554 977 qui
608 915 757 960 trans
807 906 979 973 ipsum
1016 915 1170 967 sunt;
1227 911 1283 959 et
1333 905 1386 960 in
1440 912 1698 975 quartum
1748 905 2034 974 ejusdem:

477 998 755 1053 Vinculum
784 997 1060 1050 charitatis
1092 996 1192 1049 Dei
1233 998 1349 1067 quis
1377 1006 1543 1066 potest
1568 1012 1820 1051 enarrare
1839 1002 2034 1065 ?quaSI

466 1108 578 1146 non
618 1099 934 1159 utrumque,
966 1089 1100 1143 illud
1141 1089 1351 1144 scilicet
1414 1105 1535 1159 pag.
1569 1088 1641 1143 29
1677 1088 1781 1145 sub
1836 1088 1996 1143 ﬁnem
2019 1128 2035 1153 ,

468 1184 571 1239 hoc
598 1199 720 1254 pag.
753 1182 823 1237 65
865 1182 1012 1236 clare
1055 1182 1364 1236 inveniatur
1386 1184 1671 1251 scriptum.
1708 1180 1806 1236 llis
1839 1181 2040 1235 subne-

466 1277 585 1340 ctit,
621 1276 788 1330 etiam
837 1275 1236 1329 centuriatores
1266 1273 1536 1345 Magdeb.,
1566 1281 1836 1335 centum,
1858 1274 1953 1329 lib.
1980 1273 2035 1338 2,

466 1386 521 1429 ι,
556 1370 881 1423 observasse
929 1366 1064 1420 illud
1093 1365 1241 1437 quod
1269 1366 1509 1422 Basilius
1533 1365 1767 1437 Magnus
1812 1382 1937 1435 cap.
1968 1366 2039 1422 29

468 1460 593 1513 libri
626 1458 703 1512 De
730 1458 936 1527 Spiritu
968 1457 1026 1514 S.
1063 1474 1129 1513 ex
1173 1457 1277 1512 hoc
1320 1457 1602 1513 Clemente
1653 1460 1782 1513 citat
1828 1460 1881 1513 in
1923 1459 2040 1513 huic

465 1551 645 1611 verba
679 1551 943 1620 scriptum
971 1569 985 1605 ε
1016 1549 1119 1605 Sed
1153 1560 1203 1605 et
1256 1548 1494 1604 Clemens
1525 1549 1796 1604 Romanus
1829 1568 1847 1605 :
1883 1569 1901 1603 ι
1942 1551 2039 1605 Ve-

466 1640 564 1704 nit,
590 1640 777 1707 inquit,
814 1637 951 1691 Deus
978 1638 1245 1692 Dominus
1273 1637 1431 1693 Iesus
1459 1637 1703 1694 Christus
1727 1650 1776 1693 et
1804 1639 2037 1698 Spiritus

464 1739 703 1794 sanctus,
746 1749 765 1781 ›
799 1730 853 1783 in
884 1745 946 1784 ea
979 1746 1101 1800 qua:
1132 1742 1246 1784 tum
1272 1731 1525 1785 exstabat
1548 1731 1788 1786 editione
1808 1747 1915 1787 non
1942 1748 2042 1802 po-

464 1820 638 1875 tuisse
688 1821 939 1890 reperiri.
981 1821 1194 1875 Mallem
1250 1836 1380 1876 vero
1421 1822 1736 1877 ostenderet
1775 1823 2035 1894 aliquam,

465 1926 586 1980 qua:
617 1918 730 1963 tum
763 1912 1057 1975 exstiterit,
1094 1911 1260 1980 hujus
1289 1913 1537 1982 epistolae
1566 1891 1885 1969 editionem:
1930 1915 2037 1985 lpsi
2070 1891 2112 1950 Β

464 2003 866 2058 centuriatores
896 2004 1061 2073 paulo
1100 2012 1227 2058 ante
1255 2005 1447 2061 eodem
1482 2005 1575 2060 illo
1603 2006 1784 2079 capite
1810 2026 1821 2061 :
1847 2005 2041 2061 Memi-

465 2104 671 2155 nerant,
702 2095 976 2164 inquiunt,
1005 2096 1243 2163 epistola:
1265 2096 1543 2165 cujusdam
1578 2098 1694 2159 eius
1732 2100 1803 2152 ad
1852 2098 2043 2153 Corin-

467 2185 598 2238 thios
632 2183 892 2251 lrenwus,
944 2183 1204 2239 Eusebius
1234 2196 1281 2238 et
1334 2185 1713 2254 Hieronymus,
1744 2204 1861 2257 quis
1888 2187 2042 2241 hodie

462 2292 720 2347 nusquam
752 2284 946 2330 exstat.
972 2274 1114 2329 Num
1140 2290 1268 2342 ergo
1300 2275 1561 2346 deinceps
1591 2277 1694 2333 sibi
1741 2278 1878 2348 ipsis
1915 2294 2044 2335 con-

462 2369 777 2423 tradicunt?
805 2367 921 2422 Non
952 2383 1122 2424 sane:
1154 2370 1250 2425 sed
1275 2369 1435 2438 longe
1458 2370 1568 2424 illis
1598 2358 1882 2427 mensalia
1911 2389 2038 2428 ver-

463 2454 547 2507 bis
577 2470 604 2506 a
631 2455 792 2531 paulo
817 2462 943 2508 ante
966 2453 1252 2524 productis
1288 2475 1300 2510 :
1336 2454 1626 2525 Incertum,
1657 2460 1831 2525 aiunt,
1858 2470 2037 2517 utrunt

460 2558 526 2596 ex
550 2560 611 2596 ea
643 2542 905 2612 Epistula,
935 2563 1003 2598 an
1030 2562 1095 2600 ex
1125 2547 1230 2600 alio
1278 2550 1455 2618 aliquo
1506 2550 1789 2607 Clementis
1818 2556 2035 2624 scripto,

462 2635 698 2695 Basilius
760 2638 816 2690 in
859 2638 991 2693 libro
1020 2638 1096 2696 De
1144 2639 1350 2709 Spiritu
1388 2641 1444 2698 S.
1473 2659 1587 2713 cap.
1633 2645 1724 2711 29,
1770 2647 1879 2701 ha’c
1926 2666 2039 2702 uer-

461 2726 527 2779 ba
560 2728 836 2796 protulerit
890 2731 944 2784 in
1012 2734 1405 2788 enumeratione
1449 2738 1869 2793 testimoniorum
1941 2740 2041 2795 do-

459 2826 664 2872 ctorum
746 2829 973 2874 veterum
1024 2822 1088 2876 de
1148 2823 1447 2887 Trinitate;
1512 2827 1602 2881 sed
1667 2837 1718 2883 et
1783 2828 2023 2886 Clemens

459 2908 757 2978 Rom.,etc.
787 2913 865 2967 Ex
892 2914 1094 2984 quibus
1113 2917 1324 2987 paucis,
1348 2919 1522 2974 amice
1545 2917 1767 2985 Lector,
1786 2921 2039 2990 judicare

462 3018 652 3072 posses
682 3021 869 3075 quam,
901 3008 1131 3074 scilicet,
1175 3009 1231 3063 in
1255 3011 1480 3081 reliquis
1501 3013 1677 3067 oratio
1697 3013 1818 3083 ejus
1836 3029 2041 3069 merea-

459 3110 550 3153 tur
578 3098 759 3166 ﬁdem,
788 3100 1035 3172 adeoque
1071 3102 1215 3172 quod
1262 3105 1556 3173 proverbio
1601 3105 1825 3170 dicitur,
1851 3106 2037 3181 exuuii

460 3189 765 3261 κρασπέδου
781 3190 841 3242 τὸ
859 3189 1085 3263 ὕφασμα
1112 3192 1422 3260 γινώσκειν,
1440 3194 1495 3247 ni
1510 3195 1666 3265 longe
1686 3197 1901 3266 turpius
1918 3214 2039 3253 sese

462 3282 519 3336 in
547 3282 906 3351 sequentibus
952 3284 1107 3339 daret
1150 3286 1240 3340 ille
1290 3286 1360 3340 ab
1405 3285 1691 3343 allectibus
1731 3300 2036 3346 excaecatus

456 3372 647 3443 judex.
672 3373 808 3429 Cum
834 3375 1052 3444 primis,
1082 3376 1442 3447 inquit,illud
1473 3377 1543 3433 de
1590 3380 1846 3450 phrenice
1884 3396 2037 3437 com-

463 3472 705 3520 mentum
738 3466 920 3536 prodit
952 3475 1229 3524 auctorem
1264 3470 1432 3540 hujus
1460 3470 1724 3540 epistolae,
1772 3489 1882 3528 non
1912 3488 2037 3528 esse

463 3570 586 3609 eum
632 3557 940 3627 adjutorem
977 3560 1033 3614 S.
1062 3560 1337 3623 Pauli,ad
1355 3561 1737 3633 Philippenses
1779 3585 1852 3629 IV,
1889 3566 2033 3635 quod

464 3660 592 3716 pag.
615 3646 685 3700 54
710 3656 763 3702 et
786 3648 855 3704 '55
896 3660 979 3705 est
1013 3650 1271 3720 reperire.
1306 3650 1409 3705 Ubi
1436 3652 1689 3708 Clemens
1728 3654 1818 3708 ille
1847 3670 2036 3724 perso-

463 3746 629 3793 natus
684 3741 726 3793 it
782 3744 1073 3811 probatum
1128 3744 1293 3814 (quod
1340 3746 1563 3801 minime
1593 3763 1781 3802 verum
1813 3753 1919 3821 est)
1950 3766 2039 3805 rc-

463 3832 859 3887 surrectionem
894 3835 1076 3889 carnis
1105 3835 1357 3904 quotidie
1393 3838 1532 3901 ﬁeri,
1568 3840 2036 3908 quemadmodum

464 3937 573 3976 nox
602 3924 787 3987 cubat,
816 3926 1063 3995 exsurgit
1098 3925 1239 3989 dies,
1266 3928 1379 3981 abit
1413 3929 1554 3994 dies,
1598 3946 1705 3985 nox
1736 3932 1940 4002 ingruit
1985 3942 2039 3988 et

468 4014 795 4085 insequitur,
829 4024 934 4072 etc.
965 4016 1066 4071 llic
1092 4020 1363 4088 principio
1385 4036 1493 4074 non
1526 4030 1819 4078 contentus
1850 4039 2037 4079 vocem

465 4110 665 4171 carnis,
695 4124 815 4179 quae
850 4125 1122 4179 nusquam
1146 4110 1201 4164 in
1235 4120 1494 4168 contextu
1525 4125 1826 4185 comparet,
1859 4116 2041 4174 caus'ae

467 4215 582 4255 suae
609 4199 904 4269 probandae
933 4201 1131 4270 gratia,
1160 4201 1496 4268 inseruisse;
1529 4213 1787 4273 prmterea
1842 4222 2038 4277 magna

467 4291 669 4345 iterum
699 4307 822 4344 cum
861 4292 1198 4361 impudentia
1229 4293 1502 4350 haereseos
1528 4312 1651 4351 eum
1696 4298 1861 4353 audet
1904 4298 2041 4354 insi—

466 4382 714 4445 mulare,
781 4382 939 4452 quasi
997 4383 1159 4438 aliine
1225 4385 1507 4455 quippiam
1559 4387 1796 4443 senserit
1854 4391 2041 4443 errori

469 4471 747 4542 Hymenmi
801 4484 855 4527 et
904 4472 1119 4539 Pbileti,
1173 4490 1409 4545 quorum
1460 4476 1656 4548 dogma
1695 4477 1801 4534 hoc
1851 4478 2035 4544 fuerit,

2138 627 2248 697 jam
2275 634 2401 682 ante
2444 637 2577 681 sata:
2615 627 2786 698 frugis
2813 639 3138 699 argumento
3168 631 3629 686 resurrectionem
3665 633 3720 684 iu

2140 716 2321 785 priore
2364 730 2463 769 sua
2494 713 2561 768 ad
2601 715 2917 771 Corinthios
2949 716 3214 787 Epistola,
3255 726 3379 788 cap.
3416 717 3507 781 xv,
3538 720 3720 773 evice-

2140 815 2244 875 rat,
2277 814 2618 876 utunturque
2662 807 2852 860 eadem
2902 807 3172 877 probandi
3198 811 3413 864 ratione
3446 818 3523 864 tot
3561 810 3724 866 dein-

2139 913 2269 967 ceps
2295 898 2646 968 sequentium
2698 899 3027 953 saeculorum
3077 898 3291 954 Patres.
3338 899 3477 955 Cum
3527 903 3721 971 primis

2138 991 2232 1043 illa
2298 997 2515 1045 natura:
2569 990 2897 1048 dormientis
2966 1000 3022 1048 et
3082 994 3423 1064 resurgentis
3469 994 3719 1064 exempla

2150 1081 2464 1153 Septimiani
2496 1084 2622 1154 styli
2649 1083 2933 1156 diligentia
2964 1086 3244 1157 ingeniose
3288 1087 3579 1143 admodum
3622 1104 3715 1144 au-

2140 1182 2228 1246 get
2252 1183 2305 1231 et
2340 1176 2601 1240 illustrat,
2640 1177 2801 1246 plane
2837 1192 2901 1231 ac
2933 1177 2980 1232 si
3008 1178 3155 1232 hunc
3196 1178 3374 1249 ipsum
3423 1179 3719 1238 Clementis

2142 1269 2318 1323 locum
2368 1268 2436 1323 de
2470 1269 2741 1336 industria
2792 1270 2896 1325 sibi
2940 1271 3270 1340 sumpsisset
3314 1273 3715 1332 exornandum.

2139 1364 2348 1432 Aspice,
2381 1362 2578 1433 inquit,
2607 1363 2677 1418 ad
2701 1365 2815 1431 ipsa
2845 1381 3046 1435 quoque
3096 1366 3334 1435 exempla
3360 1366 3549 1422 divina:
3575 1377 3721 1437 pote—

2140 1456 2316 1509 statis.
2351 1454 2472 1509 Dies
2508 1456 2731 1509 moritur
2759 1456 2812 1509 in
2841 1466 3064 1520 noctem,
3096 1468 3145 1511 et
3171 1458 3392 1512 tenebris
3422 1475 3722 1529 usquequa--

2138 1564 2234 1617 que
2249 1535 2516 1616 sepelitur.
2539 1545 2864 1601 Funestatur
2879 1550 3062 1602 mundi
3077 1557 3265 1614 honor,
3284 1552 3453 1604 omnis
3469 1551 3721 1605 substan-

2142 1640 2216 1693 tia
2241 1640 2571 1710 denigratur.
2602 1639 2850 1705 Sordent,
2879 1643 3061 1709 silent,
3093 1654 3298 1711 stupent
3341 1656 3533 1699 cuncta
3559 1661 3575 1699 :
3599 1646 3721 1699 ubi-

2140 1746 2237 1800 que
2256 1730 2528 1797 justitium
2560 1738 2659 1787 est.
2692 1729 2783 1783 Ita
2825 1731 2918 1783 lux
2963 1732 3167 1786 amissa
3196 1732 3423 1801 lugetur,
3454 1743 3504 1789 et
3544 1745 3718 1789 tamen

2140 1838 2326 1876 rursus
2357 1838 2477 1875 cum
2512 1839 2607 1875 suo
2633 1823 2803 1887 cultu,
2830 1840 2947 1877 cum
2982 1824 3126 1889 dote,
3151 1842 3271 1879 cum
3307 1826 3437 1891 sole,
3460 1826 3641 1881 eadem
3669 1838 3720 1882 et

2142 1914 2345 1984 integra
2373 1922 2424 1967 et
2456 1922 2570 1967 tota
2598 1914 2844 1968 universo
2890 1915 3005 1969 orbi
3046 1917 3344 1981 reviviscit;
3396 1918 3719 1989 interﬁciens

2144 2014 2366 2059 mortem
2392 2021 2568 2068 suam,
2596 2016 2821 2067 noctem,
2855 2006 3153 2062 rescindens
3184 2009 3508 2077 sepulturam
3542 2027 3717 2076 suam,

2141 2094 2420 2159 tenebras;
2445 2096 2607 2149 lueres
2635 2095 2842 2149 sibimet
2869 2099 3125 2157 existens,
3175 2097 3338 2151 donec
3358 2110 3407 2152 et
3438 2115 3543 2152 nox
3584 2100 3719 2153 reoi-

2138 2188 2325 2248 viscat,
2356 2202 2475 2239 cum
2505 2202 2600 2243 suo
2632 2186 2726 2240 illo
2760 2198 3026 2258 suggestu.
3067 2187 3539 2243 Redaccenduntur
3578 2192 3721 2245 enim

2139 2286 2189 2353 et
2210 2277 2486 2333 stellarum
2514 2278 2676 2343 radii,
2706 2296 2835 2349 quos
2866 2280 3133 2333 matutina
3161 2281 3431 2334 succensio
3451 2282 3722 2336 exstinxe-

2138 2377 2245 2429 rat,
2270 2366 2594 2422 reducuntur
2626 2380 2676 2422 et
2699 2370 2933 2423 siderum
2958 2367 3232 2431 absentiae,
3253 2384 3386 2438 quas
3408 2370 3723 2440 temporalis

2139 2459 2409 2513 distinctio
2451 2468 2747 2523 exemerat;
2806 2458 3160 2513 redornantur
3196 2468 3247 2512 et
3294 2463 3505 2529 specula
3552 2460 3717 2525 lunw,

2138 2568 2254 2621 qua:
2316 2560 2615 2606 menstruus
2676 2567 2925 2605 numerus
2998 2553 3311 2615 attriverat;
3385 2552 3721 2621 revolvuntur

2139 2645 2332 2699 hiemes
2348 2653 2396 2699 et
2423 2654 2657 2707 aestates,
2682 2660 2839 2697 uerna
2865 2651 2913 2697 et
2938 2651 3217 2707 autumno,
3244 2643 3352 2697 suis
3377 2643 3595 2707 viribus,
3612 2661 3723 2697 mo-

2140 2735 2309 2797 ribus,
2342 2735 2623 2804 fructibus.
2656 2734 2721 2787 Et
2749 2735 2911 2805 paulo
2938 2740 3062 2804 post
3092 2734 3159 2788 de
3194 2735 3453 2805 phmnice
3481 2754 3493 2789 :
3531 2734 3590 2790 Si
3620 2752 3720 2805 pa-

2138 2843 2257 2879 rum
2286 2828 2601 2881 universitas
2634 2827 3070 2880 resurrectionem
3099 2828 3332 2897 ﬁgurat;
3357 2827 3403 2881 si
3433 2827 3567 2879 nihil
3613 2827 3719 2881 tale

2140 2919 2375 2973 conditio.
2419 2920 2616 2990 signat,
2667 2918 2793 2988 quia
2837 2917 3051 2989 singula
3093 2918 3206 2988 ejus
3250 2935 3353 2973 non
3402 2928 3510 2971 tam
3557 2921 3720 2973 moris

2138 3029 2295 3085 quam
2323 3010 2559 3065 desinere
2593 3011 2883 3074 dicantur;
2919 3027 3010 3065 nec
3049 3009 3399 3073 redanimari,
3430 3010 3519 3066 sed
3550 3012 3718 3080 refor-

2142 3106 2279 3159 mari
2299 3106 2687 3166 existimentur,
2710 3104 2885 3172 accipe
2903 3103 3270 3171 plenissimum
3294 3113 3447 3174 atque
3468 3104 3719 3172 ﬁrmissi-

2068 3234 2108 3291 C
2141 3212 2285 3249 mum
2307 3195 2463 3263 hujus
2490 3195 2598 3263 spei
2629 3194 2907 3262 specimen.
2930 3192 3197 3263 Siquidem
3222 3194 3470 3248 animalis
3520 3204 3597 3249 est
3637 3212 3720 3248 res

2140 3297 2188 3343 et
2216 3288 2338 3341 vita:
2381 3285 2609 3338 obnoxia
2637 3294 2685 3339 et
2716 3287 2913 3349 morti;
2945 3285 3098 3337 illum
3125 3284 3241 3338 dico
3274 3286 3452 3339 alitem
3486 3284 3720 3340 Orientis

2139 3379 2487 3448 peculiarem,
2516 3376 2579 3431 de
2616 3376 2990 3446 singularitate
3007 3376 3294 3446 famosum,
3322 3376 3383 3430 de
3410 3377 3722 3444 posteritate

2140 3480 2560 3534 monstruosum,
2608 3469 2698 3540 qui
2728 3469 3061 3538 semetipsum
3092 3467 3325 3521 lubenter
3348 3467 3599 3535 funerans
3631 3483 3716 3520 re-

2141 3570 2317 3627 nouat,
2348 3562 2521 3616 natali
2550 3562 2655 3630 ﬁne
2691 3559 2944 3613 decedens
2979 3568 3134 3629 atque
3164 3558 3486 3619 succedens;
3528 3557 3721 3609 iterum

2134 3654 2363 3719 plmnix,
2396 3654 2485 3707 ubi
2523 3653 2645 3721 jam
2674 3666 2859 3714 nemo;
2900 3653 3087 3704 iterum
3126 3652 3253 3719 ipse,
3297 3652 3387 3720 qui
3436 3666 3539 3702 non
3559 3648 3717 3717 jam;

2141 3747 2283 3799 alius
2314 3745 2471 3800 idem.
2511 3744 2653 3809 Quid
2688 3744 2990 3813 expressius
3021 3752 3175 3811 atque
3211 3742 3472 3812 signatius
3500 3741 3555 3793 in
3582 3739 3722 3795 hanc

2141 3839 2398 3891 causam?
2451 3843 2543 3889 aut
2586 3837 2670 3887 cui
2729 3835 2824 3887 alii
2868 3835 2945 3887 rei
2986 3833 3092 3886 tale
3134 3833 3547 3886 documentum?
3575 3830 3721 3885 Deus

2141 3930 2300 3983 etiam
2325 3927 2615 3995 Scripturis
2638 3927 2747 3980 suis
2773 3941 2790 3979 :
2823 3943 2842 3976 ί
2881 3925 2948 3978 Et
2971 3924 3177 3994 ﬂorebit
3209 3926 3371 3985 enim,
3411 3924 3601 3994 inquit,
3629 3940 3715 3977 ue-

2143 4024 2221 4075 lut
2260 4021 2502 4090 phaznix;
2532 4038 2549 4069 ι
2584 4018 2637 4071 id
2662 4028 2738 4072 est
2771 4019 2835 4072 de
2867 4028 3053 4083 morte,
3083 4017 3146 4069 de
3176 4017 3389 4086 funere;
3423 4015 3501 4068 uti
3530 4012 3715 4069 credas

2141 4114 2205 4167 de
2227 4111 2431 4183 ignibus
2463 4126 2662 4181 quoque
2684 4110 3038 4164 substantiam
3082 4110 3318 4179 corporis
3356 4108 3494 4176 exigi
3542 4123 3714 4175 posse.

2144 4204 2332 4258 Multis
2357 4202 2659 4273 passeribus
2684 4219 2779 4255 nos
2808 4203 3069 4256 antistare
3121 4201 3378 4255 Dominus
3403 4199 3719 4269 pronuntia-

2144 4294 2249 4355 vit;
2280 4293 2326 4346 si
2349 4309 2451 4346 non
2470 4301 2517 4345 et
2533 4290 3009 4361 phwnicibus,nihil
3068 4306 3334 4360 magnum.
3358 4287 3461 4343 Sed
3484 4287 3718 4341 homines

2143 4386 2303 4440 semel
2331 4384 2639 4449 interibunt,
2671 4382 2853 4438 auibus
2878 4382 3094 4437 Arabiae
3117 4383 3180 4435 de
3222 4381 3599 4435 resurrectione
3634 4396 3720 4433 se-

2145 4478 2325 4532 curis?
2351 4475 2444 4532 Sic
2483 4491 2646 4547 quam
2676 4476 3084 4546 elegantissime
3119 4470 3483 4524 'l‘crtullianus
3516 4472 3723 4528 saeculo

467 4562 613 4629 quod
640 4564 1099 4620 resurrectionem
1128 4567 1320 4623 eodem
1353 4569 1538 4632 modo,
1577 4569 2039 4640 quemadmodum
2074 4582 2117 4637 ι)
2145 4577 2267 4639 post
2298 4577 2487 4623 natum
2518 4567 2799 4622 Christum
2832 4567 3016 4628 tertio,
3044 4567 3169 4619 libri
3194 4565 3269 4619 De
3292 4574 3570 4619 resurrect.
3596 4581 3725 4617 car»

469 4655 559 4709 luc
593 4654 846 4710 Clemens
889 4657 1254 4725 explicarint;
1290 4675 1506 4731 nempe,
1553 4678 1722 4717 unum
1763 4663 2042 4720 hominem

470 4763 670 4818 perire,
706 4748 938 4804 alterum
987 4750 1115 4804 huic
1141 4750 1374 4805 similem
1404 4755 1655 4821 renasci;
1685 4755 1849 4826 idque
1868 4756 1938 4811 ad
1978 4756 2045 4811 li-

469 4856 594 4896 nem
626 4856 803 4912 usque
833 4842 1020 4897 mundi
1048 4842 1392 4898 duraturum.
1435 4842 1610 4899 Sicuti
1653 4846 1743 4901 hic
1783 4846 2045 4903 Clemens

470 4943 706 4999 asserat,
744 4936 965 5006 quando
988 4944 1247 5006 parentes
1284 4935 1488 4991 liberos
1514 4938 1765 5007 gignunt,
1810 4940 1916 4995 hoc
1946 4955 2045 4994 vo-

470 5028 586 5082 cari
647 5026 1112 5085 resurrectionem
1162 5035 1530 5083 mortuorum.
1581 5024 1877 5083 Pervolvas
1916 5044 2047 5084 vero

469 5126 664 5181 totam,
698 5134 908 5190 quaeso,
940 5117 1576 5188 epistolam,videasque
1623 5134 1756 5174 num
1795 5121 1884 5175 vel
1917 5135 2048 5176 sen-

470 5225 595 5266 sum
618 5212 816 5274 solum,
849 5227 918 5267 ne
961 5211 1138 5268 dicam
1176 5209 1342 5266 verba
1372 5216 1671 5279 postrema,
1700 5211 1898 5268 exinde
1927 5228 2048 5285 pos-

472 5300 553 5355 sis
576 5303 919 5371 exsculpere.
952 5304 1379 5373 Argumentatur
1405 5299 1661 5357 Clemens
1692 5302 1797 5356 hoc
1828 5303 1992 5361 modo
2027 5322 2042 5360 ε

475 5390 530 5447 Si
558 5392 703 5447 diem
736 5404 1066 5464 noctemque
1096 5394 1320 5451 videant
1360 5393 1510 5447 abire
1531 5401 1586 5447 et
1621 5392 1835 5459 redire;
1862 5396 1910 5449 si
1950 5411 2049 5451 se-

471 5484 623 5538 mina
655 5485 709 5539 in
739 5492 941 5540 terram
985 5487 1135 5555 jacta
1180 5495 1649 5555 computresoere,
1681 5493 1735 5541 et
1770 5487 2048 5543 nihilomi-

473 5592 579 5632 nus
601 5577 797 5634 deindc
822 5578 1037 5633 fructus
1062 5579 1209 5635 ferre
1234 5600 1247 5635 :
1275 5580 1323 5635 si
1356 5580 1664 5649 phoenicem
1707 5580 1936 5636 credant
1969 5597 2051 5637 se-

474 5671 667 5740 pulcro
698 5671 802 5725 sibi
825 5677 1110 5726 exstructo
1140 5671 1277 5726 mori
1301 5682 1356 5726 et
1387 5687 1455 5726 ex
1486 5672 1668 5742 seipso
1690 5673 1905 5727 renasci
1930 5691 1944 5738 ;
1978 5690 2048 5727 an

474 5779 721 5831 magnum
746 5773 798 5817 et
827 5760 1069 5815 mirabile
1083 5762 1152 5814 sit
1181 5762 1515 5829 censendum,
1542 5765 1588 5818 si
1612 5780 1789 5819 rerum
1816 5766 2049 5817 omnium

474 5856 670 5922 opifex,
708 5863 766 5909 ut
800 5856 917 5924 ipse
939 5852 1205 5920 loquitur,
1234 5869 1501 5923 resurgere
1541 5872 1625 5910 eos
1653 5855 1843 5922 faciat,
1873 5859 1959 5925 qui
1992 5857 2043 5908 in

2145 4662 2227 4714 nis
2252 4675 2375 4730 cap.
2402 4659 2470 4713 12
2489 4666 2547 4713 et
2566 4659 2655 4723 15,
2682 4673 2749 4712 ne
2782 4659 2959 4712 solum
2982 4658 3315 4712 Clementem
3340 4656 3608 4725 ejusmodi
3635 4670 3721 4711 ar-

2146 4751 2425 4821 gumentis
2484 4765 2648 4804 usum
2693 4749 2995 4805 existimes.
3050 4748 3187 4801 Nam
3238 4754 3293 4803 et
3350 4746 3719 4817 Epiphanius,

2144 4842 2484 4899 Constantia:
2508 4840 2674 4912 Cypri
2701 4841 3016 4910 episcopus,
3044 4846 3098 4893 in
3129 4840 3398 4893 Ancorato
3451 4854 3551 4892 suo
3601 4838 3721 4894 sive

2147 4935 2270 4990 ﬁdei
2315 4933 2643 4989 Christiana:
2677 4932 3040 5002 expositione,
3092 4939 3147 4987 et
3187 4930 3425 5001 Cyrillus
3462 4929 3722 4984 Hieroso-

2146 5026 2465 5097 lymitanus,
2485 5022 2756 5081 Catechesi
2774 5039 2933 5086 xvm,
2949 5030 3063 5077 tum
3079 5020 3405 5077 Dracontius
3426 5022 3480 5075 in
3504 5020 3725 5075 Hexae-

2146 5134 2288 5186 mero
2342 5118 2397 5170 in
2433 5114 2681 5170 eamdem
2731 5117 2984 5170 scribunt
3045 5114 3397 5177 sententiam,
3452 5123 3512 5168 ut
3578 5115 3723 5174 alios

2147 5212 2394 5265 omittam
2422 5209 2515 5279 qui
2538 5209 2606 5263 de
2630 5210 2882 5277 pbmnice
2907 5217 3164 5279 tanquam
3194 5207 3615 5262 resurrectionis
3644 5210 3727 5262 si-

2148 5315 2256 5369 gno
2296 5299 2651 5369 singulariter
2704 5300 3025 5369 loquuntur.
3068 5297 3142 5353 De
3179 5313 3243 5352 ea
3284 5313 3519 5367 namque
3542 5298 3595 5351 in
3624 5313 3727 5351 ore

2147 5394 2275 5448 olim
2304 5402 2470 5463 atque
2506 5393 2559 5446 in
2589 5408 2850 5447 sermone
2892 5392 3137 5447 omnium
3174 5399 3294 5445 erat
3327 5390 3512 5444 fabula
3552 5409 3564 5443 :
3592 5388 3726 5443 .Iam

2150 5489 2217 5543 ad
2250 5506 2404 5544 aures
2436 5488 2726 5542 multorum
2758 5489 2991 5558 pervenit
3039 5487 3358 5541 credentium
3388 5496 3435 5540 et
3464 5502 3569 5539 non
3607 5501 3729 5538 cre-

2149 5581 2404 5645 dentium,
2433 5581 2612 5650 inquit
2639 5578 2980 5650 Epiphanius
3008 5579 3157 5634 dicto
3184 5579 3303 5632 loco
3328 5595 3341 5643 ;
3373 5576 3515 5630 unde
3539 5585 3591 5631 et
3608 5583 3727 5631 tam

2152 5672 2410 5742 frequens
2450 5672 2573 5740 ejus
2600 5686 2724 5724 cum
2755 5671 2898 5738 apud
2945 5671 3199 5738 gentiles,
3228 5677 3341 5721 tum
3369 5666 3725 5721 Christianos

2153 5765 2378 5825 mentio,
2427 5764 2556 5818 licet
2592 5763 2647 5816 in
2698 5762 2916 5817 illorum
2958 5760 3369 5816 narrationibus
3411 5773 3519 5811 non
3554 5772 3730 5826 parva

2153 5856 2463 5924 reperiatur
2485 5855 2738 5910 varietas.
2769 5854 3028 5909 Videatur
3058 5870 3124 5909 ex
3149 5854 3257 5909 illis
3288 5849 3597 5905 Herodotus
3621 5849 3723 5903 lib.
