4076 6280
286 421 354 475 57
1534 434 1870 489 ΡΒΟΟΕΜΙΑ
1916 432 2300 493 νΑΒΙΟΚυΧῙ.
3486 451 3555 506 58

288 560 351 607 ιι,
386 558 511 615 :ap.
544 542 645 611 73;
668 542 855 611 0vid.,
908 562 980 600 xv
1023 542 1375 614 Metamorph.
1405 566 1545 605 vers.
1585 551 1722 613 599.;
1769 550 1875 603 Pii-
1908 554 1954 609 Α
1982 564 2171 605 ansam
2214 568 2242 604 a
2284 550 2520 608 Patricio
2551 551 2935 619 dissentiendi,
2966 563 3244 629 totamque
3267 560 3557 630 epistolam

285 638 444 702 nius,
478 635 571 690 lib.
598 651 632 689 ι
665 635 879 692 Hister.
904 640 1171 696 naturalis
1196 657 1318 711 cap.
1364 640 1430 706 2;
1464 638 1619 711 Mela,
1646 643 1740 701 lib.
1773 658 1831 695 ιιι
1857 660 1874 709 ;

287 725 513 782 Solinus
535 725 832 799 Polyhist.,
863 746 987 801 cap.
1011 748 1158 801 xnvr;
1194 734 1465 788 Aristides
1494 735 1548 788 in
1589 734 1874 789 Palinodia

286 818 351 874 de
370 819 601 888 Smyrna
634 830 964 890 restaurata,
986 832 1122 880 tom.
1143 825 1665 895 l,p.470;1Elianus
1708 827 1803 883 lib.
1821 844 1872 880 v1

292 910 494 965 Hister.
512 913 766 975 animal.,
792 929 914 985 cap.
937 916 1027 982 58;
1050 916 1346 982 Lucianus,
1372 917 1596 989 Dialogo
1624 920 1752 991 περὶ
1778 918 1874 972 τοῦ

285 1001 616 1074 Περεγρίνου
634 1004 888 1076 τελευτῆς
902 1024 916 1071 ;
931 1006 1289 1074 Claudianus,
1306 1009 1569 1080 Eidgllion
1584 1012 1777 1081 primo.
1794 1009 1875 1066 Ex

283 1094 621 1152 Christianis
652 1112 806 1163 vero,
847 1115 953 1153 una
985 1116 1108 1155 cum
1149 1102 1410 1172 superius
1452 1105 1789 1167 memoratis,
1819 1112 1874 1159 et

281 1203 423 1257 quos
475 1187 840 1245 doctissimus
894 1190 1163 1248 Weitzius
1218 1195 1287 1249 ad
1339 1195 1717 1261 Dracontium,
1775 1195 1874 1250 Ju-

281 1280 524 1351 niusque
549 1281 605 1335 in
632 1283 778 1337 notis
810 1284 940 1339 huic
974 1285 1222 1355 epistolae
1253 1287 1518 1355 subjectis
1567 1289 1722 1351 citat,
1762 1286 1876 1343 Eu-

282 1372 496 1435 sebius,
546 1388 599 1426 tv
628 1373 707 1428 De
731 1377 839 1427 vita
880 1374 1241 1443 Constantini,
1282 1394 1406 1449 cap.
1443 1379 1530 1445 72,
1581 1378 1781 1436 Suiilas
1814 1379 1870 1434 in

280 1464 482 1528 Φοῖνιξ.
518 1464 639 1519 Νοιι
690 1482 823 1538 ergo
850 1468 1051 1522 mirum
1083 1477 1222 1534 erat,
1260 1470 1305 1525 si
1336 1471 1745 1526 Christianismi
1771 1474 1871 1529 do-

280 1562 469 1608 ctores
509 1556 577 1610 ad
626 1571 741 1611 rem
775 1559 937 1629 vulgo
968 1560 1231 1614 creditam
1267 1571 1668 1631 provocarent;
1694 1580 1859 1635 quan-

281 1646 580 1716 doquidem
598 1656 652 1702 et
677 1648 775 1703 Dio
794 1665 1046 1706 asserere
1080 1652 1244 1708 audet
1274 1654 1367 1710 lib.
1388 1671 1547 1719 Lvut,
1574 1654 1740 1710 Sexto
1764 1657 1871 1714 Pa-

280 1738 434 1807 pinio
462 1747 517 1792 et
545 1737 611 1805 ρ.
638 1739 857 1796 Plautio
890 1757 1036 1799 coss.
1072 1745 1237 1814 paqu
1257 1754 1383 1802 ante
1405 1746 1609 1804 Tiberii
1653 1751 1865 1806 obitum

279 1828 336 1881 in
388 1829 629 1902 Egypto
667 1833 979 1901 phoenicem
1025 1838 1370 1905 apparuisse,
1428 1839 1483 1893 id
1520 1841 1663 1910 quod
1695 1842 1860 1896 etiam

277 1920 495 1977 Plinius
527 1933 830 1980 memorato
854 1926 977 1981 loco
995 1943 1059 1982 ex
1083 1927 1339 1997 Cornelio
1360 1930 1653 1987 Valeriano
1674 1934 1863 1990 refert.

277 2007 507 2066 Tacitus
534 2029 685 2078 vero,
718 2032 769 2070 vt
788 2014 1005 2081 Annal.,
1024 2017 1116 2083 28,
1154 2020 1298 2074 idem
1335 2021 1401 2075 ad
1424 2020 1580 2077 Pauli
1606 2023 1782 2086 Fabii,
1812 2033 1867 2081 ct

276 2100 342 2159 L.
395 2101 605 2159 Vitellii
660 2115 908 2178 tempora
968 2109 1203 2175 reducit,
1259 2128 1494 2181 quorum
1541 2118 1866 2174 consulatus

273 2195 430 2264 juxta
457 2194 729 2267 Onuphrii
774 2197 968 2253 Fastos
997 2202 1052 2255 in
1083 2217 1286 2258 annum
1324 2202 1389 2260 υ.
1423 2204 1483 2262 C.
1518 2222 1864 2277 accuxxvu,

278 2287 489 2343 Christi
542 2291 613 2345 55
671 2292 913 2348 incidit:
964 2310 1087 2365 quae
1141 2297 1285 2351 fama
1340 2300 1514 2354 nostri
1564 2301 1863 2359 Clementis

278 2387 531 2450 tempore
564 2382 743 2435 adhuc
794 2394 914 2438 erat
949 2401 1163 2451 recens,
1191 2395 1379 2457 utpote
1406 2390 1501 2459 qui
1525 2391 1682 2456 juxta
1711 2393 1862 2448 Ana-

274 2474 508 2527 stasium
542 2473 1024 2531 Bibliothecarium
1062 2493 1209 2533 anno
1261 2482 1382 2550 ejus
1414 2485 1601 2538 saeculi
1640 2485 1731 2550 93,
1767 2502 1861 2541 se-

272 2562 519 2616 cundum
580 2565 719 2621 alios
776 2582 908 2621 vero
956 2569 1144 2637 citius,
1202 2573 1546 2643 episcopatui
1613 2574 1863 2633 Romano

272 2670 515 2725 praeesse
562 2659 749 2728 capit.
788 2659 932 2726 Quid
972 2662 1120 2732 quod
1169 2663 1517 2724 Christianos
1567 2669 1679 2723 illis
1726 2678 1864 2726 tem-

269 2749 502 2818 poribus
533 2750 841 2819 plimnicem
870 2757 1301 2813 resurrectionis
1334 2762 1643 2830 symbolum
1666 2780 1861 2820 coemeo

270 2842 561 2897 terialibus
585 2845 809 2900 tumulis
840 2845 981 2901 inter
1010 2847 1115 2900 alia
1138 2848 1517 2921 insculpsisse,
1542 2869 1609 2909 ex
1640 2856 1706 2912 B.
1737 2857 1858 2912 Cte-

268 2931 410 2986 cilic
447 2933 599 2987 Actis
637 2933 821 2989 discas
854 2954 870 2990 :
901 2953 1022 3008 quae
1070 2940 1308 3010 idipsum
1353 2942 1416 2999 Β.
1458 2943 1678 3001 Maximi
1714 2964 1860 3002 mar-

270 3026 409 3095 tyris
430 3027 781 3098 sarcophago
814 3032 1032 3085 curavit
1064 3033 1510 3105 insculpendum.
1543 3038 1722 3095 Verba
1752 3042 1859 3095 Ac-

269 3129 468 3183 torum,
499 3129 561 3174 ut
584 3136 649 3175 ex
676 3121 799 3177 cod.
833 3138 938 3179 ms.
986 3123 1162 3182 Vatic.
1196 3126 1392 3184 Vallic.
1440 3131 1494 3185 in
1541 3133 1715 3189 Roma
1735 3138 1860 3190 sub-

1983 643 2299 711 rejiciendi;
2345 659 2471 698 cum
2496 660 2595 699 nec
2625 642 2927 711 Scultetus,
2946 663 3048 702 nec
3070 648 3274 712 Cocus,
3304 667 3548 721 unquam

1978 736 2248 802 eamdem,
2282 747 2342 792 ut
2366 738 2610 792 nondum
2650 754 2681 794 a
2700 738 2938 795 Patricio
2966 740 3104 796 forte
3122 744 3319 807 visam,
3350 747 3553 798 nedum

1975 828 2307 897 evulgatam,
2331 829 2589 896 viderint,
2610 830 2860 901 adeoque
2890 832 2958 888 de
2987 848 3046 887 re
3068 833 3251 903 ignota
3277 833 3550 902 judicium

1977 935 2136 973 suum
2160 936 2269 974 non
2294 923 2574 990 potuerint
2600 924 2971 995 interponere.
3004 925 3235 995 lpsemet
3258 930 3361 981 hoc
3384 935 3554 981 testa-

1978 1018 2066 1065 tur
2085 1011 2429 1069 Abrahamus
2457 1013 2756 1074 Scultetus.
2789 1018 3064 1087 quondam
3113 1018 3394 1087 professor
3423 1018 3553 1073 Hei-

1976 1104 2351 1176 delbergensis
2402 1108 2655 1164 Medulla:
2708 1122 2822 1165 sua:
2851 1114 2895 1144 "
2934 1129 3055 1184 pag.
3085 1115 3183 1169 571
3220 1122 3276 1169 et
3305 1115 3431 1180 572,
3480 1115 3552 1173 de

1976 1197 2140 1267 hujus
2169 1199 2463 1258 Clementis
2497 1205 2717 1273 scriptis
2746 1214 2890 1260 inter
2939 1208 3045 1261 alia
3092 1209 3348 1279 inquiens
3374 1229 3386 1264 :
3414 1208 3546 1280 Epi-

1973 1291 2165 1344 stolam
2213 1292 2296 1346 hic
2332 1294 2599 1367 quondam
2635 1293 2703 1349 ad
2759 1294 3063 1353 Corinthios
3115 1301 3348 1370 scripsit,
3394 1302 3547 1371 cujus

1973 1385 2209 1438 meminit
2243 1385 2529 1457 Dionysius
2561 1387 2873 1444 Corinthius
2912 1391 3053 1460 apud
3098 1393 3289 1450 Euseb.
3320 1391 3435 1458 (lib.
3466 1412 3541 1457 tv,

1971 1490 2093 1545 cap.
2115 1476 2221 1543 25;
2255 1478 2350 1533 lib.
2370 1495 2453 1545 ιιι,
2476 1495 2599 1550 cap.
2618 1481 2730 1551 58.)
2756 1484 2922 1539 Periit
2939 1484 3151 1541 celebris
3167 1485 3271 1539 ista
3284 1486 3505 1555 epistola
3525 1523 3541 1547 ,

1971 1569 2061 1622 sed
2091 1570 2147 1623 in
2168 1568 2344 1623 locum
2373 1571 2487 1639 ejus
2531 1572 2833 1628 substitutos
2854 1584 2978 1628 sunt
3010 1575 3235 1645 quinque
3291 1575 3435 1638 alite,
3492 1586 3542 1629 et

1969 1658 2389 1729 Recognitionum
2414 1665 2540 1720 libri
2556 1665 2753 1727 decem,
2781 1668 2873 1736 qui
2911 1666 3067 1721 hodie
3112 1665 3397 1722 Clementis
3442 1686 3541 1722 no-

1970 1755 2108 1807 mine
2144 1754 2612 1825 circumferuntur.
2672 1756 2924 1825 Epistolis
2967 1768 3177 1813 exstant
3202 1768 3341 1815 tvmo
3369 1761 3547 1829 primo

1965 1840 2477 1915 Conciliorum,qua'
2500 1848 2724 1918 singulis
2747 1849 2854 1918 fere
2880 1850 3031 1904 lineis
3057 1850 3373 1906 Clementem
3395 1852 3545 1906 adul-

1971 1938 2195 1991 terinum
2225 1936 2528 2006 loquuntur.
2593 1938 2921 1994 Earumdem
2974 1942 3220 2011 quinque
3251 1940 3538 1997 Clementi-

1970 2046 2180 2096 narum,
2216 2047 2338 2100 quae
2382 2031 2681 2085 Decretales
2737 2034 2921 2105 vulgo,
2956 2049 3067 2087 non
3104 2051 3230 2089 vero
3258 2037 3423 2105 hujus
3474 2039 3541 2092 ad

1966 2122 2537 2187 Corinthios,examen
2561 2125 2798 2180 instituit
2820 2123 3097 2180 Robertus
3125 2126 3305 2181 Cocus
3335 2122 3545 2198 Anglus

1969 2212 2023 2265 in
2070 2227 2170 2266 sua
2195 2211 2430 2267 Censura
2451 2213 2497 2244 “
2533 2229 2653 2283 pag.
2686 2214 2751 2267 41
2789 2226 2840 2269 et
2872 2229 3029 2285 seqq.
3064 2214 3384 2271 Blondellus
3413 2218 3542 2271 item

1966 2323 2229 2394 singulari
2260 2322 2404 2378 libro
2439 2323 2705 2381 adversus
2735 2323 2935 2378 lsidori
2974 2325 3296 2382 Mercatoris
3325 2328 3547 2398 ﬁgmen-

1967 2426 2041 2479 ta,
2077 2414 2307 2470 Genera:
2358 2431 2449 2471 an.
2502 2416 2707 2472 Christi
2772 2417 2911 2471 l628
2959 2433 3198 2485 excuso,
3247 2420 3341 2473 ubi
3378 2420 3545 2477 simul

1963 2506 2206 2561 ostendit
2244 2522 2309 2561 ex
2340 2507 2543 2577 quibus
2597 2510 2926 2565 centonibus
2948 2526 3025 2565 ea:
3063 2520 3307 2567 consutaa
3338 2512 3545 2568 fuerint

1963 2610 2016 2656 et
2042 2601 2323 2657 confectae.
2369 2603 2588 2667 Quanto
2617 2618 2744 2657 vero
2774 2603 2828 2656 in
2859 2605 3038 2673 pretio
3062 2605 3205 2659 hanc
3231 2605 3407 2674 ipsam
3439 2607 3545 2661 ha-

1965 2693 2143 2747 buerit
2192 2691 2509 2761 Epistolam,
2567 2693 2827 2764 Apologia
2882 2694 3003 2762 ejus
3059 2697 3371 2765 pererudita
3432 2713 3529 2766 pro

1968 2783 2275 2853 Hieronymi
2292 2785 2547 2838 sententia
2564 2784 2625 2837 de
2654 2786 2904 2853 episcopis
2918 2786 3293 2857 etpresbgteris
3322 2789 3538 2857 probat,

1968 2878 2023 2930 in
2045 2892 2152 2947 qua
2184 2891 2293 2930 non
2319 2885 2544 2931 veretur
2566 2875 2623 2929 Β.
2645 2875 2825 2931 Patris
2850 2877 3178 2932 sententiam
3206 2879 3538 2935 testimoniis

1960 2984 2025 3023 ex
2055 2984 2117 3022 ea
2156 2966 2459 3035 desumptis
2502 2965 2829 3020 conﬁrmare
2873 2975 2927 3019 et
2959 2981 3225 3023 asserere.
3267 2965 3535 3030 Quemad-

1961 3058 2181 3112 modum
2216 3058 2379 3112 etiam
2428 3072 2494 3113 ex
2525 3056 2719 3111 Voetio
2766 3065 2821 3110 et
2850 3055 3065 3121 Riveto,
3092 3058 3186 3126 qui
3224 3072 3348 3111 cum
3378 3057 3535 3111 Blon-

1961 3147 2102 3202 dello
2131 3162 2249 3201 eam
2280 3156 2332 3201 et
2360 3147 2611 3202 viderunt
2633 3156 2686 3202 et
2719 3146 2995 3217 legerunt,
3016 3147 3159 3200 haud
3189 3146 3348 3201 facile
3369 3164 3540 3218 queas

268 3213 515 3264 terranea
583 3214 869 3268 novissima
917 3216 1223 3289 Aringhius
1270 3222 1444 3287 citat,
1494 3223 1610 3280 haec
1666 3235 1794 3282 sunt
1841 3249 1852 3283 :

1961 3240 2275 3311 perspicere
2303 3249 2357 3295 et
2399 3238 2727 3308 dijudicare,
2764 3254 2892 3293 num
2917 3240 2999 3293 vel
3019 3238 3426 3308 recipientium,
3453 3241 3537 3294 vel

270 3300 462 3367 Quem,
494 3302 791 3358 Maximum
830 3308 1063 3373 scilicet,
1099 3309 1158 3366 S.
1194 3310 1416 3367 chilia
1446 3316 1591 3388 virgo
1622 3319 1856 3387 sepelivit

268 3394 325 3446 in
355 3410 488 3447 novo
517 3396 869 3467 sarcophago,
902 3410 950 3453 et
969 3402 1139 3470 jussit
1194 3414 1253 3457 ut
1288 3406 1343 3459 in
1385 3408 1713 3481 sarcophago
1741 3413 1856 3481 ejus

267 3484 598 3553 sculpentur
638 3487 874 3554 phoenix,
910 3491 979 3543 ad
1016 3494 1276 3549 indicium
1307 3499 1433 3566 ﬁdei
1460 3501 1596 3565 eius,
1646 3504 1737 3573 qui
1776 3521 1858 3557 re-

268 3576 649 3630 surrectionem
669 3596 724 3632 se
742 3581 1075 3638 inventurum
1115 3588 1354 3655 exemplo
1378 3589 1631 3659 phwnicis
1659 3609 1725 3647 ex
1746 3604 1856 3651 toto

267 3666 428 3720 corde
461 3670 714 3738 suscepit.
742 3669 910 3728 Vides
939 3690 1093 3747 ergo.
1128 3694 1291 3747 quam
1326 3680 1478 3751 juste
1509 3685 1565 3738 in
1594 3684 1711 3740 haec
1735 3695 1855 3742 tan-

266 3758 393 3812 dem
420 3761 587 3814 verba
616 3773 869 3833 erumpat
897 3769 1088 3841 κριτὴς
1115 3772 1205 3826 ille
1232 3776 1485 3845 egregius
1522 3796 1535 3832 :
1569 3776 1739 3836 Estne
1766 3781 1854 3837 hic

269 3850 573 3920 (Clemens,
595 3857 833 3928 scilicet)
863 3860 1062 3927 bonus,
1098 3862 1310 3935 fideque
1343 3868 1544 3938 dignus
1572 3872 1854 3939 apostolus

266 3950 322 3995 et
344 3943 569 4012 adjutor
594 3944 651 4000 S.
677 3946 853 4009 Pauli.
872 3952 967 4020 qui
999 3959 1458 4014 resurrectionem
1485 3964 1668 4017 carnis
1694 3962 1853 4019 fabu-

264 4034 335 4087 lis
366 4041 482 4087 tam
532 4035 691 4092 bellis
720 4048 899 4106 potest
928 4047 1214 4102 astruere?
1259 4056 1312 4102 et
1336 4065 1519 4105 annon
1548 4053 1722 4107 multo
1770 4071 1856 4110 re-

263 4127 413 4182 ctius
433 4127 702 4196 judicarit
750 4131 885 4187 illud
934 4134 1101 4207 Belgii
1162 4140 1338 4204 sidus,
1398 4142 1553 4214 [iugo
1604 4144 1848 4215 Grotius,

265 4217 409 4275 falso
439 4222 633 4277 itidem
670 4225 763 4280 illo
793 4227 914 4296 ipso
966 4231 1174 4300 scripto
1233 4235 1415 4290 verbis
1475 4253 1600 4292 mox
1655 4240 1854 4297 subse-

264 4316 586 4383 quentibus,
620 4324 677 4370 ut
707 4320 782 4373 rei
815 4320 1070 4378 absurda:
1115 4333 1330 4391 auctor,
1377 4331 1692 4400 sugillatus,
1732 4336 1851 4405 epi-

264 4408 408 4461 stola
435 4409 675 4477 quadam
717 4411 782 4465 ad
816 4412 1144 4484 Bignonium
1175 4419 1442 4476 hactenus
1485 4423 1690 4480 inedita
1727 4446 1739 4481 :
1774 4427 1852 4481 De

262 4501 499 4568 phwnice
529 4518 637 4555 rem
672 4503 919 4572 fuisse-eo
947 4517 1175 4578 tempore
1204 4516 1428 4569 eruditis
1452 4518 1731 4583 creditam,
1757 4536 1850 4573 nec

1962 3332 2338 3401 respuentium
2391 3342 2698 3402 sequantur
2734 3340 2918 3401 partes
2948 3332 3151 3399 :hujus
3182 3348 3418 3401 namque
3468 3348 3535 3387 ex

1964 3428 2206 3481 editione
2230 3426 2419 3479 ultima
2451 3424 2757 3479 Genevcnsi
2780 3425 2909 3477 anni
2937 3424 3094 3486 1652,
3120 3423 3235 3479 ιιωο
3267 3431 3395 3479 sunt
3416 3441 3536 3479 ver-

1965 3520 2033 3574 ba
2062 3538 2075 3573 :
2105 3517 2329 3585 Scripsit
2354 3515 2613 3574 Clemens.
2650 3525 2776 3571 teste
2804 3515 3128 3585 Hieronymo
3171 3515 3225 3568 in
3249 3515 3529 3586 Catalogo.

1957 3625 2024 3662 ex
2060 3625 2282 3678 persona
2308 3608 2558 3663 Ecclesia:
2584 3608 2837 3663 Romana:
2864 3608 2933 3663 ad
2974 3608 3261 3661 Ecclesiam
3292 3605 3535 3662 Corinthi

1958 3699 2107 3753 valde
2141 3700 2321 3753 utilem
2370 3699 2688 3768 Epistolam,
2721 3716 2837 3769 quae
2860 3698 3128 3753 nonnullis
3180 3699 3235 3753 in
3279 3698 3405 3751 locis
3428 3714 3530 3766 pu-
3562 3718 3567 3725 ν

1956 3792 2087 3846 blice
2138 3802 2248 3846 tum
2316 3793 2602 3863 legebatur.
2652 3822 2723 3832 --
2752 3792 2904 3845 Hanc
2942 3801 3117 3844 autem
3168 3789 3530 3844 desideratura

1962 3885 2226 3939 Patricius
2267 3885 2463 3940 Junius
2496 3887 2573 3939 vir
2614 3885 2968 3946 clarissimus,
3008 3884 3143 3954 regis
3176 3899 3381 3953 magna:
3409 3882 3538 3935 Bri-

1958 3977 2153 4032 tannia:
2186 3977 2629 4039 bibliothecarius,
2666 3992 2729 4030 ex
2759 3977 2950 4030 laceris
2980 3976 3220 4046 reliquiis
3246 3972 3535 4028 vetustius?

1957 4087 2029 4124 mi
2060 4071 2374 4140 exemplaris
2419 4071 2552 4140 regii
2578 4072 2736 4132 eruit,
2796 4070 3020 4123 lacunas
3067 4068 3315 4137 explevit,
3348 4064 3535 4119 Latine

1956 4161 2128 4225 vertit,
2158 4171 2209 4215 et
2261 4160 2499 4213 brevibus
2533 4161 2671 4213 notis
2728 4160 3039 4221 illustravit,
3095 4173 3313 4228 eamque
3338 4156 3527 4215 edidit,

1955 4271 2071 4308 cum
2097 4254 2392 4322 fragmento
2424 4251 2664 4306 secunda:
2688 4250 2926 4319 epistola:
2955 4250 3023 4302 ad
3043 4249 3273 4311 eosdem,
3301 4246 3528 4303 Oxenia:

1954 4361 2092 4398 anno
2133 4344 2291 4398 16⁵55.
2335 4341 2402 4396 In
2432 4360 2494 4396 ea
2525 4343 2856 4410 reperiuntur
2877 4356 2994 4410 quae
3017 4358 3049 4393 a
3102 4339 3371 4393 nonnullis
3394 4349 3532 4392 vete-
3560 4360 3563 4363 η

1964 4434 2109 4487 ribus
2145 4435 2401 4495 citantur,
2434 4440 2490 4484 ut
2518 4433 2572 4484 in
2598 4432 2734 4484 notis
2779 4430 2911 4494 suis,
2943 4445 3007 4483 ex
3028 4429 3328 4493 collatione,
3354 4439 3503 4483 esten
3528 4464 3533 4471 .

1967 4525 2044 4579 dit
2076 4524 2469 4579 eruditissimus
2510 4522 2700 4586 editor,
2728 4524 2816 4593 qui
2845 4539 3019 4576 veram
3042 4532 3090 4576 et
3117 4523 3397 4591 genuinam
3417 4540 3530 4578 esse

262 4611 320 4647 eo
351 4606 664 4665 argumento
694 4600 772 4651 uti
803 4598 1118 4656 Clementem
1149 4614 1209 4657 ut
1262 4607 1440 4674 probet
1467 4608 1576 4663 τῶν
1630 4613 1840 4684 νεκρῶν
1882 4598 1925 4654 Ῑ)
1956 4616 2233 4671 Clementis
2268 4613 2562 4683 Epistolam
2603 4614 2895 4677 existimat,
2925 4630 3029 4667 non
3081 4612 3322 4667 obstante
3342 4613 3529 4684 fabula

265 4686 583 4751 ἀνάστασιν,
598 4687 688 4743 sed
719 4701 776 4743 ut
802 4692 1043 4747 ostendat
1069 4709 1135 4748 ex
1162 4711 1218 4749 re
1241 4697 1441 4753 credita
1470 4716 1574 4755 non
1596 4718 1708 4758 esse
1733 4720 1851 4758 eam

264 4779 371 4831 τῶν
395 4778 689 4834 ἀδυνάτων.
722 4780 941 4839 luscitia
964 4786 1210 4854 profecto
1232 4804 1443 4846 summa
1484 4803 1589 4858 est,
1616 4795 1693 4850 illi
1724 4814 1852 4867 pro-

268 4882 458 4940 pterea
538 4872 684 4928 hanc
754 4877 1048 4946 epistolam
1113 4881 1443 4950 abjudicare
1476 4898 1529 4949 ,'
1571 4890 1849 4960 praecipue

267 4979 394 5016 cum
459 4964 575 5031 jam
634 4966 751 5020 suis
808 4970 1145 5038 temporibus
1223 4972 1461 5044 Cyrillus
1526 4977 1844 5053 Hierosoly-

267 5055 555 5119 mitanus,
627 5055 970 5129 Photiusque
1031 5061 1706 5138 Constantinopolitanus,
1756 5074 1846 5129 hic

266 5145 471 5201 sarculo
539 5162 727 5214 nono,
798 5149 889 5204 ille
969 5160 1200 5221 quarto,
1277 5168 1646 5216 commentum
1709 5165 1843 5220 illud

266 5242 320 5295 in
345 5239 535 5295 eadem
571 5241 823 5311 legerint,
863 5252 918 5297 et
956 5245 1150 5301 exinde
1178 5246 1232 5300 in
1298 5251 1518 5319 scriptis
1549 5253 1667 5309 suis
1691 5256 1831 5311 cita-

265 5331 404 5396 rint,
435 5339 499 5386 ut
522 5348 585 5387 ex
607 5333 824 5388 illorum
849 5337 1178 5392 testimoniis
1207 5341 1461 5409 superius
1490 5346 1842 5401 manilestum

266 5420 397 5476 fuit.
448 5419 560 5476 Nec
626 5424 858 5480 minoris
884 5435 969 5480 est
999 5427 1263 5493 audaciae,
1325 5432 1657 5501 persuadere
1703 5439 1845 5495 velle

258 5514 519 5579 eruditis,
551 5512 882 5581 Scultetum,
912 5518 1141 5584 Cocum,
1161 5508 1525 5589 Blondellunf,
1564 5525 1839 5595 Rivetum,

262 5604 519 5662 Voetiun.
558 5611 806 5681 partibus
830 5611 1272 5677 reformatorum,
1295 5622 1355 5670 ut
1406 5616 1519 5685 jam
1544 5620 1706 5689 vulgo
1735 5622 1844 5678 dici

262 5710 587 5766 amant,una
603 5702 852 5758 addictos
861 5702 1133 5768 doctores.
1147 5722 1212 5761 ex
1228 5705 1329 5761 hac
1348 5706 1529 5763 fabula
1546 5712 1846 5784 arripuisse

1957 4706 2021 4761 de
2055 4705 2305 4773 phmnice,
2346 4721 2500 4774 quam
2534 4703 2602 4758 ad
2633 4704 3047 4761 illustrationem
3071 4706 3331 4761 doctrina:
3346 4706 3410 4760 de
3446 4723 3529 4760 re-

1954 4798 2273 4850 surrectione
2300 4796 2534 4850 adducit.
2592 4796 2748 4863 Quod
2768 4807 2951 4867 postea
2982 4799 3212 4869 fecerunt
3234 4800 3333 4851 alii
3350 4798 3525 4866 plures

1950 4905 2015 4944 ex
2035 4889 2310 4944 veteribus.
2327 4890 2647 4959 Argumenta
2675 4892 2775 4944 viri
2804 4890 3099 4945 doctissimi
3125 4890 3409 4960 expendere
3430 4904 3527 4956 po-

1955 4981 2075 5032 terit
2105 4980 2264 5032 lector
2290 4979 2549 5033 eruditus.
2574 4978 2819 5048 Epistola
2844 4989 2954 5034 tota
2982 4979 3181 5049 alioqui
3206 4980 3338 5032 satis
3365 4977 3524 5045 refert

1906 5119 1911 5124 .
1951 5072 2341 5140 simplicitatem
2380 5073 2707 5140 primwvam,
2745 5083 2795 5126 et
2820 5089 2937 5142 qua!
2981 5074 3035 5125 in
3073 5089 3138 5126 ea
3165 5072 3412 5140 leguntur
3453 5070 3524 5123 ad

1952 5174 2320 5233 argumentum
2349 5165 2564 5223 quodin
2601 5182 2663 5219 ea
2686 5174 2970 5227 tractatur,
2999 5164 3133 5218 satis
3162 5172 3286 5217 sunt
3317 5180 3527 5217 accom-

1951 5253 2190 5310 modata.
2230 5255 2302 5309 Id
2345 5272 2472 5310 sane
2501 5255 2791 5309 notandum
2822 5254 2960 5323 quod
2994 5269 3114 5323 pag.
3152 5254 3215 5307 41
3270 5255 3335 5308 de
3352 5254 3525 5323 justi-

1952 5346 2196 5415 ]icatione
2224 5346 2475 5400 scribitur
2512 5363 2529 5400 :
2572 5345 2686 5401 Nos
2714 5363 2777 5401 ex
2809 5346 3075 5400 voluntate
3106 5345 3201 5398 Dei
3231 5347 3283 5398 in
3313 5344 3523 5399 Christo

1939 5436 2067 5490 Jesu
2095 5449 2326 5503 vocatos,
2356 5450 2460 5495 etc.
2498 5438 2784 5493 Gisbertus
2815 5436 3044 5493 Voetius
3066 5453 3197 5493 vero
3228 5439 3549 5508 theologiae’

1941 5531 1996 5585 in
2053 5531 2329 5587 academia
2366 5531 2721 5599 Ultrajectina
2770 5533 2927 5598 prof.,
2957 5530 3012 5585 in
3048 5531 3279 5600 Disputt.
3311 5531 3517 5584 selectis

1945 5621 2264 5691 theologicis,
2296 5638 2417 5693 pag.
2449 5623 2555 5676 {03
2601 5619 2769 5691 partis
2801 5619 3016 5689 primae,
3074 5637 3199 5676 cum
3254 5620 3520 5691 quaestio-

1944 5717 2366 5771 nem'attulissct
2391 5716 2529 5770 hanc
2562 5733 2574 5767 :
2619 5713 2759 5781 Quid
2805 5713 2868 5769 de
2887 5716 3111 5783 epistola
3137 5714 3421 5771 Clementis
3442 5713 3513 5766 ad

339 5883 384 5913 "
425 5881 569 5937 Edit.
629 5882 979 5942 Francofurt.
1036 5886 1190 5942 1634.
1270 5888 1315 5920 ’⁸
1337 5887 1481 5948 Edit.
1522 5891 1850 5962 Ileltnstad.,

1961 5913 2026 5954 uo
2054 5895 2207 5954 1641.
