4076 6280
470 394 543 453 39
1610 404 1699 458 AD
1742 404 1798 462 S.
1841 406 2267 463 CLEMENTEM
2311 407 2327 461 1
2368 408 2601 462 PAPAM
3656 423 3725 475 (ἶῦ

474 511 776 569 Corinthios
811 529 974 583 nuper
994 515 1257 587 evulgato,
1285 518 1374 572 sed
1405 535 1507 573 non
1536 520 1649 574 sine
1677 523 1857 576 multis
1884 525 2053 577 maxi-
2079 531 2126 585 Α
2153 524 2254 578 bus
2277 538 2442 593 supra
2467 524 2671 578 mentio
2700 524 2903 593 injecta
2948 535 3052 590 est,
3090 525 3460 582 decretalibus
3487 529 3730 584 confuns

474 607 673 675 misque
706 606 908 661 lacunis
940 611 965 664 ?
1004 608 1169 664 dubie
1196 611 1404 680 pariter
1423 613 1718 682 respondet
1750 634 1763 668 :
1795 614 2046 669 Admira-

473 715 593 751 mur
634 698 957 769 singularem
981 701 1212 757 divinam
1232 700 1650 768 Providentiam,
1674 722 1793 775 qua:
1820 709 2024 761 curavit

472 798 530 842 ut
558 788 623 842 ab
662 791 1024 858 apostolorum
1080 792 1361 861 discipulis
1393 796 1629 866 virisque
1661 788 1963 865 apostolicis
1998 806 2049 850 et

473 883 841 951 apostolorum
866 885 1064 937 steculo
1095 887 1374 953 proximis,
1408 898 1504 941 aut
1551 889 1681 943 nihil
1711 889 2046 954 scriberetur,

471 983 566 1026 aut
608 974 741 1027 nihil
771 986 1171 1029 conservaretur
1208 986 1259 1029 et
1280 976 1348 1029 ad
1372 989 1608 1046 posteros
1642 989 1923 1043 manaret;
1956 987 2049 1033 aut

472 1064 664 1118 saltem
685 1065 819 1119 nihil
858 1065 921 1119 ab
962 1067 1112 1120 initio
1151 1065 1407 1121 Ecclesia!
1443 1084 1608 1139 usque
1646 1070 1701 1123 in
1727 1070 1863 1123 hunc
1906 1069 2048 1122 diem

472 1166 785 1225 superesset,
816 1156 880 1211 de
928 1174 1029 1228 quo
1084 1176 1188 1213 non
1235 1158 1592 1225 dubitaretur,
1644 1171 1737 1214 aut
1773 1162 1910 1232 quod
1955 1177 2049 1230 per

473 1249 643 1301 tineas
696 1246 1013 1318 blattasque,
1047 1258 1141 1302 aut
1170 1249 1337 1303 alium
1359 1250 1586 1319 quemvis
1634 1249 1734 1304 Dei
1762 1253 2049 1305 exercitum

474 1337 779 1391 mutilatum
808 1354 911 1393 non
945 1347 1076 1392 esset
1106 1354 1125 1392 :
1178 1348 1238 1392 ut
1279 1339 1380 1392 soli
1408 1338 1699 1408 Scriptura:
1740 1349 1887 1393 tanto
1934 1343 2057 1393 evi-t

471 1428 683 1483 dentius
713 1445 812 1483 sua
851 1438 1114 1482 constaret
1170 1431 1484 1490 auctoritas,
1524 1429 1705 1499 illique
1752 1430 1855 1483 soli
1911 1440 2051 1485 esset

470 1520 685 1586 propria
717 1518 1191 1586 incorruptibilitas
1216 1529 1266 1573 et
1289 1520 1579 1574 aeternitas.
1624 1518 1780 1584 Quod
1813 1522 1860 1575 si
1884 1521 2050 1592 igitur

470 1612 563 1666 ille
583 1612 913 1683 ἐπικρίσεως
937 1621 1125 1666 auctor
1156 1611 1344 1667 saltem
1371 1628 1464 1682 per
1494 1619 1869 1677 transennam,
1902 1612 2048 1683 quod

474 1704 651 1767 aiunt,
687 1718 780 1758 eos
804 1718 943 1774 quos
971 1702 1193 1757 adducit
1223 1704 1522 1772 scriptores
1552 1704 1903 1773 inspexisset,
1938 1720 2050 1759 non

474 1797 745 1865 potuisset
776 1796 1027 1865 ignorare
1056 1796 1238 1850 omnia
1263 1795 1355 1848 illa
1387 1796 1724 1861 teStimonia,
1757 1812 1881 1865 quae
1909 1810 2047 1850 con-

469 1897 554 1942 tra
586 1887 726 1941 hanc
751 1885 1048 1956 Epistolam
1082 1886 1359 1956 producit,
1387 1888 1572 1955 potius
1603 1886 1887 1943 adversari
1916 1887 2046 1953 sibi,
2079 1883 2120 1937 Β

468 1993 632 2048 quam
668 1978 948 2048 prodesse.
989 1977 1101 2033 Nec
1125 1978 1269 2032 enim
1312 1980 1542 2034 ulterius
1565 1994 1689 2033 eum
1736 1979 2044 2049 quidquam

463 2070 621 2140 juvat
665 2069 956 2134 Eusebius,
988 2087 1151 2141 quem
1182 2070 1337 2141 ﬁngit
1358 2072 1455 2125 lib.
1486 2088 1563 2135 vn,
1594 2087 1645 2126 e.
1685 2072 1751 2125 l5
1780 2072 2043 2135 scribere,

462 2163 579 2233 jam
609 2178 709 2218 suo
738 2174 1003 2233 tempore,
1042 2164 1190 2217 circa
1238 2178 1441 2216 annum
1481 2163 1736 2217 videlicet
1768 2163 1896 2226 524,
1923 2162 2047 2218 Cle-

468 2256 669 2311 mentis
701 2254 1001 2327 Epistolam
1029 2269 1136 2309 non
1175 2268 1275 2323 pro
1316 2254 1553 2323 genuina
1596 2254 1833 2323 amplius
1882 2253 2043 2307 habi-

468 2355 620 2411 tam,
658 2348 869 2402 etiamsi
900 2348 995 2401 lib.
1041 2361 1125 2410 Ill,
1175 2360 1227 2400 c.
1287 2344 1353 2399 16
1403 2345 1518 2414 ipse
1558 2344 1735 2398 fuerat
1783 2352 2045 2412 testatus,

474 2438 784 2509 adjutorem
817 2437 972 2490 Pauli
1010 2436 1343 2505 Clementem
1387 2433 1684 2505 Epistulam
1724 2433 1788 2489 ad
1846 2433 2047 2489 Corin-

469 2531 618 2585 thios
644 2529 957 2599 scripsisse,
978 2542 1098 2597 quas
1129 2527 1290 2582 etiam
1334 2525 1751 2597 inrquibusdam
1796 2527 2045 2582 ecclesiis

469 2624 542 2673 sit
591 2620 752 2674 lecta.
822 2617 957 2673 Nam
994 2620 1097 2674 ista
1137 2634 1360 2689 quoque
1406 2619 1570 2673 verba
1619 2634 1685 2673 eo
1718 2619 1879 2673 modo
1904 2619 2048 2688 apud

470 2708 765 2763 Eusebium
785 2725 894 2763 non
917 2709 1195 2779 leguntur,
1215 2710 1309 2764 sed
1331 2725 1453 2764 cum
1478 2717 1594 2765 toto
1613 2710 1678 2763 12
1701 2718 1756 2765 et
1780 2710 1847 2764 15
1869 2712 2047 2779 capite

472 2801 624 2856 illius
656 2802 780 2857 libri
806 2802 873 2857 de
895 2801 1176 2857 Clemente
1206 2801 1579 2857 Alexandrino
1602 2811 1655 2857 et
1681 2803 1800 2870 ejus
1826 2803 2049 2872 Scriptis

470 2904 639 2966 agat:
674 2894 828 2948 Hunc
858 2897 957 2959 uti,
994 2896 1093 2959 ait,
1143 2896 1198 2949 in
1243 2894 1352 2947 illis
1382 2895 1545 2948 etiam
1584 2911 1768 2948 earum
1803 2893 2048 2963 Scriptu-

468 3003 655 3042 rarum
683 2986 999 3041 testimoniis
1030 2986 1219 3056 quibus
1262 2984 1675 3049 contradicitur,
1708 2993 1757 3039 et
1786 2986 1901 3055 ejus
1930 3002 2048 3055 quae

466 3090 545 3136 est
573 3078 705 3134 Jesu
766 3079 979 3141 Sirach,
1009 3088 1058 3132 et
1100 3078 1355 3146 Epistola:
1385 3077 1451 3131 ad
1507 3077 1779 3141 Hebricos,
1829 3077 2051 3149 denique

467 3184 519 3228 et
557 3171 816 3227 Barnaba:
838 3182 886 3225 et
911 3171 1193 3225 Clementis
1220 3179 1271 3224 et
1298 3168 1329 3222 J
1340 3169 1457 3223 uda:
1482 3186 1501 3232 ;
1555 3172 1632 3224 uti
1661 3171 1824 3225 verba
1849 3179 2048 3226 sonant

464 3274 620 3335 juxta
647 3265 781 3319 edit.
810 3263 1060 3318 Latinam
1079 3262 1312 3334 Gryniei.
1344 3262 1411 3317 Ut
1443 3278 1571 3317 vero
1613 3260 1844 3317 Ruﬁnus
1861 3264 2043 3327 vertit,
2075 3248 2117 3305 C

471 3357 616 3427 apud
651 3371 814 3425 quem
840 3363 924 3410 est
947 3356 1051 3409 alia
1082 3356 1320 3425 capitum
1351 3354 1587 3409 divisio:
1621 3352 1821 3417 Utitur,
1871 3350 2049 3421 inquit

470 3463 593 3517 cap.
632 3447 689 3513 2,
717 3448 967 3516 exemplis
990 3449 1150 3501 etiam
1171 3464 1236 3502 ea:
1263 3448 1345 3501 his
1382 3447 1555 3511 libris,
1590 3451 1738 3517 quia
1778 3446 2045 3500 nonnullis

470 3540 684 3594 minime
710 3540 990 3608 recipiendi
1029 3540 1293 3602 videntur,
1329 3540 1382 3593 id
1414 3549 1514 3603 est,
1537 3555 1603 3593 ex
1627 3538 1902 3608 Sapientia
1929 3555 2047 3608 qua:

464 3631 665 3685 dicitur
691 3631 1018 3699 Salomonis,
1046 3641 1094 3686 et
1142 3648 1207 3686 ea:
1233 3630 1507 3700 Sapientia
1546 3630 1760 3693 Sirach,
1786 3647 1904 3701 qua:
1950 3648 2046 3701 ap-

467 3725 699 3794 pellatur
729 3724 1138 3779 Ecclesiastieus
1178 3725 1316 3793 apud
1351 3723 1593 3779 Latinos.
1618 3723 1721 3778 Sed
1736 3734 1784 3777 et
1813 3723 1876 3778 de
1907 3724 2046 3777 Bar-

471 3818 623 3873 nabas
652 3830 698 3872 et
724 3817 1006 3875 Clementis
1051 3817 1289 3887 Epistola
1310 3818 1453 3885 ponit
1487 3816 1741 3871 Romanis
1781 3818 2042 3888 exempla,

467 3920 521 3966 et
564 3911 630 3966 de
666 3910 907 3980 Epistola
941 3908 1121 3964 ludio.
1170 3908 1302 3975 Quae
1338 3910 1523 3971 verba,
1573 3910 1618 3963 si
1653 3909 1713 3961 τὸ
1730 3909 2044 3971 contradici,

469 4004 559 4060 vel
605 4020 709 4058 non
760 4003 941 4071 recipi,
970 4004 1133 4056 etiam
1172 4001 1239 4055 ad
1270 4000 1568 4055 Clementis
1600 3999 1898 4069 Epistulam
1956 4020 2045 4058 re-

471 4096 794 4166 stringcnda
830 4102 1012 4163 putes,
1037 4108 1145 4147 non
1175 4092 1242 4147 de
1284 4093 1431 4146 omni
1463 4093 1898 4148 contradictione
1930 4095 2046 4151 sive

470 4202 581 4242 non
622 4186 939 4256 receptione
965 4186 1315 4255 simpliciter,
1354 4183 1448 4239 sed
1476 4192 1685 4238 tantum
1730 4184 1797 4237 de
1823 4200 1929 4238 non
1960 4202 2046 4240 ιε-

470 4280 720 4351 ceptione
751 4280 806 4333 in
839 4294 1110 4334 canonem
1143 4277 1554 4348 Scripturarum
1576 4277 1912 4345 loquuntur:
1951 4293 2046 4332 ρει--

470 4372 704 4441 denique
729 4373 942 4426 ratione
974 4371 1161 4425 multis
1196 4371 1319 4424 aliis
1340 4384 1450 4439 qua
1484 4367 1723 4431 Veteris,
1752 4385 1859 4440 qua
1884 4369 1948 4423 N.
1977 4369 2041 4424 T.

470 4463 628 4517 libris
677 4463 1080 4518 contradictum
1102 4474 1204 4526 est,
1235 4462 1359 4516 aliis
1390 4461 1528 4515 alios
1560 4476 1706 4516 nunc
1756 4464 2043 4532 probanti-

2149 612 2280 667 dere
2299 632 2313 668 :
2330 614 2473 683 quod
2499 614 2673 683 ipsum
2703 629 2825 667 cum
2844 630 2952 669 non
2975 631 3085 670 uno
3105 616 3225 670 loco
3248 616 3303 670 in
3330 616 3431 671 ista
3453 618 3731 691 ἐπικρίσει

2148 720 2248 761 sua
2307 704 2455 770 facit,
2501 716 2615 759 tum
2661 707 2943 764 evidenter
2983 709 3038 763 in
3084 710 3441 779 sequentibus
3490 713 3680 768 verbis
3712 752 3729 778 ,

2147 797 2347 866 quibus
2399 796 2558 866 quasi
2612 796 2878 854 hactenus
2920 799 2989 854 de
3032 798 3312 856 Clemente
3361 801 3522 857 dictis
3571 803 3732 857 colo-

2149 887 2383 958 phonem
2407 889 2599 947 addit:
2641 887 2707 942 Et
2741 891 2887 961 quod
2922 893 3097 962 magis
3136 900 3243 958 est,
3286 892 3561 963 inquiens,
3596 911 3728 949 cum

2148 998 2393 1052 nuperus
2454 984 2749 1054 episcopus
2796 984 3061 1055 Yprensis
3104 986 3397 1045 Cornelius
3425 988 3729 1047 Jansenius

2148 1075 2434 1142 Augustini
2455 1077 2541 1131 sui
2564 1082 2699 1132 tom.
2723 1075 2814 1142 ΠΙ,
2834 1078 2925 1133 lib.
2958 1095 3030 1144 vi,
3059 1096 3177 1152 cap.
3204 1082 3293 1146 12,
3317 1099 3382 1137 ex
3424 1083 3729 1141 Clementis

2146 1168 2374 1239 epistola
2418 1170 2792 1226 testimonium
2824 1172 3071 1238 citasset,
3096 1175 3305 1235 deridet
3348 1195 3471 1233 eum
3510 1178 3727 1235 Jesuita

2146 1259 2557 1315 Aurelianensis
2578 1260 2872 1333 Dionysius
2903 1262 3489 1324 Petaviustom.lllDe
3517 1267 3723 1323 Eccles.

2147 1352 2320 1423 dogm.
2349 1353 2443 1408 lib.
2473 1368 2559 1417 Ill,
2590 1353 2662 1409 De
2693 1354 2884 1426 Opi/ie.
2910 1372 3032 1428 cap.
3062 1358 3115 1421 8,
3142 1376 3294 1414 num.
3319 1359 3373 1424 5,
3414 1361 3560 1430 quod
3610 1377 3728 1415 non

2148 1443 2453 1513 distinguat
2503 1444 2645 1498 inter
2702 1446 2951 1502 sinceras
2994 1457 3048 1503 et
3075 1450 3455 1520 supposititios
3489 1454 3730 1522 scripto-

2148 1549 2259 1590 res.
2300 1534 2530 1605 Dignum
2556 1551 2689 1591 sane
2718 1539 2916 1608 patella
2936 1541 3280 1610 operculum,
3313 1541 3381 1596 de
3403 1558 3513 1612 quo
3537 1551 3733 1600 tamen

2147 1643 2291 1699 aegre

2330 1719 2633 1790 Spectatum
2662 1721 2898 1791 admissi,
2914 1724 3077 1778 risum
3110 1724 3540 1790 teneatis,amici.

2150 1811 2354 1883 Ecquis
2376 1816 2522 1869 enim
2554 1818 2772 1872 nescire
2815 1826 3014 1887 potest,
3041 1818 3274 1889 ipsemet
3296 1835 3420 1875 cum
3442 1818 3719 1891 Jansenii,

2150 1914 2261 1961 tum
2294 1906 2497 1962 Petavii
2522 1910 2680 1963 verba
2704 1910 3025 1980 inspiciens,
3051 1912 3118 1966 de
3161 1912 3321 1983 longe
3363 1914 3470 1967 alia
3495 1916 3716 1984 episto-

2148 1996 2221 2061 la,
2242 2006 2298 2052 et
2330 1998 2549 2068 quidem
2575 1998 2688 2067 ipsa
2719 1999 2873 2053 tertia
2897 1998 3181 2062 decretali,
3216 2016 3337 2070 quae
3378 2008 3526 2056 tomo
3548 2001 3568 2055 l
3594 2002 3736 2058 Con-

2148 2090 2393 2143 ciliorum
2431 2088 2574 2143 Surii
2615 2104 2737 2160 pag.
2764 2089 2887 2154 148,
2913 2091 2968 2145 in
3011 2091 3278 2146 Blondelli
3323 2108 3449 2148 vero
3488 2093 3736 2149 Censura

2148 2194 2272 2249 pag.
2303 2179 2369 2232 7‘2
2398 2185 2597 2244 exstat,
2623 2189 2673 2233 et
2703 2180 2771 2233 ad
2801 2196 2978 2235 omnes
3002 2183 3352 2250 coepiscopos,
3370 2184 3730 2254 presbyteros,

2150 2271 2424 2336 diaconos,
2481 2287 2542 2325 ac
2564 2272 2794 2343 reliquos
2824 2273 3064 2338 clericos,
3108 2283 3157 2327 et
3203 2284 3417 2328 cunctos
3465 2277 3732 2345 principes

2149 2363 2377 2432 majores
2419 2362 2726 2427 minoresve,
2749 2362 2971 2415 titulum
3005 2363 3291 2427 mentitur,
3323 2372 3619 2433 utrumque
3650 2365 3733 2417 lo-

2149 2467 2357 2513 culum.
2415 2456 2546 2512 Post
2581 2457 2641 2513 S.
2670 2457 3004 2527 Dionysium,
3031 2458 3212 2529 inquit
3250 2457 3564 2523 Jansenius,
3603 2461 3733 2515 Cle-

2151 2566 2295 2604 mens
2318 2564 2476 2619 papa,
2510 2550 2564 2603 in
2585 2548 2808 2617 epistola
2840 2549 2997 2602 tertia
3023 2564 3043 2614 ;
3078 2550 3167 2601 ubi
3198 2550 3369 2618 primo
3402 2548 3552 2611 dicit,
3586 2552 3734 2621 quod

2153 2642 2476 2712 Augustinus
2501 2642 2652 2695 toties
2677 2641 2919 2705 tradidit,
2939 2659 3033 2695 nos
3051 2658 3163 2696 esse
3187 2641 3337 2695 liberi
3363 2641 3735 2709 arbitrii,quia

2153 2733 2280 2787 velle
2306 2743 2355 2787 et
2403 2732 2543 2786 nolle
2581 2731 2830 2785 habemus
2884 2733 2938 2785 in
2991 2741 3268 2801 potestate.
3322 2731 3401 2786 Ad
3451 2732 3567 2787 haec
3602 2734 3735 2789 Dio-

2154 2827 2343 2896 nysius
2368 2823 2623 2881 Petavius
2658 2846 2669 2879 :
2705 2825 2822 2880 Hoc
2852 2842 3028 2886 sensu,
3057 2826 3153 2889 ait,
3185 2828 3286 2879 vim
3310 2828 3511 2895 accepit
3540 2836 3738 2882 auctor

2152 2919 2265 2982 ille,
2324 2920 2412 2988 qui
2442 2918 2537 2972 sub
2589 2918 2874 2973 Clementis
2924 2920 3132 2973 nomine
3173 2918 3451 2988 epistolam
3513 2920 3735 2974 tertiam

2150 3012 2479 3065 concinnavit
2507 3027 2574 3065 ea:
2595 3011 2743 3064 libris
2772 3008 3241 3079 Recognitionum.
3268 3008 3390 3075 Qua
3413 3025 3477 3063 ex
3499 3011 3738 3078 epistola

2152 3119 2295 3158 nova
2326 3113 2483 3157 secta:
2511 3113 2769 3172 patronus
2810 3102 3168 3155 testimonium
3209 3100 3494 3155 secundum
3525 3102 3730 3165 posuit,

2153 3194 2283 3247 adeo
2311 3195 2368 3247 in
2400 3196 2609 3246 testium
2635 3191 2836 3245 delectu
2862 3193 3179 3253 incuriosus,
3206 3202 3261 3244 ut
3292 3193 3591 3260 promiscue
3616 3194 3734 3245 sin-

2149 3302 2295 3341 ceras
2318 3302 2381 3339 ac
2415 3286 2777 3355 supposititios
2807 3284 3015 3339 habeat.
3048 3283 3200 3339 Unde
3239 3300 3361 3339 cum
3394 3284 3546 3339 nullo
3570 3295 3735 3356 pacto

2151 3377 2392 3432 adducar
2452 3385 2514 3431 ut
2562 3377 2781 3432 credam
2815 3391 3073 3446 magnum
3122 3377 3359 3446 aliquem
3406 3377 3731 3445 theologum

2151 3469 2206 3523 in
2241 3469 2514 3539 ejusmodi
2573 3468 2821 3524 minutiis
2874 3476 3085 3522 tantum
3121 3483 3186 3523 ex
3212 3468 3520 3538 ignorantia
3546 3484 3737 3524 errare

2150 3577 2389 3617 errorem
2417 3580 2430 3628 ;
2454 3561 2651 3616 viderit
2674 3561 2783 3623 ille,
2809 3575 2919 3630 quo
2950 3560 3155 3625 animo,
3179 3575 3283 3630 qua
3312 3561 3655 3615 conscientia
3681 3562 3735 3616 id

2152 3652 2361 3709 fecerit.
2414 3653 2526 3724 Ego
2583 3655 2707 3718 hoc,
2742 3652 2852 3708 Deo
2889 3661 3048 3715 teste,
3088 3668 3190 3723 pro
3238 3661 3391 3707 certo
3451 3654 3732 3708 allirmare

2152 3762 2314 3817 queo,
2348 3762 2432 3801 me
2458 3746 2666 3800 nullius
2696 3747 2871 3815 partis
2901 3746 3105 3812 studio,
3140 3746 3235 3801 sed
3276 3747 3449 3802 solius
3478 3749 3732 3805 veritatis

2152 3856 2336 3895 amore
2355 3838 2577 3893 ductum
2590 3839 2694 3894 hoc
2715 3840 3094 3910 qualecunque
3117 3840 3234 3907 ejus
3249 3840 3581 3912 ἐπικρίσεως
3599 3856 3733 3897 exa-

2151 3950 2275 3988 men
2306 3933 2639 3996 instituisse,
2666 3948 2733 3987 ne
2766 3932 2980 3987 scilicet
3010 3933 3413 3989 incautioribus
3460 3936 3565 3989 sub
3612 3934 3727 3988 veri

2150 4024 2370 4079 nomine
2392 4030 2579 4093 posset
2609 4024 2907 4093 imponere,
2934 4038 3139 4093 eosque
3163 4023 3232 4078 ab
3248 4023 3542 4079 utilissima
3560 4024 3726 4092 hujus

2148 4114 2405 4185 Epistolas
2428 4115 2661 4169 lectione
2683 4114 3011 4169 absterrere.
3068 4113 3206 4169 Tum
3233 4124 3292 4169 ut
3325 4115 3384 4170 Β.
3419 4124 3726 4186 praecepto-

2148 4220 2262 4259 rem
2286 4219 2465 4259 meum
2486 4203 2555 4259 ab
2599 4203 2801 4272 injuria
2833 4203 3169 4259 vindicarem
3204 4221 3217 4256 :
3248 4220 3409 4275 quem
3442 4205 3585 4260 idem
3609 4206 3720 4271 ille,

2148 4296 2219 4349 ob
2263 4294 2597 4351 Clementem
2653 4294 2800 4347 hunc
2844 4292 3090 4363 Apostoli
3131 4302 3543 4364 cooperatorem
3589 4311 3721 4365 pro-

2149 4395 2483 4450 nuntiatum,
2503 4385 2889 4455 imprudentiae
2911 4386 3111 4454 arguit,
3137 4385 3254 4454 ipse
3284 4386 3466 4454 potius
3498 4387 3571 4439 ita
3605 4384 3722 4439 for-

2150 4483 2314 4537 tassis
2350 4480 2754 4551 coarguendos.
2812 4476 2955 4548 Opto
2981 4494 3131 4541 vero,
3190 4486 3249 4531 ut
3290 4478 3726 4547 uniuscujusque

472 4554 603 4616 bus.
640 4569 788 4651 nunc
839 4554 1291 4651 reprobat-uibus:
1353 4553 1574 4651 Interim
1614 4556 1887 4651 posterius
1944 4556 2046 4610 ιιοο
2084 4597 2124 4651 ο
2150 4574 2448 4631 Christiani
2496 4574 2663 4627 menti
2697 4572 2925 4626 ﬁrmiter
2956 4571 3218 4625 inhaereat
3252 4571 3384 4624 illud
3423 4568 3724 4625 Clementis

466 4658 582 4705 non
627 4643 766 4697 tollit
790 4646 961 4714 prius,
992 4643 1092 4713 legi
1132 4660 1250 4698 eam
1274 4646 1328 4697 in
1346 4645 1662 4715 quibusdam
1699 4647 1934 4702 ecclesiis
1959 4665 2047 4702 so-

472 4738 657 4800 litam;
689 4751 813 4789 cum
853 4737 909 4790 in
941 4737 1217 4806 primitiva
1274 4737 1522 4793 Ecelesia
1551 4739 1883 4798 Christianis
1934 4760 2046 4798 non

470 4838 681 4884 tantum
706 4828 958 4885 canonici
986 4830 1180 4883 stricte
1203 4832 1275 4883 ita
1317 4832 1597 4900 appellati,
1624 4833 1720 4887 sed
1756 4834 1923 4889 etiam
1950 4836 2043 4889 alii

472 4922 597 4976 libri
628 4922 696 4974 ab
741 4920 1070 4991 antiquitate
1102 4936 1200 4976 sua
1231 4929 1285 4975 et
1314 4923 1547 4977 utilitate
1576 4927 2044 4989 commendati,ad

471 5012 877 5082 aedificationem
921 5010 1109 5079 plebis,
1166 5028 1272 5066 non
1302 5029 1421 5066 vero
1454 5013 1522 5065 ad
1555 5018 1927 5073 auctoritatem
1960 5037 2047 5074 ec-

469 5113 891 5166 clesiasticarum
944 5108 1255 5178 dogmatum
1301 5110 1747 5177 conﬁrmandam,
1789 5115 2051 5185 prielege-

476 5212 671 5257 rentur
706 5216 855 5271 :qua
890 5202 944 5254 in
967 5217 1026 5254 re
1046 5201 1168 5256 licet
1186 5202 1440 5256 similiter
1474 5203 1791 5273 discrepare
1826 5214 2049 5274 possent

469 5298 613 5351 inter
644 5311 703 5350 se
736 5295 1005 5356 ecclesiae,
1036 5300 1091 5349 et
1132 5294 1251 5349 alia:
1289 5295 1522 5349 aliorum
1569 5296 1857 5352 lectionem
1908 5314 2050 5367 prie-

468 5392 634 5455 ferre,
667 5398 851 5443 tamen
879 5388 971 5442 illa
1023 5390 1376 5459 particularis
1416 5390 1727 5459 reprobatio
1757 5392 1824 5446 ab
1857 5392 2048 5448 Eccle-

468 5481 551 5540 sia
598 5482 838 5555 quadam
886 5490 981 5536 aut
1022 5481 1144 5551 ejus
1188 5482 1415 5537 doctore
1477 5483 1655 5548 facta,
1703 5498 1809 5537 non
1858 5486 2045 5539 statim

469 5584 688 5648 poterat
714 5576 820 5647 ipsi
878 5576 1087 5646 scripto
1130 5577 1279 5631 omni
1335 5592 1401 5631 ex
1436 5585 1589 5646 parte
1640 5577 1925 5647 derogare,
1952 5586 2050 5631 aut

466 5670 589 5739 ejus
621 5668 778 5724 ﬁdem
812 5668 1139 5740 infringere.
1180 5667 1409 5725 Domum
1435 5686 1623 5725 crassa
1662 5678 1745 5725 est
1788 5671 2050 5741 ignoran-

470 5763 569 5826 tia,
622 5763 785 5833 inque
824 5762 1112 5833 theologia:
1144 5763 1391 5827 doctore,
1417 5774 1471 5819 et
1491 5764 1709 5835 quidem
1735 5773 1913 5829 tanto,
1936 5780 2048 5818 non

470 5853 715 5912 ferenda.
751 5856 889 5910 hanc
913 5854 1120 5912 scilicet
1152 5853 1469 5925 Epistulam,
1510 5872 1633 5910 cum
1661 5854 1803 5920 istis,
1833 5855 1901 5910 de
1925 5856 2048 5925 qui-

2152 4665 2347 4731 noslri,
2378 4680 2512 4719 auro
2535 4663 2730 4733 quovis
2767 4663 3088 4733 pretiosius,
3115 4662 3380 4715 monitum
3411 4676 3423 4710 :
3450 4658 3559 4714 Cur
3587 4660 3725 4712 inter

2150 4776 2242 4813 nos
2261 4759 2369 4812 sint
2396 4758 2774 4817 contentiones,
2808 4756 2929 4818 irae,
2965 4753 3285 4814 simultates,
3334 4753 3629 4806 schismata
3667 4758 3719 4803 et

2150 4850 2341 4904 bellum
2372 4852 2396 4905 ξ)
2445 4847 2637 4901 Nonne
2660 4862 2822 4899 unum
2867 4845 3029 4898 Deum
3054 4854 3103 4898 et
3132 4853 3292 4896 unum
3327 4842 3601 4897 Christum
3626 4840 3725 4891 ha-

2149 4940 2369 4995 bemus?
2399 4956 2565 4993 nonne
2595 4954 2728 4991 unus
2754 4947 2832 4990 est
2875 4935 3107 5006 Spiritus
3157 4935 3367 5005 gratire,
3413 4932 3503 5004 qui
3561 4945 3727 5001 super

2149 5048 2242 5085 nos
2287 5031 2483 5099 effusus
2540 5038 2638 5093 est,
2687 5036 2735 5081 et
2785 5044 2892 5081 una
2943 5026 3149 5081 vacatio
3209 5027 3263 5079 in
3318 5019 3726 5079 Christo?Cur

2150 5120 2353 5176 Christi
2385 5120 2620 5174 membra
2659 5118 2960 5173 divellimus
2984 5126 3034 5171 et
3058 5116 3428 5185 discerpimus,
3455 5123 3505 5169 et
3538 5122 3724 5166 contra

2147 5214 2418 5282 proprium
2448 5229 2635 5282 corpus
2675 5212 2984 5266 seditionem
3015 5222 3297 5269 movemus,
3317 5224 3476 5277 eoque
3497 5204 3723 5259 vesania:

2149 5304 2467 5370 devenimus,
2498 5313 2553 5356 ut
2572 5304 2805 5357 aliorum
2833 5320 2927 5357 nos
2961 5300 3191 5355 membra
3207 5316 3320 5353 esse
3337 5297 3587 5352 oblivioni
3612 5306 3726 5348 tra-

2148 5395 2361 5450 damus.
2401 5393 2558 5461 Quod
2590 5401 2861 5465 superest,
2896 5393 3092 5449 Lector
3114 5392 3398 5454 benevole,
3434 5390 3574 5444 hanc
3598 5386 3727 5456 Epi-

2150 5488 2366 5549 stolam,
2386 5502 2450 5541 ea
2474 5502 2580 5557 qua
2606 5488 2883 5556 potuimus
2907 5485 3009 5539 [ide
3029 5491 3084 5538 et
3107 5483 3389 5553 diligentia
3408 5480 3724 5536 curavimus

2150 5579 2582 5649 exprimendam,
2617 5586 2676 5633 ut
2706 5578 2842 5633 nihil
2873 5578 3106 5648 amplius
3135 5575 3248 5631 fere
3283 5576 3372 5629 hic
3408 5571 3723 5630 desiderare

2150 5672 2351 5742 possis,
2381 5688 2543 5742 quam
2574 5673 2720 5741 quod
2753 5672 2963 5725 lacuna:
2999 5686 3107 5724 non
3138 5669 3311 5724 minio
3334 5668 3522 5731 rubro,
3545 5671 3605 5715 ut
3651 5660 3707 5712 in

2150 5764 2390 5820 editione
2420 5763 2719 5834 Anglicana
2761 5762 2986 5827 factum,
3046 5762 3140 5817 sed
3192 5760 3496 5814 minoribus
3526 5752 3722 5808 litteris

2153 5857 2262 5913 sint
2289 5864 2509 5912 notatae.
2544 5853 2729 5928 Neque
2759 5855 2927 5920 enim,
2980 5855 3195 5911 etiamsi
3235 5851 3369 5907 illud
3400 5849 3560 5908 nobis
3612 5859 3718 5900 non
