4076 6280
326 391 389 447 61
1572 413 1853 473 Ριωυευι

1955 417 2331 480 VARIORUM.
3488 434 3559 491 63

324 512 545 616 liceret,
586 515 857 616 voluimus
885 529 1171 616 propterea
1199 532 1373 581 totum
1391 528 1772 599 intermittere,
1804 533 1900 588 sed
1929 530 1976 596 Α
2002 537 2221 592 drinum
2250 548 2497 610 repertae,
2543 544 2659 599 suis
2687 557 2917 615 quaeque
2947 546 3196 616 pagellis,
3230 562 3298 604 ex
3327 548 3571 606 editione

326 607 417 660 vel
443 622 511 661 eo
539 608 695 663 modo
740 617 949 666 textum
981 615 1277 683 genuinum
1313 632 1344 672 a
1375 619 1753 690 supplemento
1780 621 1898 676 dis-
2000 607 2372 683 Parisiensi'a.
2400 629 2531 685 Chr.
2557 607 3048 691 Itin-novissima
3062 607 3336 693 indicata}.
3361 639 3421 693 In
3442 657 3566 695 om-

324 697 593 800 tinguere,
618 715 730 769 quo
785 708 843 757 et
877 710 1003 769 tum,
1055 706 1103 760 si
1149 707 1225 762 ita
1258 709 1553 777 videretur,
1612 712 1896 768 industriae
2000 717 2166 774 nibus
2196 720 2244 774 si
2274 736 2384 776 non
2416 724 2599 778 omnia
2632 725 2770 782 forte
2822 728 3005 797 palato
3058 735 3155 783 tuo
3177 730 3563 800 respondeant,

319 790 728 891 fel_i_"q"e_’e‘“"
750 796 970 864 P3135"
972 814 1002 851 ³
1026 801 1110 855 νει
1143 802 1211 856 ad
1250 802 1692 871 οοηὶθοιίιηάιιιην
1717 806 1803 859 vel
1826 805 1895 860 ad
1995 810 2051 865 id
2085 814 2286 881 partim
2316 814 2667 873 scholasticis
2691 790 3149 890 occupationibus
3191 790 3348 885 meis,
3368 790 3568 891 partim

312 881 695 983 iudicandum.
746 889 902 983 Alias
923 892 1235 983 testimonia
1263 897 1465 965 passim
1491 911 1521 950 a
1550 897 1711 952 nobis
1732 907 1893 953 aucta
1998 901 2264 957 absentia:
2306 919 2441 959 meae
2474 906 2545 960 ab
2564 881 2850 977 operibus.
2876 912 3285 983 typographicis
3333 881 3561 978 tribues,

314 979 468 1074 sunt,
518 974 708 1033 addita
736 979 903 1033 etiam
960 980 1166 1039 Graecis
1219 986 1469 1042 versione
1506 986 1737 1054 Latina;
1773 996 1890 1044 tum
1995 999 2051 1045 et
2076 992 2221 1062 quod
2247 994 2301 1047 in
2331 995 2497 1051 simili
2542 974 2742 1068 genere
2774 974 3038 1072 optares:
3052 974 3194 1073 aequi
3216 1002 3456 1074 bonique
3483 974 3566 1059 in;

315 1062 435 1120 loca
449 1074 507 1123 et
536 1071 820 1129 variantes
836 1074 1103 1132 lectiones
1133 1077 1277 1148 apud
1294 1076 1629 1136 Clementem
1654 1079 1892 1167 Aleaanv
2000 1084 2139 1138 cies.
2175 1082 2355 1149 Salve,
2383 1099 2448 1139 ac
2476 1062 2616 1142 bene
2656 1086 2795 1143 vale.

1248 1358 1931 1452 GODEFREDI
2013 1368 2679 1458 VENDELINI

844 1565 935 1621 DE
970 1565 1363 1627 CLEMENTIS
1399 1569 1493 1625 ET
1531 1571 1698 1629 EJUS
1734 1573 2235 1631 EPISTOLARUM
2278 1575 2608 1634 TEMPORE
2646 1577 3019 1638 DIVINATIO.

372 1807 629 1866 Clemens
648 1806 1218 1874 Romanus,Faustini
1250 1816 1392 1872 ﬁlius
1424 1817 1605 1889 (quem
1666 1829 1887 1891 aposto-
1917 1830 1958 1885 Β
1986 1825 2259 1878 certiorem
2289 1825 2352 1879 de
2395 1827 2549 1879 annis
2594 1827 2851 1881 invenerit
2898 1827 3391 1899 chronograplu'am,
3448 1847 3555 1904 qua

303 1900 389 1954 lus
418 1899 648 1968 Paulus,
682 1903 751 1957 ad
784 1901 1163 1974 Philippenses
1214 1909 1484 1975 scribens,
1523 1926 1682 1965 suum
1719 1923 1879 1968 vocat
1981 1927 2153 1971 tamen
2183 1935 2285 1971 non
2316 1918 2589 1986 rejiciatur
2615 1935 2642 1972 ε
2672 1936 2889 1974 numero
2941 1922 3246 1990 pontiﬁcum
3290 1922 3553 1979 Romano-

297 1998 715 2061 cooperatorem
763 1993 906 2048 inter
930 2005 1180 2060 caeteros,
1215 2012 1449 2067 quorum
1480 2001 1702 2054 nomina
1736 2004 1877 2056 scri-
1978 2026 2094 2062 rum
2120 2008 2320 2075 Cletus,
2359 2026 2451 2063 nec
2503 2020 2799 2081 martyrum
2830 2012 3258 2083 Lugdunensium
3288 2018 3551 2071 sincerum

296 2091 389 2152 pta
418 2090 549 2136 sunt
586 2084 647 2137 in
700 2083 841 2139 libro
864 2085 1006 2157 vitae)
1069 2085 1216 2142 Petri
1270 2090 1504 2160 apostoli
1561 2106 1872 2155 successor,
1977 2101 2333 2153 testimonium
2362 2101 2757 2166 condemnetur,
2788 2103 2930 2158 haud
2974 2109 3125 2161 inviti
3175 2110 3544 2163 asseutiemur.

298 2177 582 2245 apostolus
628 2176 773 2232 idem
818 2178 935 2247 ipse
972 2187 1201 2234 vocatur
1250 2196 1281 2235 a
1322 2180 1604 2237 Clemente
1637 2182 1878 2238 Alexan-
1975 2189 2088 2261 Ego
2110 2194 2292 2262 itaque
2340 2194 2514 2247 multa
2577 2194 2906 2266 curiosaque
2936 2197 3216 2268 indagine,
3250 2214 3549 2270 poStquani

298 2269 460 2324 drino
495 2270 594 2324 lib.
648 2285 704 2324 ιγ
761 2269 1092 2325 Stromatum
1122 2288 1142 2326 :
1186 2275 1461 2345 quomodo
1492 2282 1546 2330 et
1593 2275 1873 2331 Barnabas

303 2361 507 2430 aliique
537 2376 865 2431 magnorum
896 2364 1266 2432 apostolorum
1296 2367 1525 2422 comites
1544 2377 1596 2422 et
1616 2366 1873 2437 discipuli

292 2456 413 2524 pari
438 2456 663 2510 nomine
685 2456 916 2527 apostoli
941 2457 1204 2527 (minores
1220 2458 1423 2530 tamen)
1448 2459 1618 2514 habiti
1649 2460 1871 2515 fuerunt

289 2552 345 2599 et
393 2546 674 2615 appellati.
709 2545 962 2602 Clemens
1002 2547 1091 2601 hic
1121 2555 1247 2618 post
1295 2548 1513 2604 Petrum
1564 2548 1869 2605 Romanam

288 2637 431 2690 rexit
455 2636 780 2702 Ecclesiam,
815 2640 1058 2710 vixitque
1084 2640 1150 2693 ad
1187 2648 1431 2711 tempora
1464 2640 1734 2711 Traiani;
1766 2658 1870 2696 cu-

282 2727 377 2797 jus
401 2743 551 2782 anno
572 2730 756 2794 tertio,
772 2730 866 2800 qui
898 2731 999 2785 l'uit
1023 2732 1247 2802 epochae
1276 2741 1479 2788 nostra:
1501 2733 1863 2799 centesimus,

284 2818 523 2874 Joannis
545 2837 761 2891 quoque
790 2823 1137 2893 evangelista:
1166 2831 1341 2878 morte
1364 2825 1583 2887 nobilis,
1624 2824 1867 2880 Cherso-

285 2927 375 2967 ηε
408 2914 467 2966 in
492 2911 689 2976 Ponto,
719 2920 844 2983 post
890 2914 1069 2969 exsilii
1123 2914 1206 2969 sui
1238 2915 1697 2985 quinquennium,
1725 2918 1870 2973 occi-

284 3006 459 3061 ditur.
488 3004 538 3061 Is
567 3014 684 3061 erat
712 3022 889 3061 annus
905 3017 1029 3077 post
1058 3006 1264 3064 Christi
1292 3008 1687 3065 Ascensionem
1709 3024 1867 3065 sexa-

282 3098 530 3167 gesimus
554 3107 607 3153 et
646 3108 896 3163 octavus,
930 3109 1091 3170 prout
1115 3100 1379 3157 habemus
1400 3100 1683 3156 traditum.
1718 3101 1867 3168 Quot

1974 2286 2216 2338 rationes
2275 2299 2467 2339 omnes
2514 2285 2791 2340 variorum
2852 2289 3182 2359 scriptorum
3239 2291 3533 2362 diligenter

1972 2378 2215 2439 excussi,
2245 2375 2438 2430 videor
2476 2377 2609 2431 mihi
2639 2379 2753 2432 veri
2776 2378 2935 2435 ﬁdem
2958 2383 3386 2454 deprehendisse
3406 2384 3547 2439 hanc

1972 2468 2363 2524 certissimam.

2044 2563 2199 2619 Anno
2239 2566 2462 2635 epochae
2498 2574 2704 2624 nostra:
2729 2569 2821 2633 41,
2855 2569 2944 2623 die
2963 2568 3035 2622 2'5
3060 2566 3332 2631 Januarii,
3358 2568 3545 2621 occiso

1971 2652 2125 2718 Caio,
2154 2660 2425 2713 successit
2446 2660 2502 2713 in
2532 2660 2824 2730 imperium
2849 2659 3132 2724 Claudius,
3161 2662 3254 2730 qui
3274 2658 3539 2713 Herodem

1970 2744 2267 2817 Agrippam
2299 2750 2486 2803 statim
2541 2751 2753 2805 dimisit
2808 2752 2865 2805 in
2907 2766 3065 2805 suum
3102 2767 3351 2821 regnum,
3385 2752 3543 2821 isque

1969 2853 2166 2907 magna
2190 2839 2471 2895 celeritate
2493 2856 2745 2896 reversus
2774 2849 2859 2897 est
2887 2843 2940 2895 in
2972 2840 3215 2911 Judaeam
3245 2856 3342 2910 per
3386 2856 3542 2896 men-

1969 2943 2083 2983 sem
2109 2927 2240 2999 (l'ac)
2270 2927 2627 2985 Februarium
2662 2938 2858 2996 totum,
2889 2932 2975 2986 vel
3000 2912 3154 2985 initia
3188 2930 3388 2985 Martii.
3428 2928 3539 2984 Ez-

1969 3026 2162 3089 ceptus
2194 3036 2223 3073 a
2271 3022 2387 3076 suis
2429 3022 2789 3092 popularibus
2827 3022 3161 3088 honoriﬁce;
3193 3021 3397 3092 quibus
3430 3021 3531 3077 de-

1968 3112 2243 3169 merendis
2277 3123 2359 3186 (ut
2389 3131 2448 3169 se
2469 3117 2770 3186 gratiosum
2802 3132 2866 3170 ac
2896 3116 3212 3187 popularem
3245 3116 3532 3186 praeberet)

284 3206 417 3244 vero
451 3199 583 3246 tunc
617 3184 796 3247 annos
828 3192 1089 3247 habuerit
1114 3192 1390 3259 Clemens,
1432 3194 1536 3249 etsi
1572 3210 1680 3249 non
1726 3196 1857 3265 legi-
1891 3182 1931 3238 (ἶ
1964 3200 2212 3255 odiosam
2259 3182 2371 3258 illis
2421 3182 3097 3269 Christianorum-nimis
3153 3182 3531 3269 invidentium,

282 3297 408 3335 mus
440 3283 719 3352 proditum
745 3323 761 3346 ,
785 3292 1002 3339 constat
1036 3292 1219 3341 tamen
1246 3301 1354 3340 non
1395 3287 1565 3341 multo
1588 3287 1857 3342 minorem

285 3374 459 3429 fuisse
488 3374 828 3439 centenario,
869 3375 1025 3431 valde
1052 3393 1239 3432 senem
1268 3379 1458 3448 utique
1495 3378 1666 3435 fuisse
1693 3395 1859 3452 opor-

282 3476 396 3532 tet,
451 3469 495 3522 si
536 3467 705 3538 (quod
734 3467 935 3522 habent
973 3468 1401 3539 Recognitionum
1449 3472 1592 3536 libri,
1647 3489 1754 3526 non
1800 3474 1856 3527 in

280 3565 459 3611 totum
486 3557 797 3631 dramatici)
848 3560 914 3613 ad
945 3559 1178 3629 primam
1218 3559 1419 3614 famam
1469 3560 1675 3617 Chr-isti
1736 3561 1852 3631 jam

277 3650 336 3704 in
368 3651 573 3705 coelum
606 3652 835 3721 recepti,
869 3652 1080 3706 vivente
1124 3652 1302 3706 adhuc
1346 3651 1589 3719 Tiberio,
1635 3652 1855 3722 juvenis

277 3744 384 3798 I‘uit
418 3743 663 3799 ﬂorentis
693 3743 1105 3813 aetatis,judicii
1137 3744 1331 3809 limati,
1368 3744 1855 3817 doctrinarumque

274 3838 665 3893 cublimiorurn
697 3836 880 3903 avidi;
916 3838 1077 3906 plane
1112 3845 1170 3891 ut
1215 3853 1392 3893 annos
1439 3838 1597 3892 facile
1659 3839 1853 3909 viginti

272 3932 524 4004 quinque
552 3932 872 3994 excesserit,
909 3931 994 3985 vel
1029 3931 1098 3985 ad
1121 3932 1463 3997 trigesimum
1497 3932 1726 4003 propius
1757 3948 1849 3987 ac-

272 4022 528 4083 cesserit,
556 4028 826 4090 natusque
846 4021 1095 4075 videatur
1146 4037 1243 4091 per
1290 4022 1447 4076 initia
1478 4023 1701 4078 circiter
1747 4039 1851 4078 no-

273 4124 405 4172 strte
420 4112 665 4183 epochaa,
691 4112 887 4167 Joanni
910 4114 1256 4184 evangelista:
1277 4114 1433 4185 quasi
1458 4122 1769 4171 comtaneus
1786 4131 1850 4172 ac

271 4208 439 4278 plane
462 4222 703 4263 coaevus.

343 4299 493 4353 Intra
526 4298 632 4353 hoc
672 4299 909 4368 primum
949 4297 1206 4352 saeculum
1229 4296 1605 4369 pontiﬁcatum
1637 4295 1846 4353 Roma-

272 4405 406 4443 num
442 4390 614 4459 gessit
637 4390 929 4459 episcopus
958 4388 1229 4453 Clemens,
1264 4390 1422 4443 annis
1443 4388 1527 4456 (ut
1558 4390 1698 4444 inter
1731 4406 1849 4445 om-

1960 3291 2362 3348 multitudinem
2389 3296 2719 3365 opprimere,
2769 3295 3130 3365 hominesque
3174 3296 3298 3351 illos
3333 3312 3528 3359 novos,

1960 3380 2275 3447 seditiosos,
2320 3384 2549 3440 nefaria:
2599 3385 2899 3455 impietatis
2948 3388 3004 3440 in
3051 3386 3244 3451 Deum,
3272 3387 3533 3457 legesque

1959 3469 2227 3527 Mosaicas
2259 3473 2605 3530 insimulatus
2622 3476 2687 3529 ad
2711 3475 2978 3546 supplicia
3004 3490 3196 3545 rapere
3222 3492 3520 3547 aggressus

1956 3570 2060 3626 est,
2087 3578 2119 3617 a
2142 3564 2433 3634 praecipuis
2452 3580 2641 3620 eorum
2665 3567 2939 3636 capitibus
2956 3567 3221 3636 apostolis
3243 3566 3529 3637 grassandi

1956 3655 2101 3710 Iacto
2128 3656 2305 3713 initio.
2324 3657 2511 3729 Itaque
2532 3657 2718 3712 occidit
2734 3658 3017 3723 Iacobum,
3036 3658 3258 3727 fratrem
3272 3658 3524 3723 Joannis,

1953 3745 2135 3815 gladio
2157 3746 2224 3801 ".

2024 3836 2178 3892 Hanc
2210 3847 2443 3894 mortem
2470 3839 2734 3897 habemus
2759 3842 3074 3897 adnotatam
3097 3839 3355 3895 Kalendis
3374 3838 3531 3908 Apri-

1959 3929 2051 3993 lis,
2099 3944 2223 3999 quae
2258 3929 2363 3985 hoc
2411 3946 2556 3987 anno
2581 3933 2646 3987 41
2676 3933 2989 3990 inciderunt
3012 3934 3065 3988 in
3101 3932 3425 3997 Sabbatum;
3466 3938 3526 3984 ut

1952 4015 2200 4070 videatur
2218 4015 2476 4082 Iacobus,
2504 4019 2571 4073 de
2598 4021 2887 4076 occasione
2903 4021 3076 4091 ipsius
3098 4019 3346 4082 Sabhati,
3364 4020 3526 4087 quasi

1950 4112 2127 4179 Iacto,
2155 4114 2372 4170 dictove
2401 4116 2585 4185 aliquo
2630 4116 2816 4169 violati
2868 4117 3206 4169 tumultuose
3234 4120 3524 4181 correptus

1951 4220 1980 4257 a
2014 4204 2348 4272 furentibus,
2380 4208 2679 4278 statimque
2706 4210 2790 4279 (ut
2818 4207 2875 4260 ﬁt
2898 4208 2953 4261 in
2997 4206 3209 4261 delictis
3243 4205 3524 4275 ﬂagranti-

1949 4294 2074 4366 bus)
2104 4296 2297 4366 plexus
2333 4298 2531 4366 capite,
2564 4299 2760 4352 saltem
2793 4304 2916 4367 post
2943 4311 3200 4350 occasum
3229 4296 3389 4361 solis;
3414 4310 3523 4364 quo

1950 4397 2226 4439 momento
2278 4385 2566 4442 Judaicum
2635 4386 2973 4452 Sabbatum,
3017 4387 3245 4455 diesque
3291 4384 3517 4441 Kalend.

272 4498 393 4547 nes,
428 4482 681 4551 quamvis
710 4480 1084 4536 diversissima
1113 4480 1412 4546 tradentes,
1474 4481 1841 4571 consentitur)
1877 4518 1919 4571 Β
1949 4476 2150 4571 Aprilis
2193 4475 2508 4541 desinebat,
2538 4478 2820 4571 inibatque
2841 4478 3013 4547 prima
3040 4475 3304 4543 Sabhati;
3330 4476 3519 4571 eadem

272 4587 472 4627 novem
504 4587 631 4625 cum
662 4572 943 4626 mensibus
963 4578 1016 4626 et
1045 4571 1239 4627 diebus
1267 4572 1495 4641 aliquot.
1521 4570 1667 4626 Intra
1700 4573 1843 4628 idem
1877 4568 1906 4571 ⁷
1947 4568 2149 4638 Aprilis
2188 4572 2392 4623 mensis
2440 4570 2547 4623 illis
2578 4570 2976 4624 numerabatur
3018 4571 3281 4625 secunda.
3339 4569 3519 4640 Atque

273 4664 536 4719 naculum
564 4662 805 4732 episcopi
837 4662 1066 4715 Romani
1092 4669 1448 4717 recensentur
1482 4663 1654 4719 Linus
1680 4705 1694 4727 ,
1720 4664 1844 4719 Cle-

272 4762 360 4808 tus
387 4761 445 4807 et
474 4752 775 4807 Anacletus
800 4770 815 4818 ;
853 4767 1167 4823 quanquam
1194 4753 1366 4808 Graeci
1384 4753 1552 4809 ferme
1583 4771 1649 4810 ex
1675 4755 1832 4811 Cleto

272 4853 325 4897 et
343 4843 607 4897 Anacleto
635 4858 803 4896 unum
828 4844 1187 4914 eumdemque
1204 4846 1492 4900 videantur
1515 4847 1836 4918 intelligere,

270 4934 439 4988 nimis
466 4935 792 4998 oscitanter,
823 4943 1043 5004 propter
1066 4934 1382 4991 allinitatem
1413 4938 1725 5004 nominum,
1746 4955 1838 4995 so-

268 5022 487 5079 cordes.

340 5114 479 5181 Quis
531 5130 662 5171 vero
689 5116 777 5171 vel
802 5124 926 5169 ante
962 5115 1084 5181 hos,
1122 5116 1205 5171 vel
1235 5115 1378 5171 inter
1414 5116 1559 5182 illos,
1599 5118 1684 5173 vel
1716 5124 1841 5189 post

1948 4660 2053 4715 hoc
2080 4669 2166 4716 est
2192 4661 2338 4732 quod
2392 4660 2761 4731 Hieronymus
2792 4663 2846 4716 in
2872 4660 3065 4719 Ezech.
3094 4678 3379 4733 cap.xr.m,
3403 4671 3520 4716 tra-

1945 4752 2117 4806 ditum
2147 4767 2176 4805 a
2198 4752 2501 4822 majoribus
2529 4768 2635 4806 non
2660 4755 2794 4809 satis
2822 4754 3086 4808 intellexit
3112 4773 3125 4818 ;
3160 4756 3289 4808 dum
3322 4756 3515 4810 scribit

1945 4840 2281 4895 immolatum
2301 4839 2587 4907 Jacobum,
2616 4842 2704 4897 die
2719 4844 2960 4897 secunda
2991 4842 3279 4899 Paschatis
3304 4862 3317 4910 ;
3358 4845 3506 4911 quod

1942 4938 2197 4986 constare
2221 4931 2365 4985 haud
2399 4947 2561 5000 posse
2582 4932 2850 4989 Baronius
2880 4950 3097 5004 quoque
3145 4934 3397 5003 pervidit.
3439 4933 3505 4987 Et

1945 5030 2093 5078 certe
2124 5023 2334 5079 Pascha
2380 5022 2668 5080 Judaicum
2708 5027 2815 5082 isto
2861 5044 3006 5082 anno
3059 5028 3251 5081 incidit
3283 5027 3336 5079 in
3364 5027 3510 5081 diem

1945 5124 2194 5186 quartam
2224 5116 2445 5187 Aprilis,
2476 5118 2544 5173 ad
2570 5134 2873 5189 vesperam.
2898 5119 3016 5174 Non
3043 5133 3173 5189 ergo
3205 5119 3292 5172 die
3314 5133 3512 5173 secun-

266 5208 394 5269 hos,
420 5204 685 5262 Clementi
706 5208 883 5270 locus,
903 5207 1044 5277 quod
1070 5215 1286 5277 tempus
1304 5209 1587 5273 debeatur,
1609 5211 1841 5279 scripto—
1939 5209 2007 5263 da
2032 5208 2316 5265 Paschatis
2341 5212 2559 5266 oecisus
2586 5221 2669 5266 est
2689 5210 2950 5274 Jacobus,
2971 5211 3064 5265 sed
3090 5211 3331 5265 secunda
3354 5227 3505 5266 men-

265 5313 355 5352 res
375 5298 737 5367 certant,jam
760 5299 829 5353 ab
852 5299 1075 5369 antiquo
1105 5299 1459 5369 proximoque
1477 5301 1583 5355 illis
1614 5302 1835 5356 saeculo.

263 5388 455 5461 Itaque
483 5400 538 5445 et
566 5392 622 5445 in
645 5391 938 5446 Breviariis
992 5392 1198 5447 nostris
1239 5392 1481 5462 priorum
1536 5393 1835 5449 editionum

261 5496 292 5534 ε
343 5484 746 5553 posterioribus
768 5484 1043 5539 discordia
1083 5490 1187 5547 est,
1214 5491 1268 5539 et
1299 5484 1534 5555 ἀπορίαν
1574 5501 1729 5539 suam
1779 5486 1835 5541 in

261 5575 545 5640 omnibus,
563 5591 738 5647 usque
758 5576 826 5631 ad
851 5592 1051 5631 annum
1078 5575 1203 5640 179,
1239 5576 1523 5646 proﬁtetur
1565 5575 1835 5632 Baronius

274 5664 595 5730 identidem,
620 5667 797 5723 donec
836 5668 910 5721 ita
942 5668 1097 5724 Iidem
1134 5682 1288 5723 suam
1323 5667 1519 5725 liberat
1554 5688 1564 5723 :
1616 5667 1673 5723 Si
1710 5669 1827 5740 quis

337 5841 382 5870 "
405 5839 526 5896 Act.
563 5859 663 5903 xu.
696 5843 747 5897 ‘2.

1942 5294 2039 5357 sis,
2074 5297 2129 5350 in
2159 5312 2321 5369 quam
2344 5296 2553 5353 Pascha
2585 5295 2678 5355 illo
2703 5315 2848 5354 anno
2870 5299 3081 5354 incidit.

2011 5389 2143 5445 Post
2188 5393 2430 5459 occisum
2479 5410 2630 5466 ergo,
2676 5412 2770 5451 seu
2819 5395 2954 5463 ipsis
3008 5394 3187 5447 adhuc
3246 5393 3506 5448 Kalendis

1941 5483 2242 5553 Aprilibus,
2290 5501 2387 5541 seu
2435 5487 2698 5557 postridie
2748 5502 2928 5551 mane,
2973 5485 3259 5550 Jacobum,
3313 5487 3505 5541 videns

1943 5575 2186 5632 Herodes
2218 5578 2322 5634 hoc
2350 5580 2622 5650 placuisse
2651 5577 2875 5645 Iudaeis,
2903 5579 3159 5650 apposuit
3202 5576 3504 5649 apprehen-

1944 5670 2071 5727 dere
2104 5677 2158 5726 et
2192 5669 2451 5739 Petrum;
2491 5686 2600 5749 non
2644 5671 2861 5742 quidem
2915 5672 3130 5739 eodem,
3161 5669 3346 5736 credo,
3390 5667 3500 5733 die,
