4074 6286
494 397 564 466 ea
1628 392 1700 444 ,ιι
1756 388 1810 445 s.
1854 388 2071 446 CLEME

2171 387 2274 442 ἘΜ
2317 386 2335 440 l
2377 386 2552 441 PAPA
2562 386 2609 441 Μ
3675 384 3745 440 σι

496 510 595 568 sed
618 523 729 564 uno
761 508 954 564 saltem
1012 508 1256 563 altero”
1282 506 1627 577 ‘n.erpos'.to,
1654 506 1855 576 quibus
1881 505 2063 575 pOpuli
2093 508 2140 567 Α
2167 504 2336 568 niens,
2369 500 2685 558 Clementem
2729 503 2841 557 loco
2890 502 3039 556 illius
3070 499 3334 555 ordinavit
3378 500 3619 563 invitum,
3664 506 3751 557 ἀί·-

494 602 819 673 applausum
849 617 911 654 ex
922 602 1136 670 plorare
1163 616 1225 656 ac
1256 602 1651 669 persentiscere
1669 597 1867 667 potuit,
1888 603 1945 651 et
1964 596 2070 651 Pe-

500 706 618 752 trus
647 692 914 756 inveniri;
949 692 1040 764 qui
1068 693 1227 762 proin
1259 701 1450 761 raptus
1482 692 1647 746 luerit
1678 692 1735 747 in
1765 705 2070 753 carcerem,

495 787 615 853 ipso
642 784 733 839 die
772 788 1129 855 Acymorum,
1161 782 1514 839 sanctissimo
1543 782 1857 838 securitatis
1891 781 2068 851 asylo,

493 885 546 927 cl.
594 884 815 944 propter
845 875 1123 944 publicam
1159 874 1402 929 hetitiam
1436 873 1503 927 aii
1535 882 1644 927 tam
1678 874 1865 929 tristia
1886 873 2069 943 inopi-

494 965 662 1020 nabili
718 964 823 1022 Sed
861 963 1130 1019 Herodem
1198 980 1302 1020 nec
1336 963 1572 1020 Sabbata
1598 945 1666 1019 'in
1696 962 1923 1029 Jacobo,
1968 979 2070 1018 nec

490 1052 695 1125 Azyma
740 1056 793 1108 in
828 1053 990 1110 Petro
1026 1065 1299 1112 remorata
1354 1063 1505 1121 sunt,
1544 1055 1840 1125 quominus
1875 1055 2069 1109 saltem

492 1147 1106 1216 comprehenderentur,
1132 1147 1303 1202 dilato
1326 1148 1547 1202 interim
1577 1148 1852 1218 supplicio
1874 1188 1890 1211 ,
1923 1148 2068 1218 quod

490 1234 656 1291 Petro
688 1237 1056 1292 meditabatur
1108 1248 1232 1308 post
1283 1238 1513 1303 Pascha,
1552 1241 1782 1310 diesque
1830 1239 2067 1311 Azymo-

491 1343 612 1382 rum
651 1340 843 1383 omnes
892 1336 1227 1383 transactos.
1280 1329 1331 1385 is
1367 1346 1499 1400 ergo
1554 1330 1973 1385 custodiebatur
2011 1331 2068 1386 in

485 1434 737 1484 carcere,
782 1436 847 1475 ex
887 1436 996 1490 quo
1028 1436 1125 1491 per
1156 1423 1412 1491 angelum
1444 1422 1709 1476 liberatus
1750 1430 1857 1487 est,
1892 1423 2067 1493 pridie

462 1508 750 1583 destinati
804 1510 1085 1579 supplicii,
1132 1518 1295 1565 nocte
1334 1512 1572 1576 scilicet,
1615 1511 1759 1566 inter
1806 1512 2068 1568 duodeci-

490 1614 633 1653 mam
673 1608 726 1654 et
756 1600 1026 1655 decimam
1064 1602 1282 1655 tertiam
1315 1600 1539 1672 Aprilis.

560 1686 848 1743 Liberatus
879 1696 1033 1743 tanto
1072 1691 1341 1746 miraculo
1386 1691 1605 1758 Petrus,
1635 1693 1826 1747 relicta
1854 1691 2063 1758 ludam,

489 1779 723 1834 contulit
751 1795 813 1835 se
850 1780 904 1835 in
939 1781 1043 1836 alia
1088 1782 1227 1839 loca.
1282 1786 1698 1856 peragratisque
1750 1786 2065 1856 regionibus

2170 595 2704 664 gnitatemqueistam
2742 605 3093 649 recusantem.
3137 593 3302 660 Quem
3334 592 3541 648 idoneis
3582 597 3750 650 ratio-

2171 687 2323 743 nibus
2352 704 2663 757 persuasum
2693 689 2760 751 ’⁷,
2795 704 2857 741 ac
2897 686 3163 757 conﬁdere
3192 688 3525 742 admonitum
3570 690 3626 741 in
3658 706 3751 743 ca-

2174 778 2414 833 thedram
2447 778 2749 834 divinorum
2799 779 3127 849 eloquiorum
3174 779 3355 850 (quam
3384 780 3475 834 ille
3508 780 3751 835 obtinue-

2172 870 2279 942 rat)
2311 870 2641 927 sublimauit.
2675 870 3078 926 Profectionem
3120 871 3262 925 hanc
3306 874 3362 925 in
3408 870 3748 926 Britanniam

2170 963 2391 1018 aliunde
2442 963 2579 1018 vidit
2628 965 2794 1019 etiam
2863 962 3153 1025 Baronius,
3194 969 3249 1017 et
3296 969 3381 1017 est
3443 962 3751 1017 luculenter

2171 1050 2476 1119 adstructa,
2518 1068 2629 1108 non
2670 1054 2743 1107 ita
2776 1052 3007 1124 pridem.
3046 1051 3151 1107 Sed
3177 1052 3373 1122 pergit,
3401 1060 3524 1122 post
3549 1068 3745 1122 pauca.

2169 1161 2474 1217 anonymus
2508 1166 2521 1201 :
2576 1145 2749 1217 Igitur
2795 1145 3071 1214 confestim
3112 1146 3326 1211 milites,
3362 1146 3748 1214 comprehensis

2169 1236 2409 1295 omnibus
2461 1237 2549 1307 qui
2582 1234 2796 1291 Christo
2829 1252 3014 1289 nomen
3036 1234 3313 1296 dederant,
3343 1236 3397 1287 in
3427 1232 3748 1288 condemna-

2170 1336 2342 1380 torum
2368 1343 2457 1382 eos
2484 1326 2815 1380 deduxerunt
2863 1325 3061 1380 locum.
3095 1324 3164 1378 Et
3210 1324 3465 1380 Clementi
3516 1324 3743 1393 quidem,

2168 1428 2224 1471 ut
2249 1426 2367 1487 pote
2396 1417 2460 1472 de
2491 1420 2800 1489 cognatione
2858 1417 3116 1481 Cwsaris,
3156 1406 3521 1487 pepercerunt,
3576 1415 3746 1470 Ilero-

2167 1512 2375 1568 dionem
2403 1529 2520 1567 vero
2552 1522 2602 1566 et
2634 1511 2916 1582 Olympum
2938 1512 2985 1542 ‘°
3009 1527 3129 1565 cum
3152 1511 3358 1581 reliqua
3386 1508 3746 1574 multitudine,

2166 1604 2346 1677 gladio
2412 1614 2799 1674 percusserunt.
2864 1601 3083 1657 Petrum
3148 1612 3343 1664 autem,
3389 1617 3636 1670 magnum
3680 1600 3748 1653 il-

2168 1695 2277 1748 lum
2308 1694 2521 1747 Domini
2556 1692 2854 1762 apostolum
2887 1692 2995 1746 situ
3042 1692 3086 1723 "
3130 1693 3334 1745 inverso
3368 1690 3748 1758 suspenderunt

2168 1787 2224 1840 in
2250 1802 2444 1849 cruce;
2477 1787 2531 1840 in
2560 1802 2665 1856 qua
2695 1784 2978 1839 vulnerum
3012 1784 3225 1839 dolores
3251 1785 3425 1838 instar
3446 1783 3647 1839 Christi
3687 1801 3749 1840 ac

494 1872 682 1936 variis,
716 1874 1079 1944 ecclesiisque
1110 1875 1478 1935 conﬁrmatis.
1540 1879 1792 1949 pervenit
1845 1878 2063 1934 tandem
2095 1852 2138 1906 Β
2172 1876 2265 1930 Dei
2294 1876 2460 1929 nostri
2480 1889 2778 1943 perpessus.
2802 1887 2995 1941 puram
3042 1888 3197 1925 suam
3242 1880 3398 1941 atque
3425 1871 3751 1924 incontami-

488 1959 740 2028 Romam,
770 1974 1048 2036 cmptante
1078 1981 1226 2023 anno
1263 1968 1478 2024 Claudii
1508 1964 1773 2039 secundo,
1804 1971 1925 2041 ipso
1978 1986 2067 2026 se-

486 2056 730 2112 cundum
767 2068 824 2115 et
852 2059 1033 2131 Largo
1078 2064 1430 2128 consulibus,
1463 2066 1556 2134 qui
1587 2064 1684 2118 fuit
1717 2081 1895 2120 annus
1942 2081 2066 2120 serae

488 2156 693 2203 nostrae
722 2150 811 2213 42,
846 2152 1071 2223 ﬁxitque
1112 2155 1224 2209 illic
1258 2155 1444 2211 sedem
1498 2156 1833 2225 pontiﬁcium
1857 2197 1872 2221 ,
1903 2158 2065 2227 cujus

391 2302 401 2307 _
488 2242 763 2298 cathedrae
791 2245 992 2300 natalis
1022 2246 1353 2313 celebratur,
1389 2247 1602 2302 decima
1641 2256 1833 2303 octava
1860 2248 2066 2304 Janua-

486 2334 577 2391 rii.
609 2334 653 2388 A
682 2352 789 2405 qua
819 2335 908 2391 die
932 2336 998 2390 ad
1027 2338 1151 2407 ejus
1178 2346 1407 2395 mortem
1433 2351 1793 2397 numerantur
1822 2358 1947 2397 anni
1969 2343 2063 2408 25,

487 2442 709 2481 nienses
737 2428 791 2489 5,
822 2427 941 2483 dies
973 2428 1060 2491 l2,
1095 2429 1142 2484 si
1171 2445 1430 2485 numeres
1462 2446 1493 2484 a
1530 2432 1618 2487 die
1648 2450 1717 2487 xv
1758 2433 1876 2492 Kal.
1901 2434 2063 2492 Febr.

484 2516 559 2574 ad
596 2533 656 2571 ιιι
705 2517 824 2574 Kal.
874 2518 1049 2574 Julias
1086 2522 1218 2576 anni
1247 2523 1424 2577 nostri
1457 2522 1549 2589 67,
1606 2540 1716 2594 quo
1768 2525 2065 2582 cruciﬁxus

484 2608 722 2663 animam
756 2606 865 2663 Deo
898 2610 1153 2665 reddidit.

558 2697 734 2754 Medio
792 2700 900 2754 isto
958 2711 1231 2773 tempore,
1283 2717 1409 2757 cum
1461 2702 1723 2759 Claudius
1772 2704 2070 2775 imperator

480 2786 669 2843 edicto
697 2785 917 2843 Iudaeos
948 2787 1122 2843 Roma
1151 2792 1477 2862 expulisset,
1533 2794 1653 2864 ipse
1697 2810 1918 2865 quoque
1966 2795 2069 2851 Pe—

485 2884 609 2931 trus
647 2877 849 2932 cedere
882 2888 1110 2934 coactus
1155 2889 1275 2948 est;
1310 2898 1680 2956 reversusque
1729 2886 1784 2939 in
1824 2884 2068 2940 ludaeam

484 2970 785 3023 concilium
822 2971 1010 3025 habuit
1040 2971 1173 3025 illud
1206 2974 1441 3043 primum
1474 2976 1877 3046 apostolorum,
1925 2993 2070 3032 anno

489 3072 683 3116 nostro
711 3062 801 3129 50,
839 3061 1068 3118 Claudio
1108 3063 1234 3119 dein
1268 3066 1509 3131 sublato,
1538 3081 1588 3121 a.
1617 3066 1674 3123 d.
1708 3084 1769 3121 ιιι
1812 3069 1940 3124 ldus
1962 3069 2069 3126 Oc-

2168 1977 2350 2022 natam
2372 1969 2609 2020 animam
2636 1968 2692 2019 in
2734 1965 2834 2020 Dei
2867 1982 3056 2018 manus
3103 1964 3312 2019 obtulit.
3362 1961 3601 2018 Clemens
3630 1978 3747 2017 vero

2162 2059 2451 2127 discipulus
2505 2056 2620 2125 ejus
2670 2066 2720 2111 et
2774 2058 3049 2124 episcopus
3080 2058 3374 2125 pretiosum
3398 2056 3512 2124 ejus
3557 2071 3749 2125 corpus

2170 2149 2449 2219 magniﬁce
2476 2148 2529 2202 in
2555 2149 2667 2201 loco
2699 2148 2901 2201 illustri
2929 2146 3227 2202 tumulavit.

2240 2239 2377 2296 Ecce
2401 2249 2481 2305 ut,
2518 2239 2735 2294 vivente
2772 2237 2953 2292 adhuc
2982 2237 3166 2301 Petro,
3203 2237 3373 2291 Linus
3404 2237 3604 2294 sederit
3633 2238 3755 2310 epi-

2167 2346 2368 2400 scopus
2414 2345 2577 2401 quem
2613 2336 2903 2399 propterea
2953 2328 3407 2398 chorepiscopum
3451 2328 3729 2384 Marianus

2167 2424 2370 2494 aliique
2410 2424 2777 2493 scripserunt,
2830 2422 2972 2477 inter
3017 2438 3158 2492 quos
3203 2421 3310 2476 Leo
3357 2419 3422 2485 ll,
3454 2436 3748 2476 successor

2166 2513 2511 2585 Agathonis:
2561 2512 2778 2577 Petrus,
2840 2513 3039 2582 inquit,
3097 2512 3369 2582 adjutores
3420 2511 3521 2566 sibi
3564 2513 3754 2566 accivit

2171 2610 2363 2664 Linum
2411 2618 2462 2663 et
2507 2607 2752 2671 Cletum;
2783 2625 2889 2663 non
2934 2619 3113 2663 tamen
3155 2611 3413 2679 pontiﬁcii
3443 2618 3753 2679 potestatem

2165 2705 2241 2757 eis
2268 2701 2514 2764 tradidit,
2556 2701 2646 2756 sed
2680 2701 2962 2756 Clementi.
3001 2700 3137 2756 Tam
3169 2710 3380 2757 certum
3413 2717 3629 2772 semper
3651 2702 3756 2762 luit

2170 2809 2277 2849 una
2306 2808 2429 2850 cum
2462 2793 2623 2850 Petro
2648 2793 2843 2847 Linum
2878 2793 3163 2862 praefuisse
3190 2793 3439 2849 ﬁdelibus
3467 2792 3751 2859 Romanis,

2168 2896 2221 2942 ct
2252 2888 2321 2943 ab
2351 2887 2543 2942 eodem
2567 2884 2729 2940 Petro
2752 2884 3017 2940 traditum
3048 2884 3427 2955 pontiﬁcatum
3458 2886 3753 2944 Clementi.

2172 2976 2264 3033 Sic
2295 2993 2427 3049 ergo
2458 2976 2719 3048 liquidior
2755 2975 2950 3046 incipit
2996 2974 3167 3031 liuere
3216 2975 3332 3030 haec
3363 2976 3750 3046 Chronologia,

2171 3072 2227 3127 in
2249 3071 2397 3125 hunc
2421 3069 2643 3124 modum
2679 3088 2692 3122 :

485 3152 686 3217 tobris,
721 3170 867 3208 anno
907 3164 1105 3209 nostro
1136 3156 1224 3219 54,
1258 3159 1533 3213 successit
1564 3158 1730 3224 Nero,
1763 3162 1942 3231 primo
1965 3163 2069 3216 im-
2096 3196 2138 3252 ο
2240 3163 2400 3217 Anno
2429 3170 2621 3216 nostro
2674 3160 2744 3215 66
2791 3160 2962 3215 Linus
3008 3168 3345 3229 postremum
3391 3158 3551 3224 vixit,
3606 3173 3758 3212 mor-

490 3245 631 3315 perii
691 3246 778 3300 sui
831 3247 1213 3316 quinquennio
1273 3251 1741 3308 clementissimus
1791 3255 2069 3326 princeps.

490 3334 609 3390 Sub
637 3352 747 3407 quo
780 3335 977 3393 Petrus
1006 3354 1265 3395 reversus
1295 3338 1551 3406 Romam,
1584 3360 1695 3398 non
1729 3344 1841 3401 illic
1872 3348 2074 3403 seden-

490 3428 689 3483 tariam
720 3430 885 3484 vitam
917 3433 1181 3503 transegit
1206 3473 1221 3497 ,
1253 3434 1351 3488 sed
1374 3437 1623 3505 gnaviter
1652 3446 1817 3509 atque
1843 3440 2075 3512 impigre

487 3519 631 3573 alias
662 3536 882 3591 quoque
912 3522 1065 3578 orbis
1091 3522 1323 3578 Romani
1350 3528 1662 3595 provincias
1685 3530 1984 3596 circumiit.
2011 3549 2074 3587 ac

490 3608 730 3680 denique
776 3612 830 3666 in
858 3612 1173 3669 Britannias
1203 3620 1534 3684 penetravit.
1563 3619 1699 3674 Dum
1735 3638 1865 3679 vero
1895 3624 2072 3689 abest,

494 3717 564 3756 ne
591 3699 762 3756 Roma
795 3704 916 3758 sine
945 3707 1121 3774 capite
1174 3707 1395 3762 interim
1448 3719 1655 3782 ageret,
1689 3711 1884 3771 Linum
1916 3715 1961 3746 "
1997 3716 2072 3770 illi

491 3794 782 3849 constituit
811 3798 1155 3867 episcopum,
1188 3800 1474 3855 consulatu
1558 3790 1795 3860 NerOnis
1829 3819 1882 3861 et
1912 3805 2047 3863 Vete

495 3885 601 3950 ris,
634 3900 779 3941 anno
810 3897 1001 3943 nostro
1022 3890 1109 3945 55.
1137 3889 1186 3945 ls
1214 3906 1343 3946 vero
1374 3892 1515 3948 sedit
1542 3909 1717 3950 annos
1740 3895 1808 3951 12
1829 3896 2078 3967 (inchoa-

494 3984 583 4031 tos
605 3976 961 4051 interpretor)
991 3981 1095 4035 hoc
1118 3989 1225 4045 est,
1252 3982 1506 4037 undecim
1525 3993 1752 4039 exactos
1776 4002 1903 4040 cum
1924 4003 2077 4043 men-

496 4064 650 4119 sibus
678 4075 935 4137 quatuor,
971 4070 1167 4125 dicbus
1196 4071 1510 4136 duodecim,
1542 4074 1821 4143 quotidem
1859 4092 2079 4133 menses

493 4170 555 4212 ar
618 4159 735 4214 dies
790 4160 991 4216 habent
1056 4164 1395 4219 membranae
1459 4164 1840 4224 Bucherianae.
1905 4168 2077 4225 Desiit

494 4264 629 4322 ergo
658 4254 839 4309 vivere
867 4269 1012 4309 anno
1038 4265 1229 4311 nostro
1259 4255 1349 4323 66,
1374 4260 1623 4323 omnino,
1656 4259 1873 4325 vivente
1896 4260 2077 4316 adhuc

497 4340 695 4411 Petro;
718 4346 865 4415 quod
889 4348 1167 4403 luculente
1191 4350 1481 4405 conﬁrmat
1504 4351 1741 4422 scriptor
1771 4368 2077 4426 anonymus

500 4434 577 4489 De
611 4438 1007 4503 certaminibus,
1062 4441 1595 4510 peregrinationibus,
1649 4444 1757 4499 vita
1809 4455 1862 4500 et
1914 4456 2077 4501 morte

2176 3262 2306 3311 tuus
2336 3255 2595 3325 vigesima
2649 3255 2807 3308 tertia
2858 3251 3217 3321 Septembris,
3273 3266 3419 3304 anno
3460 3250 3528 3304 ιε
3581 3248 3756 3304 Nero-

2174 3346 2282 3412 nis,
2312 3362 2423 3416 quo
2451 3343 2648 3400 Petrus
2679 3360 2745 3399 ex
2775 3342 3060 3397 Britannia
3089 3358 3348 3397 reversus
3396 3340 3623 3396 Romam
3663 3339 3758 3394 Li-

2174 3454 2306 3495 num
2332 3436 2539 3492 invenit
2563 3435 2678 3505 jam
2730 3444 3030 3490 mortuum.
3083 3432 3202 3503 ipse
3233 3448 3379 3501 mox,
3407 3449 3530 3487 cum
3555 3432 3751 3498 Paulo,

2175 3530 2458 3599 conjectus
2483 3536 2568 3585 est
2598 3528 2655 3583 in
2686 3541 2964 3582 carcerem
2992 3525 3398 3588 Mamertinum,
3432 3526 3491 3581 in
3520 3541 3631 3595 quo
3655 3525 3743 3579 de-

2176 3623 2308 3678 tenti
2343 3622 2566 3676 luerunt
2612 3635 2831 3676 menses
2879 3626 3027 3685 octo,
3073 3633 3249 3689 usque
3281 3618 3349 3673 ad
3393 3620 3555 3673 linem
3602 3614 3755 3672 Junii

2176 3714 2481 3784 sequentis.

2245 3806 2407 3861 Anno
2432 3812 2624 3859 nostro
2670 3804 2761 3869 67,
2808 3803 3005 3860 Petrus
3043 3804 3098 3859 in
3149 3818 3372 3858 carcere
3420 3808 3755 3859 constitutus

2176 3898 2449 3969 persuasit
2476 3894 2768 3960 Clementi,
2796 3902 2855 3949 ut
2876 3896 3257 3965 episcopatum
3290 3895 3453 3949 vellet
3475 3895 3757 3963 suscipere

2175 3998 2237 4046 et
2259 3989 2396 4043 Lino
2435 3985 2751 4044 succedere.
2786 3985 2838 4041 ls
2887 4001 3019 4056 ergo
3065 4002 3131 4041 ex
3164 3985 3329 4055 hujus
3361 3986 3488 4039 anni
3532 3986 3757 4041 circiter

2176 4080 2443 4136 Paschate
2473 4078 2615 4136 sedit
2640 4092 2814 4133 annos
2845 4077 2900 4142 9,
2935 4093 3156 4133 menses
3186 4078 3274 4140 ll,
3307 4077 3427 4132 dies
3452 4075 3539 4142 l2,
3574 4084 3631 4131 ut
3656 4079 3757 4131 ha-

2177 4174 2266 4228 bet
2305 4169 2617 4233 lndiculus,
2646 4170 2802 4239 juxta
2843 4185 3003 4239 quem
3041 4170 3207 4224 occisi
3255 4167 3401 4223 Petri
3455 4169 3753 4239 pretiosum

2177 4280 2380 4334 corpus
2410 4262 2695 4335 magniﬁce
2727 4261 3002 4333 sepelivit,
3030 4261 3235 4332 insigni
3268 4260 3324 4314 in
3358 4261 3497 4327 loco,
3528 4268 3588 4315 ut
3614 4260 3756 4316 vidi-

2178 4372 2321 4411 mus.

2249 4445 2408 4499 Anno
2476 4456 2607 4512 ergo
2639 4440 2727 4505 77,
2769 4455 2896 4495 cum
2954 4437 3141 4493 Roma:
3192 4439 3336 4493 inter
3389 4438 3579 4495 ﬁdeles
3633 4447 3754 4493 orta

499 4524 647 4580 Petri
674 4537 724 4580 et
758 4526 952 4593 Pauli;
982 4546 1142 4599 quem
1169 4533 1479 4591 Arundeilas
1504 4537 1721 4593 comitis
1753 4536 2074 4595 Sacelianus
2107 4555 2152 4614 ο
2178 4545 2327 4593 esset
2364 4534 2566 4606 (qualis
2598 4542 2789 4604 postea
2818 4531 3092 4601 Corinthi)
3130 4545 3325 4600 magna
3357 4531 3629 4586 dissensio
3658 4547 3756 4586 su-

498 4617 785 4687 (Perla'us)
813 4634 843 4674 e
885 4619 1091 4676 Graecia
1131 4640 1318 4680 secum
1353 4628 1575 4683 advexit
1605 4629 1660 4683 in
1693 4628 1965 4699 Angliam,
2007 4647 2075 4686 ex

496 4724 608 4777 quo
659 4706 930 4766 Patricius
970 4710 1167 4767 Junius
1211 4717 1479 4773 illustrem
1529 4719 1675 4775 hunc
1707 4721 1885 4776 locum
1918 4722 2074 4789 citat,

496 4800 687 4857 Graece
709 4803 949 4873 quidem,
969 4805 1061 4860 sed
1081 4822 1242 4875 quem
1265 4824 1367 4878 ego
1396 4818 1476 4864 sic
1497 4810 1686 4867 Latine
1709 4822 2073 4883 repraesento:

500 4893 745 4951 Horatiis
779 4895 967 4950 Petrus
997 4898 1053 4951 in
1076 4898 1361 4954 Britannia
1394 4902 1504 4955 dies
1534 4904 1759 4970 aliquot,
1784 4922 1907 4959 cum
1939 4905 2077 4959 mul—

500 4997 579 5043 tos
603 4988 957 5042 illuminasset
988 4988 1139 5042 verbo
1167 4991 1375 5058 gratim,
1400 4992 1746 5065 ecclesiasque
1772 4998 2078 5051 constituis-

498 5085 597 5141 set,
662 5087 940 5148 postquam
975 5080 1243 5148 episcopos
1292 5098 1493 5151 quoque
1533 5093 1583 5137 et
1634 5085 1965 5157 presbyteros
2016 5103 2079 5141 ac

498 5167 751 5224 diaconos
800 5172 1118 5235 oadinasset,
1166 5172 1424 5240 impositis
1474 5177 1717 5231 manibus
1765 5178 2078 5233 duodecimo

506 5260 733 5317 Neronis
765 5282 903 5321 anno
936 5268 1006 5338 (is
1040 5267 1140 5323 luit
1168 5279 1357 5325 noster
1385 5270 1476 5333 66,
1504 5270 1616 5340 jam
1656 5268 1957 5335 indicatus)
1980 5272 2077 5326 ite-

502 5368 621 5407 rum
651 5353 874 5409 Romam
906 5358 1101 5421 rediit;
1134 5360 1223 5414 ubi
1267 5359 1454 5414 Linum
1478 5361 1597 5430 jam
1637 5368 1903 5412 mortuum
1943 5361 2084 5414 inre-

2178 4645 2274 4699 per
2297 4628 2505 4683 honore
2556 4625 2952 4697 pontiﬁcatus,
3004 4640 3074 4678 ne
3103 4623 3260 4692 quasi
3311 4638 3379 4677 ex
3426 4628 3754 4696 testamento

2177 4720 2325 4776 Petri
2365 4720 2706 4777 successisse
2738 4717 3015 4772 videretur
3036 4715 3311 4778 Clemens,
3339 4729 3403 4768 ac
3427 4729 3495 4768 ne
3516 4715 3754 4784 posteris

2179 4814 2294 4868 haec
2321 4812 2664 4883 principatus
2690 4808 2917 4863 ambitio
2949 4806 3238 4877 perniciosi
3262 4806 3492 4874 exempli
3523 4806 3757 4861 habere-

2176 4914 2289 4969 tur,
2322 4904 2469 4958 ultro
2496 4918 2556 4958 se
2600 4898 2921 4971 pontiﬁcatu
2953 4895 3247 4958 abdicavit,
3291 4910 3426 4949 usus
3476 4894 3598 4951 istis
3637 4911 3755 4951 ver-

2179 4997 2284 5057 bis,
2334 5010 2457 5065 quae
2516 4992 2571 5047 in
2625 4992 2798 5046 altera
2848 4989 3078 5060 epistola
3122 4987 3423 5043 Corinthiis
3466 4990 3756 5059 proposuit

2173 5086 2436 5141 imitanda
2471 5105 2483 5139 :
2521 5083 2581 5139 Si
2612 5093 2823 5152 propter
2856 5098 2934 5135 me
2966 5079 3176 5143 seditio,
3232 5080 3497 5134 contentio
3525 5091 3578 5133 et
3610 5083 3754 5136 sclti-

2175 5189 2353 5233 smata
2375 5189 2495 5232 orta
2518 5186 2665 5237 sunt,
2684 5172 2975 5243 emigrabo,
3011 5172 3165 5225 abibo
3189 5187 3493 5241 quocunque
3524 5173 3755 5227 volueri-

2175 5272 2265 5325 tis.
2296 5269 2656 5340 Epiphanius,
2691 5267 2745 5320 in
2774 5265 2969 5320 haeresi
2998 5263 3582 5332 Carpocratianorum,
3613 5266 3755 5320 hanc

2175 5361 2476 5415 Clementis
2499 5358 2906 5415 abdicationem
2948 5356 3053 5409 hoc
3096 5355 3517 5424 epiphoneinate
3570 5357 3751 5412 innuit

576 5598 621 5627 “
646 5594 851 5675 Cletum
881 5599 1401 5675 adtiitpamasusin
1430 5602 1602 5675 Gestis
1627 5606 1934 5675 pontiﬁcum
1964 5605 2222 5662 mss.lioc
2244 5606 2389 5662 enim
2423 5609 2475 5662 in
2504 5610 2667 5664 editis
2687 5622 2794 5662 non
2826 5612 3123 5674 comparet.
3163 5604 3253 5659 Sic
3281 5607 3441 5660 etiam
3471 5606 3749 5663 Marianus

508 5663 727 5722 Scottis.

514 5808 599 5873 il,
640 5809 721 5864 15.
803 5810 845 5839 "
871 5808 1259 5864 Thcodorctum
1312 5812 1430 5867 vide
1449 5808 1583 5880 [left
1612 5813 1861 5882 ἀγάπης,

511 5668 727 5749 Scottis:
809 5671 851 5749 ξ’
872 5668 1003 5749 Qum
1026 5672 1292 5749 Clementi
1318 5674 1517 5749 dixerit
1542 5668 1903 5749 Petrusfcum
1935 5694 2057 5731 eum
2077 5680 2441 5739 consecravit.
2479 5694 2544 5733 ex
2574 5678 2867 5733 Anastasio
2898 5668 3000 5729 ms.
3038 5676 3183 5745 leges
3219 5677 3745 5749 apudSalmasiun',

512 5737 569 5815 i_n_
595 5736 982 5815 Eucharistico.
1014 5738 1130 5815 Jac.
1168 5739 1480 5815 Sirmondo.
1522 5763 1567 5813 p.
1610 5736 1890 5815 66Lll:cc
1914 5749 2057 5802 enim

2183 5736 2456 5804 Anastasii
2488 5749 2791 5805 editoribus
2823 5736 3275 5815 expunctavsunt'.

3370 5748 3415 5778 ³⁸
3449 5746 3605 5802 Rom.
3634 5762 3745 5812 xvi,
