4076 6280
398 281 471 337 65
1622 284 1952 341 PROG‘IMIA

2052 285 2308 342 ARIORU
2320 287 2363 343 Μ
2377 331 2388 344 .
3562 295 3631 351 66

396 397 755 455 conclusam:
790 394 1004 461 Secede,
1037 399 1186 463 abeo,
1234 396 1358 453 bene
1399 395 1708 451 stabiliatur
1735 399 1958 466 populus
1988 401 2032 457 A
2063 408 2235 453 strum
2277 399 2381 453 119
2407 439 2420 461 ,
2472 400 2711 455 Adriano
2763 415 2821 453 ιιι
2899 409 2952 457 et
3008 400 3233 458 Rustico
3290 404 3632 471 consulibus,

398 490 535 554 Dei;
556 489 776 552 addens,
801 505 864 545 se
896 489 948 543 id
979 490 1033 543 in
1063 489 1477 545 commentariis
1507 489 1838 558 quibusdam
1880 489 1960 543 sic

407 582 701 639 invenisse.
726 581 1083 636 Abdicaverit
1113 597 1241 653 ergo
1269 582 1358 637 die
1408 582 1475 636 η
1503 581 1808 645 Februarii,
1836 597 1958 651 quae

402 682 536 727 tunc
576 672 675 725 fuit
721 670 859 725 feria
889 683 1081 740 quarta
1124 672 1400 727 Cinerum.
1435 670 1508 725 Ita
1557 679 1680 742 post
1729 682 1963 742 quatuor

400 765 519 820 dies
539 764 750 828 Cletus,
783 773 837 818 et
862 779 919 819 re
947 774 1001 819 et
1032 764 1252 818 nomine
1277 765 1505 833 electus,
1556 765 1748 821 sedere
1797 767 1961 836 coepit

395 872 461 911 ex
494 855 582 910 die
608 856 674 910 16
705 844 1006 918 Februarii,
1042 853 1318 909 Dominica
1352 854 1465 921 ipsa
1490 856 1959 926 Quadragesimm,

393 949 678 1019 tenuitque
702 948 1099 1017 pontiﬁcatum,
1136 946 1259 1000 vivo
1285 946 1586 1015 Clemente,
1631 948 1789 1002 annis
1838 963 1956 1012 sex,

393 1042 681 1095 mensibus
730 1039 965 1101 duobus,
1000 1037 1192 1092 diebus
1244 1036 1458 1101 decem,
1499 1054 1641 1109 quos
1678 1037 1959 1095 lndiculus

392 1139 754 1203 repraesentat
811 1137 1027 1186 exserte
1055 1148 1069 1185 :
1097 1128 1137 1182 Α
1179 1132 1478 1195 consulatu,
1508 1130 1705 1199 inquit,
1761 1130 1958 1199 Vespa-

391 1224 537 1278 siam'
607 1236 700 1275 vm
739 1231 788 1275 et
807 1221 1099 1275 Domitiani
1145 1237 1204 1283 ν,
1239 1220 1333 1291 qui
1358 1226 1443 1276 est
1482 1234 1659 1276 annus
1687 1220 1819 1275 mihi
1842 1221 1958 1294 jam

395 1320 670 1375 indicatus
702 1318 791 1382 77,
824 1316 1166 1386 planissime.

466 1410 625 1463 Anno
678 1408 843 1479 igitur
877 1415 1067 1460 nostro
1108 1404 1198 1468 85,
1254 1402 1563 1457 Domitiano
1602 1418 1660 1457 ix
1716 1410 1771 1457 et
1813 1400 1958 1456 Rufo

393 1501 735 1563 consulibus,
763 1498 958 1553 obierit
986 1495 1194 1559 Cletus,
1222 1496 1311 1550 die
1356 1492 1426 1547 26
1447 1492 1670 1563 Aprilis,
1697 1501 1753 1548 ut
1771 1501 1856 1549 est
1902 1495 1954 1547 in

393 1588 796 1659 Hemerologio,
850 1587 1193 1641 intervallum
1238 1585 1370 1638 illud
1410 1601 1439 1637 a
1472 1584 1750 1638 creatione
1788 1584 1953 1646 illius,

2063 492 2284 560 quando
2315 491 2382 546 ad
2410 492 2553 546 diem
2591 493 2804 546 tertiam
2836 493 2959 547 Maii
2993 495 3213 550 occisus
3236 504 3343 564 est,
3376 505 3431 551 et
3479 513 3635 553 vaca-

2060 583 2137 635 vit
2183 582 2342 638 sedes
2382 583 2575 638 diebus
2627 584 2718 649 25,
2755 600 2927 654 usque
2954 586 3019 639 ad
3063 586 3377 641 vicesimam
3432 603 3632 643 nonam

2065 671 2194 726 Maii
2226 672 2586 736 Dominicam,
2619 690 2725 744 qua
2755 677 3023 729 successit
3054 675 3280 746 Xystus.
3309 676 3438 733 Post
3468 695 3629 750 quem

2061 777 2204 817 anno
2236 764 2338 819 £28
2373 763 2762 835 Telesphorus,
2797 766 2899 821 158
2930 766 3192 838 Hyginus,
3221 769 3322 822 142
3355 769 3504 833 Pius,
3530 771 3634 827 sub

2059 869 2168 923 quo
2197 854 2436 910 Marcion
2469 857 2758 912 haereticus
2786 870 3011 914 exortus
3036 869 3141 921 est,
3171 862 3330 916 anuis
3375 862 3480 916 115
3510 870 3634 932 post

2060 944 2197 999 duos
2222 946 2473 1016 geminos
2519 949 2797 1013 consules,
2832 949 2935 1003 hoc
2964 958 3069 1015 est,
3110 965 3254 1006 anno
3285 960 3474 1007 nostro
3504 936 3631 1020 145,

2059 1038 2288 1093 docente
2318 1038 2422 1094 hoc
2449 1037 2804 1096 Ter-tulliano.

2131 1126 2222 1183 Sic
2254 1145 2382 1199 ergo
2413 1132 2713 1201 specimine
2742 1132 2937 1186 saltem
2971 1134 3198 1202 praebito
3252 1134 3628 1200 restituendae,

2058 1219 2203 1288 quod
2224 1220 2543 1288 pollicebar,
2589 1221 2957 1292 chronologia:
2982 1224 3296 1292 pontiﬁciae,
3329 1224 3633 1281 intellecto-

2057 1323 2166 1377 que
2216 1317 2481 1379 tempore,
2545 1326 2654 1379 quo
2712 1312 3087 1382 episcopatum
3135 1315 3306 1385 gessit
3350 1314 3629 1383 Clemens,

2056 1417 2273 1471 quoque
2303 1410 2424 1471 post
2462 1401 2770 1456 abdicatum
2804 1404 3180 1474 pontiﬁcatum
3223 1406 3440 1461 tandem
3481 1409 3600 1464 oeci

2059 1507 2154 1548 sus
2185 1500 2291 1556 est,
2341 1494 2625 1549 videamus
2656 1510 2801 1548 nunc
2835 1502 2888 1550 et
2917 1494 2986 1550 de
3015 1510 3145 1551 vero
3176 1497 3533 1566 epistolarum
3562 1500 3605 1554 il

2059 1588 2166 1641 lius
2191 1598 2453 1656 tempore,
2488 1586 2648 1641 istius
2682 1588 2917 1642 maxime
2944 1588 2989 1620 ³ο
3019 1604 3182 1659 quam
3228 1606 3376 1646 nunc
3405 1591 3622 1649 damus.

392 1680 463 1735 ad
515 1694 750 1749 unguem
801 1677 1184 1732 conﬂrmante.
1238 1674 1477 1729 Vacasse
1523 1673 1759 1728 traditur
1799 1672 1957 1727 sedes
1991 1745 2021 1750 _
2058 1677 2192 1730 Nam
2236 1676 2325 1729 illa
2359 1677 2623 1746 praeclara
2667 1677 3031 1748 omnibusque
3080 1682 3320 1750 antiquis
3372 1681 3627 1737 Patribus

392 1745 701 1823 dielius'is.
750 1764 892 1830 Ergo
918 1780 986 1821 ex
1016 1765 1105 1819 die
1156 1764 1449 1818 undecima
1482 1763 1630 1827 Maii,
1675 1778 1797 1833 qua:
1825 1771 1955 1816 tunc
1988 1745 2029 1799 Β
2059 1768 2296 1835 laudata,
2328 1745 2383 1822 et
2418 1767 2471 1821 in
2508 1765 2791 1830 Ecclesiis,
2843 1745 3017 1823 instar
3057 1745 3503 1840 apostolicarum,
3545 1790 3627 1829 ro.-

390 1862 494 1916 fuit
550 1860 893 1926 Pentecoste,
940 1875 1156 1914 rursum
1215 1860 1422 1915 electus
1476 1859 1769 1913 Anacletus
1817 1856 1958 1911 sedit

387 1969 565 2009 annos
596 1952 682 2015 12,
706 1967 924 2007 menses
947 1951 982 2004 2
1013 1950 1145 2021 (non
1191 1950 1279 2019 10)
1305 1950 1425 2005 dies
1447 1952 1502 2015 5,
1530 1965 1703 2020 usque
1744 1948 1812 2002 ad
1860 1965 1957 2003 an-

388 2060 518 2099 num
546 2053 794 2099 nostrum
843 2042 934 2107 95,
985 2040 1239 2110 diemque
1285 2039 1665 2109 Hemerologio
1711 2039 1953 2109 agnitum

386 2137 658 2191 decimum
711 2134 932 2188 tertium
961 2130 1111 2194 Julii,
1146 2130 1455 2185 Domitiano
1512 2145 1620 2185 xvu
1671 2136 1726 2184 et
1770 2127 1955 2182 Flavio

385 2227 665 2282 Clemente
693 2224 1030 2287 consulibus,
1056 2237 1196 2293 quos
1221 2223 1385 2276 etiam
1439 2221 1691 2292 agnoscit
1734 2218 1953 2274 Indicu-

386 2320 494 2381 lus,
525 2319 664 2371 mira
693 2317 749 2370 in
771 2315 857 2371 bis
880 2314 1189 2369 constantia
1227 2320 1280 2368 et
1300 2313 1412 2367 veri
1438 2311 1560 2368 ﬁde.

458 2409 590 2463 Erat
618 2408 704 2462 hic
736 2422 917 2461 annus
948 2404 1245 2459 Domitiani
1295 2405 1516 2475 tyranni
1565 2405 1655 2467 M,
1693 2418 1803 2476 quo
1830 2418 1953 2473 per-

384 2502 722 2558 secutionem
752 2497 1039 2553 suscitavit
1068 2496 1124 2564 in
1151 2495 1514 2559 Christianos,
1538 2496 1698 2565 cujus
1727 2511 1951 2551 causam

380 2593 661 2656 Clemens,
689 2591 742 2645 in
785 2588 1023 2659 Epistola
1048 2588 1137 2641 illa
1173 2587 1445 2641 luculenta
1494 2585 1678 2657 (quam
1726 2601 1791 2641 ex
1829 2602 1952 2656 per-

381 2700 522 2743 sona
560 2699 670 2738 non
720 2697 838 2748 sua,
895 2679 991 2736 sed
1023 2677 1282 2734 Ecclesia:
1335 2678 1592 2733 Romanae
1634 2678 1852 2748 scripsit
1883 2678 1951 2731 ad

381 2776 698 2833 Corinthios
720 2772 978 2827 adversus
1006 2772 1319 2841 episcopum
1337 2785 1495 2824 suum
1520 2769 1830 2840 seditiosos)
1867 2784 1951 2823 re-

383 2867 495 2922 fert
520 2866 590 2921 ad
618 2864 850 2919 dissidia
884 2863 974 2917 illa
1005 2862 1470 2925 Christianorum,
1497 2859 1757 2915 adversus
1787 2874 1845 2915 se
1873 2860 1953 2913 in-

380 2959 558 3014 vicem
580 2956 1055 3027 consurgentium;
1088 2955 1249 3025 quale
1273 2954 1404 3024 quid
1427 2952 1590 3008 etiam
1647 2951 1835 3007 Roma:
1864 2952 1947 3007 fa-

381 3060 532 3106 ctum
563 3049 737 3103 innuit
763 3066 777 3113 ;
804 3063 962 3102 suum
992 3047 1166 3115 ipsius
1195 3054 1470 3101 certamen
1501 3053 1627 3099 ante
1655 3060 1829 3099 annos
1851 3058 1945 3100 oc-
1976 3071 2018 3130 ε

381 3141 618 3196 todecim
651 3140 812 3194 tacite
837 3138 1095 3192 innuens.

453 3225 677 3281 Interim
717 3233 919 3290 autem,
969 3224 1084 3279 sive
1114 3224 1301 3280 occiso
1348 3224 1461 3294 jam
1501 3224 1785 3286 Anacleto.
1834 3226 1950 3282 sive

379 3325 634 3396 conjecto
663 3323 718 3378 in
750 3321 993 3385 vincula,
1028 3321 1311 3377 Evaristus
1372 3336 1660 3376 successor
1706 3320 1953 3392 designa-

382 3426 477 3471 tus
504 3422 611 3479 est,
641 3414 728 3469 cui
758 3413 1087 3468 membrana:
1120 3412 1366 3466 tribuunt
1397 3426 1571 3465 annos
1596 3410 1683 3475 15,
1730 3425 1949 3467 menses

386 3508 441 3574 7,
472 3507 591 3562 dies
612 3505 669 3572 2,
713 3520 889 3574 usque
915 3504 980 3558 ad
1010 3501 1223 3557 Gallum
1273 3508 1327 3557 et
1374 3502 1664 3561 Braduam,
1697 3502 1950 3557 consules

383 3602 514 3656 anni
540 3600 713 3655 nostri
747 3598 869 3661 108,
897 3605 954 3650 ιιι
979 3595 1202 3649 omnino
1228 3594 1454 3663 coeperit
1467 3608 1534 3647 ex
1562 3607 1705 3646 anno
1728 3592 1946 3660 illojam

380 3691 532 3744 dicto
558 3689 647 3744 95.
680 3688 817 3753 Quia
847 3701 978 3741 vero
1007 3685 1259 3740 Clemens
1299 3682 1411 3752 jam
1444 3682 1757 3750 decrepitus
1800 3682 1945 3736 obie-

382 3790 473 3836 rat
519 3796 686 3844 anno,
741 3781 885 3834 sicut
908 3778 1168 3840 diximus,
1219 3784 1410 3830 nostro
1442 3773 1563 3835 100,
1597 3774 1685 3829 die
1721 3773 1794 3827 23
1839 3772 1948 3828 Neo

380 3872 657 3936 vembris;
687 3886 864 3942 neque
896 3885 1045 3924 mors
1076 3869 1198 3937 ejus
1251 3882 1320 3922 ex
1345 3864 1519 3920 Ponto
1548 3863 1776 3919 Romam
1823 3879 1947 3935 per-

380 3964 517 4020 ferri
550 3965 743 4034 potuit,
769 3962 875 4016 nisi
900 3967 1022 4031 post
1043 3960 1162 4015 dies
1191 3961 1381 4014 saltem
1412 3957 1661 4028 triginta,
1716 3957 1844 4012 hinc
1868 3957 1945 4011 fa-

378 4063 535 4111 ctum
567 4060 652 4108 est
698 4061 755 4106 ut
781 4052 1000 4113 abinde,
1058 4056 1342 4104 numerato
1369 4049 1537 4103 altero
1574 4049 1720 4103 velut
1766 4048 1942 4113 initio,

379 4144 671 4201 Evaristus
717 4142 928 4197 sedisse
977 4140 1247 4195 scribatur
1272 4155 1444 4195 annos
1494 4140 1543 4205 7,
1592 4154 1808 4194 menses
1853 4140 1941 4205 10,

378 4242 505 4297 dies
532 4238 589 4300 Ξ,
633 4252 805 4307 usque
827 4235 893 4290 ad
924 4236 1064 4290 diem
1099 4232 1412 4288 vicesimam
1446 4239 1654 4287 sextam
1693 4230 1943 4287 Octobris

380 4330 515 4384 anni
540 4328 663 4390 l08,
682 4336 849 4396 utque
874 4327 927 4379 in
951 4324 1155 4379 Graecis
1183 4324 1447 4393 legamus,
1473 4330 1596 4394 post
1624 4322 1941 4377 electionem

2057 1859 2215 1912 citari
2255 1858 2437 1920 solita,
2473 1870 2595 1926 quae
2618 1855 2743 1909 data
2766 1866 2851 1911 est
2887 1860 2991 1913 sub
3039 1876 3274 1929 persona
3315 1879 3426 1918 non
3476 1865 3627 1919 abdi-

2055 1951 2162 2003 cati
2185 1948 2499 2013 Clementis,
2531 1947 2626 2003 sed
2657 1950 2838 2018 potius
2880 1948 3139 2005 Romanae
3179 1951 3438 2008 Ecclesiae
3478 1957 3625 2025 (post

2054 2041 2377 2095 Anacletum
2407 2040 2526 2095 sine
2553 2040 2813 2110 episcopo
2850 2041 3103 2113 degentis
3134 2044 3367 2115 scilicet)
3412 2048 3478 2100 ad
3522 2047 3626 2102 Ec-

2055 2133 2279 2187 clesiam
2327 2131 2693 2195 Corinthiam,
2743 2133 2878 2186 satis
2928 2133 3040 2202 jam
3088 2151 3243 2190 suam
3282 2139 3621 2193 occasionem

2054 2237 2366 2292 annumque
2396 2222 2677 2287 indicavit,
2714 2230 2965 2278 nostrum
3000 2223 3088 2286 95,
3138 2224 3384 2281 fervente
3434 2244 3623 2296 perse-

2052 2312 2270 2366 cutione
2302 2310 2594 2364 Domitiani
2642 2327 2803 2380 quam
2836 2313 3092 2375 maxime,
3143 2317 3488 2386 perscripta;
3524 2333 3623 2372 eo-

2052 2399 2175 2454 dem
2207 2399 2501 2454 admodum
2534 2402 2699 2471 stylo,
2730 2416 2837 2471 quo
2864 2402 3005 2456 idem
3042 2402 3321 2459 Romanus
3345 2408 3524 2460 clerus
3555 2409 3622 2463 ad

2052 2490 2383 2562 Cyprianum
2413 2493 2606 2549 utitur.
2639 2493 2707 2547 At
2755 2494 3043 2550 character
3072 2505 3276 2553 nostra:
3317 2500 3482 2568 hujus
3523 2502 3625 2556 ho-

2053 2583 2214 2637 milize
2238 2583 2491 2649 similior,
2517 2600 2678 2654 quam
2710 2585 2972 2654 epistolae,
3000 2587 3137 2641 etab
3160 2588 3331 2642 altero
3359 2590 3620 2646 diversis-

2053 2676 2245 2743 simus,
2268 2676 2536 2745 privatum
2564 2677 2883 2747 scriptorem
2916 2679 3115 2747 arguit.
3148 2677 3382 2749 Tempus
3406 2696 3623 2752 quoque

2053 2766 2293 2821 insinuat
2322 2768 2755 2836 pacatissimum,
2784 2768 2951 2822 nullis
2980 2768 3037 2821 in
3069 2768 3374 2825 Eccle‘siam
3405 2774 3622 2841 procel-

2052 2857 2121 2913 lis
2164 2858 2471 2925 turbidum;
2508 2866 2773 2929 tantoque
2826 2859 3000 2929 magis
3039 2861 3104 2913 ad
3138 2861 3460 2917 charitatcm
3500 2880 3622 2919 mu-

2052 2957 2200 3004 tuam
2252 2951 2649 3020 fovendamque
2688 2967 2873 3021 pacem
2913 2951 3268 3005 hortatoriam
3338 2954 3420 3008 Ad
3457 2973 3620 3025 quam

2052 3040 2402 3095 obtinendam
2433 3056 2543 3095 non
2570 3050 2818 3110 oporteat
2849 3042 3079 3097 inveniri
3108 3044 3382 3099 hominem
3429 3046 3472 3077 ³¹
3526 3049 3619 3117 qui

2050 3149 2171 3188 eam
2213 3133 2494 3203 largiatur,
2531 3135 2627 3189 sed
2672 3133 2842 3189 Deum
2898 3135 3129 3190 scilicet.
3175 3136 3386 3204 Quibus
3438 3140 3621 3196 verbis

2050 3225 2134 3280 vel
2157 3241 2258 3295 ego
2284 3226 2461 3291 fallor,
2504 3227 2589 3281 vel
2621 3227 2866 3280 innuitur
2894 3225 3266 3298 Vespasianus
3296 3229 3617 3299 imperator,

2050 3316 2141 3385 qui
2168 3331 2311 3370 anno
2335 3325 2525 3370 nostro
2555 3315 2642 3376 75.
2686 3324 2844 3369 sexto
2874 3331 2973 3370 suo
3007 3317 3318 3380 consulatu,
3350 3318 3618 3386 templum

2047 3406 2207 3462 Pacis
2239 3405 2478 3461 [Eternaz
2502 3405 2743 3460 omnium
2778 3413 2893 3459 toto
2922 3406 3053 3460 orbe
3078 3406 3505 3476 pulcherrimum
3524 3408 3620 3462 de-

2049 3498 2284 3565 dicavit;
2322 3504 2492 3554 semet
2521 3497 2844 3551 existimans
2896 3497 3050 3549 illum
3100 3496 3403 3566 principem
3440 3498 3615 3567 pacis,

2050 3596 2257 3660 patrem
2289 3586 2456 3642 futuri
2485 3586 2671 3642 seaculi
2699 3586 3045 3656 praznuntiati
3079 3585 3223 3654 apud
3270 3583 3493 3651 Isaiam,
3528 3603 3623 3641 cu-

2045 3681 2136 3749 jus
2162 3679 2371 3749 imperii
2403 3693 2511 3732 non
2544 3676 2683 3731 foret
2711 3676 2854 3732 linis.
2880 3674 2998 3730 Non
3019 3676 3165 3730 hunc
3179 3691 3312 3747 ergo
3336 3677 3618 3732 mortalem

2049 3770 2347 3835 hominem,
2388 3768 2484 3823 sed
2535 3766 2704 3823 Deum
2756 3767 2989 3821 inveniri
3024 3767 3221 3822 debere
3265 3775 3448 3821 monet
3494 3768 3620 3824 Cle-

2047 3877 2224 3922 mens,
2279 3860 2371 3931 qui
2436 3867 2696 3914 aeternam
2751 3873 2939 3928 pacem
3000 3859 3115 3912 suis
3163 3858 3463 3928 largiturus
3522 3860 3617 3913 sit.

2047 3953 2224 4007 Tanto
2250 3966 2382 4023 ergo
2410 3950 2651 4021 Epistola
2680 3951 2795 4005 haec
2824 3950 2974 4019 prior
2997 3950 3111 4014 illa,
3137 3965 3257 4018 quae
3279 3957 3403 4019 post
3426 3950 3497 4004 20
3523 3951 3619 4005 de-

2046 4060 2195 4100 mum
2222 4058 2395 4098 annos
2419 4044 2587 4098 missa
2629 4041 2731 4097 fuit
2770 4041 3114 4098 Corinthum.
3151 4040 3318 4110 quue
3372 4041 3620 4097 subindi-

2046 4143 2135 4189 cat
2165 4134 2307 4205 apud
2332 4133 2648 4197 Eusebium,
2674 4134 2770 4188 lib.
2804 4150 2876 4197 tv,
2907 4147 3029 4203 cap.
3054 4132 3146 4196 25,
3186 4132 3475 4201 Dionysius
3512 4131 3617 4186 Co-

2046 4228 2370 4282 rinthiorum
2401 4226 2708 4296 episcopus,
2733 4226 2786 4279 in
2805 4226 3034 4295 epistola
3059 4224 3237 4279 dicata
3265 4225 3438 4278 Soteri
3466 4238 3623 4293 papa:

2051 4321 2197 4374 circa
2228 4335 2433 4373 annum
2462 4326 2714 4373 nostrum
2746 4316 2870 4380 167,
2910 4317 2963 4369 in
3009 4330 3117 4385 qua
3168 4313 3445 4371 Romanos
3481 4315 3618 4370 allo-

379 4419 621 4474 Evaristi
652 4416 947 4488 pontiﬁcis.
999 4417 1336 4470 successisse
1384 4413 1750 4468 Alexandrum
1801 4427 1945 4467 anno
1978 4401 2020 4456 Ι)
2051 4412 2259 4481 quitur,
2295 4412 2384 4466 his
2412 4409 2596 4467 verbis
2634 4430 2646 4464 :
2684 4407 2857 4462 Hodie
2885 4407 3214 4461 Dominicam
3238 4422 3448 4460 sacram
3475 4407 3615 4462 diem

378 4508 453 4564 12
473 4507 710 4576 Trajani.

455 4600 764 4655 Alexander
810 4613 941 4668 ergo
965 4595 1154 4653 sedere
1199 4594 1366 4665 cmpit
1409 4610 1473 4649 ex
1514 4609 1658 4649 anno
1706 4592 1810 4650 108
1833 4596 1945 4664 jam

381 4692 557 4753 dicto,
595 4691 845 4760 seditque
873 4704 1048 4742 annos
1075 4686 1163 4749 10,
1198 4700 1418 4740 menses
1449 4685 1503 4747 5,
1543 4685 1662 4741 dies
1682 4685 1775 4741 2i.
1797 4684 1945 4740 Con-

379 4785 560 4854 jectus
614 4785 668 4836 in
723 4795 995 4836 carcerem
1043 4792 1186 4832 anno
1228 4785 1420 4831 nostro
1466 4776 1589 4842 116,
1627 4786 1817 4832 octavo
1859 4778 1944 4832 sui

384 4873 755 4945 pontiﬁcatus.
792 4870 1010 4926 Eliano
1040 4878 1094 4923 et
1118 4867 1315 4923 Vetere
1346 4868 1686 4932 consulibus,
1728 4869 1941 4923 vivente

386 4966 562 5021 adhuc
592 4965 855 5035 Trajano,
905 4969 964 5016 ut
1008 4961 1209 5015 habent
1253 4959 1427 5026 Acta;
1472 4961 1527 5013 in
1574 4975 1686 5030 quo
1724 4975 1943 5015 carcere

386 5060 522 5114 duos
565 5072 743 5112 annos
766 5057 899 5126 egit,
944 5067 1118 5123 usque
1166 5050 1235 5106 ad
1273 5051 1491 5133 tertium
1544 5052 1792 5118 Adriani,
1840 5066 1942 5108 no-

2050 4503 2359 4573 peregimus,
2390 4502 2445 4555 in
2468 4517 2575 4572 qua
2606 4500 2819 4571 legimus
2845 4497 3438 4567 vestram”ept'stolam,
3456 4515 3615 4567 quam

2050 4610 2251 4663 semper
2290 4592 2357 4646 ad
2402 4603 2639 4647 nostram
2667 4592 3064 4645 instructionem
3093 4589 3317 4660 legemus
3338 4628 3357 4655 ,
3385 4591 3521 4644 sicut
3562 4598 3612 4643 et

2047 4689 2275 4755 priorem
2296 4684 2443 4739 nobis
2470 4701 2504 4737 a
2528 4682 2789 4739 Clemente
2813 4684 3085 4752 scriptam.
3106 4681 3179 4737 De
3207 4682 3401 4753 quibus
3433 4681 3617 4735 verbis

2049 4777 2194 4849 quod
2245 4776 2391 4831 volui
2428 4775 2684 4841 coniicio,
2725 4774 3024 4831 Clementis
3069 4774 3248 4845 ipsius
3296 4788 3419 4828 esse
3470 4772 3612 4825 hanc

2043 4869 2369 4939 epistolam;
2397 4868 2546 4921 illam
2569 4883 2699 4923 vero
2724 4869 2973 4932 alteram,
3021 4883 3131 4922 non
3197 4877 3307 4921 tam
3350 4863 3615 4933 decrepiti

2043 4959 2363 5024 Clementis,
2396 4974 2561 5030 quam
2607 4960 2770 5016 etiam
2820 4959 3050 5015 Romani
3083 4959 3234 5013 clcri.

454 5299 498 5334 ⁸⁸
520 5298 761 5370 lntellige
790 5298 1105 5354 secundam.
1184 5297 1226 5370 τί
1256 5296 1381 5370 Haec
1410 5296 1559 5370 legas
1615 5300 1751 5350 sect.
1783 5307 1859 5348 ιι.
1933 5292 1977 5325 ³²
2002 5290 2129 5358 Qutr
2155 5289 2421 5348 Clementi
2478 5291 2868 5363 Alexandrino,
2900 5292 3099 5346 Strom.
3158 5289 3256 5347 lib.
3310 5305 3364 5358 v,
3398 5306 3454 5365 p.
3483 5289 3607 5355 786,

379 5367 423 5447 ᾖ
464 5372 599 5445 πρὸς
624 5363 947 5444 Κῴινθὶους
998 5367 1280 5441 Ῥωμαίων
1316 5363 1587 5437 ὲπιοτὸλή.
