4074 6286
480 304 548 357 67
1620 320 1711 373 Αι)
1752 320 1810 375 s.
1853 310 2279 381 CLEMENTEM
2322 328 2339 382 ι
2381 325 2613 385 PAPAM
3675 350 3744 404 es

1918 567 2296 632 LECTORI.

440 695 457 723 '9

556 734 833 790 Hactenus
871 730 1226 798 Vendelinus,
1269 732 1429 803 cujus
1476 733 1642 789 verba
1690 748 1755 787 ex
1827 733 2067 793 editione
2097 744 2142 799 Α
2172 740 2357 795 buisse
2386 741 2630 812 episcopi
2665 757 2885 799 nomine
2911 744 3101 811 scribi,
3137 747 3389 816 quamvis
3420 750 3740 822 episc0pum

484 827 637 883 Pauli
663 826 953 882 Colomesii
979 824 1397 897 descripsimus.
1431 823 1699 879 Caeterum
1733 827 1828 894 qui
1861 840 2058 890 annos,

481 919 682 987 quibus
711 915 855 972 sedit
880 916 1155 979 Clemens,
1186 916 1358 971 multo
1387 916 1593 970 certius
1626 916 1830 971 rescire
1855 917 2058 985 avehit,

482 1009 530 1064 is
562 1008 719 1063 adeat
746 1015 963 1078 oportet
992 1006 1398 1062 eruditissimas
1435 1006 1845 1062 Dissertationes
1890 1007 2059 1063 Joan-

480 1102 568 1156 nis
594 1100 879 1156 Pearsonii
928 1108 984 1154 et
1037 1099 1257 1154 Henrici
1289 1099 1574 1164 Dodwelli,
1618 1099 1684 1153 de
1729 1102 2057 1155 successione

478 1194 768 1263 primorum
794 1191 1047 1248 Romanw
1090 1193 1238 1246 urbis
1263 1192 1659 1261 episcoporum;
1699 1192 1793 1262 qui
1831 1192 1932 1247 viri
1980 1200 2057 1247 to-

444 1338 449 1345 .
477 1295 590 1341 tam
620 1285 1030 1356 chronologiam
1060 1284 1396 1355 pontificiam
1424 1285 1660 1340 feliciter
1682 1283 2051 1352 illustrarunt,

475 1376 730 1448 quamvis
759 1392 857 1446 per
878 1374 1061 1431 omnia
1088 1390 1198 1430 non
1233 1376 1604 1431 consentiant.

2162 829 2276 901 jam
2309 831 2642 888 Clementem
2677 832 2845 890 fuisse
2869 836 3063 891 testari
3084 837 3374 893 videantur
3397 839 3741 915 Hegesippus

2166 931 2330 991 atque
2359 922 2617 981 lrenaeus.
2650 924 2821 996 Digna
2853 934 2981 981 sunt
3009 928 3155 983 lectu
3186 945 3307 1000 quae
3340 932 3480 987 hanc
3521 934 3577 989 in
3622 952 3741 993 rem

2164 1015 2346 1080 habet,
2401 1017 2494 1072 sed
2518 1017 2836 1087 prolixiora,
2882 1033 3043 1088 quam
3075 1036 3197 1089 quae
3244 1022 3351 1077 huc
3402 1025 3735 1084 transferan-

2163 1112 2272 1162 tur.
2318 1106 2462 1164 Idem
2533 1109 2588 1163 in
2636 1109 3079 1165 Dissertationum
3125 1112 3491 1170 Irenuicarum
3537 1120 3736 1188 prima,

2166 1198 2193 1271 §
2223 1199 2315 1265 28,
2347 1201 2663 1270 suspicatur
2695 1218 2803 1257 non
2845 1204 3138 1267 immerito.
3172 1207 3419 1274 alteram,
3446 1226 3568 1280 qua:
3598 1212 3740 1267 dici-

2158 1299 2269 1355 tur,
2285 1291 2585 1347 Clementis
2601 1294 2908 1363 epistolam,
2930 1311 3052 1351 esse
3068 1297 3250 1367 potius
3266 1297 3482 1369 διδαχὴν
3498 1301 3619 1370 ejus
3639 1317 3737 1357 seu

2156 1378 2278 1447 ejus
2298 1379 2627 1443 doctrinam.
2652 1385 2722 1437 ab
2743 1382 2851 1436 alio
2879 1384 3101 1454 scriptis
3128 1387 3463 1452 mandatam,
3491 1398 3652 1459 atque
3669 1407 3737 1446 ex

546 1463 876 1520 Pearsonius
900 1468 1019 1522 vult
1047 1464 1381 1523 Clementem
1413 1465 1628 1521 sedisse
1669 1466 1740 1521 ab
1788 1481 1934 1522 anno
1983 1466 2054 1522 69
2155 1471 2279 1539 ejus
2301 1471 2684 1528 concionantis
2719 1488 2814 1528 ore
2850 1482 3155 1544 exceptam.
3180 1478 3265 1532 vel
3312 1494 3377 1533 ex
3422 1480 3734 1536 auditorum

475 1565 544 1619 ad
573 1567 661 1623 85.
709 1563 1011 1621 Dodwellus
1032 1580 1164 1621 vero
1194 1566 1264 1620 ab
1308 1580 1454 1619 anno
1500 1563 1591 1629 64,
1634 1565 1720 1621 vel
1765 1564 1835 1619 65
1863 1565 1928 1620 ad
1959 1565 2050 1619 8i.

472 1657 573 1714 Hic
595 1660 757 1715 etiam
785 1674 910 1730 cap.
959 1659 1018 1713 ll
1055 1658 1195 1713 Diss.
1225 1654 1289 1712 de
1311 1672 1537 1711 success.
1567 1657 1874 1727 pontiﬁcum
1898 1657 2050 1714 Rom.

471 1753 752 1807 contendit
774 1752 1041 1808 incertum
1062 1765 1207 1815 esse,
1233 1766 1301 1804 an
1325 1748 1557 1817 epistola
1578 1747 1878 1805 Clementis
1903 1751 2055 1821 prior

471 1843 544 1897 ab
578 1858 647 1898 eo
682 1842 796 1914 jam
843 1843 1104 1917 episcopo
1133 1840 1341 1910 scripta
1380 1839 1493 1905 sit;
1531 1846 1587 1895 at
1616 1849 1766 1898 certe
1791 1857 1901 1898 non
1954 1841 2042 1900 de-

2159 1565 2230 1619 ab
2255 1579 2321 1619 eo
2353 1564 2616 1619 memoria
2650 1574 2950 1622 exaratam.
2979 1566 3136 1632 Eum,
3167 1567 3382 1636 Lector,
3423 1572 3591 1638 adito,
3623 1590 3737 1644 quo

2158 1655 2325 1711 rebus
2358 1656 2749 1714 ecclesiasticis
2781 1658 3155 1728 antiquissimi
3196 1660 3297 1719 aevi
3344 1676 3505 1718 nemo
3556 1662 3732 1720 facem

2160 1749 2647 1823 hactenusjntulit
2668 1749 3074 1824 fulgentiorem.
3350 1764 3353 1767 ’

1571 2257 1667 2343 J.
1765 2256 1868 2343 Β.
1969 2249 2629 2344 COTELERII

1137 2473 1516 2538 JUDICIUM
1546 2472 1656 2533 DE
1688 2472 1993 2549 PRIOBE
2025 2470 2425 2536 EPISTOLA
2463 2471 2527 2533 S.
2565 2470 3042 2534 CLEMENTIS.

537 2751 673 2809 Cum
703 2762 1047 2822 quaecunque
1076 2745 1144 2801 de
1164 2742 1412 2816 Epistula
1450 2758 1483 2799 a
1510 2742 1572 2798 B.
1592 2741 1893 2809 Clemente,
1923 2742 2036 2798 Ro-
2075 2726 2119 2781 Β
2145 2740 2290 2812 piam
2322 2739 2627 2811 suspiceris
2664 2740 3039 2812 apostolorum
3070 2735 3308 2797 Canonis
3347 2740 3717 2806 Clementtnas

460 2860 636 2901 mana!
664 2842 923 2899 Ecclesiae
947 2838 1170 2895 nomine
1195 2838 1261 2892 ad
1289 2836 1703 2891 Corinthiorum
1732 2833 2037 2889 Ecclesiam

455 2937 685 3006 scripta,
719 2934 954 3005 proferri
985 2932 1318 3003 potuissent,
1352 2928 1467 2985 fere
1504 2927 1691 2983 omnia
1732 2926 1932 2998 partim
1968 2925 2038 2979 ab

430 3027 698 3098 antiquis
736 3026 962 3090 tradita,
1002 3024 1202 3094 partim
1248 3037 1277 3076 a
1309 3022 1712 3078 recentioribus
1768 3026 2036 3091 occupata

454 3119 693 3184 fuerint,
725 3116 847 3173 vice
888 3116 1249 3188 przefationis,
1295 3129 1467 3184 pauca
1494 3111 1767 3167 duntaxat
1805 3112 2036 3167 adnota-

453 3214 636 3281 b'unus
679 3211 748 3266 ad
798 3226 862 3266 ea
910 3218 1157 3264 veterum
1210 3206 1567 3269 testimonia,
1613 3220 1735 3276 quae
1783 3204 2033 3261 nonnihil

451 3301 698 3372 scrupuli
730 3299 1040 3371 legentibus
1083 3298 1223 3353 forte
1270 3295 1582 3366 injiccrcnt,
1630 3293 1740 3350 nisi
1785 3308 2031 3363 expone-

450 3403 678 3459 rentur;
711 3407 776 3447 ac
802 3390 1000 3446 deinde
1035 3402 1343 3460 quaeremus
1374 3386 1596 3458 quando
1638 3386 1840 3457 stylum
1868 3400 2033 3439 acue-

449 3490 524 3542 rit
539 3486 655 3558 Κλή
665 3484 864 3558 μης,τδ
880 3483 973 3537 τοῦ
996 3480 1232 3555 Χριστοῦ
1253 3480 1456 3551 κλῆμα.
1472 3477 1734 3549 Equidem
1765 3478 1834 3533 ab
1861 3477 2031 3533 Euse-

448 3578 542 3633 bio
572 3578 666 3633 lib.
692 3593 776 3639 ιιι,
806 3592 928 3647 cap.
959 3575 1024 3630 16
1069 3585 1123 3631 et
1144 3576 1235 3638 58,
1289 3573 1521 3645 epistola
1563 3579 1790 3626 vocatur
1840 3570 2030 3643 ὁμολο-

447 3670 711 3742 γουμένη,
733 3669 1052 3741 ἀνωμοληγη
1062 3668 1197 3740 μένη
1216 3666 1371 3739 παρὰ
1381 3667 1568 3729 πᾶσιν,
1584 3664 1648 3717 ab
1666 3663 1905 3718 omnibus
1922 3678 2026 3716 uno

447 3779 703 3817 consensu
733 3771 958 3831 recepta.
994 3760 1086 3815 Ille
1118 3769 1299 3814 tamen
1325 3757 1624 3812 historicus
1657 3756 1753 3811 lib.
1780 3772 1856 3819 vr,
1898 3769 2022 3824 cap.

447 3857 537 3920 13,
561 3855 727 3911 refert
755 3854 1085 3909 Clementem
1118 3850 1551 3905 Alexandrinum
1580 3851 1636 3903 in
1657 3848 1814 3904 libris
1839 3847 2028 3912 Στρω-

437 3943 674 4015 ματέων
694 3947 774 4002 uti
815 3944 1145 4000 testimoniis
1173 3942 1584 4014 Scripturarum
1631 3956 1663 3995 a
1692 3938 2023 4010 quibusdam

416 4056 419 4057 ν
444 4038 881 4110 repudiatarum,
900 4051 1095 4108 nempe
1123 4034 1419 4107 Sapientiae
1438 4033 1773 4096 Salomonis,
1794 4030 2024 4102 Sapien-

443 4133 534 4191 tite
560 4130 846 4194 Siracidis,
875 4129 1132 4200 Epistola!
1157 4127 1224 4183 ad
1249 4127 1526 4189 Hebraeos,
1543 4124 2022 4196 Epistolarumque

444 4224 728 4289 Barnabas,
776 4223 1071 4279 Clementis
1124 4234 1179 4278 et
1206 4220 1381 4277 Judae.
1435 4220 1556 4295 Quo
1581 4218 1743 4274 modo
1767 4218 2021 4272 volumen

444 4316 513 4371 ab
554 4317 812 4372 omnibus
872 4315 1213 4383 admissum,
1268 4327 1301 4367 a
1350 4312 1679 4383 quibusdam
1736 4308 2021 4380 rejicitur?

443 4405 575 4459 Eam
614 4408 1032 4476 repugnantiam
1084 4407 1265 4470 tolles,
1298 4405 1346 4461 si
1385 4404 1590 4460 dixeris
1621 4411 1853 4458 cunctos
1896 4400 2021 4472 qui-

442 4499 565 4553 dem
601 4512 741 4567 Opus
788 4500 1080 4568 agnovisse
1129 4513 1229 4567 pro
1254 4497 1494 4569 genuino
1544 4495 1829 4552 Pontificis
1858 4496 2015 4560 fietu,

440 4588 538 4644 sed
566 4602 677 4641 non
710 4602 903 4643 omnes
937 4589 1196 4643 habuisse
1223 4604 1324 4657 pro
1352 4591 1560 4659 scripto
1599 4589 1870 4643 canonico
1899 4607 1913 4639 :
1950 4588 2018 4641 de

414 4680 646 4754 primo,
694 4679 901 4734 nullam
952 4689 1157 4733 motam
1204 4681 1507 4751 antiquitus
1546 4680 2013 4746 controversiam;

440 4776 509 4831 de
540 4773 806 4837 secundo,
854 4783 1077 4836 motam,
1113 4775 1237 4829 aliis
1267 4783 1422 4830 extra
1466 4763 1731 4829 canonem
1760 4773 2017 4844 ponenti-

439 4869 565 4933 bus,
597 4883 719 4939 quae
743 4867 1014 4922 sententia
1052 4866 1311 4927 obtinuit,
1350 4866 1471 4921 aliis
1514 4867 1678 4928 intra,
1710 4873 1769 4919 ut
1822 4872 2016 4918 auctor

435 4959 710 5015 Canonum
739 4954 1182 5025 apostolicorum,
1254 4968 1466 5009 canone
1505 4953 1720 5019 ultimo,
1756 4951 2012 5021 proinde-

2140 2833 2438 2903 epistolas;
2488 2848 2611 2904 qua:
2662 2833 2809 2903 apud
2851 2831 3070 2888 Graecos
3118 2840 3212 2887 aut
3261 2835 3425 2891 nulla:
3471 2835 3713 2908 fuerunt,

2138 2931 2233 2977 aut
2282 2940 2390 2979 non
2422 2940 2669 2981 seorsum
2701 2926 2875 2991 lectae,
2908 2920 3003 2981 sed
3048 2925 3206 2979 initio
3254 2928 3707 3001 Recognitionum,

2137 3010 2365 3066 Actuum
2388 3012 2557 3087 Petri,
2645 3012 3124 3087 Ctementinorum,
3172 3020 3475 3092 similisque
3524 3019 3713 3077 farina

2136 3106 2594 3178 apocryphorum.

2203 3201 2289 3256 Ad
2336 3201 2583 3270 ejusdem
2629 3200 2852 3257 Eusebii
2911 3201 3382 3267 observationem,
3435 3200 3708 3255 imitatum

2133 3308 2257 3349 esse
2285 3292 2621 3350 Clementem
2642 3293 2941 3365 Epistolam
2973 3295 3039 3349 ad
3065 3293 3344 3359 Hebraeos,
3373 3294 3495 3349 addi
3528 3302 3709 3365 potest

2134 3388 2463 3451 consimilis.
2492 3389 2561 3443 de
2591 3388 2897 3443 imitatione
2935 3388 3166 3441 aliorum
3206 3386 3341 3443 Novi
3368 3386 3707 3443 Testamenti

2132 3481 2420 3549 librorum,
2454 3483 2867 3554 praesertimque
2897 3479 3262 3549 Epistolarum
3295 3481 3360 3535 ad
3385 3481 3706 3539 Corinthios

2129 3584 2184 3631 et
2204 3575 2571 3646 Epistolarum
2596 3574 2743 3630 Petri
2772 3593 2786 3629 :
2821 3574 3106 3643 utriusque
3143 3573 3290 3628 enim
3325 3574 3556 3643 apostoli
3585 3586 3705 3630 erat

2128 3668 2458 3739 discipulus.
2509 3666 2622 3723 Nec
2664 3666 2889 3731 mirum,
2943 3667 3089 3737 quod
3119 3664 3418 3721 Dominica:
3457 3682 3523 3721 ac
3569 3682 3704 3739 apo-

2126 3759 2340 3815 stolica:
2389 3758 2673 3815 sententiae
2717 3765 2772 3814 et
2813 3758 3084 3813 dictiones
3129 3757 3186 3812 in
3230 3772 3325 3812 ore
3357 3757 3559 3814 fuerint
3595 3759 3700 3815 ho-

2093 3851 2337 3905 .minum
2401 3849 2859 3918 apostolicorum,
2910 3856 3075 3919 atque
3126 3849 3184 3903 in
3240 3866 3344 3906 usu
3397 3852 3701 3922 primorum

2123 3941 2585 3997 Christianorum.

2195 4030 2424 4087 Photius
2447 4028 3126 4088 Bibliothecwcodicecxxvn
3142 4031 3356 4089 videtur
3372 4036 3689 4107 scripsisse:
3783 4030 3796 4051 ¹

2126 4128 2503 4183 Αἰτιάσοιτοδ⁹
2538 4128 2604 4182 ἄν
2632 4146 2716 4193 τις
2741 4128 2903 4184 αὑτὸν
2931 4132 2991 4185 ὲν
3017 4132 3247 4199 τούτοις,
3277 4151 3386 4190 non
3420 4146 3597 4192 autem
3634 4141 3695 4193 ἐν

2127 4214 2378 4278 ταύταις.
2407 4218 2806 4287 Reprehenderit
2836 4237 2954 4274 vero
2988 4240 3107 4277 eum
3137 4226 3400 4296 quispiam
3431 4228 3485 4280 in
3509 4228 3609 4283 his.

2190 4308 2250 4363 ln
2279 4310 2435 4364 Libro
2450 4311 2763 4383 pontiﬁcali,
2786 4312 2875 4367 ubi
2905 4312 2973 4368 de
3002 4312 3300 4373 Clementis
3326 4319 3459 4383 vita,
3478 4334 3694 4378 necnon

2121 4404 2178 4459 in
2206 4403 2328 4472 ejus
2350 4402 2543 4474 Operis
2557 4404 3008 4474 exscriptoribus,
3033 4418 3403 4465 memorantur
3426 4411 3547 4467 duae
3566 4411 3692 4468 Cle—

2120 4495 2321 4550 mentis
2363 4494 2648 4564 epistolae,
2698 4510 2885 4565 eaeque
2949 4496 3229 4552 canonica
3278 4508 3332 4553 et
3378 4502 3684 4560 catholicae.

2119 4584 2274 4650 Quod
2305 4587 2379 4639 ita
2410 4593 2692 4655 acceptum
2720 4586 2787 4641 ab
2832 4594 3057 4644 auctore
3105 4588 3230 4643 libri
3297 4586 3373 4644 De
3398 4591 3555 4659 gestis
3580 4589 3685 4644 Ro-

2120 4688 2393 4731 manorum
2447 4677 2787 4747 pontiﬁcum,
2865 4679 3074 4735 credito
3107 4679 3476 4750 Luitprando,
3523 4685 3683 4752 quasi

2116 4778 2369 4840 ageretur
2413 4770 2482 4825 de
2508 4770 2724 4826 duabus
2749 4770 2941 4840 primis
2981 4771 3281 4827 Clementis
3308 4771 3682 4830 Decretalibus

2115 4861 2182 4915 ad
2205 4859 2490 4917 Iacobum.
2514 4860 2701 4926 Gravi,
2734 4870 2793 4915 ut
2812 4862 3062 4932 equidem
3088 4864 3286 4928 sentio,
3308 4879 3517 4923 errore.
3542 4864 3681 4921 Nam

2114 4950 2162 5005 si
2202 4947 2498 5010 Decretales
2527 4952 2581 5006 in
2618 4955 2800 5007 animo
2828 4953 3110 5010 habuisset
3134 4956 3370 5026 scriptor
3391 4957 3680 5028 Pontiﬁca-

436 5067 543 5123 que
574 5051 759 5106 forsan
788 5056 841 5104 et
872 5048 966 5119 qui
997 5062 1093 5103 eos
1122 5060 1361 5102 canones
1387 5046 1441 5099 in
1468 5060 1697 5099 numero
1726 5058 2009 5099 sacrarum
2110 5044 2178 5099 iis
2199 5042 2344 5110 libri,
2387 5061 2496 5100 non
2528 5047 2703 5123 solum
2726 5047 2865 5102 duas
2894 5048 3143 5111 dixisset,
3196 5064 3383 5104 verum
3414 5049 3678 5119 quinque.

438 5143 847 5215 Scripturarum
873 5143 1104 5199 collocat
1130 5138 1369 5194 Joannes
1388 5137 1783 5200 Damascenus,
1807 5136 2010 5205 quique

433 5238 657 5293 eosdem
687 5237 983 5293 admittunt
1028 5233 1275 5288 Trullani
1329 5230 1592 5302 episcopi.
1626 5230 1804 5299 Atque
1845 5228 2009 5296 hujus

433 5340 723 5403 postremae
756 5332 1031 5402 opinionis
1080 5328 1470 5383 documentum
1506 5324 1710 5395 praebet
1741 5323 2008 5393 antiquis-

2111 5133 2575 5200 Quemadmodum
2607 5121 2900 5210 βιόγράφος
2927 5139 3036 5205 ille,
3062 5138 3154 5210 qui
3186 5139 3322 5192 mira
3363 5140 3677 5209 supinitate,

2111 5235 2397 5299 postquam
2424 5228 2491 5283 de
2516 5229 2728 5285 duabus
2754 5230 3001 5300 epistolis
3030 5230 3317 5285 catholicis
3346 5246 3377 5283 a
3400 5228 3679 5287 Clemente

2110 5320 2177 5374 ad
2198 5320 2461 5377 Jacobum
2488 5324 2629 5379 datis
2665 5325 2870 5391 retulit,
2899 5324 3181 5395 subjungit
3221 5340 3471 5395 quaenam
3500 5330 3678 5382 conti-

433 5429 610 5483 simus
655 5424 826 5479 codex
854 5425 1146 5477 bibliorum
1179 5436 1340 5474 manu
1388 5417 1606 5472 Thecla:
1633 5422 1909 5478 exaratos,
1936 5430 1998 5468 ex
2036 5415 2080 5470 D
2109 5422 2341 5468 neantur
2369 5416 2424 5469 in
2454 5415 2561 5471 illis
2585 5416 2821 5482 duabus,
2874 5424 2928 5471 et
2957 5417 3012 5473 in
3039 5416 3268 5486 reliquis
3291 5416 3492 5474 tribus.
3524 5416 3676 5473 Adde

433 5533 542 5589 quo
587 5517 707 5571 dua:
735 5516 852 5569 istae
900 5515 1144 5583 epistolae
1181 5511 1534 5583 prodierunt;
1560 5505 2006 5579 quandoquidem
2105 5505 2253 5575 quod
2285 5505 2339 5560 in
2388 5505 2693 5561 Pontificali
2722 5522 2887 5577 opere
2932 5508 3147 5578 sejungi
3187 5506 3406 5563 videtur
3439 5508 3674 5577 epistola

430 5624 527 5665 cas
551 5622 673 5661 cum
701 5606 856 5662 libris
886 5604 1022 5659 Novi
1050 5604 1387 5681 Testamenti
1415 5604 1738 5671 eonjunctas
1761 5596 2001 5650 exhibet.

2104 5592 2173 5647 ad
2199 5592 2479 5651 Iacobum.
2512 5611 2541 5649 a
2567 5596 2780 5652 duabus
2822 5598 3103 5653 canonicis
3131 5598 3395 5667 epistolis.
3426 5597 3527 5651 Hic
3549 5598 3676 5666 fecit

432 5697 617 5768 Neque
660 5713 788 5752 vero
828 5696 1126 5765 quidquam
1173 5711 1351 5751 causa:
1379 5703 1485 5761 cst,
1526 5710 1626 5749 cur
1660 5692 1792 5745 alias
1834 5702 2001 5757 quas-
2103 5684 2237 5740 duas
2262 5689 2533 5759 epistolas,
2565 5706 2681 5759 qua:
2712 5692 2977 5745 canonica:
3005 5692 3368 5747 nominantur.
3393 5689 3457 5745 Et
3485 5688 3668 5747 infra:
