4076 6280
354 307 428 360 69

1606 301 1950 358 ΡιιουΕΜιΑ
1992 299 2377 359 γΑιιιοιιυιι.

3546 308 3615 363 70

356 421 562 475 Tamen
599 418 657 472 in
710 415 972 485 Epistola,
1004 434 1119 487 qua:
1174 416 1244 471 ad
1272 416 1530 471 Iacobum
1595 422 1795 488 scripta
1838 430 1934 475 est.
1968 427 2013 482 Α
2042 419 2107 473 Εῑ
2132 435 2262 475 vero
2297 433 2422 475 eum
2444 418 2539 488 qui
2577 418 2799 474 nomine
2830 417 3091 477 Ecclesiae
3125 420 3385 479 Romanae
3407 425 3617 481 scribe-

427 510 593 566 Circa
620 517 832 579 tempus
860 524 971 579 quo
998 508 1231 563 Romani
1264 509 1476 563 litteras
1518 509 1586 563 ad
1616 510 1932 566 Corinthios
2036 513 2149 575 bat,
2180 512 2271 566 illa
2306 510 2490 580 eloqui
2512 508 2696 564 decuit
2732 526 2855 580 qua:
2885 508 3040 575 Urbi,
3067 528 3177 567 non
3207 530 3328 585 quae
3352 516 3618 574 sibicon-

356 603 651 661 dederunt.
695 614 808 654 non
839 615 948 653 una
976 608 1061 654 est
1105 599 1425 654 criticorum
1472 599 1680 669 opinio.
1710 601 1817 654 Alii
1844 618 1934 658 as-

356 695 580 763 signant
614 690 777 746 ﬁnem
816 689 1087 753 Neronis,
1140 699 1235 745 aut
1278 698 1426 746 certe
1474 705 1571 745 eos
1618 705 1794 745 annos
1836 691 1931 761 qui

354 784 678 855 Vespasiani
702 783 1015 854 imperium
1063 783 1448 853 excidiumque
1480 780 1932 854 Hierosolymita-

350 893 482 932 num
512 885 952 932 antecesserunt.
990 875 1102 933 Hos
1143 877 1345 932 relellit
1377 875 1631 945 epistola,
1662 885 1776 930 tum
1806 892 1926 945 cap.

343 970 437 1033 47,
486 986 615 1025 cum
666 972 815 1026 velut
874 972 1116 1041 antiquae
1198 973 1446 1031 meminit
1516 971 1929 1027 Corinthiorum

342 1064 540 1131 primae
572 1063 961 1131 dissensionis,
995 1065 1098 1118 sub
1126 1064 1322 1134 Apollo
1357 1064 1629 1128 excitatae,
1668 1064 1763 1134 qui
1793 1071 1930 1118 teste

343 1152 683 1225 Hieronymo
734 1154 882 1208 circa
934 1155 1095 1209 ﬁnem
1129 1152 1662 1211 Commentariorum
1705 1156 1758 1209 in
1801 1154 1930 1224 Epi-

342 1247 545 1302 stolam
597 1247 665 1301 ad
705 1245 917 1312 Titum,
968 1246 1223 1301 Corinthi
1276 1247 1380 1302 fuit
1426 1249 1756 1319 episcopus;
1809 1255 1925 1301 tum

339 1339 758 1395 Corinthiacam
792 1339 1118 1404 Ecclesiam,
1164 1348 1404 1396 veterem
1454 1342 1690 1412 appellat
1721 1356 1735 1392 :
1768 1340 1929 1394 dum-

340 1449 451 1502 que
474 1448 595 1503 cap.
623 1433 677 1497 1,
719 1433 752 1486 5
780 1439 834 1486 et
858 1432 890 1486 6
923 1433 1234 1487 subindicat
1278 1434 1714 1503 persecutionem
1762 1433 1925 1487 aliam

340 1526 413 1579 ab
442 1525 531 1578 illa
562 1526 740 1595 prima
765 1514 1202 1580 NeronisfPost
1228 1525 1499 1581 Neronem
1530 1536 1712 1580 autem
1738 1524 1926 1579 Domi-

339 1620 529 1671 tianus
580 1617 792 1686 primus
842 1616 1188 1673 Christianos
1260 1626 1584 1687 persecutus
1631 1625 1753 1682 est,
1811 1618 1925 1687 jam

338 1722 534 1760 eversa
585 1705 987 1776 Hierosolyma.
1050 1705 1158 1761 Sed
1186 1705 1463 1767 Clemens,
1519 1707 1777 1777 inquiunt
1818 1707 1921 1761 viri

2034 604 2317 667 venirent,
2356 611 2415 656 ut
2439 608 2587 657 certe
2612 600 2747 657 Urbi
2772 605 3124 660 conveniunt.
3167 604 3322 663 Unde
3338 611 3620 665 evanescit

2033 694 2300 765 quidquid
2344 693 2629 762 obiicitur.
2669 692 2777 747 Alii
2819 694 3108 763 epistolam
3154 700 3381 753 missam
3426 701 3618 756 volunt

2033 803 2180 842 anno
2212 785 2429 841 Domini
2460 786 2551 851 95,
2590 784 2835 842 fervente
2876 787 3258 856 persecutione
3300 787 3613 848 Domitiani.

2031 875 2255 931 Rectius
2302 882 2488 931 tamen
2520 891 2682 945 quam
2721 875 2972 942 fervens,
3018 877 3281 934 desinens
3330 888 3619 936 notaretur

2031 968 2374 1038 persecutio,
2408 984 2571 1037 quam
2616 969 2877 1023 nimirum
2910 969 3091 1023 innuit
3120 971 3365 1040 epistolae
3405 974 3607 1042 princi-

2031 1059 2203 1131 pium,
2240 1075 2472 1130 quaeque
2510 1061 2693 1131 aptior
2732 1060 2839 1115 fuit
2868 1060 2937 1114 ad
2968 1062 3329 1118 destinandos
3361 1078 3488 1117 cum
3527 1064 3618 1119 lit-

2029 1152 2163 1206 teris
2205 1152 2449 1222 quinque
2499 1151 2733 1224 legatos,
2767 1154 3082 1209 nominatos
3124 1155 3178 1208 in
3215 1156 3327 1211 ﬁne
3344 1156 3610 1225 epistolae.
3650 1156 3657 1163 ’

2097 1238 2368 1295 Caeterum
2416 1256 2543 1310 spes
2593 1240 2821 1295 Patricii
2850 1240 3001 1295 Junii
3065 1242 3132 1297 de
3182 1241 3613 1314 Hieronymiana

2027 1330 2381 1387 Clementinae
2408 1333 2651 1402 epistola:
2670 1334 3141 1403 interpretatione,
3166 1334 3301 1388 mihi
3330 1336 3613 1405 pertenuis

2028 1431 2122 1478 aut
2147 1425 2295 1479 nulla
2338 1432 2444 1489 est,
2507 1425 2858 1480 librariorum
2910 1426 3069 1481 dolos
3103 1426 3503 1491 consideranti,
3555 1433 3613 1482 et

2026 1530 2137 1585 quo
2154 1523 2340 1585 pacto,
2358 1523 2419 1569 ut
2441 1517 2855 1571 vendibiliorem
2889 1532 3126 1573 mercem
3154 1516 3609 1585 haberent,odio-

2027 1620 2148 1659 sum
2178 1603 2361 1659 Ruﬁni
2392 1621 2592 1661 nomen
2617 1622 2649 1661 e
2676 1607 2950 1677 principio
2976 1622 3041 1661 ac
3075 1606 3181 1662 ﬁne
3204 1606 3614 1678 interpretatio-

2026 1697 2116 1751 nis
2163 1694 2623 1766 Explanationum
2667 1696 2918 1768 Origenis
2942 1698 2998 1752 in
3039 1697 3335 1768 Epistolam
3385 1699 3452 1753 ad
3498 1697 3610 1753 Ro-

337 1799 671 1865 doctissimi,
712 1772 984 1861 meminit,
1018 1812 1141 1868 cap.
1169 1799 1261 1863 M,
1299 1772 1640 1853 oblationuin
1698 1800 1754 1854 in
1785 1808 1921 1854 tem-
1955 1772 1997 1826 Β
2027 1802 2220 1844 manos
2245 1790 2571 1844 sustulerint
2600 1790 2771 1860 {quod
2803 1780 2985 1845 tamen
3019 1791 3220 1847 retinet
3254 1790 3427 1846 codex
3458 1790 3610 1845 Thu-

336 1889 450 1958 plo.
487 1886 684 1954 Quidni
712 1887 1085 1943 meminisset?
1114 1904 1241 1943 cum
1265 1905 1413 1944 nunc
1434 1904 1673 1959 quoque,
1705 1897 1785 1944 ιοι
1808 1891 1923 1946 cla-
2026 1894 2143 1934 ana;
2174 1880 2537 1953 bibliothecae)
2571 1896 2636 1936 ac
2666 1882 2963 1938 favorabile
2996 1883 3310 1954 Hieronymi
3362 1883 3607 1938 intruse-

336 1980 457 2050 psis
505 1979 753 2044 saeculis,
804 1994 904 2048 par
948 1981 1154 2035 mentio
1209 1981 1461 2048 idemque
1504 1996 1685 2035 sermo
1732 1981 1921 2037 haberi
2023 1970 2153 2026 rint.
2180 1969 2451 2037 Quocirca
2483 1973 2726 2044 suspicio
2757 1980 2904 2029 tenet
2949 1988 3057 2037 me,
3093 1973 3236 2029 idem
3287 1973 3468 2029 scelus
3517 1972 3608 2026 hic

332 2078 536 2142 queat;
587 2070 1047 2140 quemadmodum
1091 2072 1289 2143 legenti
1325 2072 1550 2142 patebit.
1602 2071 1706 2127 Alii
1739 2070 1921 2142 suspi-

334 2175 536 2219 cantur
560 2178 595 2217 a
619 2161 900 2229 Clemente
925 2166 1116 2220 exsule
1152 2166 1324 2221 factas
1355 2164 1596 2230 litteras,
1622 2165 1728 2220 sub
1756 2164 1915 2220 ﬁnem

332 2258 459 2312 vitae
481 2276 496 2312 :
521 2258 654 2327 quia
684 2272 809 2327 cap.
851 2258 888 2313 5
908 2257 1042 2312 dicit
1070 2256 1301 2312 Paulum
1324 2258 1378 2312 in
1409 2258 1611 2314 ﬁnibus
1647 2256 1917 2313 Occiden-

332 2348 405 2401 tis
424 2362 653 2417 passum
684 2363 831 2411 esse,
860 2362 964 2402 nec
1006 2347 1157 2402 urbis
1188 2345 1375 2402 Roma:
1406 2346 1538 2401 facit
1590 2362 1920 2402 commemo-

331 2437 633 2504 rationem;
652 2444 709 2493 et
738 2437 867 2507 quia
895 2435 951 2491 in
969 2436 1127 2491 initio
1148 2437 1489 2492 calamitates
1532 2435 1919 2492 adversitates-

325 2539 435 2592 que
481 2539 619 2580 suas
673 2525 953 2596 proponit.
1011 2522 1211 2579 Verum
1259 2526 1385 2595 quis
1429 2525 1617 2580 credat
1657 2523 1920 2579 Romanis

324 2614 535 2670 aditam
582 2615 1017 2684 Chersonesum,
1046 2624 1106 2671 ut
1133 2617 1202 2672 ad
1222 2615 1537 2674 Corinthios
1569 2617 1921 2673 scriberent?

2025 2071 2417 2134 perpetratum,
2449 2079 2514 2119 ac
2543 2066 2850 2121 versionem
2873 2065 3229 2121 Clementinm
3264 2065 3509 2136 epistolae
3534 2066 3605 2120 ad

2018 2152 2286 2211 Jacobum
2310 2172 2342 2211 a
2373 2155 2575 2212 Ruﬁno
2609 2157 2835 2224 factam,
2869 2157 3191 2229 Hieronymi
3234 2158 3396 2213 titulo
3435 2157 3607 2213 fuisse

2020 2246 2391 2305 honestatam.

2091 2336 2338 2407 Denique
2378 2337 2685 2394 monendus
2731 2354 2813 2404 es,
2843 2336 3060 2403 Lector,
3104 2338 3263 2393 uncis
3314 2353 3412 2410 per
3432 2346 3605 2395 totum

2018 2442 2158 2498 opus
2180 2428 2447 2499 inspersis
2470 2429 2674 2485 includi
2696 2445 2760 2485 ea
2786 2445 2909 2500 qua:
2931 2430 2987 2484 in
3016 2429 3301 2485 ms.deleta
3324 2437 3419 2483 aut
3444 2431 3609 2484 amis-

2020 2533 2103 2583 sa,
2135 2534 2232 2588 per
2254 2521 2628 2589 conjecturam
2647 2522 2921 2592 suppleta,
2949 2522 3003 2576 in
3033 2520 3276 2577 editione
3299 2521 3602 2593 Anglicana

2020 2608 2266 2665 miniatis
2288 2610 2488 2668 litteris
2511 2613 2778 2684 impressa
2811 2621 2962 2669 sunt.

893 3209 1267 3272 JUDICIUM
1302 3209 1410 3270 DE
1451 3208 1966 3270 POSTERIORE
2012 3207 2406 3271 EPISTOLA
2448 3208 2508 3271 S.
2564 3207 3040 3270 CLEMENTiS.

384 3462 585 3518 Exstat
608 3460 680 3516 de
704 3459 810 3515 hac
830 3458 1075 3531 Epistola
1099 3458 1364 3529 judicium
1394 3460 1575 3530 magni
1603 3460 1783 3515 critici
1806 3458 1909 3514 Eu-

2017 3458 2243 3531 γραψεν,
2280 3458 2404 3512 οὔτε
2432 3457 2527 3512 τοῦ
2552 3460 2818 3531 Ῥωμαίου
2841 3462 3178 3533 Κλήμεντος,
3210 3463 3351 3538 πλὴν
3379 3465 3475 3521 δύο
3502 3469 3599 3525 καὶ

322 3552 482 3616 eebii,
520 3549 784 3604 Historite
818 3551 1188 3603 ecclesiastica:
1229 3549 1323 3604 lib.
1380 3564 1465 3613 ιιι,
1497 3564 1619 3617 cap.
1648 3550 1738 3613 38,
1768 3549 1915 3603 hisce

2023 3552 2200 3621 μόνων
2214 3550 2528 3605 ἐπιστολῶν.
2561 3551 2622 3604 Et
2641 3567 2769 3607 vero
2786 3554 3244 3623 quemadmodum
3269 3556 3597 3618 Caesariensi

320 3644 509 3698 verbis
558 3656 880 3712 expressum
915 3658 931 3696 :
974 3640 1166 3694 ’ἰστέον
1211 3640 1254 3693 δ’
1287 3640 1363 3703 ὡς
1423 3640 1517 3693 καὶ
1563 3639 1787 3711 δευτέρα
1830 3657 1917 3702 τις

324 3729 463 3786 εἶναι
510 3734 733 3802 λέγεται
782 3732 877 3785 τοῦ
925 3732 1240 3804 Κλήμεντος
1288 3730 1566 3801 ἐπιστολή⁹
1597 3733 1657 3784 οὐ
1693 3731 1790 3801 μὲν
1836 3728 1914 3783 ἔθ’

328 3826 534 3896 ὁμοίως
564 3829 631 3897 τῇ
664 3826 905 3897 προτέρᾳ
943 3827 1037 3878 καὶ
1065 3825 1269 3895 ταύτην
1304 3823 1578 3896 γνώριμον
1616 3824 1916 3896 ἐπιστάμε-

325 3917 417 3978 θα,
450 3918 532 3970 ὅτι
567 3918 700 3987 μηδὲ
725 3919 850 3980 τοὺς
878 3918 1136 3989 ἀρχαίους
1168 3919 1305 3990 αὐτῇ
1336 3918 1706 3990 κεχρημένους
1733 3920 1909 3989 ἴσμεν.

325 4007 461 4074 Quae
491 4026 521 4061 a
572 4010 789 4071 Ruﬁno,
820 4009 898 4062 uti
931 4009 1069 4063 solet
1096 4008 1443 4079 indiligenter
1463 4010 1771 4064 redduntur
1793 4011 1906 4067 sic:

326 4099 542 4152 Dicitur
568 4108 742 4152 tamen
767 4114 878 4151 esse
916 4107 965 4150 et
1014 4099 1123 4151 alia
1156 4097 1435 4153 Clementis
1472 4101 1718 4168 epistola,
1756 4102 1908 4171 cujus

324 4176 424 4245 nos
470 4190 718 4243 notitiam
765 4206 868 4242 non
912 4191 1224 4257 accepimus.
1275 4189 1386 4245 Nec
1434 4192 1607 4262 magis
1654 4202 1909 4249 accurate

325 4281 719 4352 Hieronymus,
755 4281 896 4334 libro
940 4279 1016 4333 De
1064 4280 1189 4333 ciris
1232 4279 1528 4333 illustribus
1562 4295 1581 4333 :
1611 4278 1809 4334 Fertur
1855 4292 1908 4337 et

324 4375 567 4433 secunda
592 4392 704 4429 esse
724 4389 787 4429 ex
819 4374 932 4443 ejus
955 4374 1163 4426 nomine
1189 4374 1432 4441 epistola,
1463 4384 1626 4443 quwia
1649 4375 1904 4430 veteribus

322 4467 663 4536 reprobatttr.
706 4466 774 4523 Et
796 4466 1017 4522 Photius
1036 4467 1433 4534 Μυριοϐίϐλου
1466 4466 1587 4520 cod.
1623 4466 1743 4528 112,
1777 4467 1902 4533 H5,

319 4561 355 4629 ἡ
388 4558 450 4612 δὲ
484 4555 753 4627 λεγομένη
781 4554 1004 4625 δευτέρα
1034 4554 1171 4624 πρὸς
1212 4554 1339 4616 τοὺς
1369 4555 1586 4617 αὐτοὺς,
1631 4554 1706 4617 ὡς
1753 4555 1905 4620 νόθος

322 4650 808 4720 ἀποδοκιμάζεται.
857 4647 1043 4717 Neque
1078 4647 1223 4702 enim
1253 4646 1385 4701 dicit
1414 4646 1681 4702 Eusebius
1707 4663 1905 4703 secun-

325 4745 453 4797 dam
498 4741 796 4797 Clementis
837 4740 1117 4810 epistolam
1149 4739 1373 4793 notham
1401 4755 1544 4804 esse,
1577 4747 1631 4795 et
1662 4742 1731 4796 ab
1760 4743 1905 4796 anti-

2018 3639 2274 3709 episeopo
2320 3638 2637 3704 credimus,
2677 3641 2986 3697 dubitatum
3033 3643 3203 3700 fuisse
3256 3646 3325 3702 de
3372 3658 3598 3708 auctore

2017 3738 2220 3784 nostra:
2288 3729 2565 3799 epistolae;
2636 3732 3091 3800 quemadmodum
3146 3750 3252 3789 non
3301 3751 3596 3807 possumus

2016 3837 2182 3884 nunc,
2213 3829 2336 3892 post
2362 3820 2674 3892 deperditos
2703 3830 2782 3875 tot
2810 3824 3111 3891 primorum
3146 3825 3367 3882 Patrum
3401 3831 3592 3898 libros,

2014 3912 2332 3968 memoriam
2374 3914 2522 3968 illius
2559 3928 2838 3978 accusare,
2875 3932 2997 3985 quae
3026 3925 3207 3973 tamen
3243 3935 3352 3974 non
3381 3938 3597 3993 semper

2015 4008 2120 4061 ﬁda
2145 4005 2390 4072 exstitit;
2424 4007 2495 4059 ita
2528 4022 2792 4076 negamus
2825 4007 2951 4062 inde
2978 4011 3261 4081 consequi,
3281 4025 3379 4079 pro
3399 4012 3594 4083 pseud-

2012 4099 2308 4172 epigrapha
2387 4100 2700 4153 necessario
2748 4099 3050 4154 habendam
3092 4103 3378 4171 epistolam
3417 4122 3431 4159 :
3465 4118 3592 4159 cum

2011 4190 2127 4243 ﬁeri
2170 4189 2424 4258 quiverit,
2455 4198 2511 4243 ut
2559 4204 2696 4259 opus
2743 4192 3038 4261 genuinum
3074 4193 3129 4245 in
3161 4196 3591 4250 controversiam

2007 4281 2237 4342 venerit,
2276 4286 2331 4334 et
2359 4294 2388 4332 a
2418 4281 2609 4350 primis
2645 4282 2905 4335 Ecclesiae
2934 4284 3298 4351 scriptoribus
3326 4300 3435 4338 non
3473 4285 3593 4340 fue-

2006 4372 2080 4425 rit
2122 4371 2476 4426 celebratmn.
2507 4371 2668 4426 Certe
2694 4387 2752 4425 ea
2781 4372 3068 4438 dubitatio,
3099 4389 3165 4428 ea
3191 4376 3448 4442 amissio,
3477 4392 3589 4431 non

2006 4462 2389 4518 deterruerunt
2411 4471 2688 4517 auctorem
2708 4457 2982 4516 Canonum
3003 4466 3431 4537 apostolicorum,
3460 4484 3585 4528 can.

2008 4557 2137 4620 ult.,
2163 4555 2524 4625 Epiphanium
2558 4556 2747 4610 haeresi
2777 4557 2866 4617 37,
2898 4571 2947 4611 c.
2980 4557 3035 4623 6,
3068 4558 3257 4613 hauesi
3288 4560 3377 4625 50,
3409 4576 3459 4616 c.
3497 4562 3587 4628 i5,

2005 4655 2061 4702 et
2092 4663 2215 4703 eum
2246 4647 2339 4716 qui
2362 4642 2583 4700 Librum
2607 4649 2964 4719 pontiﬁcalem
2993 4651 3321 4720 composuit,
3354 4668 3463 4722 quo
3486 4656 3592 4707 mi-
3623 4714 3627 4727 ε

2004 4757 2111 4796 nus
2153 4740 2221 4795 de
2261 4739 2619 4794 Clementinis
2650 4740 2915 4809 epistolis.
2947 4743 3175 4811 perinde
3214 4759 3278 4798 ac
3318 4745 3454 4801 nihil
3506 4747 3592 4801 in-

327 4835 453 4904 quis
487 4833 867 4903 reprobatam;
897 4832 1029 4887 dicit
1061 4829 1404 4885 solummodo
1436 4830 1736 4901 ignoratam
1768 4832 1905 4889 fuis-
1935 4803 1981 4861 Β
2007 4833 2307 4889 tercederet
2338 4835 2480 4886 inter
2508 4832 2627 4887 illas
2656 4832 3011 4896 discriminis.
3046 4836 3589 4906 loquerentur.Mit!o

328 4943 409 4988 se,
443 4927 498 4981 in
544 4925 897 4980 citationibus
944 4938 974 4977 a
1023 4923 1294 4978 veteribus
1344 4924 1795 4992 praetermissam,
1847 4926 1902 4981 in

2009 4926 2153 4980 enim
2184 4923 2465 4987 Niconem,
2495 4923 2563 4979 de
2608 4939 2716 4993 quo
2761 4924 2827 4978 ad
2878 4927 3179 4996 superioris
3215 4927 3471 4997 Epistolte
3495 4945 3589 4983 ca-

328 5022 553 5077 dubium
584 5026 870 5083 vocatam;
904 5015 1047 5069 unde
1077 5015 1265 5068 eodem
1296 5014 1399 5067 loci
1427 5022 1481 5070 et
1508 5016 1635 5071 alibi
1668 5017 1903 5086 priorem
2010 5024 2107 5085 put
2143 5014 2229 5068 M.
2261 5012 2373 5069 [mo
2406 5015 2549 5081 quod
2577 5015 2869 5069 admodum
2902 5020 3120 5083 mirere,
3140 5021 3191 5073 id
3217 5022 3284 5075 ab
3308 5023 3441 5089 ipsis
3462 5022 3589 5079 Hio-

323 5122 608 5184 nuncupat
634 5108 1589 5183 ὁμολογουμένην,ἁνωμολογημένην
1620 5110 1772 5181 παρὰ
1800 5112 1907 5163 πᾶ-

325 5225 432 5261 σιν.
450 5206 634 5276 Itaque
655 5200 929 5258 rectiusin
956 5198 1256 5268 Nicephoro
1274 5200 1365 5253 lib.
1385 5214 1535 5264 m,c.
1555 5201 1622 5255 18
1650 5201 1900 5264 habetur;

2010 5121 2239 5177 ronymo
2286 5103 2364 5160 ac‘
2397 5105 2591 5161 Photio
2642 5107 3007 5178 designatum,
3036 5113 3255 5181 quando
3283 5128 3437 5167 suam
3475 5133 3587 5175 non

2010 5196 2230 5251 Eusebii
2275 5208 2587 5267 proponunt
2620 5198 2966 5267 opinionem;
3016 5202 3105 5256 ille
3150 5202 3203 5255 in
3250 5203 3579 5263 volumine!

320 5298 433 5352 Καὶ
466 5298 598 5368 ἄλλη
643 5296 699 5348 δὲ
751 5290 918 5346 αὑτοῦ
951 5292 1172 5363 φέρεται
1201 5290 1477 5363 ἐπιστολὴ,
1507 5292 1608 5362 τῆς
1633 5293 1907 5364 προτέρας

2017 5290 2271 5345 adversus
2316 5289 2663 5344 Jovinianum
2717 5306 2839 5361 cap.
2919 5291 2971 5355 7,
3016 5292 3105 5346 hic
3146 5291 3201 5346 in
3280 5289 3584 5358 Myriobibli

324 5389 463 5445 κατὰ
512 5388 645 5440 πολὺ
696 5383 1016 5437 ἀποδέουσα·
1071 5382 1199 5453 περὶ
1243 5376 1312 5452 ἧς
1338 5382 1366 5433 ὁ
1397 5381 1558 5445 αὐτός
1609 5399 1772 5452 φησιν
1803 5384 1909 5436 Eii-

324 5481 522 5543 σὲἥιος,
563 5479 639 5551 μὴ
670 5480 729 5529 ἐν
758 5476 1038 5547 ἐπιστήμῃ
1064 5473 1266 5544 ταύτης
1302 5476 1430 5537 τοὺς
1456 5475 1716 5545 ἀρχαίους
1744 5469 1901 5529 εἶναι.

324 5572 589 5627 Maximus
644 5572 704 5625 in
766 5567 997 5637 Prologo
1027 5566 1095 5620 ad
1122 5565 1364 5638 Dionysii
1402 5582 1588 5637 opera,
1625 5581 1792 5636 agens
1839 5567 1905 5622 de

324 5662 576 5730 Eusebio,
604 5662 701 5717 καὶ
748 5657 858 5730 μὴν
887 5656 1010 5713 οὔτε
1036 5657 1337 5712 Παπαίνου
1383 5659 1510 5723 τοὺς
1566 5657 1761 5723 πόνους
1792 5657 1908 5712 ἀνέ-

2004 5397 2126 5451 cap.
2155 5382 2279 5437 126.
2333 5382 2641 5448 Quinetiam
2691 5389 2980 5451 utramque
3027 5382 3171 5437 inter
3217 5400 3389 5441 sacrte
3435 5387 3587 5442 Scri-

2005 5483 2181 5546 ptura:
2207 5475 2376 5530 libros
2406 5475 2710 5529 collocasse
2736 5474 2989 5529 videntur
3006 5477 3261 5535 Ecclesiae
3305 5481 3429 5545 illae.
3463 5499 3584 5552 qua:

2004 5566 2310 5621 canonibus
2339 5563 2655 5636 apostolicis
2685 5565 3037 5634 regebantur,
3068 5570 3271 5640 quique
3300 5586 3396 5626 eos
3423 5586 3587 5625 cano.

2004 5672 2104 5716 nes
2136 5658 2189 5713 in
2222 5657 2355 5714 Novi
2383 5658 2711 5715 Testamenti
2738 5659 3105 5722 voluminibus
3131 5670 3376 5720 recenset
3411 5661 3580 5720 Joan-
