4074 6286
492 284 553 342 Ἠ
1622 282 1712 333 AD
1754 280 1812 336 S.
1852 277 2277 337 CLEHENTEM
2319 280 2337 334 Ι
2376 279 2605 335 PAPAM
3675 278 3741 329 τε

490 413 590 454 nes
622 398 989 449 Damascenus
1018 393 1109 449 lib.
1151 408 1201 447 tv
1278 397 1600 453 Orthodom
1631 397 1757 466 ﬁdei
1807 405 1928 461 cap.
1975 390 2064 455 l8,
2096 407 2142 463 Α
2169 399 2411 459 ceperant
2443 394 2461 463 (
2494 406 2561 448 ex
2595 389 2849 450 Eusebio.
2875 388 3097 455 Ruﬁno,
3129 388 3460 460 Nicephoro,
3492 397 3660 460 atque
3686 405 3755 444 es

488 498 544 546 et
578 495 848 560 quotquot
895 486 1193 541 Bibliorum
1224 485 1509 541 codicibus
1538 485 1833 540 utebantur
1872 483 2067 539 simili-

488 583 595 638 bus
619 581 695 635 illi
727 577 962 642 Theclae,
985 593 1018 633 e
1040 592 1149 647 quo
1176 577 1297 631 dua:
1325 577 1443 632 ista:
1463 577 1705 647 epistola:
1728 576 2067 646 prodierunt.

490 671 719 727 Accedit
764 671 872 725 huc
899 670 1043 740 quod
1073 669 1274 724 eaedem
1308 670 1598 739 utrobique
1631 676 1894 739 apparent
1936 669 2075 722 anti-

490 763 718 834 quitatis
764 769 927 827 notae,
968 761 1155 815 eadem
1189 760 1461 814 interdum
1494 762 1659 814 verba
1689 769 2067 831 usurpantur;

442 858 445 863 '
490 871 592 911 nee
643 862 852 909 tantam
898 852 1269 908 diversitatem
1299 852 1457 907 habet
1487 839 1682 923 stylus,
1710 852 1842 921 quin
1882 853 1951 907 ab
1979 867 2075 907 eo-

489 947 611 1002 dem
668 946 935 1015 scriptore
982 944 1151 999 variis
1194 944 1534 1012 temporibus
1580 944 1923 1014 diversisque
1971 959 2072 1014 pro

490 1038 675 1093 causis
718 1036 849 1091 oriri
896 1036 1155 1105 potuerit.
1205 1033 1494 1105 Dionysius
1523 1042 1702 1089 autem
1751 1034 2071 1091 Corinthius

489 1128 739 1183 scribens
768 1126 832 1181 ad
862 1124 1139 1180 Romanos
1170 1125 1312 1195 apud
1340 1125 1633 1180 Eusebium
1665 1126 1760 1181 lib.
1794 1141 1868 1191 tv,
1897 1142 1950 1183 c.
1973 1128 2066 1191 25,

490 1219 612 1276 ideo
653 1219 816 1273 unius
858 1224 1069 1272 tantum
1116 1218 1359 1286 epistolae
1397 1216 1692 1272 Clementis
1739 1219 2068 1274 mentionem

492 1310 641 1374 facit,
672 1309 800 1379 quia
833 1309 1075 1379 loquitur
1106 1308 1175 1364 de
1216 1310 1413 1365 litteris
1443 1308 1812 1365 Romanorum
1854 1313 2073 1368 nomine

490 1404 633 1459 datis
679 1402 746 1456 ad
794 1404 1147 1466 Corinthios;
1202 1414 1253 1456 at
1298 1402 1571 1472 posterior
1594 1400 1911 1467 Clementis,
1943 1403 2069 1466 etsi,

491 1502 629 1549 teste
671 1493 888 1559 Photio,
920 1494 989 1549 ad
1029 1492 1346 1548 Corinthios
1387 1507 1605 1562 quoque
1646 1499 1798 1548 esset
1844 1494 2070 1562 scripta,

488 1600 600 1639 non
647 1595 827 1639 tamen
873 1586 1014 1640 sicut
1062 1587 1229 1654 prior,
1265 1583 1518 1639 Ecclesia:
1556 1583 1817 1639 Romana:
1847 1599 2069 1651 nomen,

490 1680 584 1735 sed
619 1678 849 1733 Romani
896 1678 1177 1733 Pontiﬁcis
1215 1677 1555 1747 praeferebat.
1586 1676 1863 1733 lndicatur
1892 1679 1944 1732 id
1975 1694 2070 1749 ap-

2173 499 2337 538 sensu
2368 483 2719 538 scribendum
2747 483 3033 555 receperat)
3051 483 3413 547 traditionem,
3435 484 3760 538 annuntian-

2173 585 2276 630 tent
2305 592 2466 629 unum
2496 575 2664 630 Deum
2689 577 3118 645 omnipotentem,
3143 576 3398 645 factorem
3427 575 3546 628 caeli
3573 584 3624 629 et
3654 585 3758 627 ter-

2172 682 2267 731 τω,
2285 666 2662 736 plasmatorem
2679 667 2929 730 hominis;
2945 668 3036 736 qui
3052 667 3325 721 induxerit
3345 670 3755 736 cataclysmum,

2170 764 2222 810 et
2274 756 2606 812 advocaverit
2652 756 2945 820 Abraham,
2977 760 3067 828 qui
3109 757 3352 813 eduxerit
3388 760 3644 830 populum
3695 756 3760 810 de

2173 855 2315 901 terra
2355 846 2603 917 «Egypti,
2646 848 2736 918 qui
2773 847 3066 904 collocutus
3102 851 3171 903 sit
3211 847 3420 920 Moysi,
3457 852 3548 920 qui
3590 850 3753 921 legem

2171 938 2512 1008 disposuerit,
2540 949 2589 994 et
2614 940 2897 1010 prophetas
2928 942 3150 1007 miserit,
3174 943 3263 1012 qui
3287 944 3457 1013 ignem
3477 957 3755 1011 praepara-

2174 1033 2303 1085 verit
2322 1030 2534 1086 diabolo
2556 1041 2604 1085 et
2635 1032 2837 1103 angelis
2863 1032 2999 1100 ejus.
3028 1032 3253 1088 Brevem
3280 1034 3752 1100 enumerationem

2174 1124 2439 1194 capitum,
2472 1126 2527 1180 in
2556 1126 2661 1181 hac
2690 1125 2952 1181 Ecclesiae
2981 1125 3242 1180 Romanae
3272 1126 3499 1196 epistola
3525 1134 3754 1181 conten-

2172 1219 2383 1279 torum,
2422 1223 2648 1270 sanctus
2679 1223 2887 1287 martyr
2920 1215 3177 1271 instituit.
3224 1214 3298 1269 Ea
3345 1221 3527 1269 autem
3568 1218 3751 1270 omnia

2173 1304 2353 1358 adhuc
2379 1305 2559 1375 legere
2587 1312 2702 1369 est,
2745 1314 2976 1376 excepto
3012 1306 3226 1369 ultimo,
3258 1303 3404 1375 quod
3431 1304 3597 1361 dubio
3624 1321 3739 1375 pro

2172 1393 2262 1449 cul
2308 1394 2504 1449 lacuna
2533 1395 2625 1449 illa
2651 1396 2795 1450 circa
2829 1395 2992 1451 linem
3023 1394 3309 1465 interiecta
3349 1397 3750 1466 complecteba-

2174 1491 2284 1540 tur.
2307 1483 2443 1550 Quis
2474 1499 2639 1555 porro
2666 1501 2775 1539 non
2804 1484 2984 1550 videt,
3018 1485 3109 1539 ubi
3147 1485 3287 1555 ignis
3315 1485 3532 1540 diabolo
3558 1497 3611 1541 et
3650 1502 3751 1541 ³η-

2170 1575 2308 1643 gelis
2333 1574 2454 1642 ejus
2492 1570 2828 1645 praeparatus
2878 1576 3305 1639 memorabatur,
3350 1576 3426 1631 ibi
3465 1578 3750 1634 commode

2174 1665 2420 1736 potuisse
2469 1666 2555 1736 agi
2602 1667 2670 1721 de
2714 1666 2903 1721 mundi
2942 1666 3068 1729 line,
3115 1681 3180 1722 ac
3224 1667 3293 1722 de
3333 1668 3622 1737 impiorum
3654 1684 3750 1739 per

490 1772 801 1841 pellatione,
848 1769 1061 1838 ἀδελφοί
1097 1786 1217 1839 μου,
1251 1783 1412 1838 quam
1461 1768 1513 1823 in
1558 1768 1797 1823 secunda
1841 1783 1953 1823 non
1983 1783 2068 1824 se-
2098 1761 2140 1818 Β
2169 1758 2578 1828 ignemjudicio
2607 1767 2740 1813 tunc
2768 1758 2981 1826 futuro;
3008 1758 3240 1829 ideoque
3259 1766 3313 1814 et
3350 1757 3570 1830 Sibyllae
3596 1775 3746 1815 meu—

489 1862 596 1916 mel
626 1863 856 1933 positam
888 1861 1153 1924 invenies,
1194 1874 1465 1930 nusquam
1499 1860 1554 1914 in
1584 1860 1787 1930 priore.

443 1953 447 1955 “
561 1951 763 2021 Objicit
810 1950 1050 2007 Jacobus
1099 1951 1377 2015 Usserius,
1409 1950 1797 2006 dissertatione
1839 1949 1907 2006 de
1935 1952 2071 2007 scri-

486 2043 597 2113 ptis
626 2042 838 2112 lgnatii,
865 2051 997 2106 etc.,
1030 2058 1151 2112 cap.
1186 2043 1254 2097 10
1285 2044 1351 2097 ad
1383 2045 1529 2097 hunc
1561 2042 1816 2097 modum:
1850 2042 2071 2113 Episto-

488 2135 539 2187 la
575 2133 736 2188 titulo
774 2134 1069 2190 Clementis
1116 2132 1184 2186 ad
1231 2132 1548 2188 Corinthios
1580 2141 1794 2196 ornata,
1827 2132 2072 2201 profere-

489 2226 582 2280 bat
601 2224 1081 2296 (quemadmodum
1144 2238 1209 2275 ea:
1227 2216 1616 2287 Quwstionibus
1638 2218 1709 2269 ad
1726 2220 2064 2288 orthodoaos,

485 2316 703 2375 Iustino
747 2317 966 2388 Martyri
1010 2315 1251 2377 tributis,
1278 2314 1449 2384 Resp.
1483 2315 1549 2369 ad
1577 2322 1771 2384 quaest.
1813 2313 1878 2369 Ἠ
1907 2314 2072 2368 ἰηιθικ

486 2411 712 2480 ligimus
733 2424 752 2482 )
784 2408 1027 2463 carmina
1062 2405 1347 2477 Sibyllina,
1381 2421 1503 2476 quae
1531 2406 1826 2460 Clementis
1856 2413 2060 2477 tempo-

485 2502 642 2558 ribus
690 2501 991 2570 posteriora
1037 2496 1286 2562 l‘uerunt;
1317 2497 1461 2553 unde
1488 2498 1763 2568 colligitur
1792 2514 1907 2553 eam
1933 2500 2071 2554 cita-

488 2596 696 2649 tionem
728 2606 853 2646 cum
887 2591 944 2645 in
971 2590 1154 2661 priore
1178 2590 1474 2644 Clementis
1516 2590 1745 2659 epistola
1790 2605 2065 2659 nusquam

488 2690 820 2754 compareat.
855 2682 921 2736 ad
951 2683 1178 2736 alteram
1207 2680 1399 2736 referri
1422 2682 1641 2744 debere,
1674 2697 1795 2752 qua:
1824 2682 2070 2749 ejusdem

488 2776 709 2831 nomine
744 2776 882 2829 l‘also
913 2774 1267 2829 inscribatnr.
1287 2771 1564 2827 Inﬁrmum
1595 2777 1755 2842 plane
1784 2788 2070 2843 argumen-

489 2874 624 2918 tum.
657 2863 797 2917 Audi
821 2864 984 2918 verba
1023 2861 1457 2935 pseudo—Justini
1494 2882 1505 2917 :
1538 2863 1602 2915 El
1649 2862 1749 2933 τῆς
1789 2863 2073 2934 παρούσης

488 2959 873 3021 καταστάσεως
918 2957 979 3009 τὸ
1026 2956 1177 3017 τέλος
1221 2957 1367 3009 ἐστὶν
1416 2958 1449 3026 ὴ
1499 2956 1585 3010 διὰ
1612 2957 1706 3009 τοῦ
1738 2957 1906 3027 πυρὸς
1951 2957 2074 3029 κρί-

492 3066 578 3113 σις
642 3050 750 3103 τῶν
806 3049 1013 3103 ἀσεϐῶν
1048 3088 1061 3112 ,
1136 3047 1280 3101 καθά
1344 3064 1506 3117 φασιν
1571 3049 1628 3101 αἱ
1675 3049 1882 3119 γραφαὶ
1938 3060 2072 3117 προ-

490 3100 711 3210 eritva
731 3100 794 3192 τε
811 3100 945 3193 vitai.
988 3100 1319 3202 ἀποστόλων,
1356 3100 1471 3192 ⁸ἔτι
1490 3100 1585 3192 Ϋδὲῗ
1611 3100 1724 3193 καέι⁸
1750 3100 1848 3210 ti};
1874 3100 2066 3192 72:63}?
2097 3100 2139 3159 C

488 3231 607 3301 λης,
642 3228 823 3293 καθώς
874 3246 1036 3300 φησιν
1082 3230 1110 3279 ὁ
1167 3230 1431 3300 μακάριος
1478 3229 1709 3301 Κλήμης
1753 3231 1810 3283 ὲν
1836 3232 1902 3301 τῇ
1933 3229 2069 3301 πρὸς

489 3319 811 3391 Κορινθίους
855 3320 1137 3390 ἐπιστολῇ,
1173 3327 1278 3374 etc.
1335 3318 1395 3375 Si
1441 3322 1712 3389 prwsentis
1749 3335 1921 3373 rerum
1956 3330 2069 3374 sta-

492 3424 575 3468 tus
604 3414 729 3482 ﬁnis
760 3421 839 3467 est
902 3413 1185 3480 impiorum
1228 3426 1321 3482 per
1368 3413 1537 3482 ignem
1574 3411 1878 3481 judicium,
1912 3419 2066 3480 prout

491 3486 756 3558 testantur
797 3502 1177 3571 prophetarum,
1218 3511 1266 3558 et
1301 3503 1659 3573 apostolorum
1706 3504 1927 3573 scripta,
1983 3513 2068 3558 at-

488 3612 587 3665 que
633 3596 847 3664 insuper
877 3594 1101 3665 Sibylla:
1124 3596 1309 3663 ipsius,
1352 3595 1790 3666 quemadmodum
1820 3597 1895 3649 ait
1944 3596 2068 3649 bea-

489 3699 576 3741 tus
625 3684 863 3742 Clemens
911 3688 966 3739 in
998 3685 1240 3755 Epistola
1290 3686 1360 3739 ad
1405 3684 1729 3750 Corinthios,
1780 3693 1886 3741 etc.
1935 3684 2067 3752 Qua:

489 3778 549 3834 in
612 3777 875 3833 Gallicam
929 3779 1168 3849 linguam
1214 3780 1291 3833 ita
1334 3781 1499 3834 vertit
1527 3778 1699 3834 David
1750 3777 2065 3833 Blondellus

490 3869 633 3925 libro
662 3872 839 3941 primo
885 3869 960 3925 De
1004 3871 1246 3942 Sibyllis,
1287 3886 1408 3941 cap.
1446 3871 1550 3936 20,
1604 3886 1667 3926 ac
1721 3871 1770 3927 si
1820 3871 2065 3943 legisset,

487 3960 547 4015 έν
574 3963 639 4032 τῇ
670 3959 863 4034 πρώτῃ
892 3961 1031 4033 πρὸς
1058 3962 1375 4033 Κορινθίους
1403 3961 1795 4035 ὲπιστολῇ.8θ(1
1824 3974 2064 4020 erratum

485 4059 573 4106 est
620 4052 968 4121 pr0perantis
1011 4053 1272 4119 hominis,
1305 4055 1642 4124 nimiumque
1686 4057 1949 4111 memoria
2002 4056 2066 4111 li-

485 4146 689 4201 dentis.
726 4145 913 4217 ltaque
942 4163 1067 4202 cum
1126 4147 1604 4219 pseudo-Justinus
1653 4151 1949 4221 generatim
1998 4153 2066 4209 de

483 4240 733 4310 epistolis
759 4241 1031 4311 loquatur,
1065 4247 1255 4294 neutra
1281 4248 1459 4297 autem
1488 4242 1556 4297 ad
1578 4258 1677 4299 nos
1704 4244 1913 4314 integra
1939 4259 2065 4314 per-

484 4333 716 4399 venerit,
749 4339 954 4388 temere
997 4334 1067 4388 ab
1118 4332 1339 4389 Usserio
1380 4343 1725 4390 asseveratur
1749 4351 1860 4399 res,
1899 4351 2061 4407 quam

2173 1851 2249 1905 tio
2273 1850 2425 1905 ﬁeri?

2238 1963 2331 2017 Ait
2361 1971 2545 2017 tamen
2568 1962 2653 2017 vir
2680 1962 2973 2032 perdoctus
2994 1978 3103 2018 non
3131 1964 3355 2019 licuisse
3378 1979 3476 2033 per
3493 1971 3746 2034 tempora

2172 2051 2439 2108 Clementi
2486 2067 2553 2106 ex
2603 2051 2884 2122 Sibyllinis
2931 2054 3301 2116 carminibus,
3378 2062 3567 2125 utpote
3630 2054 3751 2124 ipso

2172 2145 2590 2216 posterioribus,
2616 2145 2992 2199 testimonium
3022 2152 3231 2214 petere.
3262 2146 3375 2201 Hoc
3401 2147 3746 2217 probandum

2171 2243 2313 2297 erat,
2354 2251 2463 2291 non
2500 2235 2661 2292 modo
2691 2234 3026 2293 dicendum:
3057 2238 3203 2307 quod
3239 2239 3287 2292 si
3317 2248 3624 2305 constaret,
3659 2253 3750 2293 re-

2170 2328 2449 2399 quirerem
2493 2328 2874 2397 praedictarum
2917 2329 3292 2395 Quaestionum
3344 2331 3563 2385 codices
3605 2346 3746 2390 mss.

2172 2436 2301 2475 num
2317 2430 2415 2491 pro
2432 2418 2614 2483 καθώς
2628 2420 2892 2485 haberent
2903 2422 2995 2473 καὶ
3012 2421 3087 2485 ὡς
3106 2429 3199 2475 aut
3211 2422 3303 2474 καὶ
3317 2421 3518 2483 καθώς.
3541 2420 3745 2475 Verum

2173 2527 2338 2581 super
2369 2509 2649 2582 Sibyllinis
2682 2512 2934 2565 versibus
2964 2512 3305 2581 exploratum
3346 2526 3457 2567 non
3489 2511 3743 2577 habetur,

2172 2602 2392 2674 quando
2435 2602 2704 2672 coeperint
2743 2602 2886 2672 apud
2932 2600 3276 2658 Christianos
3320 2603 3583 2672 evulgari.
3628 2600 3748 2658 Sub

2172 2696 2437 2766 apostolis
2459 2711 2573 2751 rem
2601 2696 2897 2764 contigisse
2919 2695 3302 2764 persuaderet,
3327 2695 3470 2765 quod
3499 2711 3529 2749 a
3558 2695 3747 2751 multis

2172 2785 2433 2850 refertur,
2465 2787 2801 2841 Clementem
2832 2785 3260 2840 Alexandrinum
3292 2788 3344 2840 in
3361 2799 3414 2840 vn
3434 2786 3745 2841 Stromateo

2175 2877 2265 2945 (ι).
2289 2875 2425 2944 656)
2454 2877 2693 2930 recitare
2725 2875 2891 2930 verba
2919 2874 3074 2930 Pauli
3098 2877 3354 2947 apostoli,
3395 2874 3613 2931 Graecos
3643 2892 3743 2931 seu

2174 2960 2399 3030 gentiles
2451 2964 2775 3034 adSibyllaa
2819 2968 3042 3021 oracula
3084 2968 3466 3035 amandantis;
3510 2969 3617 3023 nisi
3649 2978 3744 3023 aut

2172 3055 2425 3112 Clemens
2469 3056 2706 3111 fabulam
2738 3072 2769 3111 a
2809 3059 3044 3128 quodam
3085 3061 3396 3132 apocrypha
3439 3062 3744 3131 sumpsisse

2170 3146 2278 3201 dici
2302 3155 2517 3217 posset;
2544 3154 2637 3201 aut
2665 3146 2849 3217 potius
2877 3148 3026 3202 illius
3056 3163 3276 3203 sensum
3301 3149 3611 3203 viderentur
3630 3166 3742 3206 non

2170 3239 2419 3309 attigisse
2440 3240 2690 3293 homines
2720 3239 2901 3307 docti;
2940 3255 3062 3309 quae
3088 3241 3308 3310 quidem
3354 3256 3472 3294 mea
3507 3251 3592 3296 est
3621 3243 3742 3314 opi~

2170 3332 2280 3383 nio.
2302 3328 2378 3383 Eo
2404 3330 2603 3399 quippe
2627 3330 2730 3383 loci
2762 3338 3050 3400 postquam
3080 3350 3153 3395 ex,
3166 3332 3308 3387 Petri
3336 3335 3739 3401 praedicatione,

2171 3421 2312 3475 libro
2329 3430 2479 3476 extra
2491 3436 2757 3477 canonem
2787 3424 2985 3493 posito,
3010 3421 3295 3475 aﬂirmavit
3307 3423 3335 3474 ὁ
3350 3421 3737 3493 Στρωματεὺς,

2167 3510 2393 3581 Graecis,
2428 3521 2487 3567 ut
2516 3512 2684 3569 Deum
2710 3515 2956 3569 colerent
2983 3521 3038 3567 et
3059 3513 3232 3584 gloria
3263 3514 3570 3577 abicerent,
3604 3529 3740 3569 con-

2166 3618 2381 3659 cessam
2424 3604 2599 3659 fuisse
2639 3604 3067 3674 philosophiam,
3099 3603 3556 3674 quemadmodum
3595 3620 3715 3659 eam

2168 3696 2292 3751 dem
2327 3697 2398 3751 ob
2424 3711 2648 3751 causam
2681 3704 2974 3766 utrumque
3010 3693 3421 3749 Testamentum
3451 3692 3653 3751 Iudaeis
3684 3704 3738 3750 et

2165 3781 2527 3848 Christianis;
2580 3782 2685 3835 ista
2714 3782 2878 3851 paulo
2907 3781 3225 3836 obscuriora
3280 3781 3501 3851 subjicit
3538 3799 3552 3836 :
3591 3782 3738 3835 Ἐπὶ

2165 3879 2246 3931 ὅτι
2315 3877 2563 3949 καθάπερ
2666 3878 2947 3940 Ἰουδαίους
3036 3876 3301 3942 σώζεσθαι
3385 3873 3632 3927 ἐϐούλετο
3706 3874 3737 3927 ό

2166 3966 2317 4031 Θεὸς,
2363 3969 2489 4030 τοὺς
2521 3968 2806 4038 προφήτας
2850 3966 3055 4030 διδοὺς,
3098 3965 3270 4028 οὕτως
3318 3964 3413 4019 καὶ
3471 3963 3736 4035 Ἑλλήνων

2164 4060 2289 4122 τοὺς
2318 4059 2741 4129 δοκιμωτάτους,
2772 4057 3002 4119 οἰκείους
3030 4055 3208 4109 αὐτῶν
3234 4058 3301 4127 τῇ
3321 4054 3580 4124 διαλέκτῳ
3600 4069 3735 4124 προ-

2166 4152 2341 4222 φήτας
2360 4151 2690 4220 ἀναστήσας,
2707 4151 2784 4212 ὡς
2810 4145 2911 4203 οἷοί
2938 4165 2997 4201 τε
3024 4145 3164 4220 ἦσαν
3190 4146 3437 4218 δέχεσθαι
3463 4145 3559 4216 τὴν
3581 4144 3734 4216 παρὰ

2153 4240 2289 4299 Θεοῦ
2318 4242 2656 4314 εὐεργεσίαν,
2704 4242 2810 4295 τῶν
2842 4241 3074 4313 χυδαίων
3119 4239 3418 4311 ἀνθρώπων
3444 4238 3729 4308 διέκρινεν,

2160 4332 2389 4403 δηλώσει
2418 4333 2555 4405 πρὸς
2604 4327 2683 4400 τῷ
2711 4324 3328 4400 Πέτρουικηρύγματι,
3369 4330 3399 4381 ό
3435 4328 3731 4391 ἀπόστολος

486 4423 638 4476 nullo
664 4423 825 4477 modo
862 4425 1037 4494 potuit
1086 4427 1313 4482 rescire.
1345 4424 1600 4492 Quinimo
1627 4427 1675 4482 si
1708 4427 2060 4483 divinationi-

2167 4423 2334 4492 λέγων
2377 4423 2607 4486 Παῦλος.
2628 4420 2835 4476 Λάϐετε
2881 4424 2976 4476 καὶ
3017 4423 3116 4485 τὰς
3155 4419 3466 4491 Ἑλληνικὰς
3496 4418 3728 4489 βίϐλους,

486 4512 590 4568 bus
619 4512 899 4582 indulgere
947 4515 1126 4576 liceat.
1158 4516 1483 4571 crediderim
1517 4516 1571 4571 in
1602 4519 1790 4588 prima:
1818 4519 2063 4588 epistolae

488 4590 682 4658 lacuna
715 4604 779 4657 ad
822 4619 881 4659 c..
902 4604 970 4658 57
1000 4605 1197 4659 factam
1242 4606 1462 4678 Sibylla:
1505 4610 1853 4665 mentionem.
1884 4609 2062 4680 Atque

486 4692 820 4763 conjecturae
874 4692 1100 4745 fundum
1156 4701 1212 4748 et
1266 4706 1543 4751 auctorem
1586 4698 1657 4752 do
1705 4696 1766 4755 S.
1800 4697 2060 4755 Irenaeum

487 4782 584 4838 lib.
619 4797 679 4836 tu
715 4779 977 4834 Adversus
993 4780 1232 4849 haereses,
1292 4799 1413 4855 cap.
1439 4787 1494 4851 5,
1526 4788 1616 4841 ubi
1643 4787 1745 4843 hoc
1766 4798 1925 4858 pacto
1948 4791 2061 4845 dis-

486 4875 620 4930 serit
653 4893 665 4927 :
700 4872 808 4929 Sub
839 4873 935 4927 hoc
964 4873 1126 4943 igitur
1146 4873 1431 4940 Clemente,
1461 4877 1788 4935 dissensione
1815 4898 1918 4935 non
1950 4898 2061 4935 mo-

483 4967 608 5024 dica
634 4969 770 5021 inter
794 4984 882 5022 eos
913 4968 1001 5036 qui
1030 4966 1271 5023 Corinthi
1299 4979 1469 5024 essent
1502 4971 1697 5039 fratres
1727 4973 1900 5043 facta,
1928 4976 2062 5028 scri-

483 5059 592 5128 psit
640 5075 755 5128 quae
797 5068 875 5112 est
906 5056 1086 5113 Romae
1121 5058 1362 5113 Ecclesia
1409 5061 1802 5129 potentissimas
1856 5064 2061 5119 litteras

487 5147 798 5214 Corinthiis,
837 5150 906 5204 ad
932 5166 1113 5219 pacem
1143 5167 1229 5205 eos
1256 5167 1597 5223 congregans,
1629 5162 1679 5207 et
1705 5170 1961 5222 reparans
1994 5156 2061 5223 ﬁ-

486 5238 604 5291 dem
628 5256 830 5303 eorunt,
859 5249 908 5294 et
942 5241 1262 5295 annuntians
1294 5244 1311 5311 (
1335 5242 1657 5297 annuntians
1704 5245 1976 5299 omittitur
2003 5246 2058 5302 in

486 5327 677 5383 Graeco
722 5331 865 5400 apud
912 5330 1207 5388 Eusebium
1237 5334 1332 5388 lib.
1367 5350 1417 5396 v,
1450 5349 1570 5404 cap.
1598 5334 1664 5401 6;
1709 5344 1764 5390 et
1790 5336 2059 5410 Nicepho-

488 5434 611 5474 rum
654 5421 747 5476 lib.
783 5439 857 5487 tv,
884 5439 1006 5493 cap.
1042 5426 1127 5491 15,
1161 5426 1301 5483 forte
1344 5425 1416 5481 ob
1451 5426 1858 5485 similitudinem
1889 5433 2061 5502 parti-

487 5510 753 5580 cipiorum
781 5513 1078 5569 ἀνανεοῦσα
1106 5527 1161 5573 et
1188 5518 1611 5588 ἁναγγέλλουσα.
1651 5518 1787 5575 Nam
1827 5521 2055 5581 Ruﬁnus

488 5601 703 5657 videtur
730 5604 834 5657 hoc
860 5622 1076 5676 quoque
1115 5611 1169 5663 in
1210 5610 1445 5667 Eusebio
1480 5612 1696 5683 legisse,
1726 5613 1852 5667 dum
1886 5616 2054 5671 inter-

489 5695 731 5756 pretatur
757 5691 1074 5764 exprimens)
1099 5711 1256 5765 quam
1286 5698 1340 5752 in
1371 5699 1563 5754 recenti
1594 5697 1657 5753 ab
1683 5701 1934 5768 apostolis
1965 5718 2048 5757 re-

2166 4517 2431 4584 ὲπίγνωτε
2475 4514 2732 4568 Σίϐυλλαν
2752 4554 2766 4579 ,
2797 4515 2873 4578 ὡς
2899 4514 3051 4584 δηλοῖ
3076 4513 3170 4566 ἕνα
3190 4513 3319 4569 Θεὸν
3350 4513 3444 4565 καὶ
3483 4510 3552 4564 τὰ
3603 4509 3731 4579 μέλ-

2163 4607 2323 4660 λοντα
2350 4605 2589 4658 ἔσεσθαν
2622 4606 2717 4659 καὶ
2742 4605 2833 4659 τὸν
2868 4604 3179 4671 ’Υστάσπην
3205 4602 3458 4664 λαϐόντες
3484 4601 3730 4667 ἀνάγνω-

2161 4716 2242 4762 τε,
2271 4700 2366 4753 καὶ
2394 4699 2653 4769 εὑρήσετε
2682 4695 2861 4763 πολλῷ
2890 4695 3315 4766 τηλαυγέστερον
3343 4693 3435 4746 καὶ
3466 4692 3730 4760 σαφέστε-

2164 4809 2257 4863 ρον
2286 4789 2668 4862 γεγραμμένον
2696 4787 2786 4841 τὸν
2805 4787 2927 4840 Υἱὸν
2966 4784 3060 4839 τοῦ
3099 4783 3255 4847 Θεοῦ,
3293 4785 3386 4837 καὶ
3418 4782 3601 4846 καθὼς
3631 4800 3729 4835 πα-

2164 4880 2386 4952 ράταξιν
2414 4882 2702 4951 ποιήσουσι
2729 4876 2807 4948 τῷ
2834 4876 3055 4947 Χριστῷ
3110 4875 3294 4928 πολλοὶ
3349 4873 3585 4945 βασιλεῖς
3647 4892 3729 4944 μι-

2164 4976 2383 5040 σοῦντες
2410 4976 2595 5040 αὑτὸν,
2626 4973 2721 5028 καὶ
2749 4974 2872 5035 τοὺς
2901 4970 3201 5042 φοροῦντας
3243 4969 3303 5021 τὸ
3331 4968 3501 5039 ὄνομα
3531 4968 3724 5031 αὑτοῦ,

2162 5067 2255 5119 καὶ
2287 5066 2415 5129 τοὺς
2445 5066 2671 5128 πιστοὺς
2699 5061 2890 5125 αὑτοῦ,
2920 5063 3014 5114 καὶ
3039 5060 3136 5132 τὴν
3179 5058 3474 5130 ὑπομονὴν,
3506 5059 3601 5112 καὶ
3629 5059 3727 5130 τὴν

2159 5156 2462 5227 παρουσίαν
2492 5153 2678 5208 αὑτοῦ.
2711 5147 2845 5206 Εἶτα
2891 5152 2970 5205 ἑνὶ
3013 5150 3154 5221 λόγῳ
3194 5150 3517 5203 πυνθάνεται
3546 5150 3724 5220 ἡμῶν·

2160 5242 2319 5313 ’Ὀλος
2332 5247 2389 5303 δὲ
2403 5250 2430 5301 ό
2447 5248 2651 5319 κόσμος
2665 5243 2844 5298 καὶτὰ
2866 5244 2927 5296 ὲν
2945 5242 3023 5314 τῷ
3042 5244 3250 5313 κόσμῳ,
3266 5243 3410 5305 τίνος
3430 5259 3444 5307 ;
3474 5242 3593 5312 οὐχὶ
3630 5242 3725 5296 τοῦ

2157 5336 2292 5391 Θεοῦ
2308 5355 2322 5402 ;
2341 5335 2470 5401 Qum
2486 5338 2649 5391 verba
2666 5337 2745 5390 sic
2761 5336 3058 5406 accipiunt,
3076 5336 3232 5404 quasi
3261 5333 3473 5398 λάϐετε,
3489 5344 3621 5395 etc.,
3655 5334 3726 5387 sit

2164 5428 2409 5498 Apostoli
2436 5428 2763 5483 exhortatio.
2796 5430 2865 5480 At
2892 5441 2992 5496 ego
3018 5426 3138 5491 illa,
3178 5428 3206 5478 ὁ
3235 5424 3528 5488 ἀπόστολος
3552 5424 3725 5492 λέγων

2155 5517 2509 5582 Παῦλος,ηοη
2535 5517 2715 5573 refero
2737 5518 2803 5572 ad
2824 5518 3213 5587 consequentia
3238 5516 3450 5581 λάϐετε,
3472 5525 3603 5579 etc.,
3625 5516 3723 5570 sed

2155 5611 2221 5665 ad
2235 5610 2614 5679 praecedentia,
2632 5611 2864 5673 οἰκείους
2881 5609 3059 5664 αὐτῶν
3072 5611 3137 5681 τῇ
3159 5609 3420 5681 διαλέκτῳ
3438 5609 3737 5681 προφήτας,

2156 5716 2252 5767 seu
2267 5701 2332 5755 ad
2347 5700 2676 5756 versiculum
2694 5700 2761 5756 12
2795 5701 2990 5773 capitis
3010 5719 3026 5758 ι
3045 5701 3297 5770 Epistula:
3309 5701 3374 5755 ad
3385 5700 3587 5766 Titum,
3602 5695 3722 5752 εἶπέ
