4076 6280
356 307 428 363 73
1577 305 1916 363 PROQ-33M
1956 303 2339 363 VMUORUI.
3495 306 3566 364 τι

348 439 438 487 τις
462 419 528 486 ἐξ
549 418 726 475 αὐτῶν
758 420 887 485 ἴδιος
914 420 1096 477 αὐτῶν
1122 421 1439 495 προφήτηςς
1469 428 1524 476 et
1542 419 1753 484 λάϐετε,
1773 428 1905 483 etc.,

2007 431 2114 490 que
2144 418 2469 479 multorum,
2502 431 2698 473 versus
2726 415 3001 488 Sibyllina
3013 416 3363 475 Colleetlonl's
3384 418 3480 474 lib.
3514 435 3566 483 ι.

352 513 653 571 Clementis
687 527 812 569 esse
848 514 1106 578 arbitror,
1154 530 1262 570 non
1304 513 1498 567 Pauli:
1528 520 1642 566 tum
1672 513 1818 582 quod
1853 513 1911 566 in

354 607 469 662 line
491 605 706 669 dicitur,
719 598 839 657 εἶτα
855 604 936 657 ἑνὶ
950 603 1113 675 λόγῳ,
1129 614 1233 659 etc.
1260 602 1635 659 Prwdicationi
1652 600 1798 657 Petri
1813 604 1913 658 tri-

357 698 491 761 buo,
512 710 631 751 cum
655 692 816 764 cujus
844 694 1035 751 ultimo
1058 709 1309 751 sermone
1336 696 1497 766 paulo
1523 702 1648 748 ante
1672 709 1768 763 per
1790 693 1912 749 Cleo

358 795 595 843 mentem
629 786 850 841 laudato
885 786 1141 842 convenit
1169 776 1392 856 optime.
1424 783 1693 852 Quocirca
1722 792 1908 842 verto:

356 878 789 949 Quandoquidem
828 878 967 949 quod
1001 880 1135 933 sicut
1161 876 1375 933 Judwos
1413 876 1553 931 Deus
1594 877 1765 931 salvos
1802 892 1913 931 esse

352 972 536 1035 voluit,
569 970 703 1026 dans
732 970 806 1026 eis
833 969 1129 1039 praphetas,
1162 970 1239 1024 ita
1260 969 1421 1023 etiam
1455 965 1752 1023 Grmcorum
1786 983 1910 1037 pro-

351 1063 687 1127 batissimos,
712 1065 948 1133 proprios
979 1078 1089 1118 sua:
1121 1060 1311 1134 lingua:
1335 1062 1609 1133 prophetas
1644 1064 1908 1125 excitam,

350 1165 506 1223 prout
527 1163 767 1222 poterant
791 1169 971 1221 capere
993 1152 1088 1208 Dei
1115 1153 1523 1223 beneﬁcentiam,
1544 1172 1576 1208 a
1597 1153 1784 1208 vilibus
1804 1154 1913 1208 vul-

349 1245 662 1315 garibusque
706 1244 1000 1299 hominibus
1040 1246 1339 1307 secreverit,
1380 1245 1689 1309 declarabit,
1724 1256 1913 1315 prreter

346 1334 497 1393 Petri
519 1334 974 1404 praedicationem,
999 1336 1086 1407 qui
1119 1335 1214 1390 hoc
1241 1335 1367 1390 dicit
1390 1337 1655 1405 apostolus
1686 1336 1909 1392 Paulus.

354 1425 544 1482 Libros
582 1443 782 1498 quoque
811 1425 1016 1482 Crmcos
1058 1428 1274 1491 sumite;
1314 1428 1577 1498 agnoscite
1618 1428 1907 1498 Sibyllam,

349 1533 454 1587 qua
488 1517 639 1572 modo
664 1534 825 1571 unum
866 1518 1031 1572 Deum
1064 1519 1381 1587 manifestet,
1413 1527 1462 1572 et
1499 1534 1560 1572 ea
1589 1533 1702 1589 qua:
1729 1519 1913 1589 futura

349 1617 517 1661 sunt:
537 1618 802 1678 sumptum
831 1610 987 1663 etiam
1015 1608 1328 1679 Hystaspem
1352 1608 1524 1679 legite,
1559 1618 1609 1664 et
1644 1610 1910 1666 invenietis

352 1694 453 1750 Dei
483 1696 680 1751 Filium
710 1698 874 1752 multo
901 1699 1096 1752 clarius
1124 1699 1454 1768 apertiusque
1489 1715 1601 1755 esse
1627 1702 1907 1770 scriptum,

348 1796 509 1855 utque
532 1789 685 1842 multi
706 1805 846 1859 reges
875 1789 1118 1844 adversus
1149 1788 1416 1845 Christum
1445 1792 1608 1847 aciem
1628 1792 1909 1857 instruent,

347 1878 469 1931 odio
493 1878 735 1935 habentes
758 1889 865 1935 tum
893 1881 1063 1945 illum,
1094 1891 1203 1936 tum
1228 1899 1315 1937 eos
1342 1885 1430 1954 qui
1456 1900 1641 1938 nomen
1679 1882 1792 1952 ejus
1824 1899 1911 1954 ge-

346 1982 519 2035 stant,
546 1983 597 2026 et
622 1973 734 2041 ejus
757 1972 936 2041 ﬁdeles
956 2012 972 2037 ,
999 1974 1242 2045 illiusque
1266 1976 1597 2029 tolerantiam
1633 1984 1785 2045 atque
1815 1975 1913 2029 ad-

346 2073 578 2117 ventum.
611 2062 807 2117 Deinde
839 2080 940 2117 uno
967 2064 1118 2119 uerbo
1139 2065 1266 2135 (seu
1302 2080 1409 2120 una
1446 2066 1678 2134 ratione)
1702 2082 1795 2121 nos
1829 2067 1913 2120 in-

351 2160 612 2221 terrogat:
631 2153 792 2206 Totus
814 2162 984 2208 autem
1009 2154 1253 2218 mundus,
1274 2164 1324 2210 et
1342 2173 1457 2227 qua:
1475 2166 1597 2211 sunt
1620 2157 1675 2210 in
1694 2156 1907 2221 mundo,

348 2242 500 2310 cujus
520 2238 680 2299 iunt.’
703 2241 893 2296 Nonne
914 2243 1047 2299 Dei?
1073 2244 1164 2298 Sic
1194 2244 1420 2314 pulchre
1445 2245 1623 2301 omnia
1654 2246 1755 2299 sibi
1780 2260 1913 2299 con-

349 2340 518 2396 stant,
537 2333 695 2388 aliter
718 2333 1081 2403 impeditiora.
1105 2334 1256 2391 Adde
1276 2334 1419 2405 quod
1440 2335 1529 2389 vix
1558 2336 1611 2391 in
1637 2342 1752 2389 toto
1777 2335 1903 2391 Cle-

349 2431 533 2477 mente
571 2423 812 2479 invenias
835 2423 1036 2493 aliquid
1070 2426 1360 2495 apocryphi
1383 2426 1672 2495 prolatum.
1692 2425 1910 2480 nomine

346 2512 636 2577 duntaxat,
664 2512 925 2576 auctoris,
950 2527 1056 2566 non
1088 2512 1368 2582 praemisso
1392 2514 1574 2584 operis
1602 2514 1778 2580 titulo,
1800 2530 1908 2569 non

348 2605 568 2672 adjecta
596 2603 863 2667 dictione,
896 2620 1015 2674 qua:
1043 2605 1202 2674 quale
1239 2605 1309 2660 sit
1345 2606 1604 2676 scriptum
1647 2604 1906 2661 declaret.

344 2694 592 2765 Legatur
643 2701 757 2749 tota
815 2695 1165 2750 Alexandrini
1217 2696 1546 2768 disputatio;
1596 2697 1910 2753 conferatur

349 2802 479 2842 cum
511 2788 579 2841 iis
603 2802 723 2856 qua:
748 2786 801 2840 in
826 2784 1128 2843 Stromateo
1170 2805 1189 2844 ι
1218 2789 1471 2844 edisserit
1504 2789 1570 2845 de
1598 2788 1908 2845 Grzecoruns

347 2880 719 2950 sapientibus,
765 2882 1065 2951 praesertim
1106 2896 1228 2953 pag.
1262 2881 1397 2946 299,
1449 2881 1539 2937 ubi
1574 2882 1751 2938 locum
1780 2882 1907 2953 Epi-

348 2973 508 3030 stolas
534 2973 602 3028 ad
622 2971 801 3027 Titum
832 2972 1089 3028 adducit:
1120 2972 1343 3029 Conﬁdo
1379 2971 1493 3030 fore
1548 2980 1609 3028 ut
1652 2988 1769 3029 mea
1798 2989 1906 3028 non

2014 520 2071 565 et
2096 511 2192 566 lib.
2219 525 2282 564 ιιι
2315 508 2383 564 de
2415 506 2618 578 Sibylla
2640 507 2753 564 Noe
2773 519 3084 576 eotetanea;
3126 512 3568 583 quandoquidem

2011 614 2077 656 ex
2128 601 2343 655 illorum
2382 595 2604 653 Patrum
2649 600 3019 670 professione,
3071 602 3220 657 nulla
3263 617 3296 658 e
3345 602 3568 676 Sibyllis

2012 693 2212 749 Mosem
2237 695 2562 766 antiquitate
2583 696 2881 767 superavit.
2913 694 2993 748 Ex
3022 695 3218 764 quibus
3250 696 3569 767 intelligitur

2012 795 2119 837 non
2152 799 2319 838 unum
2350 794 2564 855 poetam
2608 784 2868 856 Sibyllam
2912 797 2971 839 se
3004 798 3129 840 esse
3172 783 3427 850 ﬁnxisse,
3473 789 3568 843 sed

2012 875 2217 944 plures,
2247 877 2464 933 diverso
2494 884 2757 947 tempore,
2793 890 3024 946 quorum
3052 890 3244 933 versus
3272 874 3567 947 disiectos,

2013 980 2178 1020 unum
2209 966 2263 1020 in
2300 982 2499 1036 corpus
2528 968 2943 1024 consarcinator
2965 978 3208 1026 incertus
3241 970 3419 1026 multo
3445 978 3571 1043 post

2010 1054 2241 1112 denatos
2262 1060 2536 1128 apostolos
2565 1061 2915 1131 compegerit.

2081 1145 2236 1211 Quod
2256 1159 2435 1203 autem
2454 1163 2483 1202 a
2506 1149 2751 1219 pluribus
2774 1151 3137 1217 existimatur,
3166 1151 3344 1222 primo
3366 1156 3569 1212 mulo

2011 1248 2075 1289 ac
2106 1236 2370 1307 principio
2408 1240 2633 1295 secundi
2681 1238 2939 1312 Sibyllam
2993 1256 3023 1295 ιι
3065 1242 3395 1299 Christianis
3427 1247 3565 1301 scri-

2011 1327 2259 1396 ptoribus
2273 1329 2431 1384 citari
2447 1331 2777 1401 nequivisse,
2806 1331 2861 1387 id
2882 1348 3012 1389 vero
3032 1349 3133 1404 ego
3154 1335 3387 1399 iuficior,
3406 1337 3571 1391 ratio-

2012 1418 2174 1475 nibus
2202 1420 2465 1476 adductus
2493 1437 2601 1476 non
2628 1424 2834 1491 paucis.
2863 1425 3148 1490 Quoniam,
3179 1428 3383 1484 scilicet
3406 1471 3421 1497 ,
3446 1445 3566 1500 gra—

2010 1504 2084 1557 tis
2116 1519 2181 1558 ac
2207 1506 2327 1561 sine
2353 1506 2700 1563 fundamento
2730 1510 2863 1565 illud
2890 1514 3178 1569 asseritur.
3203 1514 3410 1571 Deinde
3438 1518 3568 1587 quia

2014 1597 2316 1655 viventibus
2337 1601 2621 1670 apostolis.
2636 1616 2700 1655 ac
2721 1602 2868 1658 Luca
2896 1605 3168 1661 scribente
3192 1606 3566 1679 Evangelium.

2012 1689 2181 1742 multa
2218 1691 2523 1761 apocrypha
2564 1700 2617 1747 et
2645 1695 3104 1766 pseudepigrapha
3135 1698 3299 1754 otiosi
3334 1708 3571 1755 temera-

2014 1779 2191 1849 riique
2216 1781 2461 1838 homines
2492 1782 2748 1850 edebant,
2780 1786 2955 1856 inquit
2981 1787 3266 1860 Origenes,
3306 1791 3495 1848 homil.
3537 1795 3561 1847 l

2008 1870 2068 1925 in
2096 1868 2313 1934 Lucam,
2337 1889 2569 1945 eumque
2592 1877 2890 1945 smpissime
2911 1893 3150 1949 sequens
3180 1881 3564 1956 Hieronymus,

2004 1963 2266 2019 Prommio
2280 1963 2796 2023 Commentariorum
2812 1984 2976 2041 super
2986 1971 3289 2027 Matthautm
3301 2014 3315 2035 .
3333 1991 3435 2031 nec
3455 1993 3564 2032 non

2012 2052 2188 2118 Titus,
2219 2056 2567 2124 Ambrosius,
2600 2058 2770 2126 Beda,
2832 2059 3173 2134 Euthymius,
3220 2065 3568 2141 Theophyla-

2009 2152 2153 2209 etus,
2173 2145 2237 2200 ad
2254 2149 2486 2216 primum
2514 2166 2732 2206 versum
2777 2152 3056 2225 Evangelii
3085 2157 3276 2215 Lucae:
3296 2162 3485 2231 quidni
3512 2172 3566 2218 et

2009 2235 2065 2289 in
2096 2235 2201 2291 illis
2238 2238 2481 2305 quaedam
2523 2238 2788 2311 Sibyllino
2819 2246 3074 2301 nomine?
3095 2248 3175 2303 Ad
3212 2250 3327 2306 haec
3355 2260 3564 2309 certum

2008 2333 2094 2379 est
2126 2342 2191 2381 ex
2223 2325 2499 2394 Varrone,
2536 2330 2827 2396 Cicerone,
2861 2334 3074 2402 Tacito,
3111 2338 3405 2407 Suetonio,
3437 2344 3566 2399 Plu-

2007 2419 2227 2482 tarcho.
2274 2422 2441 2475 multa
2481 2438 2616 2479 vana
2661 2433 2717 2480 et
2759 2430 3104 2498 supposititia
3148 2433 3288 2489 inter
3325 2451 3565 2507 paganos

2009 2512 2168 2581 quasi
2208 2510 2467 2584 Sibyllina
2506 2514 2677 2572 fuisse
2729 2518 3077 2585 circumlata,
3119 2533 3245 2579 ante
3285 2532 3339 2581 et
3380 2528 3562 2582 statim

2007 2613 2132 2674 post
2160 2605 2456 2674 primordia
2488 2619 2688 2666 nostra:
2714 2613 2994 2683 religionis
3020 2635 3031 2670 :
3067 2616 3165 2671 hoc
3188 2621 3436 2691 exemplo
3466 2634 3564 2678 cur

2009 2711 2117 2749 non
2151 2698 2290 2753 idem
2333 2702 2574 2755 evenerit
2603 2705 2745 2772 apud
2790 2707 2929 2761 nos?
2956 2706 3145 2778 Adjice
3184 2709 3274 2767 his
3315 2713 3565 2769 testimo-

2010 2784 2162 2838 nium
2192 2785 2403 2844 Herma:
2426 2790 2499 2846 lib
2526 2807 2565 2853 ι,
2590 2793 2690 2847 vis.
2720 2796 2775 2856 2,
2794 2809 2913 2865 cap.
2935 2797 2999 2860 4,
3027 2815 3253 2870 qumque
3279 2802 3350 2857 ibi
3389 2804 3560 2859 adno-

2006 2878 2189 2931 tabam
2211 2879 2277 2934 de
2300 2878 2496 2951 insigni
2522 2882 2630 2937 isto
2654 2883 2773 2938 loco
2802 2883 3022 2956 Iosephi
3051 2888 3557 2961 Antiquit.Judaic.,

2006 2966 2101 3025 lib.
2134 2979 2182 3038 ι,
2198 2984 2320 3041 cap.
2345 2973 2412 3027 5:
2444 2973 2577 3044 Περὶ
2610 2974 2666 3027 δὲ
2709 2972 2803 3027 τοῦ
2854 2975 3061 3049 πύργου
3112 2980 3299 3035 τούτου
3344 2983 3565 3055 καὶτῆς

348 3064 689 3135 improbetur
714 3063 1111 3134 interpretatio.
1135 3062 1275 3119 Nihil
1306 3078 1434 3136 ergo
1461 3064 1781 3134 adjuvantur
1804 3063 1905 3119 hoc

2005 3061 2341 3136 ἀλλοφωνίας
2364 3064 2473 3117 τῶν
2517 3063 2837 3137 ἀνθρώπων,
2869 3069 3136 3141 μέμνηται
3176 3073 3269 3126 καὶ
3299 3074 3523 3129 Σίϐυλλα
3546 3112 3564 3141 ,

350 3161 690 3222 testimonio,
716 3158 783 3214 ad
815 3157 1249 3229 investigandum
1278 3155 1421 3228 quod
1441 3155 1737 3226 quaerimus
1764 3162 1902 3210 tem-

405 3267 476 3308 IS.

348 3266 537 3395 Nam
580 3353 713 3395 vero
744 3339 792 3395 si
834 3346 1025 3412 agatur
1062 3336 1129 3394 de
1172 3335 1560 3409 Sibyllinorum
1598 3336 1902 3393 carminum

349 3432 559 3503 Sylloge
586 3445 693 3500 qua
724 3429 886 3485 hodie
917 3429 1140 3492 utimur,
1176 3441 1273 3498 pro
1310 3435 1459 3482 certo
1489 3426 1672 3482 haberi
1710 3427 1865 3481 debet
1885 3465 1900 3488 ,

349 3523 497 3593 quod
526 3537 555 3575 a
586 3523 772 3578 multis
812 3520 1089 3576 evidenter
1125 3518 1223 3575 fuit
1250 3518 1556 3591 probatum,
1586 3533 1703 3575 eam
1735 3518 1905 3572 multo

353 3620 481 3676 post
524 3613 823 3683 apostolica
870 3619 1113 3682 tempora
1163 3611 1338 3665 lucem
1379 3608 1600 3664 vidisse.
1650 3608 1901 3663 Nonnulli

348 3720 485 3760 sane
513 3703 567 3757 in
591 3720 653 3759 ea
678 3718 869 3758 versus
894 3702 1165 3773 leguntur,
1194 3709 1353 3757 astate
1384 3701 1715 3773 posteriores
1773 3699 1906 3755 seri-

350 3797 462 3867 ptis
482 3795 701 3849 Patrum
727 3792 991 3867 Sibyllina
1020 3794 1237 3849 oracula
1273 3793 1567 3849 citantibus
1595 3791 1818 3861 :quales
1846 3788 1903 3845 hi

346 3891 459 3941 duo
479 3905 492 3940 :

346 3996 545 4075 ρὺκέτι
574 3994 683 4075 γὰρ
710 3994 858 4075 παρὰ
889 3998 998 4074 σεῖο
1022 3995 1090 4075 το
1108 3995 1205 4075 τῇς
1235 3994 1658 4075 φιλοθιρὲμμονος
1695 3994 1824 4066 ὕλης

346 4064 683 4137 Παρθενικαὶ
709 4064 901 4135 κοῦραι
929 4064 1039 4136 πῦρ
1068 4064 1256 4119 ξνΘὲον
1274 4064 1614 4137 εὑρήσουσιν,

346 4177 401 4229 in
422 4171 1039 4245 Ῥαψψδίᾳιιοειηιιὶιῃ
1060 4183 1182 4245 post
1210 4177 1475 4244 medium;
1508 4185 1636 4232 sunt
1665 4177 1807 4232 enim
1837 4175 1905 4232 de

346 4266 581 4321 incenso
616 4265 791 4320 Vesta:
813 4267 1015 4336 templo
1038 4268 1138 4322 sub
1168 4267 1325 4322 linem
1358 4268 1567 4338 imperii
1596 4268 1900 4330 Commodi,

345 4357 690 4429 proindeque
739 4372 862 4412 cum
912 4357 1021 4428 iam
1066 4358 1347 4423 Justinus,
1399 4360 1805 4430 Athenagoras,
1850 4370 1903 4416 et

344 4446 689 4517 Theophilus
724 4446 1096 4503 Antiochenus
1131 4447 1393 4522 Sibyllina
1435 4453 1491 4507 in
1532 4454 1901 4509 testimonium

344 4556 447 4611 pro
478 4540 584 4595 tide
612 4538 921 4595 Christiana
950 4539 1325 4595 advocassent.
1362 4540 1439 4596 Ac
1465 4539 1776 4612 Origeniani
1808 4554 1904 4594 cu-

344 4630 565 4700 iusdam
596 4644 815 4684 manum
844 4629 1053 4684 redolet
1072 4630 1196 4686 libri
1226 4646 1267 4685 ιι
1291 4630 1434 4697 linis,
1461 4633 1527 4687 ad
1550 4628 1711 4704 quem
1744 4632 1904 4687 scho-

347 4724 537 4779 liastes
567 4720 789 4778 Graecus
818 4721 898 4777 sic
924 4722 1248 4778 adnotabat:

452 4860 634 4944 Ξεύδῃ
666 4860 973 4944 προῗανῶς·
1003 4860 1121 4944 οὐδὲ
1150 4861 1257 4933 γὰρ
1283 4861 1429 4934 λήξει
1447 4864 1589 4944 ,ποτέ

554 4931 666 5018 τςῐρ
692 4931 1063 5018 ιὲολέιζοννξοὺς
1094 4931 1603 5018 καταὲιεεκᾴοιμένους.

452 5000 756 5073 Κᾲγὼὴγὰρ
783 5001 847 5073 ᾂν
879 5000 1266 5073 εὖξαιμιᾳτοιῖθ*
1291 5000 1462 5065 obvio;
1489 5003 1629 5073 ἔχειν
1647 5041 1661 5064 ,

451 5072 645 5143 οὐλαῖς
678 5069 959 5143 mem;
986 5069 1312 5143 σφαλμάτων
1338 5069 1672 5143 ἐστιγμένοθ

548 5142 789 5213 μείζονος
813 5140 1071 5213 χρῄζουᾳι
1105 5140 1527 5213 φιλανθρωπίας.

470 5159 518 5225 .1:
528 5159 789 5262 λἔξαρνος
813 5159 1071 5229 χρηςουςι
1105 5159 1527 5228 φιλεξνυρωπιας.

470 5211 524 5295 ἑ
628 5194 961 5295 αἰσχιινέσθω
973 5228 1279 5295 ﬁes-qvaqu
1335 5213 1594 5295 [ξριγὲνης
1612 5252 1628 5276 ,

451 5278 630 5350 Πέρας
653 5278 902 5349 γενέσθαι
931 5278 1036 5332 τῶν
1066 5278 1333 5335 ιὲολάσεων
1361 5278 1551 5351 λέγων.

345 5414 622 5485 Recteque
656 5415 908 5471 observat
933 5416 1024 5486 qui
1049 5425 1238 5471 nostra
1272 5423 1430 5471 astate
1469 5414 1731 5487 plurimos
1753 5412 1901 5486 judL-

345 5508 435 5563 cio
476 5508 756 5577 superavit
806 5506 1079 5563 Ccrardus
1120 5506 1350 5563 Vossius
1392 5507 1467 5563 De
1509 5509 1671 5574 poetis
1699 5503 1898 5562 Grarcis

342 5616 466 5671 cap.
502 5603 556 5663 l,
587 5616 692 5654 non
723 5600 1000 5656 exstitisse
1027 5601 1359 5670 temporibus
1385 5599 1582 5657 Justini
1613 5601 1895 5669 martyris,

341 5692 581 5754 Tatiani,
613 5692 912 5747 Clementis
941 5691 1321 5749 Alexandrini.
1356 5691 1603 5753 Eusebii,
1639 5692 1890 5744 aliorum—

620 5789 887 5844 Ριτιιοι..
934 5787 1050 5847 Gn.
1100 5790 1145 5848 ι.

2003 3151 2232 3222 Mysum:
2271 3155 2460 3220 οὕτως·
2508 3156 2729 3213 Πάντων
2768 3161 3065 3231 ὁμοφώνων
3101 3162 3268 3217 ὅντων
3314 3164 3419 3219 τῶν
3470 3165 3565 3221 ἀνο-

2004 3241 2238 3316 θρὼπων
2271 3283 2287 3309 ,
2352 3247 2561 3319 πύργον
2619 3248 2969 3322 ᾠκοδόμησάν
3021 3270 3163 3318 τινες
3216 3253 3562 3327 ὑψηλότατον,

2001 3334 2078 3400 ὡς
2119 3335 2213 3391 ἐπὶ
2253 3337 2345 3391 τὸν
2386 3338 2611 3412 οὐρανὸν
2650 3342 3043 3415 ἀναϐησόμενοι
3085 3346 3151 3400 δι’
3182 3347 3368 3402 αὐτοῦ,
3413 3350 3476 3405 0i
3507 3351 3567 3413 δὴ

2004 3426 2135 3492 Θεοὶ,
2181 3428 2415 3501 ἀνέμους
2462 3432 2903 3504 ἐπιπέμψαντες,
2942 3436 3241 3509 ἀνέτρεψαν
3285 3440 3377 3496 τὸν
3404 3440 3559 3514 amip-

2003 3537 2131 3589 γον,
2186 3522 2281 3574 uati
2327 3521 2460 3575 ἰδίαν
2514 3524 2725 3595 ἑκάστῳ
2780 3526 2960 3598 φωνὴν
3015 3529 3238 3583 ἔδωκαν⁸
3297 3531 3393 3585 καὶ
3468 3533 3562 3589 διὰ

2004 3609 2164 3663 τοῦτο
2207 3611 2496 3666 Βαϐυλῶνα
2537 3614 2732 3687 συνέϐη
2780 3616 3043 3689 κληθῆναι
3119 3620 3216 3694 τὴν
3262 3623 3435 3676 πόλινο
3465 3626 3560 3696 qui

2004 3701 2158 3756 locus
2218 3703 2513 3772 respondet
2566 3705 2652 3763 his
2699 3703 2980 3779 Sibyllinis
3025 3710 3121 3767 lib.
3162 3714 3563 3777 m,circaini-

2003 3791 2139 3846 tium
2167 3811 2181 3847 :

2019 3924 2153 3978 Ἀλλ’
2182 3926 2380 3980 ὁπόταν
2413 3925 2663 3998 μεγάλοιο
2680 3923 2814 3983 Θεοῦ
2845 3925 3147 3988 πὲλάσωσιν
3181 3930 3421 4005 ἀπειλαί,
3452 3950 3553 3996 etc.

2005 4048 2284 4104 Concludo
2329 4050 2463 4105 nihil
2492 4060 2673 4109 vetare
2713 4054 2842 4124 quin
2875 4069 3005 4109 vero
3048 4054 3312 4114 Clementi
3344 4059 3561 4119 laudata

2006 4137 2167 4193 fuerit
2192 4137 2415 4211 Sibylla,
2444 4142 2495 4194 in
2529 4157 2586 4195 re
2614 4148 2914 4210 praesertim
2945 4145 3179 4202 ethnicis
3204 4164 3311 4204 non
3345 4150 3555 4221 ignota,

2005 4231 2192 4285 mundi
2230 4232 2480 4287 videlicet
2509 4231 2633 4297 line,
2665 4248 2729 4287 ac
2759 4235 3046 4304 impiorum
3085 4250 3183 4305 per
3206 4236 3382 4309 ignem
3411 4240 3560 4309 judi-

2006 4322 2131 4378 cio:
2171 4323 2238 4379 de
2267 4339 2371 4394 qua
2399 4326 2625 4399 consule
2664 4327 2932 4395 praecipue
2964 4325 3235 4382 Justinum
3273 4328 3555 4401 Martyrem

1934 4422 1980 4481 ο
2008 4411 2337 4482 Apologetico
2362 4428 2423 4472 It.
2449 4428 2501 4481 p.
2526 4412 2615 4475 66,
2639 4420 2692 4468 et
2714 4412 2972 4482 Sibyllina
3001 4423 3187 4468 nostra
3210 4415 3440 4472 Oracula
3460 4420 3551 4476 lib.

2007 4517 2046 4555 ιι
2072 4513 2124 4558 et
2150 4517 2232 4557 ιιι.
2258 4503 2337 4558 Ac
2369 4504 2548 4557 forsan
2578 4503 2830 4560 Clemens
2865 4505 3190 4574 exemplaria
3224 4507 3430 4562 viderat
3457 4525 3526 4564 an

2003 4599 2219 4663 tequam
2250 4606 2278 4645 a
2308 4593 2635 4648 Christianis
2666 4594 2759 4664 (ut
2790 4596 3145 4664 conqueritur
3184 4596 3375 4654 Celsus
3412 4599 3555 4670 apud

2003 4681 2287 4754 Origenem
2315 4682 2410 4738 lib.
2445 4698 2542 4746 vn,
2569 4690 2759 4738 contra
2787 4683 2947 4755 eum)
2988 4682 3218 4741 fuissent
3252 4685 3558 4759 interiectis

2002 4776 2250 4847 pluribus
2278 4775 2627 4845 interpolata.

2071 4866 2337 4923 Caeterum
2376 4866 2591 4921 videtur
2625 4864 2740 4921 haec
2763 4866 3001 4921 secunda
3030 4866 3257 4937 epistola
3286 4875 3412 4925 ante
3445 4871 3561 4940 pri-

2003 4975 2145 5013 mam
2177 4974 2301 5015 esse
2336 4958 2562 5028 scripta.
2593 4956 3039 5028 Quandoquidem
3073 4959 3251 5013 innuit
3278 4957 3545 5029 fragmen.
3622 4970 3625 4971 '

2003 5061 2113 5105 tum
2142 5051 2287 5106 illius
2314 5050 2537 5121 pacifica
2563 5058 2839 5119 tempora;
2866 5058 2919 5104 et
2939 5060 3004 5105 ex
3031 5049 3207 5104 Photii
3234 5050 3423 5105 codice
3454 5051 3556 5103 leo

2000 5147 2302 5217 colligimus
2346 5145 2557 5200 dissidii
2616 5144 2951 5199 Corinthiaci
2994 5143 3047 5196 in
3078 5128 3155 5197 ea
3200 5142 3397 5195 factam
3446 5158 3558 5196 non

2006 5237 2175 5291 fuisse
2208 5236 2532 5294 mentionem
2560 5253 2573 5288 :
2617 5245 2671 5289 at
2697 5234 2743 5289 si
2777 5233 2903 5288 data
2934 5239 3079 5286 esset
3119 5238 3243 5301 post
3278 5230 3553 5299 priorem,

2001 5326 2107 5379 hoc
2154 5332 2240 5378 est
2272 5334 2394 5394 post
2436 5323 2593 5377 linem
2625 5320 3020 5391 persecutionis
3060 5319 3370 5384 Domitiani,
3416 5327 3555 5376 tem-

2000 5431 2130 5486 pore
2158 5415 2330 5484 pacis,
2369 5421 2530 5483 atque
2563 5422 2687 5466 ante
2718 5410 3144 5480 persecutionem
3177 5410 3279 5465 sub
3315 5410 3555 5480 Trajano

2000 5505 2448 5573 redintegratum,
2476 5517 2586 5556 non
2624 5499 3057 5570 prmtermisissct
3097 5499 3422 5558 discordiam
3456 5510 3552 5555 aut

2001 5597 2498 5653 reconciliationem
2515 5593 2941 5656 Corinthiorum,
2960 5608 3082 5647 cum
3108 5605 3398 5663 utrumque
3423 5603 3551 5648 tem-

2000 5707 2100 5762 pus
2128 5686 2465 5742 solummodo
2493 5698 2668 5739 annus
2697 5684 2963 5755 sejungat.
2997 5685 3174 5753 Quare
3207 5686 3428 5742 missam
3456 5701 3548 5741 ar-

3192 5784 3226 5855 3
