4076 6280
504 291 574 346 ’Β
1630 283 1718 338 AD
1757 282 1813 338 Β.
1851 281 2068 339 CLEME

2178 280 2271 335 ΕΜ
2312 282 2333 337 l
2370 279 2599 336 PAPAM

508 409 682 462 hitror
712 401 856 459 inter
882 400 1021 458 duas
1054 400 1258 471 primas
1286 396 1712 470 persecutiones,
1736 395 1966 451 Neronis
1992 410 2057 450 ac

2175 396 2264 449 Γοῦ
2299 396 2453 464 ἁγίου
2489 395 2799 467 Κλήμεντος
2840 394 2903 448 ὲκ
2974 389 3031 449 8.
3085 393 3367 450 Clementis
3412 412 3478 450 ea:
3516 395 3723 467 Episto-

502 493 829 560 Domitiani,
866 502 921 547 et
946 497 1071 545 ante
1105 488 1427 545 seditionem
1469 486 1715 543 Corinthi
1744 486 2055 542 excitatam.

573 582 901 639 Omittebam
951 580 1070 645 hic,
1100 587 1161 634 ut
1189 580 1245 634 in
1275 586 1516 634 veterum
1553 578 1911 642 testimoniis,
1948 577 2057 631 duo

509 690 626 744 quae
648 681 837 744 postea
861 677 1217 727 occurrerunt
1247 670 1379 725 loca.
1402 668 1617 724 Primus
1639 670 1791 723 locus
1819 676 1902 723 est
1924 682 2060 738 pra:-

507 766 727 821 fationis
777 762 994 819 concilii
1044 761 1282 828 Nicaani,
1332 760 1535 817 Latina:
1579 778 1643 816 ex
1687 759 1919 814 Arabico
1966 776 2061 829 per

506 856 871 911 Abrahamum
891 854 1295 908 Ecchellensem
1320 852 1503 919 factae;
1527 851 1582 905 in
1604 866 1711 920 quo
1730 850 1929 904 dicitur
1947 848 2064 905 Cle-

508 953 743 1001 mentem
772 944 1001 1014 epistola
1035 943 1071 997 2
1097 944 1426 999 mentionem
1454 942 1650 998 fecisse
1677 948 1945 995 sectarum
1973 940 2057 994 70.

507 1035 709 1091 Verum
739 1035 1162 1105 illa.epistola,si
1188 1035 1376 1090 eadem
1402 1045 1485 1088 est
1522 1048 1585 1086 ac
1609 1040 1792 1086 nostra
1809 1071 1825 1095 ,
1854 1047 1955 1086 nec
1979 1039 2063 1085 est

509 1125 671 1200 plane
698 1128 1005 1199 apocrypha
1032 1168 1047 1195 ,
1077 1141 1423 1198 nequaquam
1462 1125 1646 1181 retulit
1689 1125 1755 1179 70
1794 1124 2060 1187 haereses,

509 1223 692 1279 retulit
722 1221 906 1277 forsan
932 1221 982 1275 7.
1008 1220 1250 1275 Alterum
1277 1220 1453 1273 locum
1496 1216 1805 1288 deprompsi
1838 1232 1903 1271 ex
1926 1218 2064 1287 opti-

509 1313 615 1367 mis
644 1311 971 1368 membranis
1016 1310 1222 1365 codicis
1261 1308 1548 1364 admodum
1613 1307 1816 1376 antiqui
1880 1307 1935 1360 in
1980 1306 2063 1362 bi-

508 1402 783 1458 bliotheca
826 1400 930 1456 PP.
964 1400 1088 1455 Soc.
1117 1400 1277 1464 Jesu,
1306 1400 1515 1469 copiam
1547 1396 1776 1452 faciente
1816 1395 2063 1452 Gabriele

509 1494 813 1557 Cossartio,
846 1494 965 1547 viro
987 1508 1109 1547 cum
1139 1492 1368 1562 insignis
1394 1490 1673 1553 doctrinae,
1705 1492 1815 1543 tam
1845 1489 2064 1558 prolixae

510 1583 889 1639 humanitatis.
935 1583 1030 1639 Est
1074 1591 1253 1638 autem
1295 1581 1351 1637 S.
1389 1580 1705 1637 Damasceni
1749 1579 2063 1650 Eclogarum

511 1692 788 1729 sacrarum
840 1691 961 1747 cap.
991 1674 1124 1745 Περὶ
1164 1674 1271 1727 τῶν
1301 1673 1645 1744 προσκαίρων
1674 1671 1766 1724 καὶ
1809 1671 1915 1723 τῶν
1943 1672 2066 1723 αἰω-

510 1766 639 1820 νίων
668 1736 924 1834 ἁγαθῶνί
963 1736 1082 1819 καὶ.
1110 1765 1190 1817 ὅτι
1235 1736 1355 1834 xpin
1368 1762 1474 1815 τῶν
1502 1736 1782 1833 παρόντων
1833 1757 1901 1811 τὰ
1944 1757 2068 1828 μέλ·
2099 1736 2139 1791 Β
2168 1739 2425 1811 περιϐολὴ
2444 1740 2667 1807 γίνεται.

510 1856 670 1910 λοντα
701 1857 996 1927 προπιμᾷν,
1036 1855 1180 1925 quod
1223 1853 1514 1924 respondet
1554 1850 1717 1922 capiti
1756 1849 1826 1904 20
1867 1848 1990 1904 libri
2030 1863 2069 1902 ιι

511 1946 904 2004 Parallelorum
928 1948 1218 2005 editorum.

2191 492 2293 562 τῆς
2309 491 2440 565 πρὸς
2462 489 2779 561 Κορινθίους
2795 488 2858 560 βί

2221 603 2279 658 Ὅ
2305 605 2412 658 τῶν
2432 601 2708 675 παρόντων
2724 601 2911 672 αἰσθη-

2158 699 2306 763 τικὸς
2349 699 2586 769 συνίησιν
2614 698 2690 762 ὡς
2716 696 2837 751 οὔτε
2876 696 2912 752 ἃ

2164 790 2463 859 λογίζονται
2480 807 2621 852 τινες
2637 784 2774 843 εἶναι
2788 805 2844 840 τε
2852 805 2911 856 ρο

2162 886 2296 949 ma,
2368 885 2489 950 ξένα
2543 886 2636 939 καὶ
2694 884 2908 957 μακράν

2160 977 2273 1029 ἐστι
2310 977 2416 1030 τῶν
2445 975 2711 1046 ἀπεχθῶν.
2756 974 2910 1027 Ἀλλὰ

2159 1067 2253 1120 καὶ
2333 1066 2561 1129 πλοῦτος
2653 1065 2910 1128 πολλάκις

2163 1159 2359 1231 μᾶλλον
2388 1161 2575 1224 πενίας
2604 1161 2804 1231 ἔθλιψε,
2818 1162 2911 1215 καὶ

2160 1258 2313 1324 ὑγεία
2333 1257 2490 1312 πλέον
2516 1257 2703 1328 ἠνίασε
2732 1257 2906 1313 νόσου.

2159 1355 2269 1408 Καὶ
2288 1355 2510 1409 καθόλου
2524 1356 2627 1409 τῶν
2656 1355 2909 1427 λυπηρῶν

2160 1454 2254 1505 καὶ
2277 1453 2517 1522 φευκτῶν
2549 1453 2761 1505 πάντων
2788 1452 2912 1506 ὑπό-

3649 278 3715 335 76

3027 490 3080 542 la
3111 487 3175 543 ΙΙ
3239 489 3307 543 ad
3340 489 3663 547 Corinthios.

3054 598 3158 667 Qui
3192 618 3273 656 res
3306 604 3576 669 prmsentis
3605 603 3724 658 vitae

2981 694 3245 762 agnoscit,
3281 694 3522 764 intelligit
3565 710 3726 765 neque

2978 801 3041 839 ea
3070 803 3186 856 qua:
3217 788 3454 841 nonnulli
3488 787 3726 857 jucunda

2979 889 3255 949 reputant,
3282 881 3456 933 aliena
3490 896 3601 933 esse
3633 888 3726 933 aut

2977 975 3158 1042 procul
3185 973 3372 1028 dissita
3408 973 3471 1026 ab
3500 974 3567 1027 iis
3609 988 3728 1043 qua

2983 1068 3101 1123 odio
3128 1068 3401 1124 habentur.
3426 1068 3726 1135 Quinetiam

2981 1159 3175 1213 divitia:
3212 1175 3561 1227 saepenumero
3605 1177 3724 1213 ma-

2981 1258 3060 1327 gis
3101 1272 3257 1326 quam
3296 1265 3577 1323 paupertas
3640 1254 3728 1310 la:-

2978 1363 3188 1415 serunt,
3244 1360 3293 1405 et
3346 1352 3547 1404 sanitas
3606 1350 3725 1419 plus

2982 1448 3158 1501 morbo
3181 1448 3386 1518 afﬂixit.
3405 1444 3471 1500 In
3497 1463 3723 1509 summa.

2981 1551 3250 1612 gratarum
3274 1557 3447 1594 rerum
3482 1556 3543 1593 ac
3577 1548 3729 1609 opta-

2982 1643 3156 1687 tarum
3185 1634 3443 1703 afﬂuentia
3474 1633 3644 1687 evadit
3672 1633 3728 1686 in

2982 1746 3195 1784 causam
3215 1739 3264 1783 et
3294 1729 3568 1784 materiam
3614 1744 3727 1783 om-

2985 1821 3129 1874 nium
3165 1823 3396 1875 tristium
3436 1830 3588 1893 atque
3630 1819 3722 1875 de-

2988 1925 3316 1971 lestatarum.

2163 1547 2309 1613 θεσις
2336 1550 2429 1602 καὶ
2455 1548 2584 1620 ὕλη,
2613 1551 2647 1621 ἡ
2682 1549 2789 1603 τῶν
2823 1551 2913 1603 ἀσ-

2162 1645 2382 1697 παστῶν
2440 1644 2533 1697 καὶ
2594 1645 2707 1714 μετ’
2748 1643 2907 1714 εὐχὴν

793 2119 800 2125 .
1164 2122 1167 2123 ,
1641 2113 1645 2135 ί
3040 2112 3044 2132 ,

788 2555 1000 2685 EX
1096 2550 1822 2679 EDITIONE
1902 2466 2367 2737 PETRI
2465 2546 3444 2679 COUSTANTII.

1493 2797 1642 2871 (Epp.
1667 2802 1805 2853 Rom.
1826 2801 1969 2853 Pent.
1997 2804 2036 2851 ι.
2065 2800 2105 2863 Ῑ,
2128 2797 2286 2851 Paris.
2315 2800 2452 2863 1721,
2489 2796 2676 2869 in-fol.)

1066 3125 1685 3219 EPISTOLJE
1772 3126 1865 3216 S.
1941 3124 2612 3218 CLEMENTIS
2692 3131 2723 3216 Ι
2803 3127 3157 3218 PAPIE.

1604 3337 1878 3415 Quando
1912 3343 1977 3402 et
2004 3354 2197 3418 quam
2226 3338 2343 3402 diu
2372 3339 2633 3404 sederit.

2067 3516 2140 3534 ι.-

587 3656 644 3715 Ι.
665 3655 915 3713 Clemens
952 3660 1192 3708 veterum
1212 3649 1519 3706 testimonio
1542 3656 1599 3703 ut
1625 3648 1987 3719 apostolorum
2016 3661 2081 3702 ωε
2106 3650 2151 3711 C
2182 3646 2239 3700 in
2266 3645 2583 3702 Corbeiensi
2614 3653 2795 3708 autem
2823 3646 2983 3704 annis
3012 3664 3064 3704 ιι
3085 3690 3102 3719 ,
3145 3648 3429 3707 mensibus
3471 3667 3503 3707 ι
3522 3692 3538 3719 ,
3584 3653 3673 3713 die
3705 3669 3727 3713 ι

516 3748 696 3822 qualis
739 3745 1061 3801 celebratur.
1089 3743 1449 3810 Quamobrem
1492 3756 1601 3796 non
1649 3742 1788 3795 alius
1827 3740 2068 3795 creditur

516 3847 589 3901 ab
609 3859 693 3910 eo,
719 3846 876 3912 cujus
907 3840 1107 3894 Paulus
1135 3837 1333 3909 Philip.
1384 3852 1437 3891 Iv
1457 3877 1472 3901 ,
1505 3838 1538 3892 5
1558 3877 1572 3901 ,
1618 3836 1883 3891 meminit.
1917 3834 2070 3917 Licet

517 3937 685 4001 hunc,
716 3935 790 3990 uti
817 3934 928 4003 jam
955 3929 1393 4002 praemonuimus,
1419 3943 1449 3981 a
1472 3927 1633 3983 Petro
1652 3928 1962 3997 episc0pum
1986 3940 2073 3978 οι·-

518 4028 763 4083 dinatum
785 4020 1149 4079 Tertullianus
1176 4018 1293 4073 Lib.
1322 4018 1385 4073 de
1416 4019 1732 4088 prwscript.,
1757 4032 1808 4072 c.
1840 4016 1929 4080 52,
1958 4022 2071 4068 tra-

518 4118 632 4182 dat,
657 4124 820 4187 atque
842 4130 957 4170 aevo
987 4112 1338 4182 Hieronymi,
1378 4110 1497 4182 ipso
1536 4108 1865 4180 Hieronymo
1896 4112 2034 4163 tes’te
2053 4146 2069 4172 ,

516 4209 744 4278 plerique
769 4206 1076 4261 Latinorum
1095 4201 1375 4258 secundum
1400 4210 1517 4269 post
1537 4200 1751 4255 Petrum
1779 4200 2071 4268 apostolum

517 4307 760 4368 putarent
792 4296 985 4367 fuisse;
1023 4292 1164 4350 idem
1204 4300 1387 4347 tamen
1416 4289 1814 4361 Hieronymus,
1860 4304 2071 4343 necnon

520 4388 876 4459 Epiphanius,
906 4385 1239 4456 Augustinus
1258 4422 1274 4449 ,
1298 4380 1526 4452 Optatus
1547 4421 1562 4445 ,
1597 4380 1863 4436 Eusebius
1884 4419 1899 4445 ,
1934 4379 2073 4435 scri-

520 4488 645 4550 ptor
699 4477 962 4547 poematis
1015 4476 1276 4530 adversus
1339 4473 1688 4536 Marcionem,
1736 4471 2073 4526 Tertulliano

521 4571 651 4623 olim
704 4563 1256 4630 tributi,etlrenaeus,
1294 4565 1437 4619 sicut
1480 4573 1534 4619 et
1570 4572 1777 4619 veteres
1804 4561 2075 4618 Romano-

520 4673 642 4713 rum
669 4654 981 4728 pontilicum
1011 4656 1262 4726 catalogi,
1281 4656 1586 4725 proximum
1612 4654 1759 4709 Petri
1786 4669 2075 4710 successo-

520 4766 636 4807 rem
658 4764 765 4804 non
798 4747 1126 4803 Clementem
1148 4786 1162 4811 ,
1197 4747 1291 4802 sed
1320 4746 1512 4801 Linum
1541 4747 1849 4817 designant.
1879 4745 1957 4801 ita
1986 4746 2076 4802 ille

521 4842 749 4914 intelligi
778 4849 957 4913 potest
983 4858 1013 4895 a
1041 4840 1203 4895 Petro
1226 4839 1511 4895 ordinatus
1537 4840 1823 4910 episcopus
1866 4839 1934 4894 ad
1959 4841 2076 4910 epi-

521 4934 795 5007 scopalia,
830 4947 924 4989 seu
963 4930 1263 5002 apostolica
1291 4930 1478 4985 munia
1517 4930 1803 4996 obeunda,
1838 4940 1895 4985 ut
1938 4933 2074 4987 nulli

2173 3738 2480 3793 obtinuisse
2504 3745 2856 3793 memoratur.
2895 3739 3048 3806 Eum,
3074 3756 3218 3797 anno
3246 3740 3464 3812 Trajani
3495 3744 3729 3816 impera-

2170 3831 2310 3886 toris
2342 3830 2527 3895 tertio,
2559 3830 2664 3885 hoc
2704 3839 2788 3886 est
2823 3829 3025 3887 Christi
3069 3835 3366 3889 centesimo
3391 3874 3406 3900 ,
3437 3854 3554 3890 cum
3594 3846 3727 3891 totos

2171 3938 2352 3977 novem
2389 3939 2552 3977 annos
2573 3921 3001 3991 praedicationem
3022 3925 3162 3978 verbi
3187 3925 3349 3981 divini
3374 3940 3725 3997 procurasset,

2171 4029 2202 4070 e
2231 4014 2343 4069 vita
2381 4014 2585 4069 abiisse
2614 4012 2880 4069 Eusebius
2921 4015 3015 4071 lib.
3064 4030 3126 4070 ιιι
3165 4015 3333 4083 Hist.,
3362 4034 3413 4075 c.
3465 4020 3729 4085 54,scri-

2174 4105 2276 4162 bit.
2312 4104 2451 4159 Hinc
2474 4105 2631 4160 valde
2661 4105 2921 4163 sublesta:
2948 4116 3031 4162 est
3066 4105 3209 4177 fidei,
3239 4109 3381 4179 quod
3407 4110 3556 4166 solus
3582 4108 3729 4166 Prae.

2173 4194 2479 4252 destinatus
2523 4210 2554 4249 a
2596 4196 2884 4252 Sirmondo
2922 4199 3172 4271 vulgatus
3222 4216 3343 4271 cap.
3377 4202 3478 4267 12,
3508 4211 3727 4271 narrat,

2172 4287 2459 4358 quemdam
2493 4286 2746 4342 videlicet
2776 4286 3036 4355 Marcum,
3067 4291 3158 4361 qui
3187 4291 3368 4346 carnis
3386 4293 3615 4362 negabat
3640 4308 3729 4348 re-

2175 4381 2595 4445 surrectionem,
2626 4379 2856 4450 ideoque
2889 4381 3166 4437 Christum
3193 4398 3299 4439 non
3330 4398 3454 4440 vere
3481 4399 3725 4453 passum,

2174 4471 2271 4529 sed
2300 4472 2562 4543 putative,
2596 4473 2895 4527 conabatur
2930 4482 3176 4529 astruere
3198 4513 3214 4540 ,
3245 4488 3276 4527 a
3313 4472 3591 4530 Clemente
3618 4473 3730 4529 Ro-

2174 4582 2338 4623 mano
2366 4567 2624 4637 episcopo
2653 4573 2713 4621 ut
2742 4564 3066 4637 dignissimo
3102 4566 3307 4622 Christi
3339 4575 3577 4638 martyre
3606 4568 3728 4624 lixis

2175 4666 2228 4714 et
2250 4659 2477 4729 integris
2498 4658 2895 4715 assertionibus
2920 4656 3277 4722 confutatum,
3305 4666 3361 4711 et
3376 4672 3555 4712 coram
3575 4659 3729 4729 plebe

2177 4750 2231 4803 in
2256 4750 2490 4807 ecclesia
2518 4748 2788 4804 detectum
2808 4788 2823 4813 ,
2870 4758 3071 4804 aeterna
3100 4748 3443 4803 damnatione
3479 4750 3727 4819 punitum

2177 4842 2371 4899 fuisse.
2403 4841 2537 4896 Nam
2556 4850 2611 4897 et
2624 4841 2859 4897 lrenzeus
2881 4841 2976 4895 lib.
2999 4855 3037 4906 ι,
3061 4854 3111 4894 c.
3132 4839 3184 4902 9,
3203 4839 3349 4894 circa
3378 4854 3577 4894 annum
3600 4840 3726 4907 £80,

2179 4941 2274 4989 aut
2301 4934 2465 4989 etiam
2501 4933 2626 4997 190,
2668 4931 2833 4986 Marci
2871 4940 3169 4986 commenta
3208 4930 3533 4997 confutans,
3560 4932 3629 4988 de
3660 4947 3729 4989 eo
3800 5002 3807 5009 .

521 4996 640 5080 tum
665 4996 909 5080 ecclesiae
933 4996 1381 5091 essetalligatus,
1413 5020 1509 5075 sed
1548 5028 1671 5093 post
1697 5029 1924 5077 mortem
1952 5021 2074 5077 Lini
2105 4996 2150 5051 D
2180 5034 2240 5080 ut
2271 5026 2454 5081 adhuc
2496 5026 2789 5096 superstite
2826 5023 3094 5093 loquitur:
3124 5030 3176 5079 et
3209 5022 3475 5079 Eusebius
3505 4996 3600 5079 lib.
3631 5040 3685 5081 Iv
3707 5066 3726 5093 ,

520 5124 576 5171 et
597 5114 735 5170 Cleti
764 5130 797 5169 a
825 5111 1086 5168 Romanis
1113 5112 1169 5166 in
1197 5111 1510 5181 episcopum
1541 5112 1821 5181 pr0prium
1852 5122 2074 5184 coopta-

521 5217 609 5262 tus
639 5207 821 5263 fuerit.
849 5203 1134 5276 Epiphanii
1148 5218 1218 5259 ea
1241 5203 1308 5259 de
1327 5219 1386 5258 re
1413 5204 1779 5274 conjecturam
1801 5205 2073 5274 superius,

523 5297 617 5351 ubi
644 5297 710 5351 de
730 5296 870 5352 Lino
896 5295 1274 5365 disseruimus,
1289 5293 1476 5349 relatis
1498 5292 1672 5366 ipsius
1698 5294 1880 5351 verbis
1908 5310 2077 5365 expo-

523 5387 756 5443 suimus.
1257 5441 1260 5444 .

594 5478 649 5533 9..
678 5477 836 5533 Anno
854 5478 1056 5535 Christi
1084 5479 1173 5543 9i,
1205 5478 1453 5535 Clemens
1480 5477 1537 5532 in
1565 5476 1708 5533 Cleti
1741 5476 1917 5531 locum
1953 5475 2075 5531 suf-

523 5569 700 5625 fectus
741 5569 1000 5625 creditur.
1050 5568 1351 5625 Romanam
1400 5570 1584 5628 sedem
1630 5568 1686 5623 in
1734 5566 2074 5622 Buchcriano

522 5658 742 5725 quidem
772 5660 1015 5732 catalogo
1038 5662 1195 5716 annis
1220 5677 1294 5727 lx,
1335 5663 1615 5719 mensibus
1637 5676 1714 5727 χι,
1745 5658 1937 5716 diebus
1968 5672 2071 5725 xu,

2178 5132 2231 5173 c.
2284 5116 2383 5181 Η,
2426 5125 2711 5187 postquam
2755 5114 3105 5170 Valentinum
3155 5114 3401 5184 aliosque
3441 5114 3728 5173 haereticos

2179 5208 2389 5281 Hygino
2428 5209 2678 5279 pontiﬁce
2708 5206 2933 5262 Romam
2962 5206 3178 5261 venisse
3197 5246 3211 5269 ,
3244 5213 3406 5275 atque
3436 5207 3502 5261 ad
3532 5205 3730 5265 Anice-

2180 5309 2295 5355 tum
2353 5315 2527 5371 usque
2576 5297 2949 5370 permansisse
3000 5296 3317 5362 enarravit,
3374 5297 3623 5369 adjungit
3676 5307 3732 5355 et

2182 5392 2327 5447 hunc
2358 5390 2596 5447 Marcum
2625 5390 2805 5446 eodem
2851 5398 3075 5457 tempore
3123 5388 3419 5446 exstitisse.
3460 5389 3615 5456 Quod
3644 5389 3732 5443 in-

2179 5482 2325 5537 dicio
2371 5490 2457 5537 est
2500 5482 2647 5537 hunc
2702 5480 3019 5539 bareticutn
3086 5491 3215 5540 ante
3253 5480 3448 5553 Hygini
3484 5488 3727 5561 tempora

2178 5572 2349 5633 fuisse
2376 5574 2638 5647 ignotum.
