4074 6286
297 315 356 374 π
1521 315 1858 373 ιιιιοίειιιΑ
1896 316 2278 375 ιτΑιιιοιιιιιι.
3338 294 3346 300 ’
3441 334 3508 390 τε

1164 495 1623 557 ADMONITIO
1677 497 1760 561 IN
1814 488 2270 557 EPISTOLAM
2333 497 2673 560 PRIMAM.

366 629 408 688 ι.
425 630 608 700 Elapso
637 630 857 686 saeculo
886 630 1117 703 Cyrillus
1136 630 1361 687 anaris
1379 632 1612 704 primum
1629 632 1859 689 Alexan-
1885 639 1932 697 Α
1957 635 2158 693 tentias
2196 638 2341 708 apud
2388 637 2720 722 Clementem
2762 640 2919 699 Alex.
2953 645 3049 701 lib.
3094 662 3177 714 tv,
3210 665 3331 722 pag.
3364 653 3469 709 516
3489 698 3505 722 ,

298 721 496 785 drinus,
524 735 586 775 ac
626 718 835 778 deinde
880 723 1508 795 Constantinopolitanus
1549 725 1853 797 patriarcha

298 808 479 864 Carolo
514 808 558 872 ι,
588 809 902 881 Anglorum
928 813 1059 882 regi,
1110 812 1381 883 insignem
1406 816 1549 869 dono
1580 816 1728 870 misit
1756 829 1852 869 co-

297 898 461 953 dicem
509 898 974 966 Alexandrinum,
1020 903 1407 973 grandioribus
1445 905 1640 960 litteris
1686 919 1851 959 manu

296 991 498 1046 Thecla
544 993 749 1049 nobilis
801 993 1015 1050 femina
1056 994 1366 1069 Egyptia,
1431 998 1579 1053 circa
1646 998 1851 1059 Nicani

298 1081 317 1134 l
353 1084 593 1147 concilii,
619 1092 681 1137 ut
710 1084 906 1149 fertur,
938 1096 1176 1157 tempora
1199 1098 1499 1153 exaratum,
1536 1090 1590 1144 in
1614 1105 1721 1160 quo
1750 1091 1853 1148 Ve-

294 1175 422 1231 teris
452 1183 508 1230 et
538 1174 674 1230 Novi
712 1175 1047 1233 Testamenti
1076 1179 1230 1235 libris
1260 1180 1380 1235 dua
1414 1180 1710 1240 Clementis
1736 1186 1849 1255 epi-

293 1264 443 1318 stola
458 1264 842 1333 subjiciuntur.
864 1265 1063 1320 Harum
1089 1268 1260 1337 prima
1282 1270 1434 1325 valde
1462 1272 1690 1328 celebris
1706 1274 1847 1343 apud

292 1362 501 1409 veteres
535 1352 656 1410 fuit.
689 1354 841 1410 Hanc
871 1356 1065 1426 quippe
1106 1358 1327 1413 laudant
1368 1360 1598 1417 lrenaus
1632 1363 1724 1419 lib.
1760 1380 1844 1430 ιιι,

291 1459 342 1499 c.
371 1446 436 1511 ὃς
466 1452 522 1499 et
562 1446 703 1514 apud
738 1444 1028 1502 Eusebium
1077 1448 1168 1503 lib.
1194 1466 1245 1514 ν,
1265 1466 1315 1506 c.
1343 1451 1397 1515 6,
1437 1452 1687 1510 Clemens
1708 1456 1847 1510 "Alen

291 1536 595 1591 xandrinus
625 1535 951 1592 Stromatum
988 1539 1079 1595 lib.
1115 1555 1154 1607 ι,
1189 1556 1263 1605 tv,
1306 1558 1338 1595 v
1364 1552 1416 1597 et
1465 1559 1552 1612 vi;
1584 1545 1842 1617 Origenes

291 1626 388 1681 lib.
427 1642 468 1680 ιι
511 1626 590 1680 De
608 1628 899 1697 principiis,
927 1644 1046 1700 cap.
1078 1631 1132 1695 5,
1164 1641 1217 1686 et
1254 1632 1308 1684 in
1337 1630 1496 1689 Joan.
1529 1649 1567 1699 ι,
1607 1635 1711 1703 29;
1744 1636 1845 1692 lle-

290 1718 544 1788 gesippus
578 1720 716 1788 apud
749 1719 1036 1775 Eusebium
1076 1721 1171 1776 lib.
1215 1738 1306 1787 iv,
1346 1738 1395 1778 c.
1436 1724 1508 1778 22
1532 1744 1547 1793 ;
1574 1726 1840 1785 Eusebius

291 1809 405 1878 ipse
424 1810 521 1865 lib.
551 1826 614 1863 ιιι
654 1809 798 1866 Hist.
841 1809 1060 1875 ποίης.
1090 1810 1189 1878 16;
1218 1813 1454 1882 scriptor
1474 1818 1837 1884 quastionum

287 1902 486 1959 Justini
517 1906 737 1961 nomine
758 1905 1117 1975 vulgatarum,
1140 1920 1190 1962 c.
1221 1907 1315 1973 74;
1344 1906 1676 1978 Epiphanius
1703 1911 1835 1970 har.

1952 728 2300 794 paucioribus
2329 709 2665 799 persirictas,
2691 741 2745 787 et
2770 742 2959 790 contra
2982 753 3104 808 pag.
3263 709 3507 812 pluribus

1951 816 2244 885 explicatas
2263 818 2568 885 otl‘endant,
2601 822 2881 891 epistolam
2910 827 3047 883 hanc
3073 845 3179 884 non
3209 833 3505 893 sinceram.

1952 905 2045 959 sed
2075 906 2196 963 aliis
2226 908 2361 965 locis
2403 918 2709 966 truncatam
2755 923 2809 969 et
2852 917 2975 972 aliis
3017 919 3396 993 interpolatam
3436 926 3507 983 ad

1950 1009 2051 1051 nos
2079 1000 2389 1065 pervenisse
2418 1004 2784 1072 suspicentur.
2820 1004 2922 1063 Sed
2951 1008 3245 1070 Clementis
3273 1015 3505 1075 Romani

1947 1082 2368 1142 Alexandrinum
2418 1090 2856 1161 interpolatorem
2904 1112 3027 1153 esse
3076 1116 3187 1156 non
3234 1106 3502 1177 ambiget,

1948 1169 2041 1240 qui
2083 1174 2246 1227 verba
2278 1174 2462 1231 addita
2491 1179 2560 1233 ad
2587 1180 2894 1237 institutum
2928 1186 3101 1256 ipsius
3129 1169 3501 1262 Alexandrini,

1947 1279 2055 1333 quo
2078 1265 2144 1321 de
2172 1267 2340 1325 Gnosi
2368 1280 2609 1330 tractare
2639 1278 2742 1333 sibi
2778 1295 3154 1352 proposuerat,
3197 1304 3506 1350 accommo-

1946 1355 2072 1411 data
2098 1369 2220 1415 esse
2251 1367 2593 1433 compererit.
2633 1366 2735 1435 Qui
2775 1380 2954 1428 autem
2988 1376 3283 1438 Clementis
3327 1389 3501 1443 nostri

1947 1450 2244 1507 sententias
2284 1458 2561 1513 nonnullis
2592 1460 2645 1513 in
2677 1462 2811 1519 locis
2853 1466 3181 1539 interpolare
3208 1476 3311 1531 sibi
3341 1478 3505 1537 licere

1945 1538 2293 1608 existimavit,
2326 1545 2380 1599 in
2412 1548 2534 1605 aliis
2563 1552 2749 1607 eadem
2796 1555 3015 1613 licentia
3046 1563 3111 1617 ad
3145 1580 3240 1621 eas
3282 1578 3502 1626 contra-

1944 1627 2149 1686 hendas
2178 1634 2256 1687 uti
2288 1639 2533 1705 potuisse
2573 1658 2679 1697 non
2710 1645 3006 1707 dubitatur.
3043 1653 3309 1714 Praeterea
3339 1662 3498 1722 Joan.

1941 1718 2185 1778 Clericus
2220 1726 2365 1782 Artis
2388 1732 2584 1788 critica?
2624 1746 2764 1805 part.
2791 1754 2874 1806 ιιι,
2907 1752 3043 1801 sect.
3085 1747 3140 1813 2,
3168 1765 3217 1805 c.
3243 1752 3297 1817 5,
3327 1770 3382 1808 ιι.

1940 1811 2220 1878 observat,
2252 1832 2316 1871 ex
2361 1820 2592 1876 duorum
2639 1825 2883 1884 locorum
2925 1811 3132 1905 capitis
3160 1840 3227 1894 46
3259 1811 3501 1913 epistola

1940 1910 2143 1958 nostra
2186 1919 2309 1959 cum
2350 1911 2533 1967 verbis
2573 1912 2867 1975 Clementis
2909 1922 3261 1986 Alexandrini
3292 1910 3497 2006 cogna-

286 1995 374 2059 27,
407 2013 465 2051 ιι.
514 1995 569 2059 6,
596 2005 650 2052 et
680 1996 811 2051 har.
871 1996 961 2059 50,
990 2012 1046 2052 n.
1089 1996 1157 2052 15
1180 2014 1195 2063 ;
1222 1996 1606 2071 Hieronymus,
1639 2000 1757 2053 Lib.
1784 2000 1831 2055 d4

1944 1993 2091 2049 tione
2136 1999 2430 2056 nonnullos
2464 2007 2701 2071 moveri,
2735 2019 2795 2064 ut
2837 2012 2952 2067 hac
2989 2016 3097 2073 duo
3140 2021 3255 2077 loca
3282 2041 3347 2081 ex
3363 1981 3500 2085 ’λιθ-

286 2089 382 2143 εἰν.
433 2089 634 2144 illustr.
689 2103 738 2141 c.
785 2088 891 2151 25,
939 2088 1031 2143 lib.
1090 2104 1201 2154 xw,
1233 2090 1287 2143 in
1336 2089 1497 2144 Isaia:
1540 2107 1636 2155 ιιι,
1676 2095 1761 2161 15,
1789 2105 1842 2151 et

282 2174 585 2233 Comment.
611 2180 662 2234 in
690 2178 885 2250 Ephes.
910 2193 985 2247 ιγ,
1010 2193 1026 2231 ι
1058 2194 1072 2244 ;
1110 2177 1334 2235 Photius
1364 2180 1485 2236 cod.
1520 2182 1623 2237 H5
1644 2184 1840 2253 θι126,

287 2276 345 2321 ιιι
394 2268 532 2323 alios
585 2276 813 2323 taceam.
869 2267 1092 2323 Etiamsi
1131 2278 1309 2325 autem
1356 2286 1386 2325 a
1420 2272 1693 2344 plerisque
1720 2274 1841 2330 Cle-

287 2360 503 2423 mentis,
543 2374 574 2412 a
598 2360 872 2415 nonnullis
908 2368 1088 2416 tamen
1121 2361 1509 2428 Romanorum,
1535 2366 1661 2435 quia
1691 2367 1842 2423 vide-

288 2448 409 2504 licet
434 2466 624 2505 eorum
665 2452 886 2508 nomine
910 2468 939 2505 a
961 2450 1233 2507 Clemente
1262 2455 1572 2525 conscripta
1596 2465 1700 2522 est,
1727 2459 1841 2529 epi-

283 2542 419 2595 stola
468 2550 833 2613 nuncupatur.
886 2542 1212 2597 Nominatim
1264 2560 1392 2600 vero
1428 2544 1680 2603 Clemens
1722 2547 1821 2605 Ale

281 2633 606 2699 xandriaus,
638 2634 732 2689 lib.
756 2651 790 2688 v
810 2634 1005 2690 Strom.
1033 2650 1154 2705 pag.
1190 2635 1314 2701 584,
1344 2637 1503 2691 verba
1532 2640 1741 2695 numeri
1771 2638 1840 2693 ΞΟ

280 2722 359 2776 sic
381 2723 568 2776 laudat
591 2742 605 2776 :
640 2725 797 2778 Ἀλλὰ
820 2725 920 2779 κάν
948 2728 1013 2797 τῇ
1043 2726 1177 2798 πρὸς
1202 2727 1517 2799 Κορινθίους
1556 2731 1837 2803 Ῥωμαίων

278 2809 531 2883 ιπιπολῇ
559 2812 795 2877 ὠκεανὸς
834 2815 1135 2886 ἀπέραντος
1176 2816 1481 2889 ἀνθρώποις
1508 2820 1832 2892 γέγραπται,

280 2901 371 2953 καὶ
401 2901 451 2953 oi
488 2902 603 2971 μετ’
633 2902 792 2955 αὐτὸν
821 2903 1032 2974 κόσμοι.
1065 2904 1205 2970 Quin
1219 2907 1377 2960 etiam
1399 2909 1455 2962 in
1482 2910 1705 2979 epistola
1728 2912 1835 2967 Ro-

277 3007 552 3044 manorum
581 2992 648 3045 ad
676 2992 971 3048 Corinthios
1001 2996 1253 3065 scriptum
1274 3007 1352 3052 est
1381 3012 1400 3051 :
1432 2997 1694 3068 Oceanus,
1719 3014 1827 3061 etc.

346 3081 409 3135 ll.
436 3081 730 3152 Epistolam
774 3085 919 3138 illam
951 3087 1166 3154 publice
1194 3089 1319 3142 olim
1350 3091 1598 3160 plurimis
1636 3094 1691 3148 in
1740 3109 1824 3150 ec-

276 3173 455 3229 clesiis
497 3176 689 3228 lectam
738 3174 907 3231 fuisse
948 3174 1212 3234 Eusebius
1256 3179 1395 3236 Hist.
1444 3185 1571 3238 eccl.
1616 3184 1707 3241 lib.
1739 3200 1824 3249 ιιι,

275 3280 323 3320 c.
346 3266 411 3320 16
432 3305 449 3330 ,
481 3268 668 3331 tradit,
700 3275 753 3323 et
791 3267 1121 3338 Epiphanius
1157 3271 1286 3328 har.
1325 3275 1413 3342 '50,
1445 3293 1498 3332 ιι.
1525 3278 1613 3344 15,
1666 3288 1827 3350 atque
1849 3307 1895 3366 ε

276 3355 634 3429 Hieronymus
680 3359 776 3414 lib.
815 3358 888 3413 De
932 3361 1059 3415 viris
1106 3362 1305 3417 illustr.
1344 3367 1681 3426 Confirmant.
1713 3370 1824 3427 Hoc

275 3458 416 3505 certe
435 3449 681 3504 Corinthi
714 3466 776 3506 ex
812 3452 988 3521 prisca
1031 3457 1422 3513 consuetudine
1463 3461 1658 3516 factum
1705 3479 1827 3520 esse

274 3539 561 3613 Dionysius
606 3543 1004 3599 Alexandrinus
1051 3545 1192 3615 apud
1242 3546 1537 3605 Eusebium
1595 3554 1690 3609 lib.
1745 3571 1818 3621 ιν,

270 3647 322 3688 c.
351 3634 453 3699 23,
494 3635 955 3705 locupletissimus
988 3641 1141 3695 testis
1169 3654 1269 3696 est.
1309 3639 1385 3694 Ex
1411 3657 1475 3697 eo
1495 3644 1655 3698 etiam
1680 3645 1819 3713 loco,

268 3740 424 3794 quem
462 3726 515 3780 in
561 3726 781 3781 laudato
815 3729 999 3783 codice
1034 3730 1399 3787 Alexandrino
1435 3735 1661 3801 obtinet,
1689 3751 1824 3791 con-

262 3815 466 3885 jectare
485 3825 570 3871 est
590 3818 637 3871 ei
669 3833 698 3872 a
718 3820 992 3875 nonnullis
1016 3822 1099 3876 vel
1117 3837 1298 3891 parem
1322 3825 1494 3881 sacris
1516 3827 1670 3883 libris
1688 3871 1703 3896 ,
1737 3832 1820 3886 vel

265 3907 568 3977 proximam
608 3916 730 3978 post
776 3909 899 3965 illos
941 3912 1198 3967 tributam
1239 3929 1360 3970 esse
1409 3917 1813 3977 auctoritatem.

264 3997 360 4053 Cui
384 4000 712 4067 conjectura
761 3998 905 4055 favet
934 4002 1154 4059 ultimus
1196 4004 1578 4075 Apostolorum
1618 4023 1815 4077 canon,

1940 2084 2208 2142 xandrino
2229 2090 2400 2145 ascita
2428 2095 2739 2165 opinentur.
2770 2099 2945 2172 Ipsius
2968 2107 3314 2169 Alexandrini
3338 2084 3498 2175 verba

1941 2175 2356 2272 adma—dictum
2384 2195 2547 2256 caput
2574 2188 2644 2243 46
2670 2190 2967 2252 referemus
2995 2207 3049 2253 et
3073 2206 3458 2272 expendemus.

2011 2266 2099 2360 lY.
2132 2269 2454 2360 Praeclaram
2492 2278 2633 2335 hanc
2660 2284 2945 2353 epistolam
2978 2266 3187 2359 primus
3224 2295 3497 2360 Patricius

1936 2355 2666 2424 JuniusLatinecnnversam
2716 2387 2780 2427 ac
2823 2355 3323 2440 notis-illustratam
3354 2388 3498 2446 Oxo-

1939 2448 2014 2502 nii
2046 2463 2190 2505 anno
2220 2452 2359 2507 1655
2385 2455 2575 2514 edidit.
2614 2458 2869 2519 Eamdem
2912 2482 3034 2523 cum
3075 2472 3276 2543 insigni
3305 2480 3499 2546 praefa-

1937 2538 2085 2593 tione
2105 2554 2248 2594 anno
2276 2543 2413 2599 1654
2464 2545 2814 2608 Helmestadii
2845 2559 3029 2614 recudi
3056 2538 3269 2619 curavit
3286 2538 3499 2626 loachi-

1937 2642 2058 2684 mus
2094 2628 2331 2689 Joannes
2376 2635 2645 2697 Maderus.
2698 2643 2851 2702 Mitto
2891 2658 2945 2703 et
2988 2667 3150 2722 quam
3202 2656 3496 2719 Bartonius

1935 2733 2079 2811 anno
2117 2723 2288 2790 1647,
2320 2742 2383 2780 ac
2428 2731 2660 2788 subinde
2701 2734 3031 2799 Godel‘ridus
3070 2745 3403 2807 Vendelinus
3442 2766 3497 2811 et

1932 2809 2168 2871 Joannes
2194 2816 2669 2881 Fell.0xoniensis
2698 2831 2926 2887 antistes
2947 2834 3148 2905 aliique
3177 2842 3408 2901 subinde
3438 2848 3491 2901 in
3540 2866 3543 2869 λ

1933 2918 2051 2959 eam
2074 2919 2344 2963 navarunt
2371 2927 2611 2981 operam.
2650 2914 3001 2977 Postmodum
3033 2933 3087 2980 et
3122 2927 3489 2987 Joannes—Ba-

1932 2995 2095 3065 ptista
2125 2996 2427 3058 Cotelerius
2464 3018 2609 3058 anno
2638 3004 2777 3059 1672
2808 3007 2955 3063 illam
3000 3028 3136 3066 nova
3168 3015 3492 3087 interpreta-

1931 3087 2080 3146 tione
2111 3092 2376 3163 novisque
2415 3098 2561 3153 notis
2604 3097 2919 3155 adornatam
2962 3102 3189 3162 Parisiis
3222 3109 3276 3162 in
3316 3109 3491 3169 lucem

1930 3178 2131 3236 emisit.
2162 3181 2290 3236 Eam
2314 3184 2531 3239 demum
2563 3191 2840 3245 recensuit
2880 3207 2944 3248 ac
2985 3203 3234 3251 notarum
3268 3201 3491 3270 spicile-

1929 3268 2075 3337 gium
2103 3272 2320 3344 collegit
2364 3274 2566 3331 Paulus
2595 3278 2967 3348 Colomesius,
3002 3285 3160 3354 cujus
3194 3268 3489 3347 novissima

1928 3360 2092 3417 editio
2138 3361 2371 3419 Londini
2400 3382 2545 3421 anno
2572 3367 2711 3424 1694
2752 3373 2973 3441 prodiit.
3022 3374 3277 3433 Cotelerii
3320 3380 3492 3437 inter-

1926 3456 2301 3524 pretationem,
2335 3465 2395 3510 ut
2417 3458 2605 3514 littera
2627 3463 2973 3528 tenaciorem,
3005 3468 3187 3525 verbis
3210 3476 3487 3532 nonnullis

1927 3546 2220 3602 identidem
2247 3550 2488 3613 mutatis,
2524 3553 2866 3609 retinendam
2896 3556 3049 3614 duxi.

1997 3637 2063 3694 ν.
2095 3638 2171 3695 De
2198 3647 2439 3710 tempore
2453 3658 2560 3712 quo
2580 3645 2779 3714 scripta
2801 3655 2904 3712 est,
2929 3653 3166 3708 nondum
3197 3655 3339 3712 inter
3354 3675 3484 3715 eru-

1921 3729 2067 3787 ditos
2098 3733 2373 3790 convenit.
2410 3732 2489 3789 Ac
2518 3735 2646 3789 licet
2687 3738 2861 3807 prima
2892 3740 3041 3799 illius
3069 3748 3232 3801 verba
3261 3750 3329 3805 de
3358 3768 3484 3822 pero

1921 3821 2201 3878 secutione
2237 3822 2381 3877 dicta
2412 3838 2531 3881 esse
2570 3827 2813 3899 plerique
2863 3845 3051 3890 omnes
3096 3821 3478 3910 consentiant,

1918 3926 1980 3966 ea
2003 3918 2187 3967 tamen
2210 3912 2301 3968 alii
2331 3913 2398 3967 de
2418 3912 2667 3980 Neronis,
2696 3916 2786 3970 alii
2810 3918 2876 3973 de
2904 3918 3193 3978 Domitiani
3222 3942 3481 3996 persecu-

1918 4003 2067 4059 tione
2115 4003 2563 4074 interpretantur.
2604 4006 2670 4061 Et
2707 4008 2848 4063 hanc
2879 4012 3097 4081 quidem
3136 4016 3227 4070 alii
3265 4017 3479 4074 ferven-

264 4088 315 4142 in
344 4104 453 4159 quo
496 4090 638 4143 inter
657 4088 788 4144 Novi
819 4089 1149 4147 Testamenti
1178 4093 1347 4149 libros
1374 4096 1493 4150 dua
1521 4096 1816 4156 Clementis

1929 4103 2022 4147 Lem
2044 4133 2059 4157 ,
2093 4094 2184 4147 alii
2212 4095 2553 4151 desinentem
2601 4098 2931 4171 intelligunt.
2977 4101 3113 4158 Hinc
3147 4108 3293 4162 circa
3340 4119 3478 4164 tem-

261 4181 505 4250 epistola
549 4189 921 4237 recensentur.
956 4183 1022 4236 Et
1049 4185 1299 4242 Clemens
1341 4188 1556 4257 quidem
1588 4189 1819 4246 Alexan-
1916 4199 2038 4253 PIIS-
2065 4200 2173 4255 quo
2199 4187 2426 4255 θρίειοιει
2472 4188 2574 4243 ίειει
2616 4190 2816 4261 scripta
2859 4200 2974 4256 est.
3015 4197 3210 4265 triplex
3242 4201 3476 4257 maxime

259 4273 451 4329 minus
478 4273 574 4327 ιίι),
606 4290 659 4327 ιν
690 4273 914 4339 stram"
946 4275 1073 4329 dum
1118 4276 1259 4333 hanc
1281 4285 1340 4331 ιη
1365 4278 1657 4335 Clementis
1686 4297 1816 4351 apo.
1914 4273 2097 4328 existit
2141 4274 2326 4341 opinio
2364 4294 2376 4329 :
2413 4275 2586 4345 prima
2615 4274 2840 4333 Joannis
2871 4278 3082 4334 Ernesti
3125 4280 3308 4337 Grabii
3330 4324 3344 4345 ,
3375 4287 3471 4357 qui

260 4362 380 4414 stoli
425 4361 632 4426 laudat,
659 4363 801 4418 inter
830 4364 1156 4433 apostolicas
1188 4363 1498 4436 Scripturas
1525 4369 1737 4423 videtur
1764 4373 1813 4426 ei

1929 4362 2163 4434 Spicileg.
2189 4364 2341 4421 Patr.
2361 4375 2402 4421 t.
2434 4366 2472 4430 I,
2502 4383 2555 4436 p.
2579 4367 2684 4422 254
2720 4375 2772 4422 et
2800 4368 2925 4430 255,
2956 4384 3075 4423 eam
3102 4370 3332 4430 Neronis
3358 4392 3472 4447 per-

258 4448 433 4503 ιοευιῃ
456 4450 606 4504 ἀτη-ε,
640 4449 751 4504 [mo
778 4466 883 4506 non
910 4451 1015 4505 alia
1043 4452 1109 4505 de
1128 4468 1291 4508 causa
1320 4454 1585 4511 Eusebius
1613 4458 1707 4514 lib,
1736 4475 1811 4526 γι,
1913 4456 2193 4509 secutione
2224 4455 2522 4511 desinente.
2555 4457 2802 4526 proxime
2827 4467 2949 4528 post
2978 4464 3345 4530 apostolorum
3372 4467 3472 4523 Pe-

256 4554 303 4594 c.
335 4540 425 4601 15,
459 4539 789 4595 Clementem
832 4541 1257 4596 Alexandrinum
1302 4541 1704 4614 Scripturarum
1742 4546 1812 4602 ab
1910 4544 1978 4597 tri
1999 4552 2054 4597 et
2083 4543 2237 4598 Pauli
2264 4547 2605 4617 martyrium,
2637 4547 2741 4603 hoc
2766 4558 2849 4604 est
2879 4565 3020 4606 anno
3050 4551 3251 4609 Christi
3291 4557 3362 4613 68
3384 4561 3468 4615 vel

256 4630 372 4686 aliis
403 4630 833 4701 repudiatarum,
861 4633 1281 4703 nominatimque
1303 4636 1651 4704 epistolarum
1680 4637 1815 4691 Baro
1842 4655 1886 4711 ι)
1914 4634 2078 4687 etiam
2106 4633 2173 4688 65
2198 4642 2430 4690 exeunte
2472 4637 2729 4706 scriptam
2778 4654 2902 4697 esse
2944 4644 3255 4711 contendit;
3298 4649 3467 4705 altera

256 4723 424 4787 naba,
457 4722 754 4777 Clementis
782 4730 836 4777 et
856 4721 1008 4777 Iuda
1039 4724 1369 4781 testimoniis
1400 4728 1477 4780 uti
1510 4736 1680 4792 notat,
1710 4729 1817 4785 nisi
1914 4723 2187 4778 Godefridi
2219 4723 2505 4779 Vendelini
2533 4727 2777 4781 eamdem
2804 4744 2949 4783 anno
2991 4730 3195 4788 Christi
3234 4735 3325 4800 95,
3359 4738 3463 4792 fer-

257 4817 375 4882 quia
408 4828 510 4884 pro
536 4828 695 4867 sacra
727 4811 1008 4884 Scriptura
1035 4814 1176 4869 hanc
1205 4814 1500 4872 Clementis
1529 4819 1813 4888 epistolam

1929 4822 2068 4870 rente
2104 4813 2397 4868 Domitiani
2438 4818 2816 4885 persecutione
2856 4820 3150 4892 illigantis;
3193 4835 3463 4896 postrema

256 4906 498 4961 habebat.
532 4904 612 4959 Eo
635 4916 795 4975 pacto
838 4906 1126 4976 quamdam
1156 4923 1347 4977 pugna
1390 4911 1623 4979 speciem
1644 4950 1658 4975 ,
1694 4927 1814 4982 qua

218 5003 223 5008 '
255 4995 310 5050 in
333 4994 549 5050 Eusebii
583 4994 825 5050 Historia
851 4995 1110 5058 occurrit,
1134 4996 1261 5050 dum
1284 4997 1578 5054 Clementis
1606 5001 1812 5069 episto-

254 5082 355 5139 lam
382 5086 502 5139 loco
526 5098 651 5137 mox
682 5083 900 5137 laudato
924 5085 989 5138 ah
1006 5085 1126 5139 aliis
1148 5084 1506 5155 repudiatam,
1529 5094 1583 5143 et
1607 5089 1702 5143 lib.
1724 5105 1807 5156 ιιι,

253 5190 370 5246 cap.
401 5177 466 5230 16
494 5185 549 5231 et
572 5175 662 5241 38,
707 5176 778 5229 ab
820 5175 1071 5230 omnibus
1100 5191 1211 5230 uno
1237 5190 1504 5233 consensu
1532 5188 1802 5250 receptam

248 5267 455 5331 scribit,
485 5267 740 5339 componi
761 5280 926 5336 posse
957 5265 1259 5322 Cotelerius
1286 5268 1557 5324 observat.
1600 5270 1802 5336 Quam-

247 5357 327 5413 vis
360 5360 500 5413 enim
530 5358 600 5413 ab
627 5358 887 5413 omnibus
914 5356 1052 5411 inter
1076 5357 1503 5421 ecclesiasticas.
1532 5376 1640 5415 non
1671 5361 1799 5416 item

248 5449 313 5502 ab
333 5451 580 5506 omnibus
601 5451 744 5505 inter
770 5463 963 5503 sacras
988 5447 1299 5520 Scripturas
1322 5458 1407 5506 est
1434 5460 1671 5521 recepta,
1704 5451 1799 5508 sed

246 5555 275 5594 a
304 5543 568 5616 plerisque
603 5559 635 5600 e
669 5542 990 5600 divinorum
1041 5541 1303 5597 librorum
1349 5556 1558 5601 canone
1600 5544 1797 5615 rejecta

247 5631 361 5688 luit.
1558 5632 1567 5643 ’

308 5723 389 5781 lll.
422 5724 537 5783 Non
565 5726 778 5783 desunt
803 5762 817 5789 ,
848 5721 941 5791 qui
970 5736 1088 5778 cum
1130 5723 1428 5781 Clementis
1461 5725 1628 5781 nostri
1676 5740 1798 5780 sen-

1904 4900 2159 4958 Cotelerii
2175 4910 2336 4972 atque
2352 4903 2702 4968 Tillemontii,
2726 4909 2819 4977 qui
2839 4910 2984 4965 illam
3012 4913 3290 4971 desinente
3315 4917 3454 4984 ejus-

1902 4994 2024 5050 dem
2052 4996 2395 5066 imperatoris
2426 5000 2825 5067 persecutione,
2859 5003 3002 5057 circa
3028 5020 3229 5060 annum
3258 5007 3460 5063 Christi

1908 5086 1978 5142 97
2027 5087 2282 5156 scriptam
2313 5087 2663 5145 arbitrantur.
2705 5090 2965 5157 Quartam
3010 5097 3094 5149 vir
3119 5097 3460 5155 clarissimus

1905 5176 2164 5232 Claudius
2191 5175 2506 5246 Fleury,t.l
2543 5177 2687 5234 Hist.
2743 5182 2893 5247 eccl.,
2927 5199 3048 5254 pag.
3081 5185 3205 5249 218,
3237 5190 3458 5259 excogi-

1904 5268 2070 5326 tavit.
2116 5284 2237 5337 qua
2265 5269 2329 5323 ad
2369 5267 2553 5324 Grabii
2592 5274 2915 5328 sententiam
2958 5275 3182 5344 propius
3211 5280 3453 5355 accedat.

1901 5356 2105 5429 Nempe
2133 5360 2200 5414 ad
2231 5358 2284 5413 id
2309 5367 2543 5429 tempus,
2573 5362 2717 5431 quod
2740 5362 2967 5419 Neronis
2996 5364 3271 5429 interitum
3296 5385 3461 5429 exeo:

1901 5450 2015 5520 pit,
2044 5460 2097 5505 et
2127 5448 2640 5522 Jerosolymitanum
2685 5456 2977 5509 antecessit
3021 5458 3321 5525 excidium,
3365 5476 3455 5518 re-

1902 5542 2031 5597 ferri
2056 5558 2217 5612 posse
2240 5543 2529 5612 opinatur;
2555 5554 2609 5598 et
2635 5559 2798 5601 casus
2826 5544 3104 5615 advel-Sos,
3137 5550 3193 5606 in
3211 5553 3454 5625 epistola

1902 5633 2173 5704 principio
2201 5640 2548 5695 memoratos,
2581 5632 2648 5687 de
2674 5634 2816 5690 bello
2844 5638 3019 5707 civili,
3049 5642 3193 5711 quod
3220 5642 3453 5702 Neronis

1902 5740 2049 5781 mors
2075 5724 2347 5788 excitavit,
2384 5723 2784 5793 interpretatur.
