4074 6286
531 268 594 323 79
1599 265 1689 320 AD
1728 265 1783 321 S.
1826 262 2247 320 CLEMENTEH
2287 267 2308 322 l
2345 268 2574 324 ΡΑΡᾹΜ
3656 280 3726 334 80

598 383 682 437 Vl.
726 382 1025 439 Obscurum
1058 399 1163 439 non
1192 392 1295 448 est,
1322 383 1649 440 Clementem
1677 386 1748 440 ibi
1779 384 1845 439 de
1876 400 2071 439 serum-
2103 385 2145 439 Α
2176 398 2300 438 sens
2333 394 2549 456 tempus
2574 386 2859 442 enuntiare
2888 390 3131 445 narranti
3163 390 3306 447 licet.
3339 390 3479 458 Quid
3508 393 3647 446 enim
3672 395 3726 448 in

522 475 645 540 nis,
682 477 879 546 quibus
908 492 1169 546 oppressa
1215 486 1330 533 erat
1379 476 1621 532 Romana
1663 476 1903 531 Ecclesia
1947 490 2070 530 cum

450 590 453 601 ν
522 566 925 623 Corinthiorum
955 570 1235 638 epistolam
1256 570 1481 639 accepit,
1508 570 1600 625 sed
1628 584 1657 621 a
1680 569 1874 638 quibus
1900 568 2071 638 respi-

521 661 674 713 rabat
718 673 843 712 cum
900 659 1043 711 hanc
1099 659 1419 729 rescripsit,
1474 659 1672 714 habere
1724 674 2069 723 sermonem,

519 748 760 818 adeoque
780 748 1063 803 Vendelini
1093 750 1160 804 de
1181 749 1558 818 persecutione
1586 748 1826 803 fervente
1853 756 2071 802 senten-

516 841 646 893 tiam
691 841 915 894 minime
954 841 1285 909 probandam
1314 854 1456 895 esse.
1498 838 1681 908 Neque
1709 839 1887 893 minus
1922 846 2069 892 certo

516 947 579 984 ex
617 930 807 985 eodem
834 932 1060 985 exordio
1089 933 1396 995 conﬁcitur,
1434 945 1703 985 aerumnas
1734 930 1854 984 illas
1880 929 1945 983 de
1965 928 2069 984 Nev

515 1022 667 1077 tonis
709 1023 1087 1092 persecutione
1132 1021 1478 1091 interpretari
1531 1035 1638 1074 non
1683 1019 1866 1073 licere.
1921 1018 2067 1071 Nihil

514 1116 657 1171 enim
687 1121 834 1179 erat,
878 1130 977 1168 cur
1018 1115 1072 1168 in
1123 1115 1419 1168 litterarum
1477 1113 1727 1166 tarditate
1772 1110 2067 1166 Corinthiis

512 1207 826 1262 excusanda
857 1206 962 1260 hoc
994 1213 1268 1260 taceretur
1288 1244 1302 1269 ,
1329 1204 1546 1258 Petrum
1583 1204 1866 1267 videlicet,
1908 1203 2066 1271 cujus

510 1306 629 1353 erat
657 1299 901 1367 ipsorum
934 1296 1251 1350 satisfacere
1279 1295 1702 1365 quaestionibus,
1731 1294 1798 1348 iis
1828 1294 2065 1363 acceptis

510 1388 810 1452 detentum,
842 1403 1037 1443 caesum
1062 1395 1115 1441 et
1144 1403 1174 1442 e
1194 1387 1329 1441 vivis
1359 1385 1525 1441 fuisse
1548 1386 1836 1440 sublatum.
1863 1385 2065 1439 Deinde

510 1482 566 1537 in
590 1491 700 1537 toto
719 1479 961 1551 epistolae
983 1486 1239 1533 contextu
1267 1477 1396 1530 illud
1424 1477 1697 1539 innititur,
1733 1491 1855 1529 eum
1884 1476 2059 1545 ipsmn

510 1574 603 1644 qui
630 1587 775 1627 nunc
803 1571 1079 1635 rescribit,
1114 1570 1267 1639 prius
1291 1568 1697 1622 Corinthiorum
1733 1568 1934 1636 scripta
1971 1581 2062 1621 ac—

509 1670 740 1733 cepisse.
769 1661 1033 1728 Quocirca
1066 1661 1131 1714 ad
1165 1660 1397 1713 litteram
1427 1657 1759 1727 intelligendi
1791 1666 1918 1711 sunt
1946 1664 2057 1711 tum

2173 474 2275 531 hac
2303 478 2530 547 epistola
2565 478 2670 532 sibi
2714 480 2859 544 vult,
2892 479 3170 551 Sacriﬁcia
3200 500 3302 537 non
3330 485 3383 537 in
3407 486 3547 537 omni
3592 486 3725 548 loco,

2172 568 2261 620 sed
2288 567 2634 636 Jerosolymis
2666 579 2869 623 tantum
2922 572 3246 639 oﬂ‘eruntur,
3287 573 3391 627 nisi
3439 572 3606 637 illud,
3652 573 3727 630 Ex

2170 662 2484 730 praescripto
2515 662 2647 732 legis
2674 662 2938 716 sacriﬁcia
2963 660 3314 734 Jerosolymis
3352 674 3555 717 tantum
3598 666 3727 733 olfe—

2169 756 2398 808 runtur?
2427 752 2583 818 Quod
2624 754 2840 824 quidem
2872 755 3248 824 pratscriptum
3280 771 3401 809 cum
3432 758 3726 811 etiamnum

2168 842 2227 896 in
2258 843 2373 913 lege
2400 852 2649 910 maneat,
2687 846 2803 914 ipsa
2832 845 3127 901 Clementis
3164 845 3327 900 verba
3358 847 3520 901 etiam
3563 848 3727 904 nobis

2166 932 2356 990 ell‘erre
2398 951 2509 989 non
2560 937 2741 1007 inepte
2789 950 2935 990 nunc
2969 936 3178 991 liceret.
3222 935 3423 1007 Nempe
3470 937 3722 996 Clemens

2165 1026 2565 1095 comparatione
2582 1042 2644 1080 ac
2672 1042 2820 1081 more
2849 1025 3177 1090 Judteorum,
3205 1027 3398 1097 quibus
3425 1028 3723 1086 sacrificio-

2163 1131 2282 1170 rum
2314 1117 2457 1186 leges
2488 1134 2518 1171 a
2554 1117 3226 1188 Moysepraascribuntur,
3262 1117 3589 1174 Christianis
3616 1136 3721 1174 au—

2164 1215 2282 1261 ctor
2305 1217 2419 1275 est,
2453 1216 2511 1262 ut
2536 1217 2589 1264 et
2622 1210 2723 1279 ipsi
2768 1216 3030 1263 statutum
3074 1209 3141 1264 ab
3182 1210 3443 1278 apostolis
3488 1211 3721 1265 oblatio-

2162 1315 2288 1353 num
2317 1308 2371 1354 et
2395 1299 2694 1355 ofﬁciorum
2738 1301 2982 1356 ordinem
3012 1310 3322 1357 reverenter
3358 1302 3623 1372 accipiant
3654 1317 3718 1357 ac

2162 1398 2397 1444 servent.
2426 1388 2539 1445 Hoc
2564 1398 2764 1455 autem,
2793 1399 2851 1444 ut
2876 1392 2992 1462 ipse
3020 1407 3073 1447 v.
3103 1392 3173 1447 cl.
3204 1392 3394 1448 Claud.
3418 1391 3607 1463 Fleury
3637 1392 3720 1447 fa-

2160 1484 2328 1541 tetur,
2360 1480 2415 1533 in
2443 1479 2780 1550 exponendis
2809 1483 3308 1552 comparationibus
3342 1484 3623 1549 usuvenit,
3658 1492 3718 1538 ut

2160 1585 2246 1624 res
2273 1573 2560 1640 praeteritae
2596 1572 2820 1642 perinde
2862 1588 2924 1628 ac
2954 1573 2999 1628 si
3026 1583 3319 1644 praesentes
3348 1575 3617 1645 adessent,
3646 1577 3721 1633 ob

2161 1663 2351 1718 oculos
2381 1671 2671 1733 ponantur.

509 1724 743 1810 Irenaeus
892 1771 974 1816 ιιι,
1003 1752 1133 1805 Adv.
1161 1751 1340 1805 lueres.
1373 1765 1423 1804 c.
1450 1750 1502 1812 5,
1527 1759 1578 1803 et
1600 1724 1739 1817 apud
1769 1748 2059 1805 Eusebium
2093 1724 2137 1783 Β
2237 1724 2632 1809 “IL-Frustra
2654 1756 2814 1810 etiam
2843 1755 3167 1810 Clementem
3197 1756 3439 1826 proxime
3471 1766 3589 1827 post
3617 1756 3717 1813 Ρίμ

511 1847 655 1900 Hist.
705 1845 832 1901 ccci.
854 1884 868 1909 ,
901 1846 996 1899 lib.
1026 1861 1087 1907 v,
1121 1858 1241 1911 cap.
1277 1842 1345 1908 6;
1386 1848 1497 1894 tum
1540 1840 1877 1910 Hegesippus
1920 1841 2061 1910 apud

507 1938 754 1993 eumdem
794 1936 1087 1991 Eusebium
1122 1935 1215 1988 lib.
1254 1949 1343 1999 1v,
1381 1949 1431 1987 c.
1466 1932 1564 1996 22,
1601 1947 1725 1986 cum
1764 1932 2062 1987 dissensio-

507 2044 653 2092 nem,
685 2043 847 2098 quam
875 2028 1068 2083 sedare
1094 2040 1241 2081 nunc.
1269 2032 1500 2080 conatur
1520 2024 1791 2088 Clemens,
1823 2040 1929 2078 non
1959 2024 2061 2078 sub

506 2117 687 2181 Petro,
722 2117 816 2173 sed
839 2119 940 2175 sub
958 2116 1237 2173 Clemente
1262 2125 1436 2171 ortam
1471 2129 1593 2171 esse
1617 2121 1906 2171 testantur.
1924 2114 2063 2169 Prae-

505 2220 649 2281 terea
675 2226 798 2265 cum
824 2210 963 2265 idem
990 2209 1224 2264 Irenaeus
1245 2249 1260 2273 ,
1294 2208 1716 2278 apostolicorum
1756 2215 2056 2277 temporum

503 2311 614 2357 tam
640 2304 868 2366 vicinus,
887 2302 1215 2357 Clementem
1244 2300 1402 2354 tertio
1429 2301 1547 2354 loco
1570 2300 1639 2354 ab
1661 2299 1918 2369 apostolis
1935 2306 2059 2368 post

502 2393 697 2447 Linum
723 2401 777 2446 et
803 2392 1036 2453 Cletum,
1070 2406 1164 2445 seu
1189 2398 1248 2444 ut
1281 2399 1461 2455 vocat,
1491 2390 1804 2446 Anacletum
1824 2429 1840 2453 ,
1872 2388 2058 2446 Romae

502 2485 875 2554 episcopatum
899 2482 1154 2537 sortitum
1176 2498 1300 2537 esse
1326 2483 1563 2547 scribat,
1595 2484 1863 2553 reliquum
1892 2492 1976 2540 est
1998 2492 2057 2539 ut

501 2590 624 2632 eum
654 2574 900 2645 pluribus
926 2582 1046 2646 post
1071 2574 1333 2631 Neronem
1347 2578 1502 2632 annis
1524 2574 1780 2631 Romanae
1805 2576 2057 2633 Ecclesiae

502 2665 1020 2722 administrationem
1035 2667 1339 2736 suscepisse
1361 2668 1665 2722 crediderit.
1700 2667 1852 2724 Hunc
1876 2677 2054 2725 autem

498 2770 565 2811 ea
591 2756 648 2811 in
675 2771 735 2812 re
761 2756 957 2811 falsum
999 2772 1121 2813 esse
1151 2760 1275 2827 quis
1317 2759 1420 2814 sibi
1461 2760 1821 2829 persuadeat?
1866 2760 2052 2817 Eidem

499 2846 864 2918 suffragantur
899 2857 953 2903 et
992 2849 1237 2920 plerique
1280 2849 1505 2917 Patres,
1550 2852 1642 2922 qui
1685 2850 2053 2908 Romanorum

499 2940 817 2996 Pontificum
849 2942 1042 2998 seriem
1069 2949 1286 3007 texunt,
1332 2953 1491 3014 atque
1533 2945 1636 3015 ipsi
1667 2956 1875 3002 veteres
1902 2956 2052 3002 cata-

498 3032 628 3103 logi,
658 3034 710 3088 in
734 3034 931 3104 quibus
958 3032 1117 3088 Petro
1155 3034 1344 3099 Linus,
1376 3035 1514 3090 Lino
1543 3035 1745 3105 Cletus,
1778 3038 1905 3093 huic
1929 3039 2052 3095 Cle-

498 3140 651 3180 mens
699 3124 1032 3181 successisse
1077 3125 1293 3196 legitur.
1337 3125 1460 3197 lpsa
1504 3144 1720 3200 quoque
1760 3129 2051 3187 Clementis

494 3215 658 3270 verba
685 3230 832 3270 num.
861 3215 930 3269 44
959 3214 1051 3284 qui
1080 3215 1417 3285 expenderit,
1448 3218 1538 3273 ubi
1581 3220 1799 3274 laudata
1835 3229 2051 3292 aposto~

494 3303 670 3357 lorum
717 3304 1058 3374 providentia
1104 3306 1287 3359 subdit
1317 3324 1330 3360 :
1357 3307 1460 3373 Qui
1506 3308 1668 3378 igitur
1706 3310 1770 3363 ab
1795 3310 1924 3375 illis,
1959 3320 2051 3364 aut

495 3394 738 3464 deinceps
782 3394 845 3448 ab
887 3396 1008 3450 aliis
1054 3396 1181 3450 viris
1219 3398 1427 3452 eximiis
1468 3400 1737 3453 constituti
1765 3410 1953 3456 sunt...
1987 3417 2050 3455 ac

495 3487 649 3556 longa
694 3495 919 3556 tempore
966 3488 1281 3556 prwclarum
1320 3487 1385 3541 ab
1421 3489 1659 3545 omnibus
1698 3493 2047 3547 testimonium

495 3585 856 3647 reportarunt,
886 3577 979 3632 hos
1012 3593 1275 3632 censemus
1304 3579 1466 3648 oﬂ‘icio
1481 3580 1674 3649 injuste
1696 3581 1882 3649 dejici;
1908 3582 2043 3648 haec,

496 3669 739 3738 inquam,
768 3672 860 3740 qui
883 3670 1220 3740 expenderit,
1254 3672 1300 3727 is
1340 3686 1662 3741 persuasum
1694 3673 1909 3729 habebit
1930 3674 2048 3743 epi-

495 3762 687 3815 stolam
720 3761 879 3817 istam
906 3770 1036 3817 tunc
1062 3764 1319 3833 temporis
1350 3766 1714 3834 conscriptam
1740 3780 1882 3829 esse,
1919 3780 2042 3820 cum

494 3854 563 3907 ab
607 3849 779 3909 ollicio
826 3870 926 3910 suo
956 3857 1149 3911 remoti
1185 3855 1414 3912 fuissent
1444 3859 1775 3928 presbyteri,
1820 3859 1911 3928 qui
1936 3873 2043 3913 non

493 3944 667 3999 solum
699 3946 766 3999 ab
795 3946 1073 4017 apostolis,
1105 3946 1195 4001 sed
1219 3946 1381 4001 etiam
1412 3946 1474 3999 ab
1502 3947 1623 4000 aliis
1652 3946 1909 4018 deinceps,
1939 3947 2044 4002 hoc

492 4040 573 4089 est
602 4033 669 4088 ab
696 4049 883 4088 eorum
922 4036 1335 4090 successoribus
1364 4037 1622 4103 ordinati,
1656 4052 1855 4091 munus
1886 4053 2042 4092 suum

491 4124 645 4196 longo
669 4134 897 4196 tempore
921 4126 1189 4182 obierant.
1225 4126 1488 4181 Standum
1518 4128 1681 4198 igitur
1719 4135 1802 4182 est
1826 4137 2043 4182 senten-

489 4217 578 4271 tiae
605 4216 847 4280 Eusebii,
880 4216 933 4271 in
957 4216 1114 4284 cujus
1147 4216 1400 4274 Chronico
1426 4233 1546 4287 cap.
1588 4219 1671 4281 15,
1698 4220 2040 4287 pontiﬁcatus

487 4309 785 4365 Clementis
825 4309 979 4363 initia
1033 4310 1099 4364 ad
1143 4318 1446 4380 postremos
1480 4310 1769 4366 Domitiani
1808 4313 2040 4382 impera-

2166 1846 2234 1898 tri
2260 1862 2323 1900 ac
2358 1845 2509 1900 Pauli
2543 1848 2860 1918 martyrium
2895 1849 3182 1918 scripsisse
3209 1865 3271 1903 ex
3306 1866 3371 1904 eo
3407 1852 3717 1920 colligitur,

2159 1936 2305 2005 quod
2333 1951 2479 1991 num.
2511 1937 2545 1990 4
2572 1939 2777 2003 Abelis,
2804 1936 3000 2004 Jacob,
3042 1938 3243 2009 llloysis
3266 1954 3329 1993 ac
3356 1939 3592 2003 Davidis,
3620 1944 3713 2010 qui

2161 2043 2256 2097 per
2285 2027 2679 2081 aemulationem
2696 2036 2748 2082 et
2777 2027 3032 2082 invidiam
3058 2029 3222 2082 multa
3246 2031 3389 2099 passi
3414 2042 3557 2095 sunt,
3578 2048 3715 2100 prae-

2159 2118 2344 2174 missis
2370 2119 2653 2187 exemplis,
2686 2134 2839 2173 num.
2864 2120 2897 2173 5
2940 2119 3097 2173 initio
3130 2120 3386 2189 subiicit,
3419 2121 3505 2175 sed
3536 2125 3713 2178 missis

2156 2207 2407 2262 veteribus
2428 2208 2695 2277 exemplis,
2725 2210 2989 2263 veniamus
3020 2209 3089 2262 ad
3111 2212 3376 2279 proximos
3395 2213 3639 2279 athletas,
3663 2225 3714 2268 et

2159 2300 2329 2352 etatis
2361 2308 2554 2353 nostra:
2580 2315 2827 2369 generosa
2854 2300 3088 2367 exempla
3110 2316 3398 2367 sumamus,
3425 2318 3488 2358 ac
3517 2303 3713 2359 deinde

2154 2388 2299 2444 Petri
2334 2398 2388 2446 et
2426 2390 2577 2445 Pauli
2613 2393 2929 2463 martyrium
2956 2404 3193 2447 enarrat.
3226 2391 3393 2448 Nemo
3421 2395 3562 2449 enim
3599 2412 3711 2451 non

2154 2481 2300 2534 videt
2331 2495 2493 2551 quam
2521 2488 2668 2537 recte
2709 2480 2961 2537 Clemens
2990 2482 3132 2537 circa
3164 2498 3363 2537 annum
3388 2483 3594 2540 Christi
3617 2486 3708 2548 97,

2154 2570 2299 2626 Petri
2329 2587 2391 2627 ac
2420 2571 2571 2627 Pauli
2597 2573 2934 2641 martyrium,
2964 2589 3087 2629 cum
3111 2575 3443 2645 temporibus
3468 2576 3706 2640 Davidis,

2154 2662 2373 2734 Moysis,
2403 2663 2569 2720 Jacob
2591 2672 2646 2719 et
2673 2664 2855 2720 Abelis
2884 2675 3252 2735 comparatum
3274 2706 3289 2731 ,
3318 2668 3613 2735 proximum
3646 2685 3709 2724 ac

2154 2756 2376 2810 vicinum
2397 2757 2566 2810 (etatis
2598 2765 2789 2809 nostra:
2811 2756 3027 2811 dixerit.
3061 2758 3172 2811 lmo
3202 2773 3376 2827 neque
3404 2761 3707 2828 proximum

2153 2847 2220 2901 ab
2240 2862 2305 2902 eo
2329 2846 2532 2901 dicitur
2562 2846 2754 2901 diebus
2786 2848 2982 2918 quibus
3013 2848 3225 2914 scribit,
3257 2852 3350 2905 sed
3365 2851 3709 2924 aetatiqqu

2152 2952 2312 3007 quam
2336 2938 2448 3008 agit
2469 2976 2484 2999 ,
2517 2952 2613 2993 seu
2645 2938 2700 2991 in
2731 2954 2836 3008 qua
2865 2939 3038 3009 degit.
3072 2939 3295 2995 Domum
3325 2956 3473 2996 num.
3508 2941 3577 2995 47
3611 2942 3706 2997 ubi

2153 3029 2219 3084 ad
2250 3030 2560 3099 evangelica
2588 3036 2831 3099 tempora
2854 3032 3096 3085 animum
3122 3030 3322 3097 refert,
3366 3046 3537 3101 eaque
3578 3048 3704 3086 cum

2151 3122 2243 3175 illo
2287 3121 2498 3177 confert
2540 3136 2650 3192 quo
2677 3121 2904 3186 scribit,
2951 3123 3353 3178 Corinthiorum
3404 3123 3702 3180 Ecclesiam

2149 3212 2426 3282 antiquam
2456 3227 2655 3267 vocare
2674 3251 2689 3277 ,
2720 3221 2774 3267 et
2817 3212 3051 3283 primum
3082 3230 3270 3270 eorum
3298 3214 3604 3279 dissidium,
3634 3215 3704 3271 de

2148 3320 2255 3375 quo
2285 3304 2485 3360 Paulus
2511 3305 2533 3359 Ι
2561 3304 2691 3362 Cor.
2718 3320 2756 3371 ι,
2788 3305 3049 3374 loquitur,
3080 3306 3209 3358 utin
3237 3306 3492 3373 principio
3520 3304 3703 3359 Euan-

2145 3396 2266 3463 gelii
2292 3405 2469 3449 ortum
2502 3409 2820 3459 memorare,
2845 3397 3129 3464 ipsamque
3150 3396 3377 3463 apostoli
3409 3394 3569 3463 hujus
3592 3395 3707 3465 epi-

2146 3487 2338 3542 stolam
2364 3526 2379 3551 ,
2416 3488 2629 3541 tametsi
2675 3488 3084 3557 quatuordecim
3128 3497 3335 3541 tantum
3369 3488 3525 3543 annis
3551 3488 3703 3541 exci-

2144 3579 2293 3633 dium
2321 3577 2647 3649 Jerosolym.
2674 3580 3038 3649 prmeesserit,
3070 3580 3123 3633 in
3150 3580 3402 3649 principio
3431 3580 3700 3651 Evangelii

2144 3672 2394 3739 scriptam
2426 3671 2611 3726 dicere
2647 3687 2758 3726 non
2798 3671 3032 3727 dubitat.
3076 3672 3231 3737 Quod
3283 3688 3415 3727 sane
3463 3674 3696 3728 evidenti

2144 3768 2462 3830 argumento
2489 3767 2574 3815 est
2608 3775 2765 3825 eum,
2796 3776 2917 3815 cum
2949 3761 3022 3815 ita
3055 3762 3345 3825 scriberet,
3382 3761 3593 3832 longius
3630 3763 3699 3817 ab

2142 3852 2328 3906 eodem
2358 3851 2625 3921 principio
2655 3851 2986 3917 recessisse;
3030 3868 3131 3907 nec
3155 3853 3222 3907 ab
3252 3853 3377 3906 hinc
3405 3855 3696 3908 recessisse

2142 3941 2353 4011 longius
2402 3940 2706 4003 videretur,
2757 3940 2826 4002 si,
2873 3948 2934 3994 ut
2970 3940 3085 3995 vult
3131 3940 3397 4007 Grabius,
3442 3944 3693 4013 praedii-ta

2142 4030 2292 4086 Pauli
2311 4030 2551 4101 Epistola
2584 4031 2697 4085 haec
2738 4030 3033 4086 Clementis
3075 4047 3269 4086 novem
3306 4034 3567 4090 duntaxat
3610 4034 3693 4089 vel

2142 4121 2208 4177 ad
2239 4138 2509 4177 summum
2538 4122 2822 4177 duodecim
2850 4123 3005 4177 annis
3033 4124 3299 4192 posterior
3328 4124 3481 4178 foret.

2208 4212 2299 4267 IX.
2330 4212 2408 4267 Ex
2442 4214 2749 4269 venerando
2792 4214 2884 4268 illo
2930 4228 3098 4269 sacrae
3128 4215 3466 4284 antiquitatis
3498 4230 3690 4269 monuo

2140 4315 2354 4370 mento,
2401 4306 2543 4375 quod
2596 4321 2861 4361 summam
2911 4308 3209 4377 primorum
3257 4307 3687 4362 Christianorum

488 4401 624 4455 toris
657 4416 829 4456 annos
874 4402 1204 4457 referuntur.
1253 4399 1405 4457 Unde
1450 4402 1585 4456 nihil
1618 4403 1817 4457 rationi
1860 4404 2034 4473 magis
2068 4398 2111 4453 D
2140 4397 2538 4466 simplicitatem
2570 4398 2730 4467 sapit,
2762 4398 2871 4451 duo
2902 4397 3148 4468 inprimis
3185 4397 3403 4450 maximi
3432 4399 3687 4451 momenti

486 4497 907 4544 consentaneum
932 4492 1192 4555 occurrit,
1224 4506 1384 4561 quam
1415 4491 1894 4548 utCorinthiorum
1924 4494 2043 4563 epi-

488 4579 681 4634 stolam
732 4579 985 4635 steviente
1042 4579 1332 4636 Domitiani
1382 4585 1759 4652 persecutione
1809 4582 2035 4639 Romam

482 4669 832 4741 pervenisse,
888 4677 1050 4740 atque
1089 4670 1201 4727 illis
1246 4670 1434 4727 eadem
1469 4675 1848 4742 persecutione
1891 4674 2037 4729 desi-

482 4768 647 4816 nente
676 4776 706 4814 a
733 4759 1012 4820 Clemente
1036 4761 1182 4817 circa
1213 4775 1414 4816 annum
1458 4762 1664 4819 Christi
1704 4764 1795 4829 97,
1828 4764 2033 4820 reseris-

482 4858 634 4923 ptum
666 4867 789 4907 esse
819 4866 1158 4906 censeamus.
1972 4910 1983 4928 .

550 4938 664 4997 Vll.
704 4939 888 5011 Neque
914 4941 999 4995 his
1041 4941 1359 4996 adversatur
1384 4943 1537 5008 illud,
1573 4959 1721 4999 num.
1773 4944 1834 4999 41
1868 4942 2034 5000 :Non

479 5031 685 5104 ubique,
715 5033 930 5101 fratres,
970 5032 1260 5101 offeruntur
1305 5035 1567 5100 sacriﬁcia
1603 5035 1773 5105 jugia,
1825 5036 1905 5091 vel
1948 5053 2033 5091 vo-

481 5123 607 5189 tiva,
637 5125 715 5179 vel
733 5140 824 5193 pro
856 5134 1067 5193 peccato
1094 5134 1143 5178 et
1177 5124 1386 5188 delicto,
1416 5124 1505 5178 sed
1534 5124 1879 5197 Jerosolymis
1908 5137 2031 5182 tan-

480 5224 614 5278 tum,
644 5215 770 5270 licet
796 5212 1028 5269 Grabius
1055 5213 1182 5269 hinc
1212 5221 1362 5269 certo
1410 5225 1662 5270 constare
1702 5217 1805 5271 sibi
1849 5218 2027 5280 dicat,

477 5303 737 5373 templum
761 5303 1269 5376 Jerosolymitanum
1293 5313 1403 5358 tum
1434 5304 1672 5369 stetisse,
1698 5313 1859 5376 atque
1881 5308 2031 5362 exci-

478 5395 627 5449 dium
657 5395 821 5459 illius,
853 5395 997 5466 quod
1025 5397 1079 5450 in
1099 5410 1299 5449 annum
1332 5393 1399 5449 70
1419 5393 1628 5459 incidit,
1655 5397 1883 5451 necdum
1906 5414 2032 5454 con-

477 5486 694 5557 tigisse;
725 5486 925 5556 alioqui
948 5501 1058 5540 non
1089 5486 1378 5553 offeruntur
1399 5485 1455 5539 in
1479 5486 1755 5555 praesenti,
1779 5487 1874 5543 sed
1900 5488 2028 5543 olim

475 5576 825 5645 oﬁerebantur
853 5576 1029 5631 fuisse
1046 5576 1356 5632 dicendum.
1390 5575 1589 5633 Verum
1634 5593 1742 5632 non
1781 5580 1913 5634 satis
1944 5585 2027 5632 at-

475 5669 645 5722 tendit
673 5669 755 5722 vir
783 5666 1033 5721 eruditus
1056 5668 1324 5724 sermonis
1368 5678 1526 5723 usum
1542 5704 1557 5729 ,
1574 5679 1681 5736 quo
1694 5681 1782 5721 res
1798 5674 2021 5738 praeter-

480 5761 583 5813 itas
638 5758 801 5813 veluti
840 5765 1131 5827 praesentes
1160 5758 1229 5813 ob
1250 5760 1435 5818 oculos
1460 5775 1661 5829 ponere
1687 5767 1740 5816 et
1764 5775 1859 5830 per
1882 5773 2021 5830 prae-
2071 5833 2080 5840 .

2137 4489 2463 4544 documenta
2496 4489 2679 4545 fideles
2714 4489 3042 4559 percipiunt.
3074 4486 3313 4541 Primum
3341 4487 3482 4541 enim
3509 4487 3599 4541 ubi
3634 4503 3689 4542 In

2139 4581 2390 4650 primaria
2416 4579 2679 4645 Ecclesia,
2715 4588 2791 4635 tot
2818 4579 3053 4650 Spiritus
3083 4578 3253 4632 sancti
3285 4577 3440 4632 donis
3463 4586 3683 4643 ornata,

2136 4685 2199 4723 ac
2222 4656 2471 4725 maximis
2502 4670 2869 4739 apostolorum
2901 4666 3192 4723 sudoribus
3219 4667 3430 4721 exculta
3452 4705 3465 4729 ,
3499 4667 3685 4734 spinas

2133 4761 2537 4816 dissensionum
2569 4768 2787 4815 exortas
2811 4760 3013 4821 vident,
3049 4759 3229 4814 minus
3253 4757 3363 4827 jam
3390 4757 3679 4820 mirantur,

2133 4852 2179 4907 si
2212 4852 2350 4905 inter
2373 4849 2707 4906 Christianas
2728 4850 3030 4915 societates,
3052 4864 3172 4918 quae
3198 4855 3343 4901 recte
3370 4846 3685 4915 compositae

2134 4941 2403 5005 audiunt,
2455 4938 2767 5009 hujusmodi
2814 4938 3070 4994 scandala
3121 4938 3324 4994 oboriri
3373 4938 3680 5007 contigerit.

2107 5031 2422 5102 Nunquam
2474 5032 2731 5085 nimirum
2778 5030 3009 5100 quiescit
3053 5030 3306 5099 antiquus
3347 5029 3683 5084 zizaniorum

2132 5124 2457 5187 seminator,
2500 5130 2555 5177 et
2610 5137 2798 5192 agrum
2836 5121 3049 5177 Domini
3090 5121 3345 5176 infaustis
3384 5121 3683 5177 seminibus

2132 5213 2337 5268 fcedare
2379 5227 2488 5267 non
2531 5220 2729 5268 cessat.
2766 5211 2870 5267 Sed
2900 5212 3148 5282 quamvis
3168 5211 3449 5280 antiquum
3478 5210 3549 5265 sit
3581 5211 3684 5265 hoc

2129 5304 2351 5369 malum,
2381 5318 2491 5358 non
2513 5302 2635 5357 ideo
2659 5309 2836 5356 tamen
2865 5303 3046 5355 minus
3076 5301 3363 5372 lugendum
3389 5317 3404 5366 ;
3434 5299 3529 5355 sed
3562 5301 3684 5353 uuln

2128 5395 2239 5448 lum
2268 5410 2416 5457 esse,
2464 5394 2554 5447 cui
2599 5391 2898 5447 remedium
2945 5392 3107 5446 citius
3155 5390 3519 5445 adhibendum
3571 5398 3677 5453 sit,

2128 5487 2255 5542 item
2284 5500 2348 5540 ex
2378 5484 2481 5538 hoc
2508 5482 2732 5552 scripto,
2761 5492 2821 5536 ut
2848 5498 2914 5537 ex
2943 5481 3094 5536 Pauli
3114 5482 3374 5552 Epistola,
3400 5482 3677 5536 docemur.

2126 5576 2327 5646 Nempe
2356 5567 2505 5630 tenui
2533 5573 2927 5629 discordiarum
2952 5573 3198 5638 ﬂamma,
3228 5572 3330 5626 nisi
3362 5586 3525 5643 quam
3566 5571 3680 5640 pri-

2127 5683 2275 5723 mum
2305 5665 2712 5734 exstinguatur,
2752 5663 2902 5722 brevi
2938 5664 3129 5736 ingens
3156 5661 3461 5718 incendium
3491 5661 3674 5717 conci-

2126 5758 2231 5815 tari
2253 5757 2495 5829 apprime
2512 5755 2799 5812 callebant.
3400 5742 3407 5748 ’
