4074 6286
307 433 369 491 81

1542 435 1881 493 ΡῐιουιέιιιΑ
1924 437 2300 494 VARIOBUM.

3447 441 3518 496 ὃς

1128 637 1579 699 ADMONITIO
1624 636 1703 697 ΙΝ
1762 632 2218 695 EPISTOLAM
2268 635 2705 697 SECUNDAM.

382 786 421 843 1.
448 783 523 838 Ex
544 781 740 838 eodem
761 781 957 836 codice
976 780 1359 843 Alexandrino,
1378 796 1440 834 ex
1465 794 1572 850 quo
1596 779 1863 849 superior,
1894 756 1936 811 Α
1966 773 2217 830 familiari
2247 791 2395 832 more
2426 776 2813 848 intelligendus
2834 787 2917 833 est
2939 779 3101 849 loqui.
3136 779 3231 834 Ubi
3253 781 3396 834 enim
3419 782 3514 836 ali-

318 875 505 947 prodiit
530 872 882 942 subsequens
905 869 1149 940 cpistola.
1175 868 1249 924 De
1274 869 1372 922 hac
1389 868 1652 923 Eusebius
1674 867 1766 922 lib.
1806 882 1863 921 ιιι

318 968 452 1021 Hist.
482 963 610 1019 eccl.
639 979 691 1019 c.
721 963 827 1018 38:
862 961 1054 1015 ἰστέον
1080 962 1123 1016 δ’
1155 961 1230 1025 ὡς
1257 962 1349 1014 καὶ
1375 960 1598 1032 δευτέρα
1621 977 1703 1023 τις
1731 953 1867 1012 εἶναι

315 1060 521 1127 λέγεται
551 1056 647 1110 τοῦ
675 1056 997 1127 Κλήμεντος
1040 1052 1313 1125 ἐπιστολὴ,
1340 1053 1400 1106 οὐ
1433 1051 1538 1124 μὴν
1565 1050 1639 1104 ἔθ’
1669 1051 1867 1121 ὁμοίως

315 1154 375 1221 τῇ
392 1149 629 1221 προτέρᾳ
643 1149 739 1200 καί
748 1147 951 1218 ταύτην
966 1148 1234 1218 γνώριμον
1251 1144 1604 1216 ἐπιστάμεθα,
1620 1144 1700 1197 ὅτι
1716 1143 1774 1196 δὲ
1793 1141 1865 1214 μὴ

315 1243 433 1305 τοὺς
450 1238 712 1311 ἀρχαίους
728 1238 867 1311 αὐτῇ
895 1238 1257 1311 κεχρημένους
1284 1238 1458 1309 ἴσμεν.
1478 1236 1753 1291 Sciendum
1771 1252 1866 1288 au-

318 1340 414 1385 tem
436 1330 661 1401 estquod
674 1330 964 1384 etsecunda
983 1328 1217 1399 quaedam
1234 1326 1511 1382 Clementis
1522 1326 1741 1395 epistola
1756 1341 1866 1379 esse

317 1422 548 1475 dicatur:
565 1438 682 1474 eam
699 1430 872 1473 autem
890 1437 990 1474 non
1006 1419 1244 1473 similiter
1256 1435 1316 1471 ac
1330 1419 1553 1488 priorem
1569 1425 1743 1470 notam
1755 1432 1865 1469 esse

317 1515 653 1580 comperimus
674 1528 692 1576 ;
709 1513 954 1583 quoniam
967 1528 1055 1565 nec
1071 1519 1257 1564 veteres
1272 1526 1334 1564 ea
1349 1525 1471 1564 usos
1487 1525 1595 1563 esse
1606 1509 1859 1563 novimus.

315 1603 572 1658 Observat
595 1600 900 1659 Cotelerius
925 1603 1035 1655 haec
1071 1599 1289 1656 Eusebii
1318 1600 1481 1655 verba
1524 1599 1881 1668 indiligenter.

318 1711 345 1748 a
375 1693 567 1747 Rufino
585 1684 898 1748 sic’reddita
925 1712 939 1745 :
972 1691 1178 1745 Dicitur
1207 1701 1376 1744 tamen
1401 1706 1511 1744 esse
1537 1698 1584 1743 et
1615 1690 1722 1742 alia
1747 1688 1863 1744 Cle-

318 1786 497 1840 mentis
520 1783 765 1853 epistola,
796 1783 946 1851 cujus
988 1799 1080 1835 nos
1119 1782 1361 1835 notitiam
1390 1796 1491 1835 non
1531 1780 1861 1848 accepimus;

318 1889 488 1943 neque
518 1873 691 1942 magis
737 1879 991 1926 accurate
1030 1870 1098 1924 ab
1142 1869 1470 1940 Hieronymo
1498 1868 1615 1925 Lib.
1655 1869 1719 1922 de
1763 1870 1858 1923 vir.

315 1969 512 2022 itlustr.
534 1966 613 2039 ‘(si
647 1977 825 2020 tamen
861 1964 935 2018 ibi
965 1964 1031 2017 ad
1055 1962 1273 2017 Eusebii
1299 1962 1459 2016 verba
1494 1962 1739 2031 respicit)
1768 1978 1862 2016 ex-

314 2074 501 2131 pressa
548 2058 720 2112 fuisse
764 2056 817 2109 in
847 2055 991 2109 hunc
1026 2054 1242 2108 modum
1273 2071 1286 2108 :
1336 2051 1527 2107 Fertur
1558 2061 1606 2105 et
1637 2052 1861 2107 secunda

313 2168 419 2205 esse
449 2165 515 2203 ex
538 2150 651 2217 ejus
678 2147 883 2202 nomine
911 2145 1129 2216 epistola
1148 2186 1163 2211 ,
1194 2161 1308 2216 qua:
1338 2162 1370 2198 a
1396 2145 1647 2199 veteribus
1685 2158 1861 2213 repro-

315 2240 784 2306 batur;Photium
815 2239 1047 2307 denique
1085 2236 1207 2292 cod.
1240 2237 1342 2291 11⁸5
1380 2235 1692 2307 Hieronymi
1733 2250 1862 2290 sen-

316 2337 536 2390 tentiam
562 2332 738 2402 sequi,
765 2332 855 2386 ubi
884 2332 989 2385 ait:
1010 2328 1138 2396 Quae
1166 2328 1393 2383 secunda
1422 2327 1489 2381 ad
1508 2326 1710 2382 eosdem
1736 2325 1860 2399 (Co-

314 2425 565 2492 rinthios)
601 2422 813 2485 dicitur,
838 2430 897 2473 ut
932 2420 1089 2473 notha
1128 2418 1401 2489 rejicitur;
1431 2427 1577 2473 certe
1605 2419 1746 2472 hanc
1775 2433 1862 2475 se-

312 2514 543 2568 cundam
576 2511 861 2581 epistolam
892 2511 1113 2564 minime
1140 2510 1206 2563 ab
1244 2507 1476 2565 Eusebio
1504 2509 1609 2564 dici
1639 2508 1859 2563 notham

310 2611 363 2659 et
406 2601 787 2663 adulterinam,
836 2606 928 2653 aut
970 2613 999 2651 a
1040 2598 1311 2653 veteribus
1353 2596 1729 2665 reprobatam,
1767 2594 1860 2648 sed

312 2696 482 2765 prima
509 2694 691 2746 minus
712 2700 892 2746 notam
918 2698 1078 2760 atque
1099 2690 1153 2743 in
1173 2688 1520 2743 citationibus
1546 2702 1576 2739 a
1591 2684 1861 2743 veteribus

311 2785 754 2856 praetermissam.
780 2783 863 2838 Ab
884 2781 1098 2836 Eusebii
1124 2791 1301 2835 mente
1323 2779 1569 2833 nonnihil
1592 2778 1753 2833 etiam
1783 2792 1863 2833 re-

311 2880 476 2933 cessit
504 2874 844 2945 Nicephorus
887 2871 1093 2927 Callisti
1124 2871 1218 2925 lib.
1246 2884 1327 2932 ιιι,
1363 2884 1413 2924 c.
1444 2869 1533 2933 18,
1564 2867 1652 2923 ubi
1680 2867 1747 2922 de
1770 2881 1863 2923 ea-

315 2968 435 3022 dem
460 2967 542 3021 sic
570 2962 947 3035 loquiturzKai
966 2961 1097 3030 ἄλλη
1111 2960 1166 3013 δὲ
1185 2958 1345 3012 αὑτοῦ
1362 2958 1583 3029 φέρεται
1610 2955 1862 3027 ἐπιστολὴ

312 3060 407 3128 τῆς
435 3057 709 3129 προτέρας
736 3052 876 3108 κατὰ
898 3052 1029 3105 πολὺ
1052 3051 1369 3105 ἀποδέουσιά.⁸
1401 3050 1527 3121 περὶ
1553 3044 1619 3120 ἧς
1648 3050 1676 3100 ὀ
1704 3048 1863 3115 αὑτός

312 3167 469 3218 φησιν
486 3146 761 3207 Εὐσέϐιος,
785 3143 858 3215 μὴ
892 3145 950 3196 ὲν
977 3143 1169 3211 ὲπιστή
1179 3141 1460 3215 μῃταύτης
1471 3142 1593 3203 τοὺς
1609 3140 1863 3211 ἀρχαίους

310 3235 465 3292 εἶναι.
492 3235 686 3290 Fertur
706 3244 753 3289 et
771 3235 878 3287 alia
894 3233 1006 3302 ejus
1028 3232 1248 3301 epistola
1262 3231 1425 3285 multo
1443 3231 1859 3299 inferiorprima,

313 3332 372 3386 de
402 3348 507 3401 qua
548 3329 677 3383 dicit
710 3327 849 3381 idem
898 3326 1152 3381 Eusebius
1174 3365 1191 3391 ,
1221 3333 1410 3379 veteres
1463 3325 1576 3393 ejus
1617 3325 1862 3378 notitiam

1966 880 2072 934 qua
2101 866 2169 920 de
2200 882 2258 920 re
2275 867 2401 936 quis
2423 866 2716 923 identidem
2749 868 2962 923 locutus
2985 876 3068 924 est
3086 907 3101 932 ,
3132 869 3180 923 is
3208 883 3421 924 omnem
3450 870 3518 926 de

1967 970 2028 1009 ea
2060 956 2361 1012 orationem
2389 960 2736 1015 contexuisse
2766 962 2897 1016 satis
2926 960 3263 1014 familiariter
3291 960 3511 1016 dicitur.

1964 1044 2215 1103 Clemens
2254 1064 2379 1104 vero
2409 1064 2529 1104 cum
2562 1051 2722 1120 epist.
2756 1052 2810 1115 1,
2844 1068 2899 1107 n.
2930 1051 3030 1116 21,
3062 1050 3152 1117 29,
3184 1052 3272 1117 80,
3307 1052 3394 1115 58,
3421 1050 3514 1115 45,

1963 1138 2054 1203 48,
2080 1140 2169 1205 58,
2200 1149 2312 1195 tum
2336 1143 2497 1213 epist.
2531 1143 2598 1210 2,
2625 1162 2679 1200 ιι.
2713 1146 2766 1210 8,
2796 1146 2828 1200 9
2859 1161 2921 1200 ac
2944 1146 3032 1209 12,
3070 1154 3129 1201 ut
3162 1155 3365 1202 taceam
3396 1162 3518 1217 qua:

1966 1228 2104 1286 forte
2125 1232 2180 1287 in
2208 1231 2350 1290 foliis
2376 1236 2577 1291 avulsis
2598 1251 2659 1290 ea
2692 1237 2758 1291 de
2786 1252 2845 1291 re
2879 1237 3315 1305 disserebantur,
3363 1240 3515 1307 puri-

1966 1329 2123 1376 tatem
2152 1364 2165 1384 ,
2214 1327 2590 1380 continentiam
2622 1368 2636 1391 ,
2692 1328 3092 1398 castitatemque
3147 1329 3511 1386 commendat.

1965 1414 2103 1469 Hinc
2140 1423 2193 1470 et
2225 1418 2358 1472 illud
2403 1432 2743 1490 consequens
2782 1429 2880 1485 ut,
2910 1422 2957 1476 si
2990 1420 3322 1491 Epiphanius
3352 1428 3513 1489 atque

1965 1503 2326 1577 Hieronymus
2372 1523 2481 1563 non
2522 1510 2575 1563 in
2612 1511 2875 1579 cpistola,
2909 1512 3004 1567 sed
3036 1512 3090 1566 in
3116 1513 3360 1582 epistolis
3389 1513 3514 1568 Cle-

1962 1595 2159 1650 mentis
2212 1598 2497 1667 puritatem
2543 1600 2857 1670 virginitatis
2892 1602 3074 1656 doceri
3119 1602 3509 1673 praedicantes,

1963 1692 2246 1756 utramque
2272 1689 2511 1745 indicare
2528 1693 2815 1758 voluerint,
2841 1702 3022 1765 parem
3046 1697 3206 1751 simul
3228 1698 3509 1765 ambabus,

1963 1784 2021 1829 ut
2046 1776 2289 1845 ejusdem
2334 1782 2596 1848 parentis,
2629 1783 2917 1839 tribuerint
2952 1788 3345 1843 auctoritatem.
3393 1789 3512 1858 Ipse

1961 1862 2121 1917 etiam
2150 1865 2301 1922 locus
2328 1907 2342 1929 ,
2388 1883 2545 1936 quem
2583 1871 2637 1924 in
2668 1874 2854 1928 codice
2879 1875 3245 1932 Alexandrino
3271 1879 3476 1933 obtinet
3495 1923 3509 1946 ,

1962 1954 2016 2008 in
2047 1970 2154 2024 quo
2184 1972 2305 2010 cum
2342 1962 2513 2015 sacris
2545 1963 2825 2033 utriusque
2857 1964 3079 2022 fcederis
3112 1968 3265 2023 libris
3304 1970 3510 2023 nullum

1963 2047 2106 2101 aliud
2150 2064 2285 2119 opus
2324 2062 2515 2122 praeter
2565 2055 2705 2110 hanc
2746 2064 2799 2111 et
2843 2059 3173 2126 superiorem
3222 2059 3511 2117 Clementis

1960 2138 2239 2207 epistolam
2264 2145 2590 2209 continetur,
2628 2154 2909 2218 utramque
2938 2151 3215 2206 nonnullis
3246 2152 3297 2205 in
3324 2151 3512 2207 Eccle-

1960 2230 2054 2285 siis
2080 2231 2219 2287 inter
2239 2248 2422 2289 sacras
2454 2234 2762 2307 Scripturas
2793 2240 3084 2296 admissam
3117 2241 3285 2299 fuisse
3312 2244 3513 2300 indicio

1957 2328 2084 2376 est:
2123 2323 2283 2393 idque
2313 2326 2596 2383 conﬁrmat
2629 2329 2696 2384 84
2740 2346 2835 2386 seu
2877 2334 3100 2388 ultimus
3143 2335 3509 2403 apostolorum

1957 2425 2152 2478 canon,
2176 2419 2265 2484 qui
2284 2418 2497 2486 quidem
2522 2419 2575 2473 in
2604 2421 2847 2491 catalogo
2877 2423 3135 2478 librorum
3158 2423 3292 2479 Novi
3319 2424 3510 2482 Testa-

1920 2501 2123 2559 \menti
2153 2505 2291 2562 duas
2319 2508 2611 2565 Clementis
2637 2512 2897 2581 epistolas
2920 2516 3088 2584 ponit.

2030 2593 2117 2650 lll.
2159 2597 2216 2650 ln
2245 2600 2495 2655 omnibus
2522 2603 2738 2672 quidem
2763 2605 3114 2671 editionibus,
3147 2622 3252 2662 una
3291 2607 3510 2679 Patricii

1957 2683 2103 2741 Junii
2130 2692 2607 2767 excepta,aautépa
2632 2698 2768 2769 πρὸς
2789 2700 3107 2771 Κορινθίους
3135 2700 3390 2773 ἐπιστολή
3424 2700 3476 2754 in
3494 2730 3509 2741 -

1960 2781 2251 2838 scribitur:
2277 2785 2370 2839 sed
2391 2785 2504 2841 haec
2536 2789 2818 2859 inscriptio
2848 2792 2911 2846 ad
2932 2792 3245 2849 Corinthios
3270 2808 3398 2847 num
3418 2809 3510 2863 ge-

1959 2871 2124 2926 nuina
2156 2881 2250 2927 aut
2280 2875 2631 2934 Alexandrini
2663 2880 2870 2937 codicis
2899 2883 3221 2938 auctoritate
3246 2884 3378 2938 fulta
3411 2886 3506 2948 sit,

1958 2967 2206 3022 nonnulli
2254 2968 2538 3037 dubitant;
2599 2974 2830 3029 maxime
2878 2990 2998 3029 cum
3043 2976 3099 3031 in
3139 2976 3371 3033 Juniana
3396 2981 3513 3033 edi-

1958 3057 2125 3122 tione,
2156 3058 2209 3113 in
2225 3075 2329 3128 qua
2352 3061 2581 3130 primum
2603 3062 2783 3120 Gra‘ce
2803 3068 3022 3136 prodiit,
3053 3068 3195 3123 hunc
3216 3086 3380 3124 unum
3401 3087 3511 3141 prae

1967 3163 2025 3203 se
2059 3147 2197 3203 ferat
2222 3151 2439 3206 titulum
2463 3192 2478 3216 ,
2514 3152 2889 3225 Fragmentum
2918 3161 3150 3227 epistolae
3174 3162 3413 3217 secunda:
3446 3180 3510 3218 ea:

1960 3238 2136 3293 eodem
2172 3257 2297 3308 ms.,
2328 3258 2429 3297 nec
2452 3242 2749 3311 Eusebius,
2782 3247 3028 3313 Rufinus,
3057 3251 3413 3324 Hieronymus
3445 3271 3507 3310 ac

1961 3326 2297 3399 Nicephorus
2343 3334 2551 3391 Callisti
2590 3338 2657 3393 de
2696 3340 2863 3394 altera
2913 3342 3192 3411 loquentes
3219 3344 3509 3401 Clementis

315 3440 411 3476 non
434 3420 643 3475 habere.
660 3420 748 3473 Ait
767 3418 964 3488 quippe
980 3416 1247 3472 Eusebius
1262 3431 1379 3471 eam
1396 3416 1666 3472 veteribus
1691 3415 1867 3469 minus
1894 3421 1937 3481 c
1968 3421 2193 3489 epistola
2214 3464 2229 3488 ,
2262 3426 2328 3480 ad
2354 3442 2489 3495 quos
2517 3429 2720 3498 scripta
2768 3431 2838 3485 sit
2882 3432 3143 3489 indicem.
3189 3433 3381 3489 verum
3423 3436 3509 3490 hic

315 3524 493 3570 notam
517 3514 711 3583 prima,
736 3510 832 3565 sed
860 3526 966 3563 non
985 3510 1064 3564 cis
1085 3521 1308 3578 prorsus
1338 3508 1580 3579 ignotam
1615 3509 1826 3562 scribit.

383 3605 447 3659 ll.
481 3604 581 3658 Ηιο
614 3601 908 3657 notandum
931 3641 947 3664 ,
976 3616 1041 3656 ex
1070 3601 1323 3654 omnibus
1357 3601 1715 3670 scriptoribus
1738 3614 1861 3652 mox

314 3698 513 3758 citatis,
543 3696 751 3748 nullum
782 3708 928 3756 esse,
960 3694 1051 3763 qui
1068 3693 1293 3755 ,duabus
1321 3692 1514 3745 litteris
1544 3692 1723 3760 plures
1743 3690 1863 3744 Cle-

314 3789 476 3842 menti
499 3786 744 3839 Romano
768 3783 1028 3836 attribuat
1056 3792 1147 3836 aut
1167 3782 1452 3836 attributas
1484 3788 1758 3851 agnoscat.
1784 3779 1858 3834 Ex

313 3897 420 3946 quo
443 3879 699 3948 colligere
727 3882 831 3940 est,
857 3873 1211 3943 Epiphanium
1235 3889 1356 3928 cum
1383 3873 1573 3928 haeres.
1607 3872 1695 3936 27,
1719 3889 1774 3928 n.
1803 3872 1859 3939 6,

312 3972 646 4027 Clementem
680 3971 735 4022 in
771 3983 879 4022 una
923 3966 1269 4036 epistolarum
1301 3980 1522 4019 suarum
1563 3967 1726 4033 citat,
1770 3973 1862 4020 aut

315 4080 433 4120 cum
460 4064 594 4117 liter.
623 4062 711 4123 50,
738 4077 792 4115 n.
821 4059 909 4122 15,
938 4057 1118 4112 laudat
1139 4054 1398 4124 Epistolas
1425 4056 1707 4109 circulares
1733 4072 1861 4125 quas

316 4154 477 4223 (idem
508 4150 774 4223 pontifex)
800 4148 1040 4215 scripsit,
1070 4160 1279 4215 quicque
1313 4144 1366 4197 in
1404 4145 1598 4197 sanctis
1619 4140 1861 4197 Ecclesii's

315 4243 581 4311 leguntur,
615 4247 667 4294 ct
698 4239 750 4292 in
775 4239 971 4307 quibus
999 4237 1355 4304 virginitatem
1385 4236 1560 4297 docet,
1594 4249 1701 4288 non
1729 4234 1861 4289 alias

313 4336 394 4386 vel
441 4348 472 4385 a
519 4331 799 4401 praemissa
836 4329 917 4383 vel
956 4344 985 4381 a
1023 4334 1281 4397 sequente
1317 4339 1634 4381 memorare.
1667 4325 1731 4378 Et
1758 4326 1863 4379 hoc

312 4424 533 4492 quidem
573 4436 639 4475 eo
667 4428 749 4475 est
775 4419 1126 4490 probabilius,
1162 4418 1306 4487 quod
1347 4432 1470 4470 cum
1504 4417 1862 4487 Hieronymus

313 4515 430 4571 Lib.
461 4513 528 4567 de
566 4513 750 4579 script.
782 4510 907 4564 εσσε.
939 4517 1149 4563 tantum
1184 4509 1320 4564 duas
1348 4508 1635 4564 Clementis
1660 4508 1862 4578 episto-

313 4608 392 4663 las
415 4612 721 4669 recenseat,
749 4618 844 4658 eas
890 4602 1057 4670 ipsas,
1085 4615 1222 4671 quas
1262 4600 1863 4670 Epiphaniusproxime

313 4697 577 4756 laudavit,
612 4696 708 4749 lib.
741 4711 757 4749 ι
787 4694 1048 4748 Adversus
1097 4691 1439 4746 Iovinianum
1483 4692 1860 4747 commendare

460 4749 746 4845 dubitatur
784 4787 871 4842 his
912 4787 1132 4841 verbis:
1179 4784 1260 4836 Ad
1304 4785 1395 4838 hos
1435 4785 1758 4854 (eunuchos)
1810 4796 1859 4841 et
1879 4749 1934 4841 ,Β

319 4883 549 4938 Clemens
580 4897 851 4936 successor
881 4880 1100 4948 apostoli
1132 4879 1300 4945 Petri,
1323 4879 1471 4947 cujus
1501 4878 1703 4933 Paulus
1734 4896 1862 4948 apo-

318 4979 480 5031 stolus
506 4975 767 5034 meminit,
800 4971 984 5026 scribit
1019 4972 1295 5040 epistolas,
1335 4987 1633 5041 omnemque
1664 4988 1861 5026 sermo-

321 5086 429 5122 nem
456 5083 610 5122 suum
640 5065 704 5119 de
732 5062 1047 5134 virginitatis
1067 5064 1293 5131 puritate
1326 5062 1607 5116 contexuit.
1645 5060 1710 5116 Et
1734 5077 1861 5118 vero

319 5159 443 5229 quis
485 5157 675 5211 credat
718 5153 1104 5222 Hieronymum
1151 5167 1293 5206 anno
1340 5151 1445 5206 592
1488 5152 1544 5206 in
1592 5151 1753 5205 Libro
1797 5151 1859 5206 de

318 5250 497 5318 script.
544 5247 676 5303 eccl.
715 5247 771 5301 in
802 5259 914 5317 quo
955 5244 1079 5299 data
1105 5260 1264 5315 opera
1293 5246 1531 5301 virorum
1568 5247 1862 5318 insignium

318 5340 518 5409 scripta
545 5343 831 5401 recenset,
860 5342 1067 5389 tantum
1099 5337 1326 5390 duarum
1354 5338 1701 5406 epistolarum
1742 5339 1862 5393 Cle-

319 5432 512 5486 mentis
534 5428 869 5485 mentionem
900 5426 1068 5481 fuisse
1098 5426 1387 5491 facturum,
1423 5429 1467 5482 si
1490 5429 1559 5482 ab
1588 5444 1732 5484 anno
1759 5430 1862 5485 584

320 5529 503 5574 contra
532 5517 845 5576 Helvidium
872 5517 1117 5573 scribens
1142 5517 1273 5571 alias
1304 5519 1370 5572 ab
1408 5518 1493 5573 his
1517 5520 1726 5575 duabus
1752 5522 1862 5590 jam

322 5620 517 5669 nosset.
544 5610 705 5678 Quod
733 5612 783 5664 si
813 5609 992 5663 nullas
1024 5608 1160 5663 alias
1190 5610 1370 5675 novit,
1417 5611 1508 5665 ubi
1532 5610 1861 5668 Clementem

318 5706 441 5761 dicit
466 5720 685 5762 omnem
721 5715 1026 5757 sermonem
1060 5716 1217 5756 suum
1260 5702 1326 5757 de
1363 5704 1679 5773 virginitatis
1718 5707 1864 5773 puri-

315 5807 413 5855 tate
440 5795 827 5855 contexuisse,
890 5792 1237 5862 hyperbolico
1280 5797 1525 5865 quidem,
1561 5797 1654 5853 sed
1684 5804 1866 5855 tamen

1962 3515 2271 3582 scrupulus,
2304 3531 2366 3570 ex
2404 3518 2735 3590 indiligentia
2761 3523 2878 3592 ejus
2925 3523 3178 3591 injectus,
3207 3526 3295 3595 qui
3324 3528 3510 3594 primae

1960 3600 2252 3662 Clementis
2303 3608 2545 3677 epistolae
2590 3626 2619 3663 a
2669 3609 2829 3666 Junio
2877 3613 3034 3667 editae
3089 3615 3309 3679 alteram
3369 3616 3508 3671 hanc

1960 3695 2165 3750 omisso
2192 3696 2311 3766 ejus
2344 3698 2500 3753 titulo
2529 3701 2841 3765 subnexuit,
2886 3701 3041 3757 facile
3069 3705 3341 3759 eximitur.
3374 3704 3508 3757 Nam

1961 3800 2083 3838 cum
2107 3786 2501 3844 Alexandrinus
2530 3791 2696 3846 codex
2726 3791 2963 3846 omnium
2995 3794 3320 3864 scriptorum
3344 3835 3359 3860 ,
3389 3814 3509 3867 quae

1962 3876 2016 3931 in
2047 3891 2111 3931 eo
2141 3881 2510 3946 continentur,
2545 3882 2849 3949 generalem
2888 3898 2996 3953 prae
3026 3900 3084 3939 se
3112 3883 3250 3938 ferat
3277 3886 3506 3942 indicem

1960 3965 2147 4022 eadem
2178 3982 2361 4031 manu,
2393 3983 2498 4037 qua
2527 3976 2670 4025 totus
2711 3970 2882 4025 codex
2913 3973 3149 4044 scriptus
3172 3981 3275 4037 est,
3319 3991 3508 4030 exara-

1960 4064 2109 4122 tum;
2142 4056 2255 4111 haec
2283 4054 2449 4111 altera
2480 4057 2706 4127 epistola
2737 4073 2846 4112 non
2881 4060 3054 4114 solum
3088 4060 3141 4112 in
3169 4060 3270 4114 hoc
3294 4061 3471 4116 indice
3490 4102 3503 4125 ,

1964 4147 2060 4203 sed
2087 4149 2247 4203 etiam
2274 4149 2326 4201 in
2347 4149 2518 4218 ipsius
2547 4148 2725 4203 fronte
2754 4149 3007 4221 ἐπιστολὴ
3038 4150 3173 4220 πρὸς
3192 4150 3507 4221 Κορινθίους

1962 4247 2314 4308 praenotatur.
2357 4239 2539 4310 Neque
2580 4240 2753 4295 codici
2785 4240 2912 4294 huic
2953 4239 3292 4309 refragantur
3341 4240 3508 4295 Euse-

1958 4328 2111 4391 bius,
2162 4326 2424 4392 Ruﬁnus,
2459 4327 2816 4398 Hieronymus
2860 4336 2954 4380 aut
2982 4325 3335 4396 Nicephorius.
3374 4325 3505 4380 Dum

1960 4421 2123 4482 enim,
2149 4426 2442 4473 memorata
2484 4418 2774 4474 Clementis
2820 4418 2887 4471 ad
2925 4417 3232 4473 Corinthios
3279 4417 3506 4487 epistola

1962 4510 2156 4579 prima,
2190 4509 2431 4579 proxime
2467 4509 2762 4579 subjiciunt
2797 4528 2810 4561 :
2844 4507 3039 4563 Fertur
3083 4518 3132 4562 et
3174 4510 3375 4569 altera,
3406 4522 3506 4562 nec

1962 4600 2029 4654 ad
2054 4599 2191 4655 alios
2221 4601 2361 4654 hanc
2398 4600 2622 4655 alteram
2663 4602 2916 4670 scriptam
2942 4615 3063 4655 esse
3100 4599 3419 4670 designant,
3453 4605 3507 4655 et

1964 4692 2102 4747 hanc
2128 4692 2194 4746 ad
2217 4692 2432 4747 eosdem
2464 4692 2717 4762 scriptam
2745 4700 3033 4747 censentur
3066 4692 3379 4762 intelligere.
3400 4694 3509 4744 Aut

1961 4792 2125 4847 certe,
2151 4785 2194 4838 si
2225 4783 2291 4838 ad
2322 4784 2456 4839 alios
2485 4785 2739 4854 scriptam
2770 4794 3013 4845 nossent,
3038 4785 3149 4838 haec
3174 4784 3386 4839 illorum
3417 4799 3502 4837 re-

1959 4876 2179 4930 ticentia
2210 4876 2401 4930 merito
2434 4875 2769 4945 negligentiae
2787 4877 3115 4944 culparetur.
3147 4874 3252 4929 Sed
3282 4882 3336 4929 et
3365 4873 3507 4928 Pho-

1961 4966 2091 5030 tius,
2122 4968 2214 5036 qui
2239 4966 2459 5036 aliquod
2498 4968 2687 5022 saltem
2736 4967 2977 5036 epistolae
3019 4965 3183 5035 hujus
3232 4965 3506 5033 exemplar

1961 5073 2125 5129 penes
2150 5075 2208 5114 se
2237 5059 2443 5123 habuit,
2475 5067 2527 5113 et
2558 5058 2954 5123 Damascenus,
2985 5058 3079 5127 qui
3110 5072 3273 5110 unum
3295 5063 3349 5110 et
3369 5056 3503 5110 alte-

1960 5166 2081 5206 rum
2097 5152 2253 5205 nobis
2272 5150 2625 5222 fragmentum
2642 5150 2787 5205 illius
2814 5148 3135 5210 transmisit,
3151 5148 3278 5199 dum
3296 5160 3415 5199 eam
3435 5144 3502 5199 ad

1953 5244 2269 5299 Corinthios
2285 5243 2540 5313 scriptam
2568 5242 2789 5298 disertis
2814 5241 2993 5295 verbis
3021 5238 3263 5300 tradunt,
3288 5238 3339 5292 id
3359 5238 3503 5308 quod

1965 5353 2059 5406 per
2071 5353 2128 5392 se
2140 5337 2370 5390 innuunt
2380 5332 2796 5401 Eusebii,Rulini
2807 5372 2820 5397 ,
2834 5339 2937 5386 etc.
2948 5329 3500 5393 ,verba,conlirmant.

2032 5426 2120 5483 IV.
2172 5427 2301 5481 Eam
2331 5428 2679 5480 nihilominus
2714 5422 2957 5477 nonnulli
2990 5419 3376 5489 suppositionis
3405 5435 3497 5473 su-

1964 5529 2201 5592 spectam
2229 5521 2462 5582 habent,
2490 5518 2649 5587 idque
2674 5515 2991 5570 nominatim
3015 5513 3173 5571 Joan.
3202 5511 3333 5568 Ern.
3362 5511 3501 5567 Gra—

1965 5615 2087 5669 bius
2136 5611 2316 5680 Spicil.
2358 5611 2509 5664 Patr.
2543 5618 2583 5664 t.
2620 5609 2661 5675 l,
2692 5624 2812 5678 pag.
2856 5607 2991 5673 9.65,
3042 5608 3230 5662 confici
3259 5613 3411 5676 putat
3438 5620 3505 5660 ex

1962 5706 2141 5761 verbis
2170 5703 2409 5773 Dionysii
2439 5701 2839 5756 Corinthiorum
2870 5700 3107 5769 episcopi
3159 5698 3299 5767 apud
3339 5696 3505 5751 Euse-

1965 5801 2109 5856 bium
2135 5796 2228 5851 lib.
2266 5808 2339 5857 tv,
2371 5808 2419 5848 c.
2449 5791 2540 5851 23.
2576 5790 2641 5845 ad
2672 5789 2966 5845 Romanam
3001 5789 3291 5844 Ecclesiam
3323 5787 3402 5840 sic
3423 5799 3503 5838 ro-
