4074 6286
543 425 617 483 ω
1633 429 1722 484 ΑΙ)
1761 428 1818 485 8.
1857 428 2277 485 CLEMENTEM
2319 428 2338 482 l
2374 428 2604 485 PAPAM
3665 426 3735 484 84

540 544 831 602 scribentis
863 535 1086 602 {Hodie
1125 561 1333 602 sacrum
1366 546 1503 601 diem
1544 545 1871 600 Dominicum
1915 555 2091 599 trans-
2116 546 2165 606 Α
2193 558 2321 597 num
2362 542 2429 598 de
2466 543 2575 599 illis
2596 542 2855 614 judicium
2883 542 3012 598 ferri
3034 550 3233 616 posset.
3266 539 3470 599 Deinde
3492 540 3737 614 primane

538 638 759 708 egimus,
787 636 843 689 in
864 650 964 705 quo
990 638 1263 706 epistolam
1286 648 1508 694 vestram
1534 638 1774 709 legimus;
1794 653 1951 709 quam
1972 637 2087 708 qui-

537 728 653 781 dent
675 728 919 797 perpetuo
938 727 1171 797 deinceps
1199 730 1436 801 legentes,
1460 730 1670 801 perinde
1690 740 1841 801 atque
1861 731 2087 801 priorem

535 818 685 872 illam
717 817 867 872 nobis
896 836 930 872 a
964 816 1223 875 Clemente
1247 821 1531 892 scriptam,
1562 822 1773 892 optimis
1811 820 2085 892 praeceptis

535 925 597 961 uc
622 907 944 963 documentis
970 909 1373 967 abundabimus.
1406 910 1687 978 Quomodo
1711 919 1889 965 tamen
1911 926 1975 964 ex
2000 909 2084 965 his

533 998 716 1052 verbis
742 997 795 1052 id
822 998 967 1068 quod
989 1000 1102 1053 vult
1129 999 1467 1062 conficiatur,
1493 1016 1601 1056 non
1622 1008 1705 1056 est
1725 999 2080 1069 exploratum.

535 1086 649 1143 Hoc
676 1105 844 1143 unum
876 1105 941 1145 ex
981 1091 1050 1145 iis
1076 1090 1365 1145 conficitur
1384 1131 1399 1156 ,
1431 1093 1657 1161 primam
1689 1090 1940 1146 videlicet
1960 1089 2081 1144 Cle»

534 1182 736 1237 mentis
764 1181 1068 1251 epistolam,
1098 1198 1204 1237 non
1226 1185 1351 1238 item
1380 1184 1519 1238 hanc
1548 1184 1771 1239 alteram
1790 1221 1805 1248 ,
1834 1180 2079 1238 Corinthi

534 1270 749 1338 publice
778 1270 882 1339 legi
903 1274 1255 1327 consuevisse
1279 1291 1293 1327 :
1320 1281 1374 1326 at
1396 1282 1454 1326 ut
1483 1272 1597 1327 haec
1618 1272 1785 1327 altera
1816 1271 1950 1326 falsa
1983 1272 2075 1333 sit,

534 1359 660 1415 inde
685 1377 791 1416 non
818 1369 903 1417 est
925 1374 1281 1431 consequens.
1316 1363 1397 1417 An
1427 1363 1480 1417 id
1514 1364 1682 1419 moris
1704 1371 1831 1417 tunc
1854 1369 1990 1425 erat,
2022 1369 2083 1415 ut

533 1468 723 1507 omnes
753 1467 859 1506 non
888 1455 1256 1523 apostolorum
1280 1458 1483 1507 tantum
1502 1493 1516 1519 ,
1549 1452 1644 1507 sed
1680 1459 1733 1508 et
1758 1450 2084 1522 apostolico-

533 1557 652 1595 rum
674 1542 913 1598 virorum
943 1542 1184 1611 epistola:
1213 1542 1267 1596 in
1296 1542 1527 1612 publicis
1550 1541 1912 1598 Ecclesiarum
1948 1554 2073 1595 con-
2136 1599 2142 1606 ,

531 1632 780 1689 ventibus
833 1634 1166 1703 legerentur;
1210 1633 1437 1703 ideoque
1500 1632 1622 1688 falsi
1680 1633 1953 1703 arguenda
2009 1631 2080 1687 sit

533 1726 700 1779 altera
741 1725 1037 1781 Clementis
1088 1726 1347 1794 epistola,
1394 1724 1537 1795 quod
1586 1725 1641 1779 in
1694 1724 1800 1781 illis
1850 1739 2079 1781 conven-

530 1816 677 1871 tibus
724 1815 944 1871 minime
980 1816 1119 1869 lecta
1166 1814 1369 1871 fuerit?
1410 1815 1569 1871 Certe
1613 1814 1660 1870 si
1717 1815 1921 1869 valeret
1974 1814 2076 1870 hu-

2188 649 2258 688 an
2286 634 2524 690 secunda
2565 634 2857 693 Clementis
2903 634 3130 705 epistola
3177 634 3253 689 ibi
3296 632 3581 697 laudetur,
3626 649 3735 689 non

2186 736 2419 783 constat.
2452 725 2707 783 Usserius
2731 726 2949 797 quidem
2989 726 3208 781 dissert.
3237 724 3306 781 de
3332 725 3549 795 scriptis
3583 723 3740 796 lgna—

2184 815 2247 869 tii
2274 830 2393 885 cap.
2427 815 2514 878 10,
2548 813 2983 885 pseudo-Justini
3010 814 3193 869 verbis
3221 814 3509 869 secundam
3529 814 3739 885 episto-

2184 905 2288 960 lam
2319 907 2603 960 memorari
2628 911 2815 975 putat;
2844 903 2937 959 sed
2967 903 3276 961 Blondellus
3306 905 3397 961 lib.
3428 903 3539 958 iDe
3561 899 3741 969 Sibyl-

2184 993 2270 1059 lis,
2301 1008 2353 1048 c.
2379 994 2470 1058 20,
2502 994 2581 1049 sic
2610 994 2794 1049 eadem
2812 991 3014 1048 Gallice
3034 993 3212 1057 vertit,
3236 993 3392 1063 quasi
3424 993 3651 1062 primam
3684 993 3740 1045 in

2182 1083 2263 1140 eis
2296 1084 2513 1138 citatam
2556 1085 2793 1155 legisset.
2833 1083 3014 1138 Tertio
3057 1099 3157 1138 nec
3198 1085 3349 1141 deest
3379 1085 3693 1153 coniectura
3719 1121 3735 1143 .

2182 1174 2359 1230 locum
2384 1175 2553 1240 illum,
2583 1191 2740 1246 quem
2770 1174 3250 1245 pseudo-Justinus
3279 1176 3626 1246 perstringit,
3661 1174 3731 1230 ad

2180 1280 2301 1319 eum
2337 1266 2635 1334 pertinere,
2676 1281 2834 1334 quem
2877 1266 3110 1321 [renatus
3145 1266 3237 1322 lib.
3276 1281 3337 1320 ιιι
3380 1265 3512 1320 Adv.
3572 1264 3726 1330 hicn,

2180 1372 2230 1412 c.
2261 1357 2315 1419 5,
2347 1357 2574 1411 velutex
2600 1356 2772 1425 prima
2798 1356 3025 1426 epistola
3068 1358 3237 1424 citat,
3272 1357 3365 1413 ubi
3394 1357 3732 1413 Clementem

2179 1447 2247 1501 de
2275 1447 2406 1517 igne,
2428 1462 2577 1517 quem
2604 1446 2743 1501 Deus
2773 1446 2986 1502 diabolo
3015 1457 3066 1502 et
3094 1448 3291 1518 angelis
3314 1448 3431 1518 ejus
3452 1465 3727 1520 praepara-

2182 1540 2273 1600 vit,
2319 1550 2624 1593 sermonem
2668 1538 2924 1593 habuisse
2974 1546 3223 1596 testatur.
3260 1539 3413 1606 Quod
3437 1542 3481 1596 si
3508 1543 3581 1595 ita
3617 1549 3724 1609 est,

2178 1627 2314 1683 nihil
2339 1626 2507 1683 officit
2533 1628 2773 1698 epistola:
2802 1630 3052 1683 secundae
3081 1631 3313 1688 veritati.
3360 1630 3599 1702 Denique
3637 1648 3728 1688 ar-

2170 1728 2488 1790 gumentum
2512 1734 2578 1775 ex
2614 1717 2833 1789 Sibyllae
2864 1720 3137 1776 mentione
3159 1722 3414 1791 petitum,
3456 1725 3610 1781 valde
3639 1724 3726 1781 in-

2179 1811 2390 1867 firmum
2420 1825 2540 1866 esse
2569 1809 2872 1865 Cotelerius
2900 1811 3114 1867 erudite
3134 1813 3391 1874 ostendit.

523 1909 762 1978 jusmodi
813 1917 1225 1979 argumentum,
1275 1907 1363 1963 vix
1414 1906 1788 1977 ambigendum
1828 1906 2070 1971 videtur,
2106 1883 2146 1937 Β
2249 1900 2379 1956 Vill.
2424 1899 2555 1955 Item
2599 1901 2682 1954 vir
2721 1900 3057 1960 clarissimus
3097 1904 3229 1958 nihil
3260 1904 3477 1961 obstare
3503 1916 3722 1975 censet,

527 2000 658 2067 quin
682 2014 748 2054 eo
778 1997 1066 2063 Eusebius,
1098 1997 1458 2069 Hieronymus
1494 2013 1557 2052 ac
1586 1996 1812 2054 Photius
1845 1996 1912 2051 ad
1953 1997 2072 2066 epi-

524 2090 717 2145 stolam
748 2090 904 2145 istam
932 2090 1279 2160 rejiciendam
1304 2089 1387 2144 usi
1416 2096 1618 2145 essent.
1651 2088 1863 2144 Certius
1894 2095 2072 2142 autem

522 2196 593 2236 ex
618 2180 719 2234 bac
745 2178 1081 2249 disparitate,
1114 2194 1218 2250 qua
1246 2180 1471 2248 primam
1505 2179 1560 2233 in
1588 2176 1832 2233 ecclesiis
1856 2178 2068 2241 lectam,

522 2272 747 2327 alteram
774 2288 885 2326 non
910 2272 1103 2327 lectam
1148 2271 1407 2325 docemur
1427 2309 1443 2334 ,
1490 2269 1784 2340 percipitur
1807 2268 1944 2323 ratio
1972 2283 2071 2322 cur

522 2363 695 2434 prima
720 2362 899 2416 notior
933 2376 995 2416 ac
1025 2360 1293 2416 celebrior
1316 2359 1484 2415 altera
1508 2358 1759 2414 evaserit.

592 2450 657 2507 V.
690 2450 857 2505 Addit
882 2448 1113 2504 Grabius
1144 2448 1530 2520 suppositionis
1576 2447 1678 2503 sibi
1706 2445 2068 2516 suspicionem

520 2545 706 2615 augeri
736 2561 800 2601 ex
834 2545 953 2601 loco
981 2542 1262 2614 cujusdam
1307 2542 1430 2597 libri
1465 2541 1791 2612 apocryphi,
1823 2540 1914 2610 qui
1945 2551 2067 2593 cum

518 2636 677 2706 epist.
710 2637 763 2701 1,
802 2652 836 2690 n
881 2635 972 2701 25,
1006 2636 1079 2692 sit
1108 2635 1378 2697 laudatus,
1420 2634 1475 2687 in
1504 2634 1603 2687 hac
1631 2632 1857 2702 epistola
1888 2647 1944 2685 ιι.
1979 2632 2065 2696 Η,

517 2726 714 2781 lterum
761 2726 997 2792 citatur;
1035 2725 1191 2794 quasi
1235 2723 1460 2794 repetita
1504 2722 1745 2792 ejusdem
1787 2722 2068 2776 sententiae

517 2819 703 2873 citatio
728 2817 920 2873 idonea
951 2818 1023 2873 sit
1053 2817 1174 2872 falsi
1204 2815 1514 2885 suspicandi
1546 2829 1730 2869 causa.
1764 2811 1869 2869 Sed
1898 2828 2064 2867 unum

516 2909 872 2981 eumdemque
900 2912 1100 2975 locum,
1132 2910 1223 2964 ubi
1253 2923 1373 2965 sese
1401 2905 1555 2962 offert
1583 2907 1831 2970 occasio,
1866 2906 1935 2961 ab
1966 2919 2059 2960 eo.

514 3006 637 3062 dem
679 3007 946 3076 scriptore
973 3006 1027 3060 in
1057 3005 1245 3059 eodem
1268 3018 1448 3074 Opere,
1480 3011 1683 3073 quanto
1703 3002 1874 3071 magis
1903 3002 1958 3057 in
1980 3000 2063 3055 di-

513 3100 709 3165 versis,
742 3098 934 3152 iterato
973 3096 1131 3152 citari
1169 3096 1298 3165 quid
1337 3096 1570 3149 mirum?
1599 3093 1715 3161 Quo
1754 3094 1916 3148 etiam
1948 3094 2062 3148 sin-

514 3187 754 3256 gularior
777 3194 861 3241 est
884 3187 1149 3241 sententia
1180 3186 1373 3240 iterum
1414 3187 1641 3255 prolata,
1676 3200 1742 3241 eo
1776 3186 1952 3254 aptior
1978 3192 2061 3241 cst
2088 3202 2130 3259 ο

512 3273 578 3328 ad
603 3272 1033 3343 persuadendum
1053 3313 1068 3337 ,
1110 3273 1365 3343 epistolas
1404 3274 1459 3326 in
1489 3274 1685 3343 quibus
1720 3275 1920 3343 pariter
1947 3274 2063 3327 lau-

510 3362 695 3426 datur,
716 3362 783 3416 ab
809 3378 918 3416 uno
942 3370 1164 3416 auctore
1189 3360 1476 3431 proficisci.
1493 3362 1597 3414 Aut
1626 3360 1673 3414 si
1698 3361 1811 3415 haec
1842 3369 2062 3417 senten-

511 3453 606 3516 tia,
625 3452 827 3521 quiaex
856 3451 993 3505 libro
1014 3450 1194 3519 aliquo
1216 3448 1525 3519 apocrypho
1540 3458 1790 3519 excerpta
1808 3458 1910 3516 est,
1932 3466 2058 3506 sus-

509 3551 719 3613 pectam
747 3540 919 3595 reddit
945 3540 1267 3607 secundam;
1288 3556 1385 3595 cur
1404 3555 1510 3594 non
1536 3540 1791 3596 reddatet
1805 3542 2058 3612 primam?

585 3630 667 3685 Vl.
699 3628 841 3687 Idem
863 3631 1149 3687 dicendum
1170 3640 1223 3687 et
1246 3631 1310 3687 de
1337 3645 1565 3687 censura
1595 3629 1791 3699 Photii,
1819 3632 1911 3703 qui
1932 3632 2055 3703 qui-

509 3722 632 3778 dem
664 3724 754 3779 ubi
796 3723 1083 3793 praemisit,
1114 3721 1300 3777 Lectus
1331 3731 1407 3775 est
1438 3720 1677 3787 libellus,
1710 3724 1764 3776 in
1798 3741 1897 3794 quo
1938 3724 2056 3781 Cle-

507 3814 696 3868 mentis
719 3815 952 3881 epistcla'
980 3813 1098 3868 dure
1128 3813 1195 3865 ad
1223 3811 1521 3869 Corinthios
1548 3816 1961 3878 continebantur,
1992 3830 2055 3873 ac

505 3901 574 3957 de
598 3902 770 3972 prima
809 3902 939 3972 quid
978 3904 1204 3959 sentiret
1232 3903 1322 3957 ubi
1347 3904 1616 3973 exposuit,
1641 3904 1860 3974 subjicit
1882 3906 1948 3961 de
1976 3906 2054 3961 al-

504 4000 662 4049 tera:
698 3992 942 4049 Secunda
983 4011 1100 4050 vero
1131 4004 1180 4049 et
1209 3994 1325 4062 ipsa
1367 3992 1779 4050 admonitionem
1821 3996 2052 4051 melioris

502 4084 636 4165 vine
654 4085 873 4149 inducit,
901 4095 1053 4155 atque
1084 4086 1138 4138 in
1164 4085 1413 4154 principio
1443 4082 1708 4139 Christum
1729 4086 1895 4141 Deum
1923 4103 2056 4157 pra:-

500 4177 663 4231 dicat.
706 4177 895 4232 Verum
917 4177 1060 4231 dicta
1087 4176 1326 4249 quaedam
1366 4180 1638 4251 peregrina
1666 4179 1801 4234 velut
1836 4196 1864 4233 e
1895 4197 2052 4236 sacra

502 4268 779 4338 Scriptura
805 4269 1132 4332 subinducit,
1168 4270 1351 4339 quibus
1383 4288 1444 4327 ne
1478 4273 1651 4342 prima
1691 4270 1897 4343 quidem
1943 4274 2052 4342 epi-

500 4361 640 4415 stola
660 4362 871 4415 omnino
897 4370 1067 4416 vacat.
1111 4361 1179 4415 Et
1220 4363 1666 4431 interpretationes
1704 4365 2049 4430 quorumdam

502 4448 732 4501 locorum
781 4448 1058 4503 alieniores
1098 4450 1317 4518 profert.
1348 4450 1425 4506 Ac
1452 4452 1668 4507 demum
1706 4452 1771 4509 de
1818 4464 2048 4528 utraque

2173 1982 2463 2063 quominus
2518 2001 2574 2048 et
2621 1992 2735 2048 haec
2790 1995 3027 2049 secunda
3078 1997 3305 2066 epistola
3354 2014 3452 2069 pro
3488 2000 3725 2070 genuino

2172 2083 2466 2141 Clementis
2514 2085 2624 2140 fetu
2652 2086 2933 2142 habeatur.
2961 2085 3311 2157 lllamprimte
3341 2090 3636 2145 subnexam
3667 2097 3724 2146 et

2171 2174 2463 2231 Clementis
2505 2177 2723 2233 nomine
2763 2178 3077 2248 insignitam
3117 2179 3334 2234 exhibet
3380 2189 3722 2250 pervetustus

2169 2268 2340 2323 codex
2367 2267 2764 2325 Alexandrinus
2789 2310 2804 2337 ,
2840 2269 2893 2324 in
2922 2284 3029 2340 quo
3058 2271 3205 2324 nulla
3236 2271 3508 2327 Clemente
3540 2282 3721 2342 poste-

2169 2357 2312 2411 riora
2354 2357 2555 2427 scripta
2582 2358 2949 2414 continentur.
2996 2357 3185 2415 Eidem
3216 2360 3578 2431 suffragantur
3609 2379 3719 2419 non

2168 2446 2329 2501 modo
2355 2445 2600 2510 Photius,
2627 2449 2715 2518 qui
2741 2448 2971 2515 similem
3007 2463 3171 2518 penes
3199 2465 3257 2505 se
3285 2450 3473 2505 habuit
3492 2492 3506 2514 ,
3539 2455 3632 2508 sed
3664 2460 3722 2509 et

2168 2538 2390 2594 ultimus
2437 2540 2804 2608 apostolorum
2833 2555 3040 2607 canon,
3078 2540 3171 2610 qui
3225 2543 3517 2598 secundam
3570 2543 3719 2600 illam

2165 2630 2448 2699 epistolam
2468 2646 2575 2685 non
2598 2646 2755 2686 secus
2784 2645 2846 2685 ac
2865 2632 3091 2700 primam
3113 2632 3355 2703 proxime
3385 2644 3507 2703 post
3531 2650 3719 2691 saeros

2166 2720 2336 2775 libros
2357 2728 2620 2779 recenset.
2655 2719 2950 2792 Utriusque
2977 2722 3140 2777 etiam
3175 2725 3550 2795 cognationem
3583 2741 3714 2797 pro-

2165 2809 2295 2865 bant
2322 2812 2618 2881 peculiares
2646 2812 2862 2882 quidam
2896 2814 3003 2868 loci
3047 2830 3116 2871 ex
3160 2816 3510 2886 apocryphis,
3542 2823 3602 2872 ut
3630 2818 3714 2872 vi-

2164 2900 2355 2968 detur,
2385 2903 2649 2972 expressi.
2695 2902 2845 2958 Alios
2893 2904 3050 2961 mitto
3095 2907 3389 2977 scriptores
3412 2947 3428 2972 ,
3465 2907 3556 2978 qui
3590 2923 3713 2963 eam

2163 2992 2455 3049 Clementis
2476 2993 2693 3050 nomine
2717 2996 3021 3052 laudarunt.
3046 2996 3278 3053 Tantum
3295 3000 3542 3062 observo,
3568 3003 3709 3071 apud

2163 3085 2489 3142 Dorotheum
2519 3088 2766 3143 abbatem
2786 3131 2802 3157 ,
2836 3091 2927 3160 qui
2952 3092 3092 3147 inter
3120 3093 3242 3149 illos
3270 3095 3459 3149 merito
3490 3104 3712 3164 propter

2162 3176 2527 3232 testimonium
2558 3193 2622 3233 ex
2644 3193 2702 3233 ea
2732 3180 2998 3247 prolatum
3033 3196 3095 3235 ac
3128 3181 3397 3235 Doctrinze
3427 3182 3497 3237 2'5
3529 3183 3703 3239 inser-

2163 3276 2275 3320 tum
2300 3265 2650 3335 appellandus
2677 3274 2795 3322 erat
2814 3307 2830 3334 ,
2864 3268 2917 3323 in
2950 3267 3197 3323 Biblioth.
3235 3268 3452 3325 Patrum
3478 3271 3711 3327 Climaci

2161 3355 2279 3411 loco
2307 3356 2599 3425 Clementis
2628 3372 2823 3413 nomen
2856 3374 2951 3428 per
2987 3360 3326 3415 oscilantiam
3357 3362 3707 3419 librariorum

2159 3446 2465 3517 irrepsisse.
2508 3448 2591 3503 Ad
2640 3465 2741 3506 nos
2782 3450 2927 3520 quod
2979 3451 3199 3518 attinet,
3244 3452 3522 3521 epistolam
3554 3462 3714 3511 tanto

2159 3549 2459 3610 temporum
2492 3549 2670 3598 tractu
2696 3559 2818 3599 cum
2848 3545 3019 3612 prima
3046 3542 3386 3612 conjunctam
3416 3562 3668 3615 separare
3687 3588 3708 3613 ,

2156 3639 2249 3685 aut
2271 3647 2467 3687 nomen
2490 3633 2631 3703 quod
2658 3650 2723 3690 ex
2752 3636 2899 3689 omni
2922 3633 3198 3688 hominum
3226 3637 3482 3690 memoria
3514 3653 3624 3707 pra:
3647 3656 3715 3698 sa

2155 3720 2280 3788 fert,
2306 3724 2357 3778 ei
2386 3724 2702 3793 abjudicare
2729 3726 2977 3796 religioni
3020 3726 3178 3781 nobis
3205 3736 3308 3781 est.
3339 3725 3487 3781 illam
3520 3728 3705 3798 piam,

2155 3815 2341 3871 utilem
2373 3824 2427 3871 et
2454 3815 2729 3872 Clemente
2769 3832 2878 3871 non
2902 3816 3178 3888 indignam
3202 3832 3324 3873 esse
3352 3835 3526 3889 neque
3554 3822 3657 3890 ipsi
3684 3863 3701 3884 ,

2152 3907 2243 3977 qui
2274 3922 2390 3963 eam
2420 3908 2808 3977 suppositionis
2837 3908 3199 3977 suspicantur,
3224 3918 3442 3981 negant.
3475 3911 3703 3970 Deside-

2152 3998 2380 4051 randum
2409 4004 2573 4061 esset,
2603 4006 2663 4051 ut
2691 3996 2951 4067 integrior
2977 3996 3044 4051 ad
3080 4012 3179 4052 nos
3205 3999 3569 4067 pervenisset.

2220 4087 2307 4143 IX.
2341 4088 2450 4144 Nec
2480 4088 2678 4143 morari
2711 4103 2810 4142 nos
2840 4086 2998 4142 debet
3040 4089 3224 4159 opinio
3248 4105 3464 4156 eorum,
3500 4091 3705 4160 quibus

2149 4179 2777 4237 Grabiusincunctanter
2803 4180 3114 4245 subscribit,
3146 4181 3259 4251 qui,
3292 4191 3509 4252 propter
3536 4200 3704 4238 exor-

2147 4271 2317 4334 dium,
2346 4271 2399 4324 in
2436 4286 2545 4340 quo
2575 4270 2829 4325 salutatio
2854 4286 2977 4324 cum
3006 4286 3164 4340 prece
3192 4273 3477 4341 conjuncta
3503 4284 3704 4330 contra

2147 4362 2512 4432 apostolorum
2543 4369 2703 4429 atque
2748 4359 2918 4429 ipsius
2953 4359 3245 4416 Clementis
3273 4377 3475 4416 morem
3503 4362 3653 4417 deest
3679 4404 3701 4427 ,

2147 4454 2198 4508 id
2228 4452 2370 4523 quod
2394 4452 2686 4507 etiamnum
2719 4452 3002 4516 habemus,
3038 4451 3269 4506 homiliaa
3309 4454 3488 4522 potius
3527 4470 3701 4523 quam

498 4539 773 4594 concludit
803 4559 816 4595 :
850 4539 1095 4611 Alioquin
1125 4543 1258 4610 ipsa,
1288 4560 1403 4613 qua:
1419 4544 1473 4597 in
1502 4544 1581 4599 his
1605 4547 1837 4615 epistolis
1866 4549 2041 4604 insunt
2074 4546 2117 4601 Ι)
2147 4546 2385 4617 epistolae
2422 4552 2627 4614 partem
2664 4543 2932 4611 judicant.
2965 4542 3082 4597 Non
3103 4543 3244 4597 enim
3286 4550 3433 4597 tanta
3478 4552 3559 4598 est
3598 4546 3704 4601 illa

496 4645 681 4695 sensa,
704 4628 940 4682 nonnihil
968 4629 1171 4698 abjecta
1197 4642 1338 4698 sunt,
1364 4649 1454 4686 nec
1485 4636 1827 4691 continentem
1862 4640 2044 4693 seriem

494 4731 560 4767 ac
580 4718 998 4787 consequentiam
1027 4729 1253 4775 servant.
1277 4719 1410 4774 Nam
1438 4722 1571 4778 nihil
1601 4725 1653 4779 in
1686 4725 1786 4781 hac
1807 4730 2043 4783 secunda

492 4808 856 4877 reprehendit,
889 4809 1030 4879 quod
1050 4825 1155 4864 non
1186 4812 1370 4880 primae
1393 4828 1515 4868 cum
1534 4830 1597 4870 ea
1619 4831 1901 4872 commune
1922 4834 2042 4875 esse

493 4901 767 4957 fateatur:
799 4916 971 4971 eoque
1010 4911 1168 4972 pacto
1198 4903 1523 4977 singularem
1567 4914 1718 4961 notat
1759 4909 2042 4979 utriusque

490 4993 945 5058 consensionem,
996 4992 1139 5048 unde
1186 4994 1254 5049 ad
1305 5002 1590 5068 utramque
1638 4999 2037 5070 suscipiendam

484 5086 607 5155 jure
634 5086 972 5140 inducamur.

559 5172 669 5230 VII.
706 5174 891 5245 Neque
920 5174 1192 5230 efﬁcacius
1241 5175 1519 5231 veritatem
1561 5178 1798 5248 epistolae
1839 5190 2039 5237 nostra

487 5264 768 5335 impugnat
784 5264 915 5321 illud
928 5263 1189 5336 pseudo-.1
1196 5265 1358 5322 ustini
1377 5283 1620 5336 respons.
1635 5270 1700 5324 ad
1716 5281 1905 5340 quaest.
1929 5273 1993 5328 74
2018 5294 2031 5329 :

489 5352 550 5411 Si
601 5359 872 5423 prwsentis
914 5373 1089 5412 rerum
1136 5366 1305 5411 status
1354 5359 1475 5429 ﬁnis
1509 5368 1589 5414 est
1634 5361 1908 5430 impiorum
1945 5379 2037 5433 per

488 5445 658 5514 ignem
677 5445 961 5514 judicium,
995 5457 1150 5519 prout
1184 5456 1442 5502 testantur
1462 5448 1827 5520 prophetarum
1846 5461 1893 5507 et
1913 5470 2036 5523 apo-

485 5535 744 5590 stolarum
777 5538 975 5607 scripta
996 5577 1011 5601 ,
1058 5549 1211 5608 atque
1257 5541 1468 5609 insuper
1497 5539 1714 5611 Sibylla,
1754 5544 2030 5609 vaticinia,

488 5627 925 5696 quemadmodum
951 5630 1122 5686 ait‘B.
1162 5629 1398 5686 Clemens
1422 5633 1476 5686 in
1512 5649 1610 5687 sua
1638 5633 1705 5687 ad
1735 5632 2029 5690 Corinthios

486 5718 726 5787 epistola.
758 5719 938 5776 Primo
964 5722 1107 5776 enim
1134 5723 1185 5776 in
1207 5722 1309 5777 hoc
1336 5723 1474 5779 libro
1500 5724 1617 5793 ipsa
1646 5734 1889 5781 tacentur
1910 5722 2033 5784 Cle-

492 5809 686 5867 mentis
713 5810 895 5880 verba,
921 5827 1039 5882 quae
1066 5813 1218 5883 prius
1246 5822 1428 5871 essent
1450 5815 1817 5885 expendenda,
1851 5825 1907 5873 ut
1937 5834 2026 5875 sa-

2142 4636 2302 4699 ratio,
2329 4643 2388 4689 ut
2412 4644 2673 4698 veterum,
2698 4636 2789 4705 qui
2813 4635 3093 4705 epistolam
3115 4642 3447 4705 nuncupant,
3475 4651 3705 4693 summo

2140 4725 2431 4782 consensui
2456 4739 2565 4779 non
2591 4725 2766 4779 dicam
2791 4724 3062 4789 anteferri,
3088 4724 3180 4779 sed
3209 4726 3293 4781 vel
3318 4725 3551 4780 conferri
3576 4726 3705 4785 ullo

2139 4819 2299 4873 modo
2324 4819 2518 4873 valeat.
2546 4816 2730 4886 Neque
2755 4817 2913 4870 etiam
2936 4816 2991 4870 in
3029 4815 3375 4885 inquisitione
3403 4818 3702 4887 temporis,

2136 4926 2246 4982 quo
2283 4910 2484 4979 scripta
2510 4916 2627 4972 est,
2660 4923 2758 4965 nos
2790 4921 2927 4977 Opus
2955 4915 3038 4964 est
3080 4908 3283 4964 diutius
3308 4909 3577 4965 distineri.
3613 4909 3703 4967 Ut

2136 5004 2282 5060 enim
2326 5002 2458 5056 illud
2501 5008 2651 5055 certo
2675 4999 3026 5071 dignoscatur
3048 5016 3156 5055 non
3187 5001 3477 5055 admodum
3511 5001 3701 5058 inter—

2131 5101 2237 5161 est,
2278 5108 2402 5148 cum
2452 5094 2660 5147 nullum
2693 5093 2745 5147 in
2793 5107 2857 5148 ea
2892 5091 3092 5146 factum
3122 5092 3437 5162 explicetur.
3482 5092 3701 5151 Obser-

2134 5192 2261 5239 vant
2285 5193 2461 5239 tamen
2488 5184 2706 5247 eruditi,
2735 5198 2853 5238 eam
2882 5184 3123 5239 redolere
3164 5192 3395 5254 tempus,
3436 5200 3546 5255 quo
3587 5202 3703 5243 ec-

2133 5275 2311 5331 clesiae
2338 5290 2468 5345 pace
2494 5274 2830 5330 fruebantur.
2863 5274 3099 5329 Primum
3127 5288 3271 5329 anno
3306 5274 3466 5340 1655,
3496 5275 3703 5337 Graeco

2132 5368 2341 5419 tantum
2372 5364 2439 5419 ad
2468 5365 2670 5419 calcem
2706 5365 2947 5435 epistola:
2972 5362 3014 5427 Ι,
3051 5379 3082 5417 a
3111 5363 3348 5420 Patricio
3373 5364 3536 5420 Junio
3563 5367 3703 5422 edi-

2131 5465 2197 5511 tas
2222 5456 2475 5525 adjuncta
2503 5454 2696 5510 Oxonii
2745 5456 2964 5527 prodiit.
3010 5454 3140 5510 Eam
3171 5465 3357 5527 postea
3391 5457 3706 5517 Latinitate

2129 5548 2401 5603 donarunt
2440 5546 2637 5603 Joann.
2685 5547 2838 5619 Bapt.
2886 5548 3186 5604 Cotelerius
3237 5556 3292 5605 et
3339 5548 3703 5607 Gottifredus

2133 5638 2478 5708 Vendelinus,
2505 5638 2804 5707 exindeque
2831 5638 3015 5693 Graece
3053 5646 3106 5693 et
3153 5637 3339 5693 Latine
3364 5638 3558 5706 saepius
3591 5653 3703 5694 re-

2129 5743 2259 5784 cusa
2280 5734 2382 5782 est.
2410 5726 2661 5782 Cotelerii
2698 5726 3127 5797 interpretationi
3149 5768 3163 5790 .
3189 5743 3253 5784 ea
3278 5744 3383 5799 qua
3412 5729 3465 5783 in
3498 5728 3701 5799 prima

2132 5818 2215 5876 usi
2248 5833 2435 5875 sumus
2464 5816 2729 5885 libertate,
2761 5818 3112 5874 adhaeremus.
