4076 6280
520 407 588 479 ετ
1661 405 1750 463 AD
1781 403 1837 458 s.
1872 400 2065 457 cum

2165 401 2291 457 I‘EM
2330 404 2351 459 1
2388 399 2617 457 ΡΑΡΑΜ
3653 394 3721 449 εδ

522 525 657 578 sime
697 518 978 585 dimensis,
1019 524 1289 593 supplevit
1325 532 1379 579 et
1409 522 1576 576 minio
1611 522 1778 576 rubro
1828 520 2071 593 notavit;
2105 527 2147 577 Α
2178 519 2348 588 plaria
2387 534 2508 590 qua:
2554 531 2739 571 eorum
2778 524 3002 585 uterque
3042 528 3165 568 cum
3196 526 3299 569 ms.
3331 509 3516 567 codice
3562 523 3722 578 quam

521 631 584 666 eo
616 620 868 668 nimirum
898 616 1145 680 consilio,
1180 622 1238 668 ut
1269 630 1389 685 qua:
1423 619 1477 668 in
1522 614 1716 668 laceris
1747 610 2073 666 membranis

458 738 461 739 ν
522 704 782 774 temporis
813 705 1010 773 injuria
1043 714 1364 775 consumpta
1398 705 1867 770 desiderabantur,
1906 704 1974 757 ab
2006 702 2072 756 iis

520 809 641 860 qua:
679 793 860 847 addita
905 795 990 849 vel
1040 795 1283 865 suppleta
1347 794 1545 849 fuerint
1592 794 1823 848 lectores
1861 790 2073 845 facilius

525 891 882 937 secernerent.
936 882 1066 949 Qua:
1128 884 1344 954 quidem
1412 885 1783 954 supplementa
1839 882 2070 936 Juniaua

527 977 850 1047 posteriores
890 976 1149 1041 editores,
1182 983 1241 1029 ut
1273 976 1548 1030 uncinulis
1578 976 1762 1030 clausa
1791 974 1934 1045 typis
1966 972 2070 1025 im-

523 1067 921 1135 primerentur,
974 1069 1260 1139 diligenter
1328 1074 1611 1124 curarunt.
1656 1065 1846 1135 Magna
1906 1065 2074 1120 enim-

518 1174 647 1213 vero
676 1169 728 1216 et
766 1160 1035 1216 laudanda
1055 1159 1199 1214 Junii
1244 1161 1463 1215 solertia
1486 1201 1500 1224 ,
1540 1160 1586 1215 si
1618 1159 1748 1213 lides
1778 1158 1881 1227 ipsi
1917 1155 2071 1210 adhic

519 1247 713 1308 benda.
740 1248 939 1307 Verum
970 1265 1126 1305 secus
1160 1251 1401 1304 sentiunt
1430 1249 1496 1303 de
1524 1264 1590 1304 eo
1633 1248 1806 1317 deque
1839 1246 1959 1316 ejus
1992 1246 2070 1299 la-

519 1340 649 1395 bore
698 1342 750 1397 in
801 1341 1160 1396 describendo
1212 1356 1315 1395 ms.
1351 1338 1719 1393 Alexandrino
1768 1338 1867 1391 viri
1912 1337 2070 1407 longe

518 1427 838 1495 doctissimi,
890 1427 1175 1483 Wottonus
1211 1428 1287 1498 (1)
1318 1429 1370 1481 in
1404 1426 1612 1496 primis,
1650 1426 1847 1482 Millius
1878 1428 1955 1499 (2)
2013 1436 2069 1483 ct

516 1517 748 1576 Grabius
780 1521 856 1591 (5)
893 1539 906 1574 :
937 1531 992 1573 ut
1022 1521 1244 1590 proinde
1266 1522 1443 1576 minus
1472 1528 1620 1577 recte
1643 1521 1917 1575 censuerit
1948 1520 2067 1575 Fel-

518 1607 602 1661 lus
627 1608 738 1678 (4),
787 1627 805 1659 ι
865 1618 1043 1663 actum
1099 1610 1307 1665 scilicet
1351 1610 1506 1666 irrito
1562 1619 1761 1665 conatu
1818 1618 2067 1667 acturum

519 1698 688 1754 fuisse
727 1700 899 1765 illum,
931 1701 1020 1769 qui
1043 1709 1165 1771 post
1192 1699 1409 1756 Junium
1441 1702 1508 1757 ad
1539 1703 1814 1771 exemplar
1840 1702 2069 1756 Alexan-

514 1791 730 1845 drinum
761 1794 943 1847 omnia
977 1793 1153 1847 denuo
1181 1795 1449 1863 exegisset
1492 1814 1504 1850 :
1542 1794 1829 1865 siquidem,
1856 1794 2063 1859 subdit,

2173 619 2425 666 accurate
2453 608 2777 671 contulerat,
2802 605 2933 659 mihi
2955 603 3289 673 comparavi,
3314 612 3478 672 atque
3505 602 3723 655 illorum

2172 704 2490 760 collationes
2543 709 2598 756 et
2653 696 3057 754 emendationes
3118 695 3403 765 diligenter
3448 692 3515 748 ad
3572 705 3724 746 oram

2170 794 2295 852 libri
2351 793 2454 847 mei
2492 790 2766 845 adnotavi.
2800 789 2955 854 Quod
2987 804 3108 843 cum
3154 788 3405 857 egissem,
3436 799 3539 841 ms.
3578 783 3727 838 codi-

2172 898 2288 941 cem
2321 888 2522 953 quanta
2559 880 2672 935 ﬁeri
2712 879 2884 947 potuit
2914 876 3189 946 diligentia
3227 876 3346 944 plus
3369 890 3532 944 quam
3557 872 3724 929 semel

2170 973 2238 1029 de
2266 987 2409 1026 novo
2442 971 2686 1036 contuli;
2719 982 2903 1037 quem.
2943 982 3066 1020 cum
3093 965 3285 1020 unicus
3319 964 3411 1028 sit,
3450 978 3621 1028 usque
3654 962 3725 1018 ad

2171 1064 2404 1120 litteram
2445 1070 2667 1118 secutus
2701 1073 2842 1122 sum,
2886 1066 3246 1129 praeterquam
3276 1056 3330 1109 in
3360 1055 3720 1110 abbreviatioo

2170 1157 2353 1220 nibus,
2400 1168 2535 1224 quas
2578 1154 2680 1208 hoc
2730 1150 2934 1207 inloco
2968 1149 3147 1221 potius
3191 1147 3527 1201 adnotandas
3568 1144 3722 1224 dux_l:

2170 1220 2499 1317 Hujusmodi
2530 1257 2655 1301 sunt
2687 1265 2699 1301 :
2733 1230 2817 1301 6—21
2846 1261 2944 1316 pro
2970 1220 3124 1306 Θεὸς,
3145 1225 3247 1293 ﬁ
3280 1255 3377 1308 pro
3407 1237 3630 1317 deto;,
3658 1220 3728 1290 ῖέ

2170 1355 2267 1408 pro
2294 1337 2521 1410 Ἰησοῦς,
2572 1324 2675 1393 ’Χῖ
2710 1352 2807 1408 pro
2863 1333 3116 1403 Χριστός,
3158 1319 3314 1390 im
3342 1343 3396 1390 et
3442 1319 3583 1387 ﬁ
3628 1349 3726 1410 pro

2168 1428 2390 1501 Πνεῦμα
2429 1438 2481 1485 et
2511 1428 2841 1499 Πνεῦματος,
2873 1429 3095 1482 ΟΥΝΟΣ
3129 1445 3225 1498 pro
3264 1428 3509 1498 οὐρανός,
3548 1426 3727 1479 ΑΠΟΣ

2169 1541 2267 1597 pro
2319 1526 2623 1596 ἅνθρωπος,
2680 1506 2789 1577 fit
2819 1530 2872 1577 et
2924 1505 3041 1576 ῘΙῙᾸ
3072 1537 3168 1592 pro
3193 1522 3432 1593 Ἰσραήλ,
3456 1503 3589 1575 Tm
3622 1537 3721 1591 pro

2169 1600 2693 1689 ἸερουσαλήμῘΙ-[ἶεῖ
2724 1630 2823 1686 pro
2854 1615 3085 1686 πατέρα.
3116 1612 3213 1668 Ubi
3246 1629 3376 1669 vero
3407 1613 3578 1668 codex
3618 1628 3721 1667 ius.

2167 1706 2398 1762 discedit
2447 1721 2475 1759 a
2524 1706 2734 1776 vulgari
2789 1703 3065 1761 scribendi
3116 1703 3347 1766 ratione,
3404 1703 3487 1757 vel
3534 1717 3725 1771 parum

2169 1804 2313 1852 recte
2336 1813 2395 1852 se
2416 1797 2598 1861 habet,
2646 1811 2828 1851 veram
2865 1810 2929 1849 ac
2959 1795 3297 1849 usitatiorem
3326 1795 3600 1849 scribendi
3633 1810 3723 1850 ra-

3442 1315 3583 1327 _——-

2856 1410 3095 1421 ——————-

514 1895 576 1936 ea
600 1879 833 1935 habetur
860 1881 925 1936 de
956 1882 1278 1945 eruditione,
1312 1883 1582 1939 industria
1613 1892 1665 1939 et
1696 1884 1800 1939 ﬁde
1828 1883 1890 1939 D.
1923 1883 2072 1939 Junii
2101 1875 2145 1933 Β
2174 1890 2396 1953 tionem,
2430 1895 2488 1941 ut
2513 1897 2567 1941 et
2607 1886 2888 1953 lectiones,
2914 1883 3323 1939 emendationes
3363 1892 3417 1939 et
3446 1883 3727 1951 conjectu-

514 1971 659 2041 apud
702 1987 889 2027 omnes
938 1971 1101 2033 larua,
1154 1981 1211 2026 ut
1254 1973 1498 2029 eamdem
1542 1974 1854 2044 suspicione
1889 1976 2070 2045 aliqua

513 2062 861 2130 labelactare,
886 2080 994 2118 nun
1026 2063 1246 2118 iueivile
1286 2064 1467 2129 modo,
1496 2066 1590 2120 sed
1631 2066 1879 2136 iniquum
1912 2081 2070 2137 pror-

512 2168 609 2209 sus
632 2154 899 2211 videatur.
940 2174 961 2207 ι

580 2248 650 2300 At
671 2249 904 2318 pretium
930 2246 1090 2301 fuerit
1123 2263 1304 2318 opera
1324 2248 1413 2303 hic
1455 2248 1510 2303 in
1538 2248 1774 2303 medium
1804 2248 2067 2318 proferre,

510 2353 631 2409 quae
664 2339 730 2392 de
767 2338 997 2395 Juniana
1043 2339 1506 2394 Clementinarum
1553 2339 1917 2410 Epistolarum
1956 2340 2071 2396 edi-

512 2429 657 2483 tione
694 2428 847 2483 fuere
882 2429 950 2482 ab
987 2429 1105 2498 ipso
1132 2428 1335 2485 Grabio
1366 2430 1644 2484 adnotata.
1682 2428 1772 2485 Sic
1803 2438 1981 2484 autem
2010 2444 2071 2485 se

509 2519 710 2572 habent
728 2519 805 2590 (5)
833 2536 847 2573 :
870 2538 889 2571 ε
917 2519 1048 2585 Quae
1070 2536 1136 2575 ex
1151 2521 1442 2576 collatione
1461 2520 1586 2593 (ms.
1605 2520 1813 2576 codicis
1833 2520 2070 2577 Alexan-

500 2608 678 2679 driui)
707 2612 1136 2667 emendationem
1170 2612 1433 2681 praebent,
1481 2614 1548 2668 ad
1589 2614 1703 2669 haec
1744 2613 1856 2669 fere
1891 2614 2066 2684 capita

510 2702 863 2760 reducuntur.
911 2702 952 2760 l.
996 2703 1271 2759 Nonnulla
1303 2706 1360 2761 in
1384 2704 1546 2761 editis
1583 2706 1909 2761 omittuntur
1947 2721 2068 2777 qua:

509 2795 564 2849 in
592 2803 879 2867 prototypo
894 2804 1132 2864 exstant,
1153 2806 1212 2852 ut
1238 2814 1304 2854 ex
1333 2799 1579 2854 versione
1606 2796 1805 2851 Latina
1825 2804 2061 2853 constat.

510 2885 574 2941 ll.
602 2884 756 2941 Haud
783 2902 955 2958 pauca
995 2890 1261 2945 vocabula
1288 2890 1486 2947 litteris
1530 2890 1771 2945 miniatis
1800 2888 2059 2957 eduntur,

506 2993 628 3046 quas
664 2979 721 3034 in
755 2979 944 3036 codice
978 2990 1228 3049 exstant;
1269 2982 1411 3052 quod
1444 2981 1648 3036 factum
1689 2997 1814 3038 esse
1837 2997 1873 3041 a
1903 2990 2065 3053 typo-

507 3068 672 3123 tltetis
730 3070 1024 3125 verisimile
1076 3079 1178 3126 est.
1238 3072 1326 3125 lll.
1364 3071 1501 3126 Sunt
1529 3072 1673 3126 haud
1705 3087 1900 3141 pauca,
1942 3088 2064 3142 quin

507 3176 617 3215 non
663 3168 810 3216 recte
856 3163 1150 3230 exscripsit
1198 3162 1394 3217 editor.
1451 3160 1543 3218 ιγ.
1595 3162 1865 3217 Nonnulla
1908 3163 2064 3218 aliter

506 3248 711 3317 scripta
742 3257 892 3315 sunt,
927 3267 1089 3323 quam
1126 3252 1305 3307 editor
1339 3254 1745 3323 repraesentavit
1776 3269 1843 3309 cx
1874 3252 2064 3322 singu-
2090 3223 2132 3282 δ

507 3339 607 3393 lari
640 3341 874 3410 quadam
898 3343 1017 3413 ejus
1044 3345 1333 3414 opinione;
1359 3361 1465 3416 qua
1494 3346 1687 3401 adduci
1722 3362 1830 3401 non
1863 3347 2062 3416 potuit,

507 3441 568 3488 ut
604 3434 953 3503 scriptionem
986 3444 1219 3491 veterem
1266 3438 1423 3494 aliter
1451 3438 1749 3504 exhiberet,
1787 3454 1951 3509 quam
1980 3453 2065 3496 se-

503 3532 742 3589 cundum
773 3536 1046 3605 vulgarem
1082 3536 1356 3593 scribendi
1400 3553 1624 3593 morem.
1662 3536 1722 3594 V.
1771 3538 1921 3610 Saepe
1942 3554 2067 3595 cum

506 3625 623 3696 ipse
650 3625 791 3681 male
816 3628 1188 3698 exscripserit,
1221 3631 1616 3684 correctionem
1647 3646 1714 3685 ex
1745 3630 2065 3701 conjectura

506 3714 655 3769 addit
695 3715 763 3770 ad
806 3717 1139 3787 marginem;
1184 3734 1303 3787 qua:
1336 3720 1606 3774 correctio
1637 3721 1690 3774 in
1732 3720 1851 3790 ipso
1876 3721 2065 3777 Codice

508 3808 791 3875 reperitur.
830 3830 848 3858 ι
886 3808 1158 3867 Hactenus
1191 3809 1445 3866 Grabius.
1492 3811 1701 3879 Quibus
1747 3829 1876 3884 ergo
1914 3812 2064 3870 vitiis

507 3897 755 3953 laborant
793 3899 1056 3956 editiones
1100 3901 1267 3957 ferme
1301 3918 1511 3967 onmes,
1547 3912 1733 3974 utpote
1754 3919 1876 3975 qua:
1913 3903 2063 3960 fuere

506 3988 574 4042 ad
619 3987 907 4046 Junianam
956 4001 1160 4047 exactae
1193 4012 1205 4047 :
1238 3994 1379 4065 quod
1422 3994 1641 4065 quidem
1673 3995 1876 4068 liquido
1914 4003 2064 4067 patet

504 4098 570 4136 ex
590 4080 959 4148 Wottoniana,
981 4084 1220 4138 omnium
1250 4086 1710 4143 emendatissima.

574 4171 699 4227 Haec
721 4174 886 4243 igitur
909 4174 1376 4249 Cantabrigiensis
1394 4180 1530 4237 satis
1557 4180 1829 4235 luculenta
1852 4180 2062 4244 ἐκδοσις

500 4261 560 4316 1n
602 4266 795 4336 vulgus
824 4268 1022 4337 prodiit
1050 4284 1195 4323 anno
1233 4270 1392 4335 1718,
1425 4286 1639 4326 summa
1683 4286 1817 4327 cura
1843 4272 2061 4328 Henrici

503 4353 748 4410 Wottoni
782 4359 1079 4415 elaborata.
1112 4360 1241 4414 Eam
1285 4364 1430 4418 enim
1460 4363 1603 4418 haud
1629 4364 1795 4419 semel
1835 4365 2060 4435 exigens

505 4441 571 4498 Υ.
603 4444 665 4501 C.
698 4446 763 4500 ad
798 4445 953 4502 (idem
988 4466 1092 4506 ms.
1145 4452 1351 4508 codicis
1387 4453 1767 4519 Alexandrini,
1814 4455 2060 4511 adhibito

2172 1996 2261 2035 ras
2283 1978 2452 2042 Junii,
2481 1978 2668 2042 Boisil,
2694 1978 2971 2041 Cotelerii,
3003 1974 3473 2041 Felli,'Golomesii
3504 1991 3568 2028 ac
3599 1974 3725 2029 Cle-

2168 2073 2303 2136 rici,
2373 2072 2514 2126 inter
2577 2071 2851 2126 variantes
2915 2068 3176 2124 lectiones
3232 2068 3411 2137 posui.
3471 2065 3726 2125 Plurimis

2167 2165 2332 2222 etiam
2372 2164 2426 2218 in
2464 2164 2601 2219 locis
2630 2171 2836 2216 textum
2874 2161 3158 2218 emendavi
3194 2168 3249 2215 et
3285 2174 3397 2214 suae
3428 2156 3726 2228 integritati

2169 2254 2402 2321 restitui,
2435 2254 2528 2308 ubi
2566 2268 2755 2323 parum
2783 2259 2929 2307 recte
2961 2268 2990 2307 a
3010 2250 3174 2306 Junio
3200 2249 3630 2307 describebatur.
3655 2277 3729 2291 —

2167 2346 2301 2412 Qum
2329 2360 2417 2401 me
2444 2345 2515 2400 ad
2539 2345 2678 2399 hanc
2699 2344 2990 2400 editionem
3025 2341 3429 2415 suscipiendam
3454 2341 3727 2412 praecipue

2167 2438 2515 2506 impulerunt,
2550 2436 2664 2490 haec
2703 2435 2964 2490 fuerunt:
3007 2449 3075 2489 ne
3132 2434 3347 2490 deesset
3390 2430 3725 2487 emendatior

2166 2526 2340 2583 Graeci
2378 2534 2561 2584 textus
2583 2528 2770 2590 editio,
2811 2536 2899 2583 etc
2962 2546 2982 2583 ι
3017 2525 3170 2581 Hane
3197 2533 3379 2580 autem
3412 2522 3722 2577 Wottonia-

2166 2633 2293 2674 nam
2315 2618 2633 2683 editionem,
2668 2618 2911 2673 omnium
2953 2617 3080 2673 licet
3102 2614 3600 2677 accuratissimam,
3632 2611 3726 2682 qui

2165 2709 2421 2780 deinceps
2467 2709 2727 2780 epistolas
2767 2708 3137 2764 Clementinas
3190 2706 3334 2779 typis
3387 2704 3727 2762 excuderunt

2164 2802 2273 2856 viri
2330 2801 2555 2866 eruditi,
2608 2802 2653 2858 si
2712 2799 3045 2855 Richardum
3076 2799 3388 2855 Russelium
3445 2798 3722 2867 excipias,

2165 2892 2474 2963 praeteriere
2502 2892 2890 2948 inconsultam.
2923 2890 3080 2957 Quod
3115 2890 3335 2960 quidem
3376 2889 3596 2954 mirum,
3637 2888 3724 2944 sin

2165 2984 2346 3039 minus
2380 2982 2447 3039 de
2472 2984 2715 3054 reliquis,
2748 2990 2803 3038 at
2820 2983 3011 3039 saltem
3031 2982 3096 3039 de
3116 2981 3332 3037 Clerico
3359 2982 3451 3051 qui
3480 2981 3723 3035 eamdem

2166 3085 2275 3146 pra:
2296 3074 2548 3131 manibus
2575 3075 2766 3130 habuit
2798 3094 2812 3133 :
2846 3090 2914 3130 ex
2938 3088 3004 3129 ea
3031 3074 3177 3129 enim
3208 3072 3523 3129 sclectiores
3554 3068 3721 3124 Boisii

2165 3169 2544 3226 adnotationes
2570 3182 2603 3221 a
2624 3166 2887 3223 Wottono
2910 3174 3027 3230 tum
3055 3166 3289 3236 primum
3316 3164 3491 3220 editas
3513 3164 3722 3218 descri-

2168 3260 2297 3331 psit,
2329 3273 2466 3329 quas
2496 3258 2554 3312 in
2583 3257 2878 3314 secundam
2903 3254 3471 3309 Amstaelodamensem
3496 3248 3723 3302 Patrum

2168 3350 2589 3424 apostolicorum
2615 3349 2906 3406 editionem
2923 3346 3313 3402 Colelerlanam
3334 3342 3631 3397 transtulit.
3651 3340 3723 3394 At

2166 3457 2230 3499 eo
2257 3444 2311 3497 in
2334 3441 2525 3513 primis
2551 3441 2769 3496 nomine
2792 3440 2940 3493 illam
2966 3438 3188 3506 insuper
3216 3434 3472 3491 habuisse
3500 3430 3720 3488 videtur

2165 3532 2430 3598 Clericus,
2464 3532 2609 3602 quod
2631 3532 2808 3587 editor
2831 3528 3298 3599 Cantabrigiensis
3342 3534 3453 3579 tum
3486 3521 3722 3583 Eduardi

2166 3624 2427 3681 Bernardi
2458 3624 2673 3680 notulas
2710 3622 2911 3693 quibus
2939 3620 3192 3691 Epistolas
3227 3619 3255 3673 1
3284 3616 3570 3672 αὐθεντίαν
3603 3615 3716 3669 elc-

2168 3732 2292 3773 vare
2330 3726 2561 3772 conatus
2588 3723 2671 3771 est
2705 3713 3031 3773 exsulllarit.
3071 3720 3185 3766 tum
3230 3711 3517 3780 ipsummet
3546 3704 3719 3762 Cleri-

2165 3823 2288 3863 cum
2319 3807 2608 3863 identidem
2640 3806 2781 3860 haud
2831 3804 3105 3859 immerito
3132 3802 3435 3871 castigarit.

2234 3899 2679 3970 Quandoquidem
2717 3914 2845 3953 vero
2883 3898 3119 3953 Russelii
3158 3899 3364 3952 mentio
3411 3894 3623 3959 incidit,
3656 3892 3719 3947 il-

2163 3992 2256 4049 lud
2279 3993 2508 4048 interest
2534 3990 2818 4054 adnotare,
2843 3990 3170 4044 industrium
3200 3989 3346 4044 hunc
3373 3988 3632 4043 editorem
3659 3985 3715 4039 in

2163 4086 2280 4141 Suis
2312 4082 2534 4137 Patrum
2574 4081 2976 4150 apostolicorum
3011 4080 3249 4149 operibus
3278 4079 3534 4150 genuinis,
3570 4076 3717 4132 Lon-

2161 4175 2277 4233 dini
2309 4190 2452 4229 anno
2484 4173 2622 4228 17-16
2672 4173 2958 4243 evulgatis,
2982 4170 3389 4227 Wottonianam
3419 4168 3714 4225 editionem

2160 4282 2272 4337 prae
2294 4267 2503 4321 caneris
2526 4266 2628 4320 sibi
2654 4264 2983 4335 sequendam
3010 4265 3133 4333 jure
3160 4261 3457 4318 censuisse.
3492 4259 3595 4325 Qui
3659 4267 3717 4312 et

2124 4358 2230 4413 'ad
2280 4360 2483 4413 calcem
2527 4358 2782 4413 secundae
2830 4358 3002 4427 partis
3057 4354 3409 4411 voluminisl
3454 4350 3712 4407 laudabili

2159 4449 2392 4504 consilio
2436 4448 2695 4518 pleraque
2752 4448 2988 4517 subjecit
3037 4447 3312 4509 adnotata,
3364 4460 3428 4499 ex
3484 4442 3714 4500 Joannis

504 4533 667 4586 etiam
702 4534 849 4588 Junii
878 4538 1022 4593 edito
1048 4554 1169 4593 cum
1193 4542 1382 4597 eodem
1422 4542 1609 4598 codice
1644 4557 1674 4596 a
1705 4542 1871 4598 Millio
1896 4553 2059 4614 atque
2089 4553 2132 4609 ι)
2162 4538 2316 4595 Millii
2354 4542 2665 4611 apographo
2703 4549 2958 4593 accurate
2999 4537 3066 4592 ad
3097 4551 3196 4591 ms.
3243 4535 3446 4591 codicis
3480 4535 3713 4589 Alexan-

506 4646 535 4681 ει
566 4624 770 4679 Grabio
817 4629 1036 4694 collato,
1077 4630 1371 4688 Junianum
1414 4643 1619 4690 textum
1664 4650 1827 4706 quem
1877 4638 2059 4691 caeteri

502 4723 739 4779 editores
782 4730 911 4777 sunt
949 4724 1144 4785 secuti,
1172 4726 1413 4796 octogies
1441 4728 1747 4783 emendavit
1773 4729 2061 4798 supplevit-

502 4830 639 4886 que;
680 4830 799 4884 qnze
840 4829 969 4869 vero
1016 4816 1241 4869 aberant
1281 4831 1310 4869 a
1345 4833 1448 4872 ms.
1481 4819 1797 4889 exemplari,
1828 4828 1991 4889 atque
2028 4838 2059 4875 a

500 4904 665 4961 Junio
699 4906 893 4961 litteris
922 4905 1163 4961 miuiatis
1194 4907 1640 4977 designabantur,
1670 4910 2058 4967 minutioribus

504 4999 648 5071 typis
674 4997 1034 5069 imprimenda
1072 4998 1305 5054 curavit.
1341 4998 1445 5054 Sed
1488 5009 1708 5070 prastat
1739 5001 2057 5059 Wottonum

500 5088 680 5163 ipsum
740 5090 952 5154 audire,
1010 5091 1104 5160 qui
1155 5091 1441 5147 consilium
1490 5092 1841 5163 studiumque
1894 5110 2055 5150 suum

499 5182 557 5238 in
585 5184 687 5239 hac
709 5184 946 5239 editione
967 5182 1281 5238 adornanda
1305 5182 1457 5239 hisce
1478 5183 1659 5241 verbis
1684 5186 1906 5255 exponit
1936 5185 2013 5256 (6)
2040 5205 2053 5241 :

507 5295 525 5327 ι
562 5275 698 5330 Cum
731 5277 966 5348 primum
1008 5290 1219 5331 mecum
1268 5275 1628 5332 decrevissem
1658 5277 1947 5334 editionem
1995 5278 2055 5335 S.

502 5368 797 5424 Clementis
821 5368 877 5424 in
907 5383 993 5425 me
1034 5368 1336 5439 suscipere,
1362 5366 1548 5424 Grabii
1577 5368 1837 5440 Milliique
1871 5386 2057 5426 exem-

504 5525 649 5651 δι(ι)
700 5523 1006 5597 Prolegom.
1047 5528 1116 5583 ad
1169 5527 1308 5584 Bibl.
1369 5529 1673 5601 polyglott.,
1726 5537 1859 5585 sect.
1905 5546 1981 5598 ix,
2024 5530 2053 5603 5

506 5637 821 5806 :(gggpud
841 5664 1079 5734 Russel.,
1102 5669 1233 5725 edit.
1257 5667 1588 5740 PP.Apost.,
1610 5676 1743 5725 tom.
1767 5668 1812 5735 Ι,
1830 5678 1968 5741 part.
1990 5686 2050 5740 η,

577 5807 652 5879 (5)
683 5805 983 5877 Prolegom.
1017 5808 1084 5864 ad
1116 5825 1257 5866 vers.
1277 5808 1565 5881 LXX,cap.
1602 5823 1663 5875 ιι,
1695 5808 1723 5882 §
1754 5810 1801 5863 l.

2160 4631 2306 4686 drini
2341 4632 2497 4686 ﬁdem
2535 4640 2728 4687 exacto
2770 4630 3085 4699 descripta:
3127 4642 3249 4697 qua:
3282 4626 3500 4696 quidem
3540 4626 3711 4679 aduo—

2158 4730 2271 4775 tata
2288 4720 2602 4776 Wottonnm
2628 4722 3060 4792 praetermisisse,
3092 4719 3339 4790 quamvis
3365 4726 3417 4773 et
3442 4718 3556 4787 ipse
3587 4732 3713 4787 apo-

2159 4812 2421 4883 graphum
2479 4813 2777 4867 Millianum
2833 4812 2936 4867 sibi
2994 4824 3342 4879 comparasse
3392 4814 3708 4873 asseveret,

2159 4906 2326 4959 miror
2356 4920 2665 4970 enimvero;
2696 4920 2762 4958 eo
2800 4903 2885 4958 vel
2919 4902 3153 4956 maxime
3180 4901 3323 4972 quod
3358 4900 3618 4953 nonnulla
3654 4901 3711 4955 in

2161 4994 2226 5050 iis
2257 4996 2617 5065 reperiantur,
2653 4996 2851 5066 quibus
2879 5009 2944 5048 ex
2985 4993 3174 5048 eodem
3201 5007 3305 5046 ms.
3332 4989 3710 5046 vetustissimo

2158 5084 2405 5140 codicum
2460 5085 2727 5139 editorum
2790 5084 2951 5139 lectio
3002 5082 3206 5155 passim
3263 5081 3515 5137 exactior
3587 5081 3709 5136 red-

2158 5175 2323 5231 ditur.

2226 5265 2409 5338 Neque
2434 5283 2596 5337 porro
2617 5267 2747 5321 illud
2778 5266 3315 5339 praetermittendum,
3340 5263 3405 5320 ν.
3426 5263 3488 5320 C.
3511 5262 3706 5319 Joanni

2157 5358 2432 5414 Ludovico
2468 5356 2624 5429 Frcy,
2651 5360 2743 5429 qui
2774 5373 2916 5415 anno
2966 5359 3104 5414 174?.
3145 5357 3415 5427 Epistolas
3480 5356 3701 5410 Patrum

2330 5513 2546 5570 Prml'at.
2585 5513 2651 5567 ad
2689 5513 2851 5583 epist.
2878 5512 3115 5581 1Clem.,
3142 5514 3271 5570 edit.
3299 5514 3500 5577 Oxon.,
3542 5510 3701 5567 166‘).

2281 5515 2475 5657 gApud
2493 5582 2807 5639 Wottonum
2845 5581 2912 5637 ad
2939 5584 3140 5642 calcem
3168 5587 3326 5657 epist.
3352 5585 3545 5649 Clem.,
3578 5598 3699 5653 pag.

2249 5581 2303 5657 5)
2319 5586 2475 5656 Apud
2493 5581 2807 5639 Wottonum
2845 5581 2912 5637 ad
2939 5584 3140 5642 calcem
3168 5587 3326 5657 epist.
3352 5585 3545 5649 Clem.,
3578 5598 3699 5653 pag.

2248 5517 2279 5571 ι

2224 5518 2279 5716 ζ

2249 5588 2281 5643 5

2158 5658 2225 5714 10
2270 5700 2283 5713 .

2224 5722 2301 5799 (6)
2327 5723 2571 5790 Praelat”
2606 5741 2658 5797 p.
2682 5739 2841 5779 ccvu.
