4076 6280
1621 415 1959 476 ΡΒΟΈΜΙΑ
1995 414 2379 478 νΑΙὶῘΟῐὶυΜ.

3464 417 3534 471 90

338 540 746 610 apostolicorttm
771 541 914 614 typis
943 541 1345 600 Basileenslbus
1360 534 1889 613 conslgnavit,Wot-
1919 537 1967 593 Α
1994 548 2181 588 carum
2249 534 2497 597 latebris
2530 533 2890 590 delitesceret.
2950 532 3255 588 Summaria
3302 532 3535 603 denique

343 633 623 688 tonianum
658 635 962 704 exemplar,
1002 634 1149 705 quod
1188 635 1408 705 quidem
1442 632 1756 703 exoptabat,
1802 629 1891 687 vl-
1990 628 2167 699 capita
2213 643 2244 682 e
2285 629 2645 686 Coutantiana
2676 635 2731 689 et
2756 625 3000 701 Freyana
3038 626 3367 682 editionibus
3411 642 3538 686 con-

341 724 474 781 dere
502 732 611 778 tum
632 724 851 780 demum
881 726 1134 793 licuisse,
1167 741 1291 781 cum
1316 726 1428 797 jam
1455 724 1684 795 epistola
1709 723 1734 779 1
1772 720 1895 778 Cle-

343 817 538 871 mentis
569 831 600 870 e
638 816 790 886 prelo
814 818 1078 873 evasisset
1109 836 1123 873 :
1157 825 1217 873 ut
1253 816 1478 887 proinde
1518 815 1881 886 posteriorem

341 904 714 959 tantummodo
743 904 905 974 paulo
932 904 1354 961 emendatiorem
1390 903 1722 960 exhibuerit.
1748 901 1893 968 Qua-

339 994 665 1067 lemcunque
698 1004 878 1051 tamen
909 996 1071 1067 hujus
1093 997 1347 1054 editionis
1381 994 1659 1068 Freyanaa,
1690 991 1894 1063 alioqui

340 1088 477 1143 satis
492 1089 701 1152 nitida},
733 1087 1000 1144 defectum
1023 1090 1273 1159 supplere
1296 1089 1518 1144 adnisus
1548 1095 1630 1143 est
1654 1087 1740 1141 vir
1767 1100 1895 1140 eru-

341 1177 491 1233 ditus
528 1178 796 1234 Antonius
821 1179 1029 1236 Birrius
1061 1180 1118 1235 in
1146 1180 1351 1250 publica
1375 1177 1682 1248 Specimine,
1710 1177 1895 1231 itidem

343 1266 569 1325 Basileae
607 1285 751 1325 anno
784 1271 921 1327 1744
966 1273 1136 1336 edito,
1176 1279 1338 1342 atque
1374 1271 1705 1341 conjecturis
1752 1268 1893 1324 haud

340 1362 677 1431 pmnitendis
700 1364 768 1417 ad
796 1372 1001 1418 textum
1030 1362 1425 1419 Clementinum
1459 1364 1713 1419 editionis
1745 1360 1896 1415 Wot-

342 1456 582 1509 toniana:
598 1454 827 1510 ulterius
842 1452 1018 1510 adhuc
1041 1454 1427 1525 detergendum
1456 1454 1677 1509 referto.
1720 1452 1894 1520 Hujus

342 1556 523 1600 autem
579 1545 903 1612 Speciminis
953 1544 1185 1600 Birriani
1214 1546 1493 1615 exemplar
1519 1560 1643 1601 cum
1690 1545 1896 1599 frustra

343 1640 440 1693 diu
478 1639 950 1707 conquisivissem,
980 1655 1194 1695 summo
1218 1639 1343 1694 licet
1375 1638 1555 1694 studio
1576 1639 1892 1709 expetitum,

341 1732 457 1787 voti
488 1732 701 1787 tandem
732 1739 1034 1801 compotem
1066 1747 1152 1787 me
1181 1731 1308 1787 fecit
1338 1731 1420 1785 vir
1448 1732 1740 1787 liberaliter
1768 1746 1893 1786 cru»

343 1821 492 1877 ditus
511 1820 721 1892 Gaspar
750 1822 1187 1893 Hagenhuchius,
1214 1839 1243 1877 a
1277 1840 1387 1895 quo
1420 1838 1530 1880 una
1552 1840 1675 1879 cum
1696 1824 1892 1878 litteris

346 1913 699 1968 humanitatis
736 1921 790 1969 et
828 1914 986 1967 ollicii
1018 1915 1348 1983 plenissimis
1387 1915 1587 1971 Turico
1635 1910 1896 1969 Helvetio-

342 2019 467 2057 rum
500 2005 645 2059 dono
686 2004 823 2059 illud
856 2005 1039 2075 accepi
1080 2025 1093 2060 :
1138 2021 1246 2076 quo
1276 2006 1491 2078 quidem
1526 2006 1742 2061 nomine
1779 2007 1896 2061 viro

340 2096 548 2166 optimo
571 2096 777 2166 gratias
819 2110 921 2166 ago
958 2104 1012 2150 et
1040 2096 1233 2151 habeo.

418 2188 519 2243 His
547 2190 728 2259 itaque
758 2190 987 2258 aliisque
1024 2187 1284 2244 subsidiis
1326 2187 1643 2252 instructus,
1684 2186 1751 2241 ad
1778 2201 1896 2241 eam

346 2296 508 2351 quam
545 2282 636 2336 hic
690 2281 908 2351 profero
953 2281 1249 2337 editionem
1283 2279 1572 2350 parandam
1616 2279 1892 2334 elaborant.

346 2376 581 2442 damque
607 2388 692 2427 me
716 2372 923 2427 contuli
951 2389 965 2425 :
991 2388 1100 2442 quo
1120 2372 1339 2442 quidem
1369 2371 1425 2425 in
1446 2385 1608 2440 opere
1634 2377 1894 2440 quantum

347 2464 626 2518 industriae
654 2479 717 2517 ac
756 2463 922 2519 studii
949 2462 1318 2526 adhibuerim,
1357 2462 1585 2515 aliorum
1613 2468 1732 2516 esto
1751 2459 1897 2530 judi-

343 2555 511 2611 cium.
560 2553 695 2608 lllud
738 2570 873 2610 sane
916 2553 1182 2609 allirmare
1218 2554 1414 2616 ausim,
1446 2551 1739 2607 Clementis
1772 2550 1901 2621 Epi~

344 2647 519 2700 stolas
561 2647 626 2698 ad
668 2644 981 2701 Corinthios
1021 2660 1169 2699 nunc
1215 2643 1433 2701 demum
1478 2642 1694 2713 prodire
1731 2642 1902 2696 multo

342 2738 742 2807 castigatiores,
774 2754 937 2809 quam
968 2737 1231 2793 hactenus
1264 2736 1413 2791 fuere
1440 2736 1497 2790 in
1520 2735 1715 2804 vulgus
1738 2733 1904 2790 emis—

342 2841 419 2882 sa:
454 2846 469 2881 :
500 2834 580 2881 tot
618 2828 763 2882 enim
808 2828 927 2883 loca
973 2835 1103 2883 sunt
1135 2828 1402 2893 restituta,
1448 2834 1528 2883 tot
1564 2825 1900 2881 mendasub-

348 2919 497 2978 lata;
554 2925 613 2971 ut
647 2933 935 2990 perpauca,
968 2919 1015 2973 si
1046 2934 1153 2989 qua
1183 2927 1330 2983 sunt,
1362 2918 1538 2973 adhuc
1567 2914 1902 2973 emendanda

344 3023 635 3077 superesse
688 3009 991 3066 videantur.
1046 3010 1184 3066 Cum
1245 3025 1370 3065 vero
1428 3014 1484 3063 in
1532 3018 1677 3063 textu
1715 3005 1903 3062 Graeco

341 3100 706 3157 emaculando
750 3117 961 3157 summa
989 3118 1113 3156 cum
1156 3102 1314 3155 laude
1358 3116 1467 3170 pra:
1493 3100 1744 3154 omnibus
1773 3114 1897 3153 ver-

344 3203 497 3247 satus
530 3192 698 3247 fuisse
741 3195 988 3249 videatur
1013 3193 1280 3249 Henricus
1305 3192 1612 3256 Wottonus,
1647 3194 1898 3247 solertem

347 3285 491 3339 hunc
532 3285 793 3339 editorem
833 3285 1001 3342 ferme
1054 3286 1251 3355 ubique
1296 3301 1416 3340 sum
1465 3290 1766 3340 assectatus
1800 3296 1901 3337 :ea

344 3384 527 3431 tamen
568 3376 805 3429 adhibita
842 3376 1070 3439 ratione,
1102 3384 1158 3431 ut
1203 3375 1460 3431 nonnulla
1492 3374 1815 3445 quandoque
1844 3372 1901 3426 in

348 3465 493 3522 notis
526 3466 849 3534 subjecerim
897 3482 963 3521 ex
1014 3467 1165 3522 Millii
1218 3467 1516 3536 praesertim
1567 3463 1897 3535 apographo,

349 3576 470 3627 qua:
490 3560 571 3612 vel
596 3558 770 3629 ipsum
793 3559 1053 3614 editorem
1085 3558 1589 3627 Cantabrigienscm
1615 3558 1893 3626 fugerunt,

348 3660 407 3705 ut
447 3652 603 3705 modo
637 3650 971 3719 praemonui;
1002 3651 1133 3719 quin
1162 3658 1214 3706 et
1239 3651 1292 3704 in
1324 3650 1558 3704 medium
1582 3650 1897 3720 protulerint

347 3745 556 3814 aliquot
596 3745 836 3798 virorum
857 3743 1196 3798 eruditorum
1219 3742 1593 3812 conjecturas,
1624 3742 1901 3796 Birrianas

346 3832 401 3889 in
427 3834 639 3903 primis,
670 3849 790 3902 qua:
820 3833 886 3887 ad
923 3848 1106 3887 veram
1139 3834 1425 3888 lectionem
1462 3833 1777 3895 eruendam,
1808 3831 1903 3886 ubi

347 3934 530 3982 textus
569 3926 788 3989 defecit,
831 3926 1054 3996 propius
1081 3925 1376 3981 accessisse
1396 3925 1525 3983 visae
1551 3934 1697 3979 sunt.
1730 3922 1901 3977 Inter-

348 4020 713 4093 prclatiunetlt
755 4017 1015 4073 Cotelerii
1057 4033 1087 4072 a
1127 4015 1417 4074 Coutantio
1453 4018 1776 4072 recensitam
1810 4031 1899 4069 re—

346 4112 509 4176 tinui,
558 4110 665 4166 nisi
698 4110 856 4165 aliter
878 4109 1111 4164 suaserit
1148 4110 1391 4164 exactior
1429 4108 1635 4166 wdicis
1669 4109 1903 4163 Alexan-

344 4202 493 4257 drini
525 4200 768 4265 collatio,
798 4215 830 4253 a
854 4198 1113 4256 Wottono
1128 4209 1181 4255 et
1206 4200 1375 4257 Millio
1402 4203 1690 4268 instituta;
1723 4200 1903 4255 sicubi

343 4294 492 4351 enim
540 4307 606 4347 ex
654 4291 757 4346 ﬁde
797 4292 1100 4346 ms..lectio
1128 4292 1343 4363 vulgata
1394 4291 1737 4347 reformanda
1767 4292 1890 4359 fuit,

344 4384 727 4455 interpretatio
753 4398 968 4452 quoque
1006 4392 1063 4436 ut
1103 4383 1170 4436 ad
1204 4391 1407 4437 textum
1434 4381 1684 4438 Graecum
1720 4384 1901 4453 exige-

344 4482 499 4529 retur
518 4473 780 4542 oportuit.
811 4471 1029 4537 Adhzec,
1050 4471 1302 4527 Veterum
1327 4473 1638 4528 testimonia
1662 4472 1896 4543 praemisi

343 4580 411 4620 ex
451 4562 794 4618 Coteleriana
846 4562 1082 4617 editione
1120 4562 1439 4631 desumpta;
1492 4562 1687 4631 quibus
1717 4570 1897 4616 tamen

346 4656 454 4708 alia
483 4654 744 4708 nonnulla
780 4655 1005 4715 intexui,
1036 4654 1246 4708 czeteris
1278 4664 1372 4707 aut
1405 4656 1766 4723 przetermissa
1806 4662 1896 4707 aut

348 4746 543 4801 invisa.
589 4744 909 4816 Fragmenta
956 4746 1081 4800 item
1123 4743 1460 4800 Clementina
1489 4747 1682 4815 adjeci,
1716 4762 1783 4801 ex
1829 4747 1897 4803 iis

348 4836 693 4906 potissimum
740 4836 902 4905 petita
953 4851 1073 4905 quae
1112 4835 1436 4892 Coutantius
1477 4838 1752 4908 congessit
1788 4857 1801 4892 :
1842 4846 1898 4892 at

352 4931 528 4984 locum
567 4927 866 4982 lrenaicum
924 4928 991 4982 ab
1044 4928 1162 4997 ipso
1191 4929 1477 5000 recitatum
1522 4930 1700 4997 omisi,
1732 4946 1891 5000 quem

351 5021 533 5090 potius
583 5020 724 5073 inter
768 5018 1076 5073 testimonia
1118 4998 1459 5074 referendum
1493 5023 1711 5089 censui;
1747 5025 1802 5077 in
1831 5038 1897 5079 eo

350 5125 583 5179 namque
612 5126 720 5165 non
768 5108 971 5179 aliquid
999 5111 1145 5173 novi,
1192 5109 1287 5165 sed
1329 5118 1535 5163 tantum
1576 5110 1833 5182 Epistola:
1875 5115 1897 5169 ι

348 5202 611 5275 synopsin
646 5202 877 5256 lrenazus
898 5202 1204 5257 exhibuisse
1227 5202 1557 5272 perhibetur,
1592 5213 1651 5257 ut
1680 5206 1898 5261 cuilibet

348 5292 635 5364 diligenter
663 5292 957 5347 attendenti
982 5302 1314 5364 compertum
1338 5294 1428 5349 ﬁet
1462 5314 1476 5348 :
1509 5295 1653 5365 quod
1679 5298 1894 5367 quidem

347 5399 549 5454 magno
574 5383 829 5441 Ecclesia:
848 5386 1121 5440 annalium
1154 5386 1360 5456 parenti
1379 5385 1699 5455 jampridem
1731 5388 1897 5442 subo-

345 5477 451 5531 luit
480 5476 584 5549 (7),
608 5492 732 5533 cum
763 5478 941 5532 adhuc
969 5477 1262 5533 Clementis
1293 5486 1469 5533 textus
1510 5478 1564 5532 in
1608 5478 1897 5534 bibliothe-

414 5630 493 5701 (7)
531 5629 754 5701 Haron.,
779 5632 844 5686 ad
869 5648 995 5688 ann.
1019 5633 1107 5701 95,
1127 5650 1272 5689 num.
1304 5635 1357 5688 2.

417 5699 496 5767 (8i
546 5699 768 5775 Dionys.
806 5699 1101 5771 'Corinth.’
1136 5705 1279 5775 apud
1333 5705 1527 5760 Euseb.
1574 5704 1712 5761 Hist.
1763 5709 1891 5765 ccci.

342 5772 442 5825 tib.
475 5786 549 5835 tv,
574 5786 623 5827 c.
648 5771 734 5828 23.

1928 3198 1969 3257 ε

1930 4540 1973 4594 D

1991 728 2137 776 texta
2159 721 2510 790 subjecimus.

2060 812 2127 868 H.
2158 811 2276 867 Jam
2306 828 2455 875 vero,
2487 820 2548 867 ut
2577 811 2644 868 de
2680 811 2870 865 harum
2908 809 3255 879 eplstolarum
3279 818 3541 877 praestan-

1991 905 2066 960 tia
2098 912 2152 959 et
2180 905 2491 959 sinceritate
2518 903 2870 965 disseramus,
2902 901 3252 957 celeberrima
3278 900 3542 971 est.quod

1990 1012 2180 1056 omnes
2208 998 2401 1051 eruditi
2435 1005 2653 1063 norunt,
2686 1011 2805 1065 quae
2850 996 2997 1065 prior
3026 994 3321 1050 Corinthiis
3345 993 3543 1049 inscri-

1991 1093 2138 1148 bitur
2162 1112 2175 1146 :
2218 1090 2537 1162 ’Ῑκανωτάτη
2565 1089 2746 1159 γραφή
2774 1087 2913 1142 dicta
2938 1086 2994 1142 S.
3013 1088 3232 1150 lrenmo,
3262 1084 3540 1157 Ἐπιστολὴ

1995 1179 2202 1250 μεγάλη
2257 1196 2317 1232 τε
2371 1180 2464 1233 καὶ
2510 1178 2784 1248 Θαυμασίοι
2842 1176 3073 1231 Eusebio
3121 1170 3136 1231 ἐ
3196 1185 3356 1246 atque
3406 1178 3541 1232 adeo

1994 1278 2203 1324 tantum
2229 1285 2336 1323 non
2357 1270 2642 1334 canonica,
2686 1284 2804 1324 eam
2852 1268 2991 1340 apud
3026 1284 3213 1323 omnes
3243 1269 3541 1323 auctorita-

1991 1370 2100 1419 tem
2133 1363 2384 1428 obtinuit,
2444 1369 2503 1415 ut
2541 1362 2764 1431 perinde
2811 1376 2874 1414 ac
2908 1362 3125 1430 reliquae
3174 1362 3542 1431 apostolorum

1993 1455 2265 1526 Epistolas,
2284 1454 2499 1523 publice
2538 1454 2804 1523 aliquibus
2834 1454 2887 1506 in
2917 1452 3161 1509 ecclesiis
3192 1453 3326 1507 lecta
3358 1452 3538 1508 fuerit:

1992 1547 2136 1617 quod
2207 1547 2424 1616 quidem
2500 1554 2697 1617 praeter
2763 1545 3093 1611 Eusebium,
3159 1545 3541 1616 Hieronymum

1994 1643 2239 1711 aliosque
2269 1650 2479 1695 veteres
2500 1641 2817 1709 scriptores,
2848 1647 3076 1694 testatur
3114 1639 3386 1708 antiquior
3416 1638 3545 1691 Dio-

1993 1735 2184 1804 nysius
2241 1731 2648 1789 Corinthiorum
2713 1731 3002 1802 episcopus
3079 1730 3175 1801 (8).
3225 1730 3347 1785 Hzcc
3414 1745 3544 1785 sane

1996 1824 2233 1893 priscum
2290 1822 2560 1893 Evangelii
2622 1822 2857 1891 vigorem
2915 1822 3123 1890 spirat:
3171 1823 3342 1892 stylus
3383 1838 3542 1891 quam

2000 1916 2241 1985 proxime
2269 1914 2335 1967 ad
2358 1914 2562 1969 Novum
2594 1913 3000 1968 Testamentum
3031 1913 3275 1969 accedit:
3304 1928 3391 1966 res
3428 1929 3545 1966 ver-

1996 2006 2172 2074 baque
2203 2006 2318 2073 ipsa
2350 2005 2631 2074 desumpta
2663 2006 2717 2057 in
2744 2006 2932 2074 primis
2970 2023 3034 2063 ex
3078 2006 3335 2077 Epistolis
3364 2003 3546 2057 Pauli-

1995 2097 2123 2151 nis:
2167 2096 2399 2165 denique
2441 2096 2575 2150 nihil
2623 2096 2736 2152 fere
2787 2098 2841 2151 in
2875 2114 2935 2152 ca
2993 2099 3219 2168 reperiri
3256 2097 3544 2166 contingit,

1995 2189 2139 2258 quod
2170 2189 2420 2259 primzeva
2475 2190 2753 2245 nascentis
2782 2189 3037 2245 Ecclesia:
3082 2188 3406 2244 incunabula
3435 2203 3547 2242 non

1992 2277 2230 2343 referat,
2274 2279 2515 2348 nihilque
2575 2279 2721 2349 quod
2769 2282 2941 2336 virum
2987 2281 3145 2351 plane
3192 2280 3545 2351 apostolicum

1994 2383 2100 2422 non
2129 2369 2360 2423 maxime
2379 2367 2585 2424 deceat.

2063 2461 2131 2514 At
2162 2462 2410 2530 quamvis
2441 2461 2750 2529 hujusmodi
2797 2461 3164 2518 venerandum
3213 2478 3384 2520 sacrae
3406 2463 3551 2518 anti-

1996 2554 2223 2623 quitatis
2249 2563 2658 2609 monumentum
2696 2569 2726 2608 a
2756 2555 3029 2625 plerisque
3055 2555 3280 2611 vetustis
3306 2556 3549 2626 locuple-

1998 2646 2225 2702 tissimis
2254 2647 2485 2702 testibus
2527 2662 2666 2716 quos
2706 2648 2880 2703 eidem
2918 2647 3305 2717 praemisimus,
3350 2661 3549 2717 usque-

1999 2747 2218 2804 quaque
2253 2741 2564 2802 astruatur;
2613 2742 2796 2805 atque,
2847 2736 3008 2790 simul
3069 2752 3133 2790 ac
3175 2752 3243 2791 ex
3292 2736 3550 2806 antiquis-

2001 2824 2140 2879 simo
2179 2838 2284 2880 ms.
2317 2821 2511 2880 'codice
2554 2826 2920 2881 Alexandrino
2966 2827 3096 2882 illud
3146 2831 3200 2881 in
3244 2827 3417 2882 lucem
3452 2828 3551 2882 fuit

1998 2916 2225 2979 editum,
2276 2927 2488 2970 summo
2519 2916 2853 2972 eruditorum
2903 2917 3070 2973 ferme
3123 2918 3363 2972 omnium
3419 2934 3551 2974 con-

2000 3024 2185 3071 sensu,
2213 3008 2482 3063 sincerum
2510 3010 2730 3063 omnino
2756 3018 3234 3080 quantumcunque
3260 3019 3364 3073 est,
3398 3012 3552 3077 agni-

1998 3105 2112 3151 tum
2141 3097 2322 3162 fuerit,
2380 3106 2654 3167 receptum
2710 3100 3265 3169 comprobatumque:
3321 3116 3427 3154 non
3457 3100 3551 3155 de-

2003 3189 2153 3246 fuere
2183 3198 2361 3244 tamen
2390 3189 2493 3245 hoc
2522 3198 2575 3244 et
2605 3192 2884 3260 superiore
2905 3193 3101 3247 sarculo
3121 3230 3135 3253 ,
3181 3191 3272 3261 qui
3301 3192 3549 3245 vitiatum

2002 3282 2141 3337 idem
2198 3282 2439 3352 mireque
2492 3283 2874 3353 interpolatum
2920 3278 3202 3339 obﬁrmate
3258 3285 3549 3338 contende-

2000 3375 2133 3432 rint.
2168 3374 2274 3431 Eos
2330 3376 2471 3431 inter
2512 3377 2711 3447 primas
2739 3384 2883 3432 tenet
2912 3376 3195 3432 Eduardus
3220 3375 3548 3439 Bernardus,

2000 3470 2158 3539 cujus
2199 3470 2398 3524 notulae
2451 3469 2505 3523 in
2552 3477 2779 3538 utraque
2806 3466 3307 3524 Amstaalodamensi
3349 3469 3553 3525 Cotele-

2001 3561 2156 3616 riana
2185 3559 2405 3615 Patrum
2456 3560 2877 3630 apostolicorum
2906 3560 3142 3615 editione
3194 3568 3545 3629 comparent:

2001 3654 2201 3723 quibus
2236 3653 2489 3706 nimirum
2522 3653 2576 3706 in
2612 3652 2664 3706 id
2697 3652 2879 3722 operis
2922 3650 3261 3721 potissimum
3289 3652 3433 3705 omni
3454 3652 3551 3705 ad-

2001 3743 2170 3798 hibito
2213 3750 2411 3797 conatu
2474 3742 2738 3797 incumbit
2770 3732 2885 3796 'vir
2940 3740 3364 3813 κριτικὼτατος.
3442 3755 3550 3810 quo

2002 3837 2140 3890 hanc
2170 3835 2448 3904 epistolam
2483 3850 2512 3888 a
2567 3835 2728 3903 plano
2770 3834 3013 3903 improbo
3051 3834 3247 3888 misere
3295 3832 3549 3887 foedatam

1999 3926 2244 3989 suadeat,
2269 3924 2360 3994 qui
2379 3925 2642 3979 Clementi
2675 3922 2919 3977 Romano
2963 3922 3273 3977 innumeras
3304 3921 3550 3977 Clemen-

2001 4019 2072 4073 tis
2097 4017 2446 4072 Alexandrini
2469 4017 2694 4072 laeiuias
2718 4018 2979 4072 adsuerit.
3014 4016 3314 4073 Severioris
3369 4027 3548 4070 autem

2002 4111 2164 4179 hujus
2184 4111 2361 4165 critici
2390 4112 2588 4181 placita
2621 4109 2817 4165 Joanni
2844 4108 3054 4164 Clerico
3086 4110 3398 4180 plerumque
3423 4124 3550 4177 pro-

2000 4199 2218 4269 bantur,
2247 4203 2338 4272 qui
2362 4217 2424 4258 ea
2453 4203 2659 4272 primus
2694 4203 2748 4255 in
2778 4200 2969 4269 vulgus
3009 4201 3207 4255 emisit.
3253 4198 3549 4268 Utrumque

1999 4309 2185 4365 porro,
2220 4295 2314 4349 sed
2351 4293 2683 4347 Bernardum
2715 4294 3037 4362 praesertim,
3074 4291 3246 4345 solide
3296 4288 3549 4344 refutavit

2001 4388 2251 4442 laudatus
2281 4386 2545 4442 Henricus
2578 4385 2867 4439 Wottonus
2890 4385 2944 4437 in
2975 4383 3119 4437 notis
3146 4383 3212 4437 ad
3252 4381 3550 4435 Clementi--

2000 4494 2101 4535 nas
2156 4478 2434 4548 epistolas,
2481 4492 2709 4547 quarum
2753 4475 3042 4530 editionem
3092 4488 3157 4528 eo
3206 4472 3546 4541 potissimum

2002 4572 2221 4627 nomine
2250 4588 2279 4625 a
2311 4588 2368 4626 se
2388 4572 2701 4627 adornatam
2735 4568 3016 4639 proﬁtetur
3036 4567 3133 4639 (9).
3167 4564 3363 4622 Verum
3402 4565 3549 4620 haud

1998 4667 2179 4739 pigeat
2205 4664 2495 4733 ipsummet
2547 4662 3010 4716 accuratissimum
3061 4660 3320 4715 editorem
3353 4657 3451 4711 hac
3479 4657 3548 4712 de
3610 4712 3611 4715 η

1999 4773 2059 4811 re
2090 4757 2443 4811 disserentem
2496 4753 2683 4807 audire
2731 4752 2877 4823 (10):
2942 4769 2960 4802 ι
2997 4749 3141 4804 irriti
3170 4759 3316 4811 sunt,
3350 4748 3542 4816 inquit,

1999 4847 2162 4915 hujus
2194 4843 2495 4915 (Bernardi)
2540 4850 2805 4909 conatus;
2839 4842 2930 4911 qui
2963 4842 3104 4897 enim
3139 4840 3241 4894 hoc
3292 4839 3450 4892 modo
3477 4852 3547 4891 ex

1997 4938 2273 4992 Clemente
2302 4934 2667 4989 Alexandrino
2704 4934 2902 5005 arguit,
2940 4942 3032 4988 aut
3072 4950 3195 4989 eum
3243 4946 3349 4985 non
3380 4928 3546 4997 probe

1994 5030 2167 5092 novit,
2212 5034 2307 5080 aut
2348 5027 2486 5080 mala
2537 5026 2638 5081 [ide
2680 5027 2791 5095 agit
2830 5044 2844 5080 :
2902 5025 3090 5080 eadem
3135 5023 3277 5077 enim
3336 5019 3548 5074 ratione

1997 5130 2177 5175 actum
2205 5121 2310 5175 erit
2339 5122 2406 5174 de
2436 5120 2713 5175 authentia
2744 5130 2797 5172 et
2821 5118 2921 5172 lidc
2946 5132 3132 5172 eorum
3163 5114 3427 5176 omnium,
3450 5113 3547 5182 qui

1997 5229 2027 5269 a
2071 5214 2345 5269 Clemente
2400 5212 2767 5267 Alexandrino
2817 5225 3041 5278 usquam
3100 5208 3358 5270 citantur,
3404 5204 3546 5260 scri-

1995 5313 2230 5374 ptorum.
2248 5304 2415 5359 Nemo
2435 5306 2576 5360 enim
2594 5304 2812 5357 Patrum
2836 5301 3027 5367 majori
3059 5300 3272 5353 licentia
3298 5306 3381 5352 est
3410 5311 3543 5353 usus

1995 5394 2049 5449 in
2083 5394 2315 5448 citandis
2342 5394 2672 5447 auctoribus.
2692 5393 2805 5446 sive
2829 5390 2997 5445 sacris
3019 5389 3131 5444 sive
3152 5387 3539 5454 ethnicis;cum

1994 5484 2043 5539 ei
2074 5484 2129 5538 in
2160 5500 2310 5540 more
2335 5485 2425 5542 sit.
2459 5500 2566 5539 non
2590 5484 2794 5553 integra
2814 5486 3104 5534 auctorum
3133 5480 3295 5535 verba
3329 5491 3540 5549 semper

2087 5640 2142 5701 9)
2196 5637 2763 5708 Praai‘at.ad(‘.lement.
2797 5635 2989 5706 Epist,
3038 5636 3239 5708 πλεο-ι.

1994 5706 2177 5835 ⁴Ὀ(10)
2237 5708 2291 5762 In
2343 5716 2451 5762 not.
2507 5707 2574 5761 ad
2626 5707 2791 5762 Clem.
2847 5706 3137 5780 l‘lpislﬁi,
3184 5723 3305 5781 cap.
3359 5706 3431 5774 9,
3482 5724 3530 5780 ιι,
