4076 6280
515 379 576 438 at
1631 381 1720 435 AD
1760 380 1817 437 s.
1857 342 2273 437 CLEMENTEM
2311 381 2330 435 1
2369 380 2594 436 ΡΑΡΑΜ
3640 377 3711 433 os

514 491 767 557 recitare,
823 491 927 548 sed
973 507 1072 563 pro
1114 493 1339 549 arbitrio
1394 508 1495 550 suo
1542 510 1689 553 nunc
1721 496 2061 560 contrahere,
2091 499 2138 557 Α
2164 494 2306 550 drini
2337 511 2401 552 ex
2437 511 2545 566 quo
2569 495 2900 566 descriptum
2926 502 3011 550 est
3066 494 3360 565 pretiosum
3418 492 3548 548 illud
3600 510 3711 548 κει-

517 598 663 637 nunc.
692 583 759 638 de
808 598 909 639 suo
957 585 1229 650 inserere,
1292 585 1397 639 alia
1440 591 1710 650 omittere,
1760 588 1867 642 alia
1895 588 2062 643 variis

520 673 695 729 modis
748 682 979 732 mutare.
1036 706 1107 716 —
1148 676 1207 730 Si
1252 678 1318 731 ad
1392 679 1506 733 haec
1555 678 1744 735 sedulo
1790 679 2060 743 attendas,

521 778 805 832 agnosces,
832 765 918 835 pie
935 766 1145 833 Lector,
1170 754 1406 833 mecum,
1446 784 1511 824 ex
1540 768 1907 825 Alexandrino
1954 786 2061 825 non

519 854 895 923 interpolatam
953 854 1143 921 fuisse,
1189 857 1351 913 toties
1400 859 1467 913 ab
1526 860 1764 915 Ecclesia
1812 860 2063 930 primaeva

516 944 838 998 celebratam
874 946 1145 1011 laudibus,
1169 947 1276 1001 imo
1302 960 1354 1003 et
1397 963 1521 1003 cum
1567 950 1738 1005 sacris
1767 948 2063 1020 Scripturis

515 1034 727 1103 publice
754 1035 945 1090 lectam
980 1035 1207 1092 Romani
1237 1036 1531 1094 Clementis
1563 1038 1909 1110 Epistolam.»
1939 1041 2063 1097 Haec

521 1125 808 1183 Wottonus
833 1144 848 1195 ;
873 1127 961 1181 cui
993 1136 1170 1183 tamen
1203 1130 1487 1198 praeiverat
1526 1130 1763 1185 Joannes
1801 1130 2059 1186 Potterus

477 1242 482 1246 -
512 1218 598 1271 vir
626 1218 758 1273 clar.
790 1218 847 1272 in
896 1219 1454 1275 animadversionibus
1476 1220 1545 1274 ad
1586 1220 1915 1277 Clementem
1937 1221 2062 1277 Ale-

514 1306 837 1361 xandrinum
868 1306 1002 1379 (Η),
1034 1308 1125 1363 ubi
1158 1310 1465 1364 summatim
1503 1310 1741 1379 quidem,
1790 1311 1885 1366 sed
1922 1311 2061 1366 acri-

512 1410 613 1464 ter,
644 1399 902 1455 Bernardi
927 1400 1349 1469 conjectationes
1373 1403 1537 1458 elisit.

581 1491 755 1561 Hujus
781 1506 911 1547 vero
932 1492 1109 1546 critici
1137 1491 1296 1563 Angli
1316 1494 1542 1564 vestigia
1574 1510 1763 1565 presso
1792 1496 1925 1565 pede
1945 1510 2063 1566 per-

517 1584 764 1653 sequitur
790 1581 1028 1638 Joannes
1055 1582 1381 1641 Laurentius
1409 1586 2060 1662 Mosbemius(l2),quem

512 1676 559 1729 si
593 1673 805 1739 audias,
850 1674 1145 1731 Clementis
1191 1678 1420 1746 epistola
1469 1678 1494 1732 1
1549 1689 1741 1748 quarta
1794 1682 1879 1735 sui
1908 1691 2062 1751 parte

512 1763 819 1819 mulctanda
844 1764 939 1818 tibi
965 1766 1069 1821 erit
1107 1766 1232 1820 hinc
1261 1773 1314 1821 ct
1347 1767 1518 1833 illinc,
1552 1784 1583 1825 a
1614 1769 1789 1839 capite
1820 1769 1852 1826 9
1883 1771 1948 1825 ad
1968 1772 2055 1826 55.

513 1855 620 1911 Sed
659 1871 766 1911 non
815 1856 996 1925 priora
1046 1856 1265 1927 quidem
1296 1857 1480 1915 decem
1511 1862 1711 1930 capita,
1760 1876 1826 1917 eo
1852 1862 2055 1932 judice,

510 1946 578 2000 ab
600 1946 1015 2017 interpolatione
1055 1957 1181 2003 sunt
1230 1965 1453 2019 prorsus
1481 1950 1758 2008 immunia.
1786 1954 1854 2007 At
1878 1956 2059 2009 inania

510 2055 633 2095 esse
662 2055 726 2095 ac
755 2039 930 2096 iutilia
948 2040 1228 2097 Moshemii
1259 2055 1574 2112 argumenta
1602 2046 1656 2099 in
1674 2045 1853 2101 oculis
1882 2047 2062 2116 posuit

507 2128 744 2188 Joannes
774 2131 1081 2187 Ludovicus
1105 2130 1241 2203 Frey
1269 2133 1380 2202 (l5)
1405 2154 1417 2189 :
1461 2135 1726 2204 siquidem
1763 2132 1958 2191 invicte
1978 2136 2062 2190 vir

507 2224 755 2279 eruditus
783 2225 1123 2280 evincitcum
1148 2240 1214 2279 ex
1246 2226 1570 2296 antiquitate
1597 2227 1805 2283 codicis
1826 2228 2062 2283 Alexan-

752 2336 920 2406 Epist.
956 2339 982 2393 1
1026 2336 1305 2392 Clementis
1349 2339 1415 2393 ad
1462 2338 1779 2396 Corinthios.

576 2450 708 2520 Cap.
740 2448 783 2505 I.
816 2449 1060 2515 Γυναιξίν
1086 2468 1145 2504 τε
1172 2483 1242 2492 -—
1268 2453 1688 2524 παρηγγέλλετε,
1732 2455 2062 2526 στεργούσας

509 2540 852 2609 καθηκόντως
899 2543 1024 2605 τοὺς
1070 2543 1266 2615 ἄνδρας
1297 2544 1501 2598 ἑαυτῶν
1552 2577 1621 2587 -—
1665 2545 1803 2600 πάνυ
1859 2565 2061 2621 σωφρο-

508 2647 719 2693 νουσας.

576 2724 706 2793 Cap.
740 2722 805 2781 V.
837 2724 1126 2796 Πέτρος-
1146 2725 1285 2780 οὕτω
1316 2729 1669 2800 μαρτυρήσας
1696 2729 1962 2803 ἐπορεύθη
1984 2732 2061 2797 είς

508 2814 598 2867 τὸν
630 2816 966 2887 ὀφειλόμενον
985 2818 1145 2871 τόπον
1164 2818 1264 2888 τῆς
1290 2818 1462 2890 δόξης.

577 2902 709 2971 Cap.
742 2902 853 2959 VII.
887 2905 977 2958 Διὸ
999 2906 1379 2979 ἀπολείπωμεν
1397 2909 1494 2973 τάς
1520 2909 1679 2974 κενάς
1706 2911 1798 2964 καὶ
1828 2912 2061 2982 ματαίας

508 2998 807 3067 φροντίδας,
839 3000 931 3052 καὶ
973 3000 1209 3070 ἔλθωμεν
1238 3003 1330 3055 ἐπὶ
1370 3004 1459 3056 τὸν
1496 3000 1689 3074 εὐκλεῆ
1725 3005 1819 3059 καί¹
1868 3007 2058 3077 σεμνὸν

507 3082 605 3149 τῆς
634 3083 793 3151 ἁγίας
823 3084 1064 3155 κλήσεως
1091 3086 1246 3157 ἡμῶν
1277 3090 1492 3143 κανόνα.

578 3171 711 3241 Cap.
743 3170 833 3228 IX.
863 3173 954 3226 Διὸ
981 3175 1373 3249 ὑπακούσωμεν
1417 3184 1482 3251 τῇ
1529 3180 1928 3253 μεγαλοπρεπεῖ
1965 3184 2058 3237 καὶ

508 3260 699 3332 ἐνδόξῳ
754 3262 997 3334 βουλήσει
1051 3266 1217 3319 αὑτοῦ
1276 3248 1555 3341 [65013]“;-
1592 3248 1938 3338 ἀπολιπόντες
1964 3274 2059 3346 τὴν

512 3352 917 3419 ματαιοπονίαν,
947 3353 1046 3422 τήν
1072 3370 1129 3406 τε
1159 3354 1356 3425 Epit/nc.
1387 3376 1437 3412 τ.
1471 3360 1522 3411 λ.
1863 3353 1873 3365 ’

580 3441 713 3510 Cap.
771 3441 909 3497 XIII.
956 3447 1304 3517 Μεμνημένοι
1347 3449 1454 3503 τῶν
1492 3451 1664 3521 λόγων
1712 3451 1807 3506 τοῦ
1857 3454 2059 3527 Κυρίου

510 3532 706 3622 Ἰησοῦ,
735 3534 829 3622 οὓς
852 3535 1106 3607 ἐλάλησεν
1133 3534 1557 3609 διδάσκων·--ᾦ
1565 3543 1757 3622 μέτρῳ
1776 3547 2057 3620 μετρεῖτε,

509 3618 579 3672 ἐν
606 3619 764 3684 αὐτῷ
785 3622 1216 3690 μετρηθήσεται
1241 3626 1401 3722 ὑμῖν.

579 3712 710 3780 Cap.
741 3711 884 3769 XXI.
919 3715 1142 3791 Ἴδωμεν
1171 3711 1293 3780 πῶξ
1300 3718 1463 3786 ἐγγύς
1488 3720 1633 3774 ἐστιν
1654 3720 1703 3791 [ό
1724 3721 1947 3795 Κύριος]
1969 3725 2061 3777 καὶ

510 3800 590 3853 ὅτι
616 3801 765 3857 οὐδὲν
793 3802 1010 3874 λέληθεν
1041 3805 1201 3859 αὑτὸν
1228 3807 1334 3861 τῶν
1362 3808 1576 3863 ἐννοιῶν
1604 3810 1779 3880 ἡμῶν,
1809 3813 1927 3867 οὐδὲ
1953 3813 2059 3866 τῶν

510 3891 868 3965 διαλογισμῶν
893 3893 967 3947 ὧν
1010 3896 1325 3967 ποιούμεθα·
1354 3928 1425 3939 -
1464 3899 1752 3973 ἐρευνητὴς
1779 3903 1886 3974 γάρ
1913 3905 2059 3961 ἐστιν

512 3983 727 4037 ἐννοιῶν
755 3986 848 4038 καὶ
877 3985 1000 4040 ὲνθυ
1008 3987 1079 4058 μή
1088 4004 1239 4041 σεων.

581 4074 718 4130 Ibid.
754 4076 891 4139 Τοὺς
931 4078 1084 4141 νεοὺς
1126 4077 1496 4150 παιδεύσωμεν
1538 4080 1634 4153 τὴν
1679 4084 1921 4138 παιδείαν
1965 4085 2058 4140 τοῦ

511 4170 673 4241 φόὸου
704 4171 797 4224 τοῦ
828 4171 961 4225 Θεοῦ
980 4189 994 4204 θ
1036 4172 1135 4236 τὰς
1179 4178 1437 4241 γυναῖκας
1463 4177 1495 4246 ή
1505 4175 1618 4246 μῶν
1645 4177 1737 4230 ἐπὶ
1769 4178 1831 4231 τὸ
1860 4180 2060 4248 ἀγαθὸν

509 4262 955 4334 διορθωσώμεθα·
1017 4264 1077 4317 τὸ
1119 4263 1486 4336 ἀξιαγάπητον
1524 4268 1622 4338 τῆς
1664 4270 1881 4337 ἁγνείας
1931 4268 2060 4343 ἦθος

512 4353 925 4418 ἐνδειξάσθωσαν
946 4374 960 4387 ο
1015 4387 1083 4396 -
1133 4355 1229 4426 τὴν
1290 4357 1507 4427 ἀγάπην
1562 4359 1739 4413 αὐτῶν
1796 4361 1868 4433 μὴ
1922 4365 2060 4418 κατά

2169 585 2375 658 μήλων,
2430 594 2545 640 tum
2582 600 2649 641 ex
2693 594 2931 641 veterum
2961 584 3178 641 Patrum
3208 584 3553 649 testimoniis,
3609 598 3715 640 nos

2163 675 2407 731 eamdem
2439 676 2661 732 omnino
2713 677 2994 747 epistolam
3051 678 3271 741 habere,
3328 691 3489 746 quam
3530 675 3717 731 habuit

2164 774 2377 821 vetusta
2408 766 2685 833 Ecclesia;
2718 781 2880 836 quam
2927 768 3216 822 audierunt
3253 766 3308 820 in
3356 767 3530 821 sacris
3556 767 3715 820 creti-

2163 857 2266 913 bus
2295 858 2533 928 primani
2560 857 2877 920 Christiani,
2918 857 3046 911 dum
3093 856 3270 911 adhuc
3312 857 3431 925 ejus
3462 857 3714 912 lectionis

2162 967 2295 1006 usus
2325 950 2562 1022 vigeret;
2587 966 2747 1021 quam
2770 949 3003 1019 denique
3031 950 3270 1020 legerunt
3294 948 3582 1020 Dionysius
3605 949 3715 1004 Co-

2162 1041 2419 1105 rintbius,
2448 1041 2696 1096 Clemens
2730 1039 3126 1094 Alexandrinus
3148 1080 3163 1104 ,
3196 1038 3431 1110 Cyrillus
3458 1037 3715 1096 Hieroso-

2162 1132 2475 1203 lymitanus,
2506 1131 2887 1203 Ilieronymus,
2920 1138 2975 1186 et
3002 1130 3201 1185 caeteri.

2232 1222 2431 1277 Verum
2458 1222 2511 1277 si
2558 1222 2721 1277 altius
2769 1222 2949 1277 adhuc
3003 1221 3392 1277 assurrexisset
3440 1220 3524 1275 vir
3548 1209 3706 1286 elata,

2160 1311 2395 1367 vetustis
2451 1310 2561 1365 illis
2628 1309 2884 1365 Ecclesiae
2941 1310 3301 1380 scriptoribus
3357 1311 3711 1366 vetustiorem

2159 1405 2320 1460 etiam
2351 1403 2551 1460 addere
2604 1412 2816 1474 poterat
2867 1404 3249 1476 Polycarpum,
3306 1405 3710 1462 sanctissimum

2161 1493 2541 1567 Smyrnensem
2570 1496 2880 1567 episcopum
2912 1504 2966 1552 et
2985 1505 3273 1569 martyrem
3300 1540 3314 1565 ,
3340 1496 3433 1567 qui
3469 1497 3709 1553 eamdem

2166 1585 2559 1643 Clementinam
2606 1586 2901 1657 Epistolam
2959 1603 3123 1643 manu
3172 1603 3443 1654 versasse,
3495 1588 3627 1658 quin
3656 1595 3711 1644 et

2159 1677 2422 1732 nonnulla
2447 1692 2511 1731 ex
2535 1692 2597 1732 ea
2620 1692 2756 1747 pene
2782 1678 2951 1733 verbo
2981 1687 3136 1734 tenus
3166 1686 3417 1749 excerpta
3447 1679 3503 1733 in
3555 1694 3708 1735 suam

2161 1770 2227 1823 ad
2257 1768 2631 1838 Philippenses
2666 1768 2962 1838 Epistolam
3002 1770 3349 1826 transtulisse
3375 1770 3706 1840 perhibetur.

2159 1860 2343 1931 Neque
2371 1861 2604 1916 fortasse
2631 1862 2864 1917 otiosum
2904 1860 3087 1925 fuerit,
3127 1876 3248 1931 qua:
3301 1862 3434 1917 viris
3480 1862 3708 1916 eruditis

2158 1951 2425 2019 nobisque
2478 1951 2763 2005 observata
2811 1948 2878 2005 de
2920 1950 3307 2023 Polycarpiana
3353 1953 3581 2008 lectione
3615 1967 3709 2006 oc-

2160 2047 2411 2104 currunt,
2453 2040 2507 2094 in
2546 2055 2714 2095 unum
2737 2054 2992 2112 congesta
3026 2050 3189 2114 atque
3235 2042 3462 2099 invicem
3491 2058 3707 2114 compa-

2160 2138 2280 2186 rata
2311 2133 2365 2185 in
2401 2131 2639 2186 medium
2677 2131 2942 2202 proferre.
2999 2132 3081 2189 En
3130 2135 3311 2205 itaque
3341 2136 3583 2191 locorum
3610 2134 3708 2188 ali-

2160 2228 2293 2291 quot
2319 2222 2738 2292 parallelismum
2765 2223 3095 2281 institutum.

2503 2336 2676 2408 Epist.
2708 2337 2991 2410 Palycarpi
3016 2339 3085 2394 ad
3127 2338 3352 2409 Philipp.

2227 2449 2359 2520 Cap.
2394 2449 2479 2505 IV.
2512 2450 2815 2522 Διδάξωμεν
2869 2483 2938 2494 --
2994 2452 3093 2517 τάς
3145 2456 3403 2521 γυναῖκας
3455 2451 3604 2524 ὑμῶν
3636 2482 3708 2495 —-

2159 2541 2487 2612 στεργούσας
2512 2538 2638 2605 τοὺς
2669 2542 2872 2597 ἑαυτῶν
2898 2542 3091 2616 ἄνδρας
3110 2544 3167 2597 ὲν
3196 2544 3342 2618 πάσῃ
3370 2542 3591 2617 ἀληθείᾳ
3613 2543 3708 2597 καὶ

2157 2667 2225 2676 -
2257 2637 2314 2689 ἐν
2346 2636 2493 2709 πάσῃ
2521 2637 2830 2709 ἐγκρατείᾳ.

2228 2728 2358 2799 Cap.
2384 2726 2473 2784 IK.
2498 2729 2702 2799 Πέτρος
2729 2729 2822 2781 καὶ
2854 2727 3063 2791 Παῦλος
3081 2719 3302 2781 ο-οὖτοι
3331 2726 3610 2791 πάντες-
3629 2728 3706 2790 είς

2156 2822 2245 2876 τδν
2271 2820 2607 2892 ὀφειλόμενον
2640 2820 2819 2881 αὐτοῖς
2844 2818 3006 2871 τόπον
3036 2819 3140 2871 εἰσὶ
3168 2818 3316 2890 παρὰ
3341 2817 3419 2889 τῷ
3445 2818 3649 2889 Κυρίῳ.

2229 2916 2359 2984 Cap.
2405 2911 2517 2967 VII.
2551 2911 2640 2965 Διὸ
2683 2910 3033 2973 ἀπολιπόντες
3076 2908 3175 2981 τὴν
3219 2911 3547 2981 ματαιότητα
3599 2909 3706 2964 τῶν

2158 3006 2363 3059 πολλῶν
2388 3034 2459 3045 —-—
2483 3003 2573 3055 ἐπὶ
2603 3002 2692 3055 τὸν
2734 3000 2792 3066 ἐξ
2832 3001 3004 3073 ἀρχῆς
3048 3003 3178 3072 ἡμῖν
3220 3001 3586 3073 παραδοθέντα
3629 3000 3706 3053 λό-

2158 3116 2250 3170 γον
2279 3096 2703 3167 ἐπιστρέψωμεν.

2225 3189 2359 3257 Cap.
2393 3186 2457 3241 II.
2488 3186 2578 3240 Διὸ
2608 3184 3010 3255 ἀναζωσάμενοι
3028 3185 3126 3248 τάς
3143 3183 3367 3255 ὀσφύας,
3394 3184 3706 3238 δουλεύσατε

2157 3275 2234 3347 τῷ
2260 3275 2378 3346 Θεῷ
2406 3275 2462 3327 ὲν
2493 3273 2640 3344 φόϐῳ
2668 3274 2760 3326 καὶ¹
2789 3272 3031 3344 ἀληθείᾳ,
3049 3272 3398 3335 ἀπολιπόντες
3425 3271 3520 3343 τὴν
3547 3272 3706 3347 κενὴν

2161 3364 2560 3440 ματαιολογίαν,
2592 3364 2685 3418 καὶ
2712 3361 2809 3433 τὴν
2841 3361 2947 3415 τῶν
2976 3361 3181 3416 πολλῶν
3209 3362 3433 3432 πλάνην.

2223 3454 2353 3526 Cap.
2386 3453 2449 3510 II.
2483 3453 2960 3525 Μνημονεῦσαντες
2986 3452 3042 3504 δὲ
3069 3446 3142 3506 ὧν
3172 3447 3320 3507 εἶπεν
3349 3454 3377 3505 ὁ
3406 3452 3608 3525 Κύριος
3637 3453 3708 3508 δι-

2156 3547 2536 3603 δάσκων·-ἐν
2560 3542 2607 3610 ᾧ
2629 3545 2821 3617 μέτρῳ
2841 3542 3119 3615 μετρεῖτε,
3149 3545 3706 3615 ἀντιμετρηθήσεται

2155 3639 2314 3708 ὑμῖν.

2226 3726 2357 3796 Cap.
2397 3724 2485 3780 IV.
2517 3723 2744 3779 Γινώσκ.
2801 3753 2869 3767 -ι
2923 3724 3004 3778 ὅτι
3056 3722 3108 3796 [ό
3151 3722 3305 3796 Θεὸς]
3346 3722 3523 3777 πάντα
3552 3723 3706 3793 ήμῶν

2159 3819 2466 3879 σκοπεῖται,
2507 3816 2601 3869 καὶ
2645 3812 2888 3883 λέληθεν,
2914 3812 3076 3867 αὐτὸν
3130 3812 3300 3875 οὐδὲν,
3358 3810 3480 3865 οὔτε
3534 3810 3708 3879 λογισ-

2160 3909 2274 3981 μῶν
2293 3948 2308 3973 ,
2338 3906 2459 3961 οὕτε
2484 3904 2733 3973 ἐννοιῶν,
2778 3902 2898 3958 οὔτε
2941 3921 2993 3960 τι
3030 3902 3136 3957 τῶν
3165 3903 3418 3975 κρυπτῶν
3448 3902 3545 3973 τῆς
3573 3918 3706 3974 καρ-

2155 3999 2290 4063 δίας.

2226 4088 2360 4144 Ibid.
2410 4086 2713 4158 Διδάξωμεν
2765 4114 2835 4128 —-
2883 4085 2982 4147 τὰς
3047 4085 3306 4152 γυναῖκας
3358 4081 3508 4153 ὑμῶν
3566 4079 3705 4155 [πο-

2160 4179 2442 4253 ρεύεσθαι]
2472 4182 2529 4234 ὲν
2569 4182 2636 4251 τῇ
2663 4176 2879 4251 δοθείσῃ
2922 4176 3111 4239 αὐταῖς
3154 4176 3330 4228 πίστει
3378 4175 3470 4229 καὶ
3515 4174 3705 4246 ἀγάπῃ

2158 4273 2250 4327 καὶ
2281 4272 2467 4344 ἁγνείᾳ
2484 4302 2550 4313 -—
2570 4271 2663 4324 xui.
2688 4268 2986 4337 ἀγαπώσας
3017 4268 3221 4331 πάντας
3240 4267 3298 4332 ἐξ
3332 4268 3441 4320 [σου
3469 4267 3526 4319 ὲν
3555 4266 3704 4337 πάσῃ

2159 4364 2466 4435 ἐγκρατείᾳ-
2498 4362 2589 4416 καὶ
2615 4360 2684 4415 τά
2709 4360 2872 4414 τέκνα
2901 4359 3170 4415 παιδεύειν
3196 4357 3292 4430 τὴν
3335 4356 3580 4410 παιδείαν
3607 4354 3701 4408 τοῦ

513 4443 874 4512 προσκλίσεις,
905 4444 1037 4497 ἀλλά
1077 4446 1240 4499 πᾶσιν
1267 4448 1377 4508 τοῖς
1408 4446 1755 4519 φοϐουμένοις
1798 4450 1888 4504 τὸν
1929 4453 2058 4507 Θεὸν
2088 4488 2132 4543 D
2160 4456 2322 4526 φόϐου
2351 4453 2444 4508 τοῦ
2473 4452 2627 4507 Θεοῦ.

512 4535 691 4597 ὁσίως,
720 4535 837 4606 ῐσην
866 4536 1262 4606 παρεχέτωσαν.

584 4645 659 4699 Ex
687 4646 948 4701 hactenus
978 4648 1154 4702 allatis
1176 4648 1493 4719 collatisque
1526 4651 1658 4708 locis
1696 4653 1977 4709 manifeste
2006 4656 2065 4710 li-

512 4743 662 4807 quet,
696 4743 753 4788 ut
784 4734 997 4805 quidem
1036 4737 1291 4801 arbitror,
1324 4740 1393 4793 ab
1424 4740 1607 4794 ultima
1633 4757 1804 4812 usque
1821 4744 2060 4813 antiqui-

513 4834 623 4882 tate
642 4824 1194 4898 Polycarpo,Joannis
1214 4831 1560 4898 evangelista:
1579 4831 1864 4902 discipulo,
1894 4834 2062 4889 fuisse

513 4918 803 4988 perlectam
857 4915 1153 4971 Clementis
1211 4914 1439 4972 Romani
1494 4919 1787 4989 Epistolam
1834 4939 1938 4993 qua
1993 4923 2061 4978 de

512 5011 762 5081 agimus,
822 5026 1048 5083 eamque
1107 5028 1218 5083 pra:
1280 5011 1452 5066 oculis
1508 5011 1761 5067 habuisse
1816 5022 2058 5068 sanctum

514 5102 895 5173 Smyrnensem
954 5105 1274 5169 antistitum,
1323 5103 1451 5157 dum
1500 5119 1651 5157 suam
1704 5105 1966 5159 scriberet
1994 5106 2060 5160 ad

513 5192 926 5265 Philippenscs:
960 5196 1103 5251 unde
1125 5203 1243 5249 orta
1290 5196 1585 5251 similitudo
1628 5196 1739 5261 illa,
1791 5210 1909 5265 quae
1953 5212 2059 5251 non

513 5285 687 5339 solum
716 5286 963 5341 eumdem
993 5287 1191 5357 stylum
1237 5286 1456 5356 ubique.
1508 5286 1604 5339 sed
1634 5285 1818 5340 eadem
1847 5302 2064 5357 quoque

518 5391 655 5445 pene
681 5377 844 5430 verba
870 5376 1074 5432 referre
1105 5376 1248 5431 haud
1289 5376 1453 5431 semel
1492 5374 1725 5433 videtur.
1777 5374 1912 5430 Cum
1954 5377 2061 5430 ita-

514 5480 619 5536 que
666 5465 724 5520 in
761 5465 1151 5539 Polycarpiana
1204 5467 1448 5539 perbrevi
1488 5466 1730 5537 Epistola
1775 5474 1857 5522 tot
1896 5482 2061 5538 appa-

588 5599 918 5669 (1|)Potter.
949 5600 1017 5654 ad
1053 5598 1226 5655 Clem.
1273 5600 1426 5656 Alex.
1470 5601 1665 5657 Strom.
1708 5600 1800 5656 lib.
1826 5615 1901 5663 ιν,
1934 5614 2055 5670 cap.

519 5664 605 5738 18,
640 5686 672 5738 ι,
718 5670 843 5730 610,
874 5678 986 5723 ιιοῐ.
1021 5670 1073 5723 4.

590 5708 700 5810 ξιξ)
723 5708 1272 5826 ἳῖιῖἱίὶἶνιὶἑρῖειινεει.
1302 5739 1488 5808 major.
1523 5757 1640 5795 aa‘c.
1671 5756 1764 5811 I,p.
1796 5738 1897 5793 212
1928 5740 2047 5793 215.

2157 4661 2311 4708 reant
2341 4650 2688 4706 Clementina:
2712 4647 2975 4718 vestigia;
3006 4647 3145 4700 hanc
3174 4658 3337 4697 unam
3366 4642 3437 4698 ob
3458 4657 3698 4708 causam,

2157 4740 2448 4808 Bernardi,
2498 4740 2695 4796 Clerici
2745 4754 2809 4793 ac
2863 4737 3141 4793 Moshemii
3189 4736 3606 4806 conjectationes
3635 4736 3702 4790 de

2159 4835 2322 4904 hujus
2346 4832 2561 4886 laciniis
2594 4847 2661 4885 ex
2690 4829 2964 4884 Clemente
2998 4827 3358 4882 Alexandrino
3382 4825 3699 4896 desumptis,

2158 4925 2380 4980 omnino
2408 4928 2990 4991 evanescant-Oportet.

2226 5014 2411 5084 Neque
2441 5014 2530 5067 alii
2562 5011 2803 5082 profecto
2828 5012 3045 5076 desunt,
3086 5009 3178 5081 qui
3215 5009 3455 5087 ejusdem
3487 5008 3701 5079 Episto-

2160 5105 2224 5160 ιω
2241 5105 2606 5160 sinceritatem
2638 5102 2691 5155 in
2713 5101 2934 5156 dubium
2966 5107 3250 5166 revocent;
3276 5099 3419 5171 quod
3446 5100 3698 5155 nimirum

2159 5195 2415 5249 nonnulla
2451 5193 2694 5247 fabulosa
2724 5207 2832 5261 prae
2860 5207 2918 5246 se
2946 5191 3080 5246 ferat
3104 5208 3119 5257 ;
3146 5192 3289 5261 quod
3343 5193 3520 5263 aliqua
3553 5193 3606 5246 in
3639 5207 3700 5248 ea

2159 5285 2535 5342 desiderantur
2562 5299 2592 5337 a
2640 5285 2868 5340 vetustis
2897 5283 3147 5339 Patribus
3175 5282 3422 5353 allegata,
3462 5292 3565 5339 etc.
3596 5283 3698 5338 Sed

2159 5377 2261 5433 bos
2292 5378 2622 5432 morosiores
2652 5376 2874 5431 criticos
2903 5375 3099 5430 missos
3131 5375 3391 5431 iacimus:
3426 5384 3537 5431 tum
3557 5376 3700 5447 quod

2160 5484 2347 5525 eorum
2370 5469 2700 5539 objectiones
2724 5467 2867 5523 ﬂuxo
2892 5467 3027 5522 adeo
3056 5468 3166 5521 talo
3215 5466 3476 5535 nitantur,
3521 5478 3579 5523 ut
3608 5484 3699 5538 pe-

2229 5600 2341 5725 (ἂό)
2392 5600 2604 5657 Prazl‘at.
2657 5595 2725 5653 ad
2771 5595 2941 5668 Epist.
3000 5598 3097 5658 SS.
3136 5600 3235 5657 PP.
3267 5600 3491 5670 apostol.
3552 5601 3694 5655 circa

2158 5687 2299 5726 meo.
