4076 6280
341 379 413 442 93
1597 401 1940 463 PROLEMIA
1978 395 2361 464 VARIORUM'
3483 414 3552 473 οι

341 502 469 558 dem
492 517 618 559 cum
646 503 879 579 singulis
905 507 1154 570 conferre
1189 519 1331 574 haud
1354 516 1622 586 expediat,
1670 530 1783 574 tum
1833 522 1888 578 in
1917 532 1964 584 Α
1990 537 2152 593 porro
2184 539 2251 578 ne
2296 522 2444 577 illam
2490 521 2706 593 quidem
2738 522 3151 581 Corinthiorum
3201 530 3423 587 nomine
3472 533 3552 589 si»

345 596 539 663 primis
565 597 707 666 quod
749 613 781 653 a
811 601 1086 675 plerisque
1133 605 1266 663 viris
1298 608 1536 665 eruditis
1567 626 1654 667 res
1684 612 1897 669 abunde

345 687 482 741 satis
502 686 661 742 fuerit
676 698 1023 758 pertractata.
1043 693 1280 751 Firmum
1310 697 1472 769 igitur
1498 708 1779 771 ratumque
1802 704 1893 769 sit,

342 796 653 850 germanam
681 784 908 839 omnino
935 803 1056 842 esse
1102 790 1334 857 priorem
1364 790 1657 849 Clementis
1683 796 1893 864 episto-

341 872 610 941 lam,quae
630 873 839 929 utinam
882 874 952 929 ad
996 892 1099 937 nos
1146 879 1895 956 integrapervenisset!quid-

338 964 470 1032 quid
494 965 638 1018 enim
668 967 725 1021 in
748 982 811 1021 ea
844 972 1172 1036 contin‘etur,
1203 980 1446 1043 tempora
1476 977 1634 1047 plane
1675 988 1894 1048 apostoo

337 1053 441 1106 lica
472 1054 678 1123 refert;
738 1073 911 1130 neque
940 1062 1107 1115 ullum
1137 1079 1201 1119 ex
1232 1068 1377 1121 omni
1421 1076 1566 1123 retro
1594 1070 1894 1140 antiquita-

338 1151 392 1199 te
425 1148 699 1217 quispiam
722 1157 913 1207 testem
944 1156 1279 1223 produxerit,
1308 1159 1398 1228 qui
1430 1159 1674 1216 homines
1701 1162 1894 1217 corda-

338 1241 426 1289 tos
454 1235 523 1290 de
554 1237 698 1294 illius
764 1242 1075 1300 sinceritate
1104 1247 1296 1302 merito
1349 1249 1611 1320 ancipites
1665 1252 1891 1308 reddere

335 1326 536 1382 valeat.
1286 1346 1291 1353 κ

411 1416 503 1473 ill.
535 1417 862 1479 Posterioris
906 1425 1031 1481 item
1064 1428 1128 1481 ad
1152 1428 1462 1487 Corinthios
1489 1431 1741 1503 Epistolas
1766 1436 1890 1492 Cle-

335 1509 613 1573 mentinaa,
644 1520 773 1566 sunt
828 1516 921 1583 qui
983 1532 1090 1571 non
1124 1520 1296 1573 solum
1344 1523 1647 1590 veritatem,
1699 1542 1884 1582 verum

335 1598 502 1651 etiam
527 1600 904 1671 antiquitatem
928 1606 1262 1677 impugnant.
1293 1610 1389 1667 His
1417 1628 1588 1683 nuper
1614 1616 1775 1671 etiam
1803 1634 1889 1674 ac-

335 1687 504 1742 cessit
538 1690 681 1745 haud
710 1693 998 1751 incelebris
1020 1698 1245 1755 criticus
1281 1700 1620 1761 llermannus
1650 1704 1885 1763 Venema

335 1775 393 1831 in
423 1776 679 1848 Epistolis
709 1781 981 1855 Harlingae
1000 1789 1286 1858 evulgatis,
1317 1806 1383 1846 eo
1410 1794 1753 1862 potissimum
1785 1813 1886 1852 no-

334 1866 504 1933 mine,
536 1886 644 1939 quo
668 1873 1021 1943 epistolarum
1051 1877 1341 1935 Clementis
1372 1900 1401 1936 a
1426 1884 1556 1941 clar.
1586 1885 1887 1945 Wetstenio

332 1961 482 2017 haud
516 1965 591 2018 ita
620 1968 829 2036 pridem
864 1970 1129 2026 editarum
1186 1974 1545 2045 integritatem
1581 1987 1884 2039 everteret:

331 2068 442 2123 qua
470 2054 536 2109 de
566 2071 622 2111 re
667 2073 790 2111 mox
822 2058 1068 2117 inferius.
1124 2060 1202 2119 Ne
1234 2065 1414 2134 itaque
1475 2066 1649 2123 oflicio
1697 2079 1886 2126 nostro

330 2144 526 2200 deesse
561 2146 861 2214 videamur,
890 2150 1240 2219 Cotelerium,
1273 2155 1507 2222 Bullum,
1537 2158 1882 2215 Coutantium

332 2235 580 2305 aliosque
604 2238 750 2293 viros
780 2240 972 2297 doctos
1014 2247 1289 2311 assectati,
1324 2248 1755 2305 adversariorum
1784 2252 1884 2306 ob-

327 2329 715 2398 jectationibus
744 2331 925 2391 facere
955 2336 1091 2393 satis
1132 2353 1309 2410 operae
1334 2342 1567 2410 pretium
1604 2343 1884 2398 existima-

331 2436 474 2479 mus.
1527 2435 1548 2468 0

400 2512 811 2571 Observandum
842 2516 1023 2589 itaque
1068 2521 1301 2590 primum
1352 2520 1648 2593 Epistolam
1678 2532 1884 2580 utram-

326 2621 437 2674 que
466 2622 531 2661 ex
562 2623 670 2661 uno
718 2610 1012 2678 superstite
1039 2612 1407 2667 vetustissimo
1430 2614 1617 2670 codice
1645 2614 1881 2669 Alexan-

326 2698 490 2753 drino
520 2700 574 2753 in
608 2701 781 2756 lucem
813 2701 1101 2772 prodiisse.
1137 2701 1375 2770 Scilicet,
1419 2705 1589 2760 codex
1613 2706 1713 2760 iste
1747 2721 1882 2776 qua-

327 2797 457 2843 tuor
504 2791 870 2848 voluminibus
910 2801 1188 2858 constans,
1225 2794 1498 2863 praeﬁxum
1534 2795 1694 2850 habet
1740 2796 1881 2850 indi-

326 2883 514 2936 culum
545 2883 807 2938 librorum
842 2885 1124 2955 utriusque
1162 2884 1425 2951 Fmderis,
1457 2887 1525 2941 ab
1546 2886 1786 2956 ejusdem
1816 2888 1881 2942 li-

327 2972 495 3027 brarii
545 2989 708 3028 manu
749 2976 1152 3031 characteribus
1206 2976 1512 3033 uncialibus
1564 2985 1875 3035 exaratum:

322 3080 486 3133 quem
517 3066 786 3136 integrum
808 3066 1025 3122 exhibet
1054 3066 1375 3138 Beveregius
1406 3068 1538 3139 (li),
1567 3077 1620 3124 et
1661 3070 1877 3139 quidem

325 3173 539 3212 summa
573 3158 674 3213 ﬁde
694 3158 1046 3230 descriptum,
1078 3160 1212 3215 adeo
1234 3169 1377 3215 utne
1406 3162 1633 3218 lacunas
1660 3163 1875 3233 quidem
1904 3188 1947 3249 ο

325 3249 681 3318 suppleverit,
714 3249 809 3304 sed
841 3251 928 3305 ubi
978 3250 1168 3305 litterae
1189 3251 1391 3320 quaevis
1433 3260 1587 3305 erant
1614 3262 1875 3311 vetustate

325 3339 558 3405 abrasae,
592 3339 665 3393 ibi
697 3340 990 3396 interstitia
1019 3348 1270 3396 accurate
1292 3340 1537 3397 dimensa
1562 3343 1869 3414 reliquerit:

325 3428 472 3495 quod
528 3426 716 3481 itidem
784 3428 1035 3498 praestitit
1087 3444 1154 3485 ex
1200 3428 1493 3501 Bevcregio
1548 3429 1875 3490 Humfredus

327 3516 534 3573 Hodius
565 3518 712 3587 (15);
761 3525 815 3572 et
865 3518 1142 3588 deinceps,
1193 3526 1248 3572 at
1289 3534 1399 3574 non
1431 3520 1546 3590 pari
1594 3524 1870 3595 religione,

323 3605 568 3662 Joannes
604 3607 865 3663 Ernestus
887 3606 1119 3663 Grabius
1152 3608 1286 3680 (l6).
1320 3607 1378 3662 ln
1405 3608 1509 3663 hoc
1539 3608 1704 3679 igitur
1734 3615 1875 3671 indi-

324 3698 453 3752 culo
482 3698 585 3753 sub
616 3699 796 3763 ﬁnem,
826 3699 1019 3755 litteris
1045 3700 1423 3770 grandioribus
1453 3700 1655 3770 absque
1682 3719 1866 3763 accen~

325 3790 475 3846 tibus
504 3800 559 3846 et
588 3792 869 3861 spiritibus
898 3792 1095 3861 quibus
1117 3801 1283 3859 caret,
1312 3792 1392 3847 sic
1420 3792 1614 3861 legitur
1642 3814 1655 3850 :

537 3883 964 3937 ΚΛΗΜΕΝΤΟΣ
1015 3884 1075 3937 Ε.
1111 3922 1125 3936 .
1162 3923 1175 3936 .
1210 3921 1226 3939 .
1259 3922 1273 3937 .
1306 3920 1321 3936 .
1355 3923 1370 3937 .
1400 3885 1496 3937 ΛΗ
1522 3870 1567 3939 Χ

571 3975 963 4029 .....ΕΝΤοΣ
1019 3963 1568 4032 Ε.......ΛΗῙ3’

390 4064 544 4132 Quas
572 4074 751 4121 autem
783 4081 891 4136 pne
920 4082 978 4121 se
1032 4066 1136 4121 fert
1180 4066 1269 4122 hic
1298 4068 1570 4125 indiculus
1597 4070 1731 4126 duas
1753 4072 1873 4128 Cle-

323 4157 524 4212 mentis
555 4155 851 4226 Epistolas,
877 4171 973 4211 eas
1004 4154 1223 4210 exhibet
1273 4157 1340 4211 ad
1375 4160 1577 4215 calcem
1628 4161 1871 4231 ejusdem

320 4265 429 4305 ms.
459 4247 665 4303 codicis
688 4249 937 4303 volumen
968 4256 1251 4317 quartum:
1281 4249 1514 4318 priorem
1554 4252 1770 4321 quidem
1792 4254 1873 4307 sic

320 4342 683 4410 inscriptam,
750 4340 1174 4393 ΚΛΗΜΕΝΤΟΣ
1226 4341 1401 4393 ΠΡΟΣ
1465 4344 1873 4398 ΚΟΡΙΝΘΙΟΥΣ

318 4433 666 4485 ΕΠΙΣΤΟΛΗ
710 4432 790 4496 A;
848 4431 1201 4500 posteriorem
1228 4445 1358 4486 vero
1402 4434 1501 4496 sic,
1549 4436 1872 4489 ΚΛΗΜΕΝ-

1998 621 2212 683 gnatam
2241 627 2306 668 ex
2335 610 2575 680 ejusdem
2608 612 2833 666 indiculi
2863 614 3078 670 silentio
3109 615 3232 685 jure
3259 622 3485 690 arguat?

2063 701 2248 772 Neque
2274 703 2398 758 item
2432 703 2707 757 silentium
2742 719 2844 758 nos
2865 716 3077 760 moveat
3112 706 3351 776 Eusebii,
3378 720 3432 765 et
3455 728 3547 781 qui

1993 804 2116 844 eum
2149 791 2317 844 secuti
2344 797 2488 854 sunt,
2518 789 2831 862 Hieronymi
2863 802 3024 863 atque
3048 794 3263 865 Ruﬁni;
3294 799 3387 869 qui
3420 799 3547 854 dum

1994 878 2247 948 Epistolae
2298 880 2548 935 secunda:
2595 882 3000 948 meminerunt,
3047 884 3303 942 Ecclesia:
3352 887 3545 943 Corin-

1992 969 2186 1024 thiacae
2216 969 2382 1025 fuisse
2411 971 2553 1025 illam
2582 972 2898 1043 inscriptam
2933 991 3042 1029 non
3074 978 3378 1045 perhibent.
3409 978 3545 1035 Cum

1990 1064 2134 1118 enim
2185 1064 2385 1118 laudati
2416 1066 2733 1132 scriptores,
2769 1073 2829 1120 ut
2859 1074 3006 1122 recte
3056 1068 3399 1134 Coutantius,
3433 1086 3548 1131 me-

1991 1162 2197 1207 morata
2248 1152 2430 1223 priore
2476 1152 2770 1209 Clementis
2812 1154 2879 1208 ad
2924 1154 3226 1212 Corinthios
3277 1160 3545 1229 Epistula,

1991 1243 2171 1298 statim
2202 1244 2474 1299 subdant:
2520 1241 2715 1298 Fertur
2768 1254 2819 1299 et
2860 1247 3050 1312 altera,
3083 1265 3258 1319 neque
3294 1251 3360 1305 ad
3405 1251 3545 1309 alios

1989 1333 2129 1389 hanc
2158 1335 2379 1389 alteram
2414 1334 2668 1405 scriptam
2693 1350 2813 1390 esse
2841 1336 3159 1409 designent,
3189 1356 3304 1396 eam
3327 1357 3544 1412 quoque

1988 1424 2054 1477 ad
2086 1425 2305 1479 eosdem
2335 1424 2591 1493 scriptam
2641 1425 2941 1497 intelligere
2987 1430 3182 1484 merito
3224 1431 3543 1486 existiman-

1986 1524 2110 1572 tur:
2136 1516 2399 1587 alioquin,
2431 1518 2476 1571 si
2516 1517 2579 1571 ad
2605 1518 2739 1574 alios
2779 1520 2999 1575 missam
3028 1530 3273 1588 nossent,
3292 1540 3465 1594 neque
3488 1524 3541 1578 id

1986 1608 2325 1677 innuissent,
2350 1609 2463 1663 haec
2484 1610 2721 1680 ipsorum
2747 1610 3028 1666 reticentia
3053 1613 3177 1683 jure
3223 1630 3287 1669 ac
3342 1616 3542 1670 merito

1985 1700 2325 1770 negligentiae
2352 1700 2621 1771 culpanda
2663 1701 2961 1759 videretur.
2994 1703 3138 1770 Quid
3177 1706 3323 1775 quod
3366 1706 3539 1760 Doro-

1986 1791 2143 1846 theus
2174 1791 2614 1857 archimandrita,
2639 1790 2875 1848 Joannes
2897 1793 3261 1851 Damascenus
3288 1804 3341 1851 et
3368 1794 3538 1850 Nicon

1986 1883 2289 1938 monachus
2314 1882 2594 1937 secundam
2643 1883 2938 1941 Clementis
2975 1884 3296 1956 Epistulam,
3332 1901 3386 1942 et
3416 1889 3538 1956 qui-

1984 1970 2105 2027 dem
2159 1972 2228 2026 ad
2281 1970 2582 2027 Corinthios
2641 1974 2924 2043 scriptam,
2974 1981 3255 2045 legerunt,
3308 1978 3537 2047 ejusque

1986 2079 2152 2118 unun
2186 2065 2480 2119 alterumve
2509 2064 2866 2135 fragmentum
2897 2067 3039 2136 apud
3091 2067 3212 2123 illos
3263 2078 3535 2123 servatum

1982 2155 2277 2211 etiamnum
2301 2156 2805 2226 reperiniusiQuid
2836 2157 2981 2227 quod
3016 2159 3099 2214 vel
3142 2160 3259 2229 ipse
3309 2159 3535 2215 Photius

1982 2245 2148 2299 semel
2175 2244 2476 2315 iterumque
2498 2247 2672 2316 palam
2692 2252 2945 2313 testatur,
2964 2248 3064 2302 sibi
3086 2251 3276 2302 lectum
3303 2249 3535 2303 libellum

1980 2335 2035 2387 in
2062 2352 2161 2405 quo
2184 2335 2465 2391 Clementia
2496 2336 2748 2406 Epistola:
2770 2337 2890 2393 dua:
2934 2331 3329 2396 ad'Corinthios
3361 2341 3535 2395 conti-

1980 2427 2267 2491 nebantur,
2309 2430 2534 2499 ejusque
2562 2431 2629 2487 de
2676 2440 2905 2501 utraque
2936 2432 3199 2501 judicium
3238 2434 3371 2488 mire
3397 2448 3532 2487 con-

1980 2528 2137 2575 sonat
2166 2536 2287 2573 cum
2321 2521 2386 2576 iis
2441 2538 2560 2591 quae
2612 2524 2790 2578 adhuc
2846 2526 3175 2593 supersunt?
3216 2524 3534 2583 Consulesis

1980 2610 2123 2664 infra
2154 2620 2391 2665 veterum
2420 2614 2722 2668 testimonia
2750 2614 3004 2687 Epistolis
3028 2614 3381 2672 Clementinis
3403 2634 3534 2688 pra:-

1979 2700 2165 2764 missa,
2195 2701 2596 2773 fragmentaque
2622 2704 2810 2759 iisdem
2844 2705 3109 2772 subjecta.
3152 2703 3207 2759 Si
3239 2708 3368 2775 quid
3402 2726 3533 2781 ergo

1979 2789 2179 2859 negotii
2226 2789 2496 2845 lacessant
2544 2794 2907 2861 antiquiorum
2948 2792 3186 2858 Eusebii,
3218 2794 3531 2867 Hieronymi

1979 2895 2043 2936 ac
2069 2882 2245 2936 Ruﬁni
2278 2883 2396 2937 loca
2426 2883 2567 2938 haud
2612 2882 2753 2942 satis
2790 2891 2977 2954 aperta
3007 2925 3023 2950 ,
3057 2886 3201 2953 quod
3237 2893 3413 2941 tamen
3440 2888 3529 2941 vix

1978 2974 2287 3029 admiserim
2318 3014 2334 3041 ,
2390 2975 2518 3030 hinc
2572 2976 2761 3046 procul
2812 2975 2977 3030 dubio
3017 2976 3300 3032 diﬁicultas
3352 2978 3530 3034 omnis

1978 3065 2197 3118 tollatur
2227 3073 2472 3135 oportet;
2511 3081 2634 3121 cum
2664 3066 2867 3122 diserta
2911 3068 3267 3136 posteriorum
3300 3070 3530 3138 scripto-

1978 3168 2098 3208 rum
2130 3156 2314 3222 verba,
2369 3158 2610 3225 priorum
2659 3167 2712 3213 et
2771 3160 3093 3214 sententiam
3140 3161 3427 3230 explanent
3476 3167 3529 3215 et

1978 3246 2279 3303 testimonia
2310 3248 2646 3306 conﬁrment.

2047 3337 2127 3392 Ex
2158 3339 2243 3395 his
2272 3340 2455 3408 itaque
2489 3350 2824 3411 compertum
2876 3343 3160 3408 habemus,
3192 3352 3251 3399 ut
3274 3344 3525 3414 equidem

1976 3428 2265 3495 existimo,
2319 3430 2461 3484 haud
2514 3446 2703 3501 parum
2767 3435 3019 3503 ponderis
3070 3434 3136 3488 ad
3181 3434 3524 3488 asserendani

1972 3518 2231 3574 Clementi
2260 3519 2655 3577 Romanohanc
2679 3525 2968 3579 secundam
2994 3524 3527 3594 Epistolam,habere

1973 3613 2346 3667 auctoritatem
2391 3614 2596 3670 codicis
2648 3614 3019 3679 Alexandrini,
3056 3615 3301 3684 proximo
3351 3623 3409 3670 ut
3442 3618 3511 3670 vi

1972 3700 2132 3755 detur
2181 3704 2380 3757 smculo
2424 3710 2548 3773 post
2594 3705 2883 3759 concilium
2938 3704 3216 3759 Nicaenum
3267 3720 3334 3759 ex
3381 3705 3512 3759 anti.

1971 3792 2161 3861 quiore
2209 3793 2449 3862 profecto
2502 3796 2795 3865 exemplari
2851 3795 3132 3866 descripti.
3166 3795 3240 3849 Ex
3283 3811 3347 3851 eo
3376 3798 3522 3851 enim

1972 3887 2142 3956 liquet
2160 3893 2442 3956 utramque
2467 3883 2857 3941 Clementiuam
2891 3886 3186 3958 Epistolam
3208 3902 3318 3941 non
3343 3888 3520 3943 solum

1972 3976 2471 4031 inter'canonicas
2541 3974 2851 4047 Scripturas
2907 3977 3131 4047 perinde
3195 3979 3523 4034 recensitam

1972 4065 2161 4131 fuisse,
2189 4082 2252 4121 ac
2296 4067 2340 4122 si
2374 4074 2601 4137 utraque
2635 4082 2759 4123 vene
2805 4069 3063 4122 canonica
3105 4075 3279 4132 esset,
3331 4082 3519 4123 verum

1969 4157 2131 4213 etiam
2160 4157 2346 4213 ambas
2374 4166 2656 4229 propterea
2673 4159 2725 4212 in
2743 4173 3020 4215 sacrorum
3044 4158 3326 4213 Librorum
3349 4174 3518 4213 censu

1971 4250 2147 4304 locum
2178 4248 2456 4313 habuisse,
2489 4264 2704 4319 unaque
2732 4264 2853 4305 cum
2890 4250 3012 4303 aliis
3038 4248 3315 4303 canonicis
3361 4249 3518 4305 libris

1972 4341 2141 4396 fuisse
2168 4348 2478 4409 compactas
2498 4380 2513 4405 ,
2566 4340 2709 4410 quod
2741 4347 2964 4409 utraque
2995 4348 3123 4394 tunc
3175 4341 3432 4410 temporis
3461 4342 3517 4398 in

1971 4433 2201 4488 coetibus
2226 4430 2616 4487 ecclesiasticis
2642 4432 2727 4486 vel
2780 4432 2885 4499 legi
2943 4431 3159 4496 soleret,
3192 4432 3275 4487 vel
3323 4433 3516 4488 saltem

319 4522 449 4575 ΤΟΣ
503 4521 846 4575 ΕΠΙΣΤΟΛΗ
895 4521 937 4572 Β
984 4535 1002 4575 :
1054 4528 1112 4575 ut
1148 4521 1330 4577 videre
1382 4532 1465 4578 est
1523 4525 1664 4594 apud
1711 4524 1868 4580 Wot-
1902 4520 1943 4574 Ι)
1970 4537 2137 4578 sacrae
2173 4523 2400 4592 publica:
2427 4522 2645 4577 lectioni
2675 4521 3057 4579 destinaretur.
3105 4521 3259 4589 Quod
3296 4523 3517 4594 quidem

318 4624 531 4678 tonum,
589 4612 1004 4668 solertissimum
1062 4612 1262 4666 laudati
1309 4615 1513 4671 codicis
1565 4618 1867 4689 exscripto-

319 4720 453 4761 rem.
488 4704 563 4758 Ex
597 4705 701 4757 hoc
730 4704 891 4775 igitur
914 4704 1277 4758 Alexandrino
1307 4708 1600 4776 exemplari
1632 4723 1872 4778 comper-

321 4806 432 4851 tum
456 4804 560 4859 est,
617 4796 812 4866 primo,
865 4796 1001 4852 duas
1038 4796 1310 4867 Epistolas
1369 4796 1698 4855 Clementem
1739 4802 1870 4856 scri-

321 4886 744 4958 psisse;deiude
793 4896 1079 4958 utramque
1106 4888 1275 4944 fuisse
1328 4887 1624 4946 Corinthiis
1670 4892 1867 4947 inseri.

320 4988 487 5050 ptam.
515 4977 662 5033 Licet
692 4978 835 5033 enim
864 4979 1150 5048 posterior,
1173 4995 1239 5034 ex
1262 4977 1602 5034 librariorum
1634 4981 1866 5039 fortasse

318 5070 548 5136 incuria,
566 5076 862 5141 praenotata
880 5067 1015 5139 πρὸς
1044 5067 1357 5139 Κορινθίους
1371 5068 1512 5121 haud
1529 5077 1863 5139 compareat;

315 5159 508 5230 quidni
540 5167 594 5213 et
621 5174 738 5214 eam
767 5156 835 5211 ad
864 5155 1177 5211 Corinthios
1223 5158 1446 5210 missam
1478 5156 1864 5223 existimemus,

315 5268 441 5307 cum
473 5252 670 5321 prioris
701 5250 982 5319 inscriptio
1004 5248 1106 5302 hac
1133 5247 1200 5302 de
1235 5262 1294 5303 re
1320 5247 1454 5302 satis
1483 5262 1752 5318 superque
1784 5249 1867 5303 in-

312 5343 515 5398 dubios
543 5358 642 5397 nos
670 5341 897 5397 reddat?
955 5339 1243 5393 Enimvero
1271 5354 1446 5408 neque
1477 5341 1624 5410 prior
1671 5340 1867 5410 legitur

313 5437 372 5490 in
419 5436 661 5491 indiculo
718 5434 888 5491 fuisse
920 5433 987 5490 ad
1040 5430 1351 5489 Corinthios
1380 5432 1700 5503 perscripta.
1734 5432 1867 5498 Quis

388 5672 503 5747 (ῃ)
551 5673 685 5747 (ξοάἶ
714 5691 867 5747 “ean.
923 5674 1067 5731 Eccl.
1117 5677 1297 5743 prim.,
1339 5676 1431 5731 lib.
1482 5691 1547 5734 ll.
1583 5691 1701 5747 cap.
1727 5694 1781 5747 9.

315 5744 505 5870 6‘95)
554 5744 628 5799 De
661 5745 797 5801 Bibl.
853 5753 978 5801 text.
1038 5747 1197 5817 θήρη
1241 5747 1334 5802 lib.
1385 5760 1457 5813 tv,
1517 5744 1664 5816 capf
1694 5744 1748 5813 ιζ
1806 5764 1857 5819 p.

1968 4613 2139 4684 magis
2162 4612 2339 4667 adhuc
2366 4613 2723 4668 conﬁrmatur
2751 4629 2815 4668 ex
2856 4615 3156 4670 canonibus
3178 4616 3513 4685 apostolicis,

1962 4704 2107 4760 circa
2126 4704 2393 4759 saeculitn
2424 4703 2658 4757 medium
2687 4704 2965 4760 collectis:
3018 4705 3073 4759 in
3121 4706 3315 4760 horum
3363 4707 3508 4761 enim

1962 4810 2229 4853 canonum
2280 4797 2490 4864 ultimo,
2547 4812 2827 4851 sacrarum
2874 4796 3275 4867 Scripturarum
3324 4814 3514 4853 recen-

1963 4888 2170 4943 sionem
2218 4887 2549 4959 proferente,
2587 4894 2709 4957 post
2746 4897 3088 4945 enumeratas
3141 4889 3509 4959 apostolorum

1964 4977 2230 5048 Epistolas
2260 4979 2442 5035 statim
2473 4978 2838 5049 subjiciuntur
2884 4978 3191 5050 Κλήμεντος
3236 4977 3512 5031 ἐπιστολαὶ

1960 5067 2054 5121 δύο
2085 5087 2099 5124 :
2154 5085 2276 5138 qua:
2326 5068 2571 5139 profecto
2592 5068 2793 5124 eaedem
2819 5066 2989 5123 fuisse
3010 5067 3262 5122 videntur
3283 5080 3407 5119 cum
3443 5066 3512 5121 iis

1962 5174 2100 5226 quas
2126 5157 2473 5214 Alexandrini
2516 5159 2723 5214 codicis
2754 5157 3027 5212 indiculus
3055 5157 3305 5223 exhibet;
3334 5172 3400 5211 eo
3428 5157 3510 5210 vel

1964 5248 2196 5303 maxime
2234 5248 2380 5319 quod
2420 5249 2609 5303 eodem
2660 5250 2819 5320 plane
2854 5248 3045 5303 ordine
3100 5262 3208 5316 quo
3257 5247 3507 5303 laudatus

1965 5338 2257 5403 indiculus,
2292 5354 2466 5393 canon
2493 5340 2595 5394 iste
2625 5339 2956 5408 apostolicus
2986 5338 3107 5393 illas
3139 5336 3345 5409 digerat
3377 5357 3391 5394 :
3450 5346 3507 5393 ut

1965 5427 2191 5496 proinde
2216 5427 2363 5481 nulla
2391 5430 2565 5485 subsit
2585 5427 2874 5495 dubitatio,
2905 5430 3195 5499 quominus
3228 5429 3508 5499 utriusque

1970 5735 1998 5808 s
2023 5665 2147 5790 416)
2212 5663 2510 5736 Prolegom.
2551 5661 2618 5719 ad
2652 5677 2790 5721 vers.
2851 5668 3011 5739 LXX,
3037 5676 3170 5727 tom.
3200 5668 3247 5738 Ι,
3283 5683 3403 5743 cap.
3441 5669 3494 5735 1.
