4076 6280
548 377 619 432 95
1690 374 1780 429 AD
1818 373 1875 432 s.
1914 350 2328 431 CLEMENTE'M
2368 372 2385 427 ι
2424 373 2649 429 pars.“
3662 363 3733 421 os

549 492 882 550 recensionis
903 492 1055 549 locus
1088 490 1158 547 sit
1188 488 1534 559 acclpiendus
1561 488 1628 544 de
1647 488 1855 546 duabus
1886 489 2097 560 Episto-
2124 499 2171 556 Α
2265 489 2649 560 Nequedesunt
2669 486 2925 555 exempla,
2944 452 3736 555 quibushujusmodiassertum

547 587 616 644 lis
663 585 1047 650 Corinthiacis,
1101 600 1335 655 quorum
1386 590 1577 641 auctor
1624 583 1787 642 fuerit
1829 583 2082 641 Clemens

547 678 845 734 Romanus.

616 770 750 823 Hinc
775 767 952 838 itaque
981 769 1332 825 meritissimo
1358 768 1668 838 exploditur
1698 782 1728 822 a
1758 768 1889 824 viris
1927 767 2102 824 doctis

546 857 826 917 Vendelini
851 866 903 912 et
936 858 1188 913 Dodwelli
1223 858 1334 930 (17)
1383 858 1590 928 opinio,
1620 874 1739 928 quae
1766 856 1964 913 Grabio
1990 858 2100 929 (18)

544 966 762 1019 quoque
792 950 1020 1019 aliisque
1046 951 1308 1019 probatur
1337 969 1352 1006 :
1386 950 1619 1004 homiliae
1650 950 1858 1004 scilicet
1897 958 2102 1019 partem

547 1057 685 1105 esse,
718 1057 837 1110 quae
878 1042 1195 1095 inscribitur
1243 1042 1477 1098 secunda
1534 1040 1809 1111 Epistola;
1852 1043 2103 1112 illiusque

546 1133 902 1205 fragmentum
944 1134 1078 1189 satis
1105 1134 1321 1204 longum
1352 1132 1494 1202 quod
1518 1134 1810 1187 etiamnum
1834 1140 2101 1203 superest,

544 1226 611 1280 ad
670 1235 905 1281 veterem
967 1225 1185 1297 διδαχὴν
1257 1224 1642 1281 Clementinam
1704 1240 1826 1281 esse
1883 1227 2135 1281 omnino

544 1315 943 1370 amandandum
978 1317 1145 1386 :quin
1184 1324 1237 1372 et
1264 1331 1327 1372 eo
1353 1318 1617 1386 processit
1649 1316 1763 1385 ipse
1798 1315 2102 1373 Dodvvellus

545 1406 1040 1475 intemperantioris
1069 1407 1284 1461 critices
1313 1414 1547 1461 sectator
1576 1407 2105 1471 studiosissimus,ut

545 1495 665 1549 loca
697 1498 957 1551 nonnulla
987 1498 1226 1567 ejusdem
1262 1498 1511 1568 Epistolas
1549 1498 1745 1567 stylum
1776 1500 2102 1569 eclogarium

546 1585 949 1658 hypotypuseon
1009 1590 1299 1644 Clementis
1343 1588 1687 1643 Alexandrini
1736 1588 1937 1646 referre
1977 1606 2105 1660 pro-

548 1678 723 1736 fessus
766 1681 948 1747 fuerit,
977 1682 1216 1751 adeoque
1252 1681 1519 1737 immistos
1548 1682 1778 1737 invicem
1810 1683 1947 1739 duos
1983 1685 2104 1743 illos

546 1776 714 1831 fuisse
759 1772 1064 1829 Clementes
1111 1771 1419 1839 coniecerit.
1475 1771 1580 1827 Sed
1625 1788 1879 1829 censores
1922 1774 2107 1829 istius-

545 1867 688 1920 modi
725 1866 1021 1927 mittamus,
1054 1865 1143 1934 qui
1188 1880 1217 1917 a
1263 1865 1487 1919 veritate
1517 1865 1671 1935 longe
1703 1866 1957 1920 aberrare
2002 1880 2101 1921 no-

543 1964 789 2012 scuntur.
822 1954 991 2020 Quam
1016 1970 1159 2008 enim
1186 1969 1424 2008 canones
1454 1954 1756 2023 apostolici,
1788 1970 1948 2024 quam
1985 1969 2104 2025 per-

544 2055 791 2103 vetustus
822 2046 991 2101 codex
1025 2046 1444 2107 Alexandrinus,
1492 2061 1651 2114 quam
1678 2046 1910 2115 denique
1939 2044 2105 2101 Euse-

543 2138 683 2198 bius,
704 2136 1082 2206 Hieronymus,
1105 2134 1427 2197 Dorotheus,
1451 2134 1835 2195 Damascenus.
1857 2133 2103 2202 Photius,

541 2236 593 2283 et
610 2228 789 2282 caeteri
811 2242 1024 2281 summo
1042 2241 1311 2280 consensu
1330 2224 1621 2291 Epistolam
1638 2232 1970 2293 nuncupant,
1986 2240 2107 2279 eam

542 2333 670 2374 vero
718 2316 935 2371 nonnisi
987 2314 1345 2385 eonjectando
1390 2316 1445 2369 in
1482 2314 1834 2369 Homiliarum
1880 2330 2105 2369 censum

541 2408 745 2462 referre
771 2412 933 2475 atque
964 2405 1103 2458 inter
1134 2405 1479 2474 supposititia
1507 2402 1829 2459 Clemcnlina
1872 2406 2107 2460 colloca-

541 2510 601 2549 re
634 2512 646 2548 :
675 2494 729 2547 id
778 2504 890 2549 tum
938 2493 1153 2548 demum
1183 2504 1267 2547 est
1296 2494 1574 2547 hominum
1606 2496 1718 2549 otio
1743 2494 2104 2561 ahuteutium,

542 2585 636 2656 qui
670 2599 775 2637 non
807 2585 1070 2637 rationem
1096 2584 1149 2638 in
1172 2584 1499 2655 disputando
1528 2593 1842 2655 sequantur,
1873 2586 1967 2641 sed
1993 2588 2108 2642 sive

541 2672 911 2730 contentionis
943 2672 1056 2727 sive
1088 2674 1340 2727 novitatis
1371 2674 1551 2728 studio
1576 2690 1634 2730 se
1660 2674 1832 2744 abripi
1874 2674 2055 2729 sinant
2087 2692 2103 2730 :

542 2771 604 2821 ut
650 2770 932 2835 prepterea
979 2778 1165 2817 eorum
1215 2763 1400 2834 Opinio
1428 2772 1668 2819 veterum
1694 2766 1968 2821 sententia:
1998 2780 2109 2820 non

545 2857 722 2912 solum
769 2869 876 2909 non
917 2852 1269 2923 praeferenda,
1310 2855 1404 2911 sed
1435 2870 1501 2910 ne
1529 2856 1857 2911 conferenda
1889 2856 2107 2927 quidem

549 2962 672 3004 cum
698 2946 787 2999 illa
818 2945 1084 3001 videatur.

614 3034 703 3091 IV.
746 3034 931 3105 Neque
975 3033 1193 3089 demum
1242 3034 1555 3105 singillatim
1580 3042 1815 3105 accepta:
1843 3035 2104 3092 adversa-

543 3128 747 3180 riorum
792 3126 1180 3195 objectationes
1224 3126 1360 3178 tanti
1409 3134 1536 3180 sunt
1565 3126 1839 3195 ponderis,
1876 3134 1934 3180 ut
1968 3128 2105 3182 hanc

544 3217 839 3286 Epistulam
872 3216 1261 3286 suppositionis
1293 3226 1600 3286 suspectam
1632 3218 1853 3274 reddere
1877 3221 2106 3276 valeant.

542 3306 779 3361 Joannes
836 3304 1097 3368 Morinus,
1130 3306 1211 3359 vir
1268 3314 1461 3360 czetera
1514 3307 1725 3370 doetus,
1785 3309 2024 3362 eamdem
2078 3324 2110 3363 a

544 3398 748 3452 sanctis
777 3396 1027 3451 Patribus
1057 3397 1415 3451 adulterinam
1453 3397 1619 3454 fuisse
1654 3399 1891 3454 habitam
1924 3415 2108 3455 secum

517 3497 823 3557 .reputans,
844 3490 937 3543 sed
968 3489 1235 3543 iunnerito
1267 3497 1324 3543 ut
1358 3506 1478 3544 mox
1508 3491 1741 3560 patebit,
1774 3508 1882 3561 quo
1911 3493 1963 3546 id
1993 3507 2110 3546 ma-

546 3582 628 3651 gis
675 3580 853 3634 adhuc
903 3588 1133 3644 astruat,
1166 3580 1233 3634 ab
1275 3581 1447 3650 ipsius
1492 3581 1743 3651 Epistula:
1775 3583 1914 3654 stylo
1952 3599 2109 3655 argu-

544 3684 781 3726 mentum
818 3672 1072 3739 desumit,
1107 3681 1159 3726 et
1205 3673 1420 3743 quidem
1465 3675 1644 3732 acrius
1687 3676 1919 3733 fortasse
1943 3694 2105 3749 quam

543 3765 785 3818 decebat.
823 3781 841 3814 (
876 3762 1022 3817 Illius
1051 3764 1245 3833 stylus,
1280 3764 1455 3834 inquit
1485 3766 1618 3837 (19),
1651 3775 1708 3821 ιιι
1756 3768 1952 3837 prioris
1995 3785 2106 3823 non

543 3863 626 3909 est
653 3856 909 3924 simplex,
942 3853 1035 3909 sed
1070 3855 1390 3925 argutulus;
1423 3873 1529 3911 non
1560 3866 1751 3928 sponte
1779 3858 1973 3924 ﬂuens,
2008 3861 2100 3916 sed

545 3961 644 4019 pro
697 3945 936 4002 auctoris
981 3954 1141 4015 captu
1188 3949 1429 4004 studiose
1457 3949 1800 4018 elaboratus;
1833 3968 1941 4006 non
1970 3953 2105 4006 ἀπε-

544 4038 774 4110 ριοδικὸς
817 4047 869 4091 et
899 4052 1285 4107 nonnunquam
1314 4041 1733 4105 ἀνανταπόδοτος
1772 4043 1867 4097 sed
1916 4044 2104 4099 verbo-

544 4145 665 4185 rum
717 4129 1002 4192 ambitum,
1054 4130 1350 4187 antitheses
1402 4147 1696 4203 earumque
1744 4134 2101 4190 redditionem

544 4221 827 4278 ambitiose
862 4221 1094 4278 allectat.
1134 4242 1152 4275 ι
1196 4220 1318 4277 Haec
1347 4222 1608 4286 Morinus,
1639 4225 1796 4294 cujus
1834 4226 2100 4280 sententia

549 4312 816 4366 Richardo
848 4330 1061 4383 quoque
1093 4312 1334 4369 Simonio
1370 4316 1585 4384 probari
1613 4316 1826 4370 videtur
1855 4317 1987 4388 (20).
2013 4316 2100 4373 In-

549 4403 713 4457 ﬁciari
763 4405 1007 4473 equidem
1058 4407 1221 4459 nolim
1269 4407 1413 4459 haud
1466 4408 1577 4462 leve
1625 4408 1911 4478 aliquando
1935 4425 2095 4481 argu-

2201 583 2596 653 comprobetur.
2626 580 2694 637 Ut
2719 588 2897 634 autem
2926 592 3091 632 unum
3114 576 3197 631 vel
3224 576 3449 630 alterum
3476 589 3740 646 propona-

2201 693 2343 744 mus,
2374 664 2659 745 Epistotam
2682 674 2748 728 ad
2776 673 3018 727 Ilebrazos
3040 686 3148 726 non
3175 684 3294 727 esse
3316 670 3540 739 apostoli
3564 668 3736 733 Pauli,

2202 767 2296 824 sed
2338 768 2419 823 vel
2456 766 2712 820 Barnabae
2748 765 2828 818 vel
2859 763 3013 819 Lucae
3050 762 3133 817 vel
3167 761 3333 815 nostri
3368 759 3677 827 Clementis,
3708 778 3741 817 e

2202 860 2324 932 Slyli
2355 860 2665 913 charactere
2686 862 2921 910 veterum
2944 853 3184 908 nonnulli
3206 853 3599 916 existimarunt,
3619 851 3742 909 Ori-

2202 968 2363 1023 genes
2382 948 2817 1022 (22),Eusebius,
2845 945 3221 1017 Hieronymus,
3247 945 3441 1015 aliique
3471 946 3744 1016 antiquio-

2203 1059 2311 1097 res.
2343 1043 2590 1096 Attamen
2621 1055 2781 1111 quam
2811 1037 2953 1092 ﬂuxa
2981 1039 3052 1093 sit
3080 1038 3192 1092 haec
3219 1037 3502 1103 sententia,
3526 1052 3646 1091 cum
3672 1053 3742 1092 ex

2203 1130 2440 1202 Epistola
2470 1129 2532 1184 II
2558 1128 2723 1194 Petri,
2765 1136 2879 1182 tum
2908 1128 2961 1183 in
2986 1128 3173 1199 primis
3200 1143 3262 1183 ex
3294 1128 3461 1197 ipsius
3492 1127 3743 1195 Epistula:

2203 1223 2270 1277 ad
2317 1220 2565 1275 Hebrwos
2612 1227 2866 1275 contextu
2915 1219 3049 1274 satis
3098 1219 3282 1287 liquet,
3309 1224 3366 1271 ut
3394 1232 3502 1285 pra:
3533 1217 3744 1272 caeteris

2202 1328 2428 1369 nervose
2471 1328 2585 1368 rem
2625 1312 2820 1367 astruit
2849 1309 3081 1366 Joannes
3113 1309 3308 1364 Millius
3335 1309 3465 1379 (25).
3488 1307 3630 1362 Idem
3656 1308 3745 1377 ju-

2203 1404 2402 1459 dicium
2452 1404 2618 1457 latum
2667 1403 2797 1457 olim
2840 1401 3009 1456 fuisse
3047 1400 3113 1455 de
3142 1399 3283 1455 Petri
3313 1398 3553 1469 Epistola
3578 1398 3639 1453 II
3667 1411 3746 1455 te-

2202 1504 2413 1552 stantur
2460 1494 2616 1549 iidem
2669 1495 2960 1563 scriptores
3013 1507 3241 1563 quorum
3293 1492 3451 1546 modo
3499 1491 3746 1546 memini-

2204 1602 2323 1640 mus
2349 1585 2481 1657 (24).
2512 1583 2711 1639 Verum
2745 1591 2797 1639 et
2832 1584 2921 1639 hic
2963 1582 3163 1638 frustra
3202 1583 3466 1637 censitum
3498 1596 3561 1637 ex
3583 1582 3746 1637 dissi—

2204 1677 2506 1731 militudine
2530 1676 2675 1746 styli,
2706 1690 2797 1729 eas
2829 1673 3096 1743 Epistolas
3130 1673 3266 1728 duos
3298 1673 3589 1742 scriptores
3619 1686 3744 1742 pro-

2204 1767 2352 1831 dere,
2384 1781 2517 1837 quas
2541 1764 2701 1819 unius
2731 1763 2874 1817 Petri
2902 1778 3020 1817 esse
3047 1762 3344 1816 luculenter
3373 1762 3586 1816 aliunde
3615 1777 3745 1816 con-

2204 1863 2332 1912 stat.
2362 1855 2436 1910 De
2483 1861 2704 1908 auctore
2744 1852 2926 1906 itidem
2956 1851 3355 1921 Apocalypseos,
3382 1851 3500 1907 aliis
3528 1851 3745 1922 quidem

2203 1947 2533 2009 nominibus,
2568 1952 2623 1999 at
2668 1944 2962 2015 praesertim
2990 1959 3019 1998 e
3050 1930 3173 2014 styli
3208 1944 3418 1999 ratione
3451 1944 3747 2013 antiquitus

2204 2040 2529 2102 dubitatum,
2563 2045 2742 2091 utrum
2774 2036 2931 2107 fuerit
2956 2034 3192 2090 Joannes
3225 2035 3519 2104 apostolus.
3552 2035 3747 2106 Diony-

2205 2132 2344 2187 sium
2385 2129 2807 2184 Alexandrinum
2859 2127 2999 2197 apud
3031 2125 3320 2181 Eusebium
3348 2124 3457 2196 (25)
3487 2125 3532 2180 si
3562 2126 3749 2179 audia-

2204 2236 2348 2285 mus,
2364 2218 2701 2289 Evangelium
2727 2214 2952 2272 Joannis
2980 2223 3035 2270 et
3058 2215 3299 2286 ejusdem
3323 2214 3561 2284 Epistola
3584 2214 3613 2268 Ι
3645 2215 3749 2271 sibi

2204 2320 2393 2368 mutuo
2431 2312 2732 2378 cohaerent;
2785 2321 2951 2379 atque
2995 2310 3049 2363 in
3080 2309 3351 2373 omnibus,
3382 2309 3425 2363 si
3458 2315 3600 2363 recte
3625 2323 3751 2377 per-

2206 2404 2475 2475 penderis,
2506 2420 2673 2483 gnum
2716 2403 2967 2472 idemque
3009 2402 3287 2471 utriusque
3316 2401 3628 2471 scriptionis
3653 2416 3745 2471 ge-

2205 2512 2310 2551 nus
2355 2496 2629 2551 evidenter
2680 2501 2930 2566 apparet;
2969 2493 3319 2565 Apocalypsis
3342 2508 3471 2548 vero
3503 2493 3569 2547 ab
3600 2500 3751 2547 utro-

2205 2602 2310 2656 que
2341 2586 2430 2639 illo
2458 2586 2661 2655 scripto
2684 2585 2856 2638 aliena
2884 2590 2967 2639 est
2996 2592 3049 2638 et
3072 2592 3344 2639 extranea.
3376 2584 3440 2637 At
3464 2599 3623 2654 quam
3658 2598 3752 2652 pa-

2206 2690 2325 2731 rum
2355 2674 2454 2729 hac
2483 2674 2537 2729 in
2566 2690 2623 2729 re
2660 2674 3005 2729 tribuendum
3027 2674 3096 2729 sit
3128 2658 3368 2746 Dionysii
3399 2672 3751 2730 Alexandrini

2206 2767 2549 2833 auctoritati,
2600 2775 2797 2821 norunt
2837 2767 3059 2830 eruditi,
3100 2774 3160 2820 ut
3197 2767 3409 2822 abunde
3457 2770 3589 2822 satis
3630 2775 3752 2824 ante

2206 2856 2395 2911 oculos
2426 2856 2606 2926 posuit
2632 2857 2715 2911 vir
2741 2857 2935 2912 doctus
2966 2856 3124 2911 modo
3150 2858 3399 2912 laudatus
3424 2857 3556 2928 (26).

2276 2945 2355 3000 Ex
2402 2947 2665 3002 hactenus
2714 2947 2892 3003 allatis
2944 2948 3201 3019 exemplis
3254 2948 3536 3004 manifeste
3561 2948 3750 3019 liquet,

2207 3054 2323 3093 mea
2369 3038 2583 3109 quidem
2630 3040 2915 3106 sententia,
2946 3056 3107 3110 quam
3132 3041 3279 3095 tenui
3305 3041 3527 3096 tibicine
3559 3039 3752 3095 fultum

2134 3159 2175 3217 α
2209 3129 2277 3182 sit
2320 3135 2693 3197 argumentum
2725 3145 2756 3185 e
2791 3129 2917 3199 styli
2965 3130 3404 3187 dissimilitudine
3456 3139 3753 3203 sumptum,

2209 3236 2318 3291 quo
2347 3220 2586 3290 Epistota
2616 3219 2681 3275 ΙΙ
2717 3220 3058 3292 abjudicetur
3085 3222 3367 3279 Clementi.
3395 3220 3513 3279 Jam
3559 3231 3756 3279 caetera

2209 3326 2620 3379 prosequamur.

2278 3399 2342 3457 Υ.
2384 3402 2651 3458 Morinum
2681 3403 2840 3458 modo
2881 3404 3205 3474 audivimus,
3246 3406 3394 3461 nullo
3431 3413 3567 3461 teste
3601 3405 3758 3460 adhi-

2206 3493 2341 3558 bito,
2386 3496 2688 3550 asseruisse
2718 3496 2857 3550 hanc
2886 3496 3167 3565 epistolam
3196 3512 3226 3550 a
3254 3497 3456 3553 sanctis
3502 3495 3757 3553 Patribus

2208 3590 2464 3654 tanquam
2490 3586 2849 3640 adulterinam
2889 3586 3057 3641 fuisse
3086 3586 3318 3641 habitam
3344 3604 3358 3642 :
3393 3602 3512 3657 qua:
3540 3586 3756 3657 quidem

2205 3676 2471 3730 sententia
2503 3677 2776 3732 nonnullis
2807 3693 3020 3747 quoque
3085 3677 3205 3732 aliis
3235 3678 3511 3747 probatur.
3538 3678 3755 3742 Jurene,

2204 3780 2272 3818 an
2305 3782 2483 3831 secus,
2520 3768 2819 3823 videamus.
2864 3768 2935 3822 De
2978 3769 3079 3822 hac
3126 3769 3241 3837 ipsa
3281 3769 3507 3837 epistola
3544 3768 3756 3823 Eusebii

2205 3858 2569 3912 testimonium
2592 3858 2897 3927 hujusmodi
2938 3859 3197 3914 habemus
3221 3860 3330 3929 (27)
3363 3880 3373 3913 :
3404 3861 3595 3912 ’ἰστέον
3614 3860 3655 3911 δ’
3683 3860 3757 3923 ὡς
3832 3896 3837 3907 .

2201 3950 2298 4003 καὶ
2343 3948 2563 4020 δευτέρα
2594 3965 2677 4011 τις
2716 3942 2851 4001 εἶναι
2895 3947 3107 4017 λέγεται
3146 3947 3240 4001 τοῦ
3285 3949 3595 4020 Κλήμεντος
3639 3950 3753 4000 Em-

2202 4040 2384 4112 στολή·
2431 4041 2491 4092 οὐ
2533 4039 2629 4109 μὲν
2672 4036 2746 4091 ἔθ’
2793 4040 2991 4109 ὁμοίως
3036 4043 3102 4111 τῇ
3146 4041 3385 4113 προτέρᾳ
3425 4043 3516 4093 καὶ
3559 4041 3756 4109 ταύτην

2199 4128 2468 4201 γνώριμον
2506 4127 2858 4199 ἐπιστάμεθα,
2892 4130 2968 4181 ὃτι
3004 4129 3134 4200 μηδὲ
3170 4132 3295 4194 τοὺς
3322 4131 3575 4201 ἀρχαίους
3619 4130 3753 4199 αὐτῇ

2197 4221 2562 4292 κεχρημένους
2600 4221 2772 4291 ἴσμεν.
2810 4238 2827 4271 ι
2879 4218 3167 4275 Sciendum
3195 4231 3277 4277 est
3303 4230 3501 4285 autem,
3532 4220 3673 4289 quod
3703 4237 3758 4289 et

2198 4314 2432 4370 secunda
2454 4314 2695 4383 quaedam
2711 4313 3003 4370 Clementis
3025 4316 3249 4384 epistola
3270 4331 3387 4371 esse
3407 4316 3649 4369 dicatur:
3674 4330 3759 4368 vce

2197 4420 2315 4458 rum
2346 4405 2485 4457 hanc
2514 4419 2620 4458 non
2645 4404 2869 4473 perinde
2896 4420 2959 4459 ac
2989 4408 3220 4475 priorem
3248 4415 3427 4460 notam
3454 4419 3575 4459 esse
3610 4419 3758 4457 com-

548 4500 786 4545 mentum
815 4509 879 4547 ex
907 4493 1347 4550 dissimilitudine
1377 4496 1500 4566 styli
1531 4509 1847 4567 suppetere,
1879 4516 1986 4570 quo
2014 4502 2108 4555 ali-
2136 4492 2181 4549 D
2206 4495 2472 4563 perimus;
2507 4496 2760 4563 quoniam
2809 4511 2906 4549 nec
2930 4504 3139 4551 veteres
3179 4511 3241 4549 ea
3276 4510 3404 4549 usos
3445 4509 3565 4547 esse
3606 4493 3759 4545 nevi-

548 4581 635 4634 cui
684 4582 934 4650 scriptori
980 4598 1116 4651 Opus
1162 4586 1522 4651 abjudicetur,
1555 4588 1751 4656 aliique
1785 4571 2102 4656 addicatur;

548 4664 839 4724 dummodo
889 4679 1066 4726 tamen
1124 4675 1327 4741 reliqua
1386 4678 1486 4730 rite
1537 4678 1861 4734 cohtereant.
1905 4679 2103 4733 Verum

548 4759 692 4813 hunc
714 4774 972 4813 canonem
993 4762 1241 4815 criticum
1266 4780 1372 4817 non
1396 4780 1517 4819 esse
1540 4766 1763 4820 nimium
1784 4770 2103 4837 urgendum,

549 4862 707 4903 nemo
750 4862 859 4900 non
908 4846 1050 4901 videt
1083 4867 1095 4901 :
1125 4850 1412 4918 siquidem,
1457 4861 1514 4906 ut
1564 4854 1765 4921 optime.
1807 4853 2105 4910 Cotelerius

548 4953 707 5006 quem
750 4937 995 5005 sequitur
1023 4945 1075 4989 et
1105 4935 1335 4992 Grabius
1379 4939 1513 5006 (2i),
1560 4942 1683 5011 styli
1724 4941 2107 4999 dissimilitudo

548 5030 618 5083 ab
647 5028 832 5083 eodem
866 5028 1131 5099 scriptore
1166 5046 1264 5099 pro
1296 5031 1554 5086 varietate
1582 5040 1882 5103 temporum
1912 5047 2108 5091 etcau-

548 5135 733 5177 Barum
762 5120 891 5173 oriri
924 5120 1118 5191 potuit.

648 5271 731 5347 [1)
770 5272 977 5347 ρηςὶιγη
1013 5272 1233 5347 Disser}.
1272 5272 1499 5347 infren.
1538 5275 1565 5347 ᾗ
1601 5292 1748 5338 xxtx.
1782 5290 1834 5347 p,
1867 5278 1953 5332 53.

646 5342 731 5405 18)
772 5338 977 5407 Spicil..
1014 5352 1140 5397 tum.
1181 5343 1220 5397 I.
1250 5359 1303 5412 ι).
1331 5344 1453 5399 268.

650 5412 733 5481 l9)
775 5412 1006 5467 Exercit.
1037 5413 1235 5479 biblic.,
1260 5414 1351 5469 lib.
1394 5430 1635 5479 t,exere.
1688 5432 1762 5478 rx,
1814 5431 1935 5486 cap.
1989 5417 2043 5481 Δ,
2078 5414 2105 5488 ς

620 5269 641 5480 l

778 5549 1133 5627 Qihl.__chois.,
1168 5562 1207 5627 ε..
1241 5552 1281 5617 1,
1310 5555 1468 5627 chap.
1494 5557 1583 5619 28,
1615 5573 1667 5627 p.
1696 5556 1820 5610 282.

624 5574 735 5613 (zu;
778 5574 914 5605 Dtut.
949 5574 1133 5616 611035.,
1168 5574 1207 5608 ι.
1241 5574 1281 5617 ι,
1310 5574 1408 5608 cna
1455 5599 1468 5612 .
1494 5574 1583 5619 ‘16,
1615 5574 1667 5627 p.
1696 5574 1820 5610 ΖδΖ.

625 5618 736 5753 (2|)
781 5618 985 5699 Spicil.,
1015 5631 1144 5676 tom.
1170 5622 1210 5684 L
1283 5666 1295 5679 .
1329 5574 1449 5681 26:.

562 5722 563 5731 η
647 5688 738 5753 22)
776 5688 1015 5753 Origen.,
1054 5694 1193 5753 apud
1240 5640 1459 5753 Euseb"
1508 5695 1639 5750 Hist.
1671 5694 1822 5753 θεά..
1871 5696 1971 5752 lib.
2013 5713 2043 5748 v

558 5694 1015 5828 ωὲῗξέὕριοὶεθηη
1054 5694 1193 5761 apud
1240 5694 1459 5761 Euseb.,
1508 5695 1639 5750 Hist.
1671 5694 1822 5762 θεοί,
1871 5696 1971 5752 lib.
2013 5712 2063 5748 vi
2089 5735 2103 5759 ,

2205 4599 2344 4637 mus.
2379 4602 2396 4634 ι
2425 4582 2591 4648 Quem
2625 4584 2800 4636 locum
2834 4580 3064 4639 Rulinus
3110 4582 3449 4650 indiligenter
3476 4595 3572 4649 pro
3611 4594 3759 4631 more

2204 4690 2303 4729 suo
2325 4676 2396 4728 ita
2428 4675 2809 4743 interpretatur
2834 4692 2847 4729 :
2878 4674 3080 4727 Dicitur
3109 4683 3278 4727 tamen
3299 4690 3407 4726 esse
3426 4682 3472 4725 et
3504 4672 3609 4724 alia
3641 4670 3759 4725 Cie--

2204 4767 2388 4819 mentis
2427 4765 2666 4833 epistola,
2701 4764 2849 4832 cujus
2894 4782 2986 4817 nos
3036 4764 3273 4817 notitiam
3314 4780 3413 4816 non
3443 4763 3754 4830 accepimus.

2203 4854 2386 4926 Neque
2416 4856 2585 4925 magis
2608 4864 2858 4909 accurate
2880 4854 3236 4924 Hieronymus
3268 4872 3281 4907 :
3312 4851 3504 4906 Fertur
3531 4862 3758 4906 secunda

2203 4963 2313 5000 esse
2334 4963 2395 4999 ex
2416 4947 2525 5015 ejus
2550 4948 2752 5000 nomine
2773 4946 3013 5014 epistola,
3036 4962 3149 5014 qua:
3172 4962 3203 4997 α
3232 4944 3480 4998 veteribus
3512 4943 3758 5011 reproba-

2208 5048 2310 5091 tur.
2341 5038 2564 5092 Photius
2602 5045 2779 5091 autem
2810 5036 2875 5089 ad
2904 5035 3215 5107 Hieronymi
3252 5034 3569 5089 sententiam
3602 5048 3758 5087 acce-

2206 5131 2360 5197 dens,
2389 5133 2502 5187 haec
2532 5131 2692 5185 habet
2717 5130 2830 5201 (28)
2857 5149 2869 5184 :
2911 5131 2973 5184 ἸΙ
2999 5130 3054 5182 δὲ
3078 5127 3339 5199 λεγομένη
3363 5126 3583 5197 δευτέρα
3624 5123 3757 5196 πρὸς

2298 5288 2387 5349 2'5)
2431 5287 2734 5357 Prolegom,
2753 5286 2816 5339 ad
2852 5284 2912 5339 N.
2948 5284 3215 5357 T..n._85.
3250 5300 3401 5353 seqq.

2300 5358 2387 5423 24)
2429 5352 2668 5426 Origeu,
2695 5354 2981 5426 Comment.
3013 5357 3065 5407 in
3090 5354 3273 5426 Joan.,
3310 5364 3438 5407 tom.
3475 5370 3527 5426 v_.
3563 5368 3613 5422 p.
3648 5352 3748 5407 88?

2209 5423 2430 5490 Euseh.,
2462 5423 2561 5479 Le.
2585 5425 2856 5494 ;Hieron.,
2885 5423 2955 5476 De
2982 5428 3079 5478 vir.
3109 5425 3329 5490 illuslr.,
3361 5440 3479 5494 cap.
3501 5423 3549 5477 ί.

2300 5496 2391 5557 25)
2433 5494 2573 5550 llist.
2603 5494 2751 5557 eccl.,
2788 5492 2878 5548 lib.
2911 5508 3006 5548 vn.
3039 5509 3156 5562 cap.
3188 5494 3277 5550 30.

2302 5566 2390 5634 26)
2430 5563 2585 5629 Mill.,
2620 5564 2655 5618 l.
2686 5580 2735 5634 c.
2769 5578 2918 5617 num.
2954 5564 3075 5624 I76,
3106 5578 3255 5634 seqq.

2296 5631 2388 5704 27)
2428 5634 2569 5688 llist.
2598 5633 2744 5693 εει-1,,
2780 5634 2871 5686 lib.
2903 5647 2986 5695 ιιι.
3017 5648 3136 5704 cap.
3165 5631 3255 5689 38.

2298 5702 2389 5777 28)
2427 5704 2561 5759 Bibl.
2595 5704 2715 5759 cod.
2744 5718 2893 5757 crus.
