4076 6280
352 310 421 367 97
1376 352 1396 381 ι

1611 324 1942 381 ΡηουΕΜιΑ
1981 327 2281 387 VARIORU
2294 333 2357 390 Μ.
2662 348 2672 360 '
3506 352 3575 403 923

350 422 483 484 τοὺς
502 421 713 483 αὐτοὺς,
745 426 819 487 ὡς
848 425 998 490 νόθος
1019 428 1487 501 ἀποδοκιμάζεται.
1518 451 1536 485 ς
1571 434 1702 501 Quae
1726 447 1904 492 autem
1932 444 1979 503 Α
2009 460 2107 513 ραν
2141 444 2501 517 διηγάγομεν,
2535 450 2593 504 ὲν
2706 451 3083 525 ἀνεγνώκαμεν
3122 458 3271 529 ὑμῶν
3314 460 3409 532 τὴν
3454 460 3571 516 ἐπι-

353 518 597 571 secunda
633 517 697 570 ad
737 517 952 573 eosdem
982 521 1341 594 (Corinthios)
1380 527 1596 591 dicitur,
1640 539 1696 583 ut
1743 531 1908 585 notha

350 608 617 674 rejicitur.
649 628 668 660 ο
700 609 767 661 At
800 611 998 665 rectius
1020 612 1088 667 ad
1127 624 1358 671 mentem
1391 617 1906 693 EusebiioNiCepho-

351 712 451 752 rus
470 697 579 767 (29)
608 718 622 753 :
650 701 758 753 Καὶ
788 700 918 771 ἄλλη
948 703 1003 756 δὲ
1030 704 1192 757 αὐτοῦ
1230 707 1449 779 φέρεται
1497 710 1769 783 ἐπιστολὴ,
1808 713 1907 783 τῆς

352 788 619 860 προτέρας
661 791 801 845 κατὰ
848 793 983 846 πολὺ
1030 795 1357 850 ἀποδέουσα·
1412 801 1535 872 περὶ
1578 797 1645 872 ἧς
1672 803 1700 855 ὁ
1748 803 1906 867 αὑτός

343 895 508 947 φησιν
529 880 803 945 Εὐσέϐιος,
831 880 904 953 μὴ
924 883 981 936 ὲν
1000 884 1275 959 ἐπιστήμῃ
1291 887 1489 960 ταύτης
1505 892 1631 954 τοὺς
1649 893 1906 964 ἀρχαίους

341 964 500 1023 εἶναι.
541 989 561 1021 ι
608 971 804 1026 Fertur
844 984 897 1029 et
936 976 1039 1030 alia
1081 978 1200 1045 ejus
1242 979 1603 1053 (Clementis)
1641 985 1901 1053 epistola,

341 1062 523 1129 priore
556 1064 713 1133 longe
753 1064 1010 1132 inferior;
1032 1066 1101 1120 de
1121 1084 1226 1137 qua
1258 1070 1389 1125 dicit
1424 1070 1561 1125 idem
1605 1073 1902 1141 Eusebius,

336 1158 551 1205 veteres
590 1154 710 1219 ejus
768 1155 1019 1208 notitiam
1061 1171 1168 1210 non
1219 1157 1437 1213 habere.
1484 1179 1503 1212 ι
1548 1160 1626 1214 Ex
1678 1162 1762 1217 his
1800 1164 1902 1217 ita-

335 1256 445 1310 que
482 1243 714 1297 testibus
764 1245 855 1297 uni
902 1244 1139 1301 Eusebio
1181 1250 1431 1303 standum
1456 1289 1470 1315 ,
1504 1267 1662 1306 nemo
1688 1269 1795 1307 non
1821 1256 1901 1307 vi-

333 1334 468 1388 det:
502 1334 632 1389 ﬁdes
662 1335 805 1389 enim
846 1353 1010 1407 penes
1044 1350 1340 1403 auctorem,
1370 1357 1475 1395 non
1510 1352 1689 1398 autem
1732 1362 1899 1415 penes

334 1425 660 1495 interpretes
688 1435 781 1480 aut
808 1430 1197 1499 exscriptorcs.
1234 1431 1461 1487 Photins
1502 1449 1633 1489 vero
1678 1436 1899 1493 minime

332 1514 659 1579 audiendus,
704 1517 797 1586 qui
846 1519 1018 1573 multo
1062 1522 1332 1575 recentior
1361 1530 1445 1577 est
1510 1538 1670 1592 quam
1702 1533 1757 1577 ut
1795 1526 1896 1595 ipsi

331 1619 618 1659 assensum
649 1606 983 1676 praebeamus
1015 1624 1028 1660 :
1055 1624 1230 1679 neque
1257 1609 1401 1665 enim
1431 1611 1594 1667 ullius
1624 1617 1776 1668 testis
1800 1631 1898 1669 an-

331 1696 586 1765 tiquioris
608 1701 985 1755 auctoritatem
1006 1701 1390 1768 adducit.Quid
1415 1705 1579 1774 igitur
1600 1705 1896 1763 Eusebius?

329 1784 519 1858 Neque
549 1806 581 1842 a
610 1791 863 1845 veteribus
892 1792 1216 1860 reprobatam
1246 1794 1379 1848 dicit
1412 1771 1765 1865 posteriorem
1783 1800 1895 1868 epi-
1928 1771 1969 1826 Β

325 1879 545 1944 stolam,
578 1896 751 1950 neque
786 1883 967 1951 prodit
1001 1893 1189 1938 veteres
1219 1884 1330 1953 ejus
1370 1887 1613 1939 notitiam
1660 1905 1759 1941 non
1799 1889 1895 1943 Ita-

326 1968 523 2034 buisse,
574 1988 742 2041 neque
790 1972 936 2027 illam
989 1975 1179 2031 scribit
1228 1977 1362 2030 inter
1414 1976 1714 2033 adulterina
1762 1981 1894 2051 reje-

324 2069 502 2124 ctam;
533 2061 625 2116 sed
650 2070 860 2117 tantum
893 2081 912 2114 t
939 2066 1109 2132 priore
1142 2065 1310 2119 minus
1354 2076 1533 2121 notam
1567 2068 1757 2134 fuisse,
1797 2086 1893 2126 ne-

323 2167 429 2221 que
460 2169 494 2205 a
527 2152 776 2207 veteribus
809 2166 1135 2224 usurpatam.
1170 2156 1373 2220 iCedo,
1399 2174 1527 2213 num
1555 2159 1679 2214 inde
1699 2176 1891 2217 conse-

321 2256 510 2311 quitur
544 2246 833 2315 epistolam
864 2256 1107 2302 nostram
1139 2247 1307 2304 fuisse
1337 2253 1706 2321 reprobatam,
1736 2254 1889 2324 ignoc

319 2343 470 2396 tam,
543 2337 978 2407 postulatamque
1048 2338 1303 2402 νοθείαςῖ
1382 2340 1542 2395 Aliud
1611 2344 1886 2399 enimvero

316 2433 403 2478 est
427 2425 610 2482 minus
634 2428 934 2497 cognitum,
972 2429 1119 2484 aliud
1156 2430 1399 2500 ignotum
1432 2433 1689 2499 omnino;
1723 2441 1886 2503 atque

315 2516 468 2570 aliud
497 2525 581 2573 est
604 2535 709 2574 non
742 2522 842 2586 uti,
883 2522 1029 2575 aliud
1073 2524 1367 2593 reprobare
1391 2531 1551 2592 atque
1580 2524 1719 2579 inter
1748 2541 1882 2594 Sllp-

314 2608 561 2676 posititia
607 2610 828 2667 referre.
885 2631 904 2663 ‹
933 2611 1397 2678 Quemadmodum
1446 2615 1649 2684 igitur,
1701 2616 1882 2671 verbis

312 2707 443 2753 utor
472 2701 541 2754 cl.
575 2700 852 2768 Cotelerii,
886 2719 991 2758 non
1019 2719 1311 2774 possumus
1337 2720 1500 2769 nunc,
1538 2712 1658 2775 post
1692 2706 1883 2776 deper-

312 2797 462 2852 ditos
502 2805 585 2851 tot
619 2797 916 2868 primorum
949 2793 1171 2849 Patrum
1217 2796 1407 2857 libros,
1434 2796 1745 2851 memoriam
1773 2796 1881 2850 Eu-

312 2889 454 2945 sebii
482 2902 763 2950 accusare,
794 2901 913 2955 qua;
939 2894 1118 2940 tanien
1144 2902 1254 2941 non
1287 2901 1497 2954 semper
1523 2885 1626 2939 fida
1648 2886 1875 2953 exstitit;

311 2982 391 3037 ita
422 2995 686 3052 negamus
715 2978 840 3035 inde
861 2979 1116 3048 consequi
1148 2994 1246 3049 pro
1275 2977 1741 3049 pseudepigrapha
1781 2995 1876 3034 ne-

2009 534 2220 605 στολὴν,
2252 537 2317 606 ἣν
2348 536 2536 609 ἕξομεν
2551 541 2635 593 ἀεί
2664 558 2793 594 ποτε
2824 543 3277 612 ἀναγινώσκοντες
3306 552 3568 606 νουθετεῖ-

2007 623 2151 697 σθαι,
2177 626 2251 690 ὡς
2271 628 2363 715 καὶ
2395 628 2491 700 τὴν
2521 632 2789 703 προτέραν
2819 637 2948 705 ἡμῖν
2976 636 3061 689 διὰ
3096 638 3407 709 Κλήμεντος
3434 662 3569 715 γρα-

2005 717 2211 782 φεῖσαν.
2260 734 2279 766 ι
2329 714 2497 772 Ilodie
2544 729 2791 776 sanctum
2822 723 2961 779 diem
3006 724 3341 784 Dominicum
3391 714 3569 789 trans-

2003 805 2229 874 egimus.
2263 807 2315 861 in
2349 825 2454 877 quo
2497 822 2732 867 vestram
2766 815 2991 885 legimus
3037 822 3318 889 epistolam
3340 862 3356 887 ,
3401 840 3563 894 quam

2002 896 2216 965 quidem
2250 910 2505 969 perpetuo
2529 904 2781 976 deinceps
2804 906 3060 978 legentes,
3086 913 3309 980 perinde
3331 930 3393 969 ac
3416 905 3564 985 prio?

2002 999 2113 1061 rem
2146 988 2287 1042 illam
2326 1006 2354 1043 a
2386 992 2659 1049 Clemente
2707 998 2989 1067 scriptam,
3025 1004 3166 1056 unde
3195 1006 3415 1072 Optimis
3447 1024 3563 1063 mu-

2000 1078 2130 1133 nitis
2188 1080 2519 1137 instruamur
2572 1086 2960 1144 habebimus.»
3016 1092 3150 1147 llinc
3210 1096 3370 1150 infert
3425 1097 3564 1154 Gra-

2000 1167 2120 1224 bius
2150 1170 2283 1239 ('55).
2316 1188 2475 1225 unam
2508 1187 2536 1227 a
2558 1173 2830 1231 Clemente
2857 1181 3110 1249 scriptam
3144 1185 3207 1237 ad
3240 1186 3558 1245 Corinthios

1998 1260 2275 1329 epistolam
2299 1278 2314 1327 ;
2359 1279 2518 1332 quam
2549 1264 2645 1336 τὴν
2674 1268 2942 1339 προτέραν
2971 1270 3056 1324 διὰ
3086 1273 3396 1345 Κλήμεντος
3422 1296 3558 1352 γρα-

1998 1352 2185 1419 φεῖσαν
2235 1350 2523 1424 Dionysius
2569 1359 2833 1427 appellat,
2883 1364 3026 1433 quod
3078 1366 3285 1421 scilicet
3335 1371 3399 1425 ad
3457 1350 3560 1428 Ec-

1996 1440 2217 1495 clesiam
2261 1443 2659 1501 Corinthiacam
2712 1452 2863 1519 prius
2896 1469 2957 1507 ea
2994 1456 3158 1511 missa
3192 1458 3371 1523 fuerit,
3393 1479 3554 1532 quam

1997 1528 2154 1587 Soter
2175 1550 2327 1588 suam
2356 1536 2609 1608 deinceps
2632 1540 2806 1596 eidem
2850 1543 3203 1616 inscripserit.
3237 1549 3366 1605 Esto
3398 1528 3555 1610 :ime-

1995 1623 2213 1678 minerit
2265 1626 2353 1679 hic
2416 1627 2704 1700 Dionysius
2761 1634 2957 1702 prioris
3003 1646 3212 1693 tantum
3258 1642 3552 1701 Clementis

1994 1712 2233 1780 epistola:
2256 1734 2267 1769 :
2289 1732 2463 1788 neque
2482 1722 2624 1775 enim
2646 1725 2821 1793 placet
2840 1726 3112 1800 Beveregii
3133 1736 3396 1789 sententia
3415 1738 3548 1809 (56),

1997 1803 2336 1870 conjicientis
2363 1810 2675 1882 episcopum
2705 1814 3133 1886 Corinthiorum,
3160 1826 3361 1881 omissa
3398 1827 3551 1885 Sole-

1996 1892 2072 1945 ris
2121 1894 2378 1963 cpistola,
2412 1900 2478 1953 de
2515 1911 2740 1973 utraque
2775 1907 3107 1965 Clementina
3138 1917 3299 1970 verba
3332 1917 3545 1975 fecisse.

1994 1983 2170 2041 Minus
2218 1988 2343 2042 item
2391 1992 2546 2048 nobis
2595 1997 2854 2062 probatur
2882 2003 3025 2069 quod
3058 2004 3148 2057 alii
3182 2008 3543 2077 arbitrantur,

1993 2072 2305 2145 Dionysium
2339 2094 2532 2150 nempe
2577 2084 2722 2138 illam
2754 2085 3051 2145 Clementis
3080 2094 3384 2162 epistolam,
3424 2072 3546 2168 quae

1990 2165 2200 2233 publice
2227 2168 2520 2237 legebatur,
2549 2172 2669 2227 ideo
2698 2173 2925 2232 fortasse
2970 2186 3241 2253 προτέραν
3297 2165 3542 2251 vocasse,

1991 2263 2048 2307 ut
2074 2272 2190 2309 eam
2223 2258 2291 2311 ab
2315 2260 2483 2314 altera
2518 2260 2724 2319 Soteris
2749 2267 2811 2319 ad
2837 2267 3151 2328 Corinthios
3182 2277 3383 2343 pariter
3410 2278 3546 2333 scri-

1987 2353 2077 2414 pta
2113 2345 2488 2417 distingueret.
2523 2351 2590 2405 At
2621 2353 2705 2409 his
2737 2356 2937 2420 missis,
2972 2376 3098 2413 num
3134 2372 3414 2433 propterea
3443 2369 3544 2423 rite

1985 2452 2108 2490 cum
2149 2436 2347 2494 Grabio
2396 2444 2639 2514 colligas,
2671 2455 2791 2516 post
2832 2465 3002 2504 {evum
3038 2453 3251 2509 demum
3303 2456 3541 2515 Dionvsii

1983 2539 2223 2585 vertente
2266 2535 2465 2588 s:eculo
2494 2552 2528 2589 ιι
2563 2537 2633 2590 ita
2656 2540 2972 2606 scribentis,
3004 2543 3396 2601 Clementinam
3446 2566 3521 2606 se-

1983 2621 2213 2675 cundam
2248 2623 2415 2678 fuisse
2447 2626 2770 2681 confictam?
2799 2628 2912 2683 Hoc
2943 2648 3108 2685 unum
3139 2637 3348 2691 scilicet
3377 2654 3443 2692 ex
3468 2639 3537 2697 iis

1981 2712 2170 2767 confici
2204 2730 2362 2783 posse
2392 2717 2625 2783 videtur,
2659 2720 2826 2775 fuisse
2854 2722 2906 2774 in
2940 2738 3088 2778 more
3116 2728 3349 2794 positum
3382 2729 3540 2786 insti-

1982 2811 2203 2873 tutoque
2248 2805 2651 2862 Corinthiorum
2705 2809 2980 2875 Ecclesiae,
3028 2816 3261 2882 priorem
3319 2818 3538 2887 quidem

1978 2893 2272 2952 Clementis
2314 2898 2595 2967 epistolam
2648 2900 2785 2971 legi,
2838 2906 3191 2972 posteriorem
3244 2923 3371 2961 vero
3424 2926 3575 2969 non.

1976 2985 2126 3042 item.
2157 2987 2428 3058 Numquid
2461 2991 2675 3046 demum
2709 3003 2835 3048 tunc
2868 2997 3125 3066 temporis
3156 3008 3311 3053 erant
3352 3001 3535 3071 legen-

310 3073 561 3128 cessario
607 3072 907 3126 habendam
942 3072 1223 3142 epistolam
1258 3090 1271 3126 :
1302 3089 1427 3128 cum
1478 3073 1591 3129 fieri
1640 3074 1873 3144 quiverit
1901 3099 1943 3158 α
1977 3076 2057 3131 da:
2082 3078 2132 3131 in
2169 3080 2399 3147 publicis
2435 3079 2797 3137 Ecclesiarum
2827 3088 3182 3143 conventibus
3213 3105 3400 3148 omnes
3424 3109 3535 3151 non

310 3173 374 3219 ut
409 3179 550 3233 opus
593 3163 886 3233 genuinum
931 3162 985 3216 in
1014 3164 1441 3219 controversiam
1471 3165 1700 3230 venerit,
1742 3173 1796 3221 et
1844 3181 1874 3221 a

311 3255 503 3324 primis
524 3253 781 3309 Ecclesia;
797 3253 1154 3323 scriptoribus
1172 3269 1280 3309 non
1306 3254 1464 3310 fuerit
1486 3256 1834 3312 celebratum.
1847 3274 1868 3309 ι

380 3345 521 3411 Quid
553 3360 702 3407 vero,
727 3345 773 3399 si
804 3343 1071 3401 Eusebius
1097 3346 1212 3399 Arii
1246 3346 1463 3416 placitis
1509 3347 1751 3418 impense
1771 3348 1872 3403 ad-

310 3437 515 3500 dictus,
555 3437 622 3491 de
664 3434 905 3491 secunda
947 3435 1242 3492 Clementis
1283 3437 1509 3508 epistola
1551 3440 1630 3495 sic
1659 3440 1872 3510 abjecte

310 3530 575 3584 sensisset
614 3528 1060 3598 scripsissetque;
1103 3536 1389 3598 pr0pterea
1431 3530 1686 3584 nimirum
1724 3531 1869 3601 quod

310 3618 365 3673 in
396 3634 461 3674 ea
490 3629 714 3677 sanctus
756 3617 918 3673 Pater
948 3619 1379 3674 illustrissimum
1410 3619 1476 3674 de
1499 3619 1699 3675 Christi
1731 3622 1870 3676 divi—

308 3713 479 3767 nitate
528 3713 898 3767 testimonium
947 3712 1179 3768 ediderit
1208 3713 1358 3784 (30)?
1386 3711 1521 3769 Illud
1565 3729 1697 3770 sane
1736 3715 1867 3773 viris

304 3803 483 3857 doctis
500 3820 623 3857 cum
649 3804 921 3859 veteribus
942 3811 1055 3857 tum
1079 3803 1471 3860 recentioribus
1492 3806 1862 3873 observatum,

301 3891 695 3949 Caesariensem
738 3896 1049 3965 episcopum
1079 3903 1212 3949 testu
1245 3896 1476 3965 partium
1508 3896 1653 3951 haud
1697 3896 1865 3953 semel

301 3985 611 4053 abreptum,
644 3985 698 4039 in
732 4000 828 4041 sua
858 3986 1093 4042 Historia
1123 3986 1235 4041 sive
1262 4002 1368 4041 non
1386 3987 1519 4043 satis
1548 3995 1729 4057 aperte
1756 3997 1866 4043 tra-

299 4077 531 4140 didisse,
560 4077 676 4133 sive
698 4079 955 4149 pleraque
974 4079 1369 4144 dissimulasse,
1398 4080 1512 4135 sive
1529 4081 1748 4136 silentio
1771 4096 1864 4150 pe-

301 4168 447 4222 nitus
474 4171 820 4239 przeteriisse,
849 4186 968 4239 quae
994 4170 1109 4225 suis
1133 4170 1480 4240 opinionibus
1509 4172 1750 4227 novisset
1774 4172 1860 4226 in-

238 4295 243 4299 ρ
297 4263 606 4317 commoda.
642 4262 757 4328 Qua
787 4263 853 4317 de
876 4278 933 4317 re
959 4262 1212 4318 Photium
1247 4263 1383 4336 (51),
1422 4262 1714 4317 Baroninm
1747 4262 1858 4333 (52)

296 4362 350 4409 et
394 4353 858 4409 Montfanconium
887 4354 996 4425 (55)
1047 4353 1330 4411 consulere
1374 4362 1613 4424 praestat.
1657 4352 1856 4410 Verum

1976 3169 2344 3237 apostolorum
2392 3171 2570 3237 modo,
2602 3174 2695 3228 sed
2739 3177 2898 3229 etiam
2932 3180 3355 3247 apostolii-orum
3386 3185 3533 3239 viro-

1974 3274 2091 3313 rum
2118 3261 2392 3330 epistolae;
2425 3273 2478 3319 ut
2511 3266 2735 3335 proinde
2760 3270 3030 3336 posterior
3046 3271 3381 3329 Clementina
3406 3291 3536 3332 cen-

1973 3350 2142 3405 senda
2169 3352 2241 3405 sit
2264 3354 2724 3425 pseudepigrapha
2750 3373 2813 3412 eo
2834 3361 3071 3425 nomine,
3102 3364 3246 3433 quod
3289 3365 3355 3420 de
3387 3367 3531 3425 illius

1972 3439 2202 3498 lectione
2245 3443 2298 3497 in
2343 3454 2611 3501 conventu
2663 3448 3011 3506 Corinthiaco
3064 3456 3265 3508 nullam
3319 3456 3528 3527 injiciat

1969 3532 2295 3587 mentionem
2322 3532 2651 3606 Dionysius?
2671 3540 2802 3593 Cum
2827 3542 3008 3612 itaque
3030 3545 3261 3613 priorem
3285 3549 3525 3617 quidem,

1968 3624 2193 3679 minime
2242 3641 2368 3680 vero
2427 3631 2808 3697 posteriorem,
2864 3633 2917 3688 in
2956 3643 3099 3689 ccetu
3153 3639 3526 3694 ecclesiastico

1967 3717 2167 3787 perlegi
2219 3721 2568 3775 consuevisse
2598 3722 2666 3776 ab
2694 3723 2951 3793 episc0po
2976 3726 3379 3782 Corinthiorum
3410 3732 3529 3784 edi-

1966 3819 2218 3873 scamus;
2263 3806 2391 3861 hinc
2439 3824 2571 3863 sane
2600 3813 2981 3881 perspicimus,
3016 3830 3115 3868 cur
3152 3817 3383 3886 priorem
3414 3821 3526 3873 exi-

1966 3897 2127 3948 miam
2159 3915 2375 3967 prorsus
2417 3912 2572 3971 atque
2615 3903 2907 3958 mirabilem
2934 3907 3522 3986 appellaritepiscopus
3571 3943 3575 3947 -

1962 3985 2341 4057 Caesariensis;
2396 3992 2461 4047 de
2511 3994 2809 4063 posteriore
2860 4012 2988 4051 vero
3036 3999 3339 4068 scripserit,
3373 4001 3518 4055 illam

1961 4079 2132 4133 minus
2153 4092 2329 4134 notam
2357 4082 2518 4151 fuisse
2540 4102 2698 4155 neque
2724 4103 2756 4140 a
2787 4088 3036 4141 veteribus
3062 4100 3390 4158 usurpatam.
3426 4090 3518 4146 Sic

1962 4168 2127 4226 ferme
2169 4182 2577 4242 argumentatur
2606 4178 2947 4242 Coutantius,
2980 4194 3009 4231 a
3039 4196 3147 4249 quo
3176 4182 3363 4249 pedem
3401 4199 3509 4238 non

1958 4261 2186 4318 discedit
2221 4281 2460 4334 nuperus
2484 4268 2806 4322 dissertator
2830 4267 3129 4325 Romanus.

2030 4351 2117 4409 Vl.
2159 4353 2451 4424 Pergamus
2480 4372 2660 4425 porro.
2704 4355 2895 4411 Subdit
2922 4366 3180 4426 pra-terea
3211 4359 3294 4413 vir
3331 4361 3515 4417 erudi-

297 4446 560 4515 Ψιίάηυῖδ
612 4445 825 4498 demum
883 4446 1113 4499 senserit
1161 4444 1229 4500 de
1278 4445 1516 4499 secunda
1565 4445 1855 4503 Clementis
1889 4437 1931 4492 D
1957 4448 2065 4504 tus,
2097 4445 2482 4512 suppositionis
2512 4445 2875 4515 suspicionem
2906 4447 3009 4502 sibi
3040 4446 3267 4516 injicere
3294 4460 3513 4506 sentcn-

295 4538 525 4607 epistola
564 4534 918 4591 Caesariensis
965 4535 1276 4605 episcopus,
1329 4536 1467 4591 satis
1504 4544 1851 4606 compertum

294 4639 376 4685 est
407 4630 542 4683 nihil
588 4644 655 4683 ex
693 4628 814 4697 ejus
855 4627 1033 4683 verbis
1066 4628 1384 4698 exsculpere
1416 4643 1575 4699 posse
1598 4629 1854 4683 adversa-

296 4725 427 4785 rios,
450 4737 561 4793 quo
588 4721 735 4775 illam
766 4722 1155 4791 suppositionis
1178 4722 1370 4777 merito
1394 4729 1699 4791 suspectam
1730 4722 1854 4776 red-

293 4817 423 4871 dere
446 4814 680 4884 possint.

363 4901 588 4956 Atenim
609 4900 896 4971 Dionysius
925 4899 1333 4955 Corinthiorum
1370 4901 1664 4970 episcopus
1705 4903 1847 4972 apud

294 4994 585 5049 Eusebium
606 4992 742 5062 (54),
762 4992 828 5046 ad
857 4991 1098 5061 Soterem
1126 5005 1315 5060 papam
1337 4993 1665 5058 rescribens,
1688 4995 1849 5051 unius

292 5085 535 5154 epistola
574 5085 905 5145 Clementis,
954 5091 1008 5136 et
1054 5082 1270 5151 quidem
1319 5083 1549 5151 prioris,
1603 5085 1848 5139 meminit

295 5173 444 5230 hisce
471 5174 685 5230 verbis:
707 5173 813 5244 Τὴν
837 5172 1071 5243 σήμερον
1099 5167 1192 5225 οὖν
1221 5170 1499 5243 Κυριακὴν
1528 5173 1685 5240 ἁγίαν
1713 5173 1848 5245 ἡμέ-

356 5414 471 5483 (ἓῐὶ)
519 5414 681 5479 Hist,
711 5413 799 5468 lib.
834 5429 913 5474 ul.
940 5429 1059 5483 cap.
1097 5412 1183 5468 18.

356 5480 471 5555 (50)
512 5488 705 5555 Cleon,
737 5484 904 5555 Epist.
926 5486 988 5549 ll,
1010 5480 1131 5552 cap.
1166 5484 1216 5537 l.

356 5553 470 5621 (51)
513 5554 652 5607 Bibl.
686 5553 806 5608 cod.
843 5570 1044 5608 cxxvn.

355 5626 468 5695 (52)
518 5627 588 5677 Ad
619 5624 903 5695 anu.A5l8,
939 5622 1000 5691 ξς
1033 5638 1264 5695 xc,_xcv.

355 5691 465 5750 (55)
507 5696 635 5763 Opp.
690 5693 905 5757 Attium,
938 5702 1068 5748 tom.
1121 5692 1163 5758 l,
1215 5700 1353 5763 part.
1388 5707 1425 5761 ι,
1457 5706 1577 5761 pag.
1608 5691 1731 5748 245.

1954 4535 2083 4587 tiam
2112 4550 2142 4590 e
2171 4536 2309 4590 libro
2341 4536 2572 4605 quodam
2607 4540 2919 4609 apocrypho
2951 4549 3252 4610 acceptam,
3304 4560 3424 4615 quae
3456 4546 3510 4601 in

1953 4625 2113 4695 hujus
2136 4626 2377 4695 epistolae
2399 4628 2573 4697 capite
2604 4629 2662 4682 ll
2694 4637 2892 4693 exstat,
2914 4644 3037 4684 cum
3066 4631 3177 4700 jam
3200 4641 3254 4687 et
3284 4634 3339 4688 in
3365 4637 3515 4704 priua-

1950 4719 2029 4773 ris
2059 4720 2231 4788 capite
2250 4717 2320 4773 25
2350 4719 2538 4789 paucis
2567 4720 2790 4776 mutatis
2825 4729 3096 4776 occurrat.
3130 4720 3382 4777 Eamdem
3412 4725 3512 4779 ob-

1945 4808 2235 4879 jectionem
2279 4810 2535 4881 deinceps
2566 4813 2785 4882 repetiit
2815 4811 3157 4868 Hermannus
3189 4814 3421 4869 Venema
3453 4817 3506 4869 in

1948 4901 2213 4969 epistolis,
2245 4917 2380 4972 quas
2403 4900 2862 4957 Clementinarum
2889 4904 3242 4973 epistolarum
3279 4904 3504 4957 editioni

1948 4990 2334 5048 Wetstenianic
2364 5011 2535 5064 nuper
2558 4995 2813 5065 opposuit
2843 4995 2975 5067 (57).
3007 4994 3145 5051 Hinc
3179 4996 3323 5049 enim
3352 4995 3504 5063 judi-

1947 5084 2090 5137 cium
2124 5086 2264 5139 sumi
2295 5101 2457 5155 posse
2486 5087 2621 5143 satis
2649 5097 2890 5157 apertum
2920 5088 3215 5149 existimat,
3245 5102 3355 5156 quo
3390 5089 3505 5155 epi-

1946 5176 2099 5229 stolae
2132 5176 2385 5232 secunda:
2413 5178 2551 5234 alius
2579 5193 2609 5232 a
2634 5162 2915 5234 Clemente
2953 5178 3185 5247 scriptor
3210 5184 3501 5236 statuatur.

2069 5489 2121 5558 5)
2164 5487 2369 5555 Spicil.,
2400 5499 2529 5544 tom.
2560 5490 2601 5549 Ι,
2636 5505 2755 5558 pag.
2780 5489 2905 5543 266.

2035 5558 2123 5630 56)
2158 5559 2295 5630 Cod.
2327 5559 2576 5630 can._lih.
2608 5574 2668 5630 ιι,
2701 5574 2819 5630 cap.
2854 5559 2907 5623 9,
2938 5558 2964 5629 §
2997 5575 3049 5625 x,
3076 5574 3196 5630 pag.
3232 5559 3356 5615 H5.

2035 5419 2124 5485 54)
2170 5417 2310 5474 Hist.
2340 5419 2491 5483 σεεμ,
2523 5419 2622 5473 lib.
2651 5435 2725 5483 Iv,
2758 5434 2877 5487 cap.
2909 5418 2998 5473 25.

2035 5489 2121 5542 55)
2164 5487 2369 5542 Snicil..
2400 5499 2529 5542 tom.
2560 5490 2601 5542 l.
2638 5505 2755 5542 nae.
2780 5489 2905 5542 266.

2071 5420 2124 5485 4)
2170 5417 2310 5474 Hist.
2340 5419 2491 5483 σεεμ,
2523 5419 2622 5473 lib.
2651 5435 2725 5483 Iv,
2758 5434 2877 5487 cap.
2909 5418 2998 5473 25.

2035 5490 2099 5544 55
2164 5487 2369 5555 Spicil.,
2400 5499 2529 5544 tom.
2560 5490 2601 5549 Ι,
2636 5505 2755 5558 pag.
2780 5489 2905 5543 266.

2035 5561 2101 5612 56
2163 5559 2295 5613 Cod.
2327 5574 2448 5613 can.
2484 5559 2576 5613 lib.
2608 5574 2668 5621 ιι,
2701 5574 2819 5630 cap.
2854 5559 2907 5623 9,
2938 5558 2964 5629 §
2997 5575 3049 5625 κ,
3076 5574 3178 5628 pag

2034 5629 2121 5700 57)
2158 5626 2403 5693 Vencm.,
2437 5627 2606 5696 Epist.
2638 5629 2697 5693 2,
2735 5627 2763 5700 ᾗ
2796 5644 2907 5694 xxI,
2939 5644 3059 5700 pag.
3094 5629 3181 5690 78.
