  <div class='ocr_page' id='page_1' title='image "/cluster/home/n/w/nwhite01/storage/ocr_20150623/1/mdp.39015014764065/059.png"; bbox 0 0 4074 6286; ppageno 0'>
   <div class='ocr_carea' id='block_1_1' title="bbox 542 244 2614 315">
    <p class='ocr_par' dir='ltr' id='par_1_1' title="bbox 542 244 2614 315">
     <span class='ocr_line' id='line_1_1' title="bbox 542 244 2614 315; baseline -0.002 -9"><span class='ocrx_word' id='word_1_1' title='bbox 542 254 614 315; x_wconf 71' lang='lat'><strong>99</strong></span> <span class='ocrx_word' id='word_1_2' title='bbox 1645 249 1736 304; x_wconf 79' lang='lat' dir='ltr'><strong>AD</strong></span> <span class='ocrx_word' id='word_1_3' title='bbox 1773 250 1830 305; x_wconf 91' lang='lat' dir='ltr'><strong>S.</strong></span> <span class='ocrx_word' id='word_1_4' title='bbox 1869 245 2288 305; x_wconf 72' lang='lat' dir='ltr'><strong>CLEMENTEM</strong></span> <span class='ocrx_word' id='word_1_5' title='bbox 2326 244 2346 301; x_wconf 79' lang='grc' dir='ltr'>ί</span> <span class='ocrx_word' id='word_1_6' title='bbox 2383 246 2614 304; x_wconf 78' lang='lat' dir='ltr'><strong>PAPAM</strong></span> 
     </span>
    </p>
   </div>
   <div class='ocr_carea' id='block_1_2' title="bbox 3638 255 3744 312">
    <p class='ocr_par' dir='ltr' id='par_1_2' title="bbox 3638 255 3744 312">
     <span class='ocr_line' id='line_1_2' title="bbox 3638 255 3744 312; baseline 0.019 -1"><span class='ocrx_word' id='word_1_7' title='bbox 3638 255 3744 312; x_wconf 67' lang='lat'><strong>{00</strong></span> 
     </span>
    </p>
   </div>
   <div class='ocr_carea' id='block_1_3' title="bbox 542 355 3745 438">
    <p class='ocr_par' dir='ltr' id='par_1_3' title="bbox 542 355 3745 438">
     <span class='ocr_line' id='line_1_3' title="bbox 542 355 3745 438; baseline -0.002 -9"><span class='ocrx_word' id='word_1_8' title='bbox 542 373 696 429; x_wconf 83' lang='lat' dir='ltr'><strong>Itane</strong></span> <span class='ocrx_word' id='word_1_9' title='bbox 736 370 970 427; x_wconf 79' lang='lat' dir='ltr'><strong>censes?</strong></span> <span class='ocrx_word' id='word_1_10' title='bbox 1010 368 1181 436; x_wconf 85' lang='lat' dir='ltr'><strong>Quasi</strong></span> <span class='ocrx_word' id='word_1_11' title='bbox 1231 381 1381 432; x_wconf 82' lang='lat' dir='ltr'><strong>vero,</strong></span> <span class='ocrx_word' id='word_1_12' title='bbox 1412 372 1471 421; x_wconf 93' lang='lat' dir='ltr'><strong>ut</strong></span> <span class='ocrx_word' id='word_1_13' title='bbox 1513 380 1636 423; x_wconf 89' lang='lat' dir='ltr'><strong>cum</strong></span> <span class='ocrx_word' id='word_1_14' title='bbox 1668 369 1784 423; x_wconf 85' lang='lat' dir='ltr'><strong>viro</strong></span> <span class='ocrx_word' id='word_1_15' title='bbox 1809 366 1970 421; x_wconf 88' lang='lat' dir='ltr'><strong>docto</strong></span> <span class='ocrx_word' id='word_1_16' title='bbox 2015 380 2101 419; x_wconf 88' lang='lat' dir='ltr'><strong>re-</strong></span> <span class='ocrx_word' id='word_1_17' title='bbox 2129 364 2174 424; x_wconf 83' lang='grc' dir='ltr'><strong>Δ</strong></span> <span class='ocrx_word' id='word_1_18' title='bbox 2205 363 2419 418; x_wconf 87' lang='lat' dir='ltr'><strong>veritati</strong></span> <span class='ocrx_word' id='word_1_19' title='bbox 2459 363 2637 417; x_wconf 89' lang='lat' dir='ltr'><strong>locum</strong></span> <span class='ocrx_word' id='word_1_20' title='bbox 2679 355 2942 430; x_wconf 68' lang='lat' dir='ltr'><strong>objiciant</strong></span> <span class='ocrx_word' id='word_1_21' title='bbox 2969 375 3000 417; x_wconf 90' lang='lat' dir='ltr'><strong>e</strong></span> <span class='ocrx_word' id='word_1_22' title='bbox 3031 360 3486 438; x_wconf 69' lang='lat' dir='ltr'><strong>pseudo-Iustino</strong></span> <span class='ocrx_word' id='word_1_23' title='bbox 3522 364 3745 423; x_wconf 87' lang='lat' dir='ltr'><strong>desum-</strong></span> 
     </span>
    </p>
   </div>
   <div class='ocr_carea' id='block_1_4' title="bbox 542 457 2094 534">
    <p class='ocr_par' dir='ltr' id='par_1_4' title="bbox 542 457 2094 534">
     <span class='ocr_line' id='line_1_4' title="bbox 542 457 2094 534; baseline -0.006 -14"><span class='ocrx_word' id='word_1_24' title='bbox 542 462 835 534; x_wconf 75' lang='lat' dir='ltr'><strong>spondeam</strong></span> <span class='ocrx_word' id='word_1_25' title='bbox 864 460 998 534; x_wconf 79' lang='lat'><strong>(58),</strong></span> <span class='ocrx_word' id='word_1_26' title='bbox 1022 461 1227 531; x_wconf 91' lang='lat' dir='ltr'><strong>justam</strong></span> <span class='ocrx_word' id='word_1_27' title='bbox 1264 459 1594 530; x_wconf 84' lang='lat' dir='ltr'><strong>suspicionis</strong></span> <span class='ocrx_word' id='word_1_28' title='bbox 1634 474 1822 514; x_wconf 87' lang='lat' dir='ltr'><strong>ansam</strong></span> <span class='ocrx_word' id='word_1_29' title='bbox 1851 457 2094 527; x_wconf 82' lang='lat' dir='ltr'><strong>ejusdem</strong></span> 
     </span>
    </p>
   </div>
   <div class='ocr_carea' id='block_1_5' title="bbox 540 548 2097 622">
    <p class='ocr_par' dir='ltr' id='par_1_5' title="bbox 540 548 2097 622">
     <span class='ocr_line' id='line_1_5' title="bbox 540 548 2097 622; baseline -0.006 -11"><span class='ocrx_word' id='word_1_30' title='bbox 540 555 821 611; x_wconf 71' lang='lat' dir='ltr'><strong>sententiae</strong></span> <span class='ocrx_word' id='word_1_31' title='bbox 861 552 1109 622; x_wconf 76' lang='lat' dir='ltr'><strong>repetitio</strong></span> <span class='ocrx_word' id='word_1_32' title='bbox 1146 552 1400 622; x_wconf 83' lang='lat' dir='ltr'><strong>praebeat.</strong></span> <span class='ocrx_word' id='word_1_33' title='bbox 1432 551 1587 617; x_wconf 82' lang='lat' dir='ltr'><strong>Quod</strong></span> <span class='ocrx_word' id='word_1_34' title='bbox 1616 551 1663 606; x_wconf 88' lang='lat' dir='ltr'><strong>si</strong></span> <span class='ocrx_word' id='word_1_35' title='bbox 1694 565 1782 606; x_wconf 89' lang='lat' dir='ltr'><strong>res</strong></span> <span class='ocrx_word' id='word_1_36' title='bbox 1806 550 1883 603; x_wconf 88' lang='lat' dir='ltr'><strong>ita</strong></span> <span class='ocrx_word' id='word_1_37' title='bbox 1910 564 1969 604; x_wconf 90' lang='lat' dir='ltr'><strong>se</strong></span> <span class='ocrx_word' id='word_1_38' title='bbox 1996 548 2097 603; x_wconf 87' lang='lat' dir='ltr'><strong>ha-</strong></span> 
     </span>
    </p>
   </div>
   <div class='ocr_carea' id='block_1_6' title="bbox 543 639 2094 711">
    <p class='ocr_par' dir='ltr' id='par_1_6' title="bbox 543 639 2094 711">
     <span class='ocr_line' id='line_1_6' title="bbox 543 639 2094 711; baseline -0.005 -13"><span class='ocrx_word' id='word_1_39' title='bbox 543 640 710 703; x_wconf 86' lang='lat' dir='ltr'><strong>beret,</strong></span> <span class='ocrx_word' id='word_1_40' title='bbox 742 651 921 696; x_wconf 90' lang='lat' dir='ltr'><strong>actum</strong></span> <span class='ocrx_word' id='word_1_41' title='bbox 971 641 1215 711; x_wconf 88' lang='lat' dir='ltr'><strong>profecto</strong></span> <span class='ocrx_word' id='word_1_42' title='bbox 1258 649 1403 696; x_wconf 87' lang='lat' dir='ltr'><strong>esset</strong></span> <span class='ocrx_word' id='word_1_43' title='bbox 1450 640 1515 695; x_wconf 90' lang='lat' dir='ltr'><strong>de</strong></span> <span class='ocrx_word' id='word_1_44' title='bbox 1562 639 1809 709; x_wconf 81' lang='lat' dir='ltr'><strong>pluribus</strong></span> <span class='ocrx_word' id='word_1_45' title='bbox 1850 649 2094 694; x_wconf 83' lang='lat' dir='ltr'><strong>veterum</strong></span> 
     </span>
    </p>
   </div>
   <div class='ocr_carea' id='block_1_7' title="bbox 539 728 2096 803">
    <p class='ocr_par' dir='ltr' id='par_1_7' title="bbox 539 728 2096 803">
     <span class='ocr_line' id='line_1_7' title="bbox 539 728 2096 803; baseline -0.003 -16"><span class='ocrx_word' id='word_1_46' title='bbox 539 728 776 787; x_wconf 87' lang='lat' dir='ltr'><strong>indllbiis</strong></span> <span class='ocrx_word' id='word_1_47' title='bbox 802 731 1186 794; x_wconf 90' lang='lat' dir='ltr'><strong>monumentis,</strong></span> <span class='ocrx_word' id='word_1_48' title='bbox 1217 733 1270 786; x_wconf 92' lang='lat' dir='ltr'><strong>in</strong></span> <span class='ocrx_word' id='word_1_49' title='bbox 1303 731 1500 801; x_wconf 86' lang='lat' dir='ltr'><strong>quibus</strong></span> <span class='ocrx_word' id='word_1_50' title='bbox 1527 731 1729 803; x_wconf 82' lang='lat' dir='ltr'><strong>passim</strong></span> <span class='ocrx_word' id='word_1_51' title='bbox 1765 746 1905 786; x_wconf 92' lang='lat' dir='ltr'><strong>unus</strong></span> <span class='ocrx_word' id='word_1_52' title='bbox 1925 730 2096 785; x_wconf 90' lang='lat' dir='ltr'><strong>idem-</strong></span> 
     </span>
    </p>
   </div>
   <div class='ocr_carea' id='block_1_8' title="bbox 537 821 2090 895">
    <p class='ocr_par' dir='ltr' id='par_1_8' title="bbox 537 821 2090 895">
     <span class='ocr_line' id='line_1_8' title="bbox 537 821 2090 895; baseline -0.002 -17"><span class='ocrx_word' id='word_1_53' title='bbox 537 840 643 895; x_wconf 86' lang='lat' dir='ltr'><strong>que</strong></span> <span class='ocrx_word' id='word_1_54' title='bbox 674 833 886 887; x_wconf 85' lang='lat' dir='ltr'><strong>auctor,</strong></span> <span class='ocrx_word' id='word_1_55' title='bbox 928 824 1042 879; x_wconf 86' lang='lat' dir='ltr'><strong>sive</strong></span> <span class='ocrx_word' id='word_1_56' title='bbox 1063 824 1115 877; x_wconf 90' lang='lat' dir='ltr'><strong>ill</strong></span> <span class='ocrx_word' id='word_1_57' title='bbox 1143 824 1261 893; x_wconf 90' lang='lat' dir='ltr'><strong>ipso</strong></span> <span class='ocrx_word' id='word_1_58' title='bbox 1283 836 1468 892; x_wconf 90' lang='lat' dir='ltr'><strong>opere,</strong></span> <span class='ocrx_word' id='word_1_59' title='bbox 1499 823 1613 878; x_wconf 88' lang='lat' dir='ltr'><strong>sive</strong></span> <span class='ocrx_word' id='word_1_60' title='bbox 1637 824 1798 875; x_wconf 88' lang='lat' dir='ltr'><strong>etiam</strong></span> <span class='ocrx_word' id='word_1_61' title='bbox 1827 821 1880 875; x_wconf 91' lang='lat' dir='ltr'><strong>in</strong></span> <span class='ocrx_word' id='word_1_62' title='bbox 1901 821 2090 885; x_wconf 86' lang='lat' dir='ltr'><strong>variis,</strong></span> 
     </span>
    </p>
   </div>
   <div class='ocr_carea' id='block_1_9' title="bbox 535 911 2092 985">
    <p class='ocr_par' dir='ltr' id='par_1_9' title="bbox 535 911 2092 985">
     <span class='ocr_line' id='line_1_9' title="bbox 535 911 2092 985; baseline -0.003 -13"><span class='ocrx_word' id='word_1_63' title='bbox 535 917 723 973; x_wconf 86' lang='lat' dir='ltr'><strong>eadem</strong></span> <span class='ocrx_word' id='word_1_64' title='bbox 756 916 1158 985; x_wconf 89' lang='lat' dir='ltr'><strong>Scripturarllm</strong></span> <span class='ocrx_word' id='word_1_65' title='bbox 1190 915 1307 968; x_wconf 89' lang='lat' dir='ltr'><strong>loca</strong></span> <span class='ocrx_word' id='word_1_66' title='bbox 1326 913 1653 983; x_wconf 89' lang='lat' dir='ltr'><strong>easdemque</strong></span> <span class='ocrx_word' id='word_1_67' title='bbox 1676 911 1974 967; x_wconf 88' lang='lat' dir='ltr'><strong>sententias</strong></span> <span class='ocrx_word' id='word_1_68' title='bbox 1994 926 2092 981; x_wconf 88' lang='lat' dir='ltr'><strong>pro</strong></span> 
     </span>
    </p>
   </div>
   <div class='ocr_carea' id='block_1_10' title="bbox 534 998 2091 1075">
    <p class='ocr_par' dir='ltr' id='par_1_10' title="bbox 534 998 2091 1075">
     <span class='ocr_line' id='line_1_10' title="bbox 534 998 2091 1075; baseline -0.006 -12"><span class='ocrx_word' id='word_1_69' title='bbox 534 1022 597 1063; x_wconf 88' lang='lat' dir='ltr'><strong>re</strong></span> <span class='ocrx_word' id='word_1_70' title='bbox 626 1015 751 1061; x_wconf 91' lang='lat' dir='ltr'><strong>nata</strong></span> <span class='ocrx_word' id='word_1_71' title='bbox 783 1006 885 1060; x_wconf 88' lang='lat' dir='ltr'><strong>sibi</strong></span> <span class='ocrx_word' id='word_1_72' title='bbox 918 1004 1203 1075; x_wconf 90' lang='lat' dir='ltr'><strong>repetenda</strong></span> <span class='ocrx_word' id='word_1_73' title='bbox 1226 1018 1346 1059; x_wconf 91' lang='lat' dir='ltr'><strong>esse</strong></span> <span class='ocrx_word' id='word_1_74' title='bbox 1375 1001 1546 1057; x_wconf 89' lang='lat' dir='ltr'><strong>duxit.</strong></span> <span class='ocrx_word' id='word_1_75' title='bbox 1573 1000 1741 1070; x_wconf 86' lang='lat' dir='ltr'><strong>Cujus</strong></span> <span class='ocrx_word' id='word_1_76' title='bbox 1771 999 1990 1069; x_wconf 91' lang='lat' dir='ltr'><strong>quidem</strong></span> <span class='ocrx_word' id='word_1_77' title='bbox 2014 998 2091 1055; x_wconf 88' lang='lat' dir='ltr'><strong>rei</strong></span> 
     </span>
    </p>
   </div>
   <div class='ocr_carea' id='block_1_11' title="bbox 534 1089 2087 1168">
    <p class='ocr_par' dir='ltr' id='par_1_11' title="bbox 534 1089 2087 1168">
     <span class='ocr_line' id='line_1_11' title="bbox 534 1089 2087 1168; baseline -0.006 -16"><span class='ocrx_word' id='word_1_78' title='bbox 534 1098 838 1168; x_wconf 88' lang='lat' dir='ltr'><strong>exemplum</strong></span> <span class='ocrx_word' id='word_1_79' title='bbox 862 1096 1004 1167; x_wconf 90' lang='lat' dir='ltr'><strong>quod</strong></span> <span class='ocrx_word' id='word_1_80' title='bbox 1028 1094 1159 1148; x_wconf 89' lang='lat' dir='ltr'><strong>mihi</strong></span> <span class='ocrx_word' id='word_1_81' title='bbox 1190 1108 1335 1148; x_wconf 91' lang='lat' dir='ltr'><strong>nunc</strong></span> <span class='ocrx_word' id='word_1_82' title='bbox 1354 1092 1643 1156; x_wconf 87' lang='lat' dir='ltr'><strong>succurrit,</strong></span> <span class='ocrx_word' id='word_1_83' title='bbox 1658 1090 1798 1160; x_wconf 89' lang='lat' dir='ltr'><strong>apud</strong></span> <span class='ocrx_word' id='word_1_84' title='bbox 1819 1089 2087 1145; x_wconf 85' lang='lat' dir='ltr'><strong>Justinum</strong></span> 
     </span>
    </p>
   </div>
   <div class='ocr_carea' id='block_1_12' title="bbox 534 1181 2097 1258">
    <p class='ocr_par' dir='ltr' id='par_1_12' title="bbox 534 1181 2097 1258">
     <span class='ocr_line' id='line_1_12' title="bbox 534 1181 2097 1258; baseline -0.004 -14"><span class='ocrx_word' id='word_1_85' title='bbox 534 1187 823 1258; x_wconf 85' lang='lat' dir='ltr'><strong>Martyrem</strong></span> <span class='ocrx_word' id='word_1_86' title='bbox 872 1202 997 1242; x_wconf 91' lang='lat' dir='ltr'><strong>cum</strong></span> <span class='ocrx_word' id='word_1_87' title='bbox 1029 1186 1083 1240; x_wconf 90' lang='lat' dir='ltr'><strong>in</strong></span> <span class='ocrx_word' id='word_1_88' title='bbox 1108 1193 1336 1255; x_wconf 81' lang='lat' dir='ltr'><strong>utraque</strong></span> <span class='ocrx_word' id='word_1_89' title='bbox 1362 1184 1615 1255; x_wconf 81' lang='lat' dir='ltr'><strong>Apologia</strong></span> <span class='ocrx_word' id='word_1_90' title='bbox 1650 1190 1763 1236; x_wconf 90' lang='lat' dir='ltr'><strong>tum</strong></span> <span class='ocrx_word' id='word_1_91' title='bbox 1797 1181 1852 1235; x_wconf 93' lang='lat' dir='ltr'><strong>in</strong></span> <span class='ocrx_word' id='word_1_92' title='bbox 1878 1182 2097 1253; x_wconf 82' lang='lat' dir='ltr'><strong>Dialogo</strong></span> 
     </span>
    </p>
   </div>
   <div class='ocr_carea' id='block_1_13' title="bbox 537 1270 2089 1346">
    <p class='ocr_par' dir='ltr' id='par_1_13' title="bbox 537 1270 2089 1346">
     <span class='ocr_line' id='line_1_13' title="bbox 537 1270 2089 1346; baseline -0.004 -15"><span class='ocrx_word' id='word_1_93' title='bbox 537 1294 656 1332; x_wconf 88' lang='lat' dir='ltr'><strong>cum</strong></span> <span class='ocrx_word' id='word_1_94' title='bbox 728 1275 1036 1346; x_wconf 32' lang='lat' dir='ltr'><strong>Tryphone,‘</strong></span> <span class='ocrx_word' id='word_1_95' title='bbox 1077 1277 1411 1331; x_wconf 79' lang='lat' dir='ltr'><strong>luculentum</strong></span> <span class='ocrx_word' id='word_1_96' title='bbox 1466 1276 1600 1328; x_wconf 85' lang='lat' dir='ltr'><strong>satis</strong></span> <span class='ocrx_word' id='word_1_97' title='bbox 1652 1274 1900 1328; x_wconf 80' lang='lat' dir='ltr'><strong>habetur.</strong></span> <span class='ocrx_word' id='word_1_98' title='bbox 1950 1270 2089 1338; x_wconf 86' lang='lat' dir='ltr'><strong>Quid</strong></span> 
     </span>
    </p>
   </div>
   <div class='ocr_carea' id='block_1_14' title="bbox 532 1366 2089 1439">
    <p class='ocr_par' dir='ltr' id='par_1_14' title="bbox 532 1366 2089 1439">
     <span class='ocr_line' id='line_1_14' title="bbox 532 1366 2089 1439; baseline 0 -18"><span class='ocrx_word' id='word_1_99' title='bbox 532 1383 697 1438; x_wconf 87' lang='lat' dir='ltr'><strong>porro</strong></span> <span class='ocrx_word' id='word_1_100' title='bbox 744 1376 908 1431; x_wconf 83' lang='lat' dir='ltr'><strong>vetat,</strong></span> <span class='ocrx_word' id='word_1_101' title='bbox 943 1384 1051 1439; x_wconf 91' lang='lat' dir='ltr'><strong>quo</strong></span> <span class='ocrx_word' id='word_1_102' title='bbox 1099 1370 1279 1423; x_wconf 92' lang='lat' dir='ltr'><strong>minus</strong></span> <span class='ocrx_word' id='word_1_103' title='bbox 1312 1383 1409 1437; x_wconf 91' lang='lat' dir='ltr'><strong>pro</strong></span> <span class='ocrx_word' id='word_1_104' title='bbox 1444 1367 1701 1437; x_wconf 90' lang='lat' dir='ltr'><strong>temporis</strong></span> <span class='ocrx_word' id='word_1_105' title='bbox 1752 1366 2089 1436; x_wconf 89' lang='lat' dir='ltr'><strong>institutique</strong></span> 
     </span>
    </p>
   </div>
   <div class='ocr_carea' id='block_1_15' title="bbox 530 1460 2086 1530">
    <p class='ocr_par' dir='ltr' id='par_1_15' title="bbox 530 1460 2086 1530">
     <span class='ocr_line' id='line_1_15' title="bbox 530 1460 2086 1530; baseline -0.001 -17"><span class='ocrx_word' id='word_1_106' title='bbox 530 1460 742 1514; x_wconf 84' lang='lat' dir='ltr'><strong>ratione</strong></span> <span class='ocrx_word' id='word_1_107' title='bbox 792 1476 953 1514; x_wconf 86' lang='lat' dir='ltr'><strong>unam</strong></span> <span class='ocrx_word' id='word_1_108' title='bbox 1012 1460 1363 1530; x_wconf 86' lang='lat' dir='ltr'><strong>eamdemque</strong></span> <span class='ocrx_word' id='word_1_109' title='bbox 1423 1460 1742 1513; x_wconf 89' lang='lat' dir='ltr'><strong>sententiam</strong></span> <span class='ocrx_word' id='word_1_110' title='bbox 1796 1460 1849 1513; x_wconf 92' lang='lat' dir='ltr'><strong>in</strong></span> <span class='ocrx_word' id='word_1_111' title='bbox 1898 1460 2086 1514; x_wconf 89' lang='lat' dir='ltr'><strong>eodem</strong></span> 
     </span>
    </p>
   </div>
   <div class='ocr_carea' id='block_1_16' title="bbox 530 1548 2087 1619">
    <p class='ocr_par' dir='ltr' id='par_1_16' title="bbox 530 1548 2087 1619">
     <span class='ocr_line' id='line_1_16' title="bbox 530 1548 2087 1619; baseline 0.001 -19"><span class='ocrx_word' id='word_1_112' title='bbox 530 1561 713 1617; x_wconf 90' lang='lat' dir='ltr'><strong>opere,</strong></span> <span class='ocrx_word' id='word_1_113' title='bbox 744 1549 984 1619; x_wconf 86' lang='lat' dir='ltr'><strong>adeoque</strong></span> <span class='ocrx_word' id='word_1_114' title='bbox 1039 1550 1209 1619; x_wconf 87' lang='lat' dir='ltr'><strong>magis</strong></span> <span class='ocrx_word' id='word_1_115' title='bbox 1255 1553 1301 1604; x_wconf 89' lang='lat' dir='ltr'><strong>si</strong></span> <span class='ocrx_word' id='word_1_116' title='bbox 1347 1549 1559 1603; x_wconf 87' lang='lat' dir='ltr'><strong>diversa</strong></span> <span class='ocrx_word' id='word_1_117' title='bbox 1600 1548 1691 1601; x_wconf 89' lang='lat' dir='ltr'><strong>illa</strong></span> <span class='ocrx_word' id='word_1_118' title='bbox 1718 1548 1857 1615; x_wconf 90' lang='lat' dir='ltr'><strong>sint,</strong></span> <span class='ocrx_word' id='word_1_119' title='bbox 1899 1548 2087 1602; x_wconf 88' lang='lat' dir='ltr'><strong>recitet</strong></span> 
     </span>
    </p>
   </div>
   <div class='ocr_carea' id='block_1_17' title="bbox 2197 442 3745 523">
    <p class='ocr_par' dir='ltr' id='par_1_17' title="bbox 2197 442 3745 523">
     <span class='ocr_line' id='line_1_17' title="bbox 2197 442 3745 523; baseline 0.003 -19"><span class='ocrx_word' id='word_1_120' title='bbox 2197 459 2368 521; x_wconf 91' lang='lat' dir='ltr'><strong>ptum,</strong></span> <span class='ocrx_word' id='word_1_121' title='bbox 2387 452 2480 521; x_wconf 89' lang='lat' dir='ltr'><strong>qui</strong></span> <span class='ocrx_word' id='word_1_122' title='bbox 2514 451 2593 507; x_wconf 88' lang='lat' dir='ltr'><strong>sic</strong></span> <span class='ocrx_word' id='word_1_123' title='bbox 2622 466 2682 506; x_wconf 91' lang='lat' dir='ltr'><strong>se</strong></span> <span class='ocrx_word' id='word_1_124' title='bbox 2702 450 2860 506; x_wconf 82' lang='lat' dir='ltr'><strong>habet</strong></span> <span class='ocrx_word' id='word_1_125' title='bbox 2883 449 3023 521; x_wconf 64' lang='lat'><strong>(42):</strong></span> <span class='ocrx_word' id='word_1_126' title='bbox 3054 451 3120 505; x_wconf 81' lang='grc' dir='ltr'><strong>Ει</strong></span> <span class='ocrx_word' id='word_1_127' title='bbox 3146 442 3247 522; x_wconf 79' lang='grc' dir='ltr'><strong>τῆς</strong></span> <span class='ocrx_word' id='word_1_128' title='bbox 3274 452 3552 523; x_wconf 80' lang='grc' dir='ltr'><strong>παρούσης</strong></span> <span class='ocrx_word' id='word_1_129' title='bbox 3580 472 3745 509; x_wconf 81' lang='grc' dir='ltr'>κατα-</span> 
     </span>
    </p>
   </div>
   <div class='ocr_carea' id='block_1_18' title="bbox 2197 541 3748 617">
    <p class='ocr_par' dir='ltr' id='par_1_18' title="bbox 2197 541 3748 617">
     <span class='ocr_line' id='line_1_18' title="bbox 2197 541 3748 617; baseline 0.005 -24"><span class='ocrx_word' id='word_1_130' title='bbox 2197 541 2434 606; x_wconf 85' lang='grc' dir='ltr'><strong>στάσεως</strong></span> <span class='ocrx_word' id='word_1_131' title='bbox 2458 542 2519 595; x_wconf 55' lang='lat' dir='ltr'><strong>ab</strong></span> <span class='ocrx_word' id='word_1_132' title='bbox 2546 541 2695 605; x_wconf 83' lang='grc' dir='ltr'><strong>τέλος</strong></span> <span class='ocrx_word' id='word_1_133' title='bbox 2722 543 2886 607; x_wconf 75' lang='grc' dir='ltr'><strong>ἐστὶν,</strong></span> <span class='ocrx_word' id='word_1_134' title='bbox 2915 544 2947 613; x_wconf 86' lang='grc' dir='ltr'><strong>ἡ</strong></span> <span class='ocrx_word' id='word_1_135' title='bbox 2985 542 3071 595; x_wconf 86' lang='grc' dir='ltr'><strong>διὰ</strong></span> <span class='ocrx_word' id='word_1_136' title='bbox 3103 542 3197 596; x_wconf 84' lang='grc' dir='ltr'>τοῦ</span> <span class='ocrx_word' id='word_1_137' title='bbox 3241 544 3409 615; x_wconf 82' lang='grc' dir='ltr'>πυρὸς</span> <span class='ocrx_word' id='word_1_138' title='bbox 3436 546 3613 617; x_wconf 82' lang='grc' dir='ltr'>κρίσις</span> <span class='ocrx_word' id='word_1_139' title='bbox 3640 548 3748 600; x_wconf 80' lang='grc' dir='ltr'><strong>τῶν</strong></span> 
     </span>
    </p>
   </div>
   <div class='ocr_carea' id='block_1_19' title="bbox 2193 633 3749 706">
    <p class='ocr_par' dir='ltr' id='par_1_19' title="bbox 2193 633 3749 706">
     <span class='ocr_line' id='line_1_19' title="bbox 2193 633 3749 706; baseline 0.003 -19"><span class='ocrx_word' id='word_1_140' title='bbox 2193 634 2420 698; x_wconf 79' lang='grc' dir='ltr'><strong>ἁσεὸῶν,</strong></span> <span class='ocrx_word' id='word_1_141' title='bbox 2442 634 2584 689; x_wconf 83' lang='grc' dir='ltr'><strong>καθά</strong></span> <span class='ocrx_word' id='word_1_142' title='bbox 2611 651 2770 705; x_wconf 85' lang='grc' dir='ltr'>φασιν</span> <span class='ocrx_word' id='word_1_143' title='bbox 2797 636 2852 687; x_wconf 83' lang='grc' dir='ltr'><strong>αἱ</strong></span> <span class='ocrx_word' id='word_1_144' title='bbox 2880 633 3087 705; x_wconf 71' lang='grc' dir='ltr'>γραφαὶ</span> <span class='ocrx_word' id='word_1_145' title='bbox 3114 635 3404 706; x_wconf 85' lang='grc' dir='ltr'>προφητῶν</span> <span class='ocrx_word' id='word_1_146' title='bbox 3420 654 3476 688; x_wconf 86' lang='grc' dir='ltr'><strong>τε</strong></span> <span class='ocrx_word' id='word_1_147' title='bbox 3506 638 3599 691; x_wconf 79' lang='grc' dir='ltr'><strong>καὶ</strong></span> <span class='ocrx_word' id='word_1_148' title='bbox 3620 639 3749 692; x_wconf 64' lang='grc' dir='ltr'><strong>ἀπυ-</strong></span> 
     </span>
    </p>
   </div>
   <div class='ocr_carea' id='block_1_20' title="bbox 2193 726 3745 804">
    <p class='ocr_par' dir='ltr' id='par_1_20' title="bbox 2193 726 3745 804">
     <span class='ocr_line' id='line_1_20' title="bbox 2193 726 3745 804; baseline 0.004 -25"><span class='ocrx_word' id='word_1_149' title='bbox 2193 726 2411 790; x_wconf 85' lang='grc' dir='ltr'><strong>στόλων,</strong></span> <span class='ocrx_word' id='word_1_150' title='bbox 2438 727 2517 780; x_wconf 75' lang='grc' dir='ltr'><strong>ἔτι</strong></span> <span class='ocrx_word' id='word_1_151' title='bbox 2545 727 2599 780; x_wconf 83' lang='grc' dir='ltr'><strong>δὲ</strong></span> <span class='ocrx_word' id='word_1_152' title='bbox 2627 728 2721 780; x_wconf 76' lang='grc' dir='ltr'><strong>καὶ</strong></span> <span class='ocrx_word' id='word_1_153' title='bbox 2747 727 2845 796; x_wconf 79' lang='grc' dir='ltr'><strong>τῆς</strong></span> <span class='ocrx_word' id='word_1_154' title='bbox 2873 726 3159 796; x_wconf 74' lang='grc' dir='ltr'><strong>Σιϐύλλης,</strong></span> <span class='ocrx_word' id='word_1_155' title='bbox 3186 726 3368 790; x_wconf 83' lang='grc' dir='ltr'>καθώς</span> <span class='ocrx_word' id='word_1_156' title='bbox 3400 745 3562 799; x_wconf 78' lang='grc' dir='ltr'><strong>φησιν</strong></span> <span class='ocrx_word' id='word_1_157' title='bbox 3580 732 3608 783; x_wconf 86' lang='grc' dir='ltr'>ὁ</span> <span class='ocrx_word' id='word_1_158' title='bbox 3638 748 3745 804; x_wconf 84' lang='grc' dir='ltr'><strong>μα·</strong></span> 
     </span>
    </p>
   </div>
   <div class='ocr_carea' id='block_1_21' title="bbox 2192 817 3745 893">
    <p class='ocr_par' dir='ltr' id='par_1_21' title="bbox 2192 817 3745 893">
     <span class='ocr_line' id='line_1_21' title="bbox 2192 817 3745 893; baseline 0.004 -22"><span class='ocrx_word' id='word_1_159' title='bbox 2192 817 2380 889; x_wconf 86' lang='grc' dir='ltr'><strong>κάριος</strong></span> <span class='ocrx_word' id='word_1_160' title='bbox 2391 819 2505 889; x_wconf 84' lang='grc' dir='ltr'><strong>Κλή</strong></span> <span class='ocrx_word' id='word_1_161' title='bbox 2514 836 2618 889; x_wconf 83' lang='grc' dir='ltr'><strong>μης</strong></span> <span class='ocrx_word' id='word_1_162' title='bbox 2634 819 2691 872; x_wconf 81' lang='grc' dir='ltr'><strong>ὲν</strong></span> <span class='ocrx_word' id='word_1_163' title='bbox 2707 821 2770 889; x_wconf 86' lang='grc' dir='ltr'><strong>τῇ</strong></span> <span class='ocrx_word' id='word_1_164' title='bbox 2786 818 2921 889; x_wconf 80' lang='grc' dir='ltr'><strong>πρὸς</strong></span> <span class='ocrx_word' id='word_1_165' title='bbox 2938 818 3255 889; x_wconf 85' lang='grc' dir='ltr'>Κορινθίους</span> <span class='ocrx_word' id='word_1_166' title='bbox 3272 819 3522 893; x_wconf 80' lang='grc' dir='ltr'>ἐπιστολῇ</span> <span class='ocrx_word' id='word_1_167' title='bbox 3539 861 3552 885; x_wconf 89' lang='grc'><em>,</em></span> <span class='ocrx_word' id='word_1_168' title='bbox 3571 839 3623 876; x_wconf 90' lang='grc' dir='ltr'><strong>κ.</strong></span> <span class='ocrx_word' id='word_1_169' title='bbox 3637 821 3745 878; x_wconf 88' lang='grc' dir='ltr'><strong>τ.λ.</strong></span> 
     </span>
    </p>
   </div>
   <div class='ocr_carea' id='block_1_22' title="bbox 2197 910 3746 984">
    <p class='ocr_par' dir='ltr' id='par_1_22' title="bbox 2197 910 3746 984">
     <span class='ocr_line' id='line_1_22' title="bbox 2197 910 3746 984; baseline 0.006 -22"><span class='ocrx_word' id='word_1_170' title='bbox 2197 925 2216 962; x_wconf 82' lang='grc'>‹</span> <span class='ocrx_word' id='word_1_171' title='bbox 2255 910 2312 964; x_wconf 89' lang='lat' dir='ltr'><strong>Si</strong></span> <span class='ocrx_word' id='word_1_172' title='bbox 2347 912 2626 981; x_wconf 55' lang='lat' dir='ltr'><strong>praesentis</strong></span> <span class='ocrx_word' id='word_1_173' title='bbox 2658 926 2837 965; x_wconf 88' lang='lat' dir='ltr'><strong>rerum</strong></span> <span class='ocrx_word' id='word_1_174' title='bbox 2885 918 3058 965; x_wconf 91' lang='lat' dir='ltr'><strong>status</strong></span> <span class='ocrx_word' id='word_1_175' title='bbox 3114 911 3258 974; x_wconf 86' lang='lat' dir='ltr'><strong>linis,</strong></span> <span class='ocrx_word' id='word_1_176' title='bbox 3313 920 3395 966; x_wconf 92' lang='lat' dir='ltr'><strong>est</strong></span> <span class='ocrx_word' id='word_1_177' title='bbox 3451 913 3746 984; x_wconf 86' lang='lat' dir='ltr'><strong>impiorum</strong></span> 
     </span>
    </p>
   </div>
   <div class='ocr_carea' id='block_1_23' title="bbox 2189 1000 3740 1077">
    <p class='ocr_par' dir='ltr' id='par_1_23' title="bbox 2189 1000 3740 1077">
     <span class='ocr_line' id='line_1_23' title="bbox 2189 1000 3740 1077; baseline 0.005 -22"><span class='ocrx_word' id='word_1_178' title='bbox 2189 1018 2287 1073; x_wconf 88' lang='lat' dir='ltr'><strong>per</strong></span> <span class='ocrx_word' id='word_1_179' title='bbox 2315 1006 2488 1073; x_wconf 80' lang='lat' dir='ltr'><strong>ignem</strong></span> <span class='ocrx_word' id='word_1_180' title='bbox 2514 1000 2973 1073; x_wconf 86' lang='lat' dir='ltr'><strong>judicium,prout</strong></span> <span class='ocrx_word' id='word_1_181' title='bbox 3002 1008 3271 1057; x_wconf 89' lang='lat' dir='ltr'><strong>testantur</strong></span> <span class='ocrx_word' id='word_1_182' title='bbox 3289 1000 3580 1075; x_wconf 62' lang='lat' dir='ltr'><strong>Scriptura</strong></span> <span class='ocrx_word' id='word_1_183' title='bbox 3609 1022 3740 1077; x_wconf 85' lang='lat' dir='ltr'><strong>pro-</strong></span> 
     </span>
    </p>
   </div>
   <div class='ocr_carea' id='block_1_24' title="bbox 2187 1096 3741 1170">
    <p class='ocr_par' dir='ltr' id='par_1_24' title="bbox 2187 1096 3741 1170">
     <span class='ocr_line' id='line_1_24' title="bbox 2187 1096 3741 1170; baseline 0.004 -22"><span class='ocrx_word' id='word_1_184' title='bbox 2187 1096 2472 1165; x_wconf 86' lang='lat' dir='ltr'><strong>phetarum</strong></span> <span class='ocrx_word' id='word_1_185' title='bbox 2513 1103 2567 1151; x_wconf 91' lang='lat' dir='ltr'><strong>et</strong></span> <span class='ocrx_word' id='word_1_186' title='bbox 2614 1096 3003 1165; x_wconf 76' lang='lat' dir='ltr'><strong>apostolorum,</strong></span> <span class='ocrx_word' id='word_1_187' title='bbox 3039 1104 3201 1165; x_wconf 90' lang='lat' dir='ltr'><strong>atque</strong></span> <span class='ocrx_word' id='word_1_188' title='bbox 3248 1096 3470 1164; x_wconf 87' lang='lat' dir='ltr'><strong>insuper</strong></span> <span class='ocrx_word' id='word_1_189' title='bbox 3502 1096 3741 1170; x_wconf 71' lang='lat' dir='ltr'><strong>Sibyllae,</strong></span> 
     </span>
    </p>
   </div>
   <div class='ocr_carea' id='block_1_25' title="bbox 2188 1186 3742 1256">
    <p class='ocr_par' dir='ltr' id='par_1_25' title="bbox 2188 1186 3742 1256">
     <span class='ocr_line' id='line_1_25' title="bbox 2188 1186 3742 1256; baseline 0.004 -17"><span class='ocrx_word' id='word_1_190' title='bbox 2188 1194 2247 1239; x_wconf 92' lang='lat' dir='ltr'><strong>llt</strong></span> <span class='ocrx_word' id='word_1_191' title='bbox 2268 1187 2344 1240; x_wconf 90' lang='lat' dir='ltr'><strong>ait</strong></span> <span class='ocrx_word' id='word_1_192' title='bbox 2360 1187 2549 1241; x_wconf 88' lang='lat' dir='ltr'><strong>beatus</strong></span> <span class='ocrx_word' id='word_1_193' title='bbox 2566 1186 2815 1243; x_wconf 91' lang='lat' dir='ltr'><strong>Clemens</strong></span> <span class='ocrx_word' id='word_1_194' title='bbox 2829 1187 2881 1241; x_wconf 92' lang='lat' dir='ltr'><strong>in</strong></span> <span class='ocrx_word' id='word_1_195' title='bbox 2904 1186 3139 1256; x_wconf 87' lang='lat' dir='ltr'><strong>Epistola</strong></span> <span class='ocrx_word' id='word_1_196' title='bbox 3156 1187 3223 1241; x_wconf 91' lang='lat' dir='ltr'><strong>ad</strong></span> <span class='ocrx_word' id='word_1_197' title='bbox 3241 1186 3579 1253; x_wconf 88' lang='lat' dir='ltr'><strong>Corinthios,</strong></span> <span class='ocrx_word' id='word_1_198' title='bbox 3594 1211 3612 1242; x_wconf 71' lang='grc' dir='ltr'><strong><em>ι</em></strong></span> <span class='ocrx_word' id='word_1_199' title='bbox 3630 1201 3742 1246; x_wconf 87' lang='lat' dir='ltr'><strong>etc.</strong></span> 
     </span>
    </p>
   </div>
   <div class='ocr_carea' id='block_1_26' title="bbox 2185 1278 3741 1349">
    <p class='ocr_par' dir='ltr' id='par_1_26' title="bbox 2185 1278 3741 1349">
     <span class='ocr_line' id='line_1_26' title="bbox 2185 1278 3741 1349; baseline 0.004 -19"><span class='ocrx_word' id='word_1_200' title='bbox 2185 1278 2265 1332; x_wconf 82' lang='lat' dir='ltr'><strong>Ad</strong></span> <span class='ocrx_word' id='word_1_201' title='bbox 2293 1294 2413 1348; x_wconf 73' lang='lat' dir='ltr'><strong>qua:</strong></span> <span class='ocrx_word' id='word_1_202' title='bbox 2440 1279 2657 1348; x_wconf 91' lang='lat' dir='ltr'><strong>quidem</strong></span> <span class='ocrx_word' id='word_1_203' title='bbox 2680 1280 2843 1334; x_wconf 90' lang='lat' dir='ltr'><strong>verba</strong></span> <span class='ocrx_word' id='word_1_204' title='bbox 2873 1281 3027 1349; x_wconf 89' lang='lat' dir='ltr'><strong>plura</strong></span> <span class='ocrx_word' id='word_1_205' title='bbox 3057 1281 3268 1336; x_wconf 89' lang='lat' dir='ltr'><strong>erudite</strong></span> <span class='ocrx_word' id='word_1_206' title='bbox 3291 1282 3545 1336; x_wconf 85' lang='lat' dir='ltr'><strong>observat</strong></span> <span class='ocrx_word' id='word_1_207' title='bbox 3575 1283 3741 1337; x_wconf 85' lang='lat' dir='ltr'><strong>Cote-</strong></span> 
     </span>
    </p>
   </div>
   <div class='ocr_carea' id='block_1_27' title="bbox 2185 1367 3742 1441">
    <p class='ocr_par' dir='ltr' id='par_1_27' title="bbox 2185 1367 3742 1441">
     <span class='ocr_line' id='line_1_27' title="bbox 2185 1367 3742 1441; baseline 0.005 -21"><span class='ocrx_word' id='word_1_208' title='bbox 2185 1367 2372 1432; x_wconf 92' lang='lat' dir='ltr'><strong>lerius,</strong></span> <span class='ocrx_word' id='word_1_209' title='bbox 2403 1376 2565 1438; x_wconf 89' lang='lat' dir='ltr'><strong>atque</strong></span> <span class='ocrx_word' id='word_1_210' title='bbox 2599 1384 2665 1423; x_wconf 85' lang='lat' dir='ltr'><strong>ex</strong></span> <span class='ocrx_word' id='word_1_211' title='bbox 2694 1384 2759 1424; x_wconf 92' lang='lat' dir='ltr'><strong>eo</strong></span> <span class='ocrx_word' id='word_1_212' title='bbox 2799 1371 3124 1425; x_wconf 85' lang='lat' dir='ltr'><strong>Coutantius</strong></span> <span class='ocrx_word' id='word_1_213' title='bbox 3167 1370 3387 1441; x_wconf 87' lang='lat' dir='ltr'><strong>aliique.</strong></span> <span class='ocrx_word' id='word_1_214' title='bbox 3420 1370 3639 1438; x_wconf 85' lang='lat' dir='ltr'><strong>Verum,</strong></span> <span class='ocrx_word' id='word_1_215' title='bbox 3672 1374 3742 1429; x_wconf 88' lang='lat' dir='ltr'><strong>iis</strong></span> 
     </span>
    </p>
   </div>
   <div class='ocr_carea' id='block_1_28' title="bbox 2184 1459 3739 1533">
    <p class='ocr_par' dir='ltr' id='par_1_28' title="bbox 2184 1459 3739 1533">
     <span class='ocr_line' id='line_1_28' title="bbox 2184 1459 3739 1533; baseline 0.004 -20"><span class='ocrx_word' id='word_1_216' title='bbox 2184 1459 2389 1522; x_wconf 89' lang='lat' dir='ltr'><strong>missis,</strong></span> <span class='ocrx_word' id='word_1_217' title='bbox 2450 1460 2504 1513; x_wconf 92' lang='lat' dir='ltr'><strong>in</strong></span> <span class='ocrx_word' id='word_1_218' title='bbox 2544 1461 2779 1514; x_wconf 90' lang='lat' dir='ltr'><strong>medium</strong></span> <span class='ocrx_word' id='word_1_219' title='bbox 2835 1461 3080 1531; x_wconf 89' lang='lat' dir='ltr'><strong>proferre</strong></span> <span class='ocrx_word' id='word_1_220' title='bbox 3128 1463 3278 1525; x_wconf 89' lang='lat' dir='ltr'><strong>libet,</strong></span> <span class='ocrx_word' id='word_1_221' title='bbox 3312 1479 3431 1533; x_wconf 71' lang='lat' dir='ltr'><strong>quze</strong></span> <span class='ocrx_word' id='word_1_222' title='bbox 3472 1464 3541 1518; x_wconf 88' lang='lat' dir='ltr'><strong>ad</strong></span> <span class='ocrx_word' id='word_1_223' title='bbox 3593 1465 3739 1520; x_wconf 92' lang='lat' dir='ltr'><strong>hunc</strong></span> 
     </span>
    </p>
   </div>
   <div class='ocr_carea' id='block_1_29' title="bbox 2190 1549 3738 1627">
    <p class='ocr_par' dir='ltr' id='par_1_29' title="bbox 2190 1549 3738 1627">
     <span class='ocr_line' id='line_1_29' title="bbox 2190 1549 3738 1627; baseline 0.005 -22"><span class='ocrx_word' id='word_1_224' title='bbox 2190 1549 2625 1619; x_wconf 58' lang='lat' dir='ltr'><strong>pseudooJustini</strong></span> <span class='ocrx_word' id='word_1_225' title='bbox 2681 1552 2857 1607; x_wconf 91' lang='lat' dir='ltr'><strong>locum</strong></span> <span class='ocrx_word' id='word_1_226' title='bbox 2916 1554 3195 1609; x_wconf 88' lang='lat' dir='ltr'><strong>adnotavit</strong></span> <span class='ocrx_word' id='word_1_227' title='bbox 3249 1572 3487 1626; x_wconf 88' lang='lat' dir='ltr'><strong>nuperlls</strong></span> <span class='ocrx_word' id='word_1_228' title='bbox 3515 1573 3738 1627; x_wconf 89' lang='lat' dir='ltr'><strong>operum</strong></span> 
     </span>
    </p>
   </div>
   <div class='ocr_carea' id='block_1_30' title="bbox 529 1636 3738 1721">
    <p class='ocr_par' dir='ltr' id='par_1_30' title="bbox 529 1636 3738 1721">
     <span class='ocr_line' id='line_1_30' title="bbox 529 1636 3738 1721; baseline 0.004 -30"><span class='ocrx_word' id='word_1_229' title='bbox 529 1638 723 1692; x_wconf 88' lang='lat' dir='ltr'><strong>iterum</strong></span> <span class='ocrx_word' id='word_1_230' title='bbox 766 1639 904 1693; x_wconf 88' lang='lat' dir='ltr'><strong>idem</strong></span> <span class='ocrx_word' id='word_1_231' title='bbox 934 1642 1164 1721; x_wconf 21' lang='lat' dir='ltr'><strong>auctor]?</strong></span> <span class='ocrx_word' id='word_1_232' title='bbox 1188 1637 1299 1692; x_wconf 93' lang='lat' dir='ltr'><strong>lmo</strong></span> <span class='ocrx_word' id='word_1_233' title='bbox 1328 1653 1478 1703; x_wconf 88' lang='lat' dir='ltr'><strong>vero,</strong></span> <span class='ocrx_word' id='word_1_234' title='bbox 1506 1652 1614 1706; x_wconf 91' lang='lat' dir='ltr'><strong>quo</strong></span> <span class='ocrx_word' id='word_1_235' title='bbox 1643 1636 1975 1706; x_wconf 85' lang='lat' dir='ltr'><strong>singularius</strong></span> <span class='ocrx_word' id='word_1_236' title='bbox 2002 1642 2086 1691; x_wconf 87' lang='lat' dir='ltr'><strong>est</strong></span> <span class='ocrx_word' id='word_1_237' title='bbox 2112 1707 2154 1721; x_wconf 41' lang='lat' dir='ltr'><strong>ﬁ</strong></span> <span class='ocrx_word' id='word_1_238' title='bbox 2185 1641 2244 1697; x_wconf 92' lang='lat' dir='ltr'><strong>S.</strong></span> <span class='ocrx_word' id='word_1_239' title='bbox 2274 1642 2472 1699; x_wconf 85' lang='lat' dir='ltr'><strong>Justini</strong></span> <span class='ocrx_word' id='word_1_240' title='bbox 2502 1644 2677 1699; x_wconf 89' lang='lat' dir='ltr'><strong>editor</strong></span> <span class='ocrx_word' id='word_1_241' title='bbox 2704 1644 3029 1702; x_wconf 87' lang='lat' dir='ltr'><strong>Parisiensis</strong></span> <span class='ocrx_word' id='word_1_242' title='bbox 3055 1666 3068 1703; x_wconf 90' lang='lat'><strong>:</strong></span> <span class='ocrx_word' id='word_1_243' title='bbox 3107 1667 3126 1699; x_wconf 86' lang='grc'><em>‹</em></span> <span class='ocrx_word' id='word_1_244' title='bbox 3161 1647 3297 1703; x_wconf 92' lang='lat' dir='ltr'><strong>Cum</strong></span> <span class='ocrx_word' id='word_1_245' title='bbox 3327 1648 3573 1721; x_wconf 85' lang='lat' dir='ltr'><strong>Sibyllini</strong></span> <span class='ocrx_word' id='word_1_246' title='bbox 3612 1667 3738 1706; x_wconf 88' lang='lat' dir='ltr'><strong>ver-</strong></span> 
     </span>
    </p>
   </div>
   <div class='ocr_carea' id='block_1_31' title="bbox 526 1707 3734 1803">
    <p class='ocr_par' dir='ltr' id='par_1_31' title="bbox 526 1707 3734 1803">
     <span class='ocr_line' id='line_1_31' title="bbox 526 1707 3734 1803; baseline 0.002 -19"><span class='ocrx_word' id='word_1_247' title='bbox 526 1728 745 1784; x_wconf 84' lang='lat' dir='ltr'><strong>ellatllm</strong></span> <span class='ocrx_word' id='word_1_248' title='bbox 775 1746 966 1785; x_wconf 91' lang='lat' dir='ltr'><strong>rursus</strong></span> <span class='ocrx_word' id='word_1_249' title='bbox 1016 1730 1070 1784; x_wconf 94' lang='lat' dir='ltr'><strong>in</strong></span> <span class='ocrx_word' id='word_1_250' title='bbox 1120 1716 1354 1784; x_wconf 86' lang='lat' dir='ltr'><strong>medium</strong></span> <span class='ocrx_word' id='word_1_251' title='bbox 1386 1729 1699 1793; x_wconf 91' lang='lat' dir='ltr'><strong>adductum,</strong></span> <span class='ocrx_word' id='word_1_252' title='bbox 1727 1744 1792 1783; x_wconf 89' lang='lat' dir='ltr'><strong>eo</strong></span> <span class='ocrx_word' id='word_1_253' title='bbox 1817 1728 2081 1783; x_wconf 77' lang='lat' dir='ltr'><strong>conduci-</strong></span> <span class='ocrx_word' id='word_1_254' title='bbox 2111 1707 2156 1766; x_wconf 73' lang='grc' dir='ltr'><strong>Β</strong></span> <span class='ocrx_word' id='word_1_255' title='bbox 2186 1749 2301 1794; x_wconf 86' lang='lat' dir='ltr'><strong>sus,</strong></span> <span class='ocrx_word' id='word_1_256' title='bbox 2328 1733 2524 1803; x_wconf 81' lang='lat' dir='ltr'><strong>inquit,</strong></span> <span class='ocrx_word' id='word_1_257' title='bbox 2556 1732 2863 1789; x_wconf 87' lang='lat' dir='ltr'><strong>referantur</strong></span> <span class='ocrx_word' id='word_1_258' title='bbox 2883 1735 2938 1789; x_wconf 89' lang='lat' dir='ltr'><strong>in</strong></span> <span class='ocrx_word' id='word_1_259' title='bbox 2962 1735 3246 1790; x_wconf 82' lang='lat' dir='ltr'><strong>Constitut.</strong></span> <span class='ocrx_word' id='word_1_260' title='bbox 3298 1707 3521 1803; x_wconf 60' lang='lat' dir='ltr'><strong>apostol.</strong></span> <span class='ocrx_word' id='word_1_261' title='bbox 3553 1738 3647 1792; x_wconf 90' lang='lat' dir='ltr'><strong>lib.</strong></span> <span class='ocrx_word' id='word_1_262' title='bbox 3681 1754 3734 1801; x_wconf 92' lang='lat' dir='ltr'><strong>v,</strong></span> 
     </span>
    </p>
   </div>
   <div class='ocr_carea' id='block_1_32' title="bbox 525 1824 2082 1881">
    <p class='ocr_par' dir='ltr' id='par_1_32' title="bbox 525 1824 2082 1881">
     <span class='ocr_line' id='line_1_32' title="bbox 525 1824 2082 1881; baseline -0.001 -3"><span class='ocrx_word' id='word_1_263' title='bbox 525 1825 689 1879; x_wconf 89' lang='lat' dir='ltr'><strong>bilius</strong></span> <span class='ocrx_word' id='word_1_264' title='bbox 736 1827 917 1881; x_wconf 89' lang='lat' dir='ltr'><strong>evadit</strong></span> <span class='ocrx_word' id='word_1_265' title='bbox 966 1824 1031 1880; x_wconf 86' lang='lat' dir='ltr'><strong>ad</strong></span> <span class='ocrx_word' id='word_1_266' title='bbox 1080 1825 1418 1881; x_wconf 89' lang='lat' dir='ltr'><strong>suadendum</strong></span> <span class='ocrx_word' id='word_1_267' title='bbox 1460 1841 1625 1878; x_wconf 89' lang='lat' dir='ltr'><strong>unum</strong></span> <span class='ocrx_word' id='word_1_268' title='bbox 1655 1839 1776 1880; x_wconf 91' lang='lat' dir='ltr'><strong>esse</strong></span> <span class='ocrx_word' id='word_1_269' title='bbox 1806 1831 2082 1878; x_wconf 86' lang='lat' dir='ltr'><strong>auctorem</strong></span> 
     </span>
    </p>
   </div>
   <div class='ocr_carea' id='block_1_33' title="bbox 524 1914 2083 1988">
    <p class='ocr_par' dir='ltr' id='par_1_33' title="bbox 524 1914 2083 1988">
     <span class='ocr_line' id='line_1_33' title="bbox 524 1914 2083 1988; baseline -0.003 -17"><span class='ocrx_word' id='word_1_270' title='bbox 524 1918 763 1985; x_wconf 64' lang='lat' dir='ltr'><strong>epistolae</strong></span> <span class='ocrx_word' id='word_1_271' title='bbox 780 1917 1089 1988; x_wconf 91' lang='lat' dir='ltr'><strong>utriusque,</strong></span> <span class='ocrx_word' id='word_1_272' title='bbox 1120 1917 1174 1972; x_wconf 91' lang='lat' dir='ltr'><strong>in</strong></span> <span class='ocrx_word' id='word_1_273' title='bbox 1203 1916 1403 1987; x_wconf 87' lang='lat' dir='ltr'><strong>quibus</strong></span> <span class='ocrx_word' id='word_1_274' title='bbox 1432 1915 1665 1972; x_wconf 86' lang='lat' dir='ltr'><strong>relatum</strong></span> <span class='ocrx_word' id='word_1_275' title='bbox 1701 1914 1905 1985; x_wconf 89' lang='lat' dir='ltr'><strong>pariter</strong></span> <span class='ocrx_word' id='word_1_276' title='bbox 1932 1927 2083 1969; x_wconf 87' lang='lat' dir='ltr'><strong>com-</strong></span> 
     </span>
    </p>
   </div>
   <div class='ocr_carea' id='block_1_34' title="bbox 522 2010 753 2079">
    <p class='ocr_par' dir='ltr' id='par_1_34' title="bbox 522 2010 753 2079">
     <span class='ocr_line' id='line_1_34' title="bbox 522 2010 753 2079; baseline 0.009 -17"><span class='ocrx_word' id='word_1_277' title='bbox 522 2010 753 2079; x_wconf 88' lang='lat' dir='ltr'><strong>perittlr.</strong></span> 
     </span>
    </p>
   </div>
   <div class='ocr_carea' id='block_1_35' title="bbox 589 2100 2077 2173">
    <p class='ocr_par' dir='ltr' id='par_1_35' title="bbox 589 2100 2077 2173">
     <span class='ocr_line' id='line_1_35' title="bbox 589 2100 2077 2173; baseline 0.003 -19"><span class='ocrx_word' id='word_1_278' title='bbox 589 2101 659 2154; x_wconf 84' lang='lat' dir='ltr'><strong>At</strong></span> <span class='ocrx_word' id='word_1_279' title='bbox 688 2100 830 2155; x_wconf 88' lang='lat' dir='ltr'><strong>enim</strong></span> <span class='ocrx_word' id='word_1_280' title='bbox 855 2101 1179 2157; x_wconf 88' lang='lat' dir='ltr'><strong>sententiam</strong></span> <span class='ocrx_word' id='word_1_281' title='bbox 1216 2100 1363 2159; x_wconf 90' lang='lat' dir='ltr'><strong>illam</strong></span> <span class='ocrx_word' id='word_1_282' title='bbox 1393 2101 1460 2157; x_wconf 90' lang='lat' dir='ltr'><strong>de</strong></span> <span class='ocrx_word' id='word_1_283' title='bbox 1489 2117 1609 2173; x_wconf 13' lang='lat' dir='ltr'><strong>quae</strong></span> <span class='ocrx_word' id='word_1_284' title='bbox 1628 2100 2077 2172; x_wconf 86' lang='lat' dir='ltr'><strong>disputamus,ex</strong></span> 
     </span>
    </p>
   </div>
   <div class='ocr_carea' id='block_1_36' title="bbox 518 2193 2076 2265">
    <p class='ocr_par' dir='ltr' id='par_1_36' title="bbox 518 2193 2076 2265">
     <span class='ocr_line' id='line_1_36' title="bbox 518 2193 2076 2265; baseline 0.001 -18"><span class='ocrx_word' id='word_1_285' title='bbox 518 2207 683 2262; x_wconf 86' lang='lat' dir='ltr'><strong>opere</strong></span> <span class='ocrx_word' id='word_1_286' title='bbox 735 2194 917 2262; x_wconf 87' lang='lat' dir='ltr'><strong>aliquo</strong></span> <span class='ocrx_word' id='word_1_287' title='bbox 967 2194 1435 2265; x_wconf 85' lang='lat' dir='ltr'><strong>pseudepigrapho</strong></span> <span class='ocrx_word' id='word_1_288' title='bbox 1482 2202 1760 2264; x_wconf 81' lang='lat' dir='ltr'><strong>exceptam</strong></span> <span class='ocrx_word' id='word_1_289' title='bbox 1806 2193 2076 2248; x_wconf 90' lang='lat' dir='ltr'><strong>novimus.</strong></span> 
     </span>
    </p>
   </div>
   <div class='ocr_carea' id='block_1_37' title="bbox 518 2282 2079 2354">
    <p class='ocr_par' dir='ltr' id='par_1_37' title="bbox 518 2282 2079 2354">
     <span class='ocr_line' id='line_1_37' title="bbox 518 2282 2079 2354; baseline 0 -18"><span class='ocrx_word' id='word_1_290' title='bbox 518 2282 683 2350; x_wconf 80' lang='lat' dir='ltr'><strong>Quasi</strong></span> <span class='ocrx_word' id='word_1_291' title='bbox 715 2299 843 2337; x_wconf 87' lang='lat' dir='ltr'><strong>vero</strong></span> <span class='ocrx_word' id='word_1_292' title='bbox 871 2283 1104 2352; x_wconf 86' lang='lat' dir='ltr'><strong>alicujus</strong></span> <span class='ocrx_word' id='word_1_293' title='bbox 1135 2285 1316 2354; x_wconf 85' lang='lat' dir='ltr'><strong>operis</strong></span> <span class='ocrx_word' id='word_1_294' title='bbox 1342 2285 1638 2340; x_wconf 83' lang='lat' dir='ltr'><strong>auctoritas</strong></span> <span class='ocrx_word' id='word_1_295' title='bbox 1670 2290 1953 2353; x_wconf 81' lang='lat' dir='ltr'><strong>propterea</strong></span> <span class='ocrx_word' id='word_1_296' title='bbox 1975 2282 2079 2336; x_wconf 86' lang='lat' dir='ltr'><strong>mi-</strong></span> 
     </span>
    </p>
   </div>
   <div class='ocr_carea' id='block_1_38' title="bbox 515 2373 2079 2445">
    <p class='ocr_par' dir='ltr' id='par_1_38' title="bbox 515 2373 2079 2445">
     <span class='ocr_line' id='line_1_38' title="bbox 515 2373 2079 2445; baseline 0 -17"><span class='ocrx_word' id='word_1_297' title='bbox 515 2385 736 2436; x_wconf 87' lang='lat' dir='ltr'><strong>nuatur,</strong></span> <span class='ocrx_word' id='word_1_298' title='bbox 769 2373 913 2443; x_wconf 92' lang='lat' dir='ltr'><strong>quod</strong></span> <span class='ocrx_word' id='word_1_299' title='bbox 945 2374 1093 2429; x_wconf 91' lang='lat' dir='ltr'><strong>illius</strong></span> <span class='ocrx_word' id='word_1_300' title='bbox 1119 2376 1355 2445; x_wconf 88' lang='lat' dir='ltr'><strong>scriptor</strong></span> <span class='ocrx_word' id='word_1_301' title='bbox 1383 2374 1627 2445; x_wconf 70' lang='lat' dir='ltr'><strong>quaedam</strong></span> <span class='ocrx_word' id='word_1_302' title='bbox 1676 2390 1801 2428; x_wconf 90' lang='lat' dir='ltr'><strong>vere</strong></span> <span class='ocrx_word' id='word_1_303' title='bbox 1844 2373 1988 2428; x_wconf 89' lang='lat' dir='ltr'><strong>dicta</strong></span> <span class='ocrx_word' id='word_1_304' title='bbox 2023 2380 2079 2428; x_wconf 89' lang='lat' dir='ltr'><strong>et</strong></span> 
     </span>
    </p>
   </div>
   <div class='ocr_carea' id='block_1_39' title="bbox 516 2462 2077 2533">
    <p class='ocr_par' dir='ltr' id='par_1_39' title="bbox 516 2462 2077 2533">
     <span class='ocr_line' id='line_1_39' title="bbox 516 2462 2077 2533; baseline 0.001 -17"><span class='ocrx_word' id='word_1_305' title='bbox 516 2470 835 2533; x_wconf 84' lang='lat' dir='ltr'><strong>argumento</strong></span> <span class='ocrx_word' id='word_1_306' title='bbox 863 2462 1006 2533; x_wconf 87' lang='lat' dir='ltr'><strong>quod</strong></span> <span class='ocrx_word' id='word_1_307' title='bbox 1045 2462 1157 2530; x_wconf 87' lang='lat' dir='ltr'><strong>jam</strong></span> <span class='ocrx_word' id='word_1_308' title='bbox 1203 2470 1401 2518; x_wconf 85' lang='lat' dir='ltr'><strong>tractat</strong></span> <span class='ocrx_word' id='word_1_309' title='bbox 1430 2464 1670 2533; x_wconf 87' lang='lat' dir='ltr'><strong>apprime</strong></span> <span class='ocrx_word' id='word_1_310' title='bbox 1714 2477 1978 2533; x_wconf 84' lang='lat' dir='ltr'><strong>congrua,</strong></span> <span class='ocrx_word' id='word_1_311' title='bbox 2008 2477 2077 2517; x_wconf 84' lang='lat' dir='ltr'><strong>ex</strong></span> 
     </span>
    </p>
   </div>
   <div class='ocr_carea' id='block_1_40' title="bbox 515 2553 2077 2611">
    <p class='ocr_par' dir='ltr' id='par_1_40' title="bbox 515 2553 2077 2611">
     <span class='ocr_line' id='line_1_40' title="bbox 515 2553 2077 2611; baseline -0.001 -2"><span class='ocrx_word' id='word_1_312' title='bbox 515 2555 657 2610; x_wconf 85' lang='lat' dir='ltr'><strong>libro</strong></span> <span class='ocrx_word' id='word_1_313' title='bbox 689 2570 797 2609; x_wconf 92' lang='lat' dir='ltr'><strong>non</strong></span> <span class='ocrx_word' id='word_1_314' title='bbox 830 2556 1095 2609; x_wconf 88' lang='lat' dir='ltr'><strong>canonico</strong></span> <span class='ocrx_word' id='word_1_315' title='bbox 1127 2553 1264 2610; x_wconf 89' lang='lat' dir='ltr'><strong>forte</strong></span> <span class='ocrx_word' id='word_1_316' title='bbox 1294 2554 1599 2611; x_wconf 83' lang='lat' dir='ltr'><strong>adduxerit.</strong></span> <span class='ocrx_word' id='word_1_317' title='bbox 1632 2553 1746 2608; x_wconf 79' lang='lat' dir='ltr'><strong>Viri</strong></span> <span class='ocrx_word' id='word_1_318' title='bbox 1772 2554 2077 2608; x_wconf 83' lang='lat' dir='ltr'><strong>eruditissi—</strong></span> 
     </span>
    </p>
   </div>
   <div class='ocr_carea' id='block_1_41' title="bbox 513 2643 2076 2716">
    <p class='ocr_par' dir='ltr' id='par_1_41' title="bbox 513 2643 2076 2716">
     <span class='ocr_line' id='line_1_41' title="bbox 513 2643 2076 2716; baseline -0.001 -15"><span class='ocrx_word' id='word_1_319' title='bbox 513 2645 591 2701; x_wconf 86' lang='lat' dir='ltr'><strong>mi</strong></span> <span class='ocrx_word' id='word_1_320' title='bbox 634 2645 814 2701; x_wconf 88' lang='lat' dir='ltr'><strong>verbis</strong></span> <span class='ocrx_word' id='word_1_321' title='bbox 848 2651 973 2699; x_wconf 90' lang='lat' dir='ltr'><strong>utor</strong></span> <span class='ocrx_word' id='word_1_322' title='bbox 1001 2644 1133 2715; x_wconf 80' lang='lat'><strong>(59).</strong></span> <span class='ocrx_word' id='word_1_323' title='bbox 1185 2643 1295 2710; x_wconf 69' lang='lat' dir='ltr'><strong>Nic,</strong></span> <span class='ocrx_word' id='word_1_324' title='bbox 1327 2644 1371 2699; x_wconf 90' lang='lat' dir='ltr'><strong>si</strong></span> <span class='ocrx_word' id='word_1_325' title='bbox 1409 2654 1597 2700; x_wconf 89' lang='lat' dir='ltr'><strong>contra</strong></span> <span class='ocrx_word' id='word_1_326' title='bbox 1636 2647 1927 2701; x_wconf 85' lang='lat' dir='ltr'><strong>secundam</strong></span> <span class='ocrx_word' id='word_1_327' title='bbox 1961 2646 2076 2716; x_wconf 83' lang='lat' dir='ltr'><strong>epi—</strong></span> 
     </span>
    </p>
   </div>
   <div class='ocr_carea' id='block_1_42' title="bbox 513 2734 2075 2807">
    <p class='ocr_par' dir='ltr' id='par_1_42' title="bbox 513 2734 2075 2807">
     <span class='ocr_line' id='line_1_42' title="bbox 513 2734 2075 2807; baseline -0.001 -16"><span class='ocrx_word' id='word_1_328' title='bbox 513 2736 708 2791; x_wconf 86' lang='lat' dir='ltr'><strong>stolam</strong></span> <span class='ocrx_word' id='word_1_329' title='bbox 740 2734 854 2790; x_wconf 69' lang='lat' dir='ltr'><strong>haac</strong></span> <span class='ocrx_word' id='word_1_330' title='bbox 879 2736 1018 2791; x_wconf 89' lang='lat' dir='ltr'><strong>ratio</strong></span> <span class='ocrx_word' id='word_1_331' title='bbox 1039 2736 1146 2789; x_wconf 88' lang='lat' dir='ltr'><strong>vim</strong></span> <span class='ocrx_word' id='word_1_332' title='bbox 1172 2736 1389 2799; x_wconf 84' lang='lat' dir='ltr'><strong>habeat,</strong></span> <span class='ocrx_word' id='word_1_333' title='bbox 1410 2735 1521 2804; x_wconf 90' lang='lat' dir='ltr'><strong>jam</strong></span> <span class='ocrx_word' id='word_1_334' title='bbox 1554 2734 1622 2789; x_wconf 93' lang='lat' dir='ltr'><strong>de</strong></span> <span class='ocrx_word' id='word_1_335' title='bbox 1651 2736 1839 2807; x_wconf 73' lang='lat' dir='ltr'><strong>primae</strong></span> <span class='ocrx_word' id='word_1_336' title='bbox 1860 2749 2075 2804; x_wconf 81' lang='lat' dir='ltr'><strong>quoque</strong></span> 
     </span>
    </p>
   </div>
   <div class='ocr_carea' id='block_1_43' title="bbox 512 2819 2075 2894">
    <p class='ocr_par' dir='ltr' id='par_1_43' title="bbox 512 2819 2075 2894">
     <span class='ocr_line' id='line_1_43' title="bbox 512 2819 2075 2894; baseline -0.004 -14"><span class='ocrx_word' id='word_1_337' title='bbox 512 2824 823 2894; x_wconf 77' lang='lat' dir='ltr'><strong>integritate</strong></span> <span class='ocrx_word' id='word_1_338' title='bbox 854 2825 1250 2878; x_wconf 88' lang='lat' dir='ltr'><strong>conclamatum</strong></span> <span class='ocrx_word' id='word_1_339' title='bbox 1280 2821 1536 2888; x_wconf 90' lang='lat' dir='ltr'><strong>est.Quid</strong></span> <span class='ocrx_word' id='word_1_340' title='bbox 1566 2822 1709 2893; x_wconf 92' lang='lat' dir='ltr'><strong>quod</strong></span> <span class='ocrx_word' id='word_1_341' title='bbox 1741 2819 1920 2874; x_wconf 89' lang='lat' dir='ltr'><strong>Photii</strong></span> <span class='ocrx_word' id='word_1_342' title='bbox 1947 2835 2075 2875; x_wconf 85' lang='lat' dir='ltr'><strong>cen-</strong></span> 
     </span>
    </p>
   </div>
   <div class='ocr_carea' id='block_1_44' title="bbox 511 2912 2074 2986">
    <p class='ocr_par' dir='ltr' id='par_1_44' title="bbox 511 2912 2074 2986">
     <span class='ocr_line' id='line_1_44' title="bbox 511 2912 2074 2986; baseline -0.002 -16"><span class='ocrx_word' id='word_1_343' title='bbox 511 2931 641 2970; x_wconf 86' lang='lat' dir='ltr'><strong>sura</strong></span> <span class='ocrx_word' id='word_1_344' title='bbox 671 2916 910 2985; x_wconf 69' lang='lat' dir='ltr'><strong>epistolae</strong></span> <span class='ocrx_word' id='word_1_345' title='bbox 933 2915 1215 2986; x_wconf 84' lang='lat' dir='ltr'><strong>utriusque</strong></span> <span class='ocrx_word' id='word_1_346' title='bbox 1227 2915 1668 2978; x_wconf 89' lang='lat' dir='ltr'><strong>consensionem,</strong></span> <span class='ocrx_word' id='word_1_347' title='bbox 1690 2912 1758 2966; x_wconf 89' lang='lat' dir='ltr'><strong>ad</strong></span> <span class='ocrx_word' id='word_1_348' title='bbox 1783 2914 1901 2966; x_wconf 90' lang='lat' dir='ltr'><strong>loca</strong></span> <span class='ocrx_word' id='word_1_349' title='bbox 1926 2927 2074 2982; x_wconf 76' lang='lat' dir='ltr'><strong>quae-</strong></span> 
     </span>
    </p>
   </div>
   <div class='ocr_carea' id='block_1_45' title="bbox 509 3001 2071 3074">
    <p class='ocr_par' dir='ltr' id='par_1_45' title="bbox 509 3001 2071 3074">
     <span class='ocr_line' id='line_1_45' title="bbox 509 3001 2071 3074; baseline -0.001 -17"><span class='ocrx_word' id='word_1_350' title='bbox 509 3002 633 3057; x_wconf 91' lang='lat' dir='ltr'><strong>dam</strong></span> <span class='ocrx_word' id='word_1_351' title='bbox 663 3004 965 3074; x_wconf 87' lang='lat' dir='ltr'><strong>apocrypha</strong></span> <span class='ocrx_word' id='word_1_352' title='bbox 998 3003 1137 3073; x_wconf 89' lang='lat' dir='ltr'><strong>quod</strong></span> <span class='ocrx_word' id='word_1_353' title='bbox 1173 3003 1381 3069; x_wconf 88' lang='lat' dir='ltr'><strong>attinet,</strong></span> <span class='ocrx_word' id='word_1_354' title='bbox 1409 3003 1757 3064; x_wconf 84' lang='lat' dir='ltr'><strong>confirmans,</strong></span> <span class='ocrx_word' id='word_1_355' title='bbox 1785 3001 2071 3071; x_wconf 89' lang='lat' dir='ltr'><strong>utriusque</strong></span> 
     </span>
    </p>
   </div>
   <div class='ocr_carea' id='block_1_46' title="bbox 507 3091 2070 3163">
    <p class='ocr_par' dir='ltr' id='par_1_46' title="bbox 507 3091 2070 3163">
     <span class='ocr_line' id='line_1_46' title="bbox 507 3091 2070 3163; baseline -0.003 -14"><span class='ocrx_word' id='word_1_356' title='bbox 507 3095 637 3149; x_wconf 88' lang='lat' dir='ltr'><strong>item</strong></span> <span class='ocrx_word' id='word_1_357' title='bbox 661 3111 825 3149; x_wconf 93' lang='lat' dir='ltr'><strong>unum</strong></span> <span class='ocrx_word' id='word_1_358' title='bbox 849 3098 1206 3163; x_wconf 86' lang='lat' dir='ltr'><strong>eumdemque</strong></span> <span class='ocrx_word' id='word_1_359' title='bbox 1230 3102 1503 3148; x_wconf 89' lang='lat' dir='ltr'><strong>auctorem</strong></span> <span class='ocrx_word' id='word_1_360' title='bbox 1532 3093 1818 3163; x_wconf 80' lang='lat' dir='ltr'><strong>agnoscit?</strong></span> <span class='ocrx_word' id='word_1_361' title='bbox 1838 3091 1919 3146; x_wconf 88' lang='lat' dir='ltr'><strong>En</strong></span> <span class='ocrx_word' id='word_1_362' title='bbox 1945 3107 2070 3161; x_wconf 89' lang='lat' dir='ltr'><strong>per-</strong></span> 
     </span>
    </p>
   </div>
   <div class='ocr_carea' id='block_1_47' title="bbox 507 3183 2073 3255">
    <p class='ocr_par' dir='ltr' id='par_1_47' title="bbox 507 3183 2073 3255">
     <span class='ocr_line' id='line_1_47' title="bbox 507 3183 2073 3255; baseline -0.001 -15"><span class='ocrx_word' id='word_1_363' title='bbox 507 3201 635 3240; x_wconf 86' lang='lat' dir='ltr'><strong>acre</strong></span> <span class='ocrx_word' id='word_1_364' title='bbox 663 3186 730 3241; x_wconf 90' lang='lat' dir='ltr'><strong>de</strong></span> <span class='ocrx_word' id='word_1_365' title='bbox 760 3186 843 3241; x_wconf 86' lang='lat' dir='ltr'><strong>llis</strong></span> <span class='ocrx_word' id='word_1_366' title='bbox 873 3184 1226 3242; x_wconf 88' lang='lat' dir='ltr'><strong>Clementinis</strong></span> <span class='ocrx_word' id='word_1_367' title='bbox 1257 3186 1501 3255; x_wconf 91' lang='lat' dir='ltr'><strong>epistolis</strong></span> <span class='ocrx_word' id='word_1_368' title='bbox 1549 3186 1727 3240; x_wconf 88' lang='lat' dir='ltr'><strong>critici</strong></span> <span class='ocrx_word' id='word_1_369' title='bbox 1774 3184 1938 3254; x_wconf 90' lang='lat' dir='ltr'><strong>hujus</strong></span> <span class='ocrx_word' id='word_1_370' title='bbox 1980 3183 2073 3254; x_wconf 82' lang='lat' dir='ltr'><strong>ju-</strong></span> 
     </span>
    </p>
   </div>
   <div class='ocr_carea' id='block_1_48' title="bbox 506 3274 2070 3347">
    <p class='ocr_par' dir='ltr' id='par_1_48' title="bbox 506 3274 2070 3347">
     <span class='ocr_line' id='line_1_48' title="bbox 506 3274 2070 3347; baseline 0 -16"><span class='ocrx_word' id='word_1_371' title='bbox 506 3277 708 3331; x_wconf 91' lang='lat' dir='ltr'><strong>dicium</strong></span> <span class='ocrx_word' id='word_1_372' title='bbox 742 3276 853 3347; x_wconf 70' lang='lat'><strong>(40)</strong></span> <span class='ocrx_word' id='word_1_373' title='bbox 888 3295 902 3331; x_wconf 89' lang='lat'><strong>:</strong></span> <span class='ocrx_word' id='word_1_374' title='bbox 938 3275 1200 3340; x_wconf 88' lang='lat' dir='ltr'><strong>Secunda,</strong></span> <span class='ocrx_word' id='word_1_375' title='bbox 1227 3276 1425 3345; x_wconf 90' lang='lat' dir='ltr'><strong>inquit,</strong></span> <span class='ocrx_word' id='word_1_376' title='bbox 1455 3274 1598 3329; x_wconf 85' lang='lat' dir='ltr'><strong>dicta</strong></span> <span class='ocrx_word' id='word_1_377' title='bbox 1643 3275 1884 3345; x_wconf 75' lang='lat' dir='ltr'><strong>quwdam</strong></span> <span class='ocrx_word' id='word_1_378' title='bbox 1923 3292 2070 3345; x_wconf 82' lang='lat' dir='ltr'><strong>pere-</strong></span> 
     </span>
    </p>
   </div>
   <div class='ocr_carea' id='block_1_49' title="bbox 504 3370 2070 3443">
    <p class='ocr_par' dir='ltr' id='par_1_49' title="bbox 504 3370 2070 3443">
     <span class='ocr_line' id='line_1_49' title="bbox 504 3370 2070 3443; baseline 0.001 -19"><span class='ocrx_word' id='word_1_379' title='bbox 504 3374 659 3443; x_wconf 85' lang='lat' dir='ltr'><strong>grina</strong></span> <span class='ocrx_word' id='word_1_380' title='bbox 692 3373 827 3426; x_wconf 85' lang='lat' dir='ltr'><strong>velut</strong></span> <span class='ocrx_word' id='word_1_381' title='bbox 856 3388 882 3425; x_wconf 85' lang='lat' dir='ltr'><strong>e</strong></span> <span class='ocrx_word' id='word_1_382' title='bbox 921 3389 1078 3426; x_wconf 86' lang='lat' dir='ltr'><strong>sacra</strong></span> <span class='ocrx_word' id='word_1_383' title='bbox 1127 3370 1402 3441; x_wconf 80' lang='lat' dir='ltr'><strong>Scriptura</strong></span> <span class='ocrx_word' id='word_1_384' title='bbox 1431 3370 1747 3433; x_wconf 85' lang='lat' dir='ltr'><strong>subinducit,</strong></span> <span class='ocrx_word' id='word_1_385' title='bbox 1781 3370 1966 3440; x_wconf 82' lang='lat' dir='ltr'><strong>quibus</strong></span> <span class='ocrx_word' id='word_1_386' title='bbox 2007 3386 2070 3425; x_wconf 86' lang='lat' dir='ltr'><strong>ne</strong></span> 
     </span>
    </p>
   </div>
   <div class='ocr_carea' id='block_1_50' title="bbox 502 3461 2067 3533">
    <p class='ocr_par' dir='ltr' id='par_1_50' title="bbox 502 3461 2067 3533">
     <span class='ocr_line' id='line_1_50' title="bbox 502 3461 2067 3533; baseline 0.001 -18"><span class='ocrx_word' id='word_1_387' title='bbox 502 3462 725 3531; x_wconf 87' lang='lat' dir='ltr'><strong>epistola</strong></span> <span class='ocrx_word' id='word_1_388' title='bbox 754 3462 957 3533; x_wconf 85' lang='lat' dir='ltr'><strong>quidem</strong></span> <span class='ocrx_word' id='word_1_389' title='bbox 987 3466 1159 3531; x_wconf 85' lang='lat' dir='ltr'><strong>prima</strong></span> <span class='ocrx_word' id='word_1_390' title='bbox 1203 3464 1413 3517; x_wconf 82' lang='lat' dir='ltr'><strong>omnino</strong></span> <span class='ocrx_word' id='word_1_391' title='bbox 1440 3472 1608 3517; x_wconf 82' lang='lat' dir='ltr'><strong>vacat.</strong></span> <span class='ocrx_word' id='word_1_392' title='bbox 1642 3461 1711 3515; x_wconf 86' lang='lat' dir='ltr'><strong>Et</strong></span> <span class='ocrx_word' id='word_1_393' title='bbox 1752 3463 2067 3529; x_wconf 86' lang='lat' dir='ltr'><strong>interpreta-</strong></span> 
     </span>
    </p>
   </div>
   <div class='ocr_carea' id='block_1_51' title="bbox 508 3552 2064 3623">
    <p class='ocr_par' dir='ltr' id='par_1_51' title="bbox 508 3552 2064 3623">
     <span class='ocr_line' id='line_1_51' title="bbox 508 3552 2064 3623; baseline 0.002 -17"><span class='ocrx_word' id='word_1_394' title='bbox 508 3556 672 3607; x_wconf 77' lang='lat' dir='ltr'><strong>tiones</strong></span> <span class='ocrx_word' id='word_1_395' title='bbox 693 3553 1039 3623; x_wconf 87' lang='lat' dir='ltr'><strong>quorumdam</strong></span> <span class='ocrx_word' id='word_1_396' title='bbox 1086 3553 1319 3607; x_wconf 87' lang='lat' dir='ltr'><strong>locorum</strong></span> <span class='ocrx_word' id='word_1_397' title='bbox 1348 3553 1624 3607; x_wconf 80' lang='lat' dir='ltr'><strong>alieniores</strong></span> <span class='ocrx_word' id='word_1_398' title='bbox 1672 3553 1892 3622; x_wconf 81' lang='lat' dir='ltr'><strong>profert.</strong></span> <span class='ocrx_word' id='word_1_399' title='bbox 1926 3552 2064 3609; x_wconf 81' lang='lat' dir='ltr'><strong>Hinc</strong></span> 
     </span>
    </p>
   </div>
   <div class='ocr_carea' id='block_1_52' title="bbox 502 3642 2066 3719">
    <p class='ocr_par' dir='ltr' id='par_1_52' title="bbox 502 3642 2066 3719">
     <span class='ocr_line' id='line_1_52' title="bbox 502 3642 2066 3719; baseline 0.001 -22"><span class='ocrx_word' id='word_1_400' title='bbox 502 3642 572 3697; x_wconf 89' lang='lat' dir='ltr'><strong>de</strong></span> <span class='ocrx_word' id='word_1_401' title='bbox 599 3650 825 3713; x_wconf 88' lang='lat' dir='ltr'><strong>utraque</strong></span> <span class='ocrx_word' id='word_1_402' title='bbox 850 3645 924 3698; x_wconf 89' lang='lat' dir='ltr'><strong>ita</strong></span> <span class='ocrx_word' id='word_1_403' title='bbox 954 3644 1167 3699; x_wconf 91' lang='lat' dir='ltr'><strong>demum</strong></span> <span class='ocrx_word' id='word_1_404' title='bbox 1193 3645 1466 3699; x_wconf 91' lang='lat' dir='ltr'><strong>concludit</strong></span> <span class='ocrx_word' id='word_1_405' title='bbox 1491 3662 1505 3698; x_wconf 89' lang='lat'><strong>:</strong></span> <span class='ocrx_word' id='word_1_406' title='bbox 1528 3644 1772 3715; x_wconf 79' lang='lat' dir='ltr'><strong>Alioquin</strong></span> <span class='ocrx_word' id='word_1_407' title='bbox 1801 3645 1916 3712; x_wconf 84' lang='lat' dir='ltr'><strong>ipsa</strong></span> <span class='ocrx_word' id='word_1_408' title='bbox 1934 3660 2066 3719; x_wconf 69' lang='lat' dir='ltr'><strong>quis</strong></span> 
     </span>
    </p>
   </div>
   <div class='ocr_carea' id='block_1_53' title="bbox 501 3734 2062 3805">
    <p class='ocr_par' dir='ltr' id='par_1_53' title="bbox 501 3734 2062 3805">
     <span class='ocr_line' id='line_1_53' title="bbox 501 3734 2062 3805; baseline 0.001 -17"><span class='ocrx_word' id='word_1_409' title='bbox 501 3734 558 3788; x_wconf 80' lang='lat' dir='ltr'><strong>in</strong></span> <span class='ocrx_word' id='word_1_410' title='bbox 588 3734 668 3790; x_wconf 79' lang='lat' dir='ltr'><strong>his</strong></span> <span class='ocrx_word' id='word_1_411' title='bbox 702 3736 935 3804; x_wconf 72' lang='lat' dir='ltr'><strong>epistolis</strong></span> <span class='ocrx_word' id='word_1_412' title='bbox 978 3736 1156 3790; x_wconf 81' lang='lat' dir='ltr'><strong>insunt</strong></span> <span class='ocrx_word' id='word_1_413' title='bbox 1196 3753 1369 3800; x_wconf 85' lang='lat' dir='ltr'><strong>sensa,</strong></span> <span class='ocrx_word' id='word_1_414' title='bbox 1401 3736 1637 3790; x_wconf 80' lang='lat' dir='ltr'><strong>nonnihil</strong></span> <span class='ocrx_word' id='word_1_415' title='bbox 1678 3736 1879 3805; x_wconf 81' lang='lat' dir='ltr'><strong>objecta</strong></span> <span class='ocrx_word' id='word_1_416' title='bbox 1919 3745 2062 3802; x_wconf 86' lang='lat' dir='ltr'><strong>sunt,</strong></span> 
     </span>
    </p>
   </div>
   <div class='ocr_carea' id='block_1_54' title="bbox 501 3827 2060 3896">
    <p class='ocr_par' dir='ltr' id='par_1_54' title="bbox 501 3827 2060 3896">
     <span class='ocr_line' id='line_1_54' title="bbox 501 3827 2060 3896; baseline 0.003 -17"><span class='ocrx_word' id='word_1_417' title='bbox 501 3840 597 3880; x_wconf 80' lang='lat' dir='ltr'><strong>nec</strong></span> <span class='ocrx_word' id='word_1_418' title='bbox 642 3827 985 3880; x_wconf 84' lang='lat' dir='ltr'><strong>continentem</strong></span> <span class='ocrx_word' id='word_1_419' title='bbox 1029 3828 1213 3881; x_wconf 80' lang='lat' dir='ltr'><strong>seriem</strong></span> <span class='ocrx_word' id='word_1_420' title='bbox 1261 3844 1323 3880; x_wconf 87' lang='lat' dir='ltr'><strong>ac</strong></span> <span class='ocrx_word' id='word_1_421' title='bbox 1371 3828 1788 3896; x_wconf 82' lang='lat' dir='ltr'><strong>consequentiam</strong></span> <span class='ocrx_word' id='word_1_422' title='bbox 1834 3839 2060 3885; x_wconf 84' lang='lat' dir='ltr'><strong>servant.</strong></span> 
     </span>
    </p>
   </div>
   <div class='ocr_carea' id='block_1_55' title="bbox 499 3917 2062 3993">
    <p class='ocr_par' dir='ltr' id='par_1_55' title="bbox 499 3917 2062 3993">
     <span class='ocr_line' id='line_1_55' title="bbox 499 3917 2062 3993; baseline 0.001 -17"><span class='ocrx_word' id='word_1_423' title='bbox 499 3917 737 3977; x_wconf 69' lang='lat' dir='ltr'><strong>Videsne</strong></span> <span class='ocrx_word' id='word_1_424' title='bbox 764 3922 966 3977; x_wconf 91' lang='lat' dir='ltr'><strong>nihilin</strong></span> <span class='ocrx_word' id='word_1_425' title='bbox 989 3923 1288 3993; x_wconf 89' lang='lat' dir='ltr'><strong>posteriore</strong></span> <span class='ocrx_word' id='word_1_426' title='bbox 1310 3929 1499 3976; x_wconf 89' lang='lat' dir='ltr'><strong>notare</strong></span> <span class='ocrx_word' id='word_1_427' title='bbox 1516 3920 1935 3992; x_wconf 90' lang='lat' dir='ltr'><strong>Pllotium,quod</strong></span> <span class='ocrx_word' id='word_1_428' title='bbox 1954 3936 2062 3977; x_wconf 91' lang='lat' dir='ltr'><strong>non</strong></span> 
     </span>
    </p>
   </div>
   <div class='ocr_carea' id='block_1_56' title="bbox 497 4009 2062 4082">
    <p class='ocr_par' dir='ltr' id='par_1_56' title="bbox 497 4009 2062 4082">
     <span class='ocr_line' id='line_1_56' title="bbox 497 4009 2062 4082; baseline -0.001 -14"><span class='ocrx_word' id='word_1_429' title='bbox 497 4019 554 4068; x_wconf 88' lang='lat' dir='ltr'><strong>et</strong></span> <span class='ocrx_word' id='word_1_430' title='bbox 576 4013 740 4082; x_wconf 89' lang='lat' dir='ltr'><strong>priori</strong></span> <span class='ocrx_word' id='word_1_431' title='bbox 770 4028 893 4066; x_wconf 93' lang='lat' dir='ltr'><strong>cum</strong></span> <span class='ocrx_word' id='word_1_432' title='bbox 915 4027 978 4067; x_wconf 88' lang='lat' dir='ltr'><strong>ea</strong></span> <span class='ocrx_word' id='word_1_433' title='bbox 1005 4026 1125 4067; x_wconf 89' lang='lat' dir='ltr'><strong>esse</strong></span> <span class='ocrx_word' id='word_1_434' title='bbox 1148 4025 1436 4066; x_wconf 89' lang='lat' dir='ltr'><strong>commune</strong></span> <span class='ocrx_word' id='word_1_435' title='bbox 1464 4011 1808 4080; x_wconf 86' lang='lat' dir='ltr'><strong>pronuntiet?</strong></span> <span class='ocrx_word' id='word_1_436' title='bbox 1836 4009 2062 4066; x_wconf 87' lang='lat' dir='ltr'><strong>Photills</strong></span> 
     </span>
    </p>
   </div>
   <div class='ocr_carea' id='block_1_57' title="bbox 499 4100 2060 4172">
    <p class='ocr_par' dir='ltr' id='par_1_57' title="bbox 499 4100 2060 4172">
     <span class='ocr_line' id='line_1_57' title="bbox 499 4100 2060 4172; baseline -0.001 -16"><span class='ocrx_word' id='word_1_437' title='bbox 499 4101 682 4172; x_wconf 77' lang='lat' dir='ltr'><strong>igitur,</strong></span> <span class='ocrx_word' id='word_1_438' title='bbox 716 4110 774 4157; x_wconf 80' lang='lat' dir='ltr'><strong>ut</strong></span> <span class='ocrx_word' id='word_1_439' title='bbox 806 4102 931 4172; x_wconf 89' lang='lat' dir='ltr'><strong>jure</strong></span> <span class='ocrx_word' id='word_1_440' title='bbox 951 4101 1128 4171; x_wconf 80' lang='lat' dir='ltr'><strong>arguit</strong></span> <span class='ocrx_word' id='word_1_441' title='bbox 1156 4100 1500 4165; x_wconf 89' lang='lat' dir='ltr'><strong>Coutantius,</strong></span> <span class='ocrx_word' id='word_1_442' title='bbox 1531 4100 1816 4169; x_wconf 88' lang='lat' dir='ltr'><strong>utriusque</strong></span> <span class='ocrx_word' id='word_1_443' title='bbox 1860 4100 1961 4155; x_wconf 84' lang='lat' dir='ltr'><strong>hac</strong></span> <span class='ocrx_word' id='word_1_444' title='bbox 2005 4100 2060 4154; x_wconf 91' lang='lat' dir='ltr'><strong>in</strong></span> 
     </span>
    </p>
   </div>
   <div class='ocr_carea' id='block_1_58' title="bbox 496 4193 2057 4265">
    <p class='ocr_par' dir='ltr' id='par_1_58' title="bbox 496 4193 2057 4265">
     <span class='ocr_line' id='line_1_58' title="bbox 496 4193 2057 4265; baseline -0.001 -15"><span class='ocrx_word' id='word_1_445' title='bbox 496 4210 561 4252; x_wconf 85' lang='lat' dir='ltr'><strong>re</strong></span> <span class='ocrx_word' id='word_1_446' title='bbox 588 4211 914 4251; x_wconf 89' lang='lat' dir='ltr'><strong>consensum</strong></span> <span class='ocrx_word' id='word_1_447' title='bbox 945 4194 1258 4265; x_wconf 89' lang='lat' dir='ltr'><strong>indigitans,</strong></span> <span class='ocrx_word' id='word_1_448' title='bbox 1312 4194 1379 4248; x_wconf 86' lang='lat' dir='ltr'><strong>ad</strong></span> <span class='ocrx_word' id='word_1_449' title='bbox 1409 4200 1695 4261; x_wconf 90' lang='lat' dir='ltr'><strong>utramque</strong></span> <span class='ocrx_word' id='word_1_450' title='bbox 1736 4193 1937 4262; x_wconf 89' lang='lat' dir='ltr'><strong>pariter</strong></span> <span class='ocrx_word' id='word_1_451' title='bbox 1967 4210 2057 4249; x_wconf 85' lang='lat' dir='ltr'><strong>su-</strong></span> 
     </span>
    </p>
   </div>
   <div class='ocr_carea' id='block_1_59' title="bbox 497 4281 2052 4354">
    <p class='ocr_par' dir='ltr' id='par_1_59' title="bbox 497 4281 2052 4354">
     <span class='ocr_line' id='line_1_59' title="bbox 497 4281 2052 4354; baseline -0.003 -14"><span class='ocrx_word' id='word_1_452' title='bbox 497 4284 829 4354; x_wconf 88' lang='lat' dir='ltr'><strong>scipiendam</strong></span> <span class='ocrx_word' id='word_1_453' title='bbox 882 4299 984 4342; x_wconf 91' lang='lat' dir='ltr'><strong>nos</strong></span> <span class='ocrx_word' id='word_1_454' title='bbox 1046 4281 1444 4354; x_wconf 90' lang='lat' dir='ltr'><strong>quodammodo</strong></span> <span class='ocrx_word' id='word_1_455' title='bbox 1495 4282 1740 4348; x_wconf 89' lang='lat' dir='ltr'><strong>inducit,</strong></span> <span class='ocrx_word' id='word_1_456' title='bbox 1783 4282 2052 4348; x_wconf 89' lang='lat' dir='ltr'><strong>hortatur,</strong></span> 
     </span>
    </p>
   </div>
   <div class='ocr_carea' id='block_1_60' title="bbox 488 4382 765 4446">
    <p class='ocr_par' dir='ltr' id='par_1_60' title="bbox 488 4382 765 4446">
     <span class='ocr_line' id='line_1_60' title="bbox 488 4382 765 4446; baseline 0.011 -19"><span class='ocrx_word' id='word_1_457' title='bbox 488 4382 765 4446; x_wconf 73' lang='lat' dir='ltr'><strong>perurget.</strong></span> 
     </span>
    </p>
   </div>
   <div class='ocr_carea' id='block_1_61' title="bbox 567 4463 2048 4536">
    <p class='ocr_par' dir='ltr' id='par_1_61' title="bbox 567 4463 2048 4536">
     <span class='ocr_line' id='line_1_61' title="bbox 567 4463 2048 4536; baseline 0.003 -20"><span class='ocrx_word' id='word_1_458' title='bbox 567 4464 839 4520; x_wconf 87' lang='lat' dir='ltr'><strong>Hactenus</strong></span> <span class='ocrx_word' id='word_1_459' title='bbox 863 4481 989 4519; x_wconf 89' lang='lat' dir='ltr'><strong>cum</strong></span> <span class='ocrx_word' id='word_1_460' title='bbox 1017 4464 1216 4521; x_wconf 86' lang='lat' dir='ltr'><strong>Grabio</strong></span> <span class='ocrx_word' id='word_1_461' title='bbox 1238 4481 1427 4522; x_wconf 91' lang='lat' dir='ltr'><strong>sumus</strong></span> <span class='ocrx_word' id='word_1_462' title='bbox 1453 4464 1508 4520; x_wconf 92' lang='lat' dir='ltr'><strong>in</strong></span> <span class='ocrx_word' id='word_1_463' title='bbox 1530 4463 1723 4536; x_wconf 87' lang='lat' dir='ltr'><strong>primis</strong></span> <span class='ocrx_word' id='word_1_464' title='bbox 1744 4464 2048 4535; x_wconf 87' lang='lat' dir='ltr'><strong>congressi;</strong></span> 
     </span>
    </p>
   </div>
   <div class='ocr_carea' id='block_1_62' title="bbox 495 4556 2045 4627">
    <p class='ocr_par' dir='ltr' id='par_1_62' title="bbox 495 4556 2045 4627">
     <span class='ocr_line' id='line_1_62' title="bbox 495 4556 2045 4627; baseline 0 -19"><span class='ocrx_word' id='word_1_465' title='bbox 495 4556 589 4626; x_wconf 90' lang='lat' dir='ltr'><strong>qui</strong></span> <span class='ocrx_word' id='word_1_466' title='bbox 621 4563 801 4611; x_wconf 89' lang='lat' dir='ltr'><strong>tamen</strong></span> <span class='ocrx_word' id='word_1_467' title='bbox 833 4556 1089 4627; x_wconf 84' lang='lat' dir='ltr'><strong>deinceps</strong></span> <span class='ocrx_word' id='word_1_468' title='bbox 1119 4559 1358 4613; x_wconf 89' lang='lat' dir='ltr'><strong>animum</strong></span> <span class='ocrx_word' id='word_1_469' title='bbox 1389 4566 1633 4612; x_wconf 89' lang='lat' dir='ltr'><strong>mutasse</strong></span> <span class='ocrx_word' id='word_1_470' title='bbox 1688 4556 2002 4625; x_wconf 85' lang='lat' dir='ltr'><strong>perhibetur</strong></span> <span class='ocrx_word' id='word_1_471' title='bbox 2032 4573 2045 4608; x_wconf 93' lang='lat'>:</span> 
     </span>
    </p>
   </div>
   <div class='ocr_carea' id='block_1_63' title="bbox 491 4645 2048 4717">
    <p class='ocr_par' dir='ltr' id='par_1_63' title="bbox 491 4645 2048 4717">
     <span class='ocr_line' id='line_1_63' title="bbox 491 4645 2048 4717; baseline 0.001 -18"><span class='ocrx_word' id='word_1_472' title='bbox 491 4645 762 4715; x_wconf 80' lang='lat' dir='ltr'><strong>siquidem</strong></span> <span class='ocrx_word' id='word_1_473' title='bbox 794 4645 920 4699; x_wconf 87' lang='lat' dir='ltr'><strong>alibi</strong></span> <span class='ocrx_word' id='word_1_474' title='bbox 954 4645 1066 4717; x_wconf 71' lang='grc'><strong>(41)</strong></span> <span class='ocrx_word' id='word_1_475' title='bbox 1098 4647 1277 4701; x_wconf 90' lang='lat' dir='ltr'><strong>locum</strong></span> <span class='ocrx_word' id='word_1_476' title='bbox 1304 4663 1369 4701; x_wconf 82' lang='lat' dir='ltr'><strong>ex</strong></span> <span class='ocrx_word' id='word_1_477' title='bbox 1392 4646 1631 4716; x_wconf 89' lang='lat' dir='ltr'><strong>Epistola</strong></span> <span class='ocrx_word' id='word_1_478' title='bbox 1660 4645 1726 4713; x_wconf 88' lang='lat' dir='ltr'><strong>ll,</strong></span> <span class='ocrx_word' id='word_1_479' title='bbox 1756 4654 1809 4700; x_wconf 90' lang='lat' dir='ltr'><strong>et</strong></span> <span class='ocrx_word' id='word_1_480' title='bbox 1830 4646 2048 4716; x_wconf 89' lang='lat' dir='ltr'><strong>quidem</strong></span> 
     </span>
    </p>
   </div>
   <div class='ocr_carea' id='block_1_64' title="bbox 492 4735 2048 4807">
    <p class='ocr_par' dir='ltr' id='par_1_64' title="bbox 492 4735 2048 4807">
     <span class='ocr_line' id='line_1_64' title="bbox 492 4735 2048 4807; baseline -0.001 -16"><span class='ocrx_word' id='word_1_481' title='bbox 492 4744 752 4807; x_wconf 80' lang='lat' dir='ltr'><strong>tanquam</strong></span> <span class='ocrx_word' id='word_1_482' title='bbox 809 4737 1205 4791; x_wconf 92' lang='lat' dir='ltr'><strong>Clementinum</strong></span> <span class='ocrx_word' id='word_1_483' title='bbox 1262 4747 1582 4807; x_wconf 89' lang='lat' dir='ltr'><strong>acceptum,</strong></span> <span class='ocrx_word' id='word_1_484' title='bbox 1639 4744 1831 4790; x_wconf 89' lang='lat' dir='ltr'><strong>contra</strong></span> <span class='ocrx_word' id='word_1_485' title='bbox 1890 4735 2048 4790; x_wconf 69' lang='lat' dir='ltr'><strong>Luca:</strong></span> 
     </span>
    </p>
   </div>
   <div class='ocr_carea' id='block_1_65' title="bbox 494 4825 2048 4884">
    <p class='ocr_par' dir='ltr' id='par_1_65' title="bbox 494 4825 2048 4884">
     <span class='ocr_line' id='line_1_65' title="bbox 494 4825 2048 4884; baseline -0.001 -1"><span class='ocrx_word' id='word_1_486' title='bbox 494 4828 739 4884; x_wconf 78' lang='lat' dir='ltr'><strong>Mellierii</strong></span> <span class='ocrx_word' id='word_1_487' title='bbox 787 4827 1089 4883; x_wconf 89' lang='lat' dir='ltr'><strong>Artemonii</strong></span> <span class='ocrx_word' id='word_1_488' title='bbox 1119 4842 1214 4883; x_wconf 91' lang='lat' dir='ltr'><strong>seu</strong></span> <span class='ocrx_word' id='word_1_489' title='bbox 1244 4825 1511 4882; x_wconf 88' lang='lat' dir='ltr'><strong>Samuelis</strong></span> <span class='ocrx_word' id='word_1_490' title='bbox 1542 4827 1722 4881; x_wconf 88' lang='lat' dir='ltr'><strong>Crellii</strong></span> <span class='ocrx_word' id='word_1_491' title='bbox 1748 4826 2048 4881; x_wconf 87' lang='lat' dir='ltr'><strong>cavillatio-</strong></span> 
     </span>
    </p>
   </div>
   <div class='ocr_carea' id='block_1_66' title="bbox 450 4908 2044 4997">
    <p class='ocr_par' dir='ltr' id='par_1_66' title="bbox 450 4908 2044 4997">
     <span class='ocr_line' id='line_1_66' title="bbox 450 4908 2044 4997; baseline -0.005 -20"><span class='ocrx_word' id='word_1_492' title='bbox 450 4908 592 4997; x_wconf 49' lang='lat' dir='ltr'><strong>ines</strong></span> <span class='ocrx_word' id='word_1_493' title='bbox 615 4920 816 4975; x_wconf 84' lang='lat' dir='ltr'><strong>acriter</strong></span> <span class='ocrx_word' id='word_1_494' title='bbox 843 4927 1147 4990; x_wconf 88' lang='lat' dir='ltr'><strong>propugnat</strong></span> <span class='ocrx_word' id='word_1_495' title='bbox 1174 4936 1186 4971; x_wconf 92' lang='lat'>:</span> <span class='ocrx_word' id='word_1_496' title='bbox 1214 4920 1348 4973; x_wconf 87' lang='lat' dir='ltr'><strong>adeo</strong></span> <span class='ocrx_word' id='word_1_497' title='bbox 1378 4925 1438 4971; x_wconf 92' lang='lat' dir='ltr'><strong>llt</strong></span> <span class='ocrx_word' id='word_1_498' title='bbox 1467 4919 1582 4974; x_wconf 91' lang='lat' dir='ltr'><strong>sive</strong></span> <span class='ocrx_word' id='word_1_499' title='bbox 1609 4916 1891 4971; x_wconf 68' lang='lat' dir='ltr'><strong>Grabianae</strong></span> <span class='ocrx_word' id='word_1_500' title='bbox 1921 4932 2044 4971; x_wconf 87' lang='lat' dir='ltr'><strong>sen-</strong></span> 
     </span>
    </p>
   </div>
   <div class='ocr_carea' id='block_1_67' title="bbox 463 5002 2044 5084">
    <p class='ocr_par' dir='ltr' id='par_1_67' title="bbox 463 5002 2044 5084">
     <span class='ocr_line' id='line_1_67' title="bbox 463 5002 2044 5084; baseline -0.005 -14"><span class='ocrx_word' id='word_1_501' title='bbox 463 5002 673 5070; x_wconf 62' lang='lat' dir='ltr'><strong>tentia:</strong></span> <span class='ocrx_word' id='word_1_502' title='bbox 700 5012 969 5084; x_wconf 72' lang='lat' dir='ltr'><strong>patronis,</strong></span> <span class='ocrx_word' id='word_1_503' title='bbox 998 5011 1114 5068; x_wconf 90' lang='lat' dir='ltr'><strong>sive</strong></span> <span class='ocrx_word' id='word_1_504' title='bbox 1162 5010 1243 5065; x_wconf 83' lang='lat' dir='ltr'><strong>vel</strong></span> <span class='ocrx_word' id='word_1_505' title='bbox 1295 5008 1397 5079; x_wconf 88' lang='lat' dir='ltr'><strong>ipsi</strong></span> <span class='ocrx_word' id='word_1_506' title='bbox 1444 5006 1643 5064; x_wconf 90' lang='lat' dir='ltr'><strong>Grabio</strong></span> <span class='ocrx_word' id='word_1_507' title='bbox 1687 5009 1822 5064; x_wconf 88' lang='lat' dir='ltr'><strong>nihil</strong></span> <span class='ocrx_word' id='word_1_508' title='bbox 1851 5008 2044 5080; x_wconf 89' lang='lat' dir='ltr'><strong>reliqui</strong></span> 
     </span>
    </p>
   </div>
   <div class='ocr_carea' id='block_1_68' title="bbox 489 5105 1631 5189">
    <p class='ocr_par' dir='ltr' id='par_1_68' title="bbox 489 5105 1631 5189">
     <span class='ocr_line' id='line_1_68' title="bbox 489 5105 1631 5189; baseline -0.011 -27"><span class='ocrx_word' id='word_1_509' title='bbox 489 5121 613 5162; x_wconf 87' lang='lat' dir='ltr'><strong>esse</strong></span> <span class='ocrx_word' id='word_1_510' title='bbox 645 5105 912 5161; x_wconf 81' lang='lat' dir='ltr'><strong>videatur.</strong></span> <span class='ocrx_word' id='word_1_511' title='bbox 1619 5170 1631 5189; x_wconf 40' lang='grc' dir='ltr'><strong>Ι</strong></span> 
     </span>
    </p>
   </div>
   <div class='ocr_carea' id='block_1_69' title="bbox 560 5189 2034 5267">
    <p class='ocr_par' dir='ltr' id='par_1_69' title="bbox 560 5189 2034 5267">
     <span class='ocr_line' id='line_1_69' title="bbox 560 5189 2034 5267; baseline -0.001 -18"><span class='ocrx_word' id='word_1_512' title='bbox 560 5195 673 5251; x_wconf 76' lang='lat' dir='ltr'><strong>VII.</strong></span> <span class='ocrx_word' id='word_1_513' title='bbox 704 5194 844 5251; x_wconf 88' lang='lat' dir='ltr'><strong>Sunt</strong></span> <span class='ocrx_word' id='word_1_514' title='bbox 888 5196 1132 5267; x_wconf 89' lang='lat' dir='ltr'><strong>insuper,</strong></span> <span class='ocrx_word' id='word_1_515' title='bbox 1164 5194 1255 5265; x_wconf 92' lang='lat' dir='ltr'><strong>qui</strong></span> <span class='ocrx_word' id='word_1_516' title='bbox 1295 5194 1545 5249; x_wconf 63' lang='lat' dir='ltr'><strong>secunda:</strong></span> <span class='ocrx_word' id='word_1_517' title='bbox 1574 5191 1737 5262; x_wconf 85' lang='lat' dir='ltr'><strong>hujus</strong></span> <span class='ocrx_word' id='word_1_518' title='bbox 1777 5189 2034 5262; x_wconf 62' lang='lat' dir='ltr'><strong>Epistola:</strong></span> 
     </span>
    </p>
   </div>
   <div class='ocr_carea' id='block_1_70' title="bbox 582 5364 2034 5439">
    <p class='ocr_par' dir='ltr' id='par_1_70' title="bbox 582 5364 2034 5439">
     <span class='ocr_line' id='line_1_70' title="bbox 582 5364 2034 5439; baseline -0.006 -12"><span class='ocrx_word' id='word_1_519' title='bbox 582 5370 671 5433; x_wconf 75' lang='lat'><strong>58)</strong></span> <span class='ocrx_word' id='word_1_520' title='bbox 705 5369 983 5434; x_wconf 87' lang='lat' dir='ltr'><strong>Coutant.,</strong></span> <span class='ocrx_word' id='word_1_521' title='bbox 1017 5365 1189 5439; x_wconf 83' lang='lat' dir='ltr'><strong>Epist.</strong></span> <span class='ocrx_word' id='word_1_522' title='bbox 1216 5365 1368 5439; x_wconf 49' lang='lat' dir='ltr'><strong>Rom.</strong></span> <span class='ocrx_word' id='word_1_523' title='bbox 1388 5366 1615 5439; x_wconf 46' lang='lat' dir='ltr'><strong>Pontif&quot;</strong></span> <span class='ocrx_word' id='word_1_524' title='bbox 1646 5382 1766 5439; x_wconf 67' lang='lat' dir='ltr'><strong>pag.</strong></span> <span class='ocrx_word' id='word_1_525' title='bbox 1798 5364 1887 5429; x_wconf 82' lang='lat'><strong>&#39;59,</strong></span> <span class='ocrx_word' id='word_1_526' title='bbox 1921 5365 1949 5437; x_wconf 84' lang='lat'><strong>§</strong></span> <span class='ocrx_word' id='word_1_527' title='bbox 1983 5382 2034 5419; x_wconf 92' lang='lat' dir='ltr'><strong>v.</strong></span> 
     </span>
    </p>
   </div>
   <div class='ocr_carea' id='block_1_71' title="bbox 583 5437 1757 5509">
    <p class='ocr_par' dir='ltr' id='par_1_71' title="bbox 583 5437 1757 5509">
     <span class='ocr_line' id='line_1_71' title="bbox 583 5437 1757 5509; baseline -0.006 -12"><span class='ocrx_word' id='word_1_528' title='bbox 583 5441 673 5509; x_wconf 78' lang='lat'><strong>39)</strong></span> <span class='ocrx_word' id='word_1_529' title='bbox 714 5441 871 5505; x_wconf 86' lang='lat' dir='ltr'><strong>Mill.,</strong></span> <span class='ocrx_word' id='word_1_530' title='bbox 901 5437 1200 5509; x_wconf 86' lang='lat' dir='ltr'><strong>Prolegonl.</strong></span> <span class='ocrx_word' id='word_1_531' title='bbox 1235 5441 1301 5493; x_wconf 85' lang='lat' dir='ltr'><strong>ad</strong></span> <span class='ocrx_word' id='word_1_532' title='bbox 1326 5437 1389 5492; x_wconf 79' lang='grc' dir='ltr'><strong>Ν.</strong></span> <span class='ocrx_word' id='word_1_533' title='bbox 1422 5438 1509 5503; x_wconf 83' lang='grc' dir='ltr'><strong>Τ.,</strong></span> <span class='ocrx_word' id='word_1_534' title='bbox 1547 5437 1602 5491; x_wconf 86' lang='lat' dir='ltr'><strong>ll.</strong></span> <span class='ocrx_word' id='word_1_535' title='bbox 1635 5437 1757 5490; x_wconf 77' lang='grc'><strong>147.</strong></span> 
     </span>
    </p>
   </div>
   <div class='ocr_carea' id='block_1_72' title="bbox 558 5510 1202 5577">
    <p class='ocr_par' dir='ltr' id='par_1_72' title="bbox 558 5510 1202 5577">
     <span class='ocr_line' id='line_1_72' title="bbox 558 5510 1202 5577; baseline -0.005 -12"><span class='ocrx_word' id='word_1_536' title='bbox 558 5510 671 5577; x_wconf 67' lang='grc'><strong>(40)</strong></span> <span class='ocrx_word' id='word_1_537' title='bbox 710 5510 844 5577; x_wconf 78' lang='lat' dir='ltr'><strong>Bibl.</strong></span> <span class='ocrx_word' id='word_1_538' title='bbox 875 5511 996 5565; x_wconf 90' lang='lat' dir='ltr'><strong>cod.</strong></span> <span class='ocrx_word' id='word_1_539' title='bbox 1024 5525 1202 5564; x_wconf 79' lang='lat' dir='ltr'><strong>cxxvl.</strong></span> 
     </span>
    </p>
   </div>
   <div class='ocr_carea' id='block_1_73' title="bbox 560 5574 2031 5652">
    <p class='ocr_par' dir='ltr' id='par_1_73' title="bbox 560 5574 2031 5652">
     <span class='ocr_line' id='line_1_73' title="bbox 560 5574 2031 5652; baseline -0.003 -18"><span class='ocrx_word' id='word_1_540' title='bbox 560 5574 672 5652; x_wconf 66' lang='grc' dir='ltr'><strong>(Η)</strong></span> <span class='ocrx_word' id='word_1_541' title='bbox 708 5574 911 5652; x_wconf 76' lang='lat' dir='ltr'><strong>A_nn9t_._</strong></span> <span class='ocrx_word' id='word_1_542' title='bbox 936 5579 1002 5631; x_wconf 87' lang='lat' dir='ltr'><strong>ad</strong></span> <span class='ocrx_word' id='word_1_543' title='bbox 1050 5576 1298 5652; x_wconf 35' lang='lat' dir='ltr'><strong>G.Al}lllli</strong></span> <span class='ocrx_word' id='word_1_544' title='bbox 1334 5576 1539 5634; x_wconf 89' lang='lat' dir='ltr'><strong>defens.</strong></span> <span class='ocrx_word' id='word_1_545' title='bbox 1574 5575 1662 5633; x_wconf 80' lang='lat' dir='ltr'><strong>ﬁll.</strong></span> <span class='ocrx_word' id='word_1_546' title='bbox 1694 5577 1836 5646; x_wconf 83' lang='lat' dir='ltr'><strong>Nic.,</strong></span> <span class='ocrx_word' id='word_1_547' title='bbox 1895 5582 2031 5631; x_wconf 84' lang='lat' dir='ltr'><strong>sect.</strong></span> 
     </span>
    </p>
   </div>
   <div class='ocr_carea' id='block_1_74' title="bbox 489 5646 1208 5721">
    <p class='ocr_par' dir='ltr' id='par_1_74' title="bbox 489 5646 1208 5721">
     <span class='ocr_line' id='line_1_74' title="bbox 489 5646 1208 5721; baseline -0.018 -15"><span class='ocrx_word' id='word_1_548' title='bbox 489 5646 708 5721; x_wconf 50' lang='grc' dir='ltr'><strong>Πίσον.</strong></span> <span class='ocrx_word' id='word_1_549' title='bbox 740 5649 794 5713; x_wconf 69' lang='grc' dir='ltr'><strong>ὅ,</strong></span> <span class='ocrx_word' id='word_1_550' title='bbox 826 5648 853 5718; x_wconf 66' lang='grc' dir='ltr'><strong>Ξ</strong></span> <span class='ocrx_word' id='word_1_551' title='bbox 884 5648 933 5715; x_wconf 72' lang='lat'><strong>5,</strong></span> <span class='ocrx_word' id='word_1_552' title='bbox 971 5662 1089 5716; x_wconf 79' lang='lat' dir='ltr'><strong>pag.</strong></span> <span class='ocrx_word' id='word_1_553' title='bbox 1123 5646 1208 5698; x_wconf 74' lang='lat'><strong>62.</strong></span> 
     </span>
    </p>
   </div>
   <div class='ocr_carea' id='block_1_75' title="bbox 2183 1823 3735 1897">
    <p class='ocr_par' dir='ltr' id='par_1_75' title="bbox 2183 1823 3735 1897">
     <span class='ocr_line' id='line_1_75' title="bbox 2183 1823 3735 1897; baseline 0.005 -21"><span class='ocrx_word' id='word_1_554' title='bbox 2183 1823 2328 1893; x_wconf 91' lang='lat' dir='ltr'><strong>quod</strong></span> <span class='ocrx_word' id='word_1_555' title='bbox 2358 1838 2495 1892; x_wconf 87' lang='lat' dir='ltr'><strong>opus</strong></span> <span class='ocrx_word' id='word_1_556' title='bbox 2524 1823 2626 1878; x_wconf 91' lang='lat' dir='ltr'><strong>sub</strong></span> <span class='ocrx_word' id='word_1_557' title='bbox 2648 1825 2866 1880; x_wconf 85' lang='lat' dir='ltr'><strong>nomine</strong></span> <span class='ocrx_word' id='word_1_558' title='bbox 2888 1825 3182 1882; x_wconf 90' lang='lat' dir='ltr'><strong>Clementis</strong></span> <span class='ocrx_word' id='word_1_559' title='bbox 3202 1826 3475 1882; x_wconf 81' lang='lat' dir='ltr'><strong>ferebatur</strong></span> <span class='ocrx_word' id='word_1_560' title='bbox 3494 1867 3509 1893; x_wconf 94' lang='lat'><strong>,</strong></span> <span class='ocrx_word' id='word_1_561' title='bbox 3536 1828 3735 1897; x_wconf 89' lang='lat' dir='ltr'><strong>conjici</strong></span> 
     </span>
    </p>
   </div>
   <div class='ocr_carea' id='block_1_76' title="bbox 2180 1917 3736 1988">
    <p class='ocr_par' dir='ltr' id='par_1_76' title="bbox 2180 1917 3736 1988">
     <span class='ocr_line' id='line_1_76' title="bbox 2180 1917 3736 1988; baseline 0.004 -20"><span class='ocrx_word' id='word_1_562' title='bbox 2180 1923 2367 1984; x_wconf 88' lang='lat' dir='ltr'><strong>posset</strong></span> <span class='ocrx_word' id='word_1_563' title='bbox 2392 1922 2638 1970; x_wconf 89' lang='lat' dir='ltr'><strong>nostrum</strong></span> <span class='ocrx_word' id='word_1_564' title='bbox 2671 1917 2815 1972; x_wconf 91' lang='lat' dir='ltr'><strong>hunc</strong></span> <span class='ocrx_word' id='word_1_565' title='bbox 2848 1918 3189 1988; x_wconf 88' lang='lat' dir='ltr'><strong>scriptorem,</strong></span> <span class='ocrx_word' id='word_1_566' title='bbox 3208 1921 3465 1974; x_wconf 90' lang='lat' dir='ltr'><strong>memoria</strong></span> <span class='ocrx_word' id='word_1_567' title='bbox 3488 1921 3736 1975; x_wconf 82' lang='lat' dir='ltr'><strong>eﬂluenle</strong></span> 
     </span>
    </p>
   </div>
   <div class='ocr_carea' id='block_1_77' title="bbox 2182 2004 3736 2078">
    <p class='ocr_par' dir='ltr' id='par_1_77' title="bbox 2182 2004 3736 2078">
     <span class='ocr_line' id='line_1_77' title="bbox 2182 2004 3736 2078; baseline 0.005 -21"><span class='ocrx_word' id='word_1_568' title='bbox 2182 2004 2545 2068; x_wconf 76' lang='lat' dir='ltr'><strong>existimasse,</strong></span> <span class='ocrx_word' id='word_1_569' title='bbox 2570 2004 2671 2059; x_wconf 89' lang='lat' dir='ltr'><strong>hoc</strong></span> <span class='ocrx_word' id='word_1_570' title='bbox 2698 2004 2913 2076; x_wconf 67' lang='lat' dir='ltr'><strong>Sibyllae</strong></span> <span class='ocrx_word' id='word_1_571' title='bbox 2942 2007 3310 2062; x_wconf 88' lang='lat' dir='ltr'><strong>testimonium</strong></span> <span class='ocrx_word' id='word_1_572' title='bbox 3348 2009 3491 2078; x_wconf 92' lang='lat' dir='ltr'><strong>quod</strong></span> <span class='ocrx_word' id='word_1_573' title='bbox 3518 2010 3569 2063; x_wconf 91' lang='lat' dir='ltr'><strong>in</strong></span> <span class='ocrx_word' id='word_1_574' title='bbox 3596 2009 3736 2064; x_wconf 88' lang='lat' dir='ltr'><strong>Con-</strong></span> 
     </span>
    </p>
   </div>
   <div class='ocr_carea' id='block_1_78' title="bbox 2179 2095 3731 2169">
    <p class='ocr_par' dir='ltr' id='par_1_78' title="bbox 2179 2095 3731 2169">
     <span class='ocr_line' id='line_1_78' title="bbox 2179 2095 3731 2169; baseline 0.004 -21"><span class='ocrx_word' id='word_1_575' title='bbox 2179 2095 2539 2149; x_wconf 82' lang='lat' dir='ltr'><strong>stitutionibus</strong></span> <span class='ocrx_word' id='word_1_576' title='bbox 2570 2097 2872 2164; x_wconf 85' lang='lat' dir='ltr'><strong>apostolicis</strong></span> <span class='ocrx_word' id='word_1_577' title='bbox 2897 2097 3120 2169; x_wconf 85' lang='lat' dir='ltr'><strong>legerat,</strong></span> <span class='ocrx_word' id='word_1_578' title='bbox 3154 2099 3207 2153; x_wconf 92' lang='lat' dir='ltr'><strong>in</strong></span> <span class='ocrx_word' id='word_1_579' title='bbox 3258 2098 3498 2168; x_wconf 88' lang='lat' dir='ltr'><strong>Epistola</strong></span> <span class='ocrx_word' id='word_1_580' title='bbox 3539 2100 3604 2155; x_wconf 87' lang='lat' dir='ltr'><strong>ad</strong></span> <span class='ocrx_word' id='word_1_581' title='bbox 3630 2102 3731 2156; x_wconf 85' lang='lat' dir='ltr'><strong>Co-</strong></span> 
     </span>
    </p>
   </div>
   <div class='ocr_carea' id='block_1_79' title="bbox 2178 2184 3732 2260">
    <p class='ocr_par' dir='ltr' id='par_1_79' title="bbox 2178 2184 3732 2260">
     <span class='ocr_line' id='line_1_79' title="bbox 2178 2184 3732 2260; baseline 0.006 -22"><span class='ocrx_word' id='word_1_582' title='bbox 2178 2184 2412 2240; x_wconf 89' lang='lat' dir='ltr'><strong>rinthios</strong></span> <span class='ocrx_word' id='word_1_583' title='bbox 2440 2193 2675 2240; x_wconf 81' lang='lat' dir='ltr'><strong>exstare.</strong></span> <span class='ocrx_word' id='word_1_584' title='bbox 2706 2184 2761 2239; x_wconf 90' lang='lat' dir='ltr'><strong>Si</strong></span> <span class='ocrx_word' id='word_1_585' title='bbox 2792 2187 2973 2242; x_wconf 92' lang='lat' dir='ltr'><strong>minus</strong></span> <span class='ocrx_word' id='word_1_586' title='bbox 3004 2189 3213 2257; x_wconf 88' lang='lat' dir='ltr'><strong>placeat</strong></span> <span class='ocrx_word' id='word_1_587' title='bbox 3250 2189 3366 2245; x_wconf 66' lang='lat' dir='ltr'><strong>haec</strong></span> <span class='ocrx_word' id='word_1_588' title='bbox 3394 2190 3732 2260; x_wconf 84' lang='lat' dir='ltr'><strong>conjectura,</strong></span> 
     </span>
    </p>
   </div>
   <div class='ocr_carea' id='block_1_80' title="bbox 2179 2275 3734 2341">
    <p class='ocr_par' dir='ltr' id='par_1_80' title="bbox 2179 2275 3734 2341">
     <span class='ocr_line' id='line_1_80' title="bbox 2179 2275 3734 2341; baseline 0.007 -11"><span class='ocrx_word' id='word_1_589' title='bbox 2179 2275 2315 2330; x_wconf 87' lang='lat' dir='ltr'><strong>illud</strong></span> <span class='ocrx_word' id='word_1_590' title='bbox 2365 2278 2554 2332; x_wconf 88' lang='lat' dir='ltr'><strong>saltem</strong></span> <span class='ocrx_word' id='word_1_591' title='bbox 2588 2293 2710 2331; x_wconf 89' lang='lat' dir='ltr'><strong>cum</strong></span> <span class='ocrx_word' id='word_1_592' title='bbox 2744 2278 3075 2334; x_wconf 87' lang='lat' dir='ltr'><strong>doctissimis</strong></span> <span class='ocrx_word' id='word_1_593' title='bbox 3104 2280 3240 2335; x_wconf 90' lang='lat' dir='ltr'><strong>viris</strong></span> <span class='ocrx_word' id='word_1_594' title='bbox 3279 2296 3592 2338; x_wconf 83' lang='lat' dir='ltr'><strong>asseverare</strong></span> <span class='ocrx_word' id='word_1_595' title='bbox 3621 2301 3734 2341; x_wconf 86' lang='lat' dir='ltr'><strong>non</strong></span> 
     </span>
    </p>
   </div>
   <div class='ocr_carea' id='block_1_81' title="bbox 2176 2364 3733 2438">
    <p class='ocr_par' dir='ltr' id='par_1_81' title="bbox 2176 2364 3733 2438">
     <span class='ocr_line' id='line_1_81' title="bbox 2176 2364 3733 2438; baseline 0.008 -19"><span class='ocrx_word' id='word_1_596' title='bbox 2176 2364 2455 2431; x_wconf 85' lang='lat' dir='ltr'><strong>dubitabo,</strong></span> <span class='ocrx_word' id='word_1_597' title='bbox 2490 2375 2735 2423; x_wconf 90' lang='lat' dir='ltr'><strong>nostrum</strong></span> <span class='ocrx_word' id='word_1_598' title='bbox 2782 2369 3099 2438; x_wconf 89' lang='lat' dir='ltr'><strong>scriptorem</strong></span> <span class='ocrx_word' id='word_1_599' title='bbox 3130 2370 3350 2427; x_wconf 87' lang='lat' dir='ltr'><strong>minime</strong></span> <span class='ocrx_word' id='word_1_600' title='bbox 3379 2387 3501 2426; x_wconf 90' lang='lat' dir='ltr'><strong>cum</strong></span> <span class='ocrx_word' id='word_1_601' title='bbox 3532 2375 3611 2429; x_wconf 91' lang='lat' dir='ltr'><strong>eis</strong></span> <span class='ocrx_word' id='word_1_602' title='bbox 3658 2377 3733 2432; x_wconf 83' lang='lat' dir='ltr'><strong>fa-</strong></span> 
     </span>
    </p>
   </div>
   <div class='ocr_carea' id='block_1_82' title="bbox 2176 2457 3729 2533">
    <p class='ocr_par' dir='ltr' id='par_1_82' title="bbox 2176 2457 3729 2533">
     <span class='ocr_line' id='line_1_82' title="bbox 2176 2457 3729 2533; baseline 0.005 -22"><span class='ocrx_word' id='word_1_603' title='bbox 2176 2470 2320 2519; x_wconf 88' lang='lat' dir='ltr'><strong>cere,</strong></span> <span class='ocrx_word' id='word_1_604' title='bbox 2366 2457 2459 2526; x_wconf 90' lang='lat' dir='ltr'><strong>qui</strong></span> <span class='ocrx_word' id='word_1_605' title='bbox 2492 2457 2612 2525; x_wconf 89' lang='lat' dir='ltr'><strong>ejus</strong></span> <span class='ocrx_word' id='word_1_606' title='bbox 2661 2458 2973 2512; x_wconf 87' lang='lat' dir='ltr'><strong>testimonio</strong></span> <span class='ocrx_word' id='word_1_607' title='bbox 3019 2466 3269 2525; x_wconf 89' lang='lat' dir='ltr'><strong>utuntur,</strong></span> <span class='ocrx_word' id='word_1_608' title='bbox 3317 2470 3376 2515; x_wconf 91' lang='lat' dir='ltr'><strong>ut</strong></span> <span class='ocrx_word' id='word_1_609' title='bbox 3432 2462 3729 2533; x_wconf 71' lang='lat' dir='ltr'><strong>Epistolalll</strong></span> 
     </span>
    </p>
   </div>
   <div class='ocr_carea' id='block_1_83' title="bbox 2177 2544 3732 2626">
    <p class='ocr_par' dir='ltr' id='par_1_83' title="bbox 2177 2544 3732 2626">
     <span class='ocr_line' id='line_1_83' title="bbox 2177 2544 3732 2626; baseline 0.009 -28"><span class='ocrx_word' id='word_1_610' title='bbox 2177 2544 2234 2600; x_wconf 85' lang='lat' dir='ltr'><strong>S.</strong></span> <span class='ocrx_word' id='word_1_611' title='bbox 2260 2545 2551 2600; x_wconf 89' lang='lat' dir='ltr'><strong>Clementis</strong></span> <span class='ocrx_word' id='word_1_612' title='bbox 2578 2547 2868 2601; x_wconf 88' lang='lat' dir='ltr'><strong>secundam</strong></span> <span class='ocrx_word' id='word_1_613' title='bbox 2901 2550 3122 2605; x_wconf 90' lang='lat' dir='ltr'><strong>minime</strong></span> <span class='ocrx_word' id='word_1_614' title='bbox 3148 2552 3438 2620; x_wconf 89' lang='lat' dir='ltr'><strong>genuinam</strong></span> <span class='ocrx_word' id='word_1_615' title='bbox 3460 2571 3582 2610; x_wconf 82' lang='lat' dir='ltr'><strong>esse</strong></span> <span class='ocrx_word' id='word_1_616' title='bbox 3605 2572 3732 2626; x_wconf 83' lang='lat' dir='ltr'><strong>pro-</strong></span> 
     </span>
    </p>
   </div>
   <div class='ocr_carea' id='block_1_84' title="bbox 2174 2636 3730 2717">
    <p class='ocr_par' dir='ltr' id='par_1_84' title="bbox 2174 2636 3730 2717">
     <span class='ocr_line' id='line_1_84' title="bbox 2174 2636 3730 2717; baseline 0.008 -26"><span class='ocrx_word' id='word_1_617' title='bbox 2174 2636 2323 2699; x_wconf 89' lang='lat' dir='ltr'><strong>bent,</strong></span> <span class='ocrx_word' id='word_1_618' title='bbox 2356 2637 2449 2692; x_wconf 91' lang='lat' dir='ltr'><strong>sed</strong></span> <span class='ocrx_word' id='word_1_619' title='bbox 2479 2638 2715 2694; x_wconf 88' lang='lat' dir='ltr'><strong>hominis</strong></span> <span class='ocrx_word' id='word_1_620' title='bbox 2758 2639 2923 2694; x_wconf 89' lang='lat' dir='ltr'><strong>fetum</strong></span> <span class='ocrx_word' id='word_1_621' title='bbox 2950 2640 3039 2695; x_wconf 90' lang='lat' dir='ltr'><strong>cui</strong></span> <span class='ocrx_word' id='word_1_622' title='bbox 3063 2643 3175 2695; x_wconf 91' lang='lat' dir='ltr'><strong>noti</strong></span> <span class='ocrx_word' id='word_1_623' title='bbox 3201 2652 3355 2697; x_wconf 89' lang='lat' dir='ltr'><strong>erant</strong></span> <span class='ocrx_word' id='word_1_624' title='bbox 3385 2642 3630 2717; x_wconf 88' lang='lat' dir='ltr'><strong>Sibyllini</strong></span> <span class='ocrx_word' id='word_1_625' title='bbox 3660 2649 3730 2704; x_wconf 85' lang='lat' dir='ltr'><strong>de</strong></span> 
     </span>
    </p>
   </div>
   <div class='ocr_carea' id='block_1_85' title="bbox 2174 2725 3730 2795">
    <p class='ocr_par' dir='ltr' id='par_1_85' title="bbox 2174 2725 3730 2795">
     <span class='ocr_line' id='line_1_85' title="bbox 2174 2725 3730 2795; baseline 0.008 -14"><span class='ocrx_word' id='word_1_626' title='bbox 2174 2734 2415 2782; x_wconf 84' lang='lat' dir='ltr'><strong>extremo</strong></span> <span class='ocrx_word' id='word_1_627' title='bbox 2454 2725 2663 2795; x_wconf 88' lang='lat' dir='ltr'><strong>judicio</strong></span> <span class='ocrx_word' id='word_1_628' title='bbox 2692 2743 2905 2790; x_wconf 87' lang='lat' dir='ltr'><strong>versus.</strong></span> <span class='ocrx_word' id='word_1_629' title='bbox 2953 2731 3124 2785; x_wconf 92' lang='lat' dir='ltr'><strong>multo</strong></span> <span class='ocrx_word' id='word_1_630' title='bbox 3162 2735 3481 2790; x_wconf 88' lang='lat' dir='ltr'><strong>recentioris</strong></span> <span class='ocrx_word' id='word_1_631' title='bbox 3511 2735 3567 2792; x_wconf 84' lang='lat' dir='ltr'><strong>S.</strong></span> <span class='ocrx_word' id='word_1_632' title='bbox 3605 2738 3730 2793; x_wconf 81' lang='lat' dir='ltr'><strong>Cle-</strong></span> 
     </span>
    </p>
   </div>
   <div class='ocr_carea' id='block_1_86' title="bbox 2172 2820 3729 2903">
    <p class='ocr_par' dir='ltr' id='par_1_86' title="bbox 2172 2820 3729 2903">
     <span class='ocr_line' id='line_1_86' title="bbox 2172 2820 3729 2903; baseline 0.011 -30"><span class='ocrx_word' id='word_1_633' title='bbox 2172 2829 2369 2876; x_wconf 89' lang='lat' dir='ltr'><strong>mente.</strong></span> <span class='ocrx_word' id='word_1_634' title='bbox 2409 2820 2479 2875; x_wconf 92' lang='lat' dir='ltr'><strong>Ut</strong></span> <span class='ocrx_word' id='word_1_635' title='bbox 2519 2822 2764 2877; x_wconf 89' lang='lat' dir='ltr'><strong>omittam</strong></span> <span class='ocrx_word' id='word_1_636' title='bbox 2830 2826 3332 2896; x_wconf 87' lang='lat' dir='ltr'><strong>pseudo-Justinum</strong></span> <span class='ocrx_word' id='word_1_637' title='bbox 3366 2831 3421 2885; x_wconf 91' lang='lat' dir='ltr'><strong>in</strong></span> <span class='ocrx_word' id='word_1_638' title='bbox 3471 2833 3729 2903; x_wconf 89' lang='lat' dir='ltr'><strong>ambiguo</strong></span> 
     </span>
    </p>
   </div>
   <div class='ocr_carea' id='block_1_87' title="bbox 2171 2912 3723 2989">
    <p class='ocr_par' dir='ltr' id='par_1_87' title="bbox 2171 2912 3723 2989">
     <span class='ocr_line' id='line_1_87' title="bbox 2171 2912 3723 2989; baseline 0.01 -25"><span class='ocrx_word' id='word_1_639' title='bbox 2171 2912 2477 2983; x_wconf 89' lang='lat' dir='ltr'><strong>reliquisse,</strong></span> <span class='ocrx_word' id='word_1_640' title='bbox 2509 2924 2687 2969; x_wconf 89' lang='lat' dir='ltr'><strong>utrum</strong></span> <span class='ocrx_word' id='word_1_641' title='bbox 2720 2915 2776 2970; x_wconf 83' lang='lat' dir='ltr'><strong>S.</strong></span> <span class='ocrx_word' id='word_1_642' title='bbox 2808 2915 3102 2973; x_wconf 89' lang='lat' dir='ltr'><strong>Clementis</strong></span> <span class='ocrx_word' id='word_1_643' title='bbox 3130 2918 3425 2989; x_wconf 83' lang='lat' dir='ltr'><strong>Epistolam</strong></span> <span class='ocrx_word' id='word_1_644' title='bbox 3453 2924 3723 2988; x_wconf 83' lang='lat' dir='ltr'><strong>citaverit;</strong></span> 
     </span>
    </p>
   </div>
   <div class='ocr_carea' id='block_1_88' title="bbox 2170 3002 3725 3081">
    <p class='ocr_par' dir='ltr' id='par_1_88' title="bbox 2170 3002 3725 3081">
     <span class='ocr_line' id='line_1_88' title="bbox 2170 3002 3725 3081; baseline 0.011 -28"><span class='ocrx_word' id='word_1_645' title='bbox 2170 3002 2293 3071; x_wconf 92' lang='lat' dir='ltr'><strong>quis</strong></span> <span class='ocrx_word' id='word_1_646' title='bbox 2316 3002 2527 3073; x_wconf 81' lang='lat' dir='ltr'><strong>ignorat</strong></span> <span class='ocrx_word' id='word_1_647' title='bbox 2543 3005 2711 3058; x_wconf 89' lang='lat' dir='ltr'><strong>multa</strong></span> <span class='ocrx_word' id='word_1_648' title='bbox 2733 3003 2953 3077; x_wconf 89' lang='lat' dir='ltr'><strong>Sibyllis</strong></span> <span class='ocrx_word' id='word_1_649' title='bbox 2975 3009 3218 3073; x_wconf 87' lang='lat' dir='ltr'><strong>oracula,</strong></span> <span class='ocrx_word' id='word_1_650' title='bbox 3244 3012 3573 3081; x_wconf 90' lang='lat' dir='ltr'><strong>propheticis</strong></span> <span class='ocrx_word' id='word_1_651' title='bbox 3597 3030 3725 3069; x_wconf 89' lang='lat' dir='ltr'><strong>sen-</strong></span> 
     </span>
    </p>
   </div>
   <div class='ocr_carea' id='block_1_89' title="bbox 2170 3096 3723 3177">
    <p class='ocr_par' dir='ltr' id='par_1_89' title="bbox 2170 3096 3723 3177">
     <span class='ocr_line' id='line_1_89' title="bbox 2170 3096 3723 3177; baseline 0.01 -31"><span class='ocrx_word' id='word_1_652' title='bbox 2170 3096 2354 3149; x_wconf 90' lang='lat' dir='ltr'><strong>tentiis</strong></span> <span class='ocrx_word' id='word_1_653' title='bbox 2373 3105 2756 3164; x_wconf 88' lang='lat' dir='ltr'><strong>consentanea,</strong></span> <span class='ocrx_word' id='word_1_654' title='bbox 2788 3099 3011 3153; x_wconf 90' lang='lat' dir='ltr'><strong>attribui</strong></span> <span class='ocrx_word' id='word_1_655' title='bbox 3034 3101 3192 3154; x_wconf 85' lang='lat' dir='ltr'><strong>solita</strong></span> <span class='ocrx_word' id='word_1_656' title='bbox 3217 3102 3403 3168; x_wconf 84' lang='lat' dir='ltr'><strong>fuisse,</strong></span> <span class='ocrx_word' id='word_1_657' title='bbox 3435 3114 3723 3177; x_wconf 87' lang='lat' dir='ltr'><strong>antequam</strong></span> 
     </span>
    </p>
   </div>
   <div class='ocr_carea' id='block_1_90' title="bbox 2167 3184 3720 3261">
    <p class='ocr_par' dir='ltr' id='par_1_90' title="bbox 2167 3184 3720 3261">
     <span class='ocr_line' id='line_1_90' title="bbox 2167 3184 3720 3261; baseline 0.01 -24"><span class='ocrx_word' id='word_1_658' title='bbox 2167 3184 2448 3254; x_wconf 90' lang='lat' dir='ltr'><strong>prodirent</strong></span> <span class='ocrx_word' id='word_1_659' title='bbox 2496 3190 2739 3241; x_wconf 86' lang='lat' dir='ltr'><strong>carmina</strong></span> <span class='ocrx_word' id='word_1_660' title='bbox 2786 3189 2878 3242; x_wconf 92' lang='lat' dir='ltr'><strong>illa</strong></span> <span class='ocrx_word' id='word_1_661' title='bbox 2928 3188 3230 3261; x_wconf 87' lang='lat' dir='ltr'><strong>Sibyllina?</strong></span> <span class='ocrx_word' id='word_1_662' title='bbox 3257 3193 3496 3260; x_wconf 89' lang='lat' dir='ltr'><strong>Quorum</strong></span> <span class='ocrx_word' id='word_1_663' title='bbox 3526 3199 3720 3254; x_wconf 77' lang='lat' dir='ltr'><strong>artifex</strong></span> 
     </span>
    </p>
   </div>
   <div class='ocr_carea' id='block_1_91' title="bbox 2167 3277 3721 3360">
    <p class='ocr_par' dir='ltr' id='par_1_91' title="bbox 2167 3277 3721 3360">
     <span class='ocr_line' id='line_1_91' title="bbox 2167 3277 3721 3360; baseline 0.008 -29"><span class='ocrx_word' id='word_1_664' title='bbox 2167 3292 2275 3331; x_wconf 92' lang='lat' dir='ltr'><strong>non</strong></span> <span class='ocrx_word' id='word_1_665' title='bbox 2305 3277 2524 3333; x_wconf 84' lang='lat' dir='ltr'><strong>videtur</strong></span> <span class='ocrx_word' id='word_1_666' title='bbox 2555 3280 2772 3334; x_wconf 85' lang='lat' dir='ltr'><strong>facinus</strong></span> <span class='ocrx_word' id='word_1_667' title='bbox 2803 3290 3185 3352; x_wconf 90' lang='lat' dir='ltr'><strong>suscepturus,</strong></span> <span class='ocrx_word' id='word_1_668' title='bbox 3217 3297 3312 3340; x_wconf 90' lang='lat' dir='ltr'><strong>aut</strong></span> <span class='ocrx_word' id='word_1_669' title='bbox 3345 3289 3537 3343; x_wconf 85' lang='lat' dir='ltr'><strong>saltem</strong></span> <span class='ocrx_word' id='word_1_670' title='bbox 3563 3300 3721 3360; x_wconf 78' lang='lat' dir='ltr'><strong>opta—</strong></span> 
     </span>
    </p>
   </div>
   <div class='ocr_carea' id='block_1_92' title="bbox 2167 3366 3720 3444">
    <p class='ocr_par' dir='ltr' id='par_1_92' title="bbox 2167 3366 3720 3444">
     <span class='ocr_line' id='line_1_92' title="bbox 2167 3366 3720 3444; baseline 0.01 -23"><span class='ocrx_word' id='word_1_671' title='bbox 2167 3376 2252 3421; x_wconf 90' lang='lat' dir='ltr'><strong>tos</strong></span> <span class='ocrx_word' id='word_1_672' title='bbox 2283 3366 2487 3424; x_wconf 88' lang='lat' dir='ltr'><strong>fraudis</strong></span> <span class='ocrx_word' id='word_1_673' title='bbox 2517 3370 2697 3425; x_wconf 82' lang='lat' dir='ltr'><strong>exitus</strong></span> <span class='ocrx_word' id='word_1_674' title='bbox 2732 3371 3039 3436; x_wconf 87' lang='lat' dir='ltr'><strong>habiturus,</strong></span> <span class='ocrx_word' id='word_1_675' title='bbox 3074 3372 3177 3429; x_wconf 88' lang='lat' dir='ltr'><strong>nisi</strong></span> <span class='ocrx_word' id='word_1_676' title='bbox 3205 3375 3315 3444; x_wconf 86' lang='lat' dir='ltr'><strong>jam</strong></span> <span class='ocrx_word' id='word_1_677' title='bbox 3363 3386 3476 3431; x_wconf 93' lang='lat' dir='ltr'><strong>tum</strong></span> <span class='ocrx_word' id='word_1_678' title='bbox 3522 3382 3720 3438; x_wconf 82' lang='lat' dir='ltr'><strong>animis</strong></span> 
     </span>
    </p>
   </div>
   <div class='ocr_carea' id='block_1_93' title="bbox 2166 3458 3719 3535">
    <p class='ocr_par' dir='ltr' id='par_1_93' title="bbox 2166 3458 3719 3535">
     <span class='ocr_line' id='line_1_93' title="bbox 2166 3458 3719 3535; baseline 0.011 -25"><span class='ocrx_word' id='word_1_679' title='bbox 2166 3458 2457 3513; x_wconf 89' lang='lat' dir='ltr'><strong>insedisset</strong></span> <span class='ocrx_word' id='word_1_680' title='bbox 2508 3462 2803 3531; x_wconf 88' lang='lat' dir='ltr'><strong>anticipata</strong></span> <span class='ocrx_word' id='word_1_681' title='bbox 2851 3461 2918 3516; x_wconf 93' lang='lat' dir='ltr'><strong>de</strong></span> <span class='ocrx_word' id='word_1_682' title='bbox 2972 3463 3252 3535; x_wconf 84' lang='lat' dir='ltr'><strong>Sibyllinis</strong></span> <span class='ocrx_word' id='word_1_683' title='bbox 3283 3469 3719 3535; x_wconf 64' lang='lat' dir='ltr'><strong>praedictionibus</strong></span> 
     </span>
    </p>
   </div>
   <div class='ocr_carea' id='block_1_94' title="bbox 2166 3548 3718 3623">
    <p class='ocr_par' dir='ltr' id='par_1_94' title="bbox 2166 3548 3718 3623">
     <span class='ocr_line' id='line_1_94' title="bbox 2166 3548 3718 3623; baseline 0.012 -23"><span class='ocrx_word' id='word_1_684' title='bbox 2166 3549 2369 3618; x_wconf 92' lang='lat' dir='ltr'><strong>opinio.</strong></span> <span class='ocrx_word' id='word_1_685' title='bbox 2389 3568 2407 3601; x_wconf 76' lang='grc' dir='ltr'><strong><em>ι</em></strong></span> <span class='ocrx_word' id='word_1_686' title='bbox 2434 3548 2706 3606; x_wconf 84' lang='lat' dir='ltr'><strong>Hactenus</strong></span> <span class='ocrx_word' id='word_1_687' title='bbox 2726 3554 2811 3606; x_wconf 86' lang='lat' dir='ltr'><strong>vir</strong></span> <span class='ocrx_word' id='word_1_688' title='bbox 2834 3554 2924 3608; x_wconf 91' lang='lat' dir='ltr'><strong>ille</strong></span> <span class='ocrx_word' id='word_1_689' title='bbox 2944 3555 3156 3612; x_wconf 86' lang='lat' dir='ltr'><strong>doctus.</strong></span> <span class='ocrx_word' id='word_1_690' title='bbox 3189 3557 3290 3623; x_wconf 91' lang='lat' dir='ltr'><strong>Qui</strong></span> <span class='ocrx_word' id='word_1_691' title='bbox 3319 3570 3497 3615; x_wconf 89' lang='lat' dir='ltr'><strong>autem</strong></span> <span class='ocrx_word' id='word_1_692' title='bbox 3529 3562 3629 3618; x_wconf 88' lang='lat' dir='ltr'><strong>hac</strong></span> <span class='ocrx_word' id='word_1_693' title='bbox 3650 3565 3718 3621; x_wconf 87' lang='lat' dir='ltr'><strong>dc</strong></span> 
     </span>
    </p>
   </div>
   <div class='ocr_carea' id='block_1_95' title="bbox 2164 3641 3715 3721">
    <p class='ocr_par' dir='ltr' id='par_1_95' title="bbox 2164 3641 3715 3721">
     <span class='ocr_line' id='line_1_95' title="bbox 2164 3641 3715 3721; baseline 0.013 -30"><span class='ocrx_word' id='word_1_694' title='bbox 2164 3653 2224 3692; x_wconf 91' lang='lat' dir='ltr'><strong>re</strong></span> <span class='ocrx_word' id='word_1_695' title='bbox 2247 3641 2398 3707; x_wconf 89' lang='lat' dir='ltr'><strong>plura</strong></span> <span class='ocrx_word' id='word_1_696' title='bbox 2424 3641 2564 3694; x_wconf 90' lang='lat' dir='ltr'><strong>scire</strong></span> <span class='ocrx_word' id='word_1_697' title='bbox 2586 3643 2842 3711; x_wconf 87' lang='lat' dir='ltr'><strong>gestiunt,</strong></span> <span class='ocrx_word' id='word_1_698' title='bbox 2874 3660 2969 3700; x_wconf 90' lang='lat' dir='ltr'><strong>eos</strong></span> <span class='ocrx_word' id='word_1_699' title='bbox 2998 3648 3065 3702; x_wconf 91' lang='lat' dir='ltr'><strong>ad</strong></span> <span class='ocrx_word' id='word_1_700' title='bbox 3094 3649 3389 3721; x_wconf 88' lang='lat' dir='ltr'><strong>scriptores</strong></span> <span class='ocrx_word' id='word_1_701' title='bbox 3418 3654 3577 3709; x_wconf 86' lang='lat' dir='ltr'><strong>modo</strong></span> <span class='ocrx_word' id='word_1_702' title='bbox 3598 3656 3715 3719; x_wconf 61' lang='lat' dir='ltr'><strong>lau:</strong></span> 
     </span>
    </p>
   </div>
   <div class='ocr_carea' id='block_1_96' title="bbox 2162 3729 2693 3788">
    <p class='ocr_par' dir='ltr' id='par_1_96' title="bbox 2162 3729 2693 3788">
     <span class='ocr_line' id='line_1_96' title="bbox 2162 3729 2693 3788; baseline 0.008 -4"><span class='ocrx_word' id='word_1_703' title='bbox 2162 3729 2320 3785; x_wconf 89' lang='lat' dir='ltr'><strong>datos</strong></span> <span class='ocrx_word' id='word_1_704' title='bbox 2348 3733 2693 3788; x_wconf 90' lang='lat' dir='ltr'><strong>remittimus.</strong></span> 
     </span>
    </p>
   </div>
   <div class='ocr_carea' id='block_1_97' title="bbox 2235 3818 3709 3906">
    <p class='ocr_par' dir='ltr' id='par_1_97' title="bbox 2235 3818 3709 3906">
     <span class='ocr_line' id='line_1_97' title="bbox 2235 3818 3709 3906; baseline 0.014 -35"><span class='ocrx_word' id='word_1_705' title='bbox 2235 3818 2368 3874; x_wconf 82' lang='lat' dir='ltr'><strong>Vlll.</strong></span> <span class='ocrx_word' id='word_1_706' title='bbox 2404 3820 2682 3891; x_wconf 78' lang='lat' dir='ltr'><strong>Reliquum</strong></span> <span class='ocrx_word' id='word_1_707' title='bbox 2710 3831 2790 3879; x_wconf 87' lang='lat' dir='ltr'><strong>est</strong></span> <span class='ocrx_word' id='word_1_708' title='bbox 2821 3833 2881 3879; x_wconf 90' lang='lat' dir='ltr'><strong>ut</strong></span> <span class='ocrx_word' id='word_1_709' title='bbox 2920 3826 3060 3882; x_wconf 88' lang='lat' dir='ltr'><strong>alius</strong></span> <span class='ocrx_word' id='word_1_710' title='bbox 3104 3830 3401 3887; x_wconf 85' lang='lat' dir='ltr'><strong>adversarii</strong></span> <span class='ocrx_word' id='word_1_711' title='bbox 3433 3851 3605 3906; x_wconf 91' lang='lat' dir='ltr'><strong>neque</strong></span> <span class='ocrx_word' id='word_1_712' title='bbox 3626 3837 3709 3891; x_wconf 86' lang='lat' dir='ltr'><strong>in-</strong></span> 
     </span>
    </p>
   </div>
   <div class='ocr_carea' id='block_1_98' title="bbox 2162 3910 3708 3997">
    <p class='ocr_par' dir='ltr' id='par_1_98' title="bbox 2162 3910 3708 3997">
     <span class='ocr_line' id='line_1_98' title="bbox 2162 3910 3708 3997; baseline 0.012 -33"><span class='ocrx_word' id='word_1_713' title='bbox 2162 3910 2393 3965; x_wconf 90' lang='lat' dir='ltr'><strong>celebris</strong></span> <span class='ocrx_word' id='word_1_714' title='bbox 2432 3926 2607 3980; x_wconf 91' lang='lat' dir='ltr'><strong>neque</strong></span> <span class='ocrx_word' id='word_1_715' title='bbox 2645 3912 2869 3977; x_wconf 91' lang='lat' dir='ltr'><strong>indocti,</strong></span> <span class='ocrx_word' id='word_1_716' title='bbox 2921 3915 3215 3974; x_wconf 79' lang='lat' dir='ltr'><strong>llermanni</strong></span> <span class='ocrx_word' id='word_1_717' title='bbox 3282 3922 3708 3997; x_wconf 71' lang='lat' dir='ltr'><strong>Venemae,obje-</strong></span> 
     </span>
    </p>
   </div>
   <div class='ocr_carea' id='block_1_99' title="bbox 2161 4001 3709 4088">
    <p class='ocr_par' dir='ltr' id='par_1_99' title="bbox 2161 4001 3709 4088">
     <span class='ocr_line' id='line_1_99' title="bbox 2161 4001 3709 4088; baseline 0.012 -33"><span class='ocrx_word' id='word_1_718' title='bbox 2161 4001 2489 4057; x_wconf 87' lang='lat' dir='ltr'><strong>ctationibus</strong></span> <span class='ocrx_word' id='word_1_719' title='bbox 2507 4019 2878 4070; x_wconf 88' lang='lat' dir='ltr'><strong>occurramus,</strong></span> <span class='ocrx_word' id='word_1_720' title='bbox 2898 4010 3097 4077; x_wconf 89' lang='lat' dir='ltr'><strong>quibus</strong></span> <span class='ocrx_word' id='word_1_721' title='bbox 3129 4011 3293 4081; x_wconf 91' lang='lat' dir='ltr'><strong>hujus</strong></span> <span class='ocrx_word' id='word_1_722' title='bbox 3326 4014 3577 4086; x_wconf 77' lang='lat' dir='ltr'><strong>Epistolae</strong></span> <span class='ocrx_word' id='word_1_723' title='bbox 3601 4035 3709 4088; x_wconf 85' lang='lat' dir='ltr'><strong>qua</strong></span> 
     </span>
    </p>
   </div>
   <div class='ocr_carea' id='block_1_100' title="bbox 2160 4089 3707 4174">
    <p class='ocr_par' dir='ltr' id='par_1_100' title="bbox 2160 4089 3707 4174">
     <span class='ocr_line' id='line_1_100' title="bbox 2160 4089 3707 4174; baseline 0.012 -30"><span class='ocrx_word' id='word_1_724' title='bbox 2160 4089 2228 4145; x_wconf 90' lang='lat' dir='ltr'><strong>de</strong></span> <span class='ocrx_word' id='word_1_725' title='bbox 2259 4092 2487 4162; x_wconf 83' lang='lat' dir='ltr'><strong>agimus,</strong></span> <span class='ocrx_word' id='word_1_726' title='bbox 2521 4093 2802 4165; x_wconf 86' lang='lat' dir='ltr'><strong>integritas</strong></span> <span class='ocrx_word' id='word_1_727' title='bbox 2851 4098 3220 4162; x_wconf 85' lang='lat' dir='ltr'><strong>vehementius</strong></span> <span class='ocrx_word' id='word_1_728' title='bbox 3250 4104 3543 4174; x_wconf 89' lang='lat' dir='ltr'><strong>impetitur.</strong></span> <span class='ocrx_word' id='word_1_729' title='bbox 3563 4106 3628 4160; x_wconf 88' lang='lat' dir='ltr'><strong>Et</strong></span> <span class='ocrx_word' id='word_1_730' title='bbox 3652 4109 3707 4163; x_wconf 92' lang='lat' dir='ltr'><strong>in</strong></span> 
     </span>
    </p>
   </div>
   <div class='ocr_carea' id='block_1_101' title="bbox 2158 4182 3704 4265">
    <p class='ocr_par' dir='ltr' id='par_1_101' title="bbox 2158 4182 3704 4265">
     <span class='ocr_line' id='line_1_101' title="bbox 2158 4182 3704 4265; baseline 0.013 -31"><span class='ocrx_word' id='word_1_731' title='bbox 2158 4182 2332 4251; x_wconf 90' lang='lat' dir='ltr'><strong>prima</strong></span> <span class='ocrx_word' id='word_1_732' title='bbox 2361 4183 2581 4252; x_wconf 91' lang='lat' dir='ltr'><strong>quidem</strong></span> <span class='ocrx_word' id='word_1_733' title='bbox 2602 4184 2960 4255; x_wconf 85' lang='lat' dir='ltr'><strong>Epistolarum</strong></span> <span class='ocrx_word' id='word_1_734' title='bbox 2982 4205 3202 4245; x_wconf 90' lang='lat' dir='ltr'><strong>suarum</strong></span> <span class='ocrx_word' id='word_1_735' title='bbox 3218 4194 3569 4265; x_wconf 73' lang='lat' dir='ltr'><strong>(45)quarllnl</strong></span> <span class='ocrx_word' id='word_1_736' title='bbox 3591 4216 3704 4253; x_wconf 85' lang='lat' dir='ltr'><strong>mo-</strong></span> 
     </span>
    </p>
   </div>
   <div class='ocr_carea' id='block_1_102' title="bbox 2158 4270 3737 4357">
    <p class='ocr_par' dir='ltr' id='par_1_102' title="bbox 2158 4270 3737 4357">
     <span class='ocr_line' id='line_1_102' title="bbox 2158 4270 3737 4357; baseline 0.012 -32"><span class='ocrx_word' id='word_1_737' title='bbox 2158 4270 2229 4326; x_wconf 93' lang='lat' dir='ltr'><strong>do</strong></span> <span class='ocrx_word' id='word_1_738' title='bbox 2249 4274 2611 4335; x_wconf 89' lang='lat' dir='ltr'><strong>meminimus,</strong></span> <span class='ocrx_word' id='word_1_739' title='bbox 2632 4274 2686 4328; x_wconf 88' lang='lat' dir='ltr'><strong>ill</strong></span> <span class='ocrx_word' id='word_1_740' title='bbox 2721 4291 2788 4329; x_wconf 83' lang='lat' dir='ltr'><strong>eo</strong></span> <span class='ocrx_word' id='word_1_741' title='bbox 2805 4284 2953 4331; x_wconf 90' lang='lat' dir='ltr'><strong>totus</strong></span> <span class='ocrx_word' id='word_1_742' title='bbox 2986 4287 3070 4333; x_wconf 91' lang='lat' dir='ltr'><strong>est</strong></span> <span class='ocrx_word' id='word_1_743' title='bbox 3093 4282 3177 4333; x_wconf 88' lang='lat' dir='ltr'><strong>vir</strong></span> <span class='ocrx_word' id='word_1_744' title='bbox 3205 4283 3336 4338; x_wconf 90' lang='lat' dir='ltr'><strong>clar.</strong></span> <span class='ocrx_word' id='word_1_745' title='bbox 3355 4300 3463 4354; x_wconf 93' lang='lat' dir='ltr'><strong>quo</strong></span> <span class='ocrx_word' id='word_1_746' title='bbox 3491 4289 3703 4357; x_wconf 85' lang='lat' dir='ltr'><strong>probet,</strong></span> <span class='ocrx_word' id='word_1_747' title='bbox 3731 4344 3737 4353; x_wconf 69' lang='grc'><em>,</em></span> 
     </span>
    </p>
   </div>
   <div class='ocr_carea' id='block_1_103' title="bbox 2082 4364 3703 4441">
    <p class='ocr_par' dir='ltr' id='par_1_103' title="bbox 2082 4364 3703 4441">
     <span class='ocr_line' id='line_1_103' title="bbox 2082 4364 3703 4441; baseline 0.012 -26"><span class='ocrx_word' id='word_1_748' title='bbox 2082 4384 2127 4441; x_wconf 72' lang='grc' dir='ltr'><strong><em>υ</em></strong></span> <span class='ocrx_word' id='word_1_749' title='bbox 2156 4378 2263 4417; x_wconf 92' lang='lat' dir='ltr'><strong>non</strong></span> <span class='ocrx_word' id='word_1_750' title='bbox 2296 4372 2502 4417; x_wconf 88' lang='lat' dir='ltr'><strong>tantum</strong></span> <span class='ocrx_word' id='word_1_751' title='bbox 2557 4364 2941 4438; x_wconf 83' lang='lat' dir='ltr'><strong>Hieronymum</strong></span> <span class='ocrx_word' id='word_1_752' title='bbox 2988 4369 3259 4426; x_wconf 88' lang='lat' dir='ltr'><strong>doctorem</strong></span> <span class='ocrx_word' id='word_1_753' title='bbox 3313 4378 3606 4434; x_wconf 86' lang='lat' dir='ltr'><strong>maximum</strong></span> <span class='ocrx_word' id='word_1_754' title='bbox 3637 4382 3703 4435; x_wconf 89' lang='lat' dir='ltr'><strong>ad</strong></span> 
     </span>
    </p>
   </div>
   <div class='ocr_carea' id='block_1_104' title="bbox 2154 4456 3701 4536">
    <p class='ocr_par' dir='ltr' id='par_1_104' title="bbox 2154 4456 3701 4536">
     <span class='ocr_line' id='line_1_104' title="bbox 2154 4456 3701 4536; baseline 0.01 -25"><span class='ocrx_word' id='word_1_755' title='bbox 2154 4456 2446 4511; x_wconf 85' lang='lat' dir='ltr'><strong>secundam</strong></span> <span class='ocrx_word' id='word_1_756' title='bbox 2477 4456 2770 4527; x_wconf 86' lang='lat' dir='ltr'><strong>Epistolam</strong></span> <span class='ocrx_word' id='word_1_757' title='bbox 2804 4459 3196 4517; x_wconf 84' lang='lat' dir='ltr'><strong>Clementinam</strong></span> <span class='ocrx_word' id='word_1_758' title='bbox 3228 4470 3701 4536; x_wconf 89' lang='lat' dir='ltr'><strong>respexissc,dum</strong></span> 
     </span>
    </p>
   </div>
   <div class='ocr_carea' id='block_1_105' title="bbox 2150 4548 3695 4632">
    <p class='ocr_par' dir='ltr' id='par_1_105' title="bbox 2150 4548 3695 4632">
     <span class='ocr_line' id='line_1_105' title="bbox 2150 4548 3695 4632; baseline 0.01 -31"><span class='ocrx_word' id='word_1_759' title='bbox 2150 4562 2251 4632; x_wconf 87' lang='lat' dir='ltr'><strong>nos</strong></span> <span class='ocrx_word' id='word_1_760' title='bbox 2280 4548 2496 4603; x_wconf 86' lang='lat' dir='ltr'><strong>edocuit</strong></span> <span class='ocrx_word' id='word_1_761' title='bbox 2530 4549 2586 4604; x_wconf 92' lang='lat' dir='ltr'><strong>S.</strong></span> <span class='ocrx_word' id='word_1_762' title='bbox 2611 4549 2943 4607; x_wconf 89' lang='lat' dir='ltr'><strong>Clementem</strong></span> <span class='ocrx_word' id='word_1_763' title='bbox 2983 4555 3052 4607; x_wconf 87' lang='lat' dir='ltr'><strong>ad</strong></span> <span class='ocrx_word' id='word_1_764' title='bbox 3078 4557 3382 4624; x_wconf 82' lang='lat' dir='ltr'><strong>spirituales</strong></span> <span class='ocrx_word' id='word_1_765' title='bbox 3409 4571 3459 4614; x_wconf 90' lang='lat' dir='ltr'><strong>et</strong></span> <span class='ocrx_word' id='word_1_766' title='bbox 3485 4579 3695 4632; x_wconf 81' lang='lat' dir='ltr'><strong>evange-</strong></span> 
     </span>
    </p>
   </div>
   <div class='ocr_carea' id='block_1_106' title="bbox 2148 4630 3701 4714">
    <p class='ocr_par' dir='ltr' id='par_1_106' title="bbox 2148 4630 3701 4714">
     <span class='ocr_line' id='line_1_106' title="bbox 2148 4630 3701 4714; baseline 0.013 -29"><span class='ocrx_word' id='word_1_767' title='bbox 2148 4630 2276 4687; x_wconf 87' lang='lat' dir='ltr'><strong>licos</strong></span> <span class='ocrx_word' id='word_1_768' title='bbox 2303 4635 2564 4689; x_wconf 83' lang='lat' dir='ltr'><strong>eunuchos</strong></span> <span class='ocrx_word' id='word_1_769' title='bbox 2598 4638 2905 4708; x_wconf 89' lang='lat' dir='ltr'><strong>scripsisse,</strong></span> <span class='ocrx_word' id='word_1_770' title='bbox 2939 4658 3239 4714; x_wconf 84' lang='lat' dir='ltr'><strong>omnemque</strong></span> <span class='ocrx_word' id='word_1_771' title='bbox 3266 4662 3393 4714; x_wconf 86' lang='lat' dir='ltr'><strong>pene</strong></span> <span class='ocrx_word' id='word_1_772' title='bbox 3413 4630 3701 4705; x_wconf 75' lang='lat' dir='ltr'><strong>sermonem</strong></span> 
     </span>
    </p>
   </div>
   <div class='ocr_carea' id='block_1_107' title="bbox 2147 4723 3701 4804">
    <p class='ocr_par' dir='ltr' id='par_1_107' title="bbox 2147 4723 3701 4804">
     <span class='ocr_line' id='line_1_107' title="bbox 2147 4723 3701 4804; baseline 0.014 -28"><span class='ocrx_word' id='word_1_773' title='bbox 2147 4738 2299 4776; x_wconf 82' lang='lat' dir='ltr'><strong>suum</strong></span> <span class='ocrx_word' id='word_1_774' title='bbox 2352 4723 2415 4777; x_wconf 85' lang='lat' dir='ltr'><strong>de</strong></span> <span class='ocrx_word' id='word_1_775' title='bbox 2466 4727 2779 4795; x_wconf 81' lang='lat' dir='ltr'><strong>virginitatis</strong></span> <span class='ocrx_word' id='word_1_776' title='bbox 2828 4731 3054 4797; x_wconf 83' lang='lat' dir='ltr'><strong>puritate</strong></span> <span class='ocrx_word' id='word_1_777' title='bbox 3105 4738 3462 4804; x_wconf 75' lang='lat' dir='ltr'><strong>contexuisse,</strong></span> <span class='ocrx_word' id='word_1_778' title='bbox 3509 4755 3701 4798; x_wconf 79' lang='lat' dir='ltr'><strong>verum</strong></span> 
     </span>
    </p>
   </div>
   <div class='ocr_carea' id='block_1_108' title="bbox 2146 4813 3701 4888">
    <p class='ocr_par' dir='ltr' id='par_1_108' title="bbox 2146 4813 3701 4888">
     <span class='ocr_line' id='line_1_108' title="bbox 2146 4813 3701 4888; baseline 0.014 -20"><span class='ocrx_word' id='word_1_779' title='bbox 2146 4814 2306 4868; x_wconf 89' lang='lat' dir='ltr'><strong>etiam</strong></span> <span class='ocrx_word' id='word_1_780' title='bbox 2336 4813 2391 4868; x_wconf 89' lang='lat' dir='ltr'><strong>S.</strong></span> <span class='ocrx_word' id='word_1_781' title='bbox 2436 4814 2794 4886; x_wconf 85' lang='lat' dir='ltr'><strong>Epiphanium</strong></span> <span class='ocrx_word' id='word_1_782' title='bbox 2836 4820 2891 4873; x_wconf 91' lang='lat' dir='ltr'><strong>ill</strong></span> <span class='ocrx_word' id='word_1_783' title='bbox 2937 4823 3177 4878; x_wconf 84' lang='lat' dir='ltr'><strong>eamdem</strong></span> <span class='ocrx_word' id='word_1_784' title='bbox 3228 4828 3415 4882; x_wconf 85' lang='lat' dir='ltr'><strong>oculos</strong></span> <span class='ocrx_word' id='word_1_785' title='bbox 3443 4829 3701 4888; x_wconf 81' lang='lat' dir='ltr'><strong>habuisse</strong></span> 
     </span>
    </p>
   </div>
   <div class='ocr_carea' id='block_1_109' title="bbox 2146 4902 3699 4993">
    <p class='ocr_par' dir='ltr' id='par_1_109' title="bbox 2146 4902 3699 4993">
     <span class='ocr_line' id='line_1_109' title="bbox 2146 4902 3699 4993; baseline 0.014 -35"><span class='ocrx_word' id='word_1_786' title='bbox 2146 4902 2405 4973; x_wconf 89' lang='lat' dir='ltr'><strong>intentos,</strong></span> <span class='ocrx_word' id='word_1_787' title='bbox 2436 4908 2562 4961; x_wconf 93' lang='lat' dir='ltr'><strong>dum</strong></span> <span class='ocrx_word' id='word_1_788' title='bbox 2579 4909 2646 4963; x_wconf 88' lang='lat' dir='ltr'><strong>de</strong></span> <span class='ocrx_word' id='word_1_789' title='bbox 2675 4910 2847 4979; x_wconf 89' lang='lat' dir='ltr'><strong>ipsius</strong></span> <span class='ocrx_word' id='word_1_790' title='bbox 2868 4912 3161 4971; x_wconf 88' lang='lat' dir='ltr'><strong>Clelnelltis</strong></span> <span class='ocrx_word' id='word_1_791' title='bbox 3183 4916 3434 4985; x_wconf 82' lang='lat' dir='ltr'><strong>Epistolis</strong></span> <span class='ocrx_word' id='word_1_792' title='bbox 3464 4925 3699 4993; x_wconf 83' lang='lat' dir='ltr'><strong>encycli-</strong></span> 
     </span>
    </p>
   </div>
   <div class='ocr_carea' id='block_1_110' title="bbox 2145 4998 3671 5085">
    <p class='ocr_par' dir='ltr' id='par_1_110' title="bbox 2145 4998 3671 5085">
     <span class='ocr_line' id='line_1_110' title="bbox 2145 4998 3671 5085; baseline 0.014 -36"><span class='ocrx_word' id='word_1_793' title='bbox 2145 4998 2220 5052; x_wconf 80' lang='lat' dir='ltr'><strong>cis</strong></span> <span class='ocrx_word' id='word_1_794' title='bbox 2251 5014 2555 5054; x_wconf 90' lang='lat' dir='ltr'><strong>sermonem</strong></span> <span class='ocrx_word' id='word_1_795' title='bbox 2583 5000 2791 5059; x_wconf 89' lang='lat' dir='ltr'><strong>habuit.</strong></span> <span class='ocrx_word' id='word_1_796' title='bbox 2823 5002 2933 5059; x_wconf 85' lang='lat' dir='ltr'><strong>Nec</strong></span> <span class='ocrx_word' id='word_1_797' title='bbox 2965 5006 3037 5059; x_wconf 88' lang='lat' dir='ltr'><strong>ita</strong></span> <span class='ocrx_word' id='word_1_798' title='bbox 3068 5008 3236 5062; x_wconf 91' lang='lat' dir='ltr'><strong>multo</strong></span> <span class='ocrx_word' id='word_1_799' title='bbox 3260 5019 3403 5080; x_wconf 85' lang='lat' dir='ltr'><strong>post,</strong></span> <span class='ocrx_word' id='word_1_800' title='bbox 3432 5015 3515 5068; x_wconf 90' lang='lat' dir='ltr'><strong>sui</strong></span> <span class='ocrx_word' id='word_1_801' title='bbox 3543 5018 3671 5085; x_wconf 77' lang='lat' dir='ltr'><strong>peni</strong></span> 
     </span>
    </p>
   </div>
   <div class='ocr_carea' id='block_1_111' title="bbox 2143 5090 3681 5167">
    <p class='ocr_par' dir='ltr' id='par_1_111' title="bbox 2143 5090 3681 5167">
     <span class='ocr_line' id='line_1_111' title="bbox 2143 5090 3681 5167; baseline 0.014 -25"><span class='ocrx_word' id='word_1_802' title='bbox 2143 5096 2235 5144; x_wconf 90' lang='lat' dir='ltr'><strong>tus</strong></span> <span class='ocrx_word' id='word_1_803' title='bbox 2263 5090 2465 5146; x_wconf 85' lang='lat' dir='ltr'><strong>oblitus</strong></span> <span class='ocrx_word' id='word_1_804' title='bbox 2492 5091 2576 5145; x_wconf 85' lang='lat' dir='ltr'><strong>vir</strong></span> <span class='ocrx_word' id='word_1_805' title='bbox 2611 5095 2879 5158; x_wconf 90' lang='lat' dir='ltr'><strong>eruditus,</strong></span> <span class='ocrx_word' id='word_1_806' title='bbox 2902 5098 3047 5166; x_wconf 91' lang='lat' dir='ltr'><strong>quod</strong></span> <span class='ocrx_word' id='word_1_807' title='bbox 3075 5099 3317 5167; x_wconf 89' lang='lat' dir='ltr'><strong>profecto</strong></span> <span class='ocrx_word' id='word_1_808' title='bbox 3338 5102 3527 5159; x_wconf 88' lang='lat' dir='ltr'><strong>mirari</strong></span> <span class='ocrx_word' id='word_1_809' title='bbox 3564 5108 3681 5163; x_wconf 79' lang='lat' dir='ltr'><strong>sub</strong></span> 
     </span>
    </p>
   </div>
   <div class='ocr_carea' id='block_1_112' title="bbox 2143 5181 3695 5259">
    <p class='ocr_par' dir='ltr' id='par_1_112' title="bbox 2143 5181 3695 5259">
     <span class='ocr_line' id='line_1_112' title="bbox 2143 5181 3695 5259; baseline 0.012 -25"><span class='ocrx_word' id='word_1_810' title='bbox 2143 5181 2206 5245; x_wconf 90' lang='lat' dir='ltr'><strong>it,</strong></span> <span class='ocrx_word' id='word_1_811' title='bbox 2249 5182 2403 5252; x_wconf 89' lang='lat' dir='ltr'><strong>plura</strong></span> <span class='ocrx_word' id='word_1_812' title='bbox 2446 5186 2691 5256; x_wconf 71' lang='lat' dir='ltr'><strong>congerit</strong></span> <span class='ocrx_word' id='word_1_813' title='bbox 2721 5186 2835 5259; x_wconf 71' lang='grc'><strong>(44)</strong></span> <span class='ocrx_word' id='word_1_814' title='bbox 2872 5189 3071 5258; x_wconf 88' lang='lat' dir='ltr'><strong>quibus</strong></span> <span class='ocrx_word' id='word_1_815' title='bbox 3112 5191 3345 5257; x_wconf 89' lang='lat' dir='ltr'><strong>evincat,</strong></span> <span class='ocrx_word' id='word_1_816' title='bbox 3379 5196 3545 5251; x_wconf 89' lang='lat' dir='ltr'><strong>alium</strong></span> <span class='ocrx_word' id='word_1_817' title='bbox 3576 5213 3695 5253; x_wconf 90' lang='lat' dir='ltr'><strong>om-</strong></span> 
     </span>
    </p>
   </div>
   <div class='ocr_carea' id='block_1_113' title="bbox 2213 5358 3684 5443">
    <p class='ocr_par' dir='ltr' id='par_1_113' title="bbox 2213 5358 3684 5443">
     <span class='ocr_line' id='line_1_113' title="bbox 2213 5358 3684 5443; baseline 0.011 -28"><span class='ocrx_word' id='word_1_818' title='bbox 2213 5361 2544 5443; x_wconf 58' lang='lat' dir='ltr'><strong>(42)guwst.</strong></span> <span class='ocrx_word' id='word_1_819' title='bbox 2563 5363 2631 5443; x_wconf 60' lang='lat' dir='ltr'><strong>ad</strong></span> <span class='ocrx_word' id='word_1_820' title='bbox 2646 5363 2850 5443; x_wconf 82' lang='lat' dir='ltr'><strong>ortll_o_d.</strong></span> <span class='ocrx_word' id='word_1_821' title='bbox 2874 5358 3149 5438; x_wconf 80' lang='lat' dir='ltr'><strong>Rcspons.</strong></span> <span class='ocrx_word' id='word_1_822' title='bbox 3174 5370 3240 5425; x_wconf 88' lang='lat' dir='ltr'><strong>ad</strong></span> <span class='ocrx_word' id='word_1_823' title='bbox 3266 5382 3457 5443; x_wconf 73' lang='lat' dir='ltr'><strong>quaest.</strong></span> <span class='ocrx_word' id='word_1_824' title='bbox 3503 5390 3684 5441; x_wconf 84' lang='lat' dir='ltr'><strong>Lxxlv,</strong></span> 
     </span>
    </p>
   </div>
   <div class='ocr_carea' id='block_1_114' title="bbox 2140 5431 2822 5502">
    <p class='ocr_par' dir='ltr' id='par_1_114' title="bbox 2140 5431 2822 5502">
     <span class='ocr_line' id='line_1_114' title="bbox 2140 5431 2822 5502; baseline 0.003 -14"><span class='ocrx_word' id='word_1_825' title='bbox 2140 5431 2466 5502; x_wconf 39' lang='lat' dir='ltr'><strong>inter.&#39;()pp.</strong></span> <span class='ocrx_word' id='word_1_826' title='bbox 2502 5433 2559 5488; x_wconf 89' lang='lat' dir='ltr'><strong>S.</strong></span> <span class='ocrx_word' id='word_1_827' title='bbox 2589 5433 2728 5489; x_wconf 86' lang='lat' dir='ltr'><strong>Just.</strong></span> <span class='ocrx_word' id='word_1_828' title='bbox 2753 5434 2822 5491; x_wconf 83' lang='grc' dir='ltr'><strong>Μ.</strong></span> 
     </span>
    </p>
   </div>
   <div class='ocr_carea' id='block_1_115' title="bbox 2207 5501 3611 5583">
    <p class='ocr_par' dir='ltr' id='par_1_115' title="bbox 2207 5501 3611 5583">
     <span class='ocr_line' id='line_1_115' title="bbox 2207 5501 3611 5583; baseline 0.011 -29"><span class='ocrx_word' id='word_1_829' title='bbox 2207 5503 2319 5583; x_wconf 51' lang='grc' dir='ltr'><strong>(ᾗ)</strong></span> <span class='ocrx_word' id='word_1_830' title='bbox 2341 5501 2511 5583; x_wconf 59' lang='lat' dir='ltr'><strong>Epist.</strong></span> <span class='ocrx_word' id='word_1_831' title='bbox 2534 5504 2674 5583; x_wconf 86' lang='lat' dir='ltr'><strong>l,__ad</strong></span> <span class='ocrx_word' id='word_1_832' title='bbox 2702 5507 2801 5583; x_wconf 69' lang='lat' dir='ltr'><strong>cel.</strong></span> <span class='ocrx_word' id='word_1_833' title='bbox 2828 5505 3238 5583; x_wconf 64' lang='lat' dir='ltr'><strong>?._We_sseling,</strong></span> <span class='ocrx_word' id='word_1_834' title='bbox 3273 5511 3302 5583; x_wconf 60' lang='grc' dir='ltr'>ᾗ</span> <span class='ocrx_word' id='word_1_835' title='bbox 3328 5512 3410 5576; x_wconf 88' lang='lat' dir='ltr'><strong>l0,</strong></span> <span class='ocrx_word' id='word_1_836' title='bbox 3436 5528 3487 5583; x_wconf 91' lang='lat' dir='ltr'><strong>p.</strong></span> <span class='ocrx_word' id='word_1_837' title='bbox 3523 5517 3611 5569; x_wconf 74' lang='lat' dir='ltr'><strong>ib.</strong></span> 
     </span>
    </p>
   </div>
   <div class='ocr_carea' id='block_1_116' title="bbox 2146 5570 3678 5693">
    <p class='ocr_par' dir='ltr' id='par_1_116' title="bbox 2146 5570 3678 5693">
     <span class='ocr_line' id='line_1_116' title="bbox 2146 5570 3678 5693; baseline 0.008 -66"><span class='ocrx_word' id='word_1_838' title='bbox 2146 5570 2319 5693; x_wconf 62' lang='lat'><strong>76(41)</strong></span> <span class='ocrx_word' id='word_1_839' title='bbox 2345 5570 2516 5643; x_wconf 83' lang='lat' dir='ltr'><strong>Epist.</strong></span> <span class='ocrx_word' id='word_1_840' title='bbox 2563 5572 2631 5642; x_wconf 85' lang='lat' dir='ltr'><strong>ll,</strong></span> <span class='ocrx_word' id='word_1_841' title='bbox 2665 5574 2734 5630; x_wconf 85' lang='lat' dir='ltr'><strong>ad</strong></span> <span class='ocrx_word' id='word_1_842' title='bbox 2800 5578 2872 5633; x_wconf 93' lang='lat' dir='ltr'><strong>cl.</strong></span> <span class='ocrx_word' id='word_1_843' title='bbox 2904 5576 2968 5634; x_wconf 92' lang='lat' dir='ltr'><strong>T.</strong></span> <span class='ocrx_word' id='word_1_844' title='bbox 3002 5570 3407 5649; x_wconf 45' lang='lat' dir='ltr'><strong>Hemstlier&#39;us,</strong></span> <span class='ocrx_word' id='word_1_845' title='bbox 3436 5570 3584 5655; x_wconf 59' lang='grc' dir='ltr'><strong>δερ.</strong></span> <span class='ocrx_word' id='word_1_846' title='bbox 3623 5598 3678 5653; x_wconf 88' lang='lat' dir='ltr'><strong>p.</strong></span> 
     </span>
    </p>
   </div>
  </div>
