4076 6280
327 305 420 363 101

1549 289 1889 350 ΡΒΟαΞΜΙΔ
1925 286 2304 345 VARIORUM.

3429 288 3533 346 £03

326 420 459 475 nino
483 429 603 471 esse
637 428 668 467 a
695 412 977 469 Clemente
1019 425 1119 468 nec
1166 425 1234 469 eo
1280 382 1448 482 .pa'ulo
1496 407 1878 467 recentiorem,
1909 406 1954 461 A
1984 418 2107 456 nam
2136 403 2644 474 institutionemque
2676 405 2915 475 primum
2947 403 3165 476 quidem
3195 413 3479 464 assecutus
3500 424 3531 463 a

324 508 419 561 cui
451 505 566 559 haec
596 504 706 573 ipsa
754 501 996 573 Epistola
1046 502 1318 558 referatur
1371 508 1613 570 accepta.
1662 498 1871 553 Nollem

328 594 536 650 factum
583 592 855 647 enimvero
888 590 1057 660 :quid
1100 589 1334 659 loquar?
1367 589 1447 642 An
1480 588 1639 657 longa
1672 585 1761 638 illa
1789 584 1874 638 di-

329 685 636 758 sputatione
684 697 848 753 quam
891 683 1125 752 primum
1174 680 1453 735 contexuit
1501 677 1567 734 ll.
1616 676 1873 738 Venema,

327 791 431 831 nos
483 773 670 828 ludere
704 772 916 826 voluit?
941 769 1024 825 An
1056 785 1186 825 vero
1217 769 1601 840 Hieronymum
1653 776 1705 822 et
1752 767 1879 837 Epi-

326 868 584 940 phanium
618 868 691 921 ita
725 866 927 921 bardos
958 866 1310 928 existimavit,
1345 873 1403 918 ut
1462 878 1559 932 pro
1602 861 1710 916 fetu
1751 859 1878 916 Cle-

324 958 569 1012 mentino
600 956 899 1027 Epistulam
920 956 1225 1026 reciperent
1242 954 1683 1025 supposititiam?
1713 951 1880 1005 Nimi-

325 1063 445 1102 rum
503 1048 589 1100 vir
628 1047 857 1102 criticus
910 1046 976 1101 ad
1026 1045 1388 1102 subruendam
1413 1045 1875 1100 Clementinarum

326 1135 691 1205 Epistolarum
752 1135 830 1191 De
880 1136 1179 1206 virginitate
1229 1136 1613 1205 integritatem,
1668 1134 1881 1203 telaque

322 1228 458 1283 clar.
492 1225 779 1283 Wetstenii
827 1229 1051 1283 editoris
1102 1228 1443 1291 declinanda,
1475 1227 1708 1297 primum
1755 1227 1878 1297 qui-

322 1318 447 1372 dem
479 1319 546 1373 ad
576 1320 929 1390 posteriorem
975 1318 1271 1373 Clementis
1321 1317 1726 1373 Corinthiacam
1753 1316 1878 1385 Epi-

323 1409 522 1464 stolam
550 1409 698 1463 velut
733 1406 800 1461 ad
842 1408 1052 1479 asylum
1090 1407 1356 1478 confugit,
1401 1408 1719 1475 nullumque
1768 1422 1877 1460 non

322 1506 506 1553 movet
555 1497 786 1569 lapidem
841 1514 949 1571 quo
1002 1500 1145 1554 hanc
1205 1498 1499 1570 Epistolam
1548 1500 1881 1554 demonstret

323 1587 473 1642 illam
499 1588 828 1658 ipsissimam
854 1603 975 1643 esse
1005 1589 1059 1642 in
1083 1604 1242 1658 quam
1272 1589 1496 1659 digitum
1532 1589 1880 1643 intenderunt

321 1685 556 1740 veteres,
598 1676 959 1749 Hieronymus
989 1680 1042 1733 in
1082 1680 1274 1749 primis
1304 1687 1467 1749 atque
1490 1678 1826 1749 Epiphanius
1859 1696 1871 1732 :

324 1767 666 1835 postmodum
698 1775 899 1831 autem,
925 1769 1146 1839 perinde
1186 1783 1251 1823 ac
1293 1770 1360 1825 de
1406 1770 1680 1839 triumpho
1718 1785 1876 1824 secu-

322 1872 442 1921 rus,
472 1858 525 1910 in
557 1858 802 1912 eamdem
832 1861 1119 1930 consurgit
1146 1861 1443 1916 secundam
1469 1861 1875 1917 Corinthiacam

322 1946 644 2019 Epistolam,
669 1965 833 2019 quam
856 1951 1283 2007 commentitiam
1310 1969 1433 2009 esse
1463 1954 1621 2009 nobis
1651 1970 1879 2025 persua-

321 2040 453 2094 dere
500 2048 765 2109 conatur;
825 2042 1071 2112 nihilque
1129 2045 1282 2113 pensi
1338 2043 1540 2109 habet,
1586 2046 1879 2101 dummodo

322 2133 487 2187 unius
525 2133 726 2202 prioris
777 2134 845 2189 ad
891 2133 1207 2193 Corinthios
1252 2138 1508 2209 Epistolze
1537 2149 1727 2194 auctor
1753 2139 1880 2197 Cle-

322 2239 479 2280 mens
513 2240 633 2281 esse
663 2226 927 2284 videatur.
954 2228 1066 2300 Age
1095 2248 1260 2297 nunc,
1288 2233 1378 2287 illa
1401 2234 1756 2291 discutiamus
1779 2252 1879 2306 po-

323 2315 484 2379 tiora,
516 2332 636 2386 quae
689 2318 757 2373 ad
787 2320 907 2390 ejus
957 2322 1387 2392 suppositionem
1418 2326 1770 2381 evincendam
1799 2326 1882 2382 vir

323 2408 517 2463 (ιω-ωε
540 2408 779 2465 adducit.

391 2496 637 2553 Primum
667 2500 833 2571 igitur
861 2513 1239 2573 argumentum
1274 2520 1342 2560 ex
1371 2520 1440 2560 eo
1486 2507 1623 2576 petit
1675 2504 1741 2564 ﬂ.
1773 2506 1882 2564 Ve-

323 2606 485 2645 nema
513 2592 648 2663 (45),
677 2593 823 2663 quod
854 2602 1045 2650 auctor
1092 2595 1347 2667 Epistolte
1407 2599 1727 2668 posterioris
1757 2614 1878 2655 sese

322 2680 540 2751 origine
588 2682 842 2752 gentilem
892 2692 1076 2754 aperte
1129 2686 1323 2755 prodat
1352 2685 1486 2757 (46),
1519 2703 1642 2742 cum
1692 2694 1884 2742 contra

323 2772 549 2827 natione
600 2771 848 2827 Judaeum
906 2775 1078 2831 fuisse
1129 2777 1464 2833 Clementem
1492 2779 1728 2833 clamare
1754 2792 1885 2834 cen-

323 2870 515 2917 scatur
559 2863 714 2920 locus
774 2865 866 2920 ille
911 2867 1113 2937 prioris
1160 2867 1435 2938 Epistolas,
1468 2869 1558 2924 ubi
1618 2868 1883 2925 Iacobum

320 2963 528 3020 patrem
564 2964 800 3009 nostrum
830 2958 1065 3027 appellat
1091 2958 1225 3031 (47).
1249 2959 1497 3017 Perbelle
1526 2977 1676 3018 sane.
1699 2963 1885 3035 Neque

1975 491 2146 547 Paulo
2174 493 2427 549 Clemens
2476 493 2774 557 Romanus,
2819 497 3075 567 deinceps
3108 513 3239 553 vero
3266 500 3455 555 volens
3480 511 3535 557 et

1976 586 2093 656 ipse
2133 586 2324 641 iisdem
2366 589 2680 656 apostolicis
2729 590 3015 659 praeceptis
3059 590 3305 645 imbuere
3332 591 3531 646 Corin-

1974 678 2140 740 thios,
2167 676 2428 731 Iacobum
2458 688 2659 747 patrem
2710 691 2949 735 nostrum
2983 683 3194 736 vocavit
3222 698 3235 733 :
3267 685 3535 752 quemad-

1975 767 2194 821 modum
2254 769 2416 823 etiam
2472 770 2669 824 ibidem
2719 772 2998 828 nonnullis
3049 773 3350 842 interjectis
3397 774 3532 844 (52),

1974 867 2176 928 patrem
2205 869 2442 913 nostrum
2471 863 2762 931 appellavit
2788 864 3179 921 Abrahamum.
3209 864 3380 930 Quam
3412 866 3537 935 qui-

1977 951 2098 1006 dem
2129 950 2433 1006 doctrinam
2458 968 2580 1006 cum
2612 954 2805 1010 deinde
2831 956 3131 1025 accepisset
3159 954 3399 1012 Ecclesia
3425 954 3537 1010 Bo—

1978 1056 2137 1096 mana
2164 1043 2277 1097 sive
2307 1045 2375 1097 ah
2404 1044 2664 1114 Apostolo
2686 1046 2799 1101 sive
2823 1046 2985 1101 etiam
3008 1047 3076 1100 ab
3093 1046 3215 1116 ipso
3236 1047 3532 1109 Clemente,

1980 1139 2222 1187 sanctam
2277 1133 2418 1187 inter
2466 1135 2734 1188 actionem
2790 1135 3158 1204 precationem
3216 1134 3535 1203 hujusmodi

1979 1223 2152 1277 sacris
2179 1224 2447 1279 ministris
2463 1223 2797 1278 recitandam
2825 1224 3022 1278 indixit
3043 1224 3153 1295 (55)
3181 1240 3192 1274 :
3218 1223 3383 1287 Deus,
3406 1223 3537 1292 ﬁde-

1977 1311 2109 1366 lium
2146 1323 2296 1382 pater
2348 1330 2566 1375 summe,
2600 1314 2690 1383 qui
2716 1314 2769 1367 in
2806 1322 2911 1367 toto
2961 1313 3081 1368 orbe
3131 1324 3389 1368 terrarum
3414 1331 3537 1383 pro-

1979 1407 2248 1461 missionis
2279 1416 2382 1460 tua:
2427 1407 2570 1475 ﬁlios
2600 1405 2798 1475 diffusa
2836 1404 3131 1474 adoptionis
3156 1406 3332 1475 gratia
3357 1407 3538 1461 multi-

1977 1498 2163 1567 plices,
2194 1506 2242 1551 et
2274 1513 2363 1567 per
2396 1498 2641 1567 paschale
2670 1505 3079 1559 sacramentum,
3108 1495 3374 1550 Abraham
3412 1514 3539 1567 pue-

1980 1605 2098 1642 rum
2133 1598 2280 1641 tuum
2307 1590 2692 1651 universarum,
2717 1588 2859 1640 sicut
2880 1587 3103 1656 jurasti,
3126 1587 3356 1656 gentium
3382 1588 3536 1657 eﬁcis

1979 1690 2203 1749 patrem,
2240 1691 2346 1736 etc.
2378 1679 2524 1735 Alibi
2554 1695 2773 1749 quoque
2818 1679 3023 1735 clarius
3051 1677 3231 1732 adhuc
3257 1680 3401 1749 (54):
3428 1680 3539 1734 Pa-

1980 1786 2058 1830 ter
2096 1775 2219 1844 ﬁdei
2245 1784 2438 1829 nostra:
2474 1773 2744 1827 Abraham
2779 1789 3036 1836 summus,
3068 1772 3256 1827 obtulit
3291 1774 3537 1827 holocau-

1977 1877 2116 1921 stum
2143 1882 2295 1935 super
2324 1865 2493 1920 altare
2512 1881 2606 1934 pro
2634 1865 2770 1933 ﬁlio.

2048 1956 2189 2023 Quid
2218 1956 2362 2026 quod
2401 1955 2733 2025 Theophilus
2775 1953 2829 2007 in
2860 1954 2975 2010 suis
3007 1952 3071 2007 ad
3111 1952 3432 2023 Autolycum
3473 1954 3540 2006 li-

1977 2049 2094 2105 bris
2139 2048 2273 2119 (55),
2310 2047 2456 2119 quod
2504 2062 2640 2117 pene
2680 2045 2995 2109 exciderat,
3038 2043 3295 2098 Davidem
3338 2054 3538 2111 patrem

1980 2157 2076 2198 seu
2109 2143 2487 2211 progenitorem
2527 2148 2765 2195 nostrum
2819 2136 3090 2207 appellat?
3121 2136 3345 2188 Ἔπειτα
3380 2135 3541 2188 Δαυὶδ

1978 2235 2007 2286 ὁ
2029 2235 2291 2304 πρόγονος
2316 2236 2348 2304 ἡ
2359 2234 2474 2304 μῶν
2501 2230 2886 2304 (ἐϐασίλευσεν)
2915 2230 3009 2300 ἔτη
3044 2236 3116 2301 μ’.
3150 2246 3168 2279 ί
3196 2227 3397 2282 Deinde
3430 2225 3538 2280 Da-

1980 2325 2069 2379 vid
2091 2333 2241 2392 pater
2265 2331 2440 2378 noster
2462 2323 2707 2392 regnavit
2727 2335 2900 2375 annos
2934 2317 3312 2388 quadraginta.
3340 2336 3358 2368 ι
3389 2314 3540 2371 Νιιιι-

1981 2415 2111 2485 quid
2142 2414 2264 2469 ideo
2294 2412 2577 2477 Hebraeus,
2607 2412 2900 2480 episcopus
2925 2409 3027 2464 iste
3064 2406 3473 2475 Antiochenus?

2050 2506 2273 2570 Verum,
2304 2514 2364 2561 ut
2379 2506 2447 2561 ad
2466 2520 2529 2560 ea
2552 2505 2735 2568 verba,
2767 2502 3022 2557 Iacobum
3049 2512 3251 2571 patrem
3278 2512 3536 2563 nostrum,

1983 2600 2225 2673 apertius
2254 2598 2588 2655 enueleanda
2621 2598 2895 2668 simulque
2922 2597 3313 2668 propugnanda
3347 2596 3542 2652 redea-

1983 2710 2126 2759 mus,
2165 2707 2273 2762 quo
2314 2691 2570 2761 deinceps
2609 2706 2675 2745 ex
2729 2705 2917 2745 eorum
2966 2690 3317 2759 ambiguitate
3361 2687 3539 2742 omnis

1982 2785 2277 2856 objiciendi
2326 2784 2650 2854 praecidatur
2698 2784 2919 2838 occasio
2971 2797 2987 2833 :
3032 2781 3253 2836 Patrum
3324 2795 3541 2851 quoque

1984 2877 2348 2953 antiquissimi
2370 2875 2561 2933 eodem
2584 2875 2743 2944 plane
2771 2889 2935 2929 sensu
2965 2889 3088 2929 cum
3119 2872 3396 2928 Clemente
3419 2889 3542 2942 per-

1984 2968 2242 3025 hibentur
2282 2982 2406 3023 esse
2453 2966 2617 3021 locuti
2646 2980 2659 3016 :
2685 2964 2936 3020 Justinus
2982 2972 3189 3034 martyr
3230 2963 3359 3031 (56),
3418 2963 3541 3018 Cle-

319 3061 500 3116 nuper
527 3046 744 3102 demum
758 3056 947 3103 exorta
961 3058 1045 3104 est
1068 3050 1135 3105 de
1150 3050 1436 3108 Judaismo
1451 3053 1744 3110 Clementis
1764 3057 1881 3126 opi-
1908 3078 1952 3138 ο
1986 3074 2139 3114 mens
2170 3056 2572 3112 Alexandrinus
2599 3056 2732 3127 (57),
2765 3054 3137 3110 Tertullianus
3173 3054 3308 3125 (58),
3350 3062 3540 3107 auctor

322 3139 437 3193 nio.
471 3138 710 3203 Primus,
734 3140 876 3210 quod
900 3141 1115 3212 quidem
1164 3146 1355 3210 sciam,
1386 3146 1478 3215 qui
1503 3162 1620 3201 eam
1654 3149 1880 3215 invexit,

322 3227 428 3282 fuit
475 3227 855 3286 Tillemontius
915 3231 1048 3303 (48).
1100 3231 1308 3289 Exinde
1361 3251 1491 3291 vero
1520 3237 1660 3293 idem
1706 3240 1883 3295 visum

321 3324 619 3380 Contantio
636 3325 770 3397 (49),
794 3327 921 3382 licet
936 3338 1123 3398 postea
1152 3330 1480 3386 sententiam
1500 3335 1721 3388 mutarit
1745 3332 1881 3405 (50).

324 3414 574 3472 Accessit
600 3417 817 3473 demum
851 3417 1179 3484 Ceillierius,
1213 3420 1306 3490 qui
1366 3420 1592 3478 ﬁdenter
1624 3424 1788 3481 nimis
1823 3424 1879 3479 id

324 3527 578 3568 asserere
620 3528 730 3568 non
761 3513 1029 3568 dubitavit
1060 3514 1195 3586 (51).
1249 3514 1320 3568 At
1377 3516 1594 3572 clumbe
1640 3517 1885 3587 profecto

324 3603 635 3659 habendum
689 3613 1066 3674 argumentum
1129 3605 1481 3671 istiusmodi,
1527 3623 1636 3679 quo
1699 3608 1887 3664 Corin-

322 3697 518 3750 thiacae
593 3696 914 3766 posterioris
967 3696 1221 3768 Epistulae
1285 3700 1507 3754 tollatur
1580 3702 1881 3773 integritas.

320 3786 526 3853 Quidni
575 3786 737 3842 sodes
773 3785 1027 3844 Clemens
1081 3787 1238 3844 Pauli
1297 3792 1572 3864 συνεργὸς,
1622 3792 1884 3850 Iacobum

318 3887 527 3947 patrem
579 3886 818 3930 nostrum
874 3891 943 3933 eo
997 3893 1161 3934 sensu
1214 3894 1412 3935 vocare
1468 3882 1725 3952 potuerit,
1777 3900 1886 3955 quo

321 3971 467 4027 idem
496 3971 793 4041 Apostolus
822 3972 1200 4042 promissionis
1228 3973 1366 4029 filios
1396 3975 1450 4028 in
1481 3976 1689 4031 semine
1710 3976 1887 4032 Abra-

322 4060 409 4115 hae
434 4070 487 4115 et
520 4061 689 4117 Israel
726 4062 1031 4132 computari
1059 4062 1238 4127 docet,
1275 4070 1337 4119 ut
1370 4073 1517 4120 recte
1561 4065 1884 4125 Coutantius

320 4154 522 4209 melius
543 4154 859 4209 consultus?
877 4153 995 4208 Non
1010 4156 1169 4221 enim,
1188 4156 1361 4226 inquit
1380 4156 1597 4213 divinus
1625 4174 1801 4229 praeco
1816 4160 1882 4222 “,

317 4261 503 4301 omnes
517 4245 608 4314 qui
627 4243 873 4298 exlsraei
890 4254 1033 4309 sunt,
1064 4246 1105 4298 ii
1133 4253 1257 4299 sunt
1284 4232 1541 4303 Israelita:
1564 4262 1583 4300 :
1606 4264 1765 4318 neque
1798 4251 1887 4320 qui

322 4354 497 4391 semen
514 4344 639 4390 sunt
658 4335 1082 4400 Abrahw,omnes
1103 4337 1203 4405 ﬁlii
1224 4350 1243 4389 :
1263 4336 1352 4390 sed
1374 4336 1426 4389 in
1445 4334 1602 4391 Isaac
1617 4339 1885 4393 vocabitur

1987 3147 2346 3217 Expositionis
2383 3146 2438 3199 in
2464 3141 2802 3216 Evangelium
2830 3143 2986 3199 Lacte
3026 3159 3146 3214 qua:
3168 3144 3271 3199 sub
3298 3144 3405 3197 Titi
3430 3143 3539 3197 Bo-

1984 3242 2216 3299 strensis
2262 3239 2482 3295 nomine
2537 3234 2929 3293 circumfertur
2978 3238 3111 3310 (59),
3162 3247 3216 3293 et
3266 3236 3538 3306 Auguslio

1982 3350 2091 3390 nus
2126 3330 2260 3403 (60).
2293 3330 2430 3385 Hinc
2451 3343 2583 3399 ergo
2610 3327 2940 3383 Venemiana
2965 3328 3203 3397 objectio
3222 3327 3534 3383 evanescit:

1983 3441 2091 3498 quo
2120 3425 2263 3480 enim
2300 3436 2461 3477 sensu
2501 3422 2715 3475 locutus
2750 3426 2833 3474 est
2861 3420 3141 3499 apostolus
3178 3417 3399 3485 Paulus,
3429 3433 3539 3489 quo

1984 3517 2225 3573 Ecclesia
2252 3512 2495 3568 Romana
2538 3512 2607 3567 ab
2652 3512 2773 3582 ipso
2801 3510 3013 3576 edocta,
3035 3525 3145 3580 quo
3172 3508 3363 3566 Patres
3398 3512 3542 3565 anti-

1984 3610 2239 3681 quiores,
2287 3620 2352 3661 eo
2387 3606 2515 3659 item
2547 3602 2798 3658 Clemens
2834 3609 3020 3657 noster
3049 3602 3264 3657 locutus
3298 3618 3420 3657 esse
3462 3603 3543 3657 di-

1983 3702 2211 3765 cendus,
2244 3707 2296 3753 et
2322 3697 2542 3768 quidem
2575 3696 2642 3750 ad
2670 3694 2982 3749 Corinthios
3004 3691 3263 3749 Romanae
3286 3692 3541 3749 Ecclesia:

1983 3794 2203 3851 nomine
2247 3791 2491 3847 scribens
2524 3804 2537 3840 :
2565 3797 2624 3842 ut
2667 3795 2952 3858 propterea
2994 3801 3103 3841 non
3150 3801 3251 3841 suo
3302 3795 3534 3851 tantum,

1986 3884 2081 3941 sed
2120 3890 2174 3939 et
2217 3881 2587 3936 Romanorum
2638 3886 2802 3949 atque
2841 3876 3247 3932 Corinthiorum
3295 3877 3536 3944 nomine,

1982 3972 2351 4029 Abrahamum
2381 3978 2434 4024 et
2463 3967 2724 4023 Jacobum
2756 3976 2932 4035 patres
2963 3977 3193 4031 nostros,
3218 3967 3342 4021 lidei
3387 3968 3538 4023 scili-

1984 4073 2069 4122 cet
2089 4073 2289 4119 nosme
2312 4069 2516 4131 patres,
2541 4059 2771 4129 ipsemet
2796 4058 3103 4128 appellasse
3130 4056 3424 4128 putandus.

2054 4154 2224 4211 Instat
2276 4165 2442 4223 porro
2481 4151 2567 4204 vir
2618 4149 2864 4211 criticus,
2915 4154 3077 4217 atque
3120 4163 3185 4202 ex
3235 4147 3319 4201 his
3355 4148 3538 4203 verbis

1984 4247 2228 4318 ejusdem
2272 4241 2525 4314 Epistola’.
2553 4239 2663 4310 (61)
2696 4257 2709 4293 :
2746 4237 2936 4292 Plures
2966 4238 3100 4307 facti
3127 4254 3307 4291 sumus
3346 4238 3413 4291 iis
3447 4240 3538 4307 qui

1986 4340 2153 4394 Deum
2196 4336 2383 4390 habere
2422 4339 2691 4387 censentur
2720 4328 2985 4401 (Judaeis),
3009 4330 3216 4399 colligit
3258 4337 3537 4384 auctorem

323 4429 418 4483 tibi
440 4444 618 4481 semen
647 4444 666 4483 :
686 4426 743 4479 id
758 4436 854 4491 est,
874 4444 974 4481 non
998 4428 1087 4499 qui
1103 4427 1204 4497 ﬁlii
1233 4428 1614 4497 carnis,hiﬁlii
1649 4428 1767 4495 Dei,
1794 4431 1882 4484 sed
1913 4408 1958 4464 D
1985 4446 2050 4486 eo
2087 4430 2303 4484 demum
2352 4433 2592 4492 tempore
2646 4421 2883 4503 vixisse,
2930 4435 3040 4490 quo
3086 4420 3537 4478 Christianismus

322 4520 416 4590 qui
446 4520 554 4589 ﬁlii
585 4529 711 4573 sunt
752 4519 1138 4588 promissionis,
1187 4520 1519 4573 a’stimantur
1565 4520 1621 4574 in
1669 4522 1881 4576 semine.

322 4608 465 4664 Hinc
485 4609 682 4664 alibi"
703 4608 869 4663 etiam
902 4608 1133 4677 ipsemet
1161 4606 1458 4677 Apostolus
1487 4607 1655 4663 Israel
1677 4608 1774 4663 Dei
1796 4625 1890 4664 vo-

321 4708 415 4753 cat
465 4701 688 4756 eosdem
734 4698 1117 4770 promissionis
1168 4697 1327 4763 ﬁlios,
1360 4700 1474 4754 sive
1500 4713 1566 4755 ex
1596 4699 1886 4758 circumci—

321 4790 480 4846 sione
508 4790 627 4846 sive
648 4805 713 4845 ex
750 4789 1013 4860 praeputio
1046 4794 1287 4844 vocatos.
1316 4787 1467 4844 Hanc
1497 4788 1660 4861 igitur
1687 4790 1894 4847 doctri-

397 4976 448 5010 ³⁸
475 4974 729 5040 Rom.tx,
748 4975 865 5031 6-8.
942 4974 987 5007 ⁸⁸
1009 4972 1278 5037 Galat.vt,
1303 4970 1498 5037 15,16.

422 5137 515 5199 45)
544 5136 716 5206 Epist.
742 5134 807 5197 11,
840 5135 875 5189 l.
908 5149 939 5188 c
962 5201 1006 5206 __
1085 5202 1100 5206 _
1148 5201 1175 5206 Δ
1330 5168 1340 5178 .

422 5209 493 5263 46
539 5201 735 5268 Clem.,
761 5206 931 5275 Epist.
962 5201 1007 5257 Il
1035 5202 1103 5257 ad
1136 5201 1292 5267 Cor.,
1314 5217 1471 5273 capp.
1504 5201 1531 5255 l
1566 5209 1621 5275 et
1647 5201 1701 5256 2.

422 5204 515 5347 47)
539 5277 639 5337 ld..
680 5276 852 5347 Epist.
877 5275 919 5336 l,
948 5289 1065 5347 cap.
1088 5273 1197 5347 4.__
1332 5343 1347 5347 _
1371 5342 1421 5347 η

395 5273 513 5348 (47)
539 5277 639 5337 ld..
680 5273 852 5345 Epist.
877 5275 919 5336 l,
948 5289 1065 5343 cap.
1088 5273 1141 5328 4.

545 5347 701 5430 ἔειπ’,
739 5344 882 5430 115st.
904 5344 1125 5430 e£c1.,__t.
1154 5341 1218 5406 11,
1247 5342 1447 5430 p._149.

397 5413 513 5487 (49)
542 5417 713 5484 Epist.
742 5414 893 5469 Rom.
919 5413 1145 5483 Pontif.,
1170 5430 1223 5483 p.
1253 5414 1341 5468 Η.

395 5489 509 5555 (50)
541 5487 705 5548 Ibid.,
735 5501 789 5555 ρ.
813 5486 901 5539 ﬂ.
1100 5554 1113 5555 γ
1318 5553 1335 5555 _

397 5553 505 5629 (ΞΓ
544 5558 685 5612 Hist.
714 5553 909 5627 genen,
941 5564 1071 5609 tom.
1098 5554 1141 5618 l,
1162 5567 1215 5622 p.
1240 5553 1362 5608 508.

397 5573 511 5692 (52)
544 5628 718 5692 Epist.
754 5624 795 5688 I,
826 5641 947 5692 cap.
985 5624 1072 5679 51.

395 5624 510 5694 (52)
544 5624 729 5694 Epist.
754 5624 795 5688 I,
826 5641 947 5694 cap.
985 5624 1072 5679 51.

396 5645 510 5694 (az;
545 5645 584 5680 ιι
627 5645 718 5682 ISt.
754 5645 795 5688 ι,
826 5645 947 5694 cap.
985 5645 1072 5679 or.

396 5700 510 5771 (55)
544 5645 757 5752 lgssal.
784 5696 934 5750 Rom.
961 5697 1015 5750 in
1041 5694 1204 5749 Sabb.
1235 5700 1409 5748 sanet.
1438 5692 1503 5747 ad
1533 5693 1781 5764 propinet.
1809 5707 1861 5745 tv

1985 4525 2129 4579 inter
2171 4524 2360 4587 gentes
2391 4512 2878 4570 numerosissimus
2917 4520 3037 4566 erat
3076 4528 3239 4582 supra
3268 4510 3484 4569 Judaeos
3519 4533 3532 4568 :

1985 4609 2129 4682 quod
2166 4604 2407 4676 quidem,
2440 4602 2637 4673 inquit,
2668 4601 2872 4657 rectius
2901 4616 3063 4672 quam
3115 4604 3171 4657 in
3219 4602 3531 4668 Clementis.

1983 4699 2218 4773 quadrat
2266 4695 2324 4749 in
2380 4691 2602 4761 Trajani
2647 4702 2701 4747 et
2754 4693 3094 4761 sequentium
3145 4692 3532 4762 imperatorum

1983 4803 2251 4864 tempora,
2303 4787 2500 4859 quibus
2545 4784 2786 4840 Ecclesia
2839 4786 3079 4856 gentium
3122 4784 3281 4856 longe
3321 4785 3534 4855 lateque

2062 5131 2174 5205 (5i)
2205 5131 2355 5205 prec.
2383 5127 2529 5205 Rom.
2565 5126 2726 5205 Sahb.
2752 5136 2873 5205 ante
2886 5123 3091 5205 Quinq.
3112 5123 3177 5177 ad
3198 5120 3249 5175 Μ
3258 5120 3529 5191 agniﬁcat.

2060 5195 2175 5328 555)
2205 5199 2322 5281 Lib.
2346 5214 2426 5258 ιιι,
2458 5199 2520 5251 ad
2553 5195 2857 5264 Autolyc.,§
2885 5196 2953 5250 25

2086 5272 2152 5326 56
2201 5267 2339 5321 Dial.
2368 5283 2487 5320 cum
2514 5266 2732 5328 Tryph.,
2776 5264 2803 5328 §
2832 5266 2953 5320 154.

2086 5264 2175 5334 56)
2201 5267 2339 5321 Dial.
2368 5283 2487 5334 cum
2514 5266 2732 5334 Tryph.,
2776 5264 2803 5333 §
2832 5266 2953 5334 154.

2072 5324 2171 5403 57)
2199 5335 2368 5389 Clem.
2396 5324 2813 5403 Alex.,"'Sironi.
2842 5330 2937 5383 lib.
2973 5342 3049 5390 vt,
3084 5341 3210 5403 gap.
3252 5324 3301 5393 7,
3336 5341 3389 5396 p.
3418 5325 3543 5385 770.

2075 5396 2165 5468 58)
2198 5403 2332 5458 Adv.
2368 5402 2651 5467 Marciam,
2689 5403 2781 5455 lib.
2818 5396 3172 5468 tv,icap._2:_i.

2050 5464 2161 5542 (59)
2198 5473 2265 5527 1η
2287 5491 2407 5543 cap.
2448 5464 2697 5543 IEvang.
2728 5470 2859 5523 Luc.
2894 5464 3037 5522 Bibl.
3074 5465 3177 5520 PP.
3208 5466 3338 5521 edit.
3365 5464 3541 5529 Paris,

1980 5557 2113 5604 tom.
2147 5544 2285 5607 Xlll,
2314 5559 2367 5609 p.
2401 5542 2524 5609 767.

2083 5617 2173 5673 60)
2214 5606 2387 5666 scrin.
2415 5609 2478 5679 γ,
2507 5608 2534 5677 ς
2560 5609 2613 5672 4;
2638 5608 2773 5679 Opp.
2802 5615 2934 5662 tom.
2969 5606 3030 5670 V,
3059 5625 3110 5679 p.
3148 5608 3236 5669 50.

2083 5624 2173 5673 60)
2214 5624 2387 5666 Serm.
2422 5624 2478 5673 V,
2507 5624 2534 5677 9
2560 5624 2613 5672 ις
2638 5624 2711 5675 Up

2061 5624 2176 5757 ἶθι)
2220 5683 2383 5753 Epist.
2413 5678 2474 5745 ξι,
2504 5694 2626 5748 cap.
2656 5678 2711 5733 9..
