  <div class='ocr_page' id='page_1' title='image "/cluster/home/n/w/nwhite01/storage/ocr_20150623/1/mdp.39015014764065/061.png"; bbox 0 0 4074 6286; ppageno 0'>
   <div class='ocr_carea' id='block_1_1' title="bbox 532 238 635 294">
    <p class='ocr_par' dir='ltr' id='par_1_1' title="bbox 532 238 635 294">
     <span class='ocr_line' id='line_1_1' title="bbox 532 238 635 294; baseline 0 0"><span class='ocrx_word' id='word_1_1' title='bbox 532 238 635 294; x_wconf 72' lang='grc' dir='ltr'><strong>1ῡὸ</strong></span> 
     </span>
    </p>
   </div>
   <div class='ocr_carea' id='block_1_2' title="bbox 1650 233 2629 297">
    <p class='ocr_par' dir='ltr' id='par_1_2' title="bbox 1650 233 2629 297">
     <span class='ocr_line' id='line_1_2' title="bbox 1650 233 2629 297; baseline 0.008 -8"><span class='ocrx_word' id='word_1_2' title='bbox 1650 236 1741 290; x_wconf 83' lang='lat' dir='ltr'><strong>AD</strong></span> <span class='ocrx_word' id='word_1_3' title='bbox 1783 236 1839 293; x_wconf 89' lang='lat' dir='ltr'><strong>S.</strong></span> <span class='ocrx_word' id='word_1_4' title='bbox 1879 235 2302 293; x_wconf 74' lang='lat' dir='ltr'><strong>CLEMENTLM</strong></span> <span class='ocrx_word' id='word_1_5' title='bbox 2341 235 2361 292; x_wconf 86' lang='grc'><strong>1</strong></span> <span class='ocrx_word' id='word_1_6' title='bbox 2398 233 2629 297; x_wconf 72' lang='grc' dir='ltr'><strong>ΡΑΡΑΜ</strong></span> 
     </span>
    </p>
   </div>
   <div class='ocr_carea' id='block_1_3' title="bbox 3630 251 3735 311">
    <p class='ocr_par' dir='ltr' id='par_1_3' title="bbox 3630 251 3735 311">
     <span class='ocr_line' id='line_1_3' title="bbox 3630 251 3735 311; baseline 0.057 -5"><span class='ocrx_word' id='word_1_7' title='bbox 3630 251 3735 311; x_wconf 68' lang='lat'><strong>{0|</strong></span> 
     </span>
    </p>
   </div>
   <div class='ocr_carea' id='block_1_4' title="bbox 527 349 3735 429">
    <p class='ocr_par' dir='ltr' id='par_1_4' title="bbox 527 349 3735 429">
     <span class='ocr_line' id='line_1_4' title="bbox 527 349 3735 429; baseline 0.007 -28"><span class='ocrx_word' id='word_1_8' title='bbox 527 356 820 421; x_wconf 80' lang='lat' dir='ltr'><strong>propagata</strong></span> <span class='ocrx_word' id='word_1_9' title='bbox 851 358 957 406; x_wconf 86' lang='lat' dir='ltr'><strong>est.</strong></span> <span class='ocrx_word' id='word_1_10' title='bbox 986 349 1126 419; x_wconf 89' lang='lat' dir='ltr'><strong>Quid</strong></span> <span class='ocrx_word' id='word_1_11' title='bbox 1147 351 1332 408; x_wconf 88' lang='lat' dir='ltr'><strong>multis</strong></span> <span class='ocrx_word' id='word_1_12' title='bbox 1357 367 1493 423; x_wconf 87' lang='lat' dir='ltr'><strong>opus</strong></span> <span class='ocrx_word' id='word_1_13' title='bbox 1521 352 1642 407; x_wconf 82' lang='lat' dir='ltr'><strong>est?</strong></span> <span class='ocrx_word' id='word_1_14' title='bbox 1669 352 1858 407; x_wconf 83' lang='lat' dir='ltr'><strong>Nonne</strong></span> <span class='ocrx_word' id='word_1_15' title='bbox 1884 350 2086 406; x_wconf 81' lang='lat' dir='ltr'><strong>Paulus</strong></span> <span class='ocrx_word' id='word_1_16' title='bbox 2116 352 2160 411; x_wconf 74' lang='grc' dir='ltr'>Α</span> <span class='ocrx_word' id='word_1_17' title='bbox 2188 352 2453 423; x_wconf 76' lang='lat' dir='ltr'><strong>sanguine</strong></span> <span class='ocrx_word' id='word_1_18' title='bbox 2480 369 2601 410; x_wconf 89' lang='lat' dir='ltr'><strong>suo.</strong></span> <span class='ocrx_word' id='word_1_19' title='bbox 2626 374 2647 407; x_wconf 68' lang='lat' dir='ltr'><strong>i</strong></span> <span class='ocrx_word' id='word_1_20' title='bbox 2680 352 2790 411; x_wconf 86' lang='lat' dir='ltr'><strong>Nec</strong></span> <span class='ocrx_word' id='word_1_21' title='bbox 2818 354 3012 412; x_wconf 87' lang='lat' dir='ltr'><strong>dubito</strong></span> <span class='ocrx_word' id='word_1_22' title='bbox 3051 358 3183 428; x_wconf 88' lang='lat' dir='ltr'><strong>quin</strong></span> <span class='ocrx_word' id='word_1_23' title='bbox 3215 359 3365 416; x_wconf 88' lang='lat' dir='ltr'><strong>hisce</strong></span> <span class='ocrx_word' id='word_1_24' title='bbox 3396 358 3595 429; x_wconf 84' lang='lat' dir='ltr'><strong>verbis,</strong></span> <span class='ocrx_word' id='word_1_25' title='bbox 3640 372 3735 425; x_wconf 76' lang='grc' dir='ltr'><strong>καὶ</strong></span> 
     </span>
    </p>
   </div>
   <div class='ocr_carea' id='block_1_5' title="bbox 525 441 2081 514">
    <p class='ocr_par' dir='ltr' id='par_1_5' title="bbox 525 441 2081 514">
     <span class='ocr_line' id='line_1_5' title="bbox 525 441 2081 514; baseline 0.001 -20"><span class='ocrx_word' id='word_1_26' title='bbox 525 442 591 495; x_wconf 88' lang='lat' dir='ltr'><strong>ad</strong></span> <span class='ocrx_word' id='word_1_27' title='bbox 623 441 899 498; x_wconf 76' lang='lat' dir='ltr'><strong>Rotnanos</strong></span> <span class='ocrx_word' id='word_1_28' title='bbox 940 445 1187 499; x_wconf 89' lang='lat' dir='ltr'><strong>scribens</strong></span> <span class='ocrx_word' id='word_1_29' title='bbox 1207 445 1272 507; x_wconf 75' lang='grc'><strong>³⁸,</strong></span> <span class='ocrx_word' id='word_1_30' title='bbox 1308 445 1511 514; x_wconf 86' lang='lat' dir='ltr'><strong>gratias</strong></span> <span class='ocrx_word' id='word_1_31' title='bbox 1551 442 1659 498; x_wconf 89' lang='lat' dir='ltr'><strong>Deo</strong></span> <span class='ocrx_word' id='word_1_32' title='bbox 1692 444 1903 513; x_wconf 83' lang='lat' dir='ltr'><strong>agebat,</strong></span> <span class='ocrx_word' id='word_1_33' title='bbox 1937 442 2081 512; x_wconf 89' lang='lat' dir='ltr'><strong>quod</strong></span> 
     </span>
    </p>
   </div>
   <div class='ocr_carea' id='block_1_6' title="bbox 525 533 2083 590">
    <p class='ocr_par' dir='ltr' id='par_1_6' title="bbox 525 533 2083 590">
     <span class='ocr_line' id='line_1_6' title="bbox 525 533 2083 590; baseline 0.001 -3"><span class='ocrx_word' id='word_1_34' title='bbox 525 534 656 588; x_wconf 86' lang='lat' dir='ltr'><strong>lides</strong></span> <span class='ocrx_word' id='word_1_35' title='bbox 686 550 872 589; x_wconf 85' lang='lat' dir='ltr'><strong>eorum</strong></span> <span class='ocrx_word' id='word_1_36' title='bbox 898 536 1323 589; x_wconf 85' lang='lat' dir='ltr'><strong>annuntiabatnr</strong></span> <span class='ocrx_word' id='word_1_37' title='bbox 1349 537 1402 589; x_wconf 87' lang='lat' dir='ltr'><strong>in</strong></span> <span class='ocrx_word' id='word_1_38' title='bbox 1424 537 1661 589; x_wconf 83' lang='lat' dir='ltr'><strong>universo</strong></span> <span class='ocrx_word' id='word_1_39' title='bbox 1684 535 1873 588; x_wconf 84' lang='lat' dir='ltr'><strong>mundo</strong></span> <span class='ocrx_word' id='word_1_40' title='bbox 1889 538 1914 590; x_wconf 85' lang='lat'><strong><em>?</em></strong></span> <span class='ocrx_word' id='word_1_41' title='bbox 1936 533 2083 589; x_wconf 83' lang='lat' dir='ltr'><strong>Non-</strong></span> 
     </span>
    </p>
   </div>
   <div class='ocr_carea' id='block_1_7' title="bbox 522 623 2082 700">
    <p class='ocr_par' dir='ltr' id='par_1_7' title="bbox 522 623 2082 700">
     <span class='ocr_line' id='line_1_7' title="bbox 522 623 2082 700; baseline 0.004 -24"><span class='ocrx_word' id='word_1_42' title='bbox 522 638 591 678; x_wconf 89' lang='lat' dir='ltr'><strong>ne</strong></span> <span class='ocrx_word' id='word_1_43' title='bbox 623 623 837 677; x_wconf 88' lang='lat' dir='ltr'><strong>dicebat</strong></span> <span class='ocrx_word' id='word_1_44' title='bbox 864 624 929 687; x_wconf 84' lang='grc'><strong>³⁷,</strong></span> <span class='ocrx_word' id='word_1_45' title='bbox 957 627 1011 679; x_wconf 90' lang='lat' dir='ltr'><strong>in</strong></span> <span class='ocrx_word' id='word_1_46' title='bbox 1040 642 1245 680; x_wconf 82' lang='lat' dir='ltr'><strong><em>onmem</em></strong></span> <span class='ocrx_word' id='word_1_47' title='bbox 1269 636 1467 681; x_wconf 88' lang='lat' dir='ltr'><strong>terram</strong></span> <span class='ocrx_word' id='word_1_48' title='bbox 1498 628 1696 684; x_wconf 81' lang='lat' dir='ltr'><strong>exiisse</strong></span> <span class='ocrx_word' id='word_1_49' title='bbox 1726 644 1919 683; x_wconf 90' lang='lat' dir='ltr'><strong>sonum</strong></span> <span class='ocrx_word' id='word_1_50' title='bbox 1949 644 2082 700; x_wconf 82' lang='lat' dir='ltr'><strong>apu—</strong></span> 
     </span>
    </p>
   </div>
   <div class='ocr_carea' id='block_1_8' title="bbox 521 716 2083 785">
    <p class='ocr_par' dir='ltr' id='par_1_8' title="bbox 521 716 2083 785">
     <span class='ocr_line' id='line_1_8' title="bbox 521 716 2083 785; baseline 0.003 -16"><span class='ocrx_word' id='word_1_51' title='bbox 521 716 810 779; x_wconf 82' lang='lat' dir='ltr'><strong>stolerum,</strong></span> <span class='ocrx_word' id='word_1_52' title='bbox 868 726 917 769; x_wconf 89' lang='lat' dir='ltr'><strong>et</strong></span> <span class='ocrx_word' id='word_1_53' title='bbox 964 716 1020 770; x_wconf 87' lang='lat' dir='ltr'><strong>in</strong></span> <span class='ocrx_word' id='word_1_54' title='bbox 1057 718 1187 785; x_wconf 75' lang='lat' dir='ltr'><strong>ﬁnes</strong></span> <span class='ocrx_word' id='word_1_55' title='bbox 1240 716 1383 771; x_wconf 87' lang='lat' dir='ltr'><strong>orbis</strong></span> <span class='ocrx_word' id='word_1_56' title='bbox 1427 728 1582 772; x_wconf 72' lang='lat' dir='ltr'><strong>terrae</strong></span> <span class='ocrx_word' id='word_1_57' title='bbox 1638 719 1799 773; x_wconf 87' lang='lat' dir='ltr'><strong>verba</strong></span> <span class='ocrx_word' id='word_1_58' title='bbox 1854 720 2083 773; x_wconf 73' lang='lat' dir='ltr'><strong>eorum?</strong></span> 
     </span>
    </p>
   </div>
   <div class='ocr_carea' id='block_1_9' title="bbox 518 794 2081 880">
    <p class='ocr_par' dir='ltr' id='par_1_9' title="bbox 518 794 2081 880">
     <span class='ocr_line' id='line_1_9' title="bbox 518 794 2081 880; baseline 0.004 -23"><span class='ocrx_word' id='word_1_59' title='bbox 518 804 709 858; x_wconf 87' lang='lat' dir='ltr'><strong>Nonne</strong></span> <span class='ocrx_word' id='word_1_60' title='bbox 742 804 907 859; x_wconf 90' lang='lat' dir='ltr'><strong>Deum</strong></span> <span class='ocrx_word' id='word_1_61' title='bbox 951 807 1368 876; x_wconf 71' lang='lat' dir='ltr'><strong>gloriﬁcabat”,</strong></span> <span class='ocrx_word' id='word_1_62' title='bbox 1397 809 1539 878; x_wconf 90' lang='lat' dir='ltr'><strong>quod</strong></span> <span class='ocrx_word' id='word_1_63' title='bbox 1586 794 1902 880; x_wconf 70' lang='lat' dir='ltr'><strong>mysterium</strong></span> <span class='ocrx_word' id='word_1_64' title='bbox 1944 817 2081 865; x_wconf 85' lang='lat' dir='ltr'><strong>tem-</strong></span> 
     </span>
    </p>
   </div>
   <div class='ocr_carea' id='block_1_10' title="bbox 517 899 2080 972">
    <p class='ocr_par' dir='ltr' id='par_1_10' title="bbox 517 899 2080 972">
     <span class='ocr_line' id='line_1_10' title="bbox 517 899 2080 972; baseline 0.004 -21"><span class='ocrx_word' id='word_1_65' title='bbox 517 899 746 966; x_wconf 83' lang='lat' dir='ltr'><strong>poribus</strong></span> <span class='ocrx_word' id='word_1_66' title='bbox 781 902 999 955; x_wconf 60' lang='lat' dir='ltr'><strong>aeternis</strong></span> <span class='ocrx_word' id='word_1_67' title='bbox 1031 902 1281 962; x_wconf 88' lang='lat' dir='ltr'><strong>tacitum,</strong></span> <span class='ocrx_word' id='word_1_68' title='bbox 1314 902 1645 972; x_wconf 78' lang='lat' dir='ltr'><strong>patefactum</strong></span> <span class='ocrx_word' id='word_1_69' title='bbox 1688 912 1832 959; x_wconf 80' lang='lat' dir='ltr'><strong>esset</strong></span> <span class='ocrx_word' id='word_1_70' title='bbox 1861 904 1928 957; x_wconf 88' lang='lat' dir='ltr'><strong>ad</strong></span> <span class='ocrx_word' id='word_1_71' title='bbox 1959 905 2080 958; x_wconf 86' lang='lat' dir='ltr'><strong>obe-</strong></span> 
     </span>
    </p>
   </div>
   <div class='ocr_carea' id='block_1_11' title="bbox 512 992 2077 1067">
    <p class='ocr_par' dir='ltr' id='par_1_11' title="bbox 512 992 2077 1067">
     <span class='ocr_line' id='line_1_11' title="bbox 512 992 2077 1067; baseline 0.007 -26"><span class='ocrx_word' id='word_1_72' title='bbox 512 992 769 1046; x_wconf 85' lang='lat' dir='ltr'><strong>ditionem</strong></span> <span class='ocrx_word' id='word_1_73' title='bbox 799 992 923 1061; x_wconf 80' lang='lat' dir='ltr'><strong>ﬁdei</strong></span> <span class='ocrx_word' id='word_1_74' title='bbox 949 994 1005 1047; x_wconf 86' lang='lat' dir='ltr'><strong>in</strong></span> <span class='ocrx_word' id='word_1_75' title='bbox 1034 996 1235 1049; x_wconf 85' lang='lat' dir='ltr'><strong>cunctis</strong></span> <span class='ocrx_word' id='word_1_76' title='bbox 1265 996 1503 1065; x_wconf 75' lang='lat' dir='ltr'><strong>gentibus</strong></span> <span class='ocrx_word' id='word_1_77' title='bbox 1523 999 1548 1051; x_wconf 86' lang='lat'><strong>.’</strong></span> <span class='ocrx_word' id='word_1_78' title='bbox 1583 996 1779 1050; x_wconf 87' lang='lat' dir='ltr'><strong>Eodem</strong></span> <span class='ocrx_word' id='word_1_79' title='bbox 1824 996 2077 1067; x_wconf 85' lang='lat' dir='ltr'><strong>loquendi</strong></span> 
     </span>
    </p>
   </div>
   <div class='ocr_carea' id='block_1_12' title="bbox 520 1086 2079 1159">
    <p class='ocr_par' dir='ltr' id='par_1_12' title="bbox 520 1086 2079 1159">
     <span class='ocr_line' id='line_1_12' title="bbox 520 1086 2079 1159; baseline 0.005 -22"><span class='ocrx_word' id='word_1_80' title='bbox 520 1100 716 1153; x_wconf 78' lang='lat' dir='ltr'><strong>genere</strong></span> <span class='ocrx_word' id='word_1_81' title='bbox 754 1086 879 1140; x_wconf 82' lang='lat' dir='ltr'><strong>alibi</strong></span> <span class='ocrx_word' id='word_1_82' title='bbox 904 1103 1120 1156; x_wconf 88' lang='lat' dir='ltr'><strong>quoque</strong></span> <span class='ocrx_word' id='word_1_83' title='bbox 1147 1089 1319 1142; x_wconf 88' lang='lat' dir='ltr'><strong>utitur</strong></span> <span class='ocrx_word' id='word_1_84' title='bbox 1341 1090 1480 1143; x_wconf 89' lang='lat' dir='ltr'><strong>idem</strong></span> <span class='ocrx_word' id='word_1_85' title='bbox 1513 1090 1829 1159; x_wconf 82' lang='lat' dir='ltr'><strong>Apostolus.</strong></span> <span class='ocrx_word' id='word_1_86' title='bbox 1862 1091 1939 1144; x_wconf 85' lang='lat' dir='ltr'><strong>Ad</strong></span> <span class='ocrx_word' id='word_1_87' title='bbox 1970 1090 2079 1145; x_wconf 83' lang='lat' dir='ltr'><strong>Cu-</strong></span> 
     </span>
    </p>
   </div>
   <div class='ocr_carea' id='block_1_13' title="bbox 520 1174 2075 1250">
    <p class='ocr_par' dir='ltr' id='par_1_13' title="bbox 520 1174 2075 1250">
     <span class='ocr_line' id='line_1_13' title="bbox 520 1174 2075 1250; baseline 0.006 -24"><span class='ocrx_word' id='word_1_88' title='bbox 520 1174 894 1231; x_wconf 79' lang='lat' dir='ltr'><strong>lossenses”:</strong></span> <span class='ocrx_word' id='word_1_89' title='bbox 936 1175 999 1229; x_wconf 85' lang='lat' dir='ltr'><strong>In</strong></span> <span class='ocrx_word' id='word_1_90' title='bbox 1046 1180 1196 1232; x_wconf 86' lang='lat' dir='ltr'><strong>verbo</strong></span> <span class='ocrx_word' id='word_1_91' title='bbox 1245 1180 1478 1232; x_wconf 78' lang='lat' dir='ltr'><strong>veritatis</strong></span> <span class='ocrx_word' id='word_1_92' title='bbox 1529 1179 1812 1250; x_wconf 79' lang='lat' dir='ltr'><strong>Evangelii,</strong></span> <span class='ocrx_word' id='word_1_93' title='bbox 1835 1181 1972 1249; x_wconf 83' lang='lat' dir='ltr'><strong>quod</strong></span> <span class='ocrx_word' id='word_1_94' title='bbox 2020 1182 2075 1235; x_wconf 85' lang='lat' dir='ltr'><strong>in</strong></span> 
     </span>
    </p>
   </div>
   <div class='ocr_carea' id='block_1_14' title="bbox 518 1269 2073 1341">
    <p class='ocr_par' dir='ltr' id='par_1_14' title="bbox 518 1269 2073 1341">
     <span class='ocr_line' id='line_1_14' title="bbox 518 1269 2073 1341; baseline 0.005 -21"><span class='ocrx_word' id='word_1_95' title='bbox 518 1269 757 1321; x_wconf 88' lang='lat' dir='ltr'><strong>universo</strong></span> <span class='ocrx_word' id='word_1_96' title='bbox 778 1270 970 1324; x_wconf 84' lang='lat' dir='ltr'><strong>mundo</strong></span> <span class='ocrx_word' id='word_1_97' title='bbox 1000 1280 1099 1333; x_wconf 88' lang='lat' dir='ltr'><strong>est,</strong></span> <span class='ocrx_word' id='word_1_98' title='bbox 1132 1281 1179 1324; x_wconf 88' lang='lat' dir='ltr'><strong>et</strong></span> <span class='ocrx_word' id='word_1_99' title='bbox 1201 1271 1513 1341; x_wconf 76' lang='lat' dir='ltr'><strong>fructi/ient.</strong></span> <span class='ocrx_word' id='word_1_100' title='bbox 1544 1284 1593 1326; x_wconf 84' lang='lat' dir='ltr'><strong>et</strong></span> <span class='ocrx_word' id='word_1_101' title='bbox 1625 1275 1833 1329; x_wconf 88' lang='lat' dir='ltr'><strong>crescit.</strong></span> <span class='ocrx_word' id='word_1_102' title='bbox 1874 1272 1936 1327; x_wconf 85' lang='lat' dir='ltr'><strong>Et</strong></span> <span class='ocrx_word' id='word_1_103' title='bbox 1969 1274 2073 1328; x_wconf 86' lang='lat' dir='ltr'><strong>ite-</strong></span> 
     </span>
    </p>
   </div>
   <div class='ocr_carea' id='block_1_15' title="bbox 517 1359 2074 1433">
    <p class='ocr_par' dir='ltr' id='par_1_15' title="bbox 517 1359 2074 1433">
     <span class='ocr_line' id='line_1_15' title="bbox 517 1359 2074 1433; baseline 0.004 -20"><span class='ocrx_word' id='word_1_104' title='bbox 517 1359 1136 1430; x_wconf 80' lang='lat' dir='ltr'><strong>rttszvangelium....</strong></span> <span class='ocrx_word' id='word_1_105' title='bbox 1197 1364 1542 1433; x_wconf 78' lang='lat' dir='ltr'><strong>prwdicatum</strong></span> <span class='ocrx_word' id='word_1_106' title='bbox 1600 1376 1677 1418; x_wconf 87' lang='lat' dir='ltr'><strong>est</strong></span> <span class='ocrx_word' id='word_1_107' title='bbox 1728 1366 1783 1418; x_wconf 86' lang='lat' dir='ltr'><strong>in</strong></span> <span class='ocrx_word' id='word_1_108' title='bbox 1830 1367 2074 1419; x_wconf 84' lang='lat' dir='ltr'><strong>universa</strong></span> 
     </span>
    </p>
   </div>
   <div class='ocr_carea' id='block_1_16' title="bbox 518 1452 2069 1519">
    <p class='ocr_par' dir='ltr' id='par_1_16' title="bbox 518 1452 2069 1519">
     <span class='ocr_line' id='line_1_16' title="bbox 518 1452 2069 1519; baseline 0.006 -18"><span class='ocrx_word' id='word_1_109' title='bbox 518 1460 761 1503; x_wconf 78' lang='lat' dir='ltr'><strong>creatura</strong></span> <span class='ocrx_word' id='word_1_110' title='bbox 792 1466 905 1519; x_wconf 75' lang='lat' dir='ltr'><strong>quw</strong></span> <span class='ocrx_word' id='word_1_111' title='bbox 928 1452 1024 1503; x_wconf 88' lang='lat' dir='ltr'><strong>sub</strong></span> <span class='ocrx_word' id='word_1_112' title='bbox 1048 1453 1173 1507; x_wconf 72' lang='lat' dir='ltr'><strong>caelo</strong></span> <span class='ocrx_word' id='word_1_113' title='bbox 1201 1463 1299 1507; x_wconf 84' lang='lat' dir='ltr'><strong>est.</strong></span> <span class='ocrx_word' id='word_1_114' title='bbox 1331 1454 1409 1507; x_wconf 91' lang='lat' dir='ltr'><strong>Ad</strong></span> <span class='ocrx_word' id='word_1_115' title='bbox 1452 1453 1803 1508; x_wconf 85' lang='lat' dir='ltr'><strong>Timotheum</strong></span> <span class='ocrx_word' id='word_1_116' title='bbox 1845 1455 1973 1510; x_wconf 83' lang='lat' dir='ltr'><strong>item</strong></span> <span class='ocrx_word' id='word_1_117' title='bbox 1995 1455 2069 1510; x_wconf 72' lang='lat'><strong>‘°:</strong></span> 
     </span>
    </p>
   </div>
   <div class='ocr_carea' id='block_1_17' title="bbox 515 1532 2072 1615">
    <p class='ocr_par' dir='ltr' id='par_1_17' title="bbox 515 1532 2072 1615">
     <span class='ocr_line' id='line_1_17' title="bbox 515 1532 2072 1615; baseline 0.005 -22"><span class='ocrx_word' id='word_1_118' title='bbox 515 1539 768 1611; x_wconf 79' lang='lat' dir='ltr'><strong>Magnum</strong></span> <span class='ocrx_word' id='word_1_119' title='bbox 781 1554 856 1597; x_wconf 85' lang='lat' dir='ltr'><strong>est</strong></span> <span class='ocrx_word' id='word_1_120' title='bbox 870 1545 1078 1613; x_wconf 77' lang='lat' dir='ltr'><strong>pietatis</strong></span> <span class='ocrx_word' id='word_1_121' title='bbox 1098 1532 1666 1615; x_wconf 77' lang='lat' dir='ltr'><strong>sacramentum,quod.</strong></span> <span class='ocrx_word' id='word_1_122' title='bbox 1678 1588 1691 1601; x_wconf 90' lang='lat'><strong>.</strong></span> <span class='ocrx_word' id='word_1_123' title='bbox 1702 1589 1713 1600; x_wconf 91' lang='lat'><strong>.</strong></span> <span class='ocrx_word' id='word_1_124' title='bbox 1727 1545 2072 1614; x_wconf 74' lang='lat' dir='ltr'><strong>prwdicatum</strong></span> 
     </span>
    </p>
   </div>
   <div class='ocr_carea' id='block_1_18' title="bbox 513 1631 2142 1739">
    <p class='ocr_par' dir='ltr' id='par_1_18' title="bbox 513 1631 2142 1739">
     <span class='ocr_line' id='line_1_18' title="bbox 513 1631 2142 1739; baseline 0.002 -52"><span class='ocrx_word' id='word_1_125' title='bbox 513 1646 591 1687; x_wconf 86' lang='lat' dir='ltr'><strong>est</strong></span> <span class='ocrx_word' id='word_1_126' title='bbox 607 1631 1261 1693; x_wconf 80' lang='lat' dir='ltr'><strong>GENTIBUS.creditum</strong></span> <span class='ocrx_word' id='word_1_127' title='bbox 1281 1635 1429 1690; x_wconf 81' lang='lat' dir='ltr'><strong>estin</strong></span> <span class='ocrx_word' id='word_1_128' title='bbox 1447 1635 1727 1692; x_wconf 81' lang='lat' dir='ltr'><strong>MUNDO.</strong></span> <span class='ocrx_word' id='word_1_129' title='bbox 1743 1635 1853 1692; x_wconf 87' lang='lat' dir='ltr'><strong>Nec</strong></span> <span class='ocrx_word' id='word_1_130' title='bbox 1872 1638 2068 1691; x_wconf 91' lang='lat' dir='ltr'><strong>mirum</strong></span> <span class='ocrx_word' id='word_1_131' title='bbox 2100 1685 2142 1739; x_wconf 77' lang='grc' dir='ltr'><strong>Β</strong></span> 
     </span>
    </p>
   </div>
   <div class='ocr_carea' id='block_1_19' title="bbox 515 1726 2067 1798">
    <p class='ocr_par' dir='ltr' id='par_1_19' title="bbox 515 1726 2067 1798">
     <span class='ocr_line' id='line_1_19' title="bbox 515 1726 2067 1798; baseline 0.005 -20"><span class='ocrx_word' id='word_1_132' title='bbox 515 1739 686 1780; x_wconf 87' lang='lat' dir='ltr'><strong>sane:</strong></span> <span class='ocrx_word' id='word_1_133' title='bbox 721 1735 778 1778; x_wconf 94' lang='lat' dir='ltr'><strong>ut</strong></span> <span class='ocrx_word' id='word_1_134' title='bbox 812 1726 958 1781; x_wconf 90' lang='lat' dir='ltr'><strong>enim</strong></span> <span class='ocrx_word' id='word_1_135' title='bbox 991 1728 1127 1782; x_wconf 89' lang='lat' dir='ltr'><strong>alios</strong></span> <span class='ocrx_word' id='word_1_136' title='bbox 1166 1736 1552 1797; x_wconf 63' lang='lat' dir='ltr'><strong>praetereamus</strong></span> <span class='ocrx_word' id='word_1_137' title='bbox 1583 1730 1880 1798; x_wconf 85' lang='lat' dir='ltr'><strong>apostolos,</strong></span> <span class='ocrx_word' id='word_1_138' title='bbox 1924 1746 2067 1786; x_wconf 87' lang='lat' dir='ltr'><strong>unus</strong></span> 
     </span>
    </p>
   </div>
   <div class='ocr_carea' id='block_1_20' title="bbox 512 1814 2069 1890">
    <p class='ocr_par' dir='ltr' id='par_1_20' title="bbox 512 1814 2069 1890">
     <span class='ocr_line' id='line_1_20' title="bbox 512 1814 2069 1890; baseline 0.004 -22"><span class='ocrx_word' id='word_1_139' title='bbox 512 1829 743 1883; x_wconf 78' lang='lat' dir='ltr'><strong>magnus</strong></span> <span class='ocrx_word' id='word_1_140' title='bbox 767 1814 986 1880; x_wconf 84' lang='lat' dir='ltr'><strong>Paulus,</strong></span> <span class='ocrx_word' id='word_1_141' title='bbox 1022 1826 1158 1872; x_wconf 85' lang='lat' dir='ltr'><strong>teste</strong></span> <span class='ocrx_word' id='word_1_142' title='bbox 1190 1826 1375 1872; x_wconf 89' lang='lat' dir='ltr'><strong>nostro</strong></span> <span class='ocrx_word' id='word_1_143' title='bbox 1397 1818 1676 1873; x_wconf 86' lang='lat' dir='ltr'><strong>Clemente</strong></span> <span class='ocrx_word' id='word_1_144' title='bbox 1700 1819 1841 1890; x_wconf 76' lang='lat'><strong>(69.),</strong></span> <span class='ocrx_word' id='word_1_145' title='bbox 1876 1821 2069 1877; x_wconf 67' lang='lat' dir='ltr'><strong>Pramo</strong></span> 
     </span>
    </p>
   </div>
   <div class='ocr_carea' id='block_1_21' title="bbox 511 1906 2066 1975">
    <p class='ocr_par' dir='ltr' id='par_1_21' title="bbox 511 1906 2066 1975">
     <span class='ocr_line' id='line_1_21' title="bbox 511 1906 2066 1975; baseline 0.005 -17"><span class='ocrx_word' id='word_1_146' title='bbox 511 1906 688 1975; x_wconf 86' lang='lat' dir='ltr'><strong>[actus</strong></span> <span class='ocrx_word' id='word_1_147' title='bbox 733 1908 787 1960; x_wconf 89' lang='lat' dir='ltr'><strong>in</strong></span> <span class='ocrx_word' id='word_1_148' title='bbox 832 1910 1030 1962; x_wconf 86' lang='lat' dir='ltr'><strong>oriente</strong></span> <span class='ocrx_word' id='word_1_149' title='bbox 1072 1918 1120 1961; x_wconf 86' lang='lat' dir='ltr'><strong>et</strong></span> <span class='ocrx_word' id='word_1_150' title='bbox 1172 1909 1527 1966; x_wconf 83' lang='lat' dir='ltr'><strong>occidente....</strong></span> <span class='ocrx_word' id='word_1_151' title='bbox 1602 1928 1720 1966; x_wconf 86' lang='lat' dir='ltr'><strong>cum</strong></span> <span class='ocrx_word' id='word_1_152' title='bbox 1770 1913 2066 1967; x_wconf 80' lang='lat' dir='ltr'><strong>universum</strong></span> 
     </span>
    </p>
   </div>
   <div class='ocr_carea' id='block_1_22' title="bbox 509 1998 2069 2064">
    <p class='ocr_par' dir='ltr' id='par_1_22' title="bbox 509 1998 2069 2064">
     <span class='ocr_line' id='line_1_22' title="bbox 509 1998 2069 2064; baseline 0.004 -13"><span class='ocrx_word' id='word_1_153' title='bbox 509 1998 761 2052; x_wconf 86' lang='lat' dir='ltr'><strong>mundum</strong></span> <span class='ocrx_word' id='word_1_154' title='bbox 784 2000 1045 2055; x_wconf 86' lang='lat' dir='ltr'><strong>docuisset</strong></span> <span class='ocrx_word' id='word_1_155' title='bbox 1073 2001 1356 2064; x_wconf 80' lang='lat' dir='ltr'><strong>iustitiam,</strong></span> <span class='ocrx_word' id='word_1_156' title='bbox 1388 2012 1436 2056; x_wconf 90' lang='lat' dir='ltr'><strong>et</strong></span> <span class='ocrx_word' id='word_1_157' title='bbox 1468 2003 1537 2056; x_wconf 87' lang='lat' dir='ltr'><strong>ad</strong></span> <span class='ocrx_word' id='word_1_158' title='bbox 1574 2004 1859 2059; x_wconf 83' lang='lat' dir='ltr'><strong>occidentis</strong></span> <span class='ocrx_word' id='word_1_159' title='bbox 1890 2005 2069 2059; x_wconf 84' lang='lat' dir='ltr'><strong>termi-</strong></span> 
     </span>
    </p>
   </div>
   <div class='ocr_carea' id='block_1_23' title="bbox 508 2092 2066 2165">
    <p class='ocr_par' dir='ltr' id='par_1_23' title="bbox 508 2092 2066 2165">
     <span class='ocr_line' id='line_1_23' title="bbox 508 2092 2066 2165; baseline 0.005 -22"><span class='ocrx_word' id='word_1_160' title='bbox 508 2106 633 2143; x_wconf 86' lang='lat' dir='ltr'><strong>num</strong></span> <span class='ocrx_word' id='word_1_161' title='bbox 672 2092 912 2159; x_wconf 78' lang='lat' dir='ltr'><strong>venisset,</strong></span> <span class='ocrx_word' id='word_1_162' title='bbox 970 2110 1031 2147; x_wconf 91' lang='lat' dir='ltr'><strong>ac</strong></span> <span class='ocrx_word' id='word_1_163' title='bbox 1085 2093 1180 2147; x_wconf 87' lang='lat' dir='ltr'><strong>sub</strong></span> <span class='ocrx_word' id='word_1_164' title='bbox 1232 2094 1492 2163; x_wconf 78' lang='lat' dir='ltr'><strong>prwfectis</strong></span> <span class='ocrx_word' id='word_1_165' title='bbox 1520 2099 1834 2165; x_wconf 82' lang='lat' dir='ltr'><strong>martyrium</strong></span> <span class='ocrx_word' id='word_1_166' title='bbox 1877 2111 2066 2164; x_wconf 87' lang='lat' dir='ltr'><strong>passus</strong></span> 
     </span>
    </p>
   </div>
   <div class='ocr_carea' id='block_1_24' title="bbox 505 2181 2064 2253">
    <p class='ocr_par' dir='ltr' id='par_1_24' title="bbox 505 2181 2064 2253">
     <span class='ocr_line' id='line_1_24' title="bbox 505 2181 2064 2253; baseline 0.004 -21"><span class='ocrx_word' id='word_1_167' title='bbox 505 2189 661 2243; x_wconf 83' lang='lat' dir='ltr'><strong>esset,</strong></span> <span class='ocrx_word' id='word_1_168' title='bbox 713 2181 788 2233; x_wconf 90' lang='lat' dir='ltr'><strong>ita</strong></span> <span class='ocrx_word' id='word_1_169' title='bbox 840 2197 868 2234; x_wconf 88' lang='lat' dir='ltr'><strong>e</strong></span> <span class='ocrx_word' id='word_1_170' title='bbox 910 2181 1102 2235; x_wconf 85' lang='lat' dir='ltr'><strong>mundo</strong></span> <span class='ocrx_word' id='word_1_171' title='bbox 1158 2183 1425 2253; x_wconf 84' lang='lat' dir='ltr'><strong>migravit.</strong></span> <span class='ocrx_word' id='word_1_172' title='bbox 1483 2184 1614 2249; x_wconf 75' lang='lat' dir='ltr'><strong>Qum</strong></span> <span class='ocrx_word' id='word_1_173' title='bbox 1667 2201 1791 2239; x_wconf 84' lang='lat' dir='ltr'><strong>cum</strong></span> <span class='ocrx_word' id='word_1_174' title='bbox 1825 2186 1900 2239; x_wconf 86' lang='lat' dir='ltr'><strong>ita</strong></span> <span class='ocrx_word' id='word_1_175' title='bbox 1930 2186 2064 2251; x_wconf 90' lang='lat' dir='ltr'><strong>sint,</strong></span> 
     </span>
    </p>
   </div>
   <div class='ocr_carea' id='block_1_25' title="bbox 505 2272 2064 2348">
    <p class='ocr_par' dir='ltr' id='par_1_25' title="bbox 505 2272 2064 2348">
     <span class='ocr_line' id='line_1_25' title="bbox 505 2272 2064 2348; baseline 0.006 -24"><span class='ocrx_word' id='word_1_176' title='bbox 505 2272 693 2340; x_wconf 89' lang='lat' dir='ltr'><strong>quidni</strong></span> <span class='ocrx_word' id='word_1_177' title='bbox 726 2288 856 2341; x_wconf 84' lang='lat' dir='ltr'><strong>ergo</strong></span> <span class='ocrx_word' id='word_1_178' title='bbox 896 2289 1023 2328; x_wconf 82' lang='lat' dir='ltr'><strong>vere</strong></span> <span class='ocrx_word' id='word_1_179' title='bbox 1056 2275 1338 2344; x_wconf 86' lang='lat' dir='ltr'><strong>scripserit</strong></span> <span class='ocrx_word' id='word_1_180' title='bbox 1388 2273 1441 2328; x_wconf 90' lang='lat' dir='ltr'><strong>in</strong></span> <span class='ocrx_word' id='word_1_181' title='bbox 1482 2274 1783 2346; x_wconf 85' lang='lat' dir='ltr'><strong>posteriore</strong></span> <span class='ocrx_word' id='word_1_182' title='bbox 1825 2275 2064 2348; x_wconf 88' lang='lat' dir='ltr'><strong>Epistula</strong></span> 
     </span>
    </p>
   </div>
   <div class='ocr_carea' id='block_1_26' title="bbox 505 2361 2065 2442">
    <p class='ocr_par' dir='ltr' id='par_1_26' title="bbox 505 2361 2065 2442">
     <span class='ocr_line' id='line_1_26' title="bbox 505 2361 2065 2442; baseline 0.007 -27"><span class='ocrx_word' id='word_1_183' title='bbox 505 2361 754 2417; x_wconf 88' lang='lat' dir='ltr'><strong>Clemens</strong></span> <span class='ocrx_word' id='word_1_184' title='bbox 783 2361 1060 2418; x_wconf 82' lang='lat' dir='ltr'><strong>Romanus</strong></span> <span class='ocrx_word' id='word_1_185' title='bbox 1086 2382 1099 2418; x_wconf 92' lang='lat'><strong>:</strong></span> <span class='ocrx_word' id='word_1_186' title='bbox 1129 2364 1316 2419; x_wconf 80' lang='lat' dir='ltr'><strong>Plures</strong></span> <span class='ocrx_word' id='word_1_187' title='bbox 1344 2365 1473 2435; x_wconf 76' lang='lat' dir='ltr'><strong>[acti</strong></span> <span class='ocrx_word' id='word_1_188' title='bbox 1517 2384 1701 2425; x_wconf 78' lang='lat' dir='ltr'><strong>sumus</strong></span> <span class='ocrx_word' id='word_1_189' title='bbox 1729 2367 1952 2436; x_wconf 64' lang='lat' dir='ltr'><strong>Iudaeis,</strong></span> <span class='ocrx_word' id='word_1_190' title='bbox 1975 2372 2065 2442; x_wconf 84' lang='lat' dir='ltr'><strong>qui</strong></span> 
     </span>
    </p>
   </div>
   <div class='ocr_carea' id='block_1_27' title="bbox 505 2452 1226 2514">
    <p class='ocr_par' dir='ltr' id='par_1_27' title="bbox 505 2452 1226 2514">
     <span class='ocr_line' id='line_1_27' title="bbox 505 2452 1226 2514; baseline 0.008 -8"><span class='ocrx_word' id='word_1_191' title='bbox 505 2452 674 2507; x_wconf 86' lang='lat' dir='ltr'><strong>Deum</strong></span> <span class='ocrx_word' id='word_1_192' title='bbox 703 2454 890 2509; x_wconf 80' lang='lat' dir='ltr'><strong>habere</strong></span> <span class='ocrx_word' id='word_1_193' title='bbox 911 2460 1226 2514; x_wconf 82' lang='lat' dir='ltr'><strong>censentur?</strong></span> 
     </span>
    </p>
   </div>
   <div class='ocr_carea' id='block_1_28' title="bbox 574 2543 2069 2621">
    <p class='ocr_par' dir='ltr' id='par_1_28' title="bbox 574 2543 2069 2621">
     <span class='ocr_line' id='line_1_28' title="bbox 574 2543 2069 2621; baseline 0.01 -25"><span class='ocrx_word' id='word_1_194' title='bbox 574 2543 774 2601; x_wconf 80' lang='lat' dir='ltr'><strong>Verum</strong></span> <span class='ocrx_word' id='word_1_195' title='bbox 805 2549 873 2602; x_wconf 92' lang='lat' dir='ltr'><strong>ad</strong></span> <span class='ocrx_word' id='word_1_196' title='bbox 904 2548 1107 2603; x_wconf 92' lang='lat' dir='ltr'><strong>nodum</strong></span> <span class='ocrx_word' id='word_1_197' title='bbox 1136 2549 1441 2621; x_wconf 70' lang='lat' dir='ltr'><strong>graviorem</strong></span> <span class='ocrx_word' id='word_1_198' title='bbox 1472 2552 1793 2609; x_wconf 85' lang='lat' dir='ltr'><strong>solvendum</strong></span> <span class='ocrx_word' id='word_1_199' title='bbox 1822 2554 2069 2611; x_wconf 81' lang='lat' dir='ltr'><strong>studiose</strong></span> 
     </span>
    </p>
   </div>
   <div class='ocr_carea' id='block_1_29' title="bbox 503 2638 2060 2717">
    <p class='ocr_par' dir='ltr' id='par_1_29' title="bbox 503 2638 2060 2717">
     <span class='ocr_line' id='line_1_29' title="bbox 503 2638 2060 2717; baseline 0.007 -27"><span class='ocrx_word' id='word_1_200' title='bbox 503 2651 876 2707; x_wconf 85' lang='lat' dir='ltr'><strong>pruperemus.</strong></span> <span class='ocrx_word' id='word_1_201' title='bbox 910 2638 1113 2695; x_wconf 84' lang='lat' dir='ltr'><strong>Statuit</strong></span> <span class='ocrx_word' id='word_1_202' title='bbox 1148 2642 1407 2697; x_wconf 87' lang='lat' dir='ltr'><strong>nimirum</strong></span> <span class='ocrx_word' id='word_1_203' title='bbox 1423 2645 1507 2698; x_wconf 84' lang='lat' dir='ltr'><strong>vir</strong></span> <span class='ocrx_word' id='word_1_204' title='bbox 1535 2645 1668 2700; x_wconf 89' lang='lat' dir='ltr'><strong>clar.</strong></span> <span class='ocrx_word' id='word_1_205' title='bbox 1692 2643 1845 2717; x_wconf 77' lang='lat'><strong>(63):</strong></span> <span class='ocrx_word' id='word_1_206' title='bbox 1881 2663 1902 2697; x_wconf 74' lang='grc' dir='ltr'><strong>ι</strong></span> <span class='ocrx_word' id='word_1_207' title='bbox 1930 2643 2060 2716; x_wconf 89' lang='lat' dir='ltr'><strong>Epi-</strong></span> 
     </span>
    </p>
   </div>
   <div class='ocr_carea' id='block_1_30' title="bbox 502 2730 2059 2795">
    <p class='ocr_par' dir='ltr' id='par_1_30' title="bbox 502 2730 2059 2795">
     <span class='ocr_line' id='line_1_30' title="bbox 502 2730 2059 2795; baseline 0.003 -8"><span class='ocrx_word' id='word_1_208' title='bbox 502 2730 657 2787; x_wconf 73' lang='lat' dir='ltr'><strong>stolae</strong></span> <span class='ocrx_word' id='word_1_209' title='bbox 703 2733 956 2787; x_wconf 70' lang='lat' dir='ltr'><strong>secunda:</strong></span> <span class='ocrx_word' id='word_1_210' title='bbox 1000 2740 1278 2790; x_wconf 82' lang='lat' dir='ltr'><strong>auctorem</strong></span> <span class='ocrx_word' id='word_1_211' title='bbox 1312 2751 1370 2792; x_wconf 84' lang='lat' dir='ltr'><strong>se</strong></span> <span class='ocrx_word' id='word_1_212' title='bbox 1397 2752 1428 2791; x_wconf 88' lang='lat' dir='ltr'><strong>a</strong></span> <span class='ocrx_word' id='word_1_213' title='bbox 1458 2736 1738 2793; x_wconf 84' lang='lat' dir='ltr'><strong>Clemente</strong></span> <span class='ocrx_word' id='word_1_214' title='bbox 1783 2738 2059 2795; x_wconf 82' lang='lat' dir='ltr'><strong>diversum</strong></span> 
     </span>
    </p>
   </div>
   <div class='ocr_carea' id='block_1_31' title="bbox 500 2824 2061 2902">
    <p class='ocr_par' dir='ltr' id='par_1_31' title="bbox 500 2824 2061 2902">
     <span class='ocr_line' id='line_1_31' title="bbox 500 2824 2061 2902; baseline 0.006 -23"><span class='ocrx_word' id='word_1_215' title='bbox 500 2839 565 2879; x_wconf 86' lang='lat' dir='ltr'><strong>eo</strong></span> <span class='ocrx_word' id='word_1_216' title='bbox 588 2824 708 2895; x_wconf 92' lang='lat' dir='ltr'><strong>ipso</strong></span> <span class='ocrx_word' id='word_1_217' title='bbox 741 2826 1002 2896; x_wconf 79' lang='lat' dir='ltr'><strong>profiteri,</strong></span> <span class='ocrx_word' id='word_1_218' title='bbox 1032 2829 1178 2898; x_wconf 93' lang='lat' dir='ltr'><strong>quod</strong></span> <span class='ocrx_word' id='word_1_219' title='bbox 1202 2828 1403 2886; x_wconf 87' lang='lat' dir='ltr'><strong>Christi</strong></span> <span class='ocrx_word' id='word_1_220' title='bbox 1435 2831 1774 2886; x_wconf 86' lang='lat' dir='ltr'><strong>divinitatem</strong></span> <span class='ocrx_word' id='word_1_221' title='bbox 1804 2846 2061 2902; x_wconf 80' lang='lat' dir='ltr'><strong>expresse</strong></span> 
     </span>
    </p>
   </div>
   <div class='ocr_carea' id='block_1_32' title="bbox 500 2913 2055 2984">
    <p class='ocr_par' dir='ltr' id='par_1_32' title="bbox 500 2913 2055 2984">
     <span class='ocr_line' id='line_1_32' title="bbox 500 2913 2055 2984; baseline 0.005 -17"><span class='ocrx_word' id='word_1_222' title='bbox 500 2913 757 2980; x_wconf 88' lang='lat' dir='ltr'><strong>inculcet,</strong></span> <span class='ocrx_word' id='word_1_223' title='bbox 782 2925 836 2972; x_wconf 91' lang='lat' dir='ltr'><strong>et</strong></span> <span class='ocrx_word' id='word_1_224' title='bbox 876 2915 1089 2972; x_wconf 90' lang='lat' dir='ltr'><strong>Domini</strong></span> <span class='ocrx_word' id='word_1_225' title='bbox 1119 2935 1227 2974; x_wconf 92' lang='lat' dir='ltr'><strong>non</strong></span> <span class='ocrx_word' id='word_1_226' title='bbox 1251 2927 1486 2984; x_wconf 90' lang='lat' dir='ltr'><strong>tantum,</strong></span> <span class='ocrx_word' id='word_1_227' title='bbox 1514 2922 1607 2977; x_wconf 91' lang='lat' dir='ltr'><strong>sed</strong></span> <span class='ocrx_word' id='word_1_228' title='bbox 1629 2930 1684 2977; x_wconf 89' lang='lat' dir='ltr'><strong>et</strong></span> <span class='ocrx_word' id='word_1_229' title='bbox 1718 2920 1811 2977; x_wconf 90' lang='lat' dir='ltr'><strong>Dei</strong></span> <span class='ocrx_word' id='word_1_230' title='bbox 1839 2922 2055 2976; x_wconf 89' lang='lat' dir='ltr'><strong>titulum</strong></span> 
     </span>
    </p>
   </div>
   <div class='ocr_carea' id='block_1_33' title="bbox 2180 441 3736 526">
    <p class='ocr_par' dir='ltr' id='par_1_33' title="bbox 2180 441 3736 526">
     <span class='ocr_line' id='line_1_33' title="bbox 2180 441 3736 526; baseline 0.012 -33"><span class='ocrx_word' id='word_1_231' title='bbox 2180 441 2249 495; x_wconf 83' lang='grc' dir='ltr'><strong>τὰ</strong></span> <span class='ocrx_word' id='word_1_232' title='bbox 2294 444 2592 517; x_wconf 83' lang='grc' dir='ltr'><strong>παθήματα</strong></span> <span class='ocrx_word' id='word_1_233' title='bbox 2629 447 2795 503; x_wconf 79' lang='grc' dir='ltr'><strong>αὑτοῦ</strong></span> <span class='ocrx_word' id='word_1_234' title='bbox 2835 444 2905 520; x_wconf 78' lang='grc' dir='ltr'>ἦν</span> <span class='ocrx_word' id='word_1_235' title='bbox 2960 450 3067 522; x_wconf 67' lang='grc' dir='ltr'><strong>πρὸ</strong></span> <span class='ocrx_word' id='word_1_236' title='bbox 3093 450 3385 523; x_wconf 82' lang='grc' dir='ltr'><strong>ὀφθαλμῶν</strong></span> <span class='ocrx_word' id='word_1_237' title='bbox 3429 455 3602 526; x_wconf 78' lang='grc' dir='ltr'>ὑμῶν,</span> <span class='ocrx_word' id='word_1_238' title='bbox 3651 475 3736 512; x_wconf 86' lang='lat' dir='ltr'><strong>re-</strong></span> 
     </span>
    </p>
   </div>
   <div class='ocr_carea' id='block_1_34' title="bbox 2181 534 3737 614">
    <p class='ocr_par' dir='ltr' id='par_1_34' title="bbox 2181 534 3737 614">
     <span class='ocr_line' id='line_1_34' title="bbox 2181 534 3737 614; baseline 0.008 -25"><span class='ocrx_word' id='word_1_239' title='bbox 2181 536 2416 604; x_wconf 82' lang='lat' dir='ltr'><strong>spexerit</strong></span> <span class='ocrx_word' id='word_1_240' title='bbox 2430 534 2652 593; x_wconf 84' lang='lat' dir='ltr'><strong>S.Pater</strong></span> <span class='ocrx_word' id='word_1_241' title='bbox 2666 538 2732 592; x_wconf 90' lang='lat' dir='ltr'><strong>ad</strong></span> <span class='ocrx_word' id='word_1_242' title='bbox 2749 539 2878 594; x_wconf 90' lang='lat' dir='ltr'><strong>illud</strong></span> <span class='ocrx_word' id='word_1_243' title='bbox 2895 538 3135 610; x_wconf 86' lang='lat' dir='ltr'><strong>ejusdem</strong></span> <span class='ocrx_word' id='word_1_244' title='bbox 3153 541 3643 614; x_wconf 86' lang='lat' dir='ltr'><strong>Apostoli,Galatas</strong></span> <span class='ocrx_word' id='word_1_245' title='bbox 3662 548 3737 601; x_wconf 88' lang='lat' dir='ltr'><strong>ita</strong></span> 
     </span>
    </p>
   </div>
   <div class='ocr_carea' id='block_1_35' title="bbox 2178 623 3737 707">
    <p class='ocr_par' dir='ltr' id='par_1_35' title="bbox 2178 623 3737 707">
     <span class='ocr_line' id='line_1_35' title="bbox 2178 623 3737 707; baseline 0.008 -30"><span class='ocrx_word' id='word_1_246' title='bbox 2178 623 2515 696; x_wconf 85' lang='lat' dir='ltr'><strong>objurgantis</strong></span> <span class='ocrx_word' id='word_1_247' title='bbox 2530 627 2602 683; x_wconf 73' lang='lat'><strong>”:</strong></span> <span class='ocrx_word' id='word_1_248' title='bbox 2622 624 2693 680; x_wconf 82' lang='grc' dir='ltr'><strong><em>Ὦ</em></strong></span> <span class='ocrx_word' id='word_1_249' title='bbox 2719 629 2927 700; x_wconf 81' lang='grc' dir='ltr'>ἀνόητοι</span> <span class='ocrx_word' id='word_1_250' title='bbox 2956 631 3209 697; x_wconf 83' lang='grc' dir='ltr'><strong>Γαλάται,</strong></span> <span class='ocrx_word' id='word_1_251' title='bbox 3227 628 3385 699; x_wconf 73' lang='grc' dir='ltr'>-οἷς</span> <span class='ocrx_word' id='word_1_252' title='bbox 3411 638 3530 689; x_wconf 80' lang='grc' dir='ltr'><strong>κατ’</strong></span> <span class='ocrx_word' id='word_1_253' title='bbox 3547 636 3737 707; x_wconf 74' lang='grc' dir='ltr'><strong>ὀφθαλ-</strong></span> 
     </span>
    </p>
   </div>
   <div class='ocr_carea' id='block_1_36' title="bbox 2181 716 3737 794">
    <p class='ocr_par' dir='ltr' id='par_1_36' title="bbox 2181 716 3737 794">
     <span class='ocr_line' id='line_1_36' title="bbox 2181 716 3737 794; baseline 0.004 -23"><span class='ocrx_word' id='word_1_254' title='bbox 2181 718 2295 789; x_wconf 79' lang='grc' dir='ltr'>μῶν</span> <span class='ocrx_word' id='word_1_255' title='bbox 2333 716 2538 788; x_wconf 76' lang='grc' dir='ltr'>Ἰησοῦς</span> <span class='ocrx_word' id='word_1_256' title='bbox 2568 717 2799 788; x_wconf 83' lang='grc' dir='ltr'>Χριστὸς</span> <span class='ocrx_word' id='word_1_257' title='bbox 2831 720 3148 790; x_wconf 70' lang='grc' dir='ltr'><strong>προεγράφη</strong></span> <span class='ocrx_word' id='word_1_258' title='bbox 3168 759 3181 784; x_wconf 94' lang='grc'><strong>,</strong></span> <span class='ocrx_word' id='word_1_259' title='bbox 3214 721 3272 773; x_wconf 83' lang='grc' dir='ltr'>ὲν</span> <span class='ocrx_word' id='word_1_260' title='bbox 3309 721 3435 791; x_wconf 84' lang='grc' dir='ltr'>ὑμῖν</span> <span class='ocrx_word' id='word_1_261' title='bbox 3462 724 3737 794; x_wconf 80' lang='grc' dir='ltr'><strong>ἐσταυρω-</strong></span> 
     </span>
    </p>
   </div>
   <div class='ocr_carea' id='block_1_37' title="bbox 2179 808 3736 884">
    <p class='ocr_par' dir='ltr' id='par_1_37' title="bbox 2179 808 3736 884">
     <span class='ocr_line' id='line_1_37' title="bbox 2179 808 3736 884; baseline 0.006 -23"><span class='ocrx_word' id='word_1_262' title='bbox 2179 808 2336 880; x_wconf 76' lang='grc' dir='ltr'>μένος</span> <span class='ocrx_word' id='word_1_263' title='bbox 2361 827 2374 864; x_wconf 91' lang='lat'><strong>:</strong></span> <span class='ocrx_word' id='word_1_264' title='bbox 2405 830 2423 861; x_wconf 86' lang='grc'><strong><em>‹</em></strong></span> <span class='ocrx_word' id='word_1_265' title='bbox 2446 808 2488 863; x_wconf 94' lang='grc' dir='ltr'><strong>Ο</strong></span> <span class='ocrx_word' id='word_1_266' title='bbox 2518 810 2773 865; x_wconf 88' lang='lat' dir='ltr'><strong>insensati</strong></span> <span class='ocrx_word' id='word_1_267' title='bbox 2799 810 3113 874; x_wconf 56' lang='lat' dir='ltr'><strong>Galatae&quot;...</strong></span> <span class='ocrx_word' id='word_1_268' title='bbox 3137 821 3262 868; x_wconf 84' lang='lat' dir='ltr'><strong>ante</strong></span> <span class='ocrx_word' id='word_1_269' title='bbox 3288 829 3517 884; x_wconf 84' lang='lat' dir='ltr'><strong>quorum</strong></span> <span class='ocrx_word' id='word_1_270' title='bbox 3543 816 3736 871; x_wconf 85' lang='lat' dir='ltr'><strong>oculos</strong></span> 
     </span>
    </p>
   </div>
   <div class='ocr_carea' id='block_1_38' title="bbox 2171 900 3730 973">
    <p class='ocr_par' dir='ltr' id='par_1_38' title="bbox 2171 900 3730 973">
     <span class='ocr_line' id='line_1_38' title="bbox 2171 900 3730 973; baseline 0.003 -17"><span class='ocrx_word' id='word_1_271' title='bbox 2171 900 2332 958; x_wconf 75' lang='lat' dir='ltr'><strong>Iesus</strong></span> <span class='ocrx_word' id='word_1_272' title='bbox 2355 902 2605 957; x_wconf 87' lang='lat' dir='ltr'><strong>Christus</strong></span> <span class='ocrx_word' id='word_1_273' title='bbox 2628 903 2974 973; x_wconf 81' lang='lat' dir='ltr'><strong>praescriptus</strong></span> <span class='ocrx_word' id='word_1_274' title='bbox 3000 916 3101 970; x_wconf 91' lang='lat' dir='ltr'><strong>est,</strong></span> <span class='ocrx_word' id='word_1_275' title='bbox 3127 905 3180 959; x_wconf 92' lang='lat' dir='ltr'><strong>in</strong></span> <span class='ocrx_word' id='word_1_276' title='bbox 3209 907 3361 963; x_wconf 85' lang='lat' dir='ltr'><strong>vobis</strong></span> <span class='ocrx_word' id='word_1_277' title='bbox 3381 908 3692 963; x_wconf 78' lang='lat' dir='ltr'><strong>cruciﬁxus.</strong></span> <span class='ocrx_word' id='word_1_278' title='bbox 3710 926 3730 960; x_wconf 70' lang='grc' dir='ltr'><strong>ι</strong></span> 
     </span>
    </p>
   </div>
   <div class='ocr_carea' id='block_1_39' title="bbox 2170 993 3729 1065">
    <p class='ocr_par' dir='ltr' id='par_1_39' title="bbox 2170 993 3729 1065">
     <span class='ocr_line' id='line_1_39' title="bbox 2170 993 3729 1065; baseline 0.005 -18"><span class='ocrx_word' id='word_1_279' title='bbox 2170 993 2436 1049; x_wconf 86' lang='lat' dir='ltr'><strong>Nimirum</strong></span> <span class='ocrx_word' id='word_1_280' title='bbox 2474 995 2740 1059; x_wconf 80' lang='lat' dir='ltr'><strong>Clemens,</strong></span> <span class='ocrx_word' id='word_1_281' title='bbox 2762 1006 2817 1049; x_wconf 88' lang='lat' dir='ltr'><strong>ut</strong></span> <span class='ocrx_word' id='word_1_282' title='bbox 2840 996 3064 1060; x_wconf 84' lang='lat' dir='ltr'><strong>assolet,</strong></span> <span class='ocrx_word' id='word_1_283' title='bbox 3092 996 3323 1053; x_wconf 90' lang='lat' dir='ltr'><strong>Paulum</strong></span> <span class='ocrx_word' id='word_1_284' title='bbox 3356 1001 3631 1065; x_wconf 83' lang='lat' dir='ltr'><strong>imitatus,</strong></span> <span class='ocrx_word' id='word_1_285' title='bbox 3674 1000 3729 1055; x_wconf 91' lang='lat' dir='ltr'><strong>in</strong></span> 
     </span>
    </p>
   </div>
   <div class='ocr_carea' id='block_1_40' title="bbox 2171 1086 3729 1158">
    <p class='ocr_par' dir='ltr' id='par_1_40' title="bbox 2171 1086 3729 1158">
     <span class='ocr_line' id='line_1_40' title="bbox 2171 1086 3729 1158; baseline 0.004 -17"><span class='ocrx_word' id='word_1_286' title='bbox 2171 1087 2489 1142; x_wconf 88' lang='lat' dir='ltr'><strong>memoriam</strong></span> <span class='ocrx_word' id='word_1_287' title='bbox 2521 1086 2717 1156; x_wconf 75' lang='lat' dir='ltr'><strong>redigit</strong></span> <span class='ocrx_word' id='word_1_288' title='bbox 2738 1086 3060 1152; x_wconf 76' lang='lat' dir='ltr'><strong>Corinthiis,</strong></span> <span class='ocrx_word' id='word_1_289' title='bbox 3085 1092 3361 1158; x_wconf 88' lang='lat' dir='ltr'><strong>quomodo</strong></span> <span class='ocrx_word' id='word_1_290' title='bbox 3394 1101 3518 1146; x_wconf 86' lang='lat' dir='ltr'><strong>ante</strong></span> <span class='ocrx_word' id='word_1_291' title='bbox 3543 1104 3729 1147; x_wconf 89' lang='lat' dir='ltr'><strong>mutus</strong></span> 
     </span>
    </p>
   </div>
   <div class='ocr_carea' id='block_1_41' title="bbox 2168 1176 3723 1248">
    <p class='ocr_par' dir='ltr' id='par_1_41' title="bbox 2168 1176 3723 1248">
     <span class='ocr_line' id='line_1_41' title="bbox 2168 1176 3723 1248; baseline 0.004 -16"><span class='ocrx_word' id='word_1_292' title='bbox 2168 1178 2223 1232; x_wconf 91' lang='lat' dir='ltr'><strong>in</strong></span> <span class='ocrx_word' id='word_1_293' title='bbox 2265 1192 2455 1233; x_wconf 87' lang='lat' dir='ltr'><strong>eorum</strong></span> <span class='ocrx_word' id='word_1_294' title='bbox 2496 1176 2734 1234; x_wconf 83' lang='lat' dir='ltr'><strong>Ecclesia</strong></span> <span class='ocrx_word' id='word_1_295' title='bbox 2779 1195 2951 1248; x_wconf 88' lang='lat' dir='ltr'><strong>nuper</strong></span> <span class='ocrx_word' id='word_1_296' title='bbox 2980 1190 3229 1245; x_wconf 82' lang='lat' dir='ltr'><strong>exortus,</strong></span> <span class='ocrx_word' id='word_1_297' title='bbox 3263 1181 3412 1235; x_wconf 91' lang='lat' dir='ltr'><strong>omni</strong></span> <span class='ocrx_word' id='word_1_298' title='bbox 3458 1184 3723 1238; x_wconf 83' lang='lat' dir='ltr'><strong>virtutum</strong></span> 
     </span>
    </p>
   </div>
   <div class='ocr_carea' id='block_1_42' title="bbox 2167 1269 3729 1344">
    <p class='ocr_par' dir='ltr' id='par_1_42' title="bbox 2167 1269 3729 1344">
     <span class='ocr_line' id='line_1_42' title="bbox 2167 1269 3729 1344; baseline 0.003 -19"><span class='ocrx_word' id='word_1_299' title='bbox 2167 1285 2361 1342; x_wconf 86' lang='lat' dir='ltr'><strong>genere</strong></span> <span class='ocrx_word' id='word_1_300' title='bbox 2398 1269 2673 1334; x_wconf 85' lang='lat' dir='ltr'><strong>ﬂorerent,</strong></span> <span class='ocrx_word' id='word_1_301' title='bbox 2708 1281 2870 1341; x_wconf 87' lang='lat' dir='ltr'><strong>atque</strong></span> <span class='ocrx_word' id='word_1_302' title='bbox 2900 1271 2996 1326; x_wconf 81' lang='lat' dir='ltr'><strong>Dei</strong></span> <span class='ocrx_word' id='word_1_303' title='bbox 3034 1275 3303 1343; x_wconf 81' lang='lat' dir='ltr'><strong>passiones</strong></span> <span class='ocrx_word' id='word_1_304' title='bbox 3343 1289 3554 1344; x_wconf 88' lang='lat' dir='ltr'><strong>semper</strong></span> <span class='ocrx_word' id='word_1_305' title='bbox 3599 1283 3729 1330; x_wconf 88' lang='lat' dir='ltr'><strong>ante</strong></span> 
     </span>
    </p>
   </div>
   <div class='ocr_carea' id='block_1_43' title="bbox 2174 1356 3734 1429">
    <p class='ocr_par' dir='ltr' id='par_1_43' title="bbox 2174 1356 3734 1429">
     <span class='ocr_line' id='line_1_43' title="bbox 2174 1356 3734 1429; baseline 0.001 -19"><span class='ocrx_word' id='word_1_306' title='bbox 2174 1356 2362 1411; x_wconf 85' lang='lat' dir='ltr'><strong>oculos</strong></span> <span class='ocrx_word' id='word_1_307' title='bbox 2392 1358 2525 1426; x_wconf 90' lang='lat' dir='ltr'><strong>ipsis</strong></span> <span class='ocrx_word' id='word_1_308' title='bbox 2570 1360 3010 1415; x_wconf 81' lang='lat' dir='ltr'><strong>obversarentur.</strong></span> <span class='ocrx_word' id='word_1_309' title='bbox 3064 1359 3267 1413; x_wconf 70' lang='lat' dir='ltr'><strong>Divinte</strong></span> <span class='ocrx_word' id='word_1_310' title='bbox 3315 1360 3477 1429; x_wconf 83' lang='lat' dir='ltr'><strong>igitur</strong></span> <span class='ocrx_word' id='word_1_311' title='bbox 3524 1369 3734 1412; x_wconf 65' lang='lat' dir='ltr'><strong>natura:</strong></span> 
     </span>
    </p>
   </div>
   <div class='ocr_carea' id='block_1_44' title="bbox 2173 1448 3732 1523">
    <p class='ocr_par' dir='ltr' id='par_1_44' title="bbox 2173 1448 3732 1523">
     <span class='ocr_line' id='line_1_44' title="bbox 2173 1448 3732 1523; baseline 0.004 -23"><span class='ocrx_word' id='word_1_312' title='bbox 2173 1448 2514 1517; x_wconf 87' lang='lat' dir='ltr'><strong>majestatem</strong></span> <span class='ocrx_word' id='word_1_313' title='bbox 2551 1463 2675 1503; x_wconf 91' lang='lat' dir='ltr'><strong>cum</strong></span> <span class='ocrx_word' id='word_1_314' title='bbox 2706 1450 2890 1505; x_wconf 85' lang='lat' dir='ltr'><strong>carnis</strong></span> <span class='ocrx_word' id='word_1_315' title='bbox 2924 1451 3230 1507; x_wconf 86' lang='lat' dir='ltr'><strong>humilitate</strong></span> <span class='ocrx_word' id='word_1_316' title='bbox 3261 1453 3548 1520; x_wconf 88' lang='lat' dir='ltr'><strong>crucisque</strong></span> <span class='ocrx_word' id='word_1_317' title='bbox 3579 1453 3732 1523; x_wconf 79' lang='lat' dir='ltr'><strong>igno-</strong></span> 
     </span>
    </p>
   </div>
   <div class='ocr_carea' id='block_1_45' title="bbox 2173 1537 3731 1611">
    <p class='ocr_par' dir='ltr' id='par_1_45' title="bbox 2173 1537 3731 1611">
     <span class='ocr_line' id='line_1_45' title="bbox 2173 1537 3731 1611; baseline 0.006 -22"><span class='ocrx_word' id='word_1_318' title='bbox 2173 1537 2339 1591; x_wconf 90' lang='lat' dir='ltr'><strong>minia</strong></span> <span class='ocrx_word' id='word_1_319' title='bbox 2375 1539 2476 1593; x_wconf 91' lang='lat' dir='ltr'><strong>hoc</strong></span> <span class='ocrx_word' id='word_1_320' title='bbox 2510 1539 2613 1594; x_wconf 89' lang='lat' dir='ltr'><strong>loci</strong></span> <span class='ocrx_word' id='word_1_321' title='bbox 2651 1542 2934 1611; x_wconf 84' lang='lat' dir='ltr'><strong>cunjungit</strong></span> <span class='ocrx_word' id='word_1_322' title='bbox 2960 1543 3341 1598; x_wconf 86' lang='lat' dir='ltr'><strong>sanctissimus</strong></span> <span class='ocrx_word' id='word_1_323' title='bbox 3366 1542 3525 1596; x_wconf 81' lang='lat' dir='ltr'><strong>Pater</strong></span> <span class='ocrx_word' id='word_1_324' title='bbox 3555 1544 3731 1598; x_wconf 77' lang='lat' dir='ltr'><strong>:duas</strong></span> 
     </span>
    </p>
   </div>
   <div class='ocr_carea' id='block_1_46' title="bbox 2173 1630 3731 1699">
    <p class='ocr_par' dir='ltr' id='par_1_46' title="bbox 2173 1630 3731 1699">
     <span class='ocr_line' id='line_1_46' title="bbox 2173 1630 3731 1699; baseline 0.003 -16"><span class='ocrx_word' id='word_1_325' title='bbox 2173 1630 2300 1684; x_wconf 90' lang='lat' dir='ltr'><strong>item</strong></span> <span class='ocrx_word' id='word_1_326' title='bbox 2333 1639 2557 1685; x_wconf 89' lang='lat' dir='ltr'><strong>naturas</strong></span> <span class='ocrx_word' id='word_1_327' title='bbox 2577 1633 2822 1699; x_wconf 75' lang='lat' dir='ltr'><strong>agnoscit</strong></span> <span class='ocrx_word' id='word_1_328' title='bbox 2853 1633 2905 1685; x_wconf 88' lang='lat' dir='ltr'><strong>in</strong></span> <span class='ocrx_word' id='word_1_329' title='bbox 2929 1632 3147 1689; x_wconf 87' lang='lat' dir='ltr'><strong>Christo</strong></span> <span class='ocrx_word' id='word_1_330' title='bbox 3174 1648 3185 1684; x_wconf 87' lang='lat'>:</span> <span class='ocrx_word' id='word_1_331' title='bbox 3213 1650 3375 1687; x_wconf 90' lang='lat' dir='ltr'><strong>unam</strong></span> <span class='ocrx_word' id='word_1_332' title='bbox 3406 1632 3567 1688; x_wconf 79' lang='lat' dir='ltr'><strong>Verbi</strong></span> <span class='ocrx_word' id='word_1_333' title='bbox 3593 1633 3731 1688; x_wconf 79' lang='lat' dir='ltr'><strong>Per-</strong></span> 
     </span>
    </p>
   </div>
   <div class='ocr_carea' id='block_1_47' title="bbox 2172 1724 3722 1793">
    <p class='ocr_par' dir='ltr' id='par_1_47' title="bbox 2172 1724 3722 1793">
     <span class='ocr_line' id='line_1_47' title="bbox 2172 1724 3722 1793; baseline 0.005 -22"><span class='ocrx_word' id='word_1_334' title='bbox 2172 1733 2383 1783; x_wconf 87' lang='lat' dir='ltr'><strong>sonam,</strong></span> <span class='ocrx_word' id='word_1_335' title='bbox 2416 1736 2535 1789; x_wconf 79' lang='lat' dir='ltr'><strong>quae</strong></span> <span class='ocrx_word' id='word_1_336' title='bbox 2591 1736 2755 1775; x_wconf 88' lang='lat' dir='ltr'><strong>carne</strong></span> <span class='ocrx_word' id='word_1_337' title='bbox 2818 1737 2976 1791; x_wconf 89' lang='lat' dir='ltr'><strong>passa</strong></span> <span class='ocrx_word' id='word_1_338' title='bbox 3037 1733 3121 1778; x_wconf 89' lang='lat' dir='ltr'><strong>est</strong></span> <span class='ocrx_word' id='word_1_339' title='bbox 3164 1741 3176 1777; x_wconf 92' lang='lat'>:</span> <span class='ocrx_word' id='word_1_340' title='bbox 3219 1739 3282 1778; x_wconf 88' lang='lat' dir='ltr'><strong>ac</strong></span> <span class='ocrx_word' id='word_1_341' title='bbox 3320 1724 3416 1778; x_wconf 79' lang='lat' dir='ltr'><strong>Dei</strong></span> <span class='ocrx_word' id='word_1_342' title='bbox 3446 1725 3722 1793; x_wconf 80' lang='lat' dir='ltr'><strong>passiones</strong></span> 
     </span>
    </p>
   </div>
   <div class='ocr_carea' id='block_1_48' title="bbox 2171 1807 3729 1885">
    <p class='ocr_par' dir='ltr' id='par_1_48' title="bbox 2171 1807 3729 1885">
     <span class='ocr_line' id='line_1_48' title="bbox 2171 1807 3729 1885; baseline 0.004 -23"><span class='ocrx_word' id='word_1_343' title='bbox 2171 1807 2424 1865; x_wconf 61' lang='lat' dir='ltr'><strong>Ecclesiae</strong></span> <span class='ocrx_word' id='word_1_344' title='bbox 2452 1810 2812 1867; x_wconf 74' lang='lat' dir='ltr'><strong>Corinthiacte</strong></span> <span class='ocrx_word' id='word_1_345' title='bbox 2842 1815 3094 1883; x_wconf 91' lang='lat' dir='ltr'><strong>proponit</strong></span> <span class='ocrx_word' id='word_1_346' title='bbox 3146 1816 3293 1868; x_wconf 90' lang='lat' dir='ltr'><strong>velut</strong></span> <span class='ocrx_word' id='word_1_347' title='bbox 3349 1815 3506 1885; x_wconf 90' lang='lat' dir='ltr'><strong>longe</strong></span> <span class='ocrx_word' id='word_1_348' title='bbox 3552 1815 3729 1869; x_wconf 79' lang='lat' dir='ltr'><strong>maxi-</strong></span> 
     </span>
    </p>
   </div>
   <div class='ocr_carea' id='block_1_49' title="bbox 2169 1903 3729 1977">
    <p class='ocr_par' dir='ltr' id='par_1_49' title="bbox 2169 1903 3729 1977">
     <span class='ocr_line' id='line_1_49' title="bbox 2169 1903 3729 1977; baseline 0.003 -23"><span class='ocrx_word' id='word_1_349' title='bbox 2169 1915 2317 1955; x_wconf 89' lang='lat' dir='ltr'><strong>mum</strong></span> <span class='ocrx_word' id='word_1_350' title='bbox 2342 1903 2680 1973; x_wconf 85' lang='lat' dir='ltr'><strong>mysterium,</strong></span> <span class='ocrx_word' id='word_1_351' title='bbox 2712 1905 2857 1959; x_wconf 89' lang='lat' dir='ltr'><strong>unde</strong></span> <span class='ocrx_word' id='word_1_352' title='bbox 2881 1904 3000 1959; x_wconf 67' lang='lat' dir='ltr'><strong>vita?</strong></span> <span class='ocrx_word' id='word_1_353' title='bbox 3040 1906 3333 1961; x_wconf 85' lang='lat' dir='ltr'><strong>sanctioris</strong></span> <span class='ocrx_word' id='word_1_354' title='bbox 3362 1914 3626 1977; x_wconf 66' lang='lat' dir='ltr'><strong>praecepta</strong></span> <span class='ocrx_word' id='word_1_355' title='bbox 3647 1906 3729 1959; x_wconf 89' lang='lat' dir='ltr'><strong>in-</strong></span> 
     </span>
    </p>
   </div>
   <div class='ocr_carea' id='block_1_50' title="bbox 2167 1988 3726 2067">
    <p class='ocr_par' dir='ltr' id='par_1_50' title="bbox 2167 1988 3726 2067">
     <span class='ocr_line' id='line_1_50' title="bbox 2167 1988 3726 2067; baseline 0.004 -23"><span class='ocrx_word' id='word_1_356' title='bbox 2167 1988 2467 2059; x_wconf 84' lang='lat' dir='ltr'><strong>stitutaque</strong></span> <span class='ocrx_word' id='word_1_357' title='bbox 2485 1992 2663 2046; x_wconf 88' lang='lat' dir='ltr'><strong>omnia</strong></span> <span class='ocrx_word' id='word_1_358' title='bbox 2692 1993 2985 2048; x_wconf 88' lang='lat' dir='ltr'><strong>ducantur.</strong></span> <span class='ocrx_word' id='word_1_359' title='bbox 3019 1993 3097 2049; x_wconf 78' lang='lat' dir='ltr'><strong>Ex</strong></span> <span class='ocrx_word' id='word_1_360' title='bbox 3126 1996 3325 2065; x_wconf 88' lang='lat' dir='ltr'><strong>quibus</strong></span> <span class='ocrx_word' id='word_1_361' title='bbox 3364 2011 3492 2067; x_wconf 90' lang='lat' dir='ltr'><strong>ergo</strong></span> <span class='ocrx_word' id='word_1_362' title='bbox 3519 1995 3726 2064; x_wconf 86' lang='lat' dir='ltr'><strong>liquido</strong></span> 
     </span>
    </p>
   </div>
   <div class='ocr_carea' id='block_1_51' title="bbox 2167 2082 3724 2157">
    <p class='ocr_par' dir='ltr' id='par_1_51' title="bbox 2167 2082 3724 2157">
     <span class='ocr_line' id='line_1_51' title="bbox 2167 2082 3724 2157; baseline 0.005 -24"><span class='ocrx_word' id='word_1_363' title='bbox 2167 2087 2333 2150; x_wconf 86' lang='lat' dir='ltr'><strong>patet,</strong></span> <span class='ocrx_word' id='word_1_364' title='bbox 2365 2095 2471 2135; x_wconf 92' lang='lat' dir='ltr'><strong>non</strong></span> <span class='ocrx_word' id='word_1_365' title='bbox 2501 2082 2676 2137; x_wconf 84' lang='lat' dir='ltr'><strong>solum</strong></span> <span class='ocrx_word' id='word_1_366' title='bbox 2701 2083 2831 2154; x_wconf 92' lang='lat' dir='ltr'><strong>quid</strong></span> <span class='ocrx_word' id='word_1_367' title='bbox 2858 2083 2915 2141; x_wconf 91' lang='lat' dir='ltr'><strong>S.</strong></span> <span class='ocrx_word' id='word_1_368' title='bbox 2948 2083 3222 2151; x_wconf 89' lang='lat' dir='ltr'><strong>Clemens,</strong></span> <span class='ocrx_word' id='word_1_369' title='bbox 3254 2086 3350 2141; x_wconf 89' lang='lat' dir='ltr'><strong>sed</strong></span> <span class='ocrx_word' id='word_1_370' title='bbox 3383 2089 3548 2143; x_wconf 84' lang='lat' dir='ltr'><strong>etiam</strong></span> <span class='ocrx_word' id='word_1_371' title='bbox 3589 2086 3724 2157; x_wconf 85' lang='lat' dir='ltr'><strong>quid</strong></span> 
     </span>
    </p>
   </div>
   <div class='ocr_carea' id='block_1_52' title="bbox 2166 2168 3721 2248">
    <p class='ocr_par' dir='ltr' id='par_1_52' title="bbox 2166 2168 3721 2248">
     <span class='ocr_line' id='line_1_52' title="bbox 2166 2168 3721 2248; baseline 0.008 -25"><span class='ocrx_word' id='word_1_372' title='bbox 2166 2168 2434 2239; x_wconf 78' lang='lat' dir='ltr'><strong>Romani,</strong></span> <span class='ocrx_word' id='word_1_373' title='bbox 2494 2174 2626 2244; x_wconf 90' lang='lat' dir='ltr'><strong>quid</strong></span> <span class='ocrx_word' id='word_1_374' title='bbox 2683 2176 2991 2243; x_wconf 89' lang='lat' dir='ltr'><strong>Corinthii,</strong></span> <span class='ocrx_word' id='word_1_375' title='bbox 3062 2178 3189 2248; x_wconf 91' lang='lat' dir='ltr'><strong>quid</strong></span> <span class='ocrx_word' id='word_1_376' title='bbox 3253 2178 3468 2234; x_wconf 88' lang='lat' dir='ltr'><strong>demum</strong></span> <span class='ocrx_word' id='word_1_377' title='bbox 3537 2183 3721 2237; x_wconf 71' lang='lat' dir='ltr'><strong>caeteri</strong></span> 
     </span>
    </p>
   </div>
   <div class='ocr_carea' id='block_1_53' title="bbox 2165 2260 3724 2340">
    <p class='ocr_par' dir='ltr' id='par_1_53' title="bbox 2165 2260 3724 2340">
     <span class='ocr_line' id='line_1_53' title="bbox 2165 2260 3724 2340; baseline 0.007 -23"><span class='ocrx_word' id='word_1_378' title='bbox 2165 2260 2485 2331; x_wconf 87' lang='lat' dir='ltr'><strong>Christiani,</strong></span> <span class='ocrx_word' id='word_1_379' title='bbox 2537 2266 2785 2322; x_wconf 64' lang='lat' dir='ltr'><strong>sazculox</strong></span> <span class='ocrx_word' id='word_1_380' title='bbox 2838 2269 3138 2340; x_wconf 89' lang='lat' dir='ltr'><strong>apostolico</strong></span> <span class='ocrx_word' id='word_1_381' title='bbox 3187 2269 3254 2325; x_wconf 89' lang='lat' dir='ltr'><strong>de</strong></span> <span class='ocrx_word' id='word_1_382' title='bbox 3302 2268 3411 2324; x_wconf 88' lang='lat' dir='ltr'><strong>Deo</strong></span> <span class='ocrx_word' id='word_1_383' title='bbox 3454 2270 3508 2324; x_wconf 92' lang='lat' dir='ltr'><strong>in</strong></span> <span class='ocrx_word' id='word_1_384' title='bbox 3556 2285 3724 2328; x_wconf 88' lang='lat' dir='ltr'><strong>carne</strong></span> 
     </span>
    </p>
   </div>
   <div class='ocr_carea' id='block_1_54' title="bbox 2164 2358 3721 2432">
    <p class='ocr_par' dir='ltr' id='par_1_54' title="bbox 2164 2358 3721 2432">
     <span class='ocr_line' id='line_1_54' title="bbox 2164 2358 3721 2432; baseline 0.006 -24"><span class='ocrx_word' id='word_1_385' title='bbox 2164 2369 2328 2425; x_wconf 77' lang='lat' dir='ltr'><strong>passo</strong></span> <span class='ocrx_word' id='word_1_386' title='bbox 2368 2358 2641 2413; x_wconf 89' lang='lat' dir='ltr'><strong>senserint</strong></span> <span class='ocrx_word' id='word_1_387' title='bbox 2692 2369 2856 2429; x_wconf 89' lang='lat' dir='ltr'><strong>atque</strong></span> <span class='ocrx_word' id='word_1_388' title='bbox 2912 2361 3263 2416; x_wconf 80' lang='lat' dir='ltr'><strong>crediderint.</strong></span> <span class='ocrx_word' id='word_1_389' title='bbox 3312 2358 3444 2427; x_wconf 66' lang='lat' dir='ltr'><strong>Quae</strong></span> <span class='ocrx_word' id='word_1_390' title='bbox 3499 2363 3721 2432; x_wconf 86' lang='lat' dir='ltr'><strong>quidem</strong></span> 
     </span>
    </p>
   </div>
   <div class='ocr_carea' id='block_1_55' title="bbox 2162 2448 3721 2523">
    <p class='ocr_par' dir='ltr' id='par_1_55' title="bbox 2162 2448 3721 2523">
     <span class='ocr_line' id='line_1_55' title="bbox 2162 2448 3721 2523; baseline 0.006 -22"><span class='ocrx_word' id='word_1_391' title='bbox 2162 2456 2353 2502; x_wconf 86' lang='lat' dir='ltr'><strong>contra</strong></span> <span class='ocrx_word' id='word_1_392' title='bbox 2396 2448 2717 2507; x_wconf 89' lang='lat' dir='ltr'><strong>Sucinianos</strong></span> <span class='ocrx_word' id='word_1_393' title='bbox 2744 2451 2922 2506; x_wconf 82' lang='lat' dir='ltr'><strong>valide</strong></span> <span class='ocrx_word' id='word_1_394' title='bbox 2968 2459 3123 2523; x_wconf 87' lang='lat' dir='ltr'><strong>urget</strong></span> <span class='ocrx_word' id='word_1_395' title='bbox 3170 2453 3255 2506; x_wconf 86' lang='lat' dir='ltr'><strong>vir</strong></span> <span class='ocrx_word' id='word_1_396' title='bbox 3301 2454 3495 2509; x_wconf 88' lang='lat' dir='ltr'><strong>doctus</strong></span> <span class='ocrx_word' id='word_1_397' title='bbox 3550 2453 3721 2510; x_wconf 84' lang='lat' dir='ltr'><strong>Mara-</strong></span> 
     </span>
    </p>
   </div>
   <div class='ocr_carea' id='block_1_56' title="bbox 2161 2538 3718 2614">
    <p class='ocr_par' dir='ltr' id='par_1_56' title="bbox 2161 2538 3718 2614">
     <span class='ocr_line' id='line_1_56' title="bbox 2161 2538 3718 2614; baseline 0.004 -23"><span class='ocrx_word' id='word_1_398' title='bbox 2161 2551 2265 2593; x_wconf 92' lang='lat' dir='ltr'><strong>nus</strong></span> <span class='ocrx_word' id='word_1_399' title='bbox 2288 2538 2436 2611; x_wconf 84' lang='lat'><strong>(66):</strong></span> <span class='ocrx_word' id='word_1_400' title='bbox 2469 2540 2717 2613; x_wconf 85' lang='lat' dir='ltr'><strong>idemque</strong></span> <span class='ocrx_word' id='word_1_401' title='bbox 2748 2550 3126 2613; x_wconf 79' lang='lat' dir='ltr'><strong>argumentum</strong></span> <span class='ocrx_word' id='word_1_402' title='bbox 3152 2542 3263 2612; x_wconf 92' lang='lat' dir='ltr'><strong>jam</strong></span> <span class='ocrx_word' id='word_1_403' title='bbox 3296 2544 3504 2613; x_wconf 90' lang='lat' dir='ltr'><strong>pridem</strong></span> <span class='ocrx_word' id='word_1_404' title='bbox 3537 2545 3718 2614; x_wconf 90' lang='lat' dir='ltr'><strong>pluri-</strong></span> 
     </span>
    </p>
   </div>
   <div class='ocr_carea' id='block_1_57' title="bbox 2161 2629 3719 2705">
    <p class='ocr_par' dir='ltr' id='par_1_57' title="bbox 2161 2629 3719 2705">
     <span class='ocr_line' id='line_1_57' title="bbox 2161 2629 3719 2705; baseline 0.004 -20"><span class='ocrx_word' id='word_1_405' title='bbox 2161 2629 2265 2686; x_wconf 88' lang='lat' dir='ltr'><strong>bus</strong></span> <span class='ocrx_word' id='word_1_406' title='bbox 2315 2632 2494 2687; x_wconf 81' lang='lat' dir='ltr'><strong>fuerat</strong></span> <span class='ocrx_word' id='word_1_407' title='bbox 2536 2642 2858 2704; x_wconf 89' lang='lat' dir='ltr'><strong>persecutus</strong></span> <span class='ocrx_word' id='word_1_408' title='bbox 2908 2631 3430 2705; x_wconf 87' lang='lat' dir='ltr'><strong>Grabius(67);qui</strong></span> <span class='ocrx_word' id='word_1_409' title='bbox 3483 2637 3719 2692; x_wconf 86' lang='lat' dir='ltr'><strong>aliorum</strong></span> 
     </span>
    </p>
   </div>
   <div class='ocr_carea' id='block_1_58' title="bbox 2161 2716 3715 2796">
    <p class='ocr_par' dir='ltr' id='par_1_58' title="bbox 2161 2716 3715 2796">
     <span class='ocr_line' id='line_1_58' title="bbox 2161 2716 3715 2796; baseline 0.006 -23"><span class='ocrx_word' id='word_1_410' title='bbox 2161 2716 2221 2774; x_wconf 84' lang='lat' dir='ltr'><strong>S.</strong></span> <span class='ocrx_word' id='word_1_411' title='bbox 2278 2718 2458 2777; x_wconf 83' lang='lat' dir='ltr'><strong>Patris</strong></span> <span class='ocrx_word' id='word_1_412' title='bbox 2505 2722 2680 2778; x_wconf 88' lang='lat' dir='ltr'><strong>nostri</strong></span> <span class='ocrx_word' id='word_1_413' title='bbox 2723 2723 2967 2778; x_wconf 90' lang='lat' dir='ltr'><strong>locorum</strong></span> <span class='ocrx_word' id='word_1_414' title='bbox 3015 2724 3384 2796; x_wconf 89' lang='lat' dir='ltr'><strong>parallelismo</strong></span> <span class='ocrx_word' id='word_1_415' title='bbox 3447 2726 3715 2791; x_wconf 89' lang='lat' dir='ltr'><strong>instituto,</strong></span> 
     </span>
    </p>
   </div>
   <div class='ocr_carea' id='block_1_59' title="bbox 2158 2809 3717 2887">
    <p class='ocr_par' dir='ltr' id='par_1_59' title="bbox 2158 2809 3717 2887">
     <span class='ocr_line' id='line_1_59' title="bbox 2158 2809 3717 2887; baseline 0.007 -22"><span class='ocrx_word' id='word_1_416' title='bbox 2158 2809 2306 2866; x_wconf 87' lang='lat' dir='ltr'><strong>hunc</strong></span> <span class='ocrx_word' id='word_1_417' title='bbox 2334 2814 2511 2883; x_wconf 88' lang='lat' dir='ltr'><strong>ipsum</strong></span> <span class='ocrx_word' id='word_1_418' title='bbox 2543 2815 2610 2871; x_wconf 90' lang='lat' dir='ltr'><strong>de</strong></span> <span class='ocrx_word' id='word_1_419' title='bbox 2637 2830 2747 2886; x_wconf 89' lang='lat' dir='ltr'><strong>quo</strong></span> <span class='ocrx_word' id='word_1_420' title='bbox 2774 2816 2986 2887; x_wconf 77' lang='lat' dir='ltr'><strong>agimus</strong></span> <span class='ocrx_word' id='word_1_421' title='bbox 3037 2824 3260 2873; x_wconf 88' lang='lat' dir='ltr'><strong>strenue</strong></span> <span class='ocrx_word' id='word_1_422' title='bbox 3290 2819 3604 2886; x_wconf 85' lang='lat' dir='ltr'><strong>vindicavit,</strong></span> <span class='ocrx_word' id='word_1_423' title='bbox 3635 2833 3717 2876; x_wconf 87' lang='lat' dir='ltr'><strong>at-</strong></span> 
     </span>
    </p>
   </div>
   <div class='ocr_carea' id='block_1_60' title="bbox 2158 2903 3537 2983">
    <p class='ocr_par' dir='ltr' id='par_1_60' title="bbox 2158 2903 3537 2983">
     <span class='ocr_line' id='line_1_60' title="bbox 2158 2903 3537 2983; baseline 0.006 -25"><span class='ocrx_word' id='word_1_424' title='bbox 2158 2917 2265 2975; x_wconf 86' lang='lat' dir='ltr'><strong>que</strong></span> <span class='ocrx_word' id='word_1_425' title='bbox 2292 2903 2495 2961; x_wconf 80' lang='lat' dir='ltr'><strong>Christi</strong></span> <span class='ocrx_word' id='word_1_426' title='bbox 2526 2906 2743 2983; x_wconf 86' lang='lat' dir='ltr'><strong>deitatis</strong></span> <span class='ocrx_word' id='word_1_427' title='bbox 2769 2906 3022 2963; x_wconf 88' lang='lat' dir='ltr'><strong>hostibus</strong></span> <span class='ocrx_word' id='word_1_428' title='bbox 3050 2906 3283 2964; x_wconf 81' lang='lat' dir='ltr'><strong>ﬁdenter</strong></span> <span class='ocrx_word' id='word_1_429' title='bbox 3314 2909 3537 2980; x_wconf 87' lang='lat' dir='ltr'><strong>objecit.</strong></span> 
     </span>
    </p>
   </div>
   <div class='ocr_carea' id='block_1_61' title="bbox 497 2994 2062 3084">
    <p class='ocr_par' dir='ltr' id='par_1_61' title="bbox 497 3006 2057 3083">
     <span class='ocr_line' id='line_1_61' title="bbox 497 3006 2057 3083; baseline 0.004 -21"><span class='ocrx_word' id='word_1_430' title='bbox 497 3007 547 3063; x_wconf 85' lang='lat' dir='ltr'><strong>ei</strong></span> <span class='ocrx_word' id='word_1_431' title='bbox 571 3006 807 3062; x_wconf 90' lang='lat' dir='ltr'><strong>dandum</strong></span> <span class='ocrx_word' id='word_1_432' title='bbox 838 3025 962 3065; x_wconf 87' lang='lat' dir='ltr'><strong>esse</strong></span> <span class='ocrx_word' id='word_1_433' title='bbox 990 3011 1289 3065; x_wconf 84' lang='lat' dir='ltr'><strong>contendat</strong></span> <span class='ocrx_word' id='word_1_434' title='bbox 1313 3010 1453 3083; x_wconf 66' lang='lat'><strong>(64);</strong></span> <span class='ocrx_word' id='word_1_435' title='bbox 1473 3026 1595 3067; x_wconf 89' lang='lat' dir='ltr'><strong>cum</strong></span> <span class='ocrx_word' id='word_1_436' title='bbox 1622 3028 1783 3068; x_wconf 89' lang='lat' dir='ltr'><strong>verus</strong></span> <span class='ocrx_word' id='word_1_437' title='bbox 1806 3011 2057 3069; x_wconf 89' lang='lat' dir='ltr'><strong>Clemens</strong></span> 
     </span>
    </p>
   </div>
   <div class='ocr_carea' id='block_1_62' title="bbox 2161 2994 3717 3084">
    <p class='ocr_par' dir='ltr' id='par_1_62' title="bbox 2229 2994 3717 3066">
     <span class='ocr_line' id='line_1_62' title="bbox 2229 2994 3717 3066; baseline 0.007 -16"><span class='ocrx_word' id='word_1_438' title='bbox 2229 2994 2385 3052; x_wconf 82' lang='lat' dir='ltr'><strong>Haud</strong></span> <span class='ocrx_word' id='word_1_439' title='bbox 2415 3012 2501 3054; x_wconf 87' lang='lat' dir='ltr'><strong>me</strong></span> <span class='ocrx_word' id='word_1_440' title='bbox 2527 2997 2659 3054; x_wconf 87' lang='lat' dir='ltr'><strong>latet</strong></span> <span class='ocrx_word' id='word_1_441' title='bbox 2706 3000 3009 3066; x_wconf 84' lang='lat' dir='ltr'><strong>enimvero,</strong></span> <span class='ocrx_word' id='word_1_442' title='bbox 3040 2999 3096 3054; x_wconf 91' lang='lat' dir='ltr'><strong>in</strong></span> <span class='ocrx_word' id='word_1_443' title='bbox 3124 3014 3190 3056; x_wconf 83' lang='lat' dir='ltr'><strong>eo</strong></span> <span class='ocrx_word' id='word_1_444' title='bbox 3218 3000 3564 3058; x_wconf 86' lang='lat' dir='ltr'><strong>Clementino</strong></span> <span class='ocrx_word' id='word_1_445' title='bbox 3592 3002 3717 3061; x_wconf 88' lang='lat' dir='ltr'><strong>loco</strong></span> 
     </span>
    </p>
   </div>
   <div class='ocr_carea' id='block_1_63' title="bbox 499 3099 2057 3172">
    <p class='ocr_par' dir='ltr' id='par_1_63' title="bbox 499 3099 2057 3172">
     <span class='ocr_line' id='line_1_63' title="bbox 499 3099 2057 3172; baseline 0.003 -19"><span class='ocrx_word' id='word_1_446' title='bbox 499 3112 772 3166; x_wconf 87' lang='lat' dir='ltr'><strong>nusquam</strong></span> <span class='ocrx_word' id='word_1_447' title='bbox 804 3099 858 3154; x_wconf 92' lang='lat' dir='ltr'><strong>id</strong></span> <span class='ocrx_word' id='word_1_448' title='bbox 888 3100 1014 3155; x_wconf 87' lang='lat' dir='ltr'><strong>data</strong></span> <span class='ocrx_word' id='word_1_449' title='bbox 1039 3115 1204 3172; x_wconf 87' lang='lat' dir='ltr'><strong>opera</strong></span> <span class='ocrx_word' id='word_1_450' title='bbox 1236 3100 1448 3167; x_wconf 83' lang='lat' dir='ltr'><strong>fecerit,</strong></span> <span class='ocrx_word' id='word_1_451' title='bbox 1476 3117 1580 3158; x_wconf 90' lang='lat' dir='ltr'><strong>nec</strong></span> <span class='ocrx_word' id='word_1_452' title='bbox 1618 3102 1727 3157; x_wconf 87' lang='lat' dir='ltr'><strong>alio</strong></span> <span class='ocrx_word' id='word_1_453' title='bbox 1747 3116 1812 3157; x_wconf 90' lang='lat' dir='ltr'><strong>ac</strong></span> <span class='ocrx_word' id='word_1_454' title='bbox 1842 3100 2057 3157; x_wconf 86' lang='lat' dir='ltr'><strong>Domini</strong></span> 
     </span>
    </p>
   </div>
   <div class='ocr_carea' id='block_1_64' title="bbox 497 3189 2055 3257">
    <p class='ocr_par' dir='ltr' id='par_1_64' title="bbox 497 3189 2055 3257">
     <span class='ocr_line' id='line_1_64' title="bbox 497 3189 2055 3257; baseline 0.006 -15"><span class='ocrx_word' id='word_1_455' title='bbox 497 3189 658 3244; x_wconf 89' lang='lat' dir='ltr'><strong>titulo</strong></span> <span class='ocrx_word' id='word_1_456' title='bbox 686 3206 811 3246; x_wconf 90' lang='lat' dir='ltr'><strong>eum</strong></span> <span class='ocrx_word' id='word_1_457' title='bbox 843 3197 1140 3257; x_wconf 87' lang='lat' dir='ltr'><strong>ornaverit,</strong></span> <span class='ocrx_word' id='word_1_458' title='bbox 1178 3193 1306 3249; x_wconf 89' lang='lat' dir='ltr'><strong>licet</strong></span> <span class='ocrx_word' id='word_1_459' title='bbox 1354 3193 1443 3248; x_wconf 88' lang='lat' dir='ltr'><strong>hic</strong></span> <span class='ocrx_word' id='word_1_460' title='bbox 1489 3195 1602 3250; x_wconf 90' lang='lat' dir='ltr'><strong>illic</strong></span> <span class='ocrx_word' id='word_1_461' title='bbox 1627 3210 1687 3251; x_wconf 89' lang='lat' dir='ltr'><strong>se</strong></span> <span class='ocrx_word' id='word_1_462' title='bbox 1715 3194 2055 3251; x_wconf 88' lang='lat' dir='ltr'><strong>divinitatem</strong></span> 
     </span>
    </p>
   </div>
   <div class='ocr_carea' id='block_1_65' title="bbox 495 3280 2055 3356">
    <p class='ocr_par' dir='ltr' id='par_1_65' title="bbox 495 3280 2055 3356">
     <span class='ocr_line' id='line_1_65' title="bbox 495 3280 2055 3356; baseline 0.004 -19"><span class='ocrx_word' id='word_1_463' title='bbox 495 3280 701 3337; x_wconf 89' lang='lat' dir='ltr'><strong>Christi</strong></span> <span class='ocrx_word' id='word_1_464' title='bbox 737 3296 1033 3352; x_wconf 81' lang='lat' dir='ltr'><strong>agnoscere</strong></span> <span class='ocrx_word' id='word_1_465' title='bbox 1080 3283 1339 3340; x_wconf 89' lang='lat' dir='ltr'><strong>insinuet.</strong></span> <span class='ocrx_word' id='word_1_466' title='bbox 1361 3303 1381 3337; x_wconf 75' lang='grc' dir='ltr'><strong>ι</strong></span> <span class='ocrx_word' id='word_1_467' title='bbox 1416 3282 1557 3351; x_wconf 86' lang='lat' dir='ltr'><strong>Quid</strong></span> <span class='ocrx_word' id='word_1_468' title='bbox 1593 3285 1831 3356; x_wconf 62' lang='lat' dir='ltr'><strong>quaeris?</strong></span> <span class='ocrx_word' id='word_1_469' title='bbox 1877 3285 2055 3344; x_wconf 85' lang='lat' dir='ltr'><strong>Locus</strong></span> 
     </span>
    </p>
   </div>
   <div class='ocr_carea' id='block_1_66' title="bbox 495 3372 2054 3447">
    <p class='ocr_par' dir='ltr' id='par_1_66' title="bbox 495 3372 2054 3447">
     <span class='ocr_line' id='line_1_66' title="bbox 495 3372 2054 3447; baseline 0.004 -21"><span class='ocrx_word' id='word_1_470' title='bbox 495 3387 562 3426; x_wconf 71' lang='lat' dir='ltr'><strong>ex</strong></span> <span class='ocrx_word' id='word_1_471' title='bbox 599 3372 840 3442; x_wconf 87' lang='lat' dir='ltr'><strong>Epistula</strong></span> <span class='ocrx_word' id='word_1_472' title='bbox 861 3375 904 3438; x_wconf 94' lang='lat' dir='ltr'><strong>l,</strong></span> <span class='ocrx_word' id='word_1_473' title='bbox 938 3376 992 3429; x_wconf 94' lang='lat' dir='ltr'><strong>in</strong></span> <span class='ocrx_word' id='word_1_474' title='bbox 1027 3376 1262 3431; x_wconf 89' lang='lat' dir='ltr'><strong>medium</strong></span> <span class='ocrx_word' id='word_1_475' title='bbox 1308 3377 1638 3445; x_wconf 79' lang='lat' dir='ltr'><strong>proferatur,</strong></span> <span class='ocrx_word' id='word_1_476' title='bbox 1670 3393 1780 3447; x_wconf 89' lang='lat' dir='ltr'><strong>quo</strong></span> <span class='ocrx_word' id='word_1_477' title='bbox 1811 3393 1922 3432; x_wconf 92' lang='lat' dir='ltr'><strong>uno</strong></span> <span class='ocrx_word' id='word_1_478' title='bbox 1941 3386 2054 3433; x_wconf 84' lang='lat' dir='ltr'><strong>tota</strong></span> 
     </span>
    </p>
   </div>
   <div class='ocr_carea' id='block_1_67' title="bbox 494 3447 2050 3538">
    <p class='ocr_par' dir='ltr' id='par_1_67' title="bbox 494 3447 2050 3538">
     <span class='ocr_line' id='line_1_67' title="bbox 494 3447 2050 3538; baseline 0.004 -21"><span class='ocrx_word' id='word_1_479' title='bbox 494 3462 724 3517; x_wconf 88' lang='lat' dir='ltr'><strong>eliditur</strong></span> <span class='ocrx_word' id='word_1_480' title='bbox 750 3462 1000 3519; x_wconf 71' lang='lat' dir='ltr'><strong>Venemte</strong></span> <span class='ocrx_word' id='word_1_481' title='bbox 1021 3447 1278 3534; x_wconf 78' lang='lat' dir='ltr'><strong>obiectio.</strong></span> <span class='ocrx_word' id='word_1_482' title='bbox 1313 3464 1402 3519; x_wconf 87' lang='lat' dir='ltr'><strong>Sic.</strong></span> <span class='ocrx_word' id='word_1_483' title='bbox 1428 3476 1607 3521; x_wconf 89' lang='lat' dir='ltr'><strong>autem</strong></span> <span class='ocrx_word' id='word_1_484' title='bbox 1632 3482 1691 3523; x_wconf 90' lang='lat' dir='ltr'><strong>se</strong></span> <span class='ocrx_word' id='word_1_485' title='bbox 1711 3466 1871 3523; x_wconf 86' lang='lat' dir='ltr'><strong>habet</strong></span> <span class='ocrx_word' id='word_1_486' title='bbox 1892 3466 2005 3538; x_wconf 85' lang='lat'><strong>(65)</strong></span> <span class='ocrx_word' id='word_1_487' title='bbox 2035 3483 2050 3523; x_wconf 87' lang='lat'><strong><em>:</em></strong></span> 
     </span>
    </p>
   </div>
   <div class='ocr_carea' id='block_1_68' title="bbox 494 3552 2053 3629">
    <p class='ocr_par' dir='ltr' id='par_1_68' title="bbox 494 3552 2053 3629">
     <span class='ocr_line' id='line_1_68' title="bbox 494 3552 2053 3629; baseline 0.003 -25"><span class='ocrx_word' id='word_1_488' title='bbox 494 3552 620 3616; x_wconf 86' lang='grc' dir='ltr'><strong>Τοῖς</strong></span> <span class='ocrx_word' id='word_1_489' title='bbox 654 3553 885 3623; x_wconf 79' lang='grc' dir='ltr'><strong>ἐφοδίοις</strong></span> <span class='ocrx_word' id='word_1_490' title='bbox 916 3554 1009 3607; x_wconf 81' lang='grc' dir='ltr'>τοῦ</span> <span class='ocrx_word' id='word_1_491' title='bbox 1042 3554 1176 3608; x_wconf 86' lang='grc' dir='ltr'><strong>Θεοῦ</strong></span> <span class='ocrx_word' id='word_1_492' title='bbox 1211 3556 1532 3628; x_wconf 83' lang='grc' dir='ltr'><strong>ἀρκούμενοι</strong></span> <span class='ocrx_word' id='word_1_493' title='bbox 1574 3558 1666 3611; x_wconf 82' lang='grc' dir='ltr'><strong>καὶ</strong></span> <span class='ocrx_word' id='word_1_494' title='bbox 1701 3557 2053 3629; x_wconf 82' lang='grc' dir='ltr'>προσέχοντες</span> 
     </span>
    </p>
   </div>
   <div class='ocr_carea' id='block_1_69' title="bbox 490 3639 2052 3719">
    <p class='ocr_par' dir='ltr' id='par_1_69' title="bbox 490 3639 2052 3719">
     <span class='ocr_line' id='line_1_69' title="bbox 490 3639 2052 3719; baseline 0.004 -27"><span class='ocrx_word' id='word_1_495' title='bbox 490 3640 619 3701; x_wconf 75' lang='grc' dir='ltr'>τοὺς</span> <span class='ocrx_word' id='word_1_496' title='bbox 646 3639 832 3710; x_wconf 82' lang='grc' dir='ltr'>λόγους</span> <span class='ocrx_word' id='word_1_497' title='bbox 858 3642 1023 3695; x_wconf 82' lang='grc' dir='ltr'><strong>αὑτοῦ</strong></span> <span class='ocrx_word' id='word_1_498' title='bbox 1052 3644 1341 3715; x_wconf 76' lang='grc' dir='ltr'><strong>ἐπιμελῶς,</strong></span> <span class='ocrx_word' id='word_1_499' title='bbox 1384 3646 1780 3718; x_wconf 78' lang='grc' dir='ltr'>ὲστερνισμένοι</span> <span class='ocrx_word' id='word_1_500' title='bbox 1818 3643 1914 3719; x_wconf 83' lang='grc' dir='ltr'><strong>ἦτε</strong></span> <span class='ocrx_word' id='word_1_501' title='bbox 1941 3648 2052 3709; x_wconf 85' lang='grc' dir='ltr'>τοῖς</span> 
     </span>
    </p>
   </div>
   <div class='ocr_carea' id='block_1_70' title="bbox 490 3730 2051 3811">
    <p class='ocr_par' dir='ltr' id='par_1_70' title="bbox 490 3730 2051 3811">
     <span class='ocr_line' id='line_1_70' title="bbox 490 3730 2051 3811; baseline 0.009 -30"><span class='ocrx_word' id='word_1_502' title='bbox 490 3730 838 3803; x_wconf 74' lang='grc' dir='ltr'><strong>σπλάγχνοις,</strong></span> <span class='ocrx_word' id='word_1_503' title='bbox 860 3735 953 3788; x_wconf 84' lang='grc' dir='ltr'><strong>καὶ</strong></span> <span class='ocrx_word' id='word_1_504' title='bbox 970 3735 1037 3789; x_wconf 84' lang='grc' dir='ltr'><strong>τὰ</strong></span> <span class='ocrx_word' id='word_1_505' title='bbox 1057 3736 1355 3809; x_wconf 78' lang='grc' dir='ltr'><strong>παθήματα</strong></span> <span class='ocrx_word' id='word_1_506' title='bbox 1377 3739 1541 3793; x_wconf 80' lang='grc' dir='ltr'><strong>αὐτοῦ</strong></span> <span class='ocrx_word' id='word_1_507' title='bbox 1555 3735 1622 3811; x_wconf 76' lang='grc' dir='ltr'>ἦν</span> <span class='ocrx_word' id='word_1_508' title='bbox 1638 3740 1744 3811; x_wconf 79' lang='grc' dir='ltr'>πρὸ</span> <span class='ocrx_word' id='word_1_509' title='bbox 1761 3739 2051 3811; x_wconf 82' lang='grc' dir='ltr'>ὀφθαλμῶν</span> 
     </span>
    </p>
   </div>
   <div class='ocr_carea' id='block_1_71' title="bbox 494 3819 2050 3894">
    <p class='ocr_par' dir='ltr' id='par_1_71' title="bbox 494 3819 2050 3894">
     <span class='ocr_line' id='line_1_71' title="bbox 494 3819 2050 3894; baseline 0.01 -23"><span class='ocrx_word' id='word_1_510' title='bbox 494 3819 666 3890; x_wconf 78' lang='grc' dir='ltr'>ὔμῶν.</span> <span class='ocrx_word' id='word_1_511' title='bbox 690 3821 801 3876; x_wconf 89' lang='lat' dir='ltr'><strong>lloc</strong></span> <span class='ocrx_word' id='word_1_512' title='bbox 822 3833 943 3878; x_wconf 88' lang='lat' dir='ltr'><strong>est:</strong></span> <span class='ocrx_word' id='word_1_513' title='bbox 967 3843 985 3876; x_wconf 84' lang='grc'><strong>‹</strong></span> <span class='ocrx_word' id='word_1_514' title='bbox 1012 3824 1104 3879; x_wconf 90' lang='lat' dir='ltr'><strong>Dei</strong></span> <span class='ocrx_word' id='word_1_515' title='bbox 1128 3826 1325 3882; x_wconf 88' lang='lat' dir='ltr'><strong>viatico</strong></span> <span class='ocrx_word' id='word_1_516' title='bbox 1352 3829 1615 3894; x_wconf 90' lang='lat' dir='ltr'><strong>contenti,</strong></span> <span class='ocrx_word' id='word_1_517' title='bbox 1638 3836 1692 3884; x_wconf 89' lang='lat' dir='ltr'><strong>et</strong></span> <span class='ocrx_word' id='word_1_518' title='bbox 1708 3831 2050 3887; x_wconf 89' lang='lat' dir='ltr'><strong>sermonibus</strong></span> 
     </span>
    </p>
   </div>
   <div class='ocr_carea' id='block_1_72' title="bbox 493 3911 2051 3984">
    <p class='ocr_par' dir='ltr' id='par_1_72' title="bbox 493 3911 2051 3984">
     <span class='ocr_line' id='line_1_72' title="bbox 493 3911 2051 3984; baseline 0.008 -20"><span class='ocrx_word' id='word_1_519' title='bbox 493 3911 640 3968; x_wconf 90' lang='lat' dir='ltr'><strong>illius</strong></span> <span class='ocrx_word' id='word_1_520' title='bbox 671 3914 959 3984; x_wconf 86' lang='lat' dir='ltr'><strong>diligenter</strong></span> <span class='ocrx_word' id='word_1_521' title='bbox 988 3919 1352 3981; x_wconf 88' lang='lat' dir='ltr'><strong>attendentes,</strong></span> <span class='ocrx_word' id='word_1_522' title='bbox 1396 3921 1606 3976; x_wconf 88' lang='lat' dir='ltr'><strong>dilatati</strong></span> <span class='ocrx_word' id='word_1_523' title='bbox 1656 3922 1824 3978; x_wconf 87' lang='lat' dir='ltr'><strong>eratis</strong></span> <span class='ocrx_word' id='word_1_524' title='bbox 1863 3922 1918 3978; x_wconf 92' lang='lat' dir='ltr'><strong>in</strong></span> <span class='ocrx_word' id='word_1_525' title='bbox 1969 3922 2051 3977; x_wconf 88' lang='lat' dir='ltr'><strong>vi-</strong></span> 
     </span>
    </p>
   </div>
   <div class='ocr_carea' id='block_1_73' title="bbox 493 4006 2043 4082">
    <p class='ocr_par' dir='ltr' id='par_1_73' title="bbox 493 4006 2043 4082">
     <span class='ocr_line' id='line_1_73' title="bbox 493 4006 2043 4082; baseline 0.005 -22"><span class='ocrx_word' id='word_1_526' title='bbox 493 4006 758 4071; x_wconf 88' lang='lat' dir='ltr'><strong>sceribus,</strong></span> <span class='ocrx_word' id='word_1_527' title='bbox 786 4015 840 4061; x_wconf 90' lang='lat' dir='ltr'><strong>et</strong></span> <span class='ocrx_word' id='word_1_528' title='bbox 868 4010 1152 4079; x_wconf 90' lang='lat' dir='ltr'><strong>passiones</strong></span> <span class='ocrx_word' id='word_1_529' title='bbox 1174 4012 1294 4081; x_wconf 89' lang='lat' dir='ltr'><strong>ejus</strong></span> <span class='ocrx_word' id='word_1_530' title='bbox 1323 4026 1432 4082; x_wconf 66' lang='lat' dir='ltr'><strong>prae</strong></span> <span class='ocrx_word' id='word_1_531' title='bbox 1462 4014 1637 4069; x_wconf 88' lang='lat' dir='ltr'><strong>oculis</strong></span> <span class='ocrx_word' id='word_1_532' title='bbox 1658 4015 1813 4068; x_wconf 87' lang='lat' dir='ltr'><strong>vobis</strong></span> <span class='ocrx_word' id='word_1_533' title='bbox 1834 4023 2043 4070; x_wconf 65' lang='lat' dir='ltr'><strong>erant.»</strong></span> 
     </span>
    </p>
   </div>
   <div class='ocr_carea' id='block_1_74' title="bbox 491 4094 2049 4176">
    <p class='ocr_par' dir='ltr' id='par_1_74' title="bbox 491 4094 2049 4176">
     <span class='ocr_line' id='line_1_74' title="bbox 491 4094 2049 4176; baseline 0.006 -26"><span class='ocrx_word' id='word_1_534' title='bbox 491 4094 595 4151; x_wconf 86' lang='lat' dir='ltr'><strong>Ubi</strong></span> <span class='ocrx_word' id='word_1_535' title='bbox 627 4098 859 4167; x_wconf 87' lang='lat' dir='ltr'><strong>primum</strong></span> <span class='ocrx_word' id='word_1_536' title='bbox 890 4100 1316 4167; x_wconf 90' lang='lat' dir='ltr'><strong>observandum,</strong></span> <span class='ocrx_word' id='word_1_537' title='bbox 1340 4104 1624 4159; x_wconf 89' lang='lat' dir='ltr'><strong>relativum</strong></span> <span class='ocrx_word' id='word_1_538' title='bbox 1655 4102 1821 4159; x_wconf 79' lang='grc' dir='ltr'><strong>αὐτοῦ</strong></span> <span class='ocrx_word' id='word_1_539' title='bbox 1872 4105 2049 4176; x_wconf 83' lang='lat' dir='ltr'><strong>respi-</strong></span> 
     </span>
    </p>
   </div>
   <div class='ocr_carea' id='block_1_75' title="bbox 490 4191 2045 4264">
    <p class='ocr_par' dir='ltr' id='par_1_75' title="bbox 490 4191 2045 4264">
     <span class='ocr_line' id='line_1_75' title="bbox 490 4191 2045 4264; baseline 0.008 -23"><span class='ocrx_word' id='word_1_540' title='bbox 490 4201 616 4243; x_wconf 87' lang='lat' dir='ltr'><strong>cere</strong></span> <span class='ocrx_word' id='word_1_541' title='bbox 648 4191 839 4259; x_wconf 91' lang='lat' dir='ltr'><strong>procul</strong></span> <span class='ocrx_word' id='word_1_542' title='bbox 865 4191 1033 4247; x_wconf 90' lang='lat' dir='ltr'><strong>dubio</strong></span> <span class='ocrx_word' id='word_1_543' title='bbox 1055 4194 1299 4264; x_wconf 78' lang='lat' dir='ltr'><strong>proxime</strong></span> <span class='ocrx_word' id='word_1_544' title='bbox 1330 4197 1659 4253; x_wconf 86' lang='lat' dir='ltr'><strong>antecedens</strong></span> <span class='ocrx_word' id='word_1_545' title='bbox 1714 4196 1875 4252; x_wconf 84' lang='grc' dir='ltr'>Θεοῦ.</span> <span class='ocrx_word' id='word_1_546' title='bbox 1908 4197 2045 4253; x_wconf 91' lang='lat' dir='ltr'><strong>Cum</strong></span> 
     </span>
    </p>
   </div>
   <div class='ocr_carea' id='block_1_76' title="bbox 2157 3089 3720 3169">
    <p class='ocr_par' dir='ltr' id='par_1_76' title="bbox 2157 3089 3720 3169">
     <span class='ocr_line' id='line_1_76' title="bbox 2157 3089 3720 3169; baseline 0.008 -27"><span class='ocrx_word' id='word_1_547' title='bbox 2157 3103 2318 3158; x_wconf 85' lang='lat' dir='ltr'><strong>quem</strong></span> <span class='ocrx_word' id='word_1_548' title='bbox 2375 3089 2536 3145; x_wconf 88' lang='lat' dir='ltr'><strong>modo</strong></span> <span class='ocrx_word' id='word_1_549' title='bbox 2581 3092 2927 3161; x_wconf 90' lang='lat' dir='ltr'><strong>protulimus,</strong></span> <span class='ocrx_word' id='word_1_550' title='bbox 2958 3092 3179 3148; x_wconf 83' lang='lat' dir='ltr'><strong>Junium</strong></span> <span class='ocrx_word' id='word_1_551' title='bbox 3228 3094 3568 3165; x_wconf 87' lang='lat' dir='ltr'><strong>conjectasse</strong></span> <span class='ocrx_word' id='word_1_552' title='bbox 3614 3113 3720 3169; x_wconf 86' lang='lat' dir='ltr'><strong>pro</strong></span> 
     </span>
    </p>
   </div>
   <div class='ocr_carea' id='block_1_77' title="bbox 2155 3177 3718 3265">
    <p class='ocr_par' dir='ltr' id='par_1_77' title="bbox 2155 3177 3718 3265">
     <span class='ocr_line' id='line_1_77' title="bbox 2155 3177 3718 3265; baseline 0.008 -33"><span class='ocrx_word' id='word_1_553' title='bbox 2155 3177 2454 3251; x_wconf 80' lang='grc' dir='ltr'><strong>παθήματα</strong></span> <span class='ocrx_word' id='word_1_554' title='bbox 2506 3180 2644 3237; x_wconf 77' lang='lat' dir='ltr'><strong>forte</strong></span> <span class='ocrx_word' id='word_1_555' title='bbox 2685 3183 2977 3265; x_wconf 65' lang='lat' dir='ltr'><strong>legendum</strong></span> <span class='ocrx_word' id='word_1_556' title='bbox 3030 3183 3346 3257; x_wconf 82' lang='grc' dir='ltr'><strong>μαθήματα.</strong></span> <span class='ocrx_word' id='word_1_557' title='bbox 3399 3185 3504 3241; x_wconf 85' lang='lat' dir='ltr'><strong>Sed</strong></span> <span class='ocrx_word' id='word_1_558' title='bbox 3554 3189 3718 3258; x_wconf 86' lang='lat' dir='ltr'><strong>plane</strong></span> 
     </span>
    </p>
   </div>
   <div class='ocr_carea' id='block_1_78' title="bbox 2153 3272 3718 3349">
    <p class='ocr_par' dir='ltr' id='par_1_78' title="bbox 2153 3272 3718 3349">
     <span class='ocr_line' id='line_1_78' title="bbox 2153 3272 3718 3349; baseline 0.004 -19"><span class='ocrx_word' id='word_1_559' title='bbox 2153 3272 2517 3342; x_wconf 84' lang='lat' dir='ltr'><strong>respuendum</strong></span> <span class='ocrx_word' id='word_1_560' title='bbox 2568 3288 2693 3329; x_wconf 90' lang='lat' dir='ltr'><strong>cum</strong></span> <span class='ocrx_word' id='word_1_561' title='bbox 2742 3273 2962 3341; x_wconf 86' lang='lat' dir='ltr'><strong>Crabio,</strong></span> <span class='ocrx_word' id='word_1_562' title='bbox 2994 3274 3254 3333; x_wconf 85' lang='lat' dir='ltr'><strong>Wottono</strong></span> <span class='ocrx_word' id='word_1_563' title='bbox 3295 3277 3525 3349; x_wconf 89' lang='lat' dir='ltr'><strong>aliisque</strong></span> <span class='ocrx_word' id='word_1_564' title='bbox 3577 3282 3718 3339; x_wconf 73' lang='lat' dir='ltr'><strong>viris</strong></span> 
     </span>
    </p>
   </div>
   <div class='ocr_carea' id='block_1_79' title="bbox 2154 3362 3713 3437">
    <p class='ocr_par' dir='ltr' id='par_1_79' title="bbox 2154 3362 3713 3437">
     <span class='ocr_line' id='line_1_79' title="bbox 2154 3362 3713 3437; baseline 0.006 -20"><span class='ocrx_word' id='word_1_565' title='bbox 2154 3362 2329 3419; x_wconf 88' lang='lat' dir='ltr'><strong>doctis</strong></span> <span class='ocrx_word' id='word_1_566' title='bbox 2356 3363 2517 3421; x_wconf 90' lang='lat' dir='ltr'><strong>inane</strong></span> <span class='ocrx_word' id='word_1_567' title='bbox 2548 3374 2937 3431; x_wconf 88' lang='lat' dir='ltr'><strong>commentum,</strong></span> <span class='ocrx_word' id='word_1_568' title='bbox 2969 3366 3113 3437; x_wconf 84' lang='lat' dir='ltr'><strong>quod</strong></span> <span class='ocrx_word' id='word_1_569' title='bbox 3140 3374 3346 3423; x_wconf 82' lang='lat' dir='ltr'><strong>textum</strong></span> <span class='ocrx_word' id='word_1_570' title='bbox 3377 3369 3514 3423; x_wconf 90' lang='lat' dir='ltr'><strong>citra</strong></span> <span class='ocrx_word' id='word_1_571' title='bbox 3546 3372 3713 3427; x_wconf 88' lang='lat' dir='ltr'><strong>ullam</strong></span> 
     </span>
    </p>
   </div>
   <div class='ocr_carea' id='block_1_80' title="bbox 2152 3457 3714 3528">
    <p class='ocr_par' dir='ltr' id='par_1_80' title="bbox 2152 3457 3714 3528">
     <span class='ocr_line' id='line_1_80' title="bbox 2152 3457 3714 3528; baseline 0.005 -17"><span class='ocrx_word' id='word_1_572' title='bbox 2152 3457 2553 3522; x_wconf 88' lang='lat' dir='ltr'><strong>necessitatem,</strong></span> <span class='ocrx_word' id='word_1_573' title='bbox 2582 3472 2758 3528; x_wconf 91' lang='lat' dir='ltr'><strong>neque</strong></span> <span class='ocrx_word' id='word_1_574' title='bbox 2789 3458 2954 3512; x_wconf 89' lang='lat' dir='ltr'><strong>ullius</strong></span> <span class='ocrx_word' id='word_1_575' title='bbox 2989 3473 3092 3513; x_wconf 90' lang='lat' dir='ltr'><strong>ms.</strong></span> <span class='ocrx_word' id='word_1_576' title='bbox 3135 3459 3343 3515; x_wconf 85' lang='lat' dir='ltr'><strong>codicis</strong></span> <span class='ocrx_word' id='word_1_577' title='bbox 3384 3463 3714 3519; x_wconf 85' lang='lat' dir='ltr'><strong>auctoritate</strong></span> 
     </span>
    </p>
   </div>
   <div class='ocr_carea' id='block_1_81' title="bbox 2153 3545 3709 3617">
    <p class='ocr_par' dir='ltr' id='par_1_81' title="bbox 2153 3545 3709 3617">
     <span class='ocr_line' id='line_1_81' title="bbox 2153 3545 3709 3617; baseline 0.002 -14"><span class='ocrx_word' id='word_1_578' title='bbox 2153 3547 2453 3603; x_wconf 88' lang='lat' dir='ltr'><strong>sollicitare</strong></span> <span class='ocrx_word' id='word_1_579' title='bbox 2481 3547 2833 3616; x_wconf 86' lang='lat' dir='ltr'><strong>comperitur.</strong></span> <span class='ocrx_word' id='word_1_580' title='bbox 2905 3545 2969 3601; x_wconf 87' lang='lat' dir='ltr'><strong>Et</strong></span> <span class='ocrx_word' id='word_1_581' title='bbox 3015 3546 3139 3615; x_wconf 90' lang='lat' dir='ltr'><strong>jure</strong></span> <span class='ocrx_word' id='word_1_582' title='bbox 3199 3548 3423 3617; x_wconf 89' lang='lat' dir='ltr'><strong>quidem</strong></span> <span class='ocrx_word' id='word_1_583' title='bbox 3459 3567 3473 3605; x_wconf 90' lang='lat'><strong>:</strong></span> <span class='ocrx_word' id='word_1_584' title='bbox 3507 3552 3709 3607; x_wconf 89' lang='lat' dir='ltr'><strong>etenim</strong></span> 
     </span>
    </p>
   </div>
   <div class='ocr_carea' id='block_1_82' title="bbox 2152 3637 3713 3709">
    <p class='ocr_par' dir='ltr' id='par_1_82' title="bbox 2152 3637 3713 3709">
     <span class='ocr_line' id='line_1_82' title="bbox 2152 3637 3713 3709; baseline 0.003 -15"><span class='ocrx_word' id='word_1_585' title='bbox 2152 3652 2335 3694; x_wconf 86' lang='lat' dir='ltr'><strong>nonne</strong></span> <span class='ocrx_word' id='word_1_586' title='bbox 2368 3638 2583 3693; x_wconf 89' lang='lat' dir='ltr'><strong>demum</strong></span> <span class='ocrx_word' id='word_1_587' title='bbox 2614 3645 2737 3709; x_wconf 86' lang='lat' dir='ltr'><strong>apte</strong></span> <span class='ocrx_word' id='word_1_588' title='bbox 2786 3637 3058 3693; x_wconf 69' lang='lat' dir='ltr'><strong>cohaerent</strong></span> <span class='ocrx_word' id='word_1_589' title='bbox 3087 3639 3290 3703; x_wconf 86' lang='lat' dir='ltr'><strong>omnia,</strong></span> <span class='ocrx_word' id='word_1_590' title='bbox 3324 3640 3370 3695; x_wconf 90' lang='lat' dir='ltr'><strong>si</strong></span> <span class='ocrx_word' id='word_1_591' title='bbox 3418 3641 3571 3695; x_wconf 84' lang='lat' dir='ltr'><strong>verba</strong></span> <span class='ocrx_word' id='word_1_592' title='bbox 3613 3643 3713 3698; x_wconf 80' lang='lat' dir='ltr'><strong>Dei</strong></span> 
     </span>
    </p>
   </div>
   <div class='ocr_carea' id='block_1_83' title="bbox 2152 3730 3711 3801">
    <p class='ocr_par' dir='ltr' id='par_1_83' title="bbox 2152 3730 3711 3801">
     <span class='ocr_line' id='line_1_83' title="bbox 2152 3730 3711 3801; baseline 0.003 -16"><span class='ocrx_word' id='word_1_593' title='bbox 2152 3731 2351 3787; x_wconf 89' lang='lat' dir='ltr'><strong>mentis</strong></span> <span class='ocrx_word' id='word_1_594' title='bbox 2380 3731 2676 3797; x_wconf 84' lang='lat' dir='ltr'><strong>attentioni,</strong></span> <span class='ocrx_word' id='word_1_595' title='bbox 2706 3730 2937 3801; x_wconf 88' lang='lat' dir='ltr'><strong>ejusque</strong></span> <span class='ocrx_word' id='word_1_596' title='bbox 2990 3730 3260 3800; x_wconf 82' lang='lat' dir='ltr'><strong>passiones</strong></span> <span class='ocrx_word' id='word_1_597' title='bbox 3314 3734 3498 3789; x_wconf 90' lang='lat' dir='ltr'><strong>cordis</strong></span> <span class='ocrx_word' id='word_1_598' title='bbox 3540 3737 3711 3789; x_wconf 80' lang='lat' dir='ltr'><strong>oculis</strong></span> 
     </span>
    </p>
   </div>
   <div class='ocr_carea' id='block_1_84' title="bbox 2151 3822 3710 3893">
    <p class='ocr_par' dir='ltr' id='par_1_84' title="bbox 2151 3822 3710 3893">
     <span class='ocr_line' id='line_1_84' title="bbox 2151 3822 3710 3893; baseline 0.004 -17"><span class='ocrx_word' id='word_1_599' title='bbox 2151 3822 2560 3893; x_wconf 81' lang='lat' dir='ltr'><strong>proponantur?</strong></span> <span class='ocrx_word' id='word_1_600' title='bbox 2589 3822 2744 3888; x_wconf 87' lang='lat' dir='ltr'><strong>Quod</strong></span> <span class='ocrx_word' id='word_1_601' title='bbox 2786 3823 2878 3877; x_wconf 90' lang='lat' dir='ltr'><strong>ubi</strong></span> <span class='ocrx_word' id='word_1_602' title='bbox 2910 3823 3201 3893; x_wconf 86' lang='lat' dir='ltr'><strong>diligenter</strong></span> <span class='ocrx_word' id='word_1_603' title='bbox 3250 3824 3491 3890; x_wconf 86' lang='lat' dir='ltr'><strong>attendo,</strong></span> <span class='ocrx_word' id='word_1_604' title='bbox 3522 3826 3710 3882; x_wconf 73' lang='lat' dir='ltr'><strong>mirati</strong></span> 
     </span>
    </p>
   </div>
   <div class='ocr_carea' id='block_1_85' title="bbox 2151 3910 3708 3984">
    <p class='ocr_par' dir='ltr' id='par_1_85' title="bbox 2151 3910 3708 3984">
     <span class='ocr_line' id='line_1_85' title="bbox 2151 3910 3708 3984; baseline 0 -14"><span class='ocrx_word' id='word_1_605' title='bbox 2151 3914 2319 3977; x_wconf 84' lang='lat' dir='ltr'><strong>subit,</strong></span> <span class='ocrx_word' id='word_1_606' title='bbox 2351 3916 2485 3968; x_wconf 90' lang='lat' dir='ltr'><strong>clar.</strong></span> <span class='ocrx_word' id='word_1_607' title='bbox 2512 3911 2802 3984; x_wconf 83' lang='lat' dir='ltr'><strong>Fleuryum</strong></span> <span class='ocrx_word' id='word_1_608' title='bbox 2845 3912 3100 3967; x_wconf 82' lang='lat' dir='ltr'><strong>vitiosam</strong></span> <span class='ocrx_word' id='word_1_609' title='bbox 3146 3910 3293 3967; x_wconf 85' lang='lat' dir='ltr'><strong>Junii</strong></span> <span class='ocrx_word' id='word_1_610' title='bbox 3336 3915 3708 3984; x_wconf 87' lang='lat' dir='ltr'><strong>conjecturam</strong></span> 
     </span>
    </p>
   </div>
   <div class='ocr_carea' id='block_1_86' title="bbox 2149 4004 3709 4077">
    <p class='ocr_par' dir='ltr' id='par_1_86' title="bbox 2149 4004 3709 4077">
     <span class='ocr_line' id='line_1_86' title="bbox 2149 4004 3709 4077; baseline -0.001 -16"><span class='ocrx_word' id='word_1_611' title='bbox 2149 4006 2304 4076; x_wconf 88' lang='lat' dir='ltr'><strong>sequi</strong></span> <span class='ocrx_word' id='word_1_612' title='bbox 2326 4004 2775 4074; x_wconf 81' lang='lat' dir='ltr'><strong>maluisse,quam</strong></span> <span class='ocrx_word' id='word_1_613' title='bbox 2799 4004 3070 4059; x_wconf 87' lang='lat' dir='ltr'><strong>sinceram</strong></span> <span class='ocrx_word' id='word_1_614' title='bbox 3090 4012 3270 4060; x_wconf 77' lang='lat' dir='ltr'><strong>textus</strong></span> <span class='ocrx_word' id='word_1_615' title='bbox 3287 4007 3594 4072; x_wconf 89' lang='lat' dir='ltr'><strong>lectionem;</strong></span> <span class='ocrx_word' id='word_1_616' title='bbox 3612 4008 3709 4077; x_wconf 89' lang='lat' dir='ltr'><strong>qui</strong></span> 
     </span>
    </p>
   </div>
   <div class='ocr_carea' id='block_1_87' title="bbox 2149 4095 3705 4169">
    <p class='ocr_par' dir='ltr' id='par_1_87' title="bbox 2149 4095 3705 4169">
     <span class='ocr_line' id='line_1_87' title="bbox 2149 4095 3705 4169; baseline 0.002 -17"><span class='ocrx_word' id='word_1_617' title='bbox 2149 4095 2354 4153; x_wconf 88' lang='lat' dir='ltr'><strong>Gallice</strong></span> <span class='ocrx_word' id='word_1_618' title='bbox 2375 4113 2482 4152; x_wconf 92' lang='lat' dir='ltr'><strong>non</strong></span> <span class='ocrx_word' id='word_1_619' title='bbox 2498 4098 2786 4166; x_wconf 83' lang='lat' dir='ltr'><strong>passiones,</strong></span> <span class='ocrx_word' id='word_1_620' title='bbox 2809 4096 2901 4151; x_wconf 90' lang='lat' dir='ltr'><strong>sed</strong></span> <span class='ocrx_word' id='word_1_621' title='bbox 2920 4096 3218 4150; x_wconf 85' lang='lat' dir='ltr'><strong>doctrinam</strong></span> <span class='ocrx_word' id='word_1_622' title='bbox 3248 4097 3547 4153; x_wconf 90' lang='lat' dir='ltr'><strong>reddiderit</strong></span> <span class='ocrx_word' id='word_1_623' title='bbox 3566 4099 3705 4169; x_wconf 80' lang='lat'><strong>(68).</strong></span> 
     </span>
    </p>
   </div>
   <div class='ocr_carea' id='block_1_88' title="bbox 2220 4187 3707 4256">
    <p class='ocr_par' dir='ltr' id='par_1_88' title="bbox 2220 4187 3707 4256">
     <span class='ocr_line' id='line_1_88' title="bbox 2220 4187 3707 4256; baseline 0.001 -14"><span class='ocrx_word' id='word_1_624' title='bbox 2220 4187 2345 4243; x_wconf 71' lang='lat' dir='ltr'><strong>llmc</strong></span> <span class='ocrx_word' id='word_1_625' title='bbox 2368 4196 2547 4243; x_wconf 89' lang='lat' dir='ltr'><strong>autem</strong></span> <span class='ocrx_word' id='word_1_626' title='bbox 2578 4188 2754 4242; x_wconf 79' lang='lat' dir='ltr'><strong>fusius</strong></span> <span class='ocrx_word' id='word_1_627' title='bbox 2784 4194 3148 4256; x_wconf 89' lang='lat' dir='ltr'><strong>pertractasse</strong></span> <span class='ocrx_word' id='word_1_628' title='bbox 3177 4190 3355 4254; x_wconf 89' lang='lat' dir='ltr'><strong>libuit,</strong></span> <span class='ocrx_word' id='word_1_629' title='bbox 3390 4198 3503 4243; x_wconf 88' lang='lat' dir='ltr'><strong>tum</strong></span> <span class='ocrx_word' id='word_1_630' title='bbox 3538 4200 3595 4245; x_wconf 92' lang='lat' dir='ltr'><strong>ut</strong></span> <span class='ocrx_word' id='word_1_631' title='bbox 3622 4190 3707 4244; x_wconf 93' lang='lat' dir='ltr'><strong>in-</strong></span> 
     </span>
    </p>
   </div>
   <div class='ocr_carea' id='block_1_89' title="bbox 489 4280 3704 4357">
    <p class='ocr_par' dir='ltr' id='par_1_89' title="bbox 489 4280 3704 4357">
     <span class='ocr_line' id='line_1_89' title="bbox 489 4280 3704 4357; baseline 0.001 -21"><span class='ocrx_word' id='word_1_632' title='bbox 489 4286 671 4335; x_wconf 83' lang='lat' dir='ltr'><strong>autem</strong></span> <span class='ocrx_word' id='word_1_633' title='bbox 710 4281 1009 4355; x_wconf 80' lang='grc' dir='ltr'><strong>παθήματα</strong></span> <span class='ocrx_word' id='word_1_634' title='bbox 1059 4286 1212 4339; x_wconf 92' lang='lat' dir='ltr'><strong>nullo</strong></span> <span class='ocrx_word' id='word_1_635' title='bbox 1262 4296 1420 4357; x_wconf 92' lang='lat' dir='ltr'><strong>pacto</strong></span> <span class='ocrx_word' id='word_1_636' title='bbox 1484 4286 1591 4343; x_wconf 91' lang='lat' dir='ltr'><strong>Deo</strong></span> <span class='ocrx_word' id='word_1_637' title='bbox 1638 4288 1784 4344; x_wconf 87' lang='lat' dir='ltr'><strong>Patri</strong></span> <span class='ocrx_word' id='word_1_638' title='bbox 1821 4288 2045 4344; x_wconf 88' lang='lat' dir='ltr'><strong>attribui</strong></span> <span class='ocrx_word' id='word_1_639' title='bbox 2080 4355 2097 4357; x_wconf 96' lang='lat'><em>_</em></span> <span class='ocrx_word' id='word_1_640' title='bbox 2149 4285 2302 4356; x_wconf 90' lang='lat' dir='ltr'><strong>signe</strong></span> <span class='ocrx_word' id='word_1_641' title='bbox 2346 4283 2741 4340; x_wconf 87' lang='lat' dir='ltr'><strong>Clementinum</strong></span> <span class='ocrx_word' id='word_1_642' title='bbox 2794 4282 2861 4336; x_wconf 89' lang='lat' dir='ltr'><strong>de</strong></span> <span class='ocrx_word' id='word_1_643' title='bbox 2903 4280 3108 4337; x_wconf 89' lang='lat' dir='ltr'><strong>Christi</strong></span> <span class='ocrx_word' id='word_1_644' title='bbox 3152 4283 3434 4339; x_wconf 88' lang='lat' dir='ltr'><strong>divinitate</strong></span> <span class='ocrx_word' id='word_1_645' title='bbox 3464 4284 3704 4339; x_wconf 91' lang='lat' dir='ltr'><strong>testimo-</strong></span> 
     </span>
    </p>
   </div>
   <div class='ocr_carea' id='block_1_90' title="bbox 495 4355 3705 4445">
    <p class='ocr_par' dir='ltr' id='par_1_90' title="bbox 495 4355 3705 4445">
     <span class='ocr_line' id='line_1_90' title="bbox 495 4355 3705 4445; baseline 0 -16"><span class='ocrx_word' id='word_1_646' title='bbox 495 4371 722 4437; x_wconf 73' lang='grc' dir='ltr'>ροεείηι.</span> <span class='ocrx_word' id='word_1_647' title='bbox 743 4374 1009 4444; x_wconf 83' lang='lat' dir='ltr'><strong>reliquum</strong></span> <span class='ocrx_word' id='word_1_648' title='bbox 1029 4386 1115 4433; x_wconf 87' lang='lat' dir='ltr'><strong>est</strong></span> <span class='ocrx_word' id='word_1_649' title='bbox 1157 4385 1217 4432; x_wconf 92' lang='lat' dir='ltr'><strong>ut</strong></span> <span class='ocrx_word' id='word_1_650' title='bbox 1238 4355 2041 4445; x_wconf 85' lang='lat' dir='ltr'><strong>hicJesumChristum,Deum,</strong></span> <span class='ocrx_word' id='word_1_651' title='bbox 2076 4355 2122 4415; x_wconf 76' lang='grc' dir='ltr'><strong>θ</strong></span> <span class='ocrx_word' id='word_1_652' title='bbox 2146 4355 2298 4430; x_wconf 85' lang='lat' dir='ltr'><strong>nium</strong></span> <span class='ocrx_word' id='word_1_653' title='bbox 2330 4373 2682 4437; x_wconf 87' lang='lat' dir='ltr'><strong>vindicarem,</strong></span> <span class='ocrx_word' id='word_1_654' title='bbox 2714 4383 2827 4426; x_wconf 86' lang='lat' dir='ltr'><strong>tum</strong></span> <span class='ocrx_word' id='word_1_655' title='bbox 2872 4388 2998 4443; x_wconf 76' lang='lat' dir='ltr'><strong>vero</strong></span> <span class='ocrx_word' id='word_1_656' title='bbox 3044 4372 3098 4427; x_wconf 92' lang='lat' dir='ltr'><strong>in</strong></span> <span class='ocrx_word' id='word_1_657' title='bbox 3135 4374 3326 4444; x_wconf 87' lang='lat' dir='ltr'><strong>primis</strong></span> <span class='ocrx_word' id='word_1_658' title='bbox 3365 4383 3423 4427; x_wconf 92' lang='lat' dir='ltr'><strong>ut</strong></span> <span class='ocrx_word' id='word_1_659' title='bbox 3458 4374 3705 4430; x_wconf 70' lang='lat' dir='ltr'><strong>Venemaa</strong></span> 
     </span>
    </p>
   </div>
   <div class='ocr_carea' id='block_1_91' title="bbox 499 4458 2047 4534">
    <p class='ocr_par' dir='ltr' id='par_1_91' title="bbox 499 4458 2047 4534">
     <span class='ocr_line' id='line_1_91' title="bbox 499 4458 2047 4534; baseline 0.01 -22"><span class='ocrx_word' id='word_1_660' title='bbox 499 4458 684 4514; x_wconf 71' lang='lat' dir='ltr'><strong>Filium</strong></span> <span class='ocrx_word' id='word_1_661' title='bbox 716 4462 831 4527; x_wconf 89' lang='lat' dir='ltr'><strong>Dei,</strong></span> <span class='ocrx_word' id='word_1_662' title='bbox 859 4464 1026 4520; x_wconf 89' lang='lat' dir='ltr'><strong>Deum</strong></span> <span class='ocrx_word' id='word_1_663' title='bbox 1055 4468 1123 4523; x_wconf 90' lang='lat' dir='ltr'><strong>de</strong></span> <span class='ocrx_word' id='word_1_664' title='bbox 1144 4468 1272 4534; x_wconf 88' lang='lat' dir='ltr'><strong>Deo,</strong></span> <span class='ocrx_word' id='word_1_665' title='bbox 1294 4468 1460 4526; x_wconf 82' lang='lat' dir='ltr'><strong>Deum</strong></span> <span class='ocrx_word' id='word_1_666' title='bbox 1489 4486 1673 4527; x_wconf 81' lang='lat' dir='ltr'><strong>verum</strong></span> <span class='ocrx_word' id='word_1_667' title='bbox 1696 4471 1764 4528; x_wconf 90' lang='lat' dir='ltr'><strong>de</strong></span> <span class='ocrx_word' id='word_1_668' title='bbox 1784 4470 1894 4529; x_wconf 87' lang='lat' dir='ltr'><strong>Deo</strong></span> <span class='ocrx_word' id='word_1_669' title='bbox 1916 4487 2047 4528; x_wconf 87' lang='lat' dir='ltr'><strong>vero</strong></span> 
     </span>
    </p>
   </div>
   <div class='ocr_carea' id='block_1_92' title="bbox 491 4550 2045 4634">
    <p class='ocr_par' dir='ltr' id='par_1_92' title="bbox 491 4550 2045 4634">
     <span class='ocr_line' id='line_1_92' title="bbox 491 4550 2045 4634; baseline 0.012 -32"><span class='ocrx_word' id='word_1_670' title='bbox 491 4550 815 4607; x_wconf 62' lang='lat' dir='ltr'><strong>intellexerit</strong></span> <span class='ocrx_word' id='word_1_671' title='bbox 867 4552 925 4609; x_wconf 90' lang='lat' dir='ltr'><strong>S.</strong></span> <span class='ocrx_word' id='word_1_672' title='bbox 997 4557 1267 4615; x_wconf 86' lang='lat' dir='ltr'><strong>Clemens.</strong></span> <span class='ocrx_word' id='word_1_673' title='bbox 1316 4562 1420 4627; x_wconf 91' lang='lat' dir='ltr'><strong>Qui</strong></span> <span class='ocrx_word' id='word_1_674' title='bbox 1478 4562 1696 4633; x_wconf 89' lang='lat' dir='ltr'><strong>quidem</strong></span> <span class='ocrx_word' id='word_1_675' title='bbox 1757 4563 2045 4634; x_wconf 86' lang='lat' dir='ltr'><strong>passiones</strong></span> 
     </span>
    </p>
   </div>
   <div class='ocr_carea' id='block_1_93' title="bbox 495 4638 2043 4726">
    <p class='ocr_par' dir='ltr' id='par_1_93' title="bbox 495 4638 2043 4726">
     <span class='ocr_line' id='line_1_93' title="bbox 495 4638 2043 4726; baseline 0.01 -31"><span class='ocrx_word' id='word_1_676' title='bbox 495 4638 691 4696; x_wconf 77' lang='lat' dir='ltr'><strong>Christi</strong></span> <span class='ocrx_word' id='word_1_677' title='bbox 720 4645 994 4710; x_wconf 80' lang='lat' dir='ltr'><strong>passiones</strong></span> <span class='ocrx_word' id='word_1_678' title='bbox 1045 4647 1137 4702; x_wconf 93' lang='lat' dir='ltr'><strong>Dei</strong></span> <span class='ocrx_word' id='word_1_679' title='bbox 1168 4653 1422 4721; x_wconf 87' lang='lat' dir='ltr'><strong>appellat,</strong></span> <span class='ocrx_word' id='word_1_680' title='bbox 1465 4654 1545 4709; x_wconf 88' lang='lat' dir='ltr'><strong>sic</strong></span> <span class='ocrx_word' id='word_1_681' title='bbox 1580 4670 1774 4725; x_wconf 91' lang='lat' dir='ltr'><strong>nempe</strong></span> <span class='ocrx_word' id='word_1_682' title='bbox 1819 4655 1889 4711; x_wconf 87' lang='lat' dir='ltr'><strong>ab</strong></span> <span class='ocrx_word' id='word_1_683' title='bbox 1914 4668 2043 4726; x_wconf 55' lang='lat' dir='ltr'><strong>apo.</strong></span> 
     </span>
    </p>
   </div>
   <div class='ocr_carea' id='block_1_94' title="bbox 487 4733 2042 4819">
    <p class='ocr_par' dir='ltr' id='par_1_94' title="bbox 487 4733 2042 4819">
     <span class='ocr_line' id='line_1_94' title="bbox 487 4733 2042 4819; baseline 0.009 -32"><span class='ocrx_word' id='word_1_684' title='bbox 487 4734 628 4787; x_wconf 86' lang='lat' dir='ltr'><strong>stole</strong></span> <span class='ocrx_word' id='word_1_685' title='bbox 680 4733 850 4790; x_wconf 87' lang='lat' dir='ltr'><strong>Paulo</strong></span> <span class='ocrx_word' id='word_1_686' title='bbox 905 4737 1206 4804; x_wconf 90' lang='lat' dir='ltr'><strong>institutus,</strong></span> <span class='ocrx_word' id='word_1_687' title='bbox 1256 4743 1414 4814; x_wconf 87' lang='lat' dir='ltr'><strong>cujus</strong></span> <span class='ocrx_word' id='word_1_688' title='bbox 1469 4752 1586 4800; x_wconf 90' lang='lat' dir='ltr'><strong>erat</strong></span> <span class='ocrx_word' id='word_1_689' title='bbox 1616 4747 1910 4819; x_wconf 82' lang='grc' dir='ltr'>συνεργός;</span> <span class='ocrx_word' id='word_1_690' title='bbox 1946 4747 2042 4817; x_wconf 88' lang='lat' dir='ltr'><strong>qui</strong></span> 
     </span>
    </p>
   </div>
   <div class='ocr_carea' id='block_1_95' title="bbox 485 4823 2039 4910">
    <p class='ocr_par' dir='ltr' id='par_1_95' title="bbox 485 4823 2039 4910">
     <span class='ocr_line' id='line_1_95' title="bbox 485 4823 2039 4910; baseline 0.01 -32"><span class='ocrx_word' id='word_1_691' title='bbox 485 4823 675 4879; x_wconf 87' lang='lat' dir='ltr'><strong>eodem</strong></span> <span class='ocrx_word' id='word_1_692' title='bbox 711 4827 870 4896; x_wconf 89' lang='lat' dir='ltr'><strong>plane</strong></span> <span class='ocrx_word' id='word_1_693' title='bbox 906 4843 1072 4886; x_wconf 89' lang='lat' dir='ltr'><strong>sensu</strong></span> <span class='ocrx_word' id='word_1_694' title='bbox 1106 4832 1305 4888; x_wconf 89' lang='lat' dir='ltr'><strong>Christi</strong></span> <span class='ocrx_word' id='word_1_695' title='bbox 1355 4835 1649 4891; x_wconf 84' lang='lat' dir='ltr'><strong>Ecclesiam</strong></span> <span class='ocrx_word' id='word_1_696' title='bbox 1696 4839 2039 4910; x_wconf 78' lang='lat' dir='ltr'><strong>appellavit“</strong></span> 
     </span>
    </p>
   </div>
   <div class='ocr_carea' id='block_1_96' title="bbox 459 4913 2036 5000">
    <p class='ocr_par' dir='ltr' id='par_1_96' title="bbox 459 4913 2036 5000">
     <span class='ocr_line' id='line_1_96' title="bbox 459 4913 2036 5000; baseline 0.008 -27"><span class='ocrx_word' id='word_1_697' title='bbox 459 4913 936 4992; x_wconf 64' lang='grc' dir='ltr'><strong>ὶτὴνἘκκλησίαν,</strong></span> <span class='ocrx_word' id='word_1_698' title='bbox 954 4922 1048 4976; x_wconf 82' lang='grc' dir='ltr'>τοῦ</span> <span class='ocrx_word' id='word_1_699' title='bbox 1076 4923 1210 4977; x_wconf 80' lang='grc' dir='ltr'>Θεοῦ</span> <span class='ocrx_word' id='word_1_700' title='bbox 1241 4928 1305 4997; x_wconf 74' lang='grc' dir='ltr'>ἢν</span> <span class='ocrx_word' id='word_1_701' title='bbox 1333 4931 1751 5000; x_wconf 82' lang='grc' dir='ltr'>περιεποιήσατο</span> <span class='ocrx_word' id='word_1_702' title='bbox 1800 4929 1888 4984; x_wconf 81' lang='grc' dir='ltr'><strong>διὰ</strong></span> <span class='ocrx_word' id='word_1_703' title='bbox 1940 4930 2036 4984; x_wconf 80' lang='grc' dir='ltr'>τοῦ</span> 
     </span>
    </p>
   </div>
   <div class='ocr_carea' id='block_1_97' title="bbox 487 5008 2041 5092">
    <p class='ocr_par' dir='ltr' id='par_1_97' title="bbox 487 5008 2041 5092">
     <span class='ocr_line' id='line_1_97' title="bbox 487 5008 2041 5092; baseline 0.008 -29"><span class='ocrx_word' id='word_1_704' title='bbox 487 5008 617 5064; x_wconf 66' lang='lat' dir='ltr'><strong>istos</strong></span> <span class='ocrx_word' id='word_1_705' title='bbox 660 5011 917 5083; x_wconf 81' lang='grc' dir='ltr'>αἵματος,</span> <span class='ocrx_word' id='word_1_706' title='bbox 958 5029 978 5065; x_wconf 77' lang='lat' dir='ltr'><strong>t</strong></span> <span class='ocrx_word' id='word_1_707' title='bbox 1034 5014 1331 5071; x_wconf 79' lang='lat' dir='ltr'><strong>Ecclesium</strong></span> <span class='ocrx_word' id='word_1_708' title='bbox 1400 5017 1492 5073; x_wconf 90' lang='lat' dir='ltr'><strong>Dei</strong></span> <span class='ocrx_word' id='word_1_709' title='bbox 1544 5032 1707 5090; x_wconf 88' lang='lat' dir='ltr'><strong>quam</strong></span> <span class='ocrx_word' id='word_1_710' title='bbox 1750 5021 2041 5092; x_wconf 83' lang='lat' dir='ltr'><strong>acquisivit</strong></span> 
     </span>
    </p>
   </div>
   <div class='ocr_carea' id='block_1_98' title="bbox 624 5218 2113 5290">
    <p class='ocr_par' dir='ltr' id='par_1_98' title="bbox 624 5218 2113 5290">
     <span class='ocr_line' id='line_1_98' title="bbox 624 5218 2113 5290; baseline 0.007 -17"><span class='ocrx_word' id='word_1_711' title='bbox 624 5218 848 5277; x_wconf 76' lang='lat' dir='ltr'><strong>“Rom.</strong></span> <span class='ocrx_word' id='word_1_712' title='bbox 879 5236 916 5285; x_wconf 84' lang='grc' dir='ltr'><strong>ι,</strong></span> <span class='ocrx_word' id='word_1_713' title='bbox 944 5221 1045 5278; x_wconf 55' lang='lat'><strong>83&#39;</strong></span> <span class='ocrx_word' id='word_1_714' title='bbox 1076 5221 1230 5278; x_wconf 79' lang='lat' dir='ltr'><strong>Rom.</strong></span> <span class='ocrx_word' id='word_1_715' title='bbox 1262 5237 1318 5288; x_wconf 77' lang='grc' dir='ltr'>ι,</span> <span class='ocrx_word' id='word_1_716' title='bbox 1349 5221 1431 5278; x_wconf 86' lang='grc'><strong>18.</strong></span> <span class='ocrx_word' id='word_1_717' title='bbox 1506 5222 1551 5257; x_wconf 80' lang='grc'><strong>³⁸</strong></span> <span class='ocrx_word' id='word_1_718' title='bbox 1577 5220 1735 5280; x_wconf 79' lang='lat' dir='ltr'><strong>Rom.</strong></span> <span class='ocrx_word' id='word_1_719' title='bbox 1766 5237 1880 5289; x_wconf 76' lang='lat' dir='ltr'><strong>xvt,</strong></span> <span class='ocrx_word' id='word_1_720' title='bbox 1908 5222 2113 5290; x_wconf 58' lang='lat'><strong>25,96.</strong></span> 
     </span>
    </p>
   </div>
   <div class='ocr_carea' id='block_1_99' title="bbox 549 5286 1099 5357">
    <p class='ocr_par' dir='ltr' id='par_1_99' title="bbox 549 5286 1099 5357">
     <span class='ocr_line' id='line_1_99' title="bbox 549 5286 1099 5357; baseline 0.011 -13"><span class='ocrx_word' id='word_1_721' title='bbox 549 5286 642 5347; x_wconf 79' lang='lat'><strong>28.</strong></span> <span class='ocrx_word' id='word_1_722' title='bbox 710 5293 757 5321; x_wconf 78' lang='lat'>“</span> <span class='ocrx_word' id='word_1_723' title='bbox 780 5291 898 5349; x_wconf 88' lang='lat' dir='ltr'><strong>Gal.</strong></span> <span class='ocrx_word' id='word_1_724' title='bbox 937 5309 1018 5357; x_wconf 84' lang='grc' dir='ltr'>ιιι.</span> <span class='ocrx_word' id='word_1_725' title='bbox 1048 5294 1099 5350; x_wconf 94' lang='grc'><strong>1.</strong></span> 
     </span>
    </p>
   </div>
   <div class='ocr_carea' id='block_1_100' title="bbox 577 5446 1170 5521">
    <p class='ocr_par' dir='ltr' id='par_1_100' title="bbox 577 5446 1170 5521">
     <span class='ocr_line' id='line_1_100' title="bbox 577 5446 1170 5521; baseline 0.017 -25"><span class='ocrx_word' id='word_1_726' title='bbox 577 5446 667 5521; x_wconf 58' lang='lat' dir='ltr'><strong>se)</strong></span> <span class='ocrx_word' id='word_1_727' title='bbox 689 5446 868 5521; x_wconf 57' lang='lat' dir='ltr'><strong>Epist.</strong></span> <span class='ocrx_word' id='word_1_728' title='bbox 891 5449 934 5515; x_wconf 88' lang='grc'>1,</span> <span class='ocrx_word' id='word_1_729' title='bbox 965 5464 1088 5521; x_wconf 87' lang='lat' dir='ltr'><strong>cap.</strong></span> <span class='ocrx_word' id='word_1_730' title='bbox 1118 5451 1170 5506; x_wconf 83' lang='lat'><strong>5.</strong></span> 
     </span>
    </p>
   </div>
   <div class='ocr_carea' id='block_1_101' title="bbox 577 5515 1622 5593">
    <p class='ocr_par' dir='ltr' id='par_1_101' title="bbox 577 5515 1622 5593">
     <span class='ocr_line' id='line_1_101' title="bbox 577 5515 1622 5593; baseline 0.003 -23"><span class='ocrx_word' id='word_1_731' title='bbox 577 5515 665 5593; x_wconf 59' lang='lat' dir='ltr'><strong>(iii)</strong></span> <span class='ocrx_word' id='word_1_732' title='bbox 689 5515 935 5593; x_wconf 43' lang='lat' dir='ltr'><strong>lienem?</strong></span> <span class='ocrx_word' id='word_1_733' title='bbox 968 5515 1165 5591; x_wconf 78' lang='lat' dir='ltr'><strong>EpisL,</strong></span> <span class='ocrx_word' id='word_1_734' title='bbox 1199 5520 1263 5581; x_wconf 90' lang='lat' dir='ltr'><strong>ll,</strong></span> <span class='ocrx_word' id='word_1_735' title='bbox 1295 5521 1323 5593; x_wconf 63' lang='grc' dir='ltr'>ᾗ</span> <span class='ocrx_word' id='word_1_736' title='bbox 1349 5522 1439 5589; x_wconf 64' lang='lat'><strong>£0,</strong></span> <span class='ocrx_word' id='word_1_737' title='bbox 1473 5537 1526 5592; x_wconf 93' lang='lat' dir='ltr'><strong>p.</strong></span> <span class='ocrx_word' id='word_1_738' title='bbox 1554 5520 1622 5574; x_wconf 84' lang='grc'><strong>’17</strong></span> 
     </span>
    </p>
   </div>
   <div class='ocr_carea' id='block_1_102' title="bbox 578 5586 1238 5660">
    <p class='ocr_par' dir='ltr' id='par_1_102' title="bbox 578 5586 1238 5660">
     <span class='ocr_line' id='line_1_102' title="bbox 578 5586 1238 5660; baseline 0.018 -26"><span class='ocrx_word' id='word_1_739' title='bbox 694 5586 864 5660; x_wconf 73' lang='lat' dir='ltr'><strong>Epist.</strong></span> <span class='ocrx_word' id='word_1_740' title='bbox 890 5588 951 5660; x_wconf 92' lang='lat' dir='ltr'><strong>l_|,</strong></span> <span class='ocrx_word' id='word_1_741' title='bbox 974 5586 1095 5660; x_wconf 75' lang='lat' dir='ltr'><strong>cap.</strong></span> <span class='ocrx_word' id='word_1_742' title='bbox 1129 5593 1238 5646; x_wconf 74' lang='grc'><strong>1-5.</strong></span> 
     </span>
    </p>
   </div>
   <div class='ocr_carea' id='block_1_103' title="bbox 576 5656 1190 5730">
    <p class='ocr_par' dir='ltr' id='par_1_103' title="bbox 576 5656 1190 5730">
     <span class='ocr_line' id='line_1_103' title="bbox 576 5656 1190 5730; baseline 0.01 -21"><span class='ocrx_word' id='word_1_743' title='bbox 576 5656 668 5729; x_wconf 73' lang='grc'><strong>65)</strong></span> <span class='ocrx_word' id='word_1_744' title='bbox 703 5657 871 5729; x_wconf 85' lang='lat' dir='ltr'><strong>Epist.</strong></span> <span class='ocrx_word' id='word_1_745' title='bbox 899 5658 940 5723; x_wconf 93' lang='grc'>1,</span> <span class='ocrx_word' id='word_1_746' title='bbox 974 5656 1094 5730; x_wconf 81' lang='lat' dir='ltr'><strong>cap.</strong></span> <span class='ocrx_word' id='word_1_747' title='bbox 1137 5661 1190 5715; x_wconf 74' lang='grc'><strong>2.</strong></span> 
     </span>
    </p>
   </div>
   <div class='ocr_carea' id='block_1_104' title="bbox 2141 4462 3703 4537">
    <p class='ocr_par' dir='ltr' id='par_1_104' title="bbox 2141 4462 3703 4537">
     <span class='ocr_line' id='line_1_104' title="bbox 2141 4462 3703 4537; baseline -0.001 -16"><span class='ocrx_word' id='word_1_748' title='bbox 2141 4466 2500 4537; x_wconf 88' lang='lat' dir='ltr'><strong>ubjectionem</strong></span> <span class='ocrx_word' id='word_1_749' title='bbox 2530 4463 2790 4519; x_wconf 90' lang='lat' dir='ltr'><strong>diluerem</strong></span> <span class='ocrx_word' id='word_1_750' title='bbox 2817 4479 2832 4517; x_wconf 89' lang='lat'><strong>:</strong></span> <span class='ocrx_word' id='word_1_751' title='bbox 2863 4465 2955 4534; x_wconf 88' lang='lat' dir='ltr'><strong>qui</strong></span> <span class='ocrx_word' id='word_1_752' title='bbox 2987 4462 3227 4518; x_wconf 84' lang='lat' dir='ltr'><strong>virorum</strong></span> <span class='ocrx_word' id='word_1_753' title='bbox 3258 4465 3703 4520; x_wconf 91' lang='lat' dir='ltr'><strong>doctissimorum</strong></span> 
     </span>
    </p>
   </div>
   <div class='ocr_carea' id='block_1_105' title="bbox 2140 4554 3701 4626">
    <p class='ocr_par' dir='ltr' id='par_1_105' title="bbox 2140 4554 3701 4626">
     <span class='ocr_line' id='line_1_105' title="bbox 2140 4554 3701 4626; baseline -0.001 -13"><span class='ocrx_word' id='word_1_754' title='bbox 2140 4559 2197 4613; x_wconf 92' lang='lat' dir='ltr'><strong>in</strong></span> <span class='ocrx_word' id='word_1_755' title='bbox 2230 4559 2374 4613; x_wconf 91' lang='lat' dir='ltr'><strong>hunc</strong></span> <span class='ocrx_word' id='word_1_756' title='bbox 2428 4556 2605 4612; x_wconf 88' lang='lat' dir='ltr'><strong>locum</strong></span> <span class='ocrx_word' id='word_1_757' title='bbox 2654 4554 2912 4610; x_wconf 87' lang='lat' dir='ltr'><strong>adnotata</strong></span> <span class='ocrx_word' id='word_1_758' title='bbox 2955 4557 3230 4626; x_wconf 74' lang='lat' dir='ltr'><strong>praeterire</strong></span> <span class='ocrx_word' id='word_1_759' title='bbox 3284 4557 3493 4619; x_wconf 90' lang='lat' dir='ltr'><strong>maluit,</strong></span> <span class='ocrx_word' id='word_1_760' title='bbox 3538 4572 3701 4626; x_wconf 89' lang='lat' dir='ltr'><strong>quam</strong></span> 
     </span>
    </p>
   </div>
   <div class='ocr_carea' id='block_1_106' title="bbox 2139 4647 3703 4721">
    <p class='ocr_par' dir='ltr' id='par_1_106' title="bbox 2139 4647 3703 4721">
     <span class='ocr_line' id='line_1_106' title="bbox 2139 4647 3703 4721; baseline -0.002 -14"><span class='ocrx_word' id='word_1_761' title='bbox 2139 4650 2319 4708; x_wconf 88' lang='lat' dir='ltr'><strong>Photii</strong></span> <span class='ocrx_word' id='word_1_762' title='bbox 2343 4651 2607 4721; x_wconf 88' lang='lat' dir='ltr'><strong>judicium</strong></span> <span class='ocrx_word' id='word_1_763' title='bbox 2640 4649 2825 4706; x_wconf 88' lang='lat' dir='ltr'><strong>minus</strong></span> <span class='ocrx_word' id='word_1_764' title='bbox 2847 4657 3007 4705; x_wconf 90' lang='lat' dir='ltr'><strong>caute</strong></span> <span class='ocrx_word' id='word_1_765' title='bbox 3036 4650 3301 4719; x_wconf 91' lang='lat' dir='ltr'><strong>prolatum</strong></span> <span class='ocrx_word' id='word_1_766' title='bbox 3332 4647 3579 4704; x_wconf 89' lang='lat' dir='ltr'><strong>deserere</strong></span> <span class='ocrx_word' id='word_1_767' title='bbox 3607 4658 3703 4704; x_wconf 87' lang='lat' dir='ltr'><strong>aut</strong></span> 
     </span>
    </p>
   </div>
   <div class='ocr_carea' id='block_1_107' title="bbox 2138 4740 3701 4815">
    <p class='ocr_par' dir='ltr' id='par_1_107' title="bbox 2138 4740 3701 4815">
     <span class='ocr_line' id='line_1_107' title="bbox 2138 4740 3701 4815; baseline -0.003 -14"><span class='ocrx_word' id='word_1_768' title='bbox 2138 4744 2427 4815; x_wconf 85' lang='lat' dir='ltr'><strong>benignius</strong></span> <span class='ocrx_word' id='word_1_769' title='bbox 2473 4743 2756 4813; x_wconf 87' lang='lat' dir='ltr'><strong>accipere;</strong></span> <span class='ocrx_word' id='word_1_770' title='bbox 2798 4755 2865 4797; x_wconf 90' lang='lat' dir='ltr'><strong>eo</strong></span> <span class='ocrx_word' id='word_1_771' title='bbox 2903 4742 3112 4797; x_wconf 90' lang='lat' dir='ltr'><strong>scilicet</strong></span> <span class='ocrx_word' id='word_1_772' title='bbox 3160 4740 3396 4803; x_wconf 91' lang='lat' dir='ltr'><strong>nomine,</strong></span> <span class='ocrx_word' id='word_1_773' title='bbox 3422 4754 3531 4810; x_wconf 89' lang='lat' dir='ltr'><strong>quo</strong></span> <span class='ocrx_word' id='word_1_774' title='bbox 3560 4755 3701 4809; x_wconf 80' lang='lat' dir='ltr'><strong>prae-</strong></span> 
     </span>
    </p>
   </div>
   <div class='ocr_carea' id='block_1_108' title="bbox 2143 4836 3698 4908">
    <p class='ocr_par' dir='ltr' id='par_1_108' title="bbox 2143 4836 3698 4908">
     <span class='ocr_line' id='line_1_108' title="bbox 2143 4836 3698 4908; baseline -0.001 -17"><span class='ocrx_word' id='word_1_775' title='bbox 2143 4845 2459 4908; x_wconf 89' lang='lat' dir='ltr'><strong>conceptam</strong></span> <span class='ocrx_word' id='word_1_776' title='bbox 2490 4837 2798 4907; x_wconf 89' lang='lat' dir='ltr'><strong>opinionem</strong></span> <span class='ocrx_word' id='word_1_777' title='bbox 2837 4837 2906 4892; x_wconf 92' lang='lat' dir='ltr'><strong>de</strong></span> <span class='ocrx_word' id='word_1_778' title='bbox 2940 4836 3181 4906; x_wconf 67' lang='lat' dir='ltr'><strong>epistola:</strong></span> <span class='ocrx_word' id='word_1_779' title='bbox 3221 4836 3469 4890; x_wconf 75' lang='lat' dir='ltr'><strong>secunda:</strong></span> <span class='ocrx_word' id='word_1_780' title='bbox 3497 4852 3698 4908; x_wconf 63' lang='lat' dir='ltr'><strong>suppo.</strong></span> 
     </span>
    </p>
   </div>
   <div class='ocr_carea' id='block_1_109' title="bbox 2144 4926 3701 5005">
    <p class='ocr_par' dir='ltr' id='par_1_109' title="bbox 2144 4926 3701 5005">
     <span class='ocr_line' id='line_1_109' title="bbox 2144 4926 3701 5005; baseline 0.001 -21"><span class='ocrx_word' id='word_1_781' title='bbox 2144 4930 2343 4985; x_wconf 89' lang='lat' dir='ltr'><strong>sitione</strong></span> <span class='ocrx_word' id='word_1_782' title='bbox 2394 4928 2628 4984; x_wconf 88' lang='lat' dir='ltr'><strong>celebris</strong></span> <span class='ocrx_word' id='word_1_783' title='bbox 2663 4928 2812 4983; x_wconf 89' lang='lat' dir='ltr'><strong>illius</strong></span> <span class='ocrx_word' id='word_1_784' title='bbox 2851 4926 3027 4983; x_wconf 87' lang='lat' dir='ltr'><strong>critici</strong></span> <span class='ocrx_word' id='word_1_785' title='bbox 3066 4927 3277 5005; x_wconf 83' lang='lat' dir='ltr'><strong>calculo</strong></span> <span class='ocrx_word' id='word_1_786' title='bbox 3321 4929 3701 4998; x_wconf 68' lang='lat' dir='ltr'><strong>comprobaret</strong></span> 
     </span>
    </p>
   </div>
   <div class='ocr_carea' id='block_1_110' title="bbox 2141 5021 2618 5091">
    <p class='ocr_par' dir='ltr' id='par_1_110' title="bbox 2141 5021 2618 5091">
     <span class='ocr_line' id='line_1_110' title="bbox 2141 5021 2618 5091; baseline 0.004 -16"><span class='ocrx_word' id='word_1_787' title='bbox 2141 5021 2618 5091; x_wconf 83' lang='lat' dir='ltr'><strong>cunilrmaretque.</strong></span> 
     </span>
    </p>
   </div>
   <div class='ocr_carea' id='block_1_111' title="bbox 2187 5218 3696 5291">
    <p class='ocr_par' dir='ltr' id='par_1_111' title="bbox 2187 5218 3696 5291">
     <span class='ocr_line' id='line_1_111' title="bbox 2187 5218 3696 5291; baseline -0.004 -11"><span class='ocrx_word' id='word_1_788' title='bbox 2187 5225 2231 5258; x_wconf 83' lang='grc'><strong><em>³⁹</em></strong></span> <span class='ocrx_word' id='word_1_789' title='bbox 2254 5224 2465 5281; x_wconf 88' lang='lat' dir='ltr'><strong>Coloss.</strong></span> <span class='ocrx_word' id='word_1_790' title='bbox 2492 5238 2534 5287; x_wconf 82' lang='grc' dir='ltr'><strong>ι,</strong></span> <span class='ocrx_word' id='word_1_791' title='bbox 2557 5221 2611 5287; x_wconf 86' lang='grc'><strong>6,</strong></span> <span class='ocrx_word' id='word_1_792' title='bbox 2633 5221 2725 5279; x_wconf 75' lang='lat'><strong>25.</strong></span> <span class='ocrx_word' id='word_1_793' title='bbox 2799 5222 2846 5254; x_wconf 76' lang='lat'>“</span> <span class='ocrx_word' id='word_1_794' title='bbox 2875 5218 3060 5277; x_wconf 83' lang='lat' dir='ltr'><strong>l’l‘im.</strong></span> <span class='ocrx_word' id='word_1_795' title='bbox 3094 5234 3175 5285; x_wconf 84' lang='grc' dir='ltr'>ιιι,</span> <span class='ocrx_word' id='word_1_796' title='bbox 3205 5218 3293 5275; x_wconf 86' lang='grc'><strong>16.</strong></span> <span class='ocrx_word' id='word_1_797' title='bbox 3370 5220 3410 5252; x_wconf 71' lang='grc'><strong>⁵¹</strong></span> <span class='ocrx_word' id='word_1_798' title='bbox 3444 5219 3566 5277; x_wconf 76' lang='lat' dir='ltr'><strong>Act.</strong></span> <span class='ocrx_word' id='word_1_799' title='bbox 3600 5237 3696 5291; x_wconf 82' lang='lat' dir='ltr'><strong>xx,</strong></span> 
     </span>
    </p>
   </div>
   <div class='ocr_carea' id='block_1_112' title="bbox 2222 5442 3685 5520">
    <p class='ocr_par' dir='ltr' id='par_1_112' title="bbox 2222 5442 3685 5520">
     <span class='ocr_line' id='line_1_112' title="bbox 2222 5442 3685 5520; baseline -0.002 -16"><span class='ocrx_word' id='word_1_800' title='bbox 2222 5448 2590 5520; x_wconf 13' lang='lat' dir='ltr'><strong>(66)7Divinit.</strong></span> <span class='ocrx_word' id='word_1_801' title='bbox 2647 5445 2717 5501; x_wconf 81' lang='grc' dir='ltr'><strong>υ.</strong></span> <span class='ocrx_word' id='word_1_802' title='bbox 2754 5443 2827 5501; x_wconf 87' lang='grc' dir='ltr'><strong>Ν.</strong></span> <span class='ocrx_word' id='word_1_803' title='bbox 2886 5442 3038 5502; x_wconf 78' lang='lat' dir='ltr'><strong>J.-C.</strong></span> <span class='ocrx_word' id='word_1_804' title='bbox 3080 5444 3293 5514; x_wconf 79' lang='lat' dir='ltr'><strong>manif.,</strong></span> <span class='ocrx_word' id='word_1_805' title='bbox 3334 5445 3431 5499; x_wconf 88' lang='lat' dir='ltr'><strong>lib.</strong></span> <span class='ocrx_word' id='word_1_806' title='bbox 3463 5460 3534 5509; x_wconf 79' lang='lat' dir='ltr'><strong>Iv,</strong></span> <span class='ocrx_word' id='word_1_807' title='bbox 3566 5458 3685 5512; x_wconf 76' lang='lat' dir='ltr'><strong>cap.</strong></span> 
     </span>
    </p>
   </div>
   <div class='ocr_carea' id='block_1_113' title="bbox 2147 5519 3665 5655">
    <p class='ocr_par' dir='ltr' id='par_1_113' title="bbox 2147 5519 3665 5655">
     <span class='ocr_line' id='line_1_113' title="bbox 2147 5519 3665 5655; baseline -0.003 -12"><span class='ocrx_word' id='word_1_808' title='bbox 2147 5520 2200 5575; x_wconf 58' lang='grc' dir='ltr'><strong>δ’</strong></span> <span class='ocrx_word' id='word_1_809' title='bbox 2219 5519 2723 5655; x_wconf 44' lang='grc' dir='ltr'><strong>(ἓὴῗῃᾏηηοιοῑ.</strong></span> <span class='ocrx_word' id='word_1_810' title='bbox 2747 5585 2813 5641; x_wconf 90' lang='lat' dir='ltr'><strong>ad</strong></span> <span class='ocrx_word' id='word_1_811' title='bbox 2834 5585 2972 5643; x_wconf 90' lang='lat' dir='ltr'><strong>Bulli</strong></span> <span class='ocrx_word' id='word_1_812' title='bbox 2998 5584 3205 5655; x_wconf 79' lang='lat' dir='ltr'><strong>defens.</strong></span> <span class='ocrx_word' id='word_1_813' title='bbox 3230 5586 3317 5643; x_wconf 82' lang='lat' dir='ltr'><strong>ﬁd.</strong></span> <span class='ocrx_word' id='word_1_814' title='bbox 3362 5586 3504 5650; x_wconf 88' lang='lat' dir='ltr'><strong>Nic.,</strong></span> <span class='ocrx_word' id='word_1_815' title='bbox 3523 5600 3573 5654; x_wconf 75' lang='grc' dir='ltr'>ιι.</span> <span class='ocrx_word' id='word_1_816' title='bbox 3594 5582 3665 5639; x_wconf 80' lang='lat'><strong>60</strong></span> 
     </span>
    </p>
   </div>
   <div class='ocr_carea' id='block_1_114' title="bbox 2190 5654 3443 5730">
    <p class='ocr_par' dir='ltr' id='par_1_114' title="bbox 2190 5654 3443 5730">
     <span class='ocr_line' id='line_1_114' title="bbox 2190 5654 3443 5730; baseline 0.002 -23"><span class='ocrx_word' id='word_1_817' title='bbox 2190 5654 2330 5730; x_wconf 24' lang='lat'><strong>’(68)</strong></span> <span class='ocrx_word' id='word_1_818' title='bbox 2356 5656 2499 5711; x_wconf 77' lang='lat' dir='ltr'><strong>Hist.</strong></span> <span class='ocrx_word' id='word_1_819' title='bbox 2530 5657 2683 5723; x_wconf 58' lang='grc' dir='ltr'>εισι,</span> <span class='ocrx_word' id='word_1_820' title='bbox 2708 5668 2837 5710; x_wconf 89' lang='lat' dir='ltr'><strong>tum.</strong></span> <span class='ocrx_word' id='word_1_821' title='bbox 2865 5657 2903 5721; x_wconf 94' lang='lat' dir='ltr'><strong>I,</strong></span> <span class='ocrx_word' id='word_1_822' title='bbox 2923 5672 2977 5723; x_wconf 91' lang='lat' dir='ltr'><strong>p.</strong></span> <span class='ocrx_word' id='word_1_823' title='bbox 2999 5656 3126 5719; x_wconf 67' lang='grc' dir='ltr'><strong>ΞΗ,</strong></span> <span class='ocrx_word' id='word_1_824' title='bbox 3146 5654 3277 5710; x_wconf 87' lang='lat' dir='ltr'><strong>edit.</strong></span> <span class='ocrx_word' id='word_1_825' title='bbox 3305 5657 3443 5709; x_wconf 62' lang='lat' dir='ltr'><strong>in—e.</strong></span> 
     </span>
    </p>
   </div>
  </div>
