2037 3143
141 174 190 201 lilii

766 188 934 219 ΡηοοΕΜιΑ
956 192 1147 225 VARIORUM.

1716 211 1768 239 106

173 235 220 263 1x.
242 237 376 275 Superest
406 250 481 270 nunc
510 247 616 279 tempus
643 245 835 281 inquirendum
850 272 857 283 ,
882 259 936 286 quo
951 253 974 282 Λ
991 254 1206 286 persecutionem
1235 259 1398 293 scripsisset.
1418 267 1443 288 ut
1467 267 1563 289 aut-lor
1588 266 1774 295 eminentissi-

142 287 257 319 utraque
279 286 399 320 epistola
426 288 509 317 fuerit
530 290 680 320 Corinthiis
696 293 839 330 inscripta.
856 296 887 324 Et
903 298 936 326 de

144 330 233 364 priore
246 331 366 366 quidem,
384 342 484 370 magna
509 336 580 364 inter
594 338 668 366 viros
684 340 807 370 eruditos
822 347 934 371 contro-

145 376 238 403 versia.
258 376 311 405 Sed
334 380 494 409 rationibus
509 383 648 419 utrimque
663 385 753 414 allatis
767 395 817 423 pro
830 389 933 418 viribus

143 422 274 455 excussis,
289 431 388 452 eorum
405 426 515 454 demum
532 431 674 458 sententia:
698 432 779 461 uobis
805 437 934 463 acceden-

143 466 203 493 dum
218 468 422 503 existimamus,
436 472 482 507 qui
507 472 661 502 Neroniana
676 479 867 510 persecutione
882 482 930 508 de-

142 512 254 545 sinente,
270 518 417 551 stanteque
441 517 530 546 adhuc
554 522 655 556 templo
669 522 929 561 Hierosolymitano,

141 563 235 593 nempe
253 560 326 587 circa
350 569 412 589 serie
439 564 556 600 vulgaris
572 573 673 595 annum
689 568 723 596 68
738 578 796 598 eam
815 571 899 601 fuisse
914 582 929 600 a

139 602 276 632 Clemente
292 606 424 642 scriptam
441 616 616 639 censuerunt.
633 611 663 640 in
677 622 758 649 quam
774 624 841 645 sane
863 626 928 646 sen-

139 650 251 677 tentiam
271 659 326 686 pra:
341 654 449 682 caeteris
472 657 643 686 concessisse
661 661 788 690 novimus
802 663 928 691 duumvi-

138 701 182 721 ros
197 695 383 731 doctissimos,
395 698 509 735 Pagium
525 702 581 738 (69)
598 711 630 730 ac
647 712 734 740 nuper
748 713 925 742 purpuratum

138 740 246 769 Patrem
262 743 307 770 cui
323 749 463 781 acceptam
478 747 622 777 referimus
639 749 783 778 Historiam
805 755 927 782 ecclesia-

138 786 232 813 sticam
248 787 388 823 eleganter
402 790 502 820 ltalicis
521 793 619 823 litteris
640 797 765 825 traditam
783 799 848 835 (70).
866 800 926 834 Quo

136 836 226 860 autem
251 837 390 871 utcunque
412 842 502 872 pateat
517 848 598 876 quam
615 842 699 871 ﬁrmis
715 845 866 874 rationibus
883 848 924 874 in—

135 878 239 906 nitatur
262 883 398 910 sententia
423 884 589 921 hujusmodi,
607 889 743 924 praecipua
768 892 862 919 saltem
889 901 920 920 ex

136 924 194 958 ipsa
217 925 341 961 Epistola
365 935 525 965 argumenta
541 934 637 968 paucis
652 936 857 965 contrahamus.
878 938 922 967 Sic
940 935 961 961 Β

134 969 226 1004 itaque
249 972 347 1000 scribit
371 973 500 1004 Clemens
526 979 577 1005 sub
591 978 699 1007 initium
715 980 772 1016 (71)
788 991 794 1009 :
811 982 922 1018 Propter

132 1016 234 1044 subitas
249 1026 280 1045 ac
291 1019 342 1046 sibi
356 1020 465 1048 invicem
480 1024 643 1052 succedentes
656 1027 820 1055 calamitates
834 1034 858 1056 et
873 1038 921 1057 ca-

132 1070 176 1089 lls
189 1062 315 1091 adversos
338 1066 383 1101 qui
408 1067 482 1094 nobis
502 1069 663 1102 acciderunt,
681 1071 793 1105 tardius,
811 1073 920 1107 fratres,

132 1110 304 1144 nosmetipsos
328 1113 486 1141 convertisse
501 1117 671 1151 agnoscimus
686 1118 720 1145 ad
733 1127 764 1146 ea
777 1128 835 1155 qua:
847 1129 862 1147 a
876 1130 921 1148 vo-

132 1154 169 1181 bis
184 1157 296 1190 quesita
312 1157 429 1192 fuerunt.
448 1159 552 1193 Quibus
567 1162 667 1196 verbis,
682 1164 798 1198 primum
811 1167 919 1201 quidem

131 1202 346 1234 persecutionem
364 1212 425 1239 qua:
439 1206 494 1240 jam
507 1206 684 1240 deferbuerit,
698 1210 740 1237 vel
754 1212 845 1246 potius
860 1221 920 1248 quae

130 1254 216 1282 nuper
231 1248 355 1283 desierit,
372 1251 529 1286 designari;
545 1254 643 1282 deinde
659 1264 724 1284 vero
737 1258 779 1285 vel
804 1258 919 1288 Neronis

130 1293 170 1320 vel
183 1292 330 1322 Domitiani
346 1298 563 1331 persecutionem
588 1300 632 1326 hic
657 1301 753 1335 innui,
770 1311 850 1331 nemo
878 1309 919 1332 est

129 1343 194 1364 sane
219 1338 267 1373 qui
293 1347 348 1366 non
370 1342 528 1377 perspiciat.
548 1343 656 1377 Verum,
674 1355 735 1382 quae
754 1349 835 1383 paulo
857 1355 918 1385 post

129 1381 220 1408 subdit
236 1382 373 1418 Clemens,
396 1385 578 1416 Neronianam
596 1381 701 1419 scilicet
723 1393 843 1422 indicare
856 1403 917 1430 per-

129 1425 267 1456 bibentur.
293 1428 331 1456 De
356 1431 441 1460 beatis
456 1434 527 1460 enim
543 1437 674 1469 apostolis
687 1437 767 1466 Petro
778 1443 805 1467 ct
820 1425 915 1474 Paulo,

127 1479 176 1499 ceu
200 1481 257 1501 non
282 1474 319 1501 ita
344 1476 450 1511 pridem
475 1481 606 1515 martyrio
627 1487 834 1518 consummatis,
859 1488 916 1516 haec

127 1516 206 1546 habet
220 1519 278 1555 (72)
292 1530 299 1548 :
317 1521 457 1559 Ἔλθωμεν
471 1525 517 1552 ἐπὶ
530 1528 592 1558 τοὺς
612 1528 735 1563 ἔγγιστα
756 1516 915 1568 γενομένους

125 1566 263 1602 ἀθλητάςι
293 1568 418 1606 λάὸωμεν
443 1573 493 1608 τῆς
518 1576 612 1608 γενεᾶς
638 1578 717 1612 ἡμῶν
744 1579 778 1606 τὰ
806 1566 915 1615 ᾖενναῖα

125 1612 322 1650 ὑποδείγματα,
334 1618 509 1654 -Λάϐωμεν
528 1620 581 1657 πρὸ
590 1622 735 1659 ὀφθαλμῶν
754 1612 832 1661 ἡμῶν
853 1629 916 1661 τοὺς
929 1621 950 1650 C

124 1658 244 1691 ἀγαθοὺς
254 1661 428 1695 ἀποστόλους,
449 1664 476 1692 h.
498 1673 523 1693 e.
547 1675 555 1691 ι
573 1658 719 1697 Veniamus
733 1658 914 1705 adnproximoc

124 1705 250 1739 athletas,
265 1711 292 1735 et
308 1710 401 1736 saeculi
419 1711 506 1738 nostri
528 1721 660 1748 generosa
681 1718 803 1752 exempla
821 1727 914 1748 suma-

126 1758 195 1779 mus.
209 1767 247 1773 —
261 1752 401 1783 Ponamus
412 1757 491 1784 nobis
504 1762 568 1786 ante
581 1761 677 1789 oculos
693 1762 780 1792 bonos
793 1765 912 1800 Aposto-

125 1796 173 1824 los.
190 1808 199 1824 ι
217 1797 268 1825 Ubi
287 1800 371 1834 probe
385 1803 505 1830 notanda
521 1812 583 1832 cum
610 1805 748 1835 Dodwello
763 1796 824 1845 (75)
837 1812 912 1840 aliis-

123 1850 185 1876 que,
201 1843 351 1874 Clementis
366 1848 459 1881 verba,
474 1850 573 1884 quibus
586 1852 705 1887 gloriosa
719 1843 827 1884 Petriet
834 1857 912 1886 Pauli

122 1891 272 1917 certamina
302 1892 481 1927 describens,
512 1896 573 1924 illos
609 1898 721 1933 ἐγγιὶττα
753 1904 912 1938 γενομένους

122 1934 251 1970 ἀθλητάς,
277 1938 442 1971 nuperrimos
473 1941 611 1974 athletam.
626 1934 910 1984 appellal,rseu‘quatn

120 1980 240 2011 proxime
261 1981 389 2010 sublatos
404 1991 420 2011 e
435 1984 525 2012 medio
540 1985 624 2015 fuisse
639 1993 765 2024 testatur,
781 1980 862 2028 atque
876 1997 909 2031 τῇ

120 2027 198 2062 τενεᾷ
213 2027 305 2062 ἡμῶν,
327 2028 376 2055 hac
400 2036 491 2058 nostra
520 2038 597 2061 (etate
624 2034 758 2065 ﬂoruisse.
780 2027 909 2069 Eamdeni

120 2079 201 2105 porro
216 2074 436 2107 persecutionem
452 2078 538 2113 magis
556 2079 645 2108 adhuc
662 2082 800 2112 inculcare
815 2086 909 2114 viden-

119 2121 172 2149 tur,
189 2127 254 2153 qua:
270 2120 363 2153 paucis
378 2121 527 2156 interiectis
542 2133 691 2155 occurrunt
706 2129 762 2165 (74)
780 2141 785 2157 :
799 2131 909 2165 Τούτοις

118 2165 173 2195 τοῖς
203 2164 335 2201 ἀνδράσιν
362 2167 443 2199 ὁσίως
464 2169 698 2207 πολιτευσαμένοις
728 2164 907 2214 ωνηθροίσοή

119 2209 184 2236 πολὺ
215 2210 319 2246 πλῆθος
354 2212 496 2241 ἐκλεκτῶν.
529 2225 538 2241 ε
566 2215 637 2245 Viris
662 2219 724 2248 istis
751 2209 906 2257 qui-vitam

119 2260 213 2284 sancte
227 2257 414 2292 instituerunt,
430 2268 527 2296 magna
539 2263 687 2292 electorum
703 2267 848 2296 multitudo
859 2278 907 2306 ag-

119 2305 229 2336 gregata
254 2307 307 2330 est.
324 2313 334 2329 ›
353 2304 404 2332 Ubi
425 2306 518 2335 videas
542 2310 688 2344 neminem,
704 2312 728 2340 si
746 2313 857 2342 Petrum
873 2304 905 2345 ac

120 2344 234 2374 Paulum
250 2349 382 2384 excipias,
394 2358 409 2377 a
425 2351 563 2381 Clemente
579 2355 695 2390 laudari,
710 2366 765 2386 non
780 2359 903 2389 Flavium

120 2391 298 2427 Clementem,
310 2403 364 2423 non
380 2396 497 2425 Acilium
513 2399 697 2435 Glabrionem,
713 2412 767 2432 non
784 2405 904 2435 Flaviam

121 2437 296 2473 Domitillam,
312 2442 416 2469 nullum
430 2443 547 2480 denique
569 2450 609 2474 tot
632 2449 779 2478 illustrium
804 2458 905 2490 marty-

119 2491 177 2511 rum
189 2486 237 2520 qui
251 2487 303 2514 sub
313 2487 468 2517 Domitiano
476 2492 549 2525 passi
561 2498 641 2527 sunt;
656 2503 771 2530 quorum
787 2486 903 2534 aliquem

117 2531 216 2558 saltem
240 2540 421 2563 memorasset
435 2535 463 2563 S.
480 2537 569 2572 Pater,
585 2540 608 2567 si
631 2546 692 2576 post
707 2542 903 2574 Domitianeam

151 2631 176 2647 ⁸³
189 2632 274 2661 Hebr.
288 2641 326 2667 ix,
343 2634 389 2663 25.

232 2725 298 2767 ξ’θεὶ
312 2726 430 2767 Crit.,ad
442 2730 566 2767 annL'iS,
582 2732 596 2767 ᾗ
613 2733 638 2760 5.

149 2760 304 2809 (702,031,
321 2762 401 2809 [ἕρπ’.
419 2765 480 2791 sccl.
498 2765 545 2793 lib.
561 2760 624 2803 ὴιῖς
644 2769 687 2799 35.
715 2774 734 2798 t.
753 2771 772 2803 l,
798 2775 901 2809 p.411,

114 2795 181 2823 edit.
199 2795 280 2823 Rom.
296 2797 379 2825 iii-8'.

149 2831 209 2870 (ῃ)
232 2831 321 2870 Epist.
336 2833 346 2859 l
366 2833 400 2860 ad
414 2834 475 2861 Cor.
492 2842 551 2870 cap.
567 2837 592 2865 1.

149 2866 210 2903 (7‘2)
231 2866 316 2898 Ibid.,
332 2876 392 2903 cap.
408 2870 425 2897 5

149 2902 209 2937 (75)
229 2903 324 2929 Addit.
340 2902 374 2929 ad
387 2904 564 2943 Pears.0pp.,
581 2917 641 2945 post
656 2920 681 2947 p.
699 2914 751 2940 219

261 2951 396 2982 Parum"
416 2954 475 2984 Gn.
524 2957 548 2986 l.

988 306 1048 326 inus
1062 301 1162 334 optime
1177 305 1267 338 arguit
1279 305 1344 341 (75).
1359 308 1428 339 Quid
1439 310 1509 343 quod
1527 310 1704 339 Clementinis
1727 321 1774 348 pe—

987 353 1020 372 ne
1034 353 1153 374 consona
1173 349 1206 376 dc
1222 350 1337 379 Neronis
1352 355 1543 387 persecutione
1559 356 1703 391 scripsisse
1718 359 1772 386 Ta‘

984 390 1056 418 citus
1071 395 1324 430 comperiturt'tti)?
1338 398 1481 426 Videbatur
1498 400 1579 434 Nero,
1597 390 1695 437 inquit,
1711 413 1774 433 con-

983 436 1074 464 dendw
1089 439 1161 466 urbis
1178 449 1260 473 nocte,
1280 448 1304 469 et
1329 451 1497 479 cognomento
1523 457 1570 474 suo
1598 450 1771 484 appellandtr,

981 482 1093 515 gloriam
1106 493 1232 519 quterere.
1242 504 1275 508 —
1290 488 1340 516 Sed
1356 500 1407 518 non
1422 501 1468 527 ope
1482 493 1606 527 ltumana,
1623 505 1673 523 non
1691 497 1772 533 largi-

982 528 1095 556 tionibus
1108 532 1246 567 principis,
1262 540 1309 562 aut
1333 536 1410 564 deum
1434 539 1606 573 placamentis
1631 543 1770 571 decedebat

980 573 1102 608 infamia,
1128 579 1190 612 quin
1210 580 1317 614 jussum
1341 584 1488 612 incendium
1514 587 1671 616 crederetur.
1700 590 1770 625 Ergo

980 621 1107 650 abolendo
1121 627 1222 653 rumori
1239 627 1311 655 Nero
1325 631 1441 658 subdidit
1455 641 1522 664 reos,
1538 639 1562 660 et
1575 637 1768 669 quccsitissimis

978 669 1059 700 paruis
1075 670 1173 704 a/Tecit,
1189 680 1254 707 quos
1267 682 1313 708 per
1335 676 1439 712 ﬂagitia
1460 679 1565 710 invisos,
1580 683 1672 716 vulgus
1688 683 1769 709 Chri-

977 714 1081 743 stianos
1094 718 1254 752 appellabat.
1269 737 1304 741 ——-
1318 722 1403 758 Igitur
1415 726 1500 760 primo
1516 714 1632 762 correpti
1641 731 1685 764 qui
1700 730 1767 764 fate-

977 760 1093 788 bantur:
1108 763 1201 792 deinde
1216 766 1315 795 indicio
1330 778 1419 797 eorum
1438 773 1583 801 multitudo
1599 774 1694 811 iugetis
1710 777 1766 812 (ca-

974 806 1035 834 dem
1051 816 1116 836 sane
1127 810 1229 844 phrasi,
1245 821 1298 848 qua
1315 816 1399 843 utitur
1414 816 1442 844 S.
1459 818 1549 851 Pater,
1566 806 1640 848 πολὺ⁵
1648 806 1761 858 πλῆόος)

973 851 1044 879 haud
1070 856 1176 888 perinde
1205 858 1231 884 in
1259 860 1368 888 crimine
1392 863 1517 897 incendii,
1543 875 1621 901 quam
1637 869 1698 896 odio
1714 870 1764 896 Itu—

974 900 1046 926 mani
1059 902 1159 935 generis
1173 905 1284 932 convicti
1300 912 1371 935 sunt.
1384 908 1416 935 Et
1432 900 1600 944 pereuntibus
1615 916 1708 942 addita
1724 917 1765 942 lu-

977 944 1075 978 dibria,
1091 953 1119 973 ut
1133 948 1251 983 ferarum
1267 953 1344 987 tergis
1356 957 1475 989 contecti,
1492 957 1594 986 laniatu
1608 970 1703 991 canum
1724 964 1764 989 in-

975 992 1091 1026 terirent,
1108 1000 1153 1021 aut
1180 997 1301 1025 crucibus
1324 1000 1412 1034 affixi,
1434 1008 1480 1029 aut
1494 1004 1672 1037 ﬂammandi:
1688 1014 1763 1043 atque

973 1037 1018 1064 ubi
1032 1038 1167 1074 defecisset
1182 1042 1250 1076 dies,
1266 1045 1293 1072 in
1310 1054 1386 1074 usum
1403 1052 1524 1077 nocturni
1536 1052 1642 1080 luminis
1653 1062 1761 1082 ureren-

974 1087 1029 1111 tur.
1047 1084 1106 1113 Non
1122 1087 1190 1115 adeo
1205 1094 1295 1119 tamen
1314 1093 1442 1123 szeviebat
1456 1096 1635 1132 Domitianus,
1651 1100 1761 1128 Tertul-

973 1129 1047 1158 liano
1057 1136 1135 1165 teste,
1150 1135 1196 1169 qui
1208 1136 1268 1169 ejus
1279 1140 1496 1172 persecutionem
1509 1144 1544 1170 ita
1555 1129 1684 1173 describit
1692 1147 1759 1182 (77):

974 1176 1129 1206 Tentaverat
1143 1185 1166 1207 et
1181 1181 1449 1220 Domitianus,portio
1470 1187 1583 1217 Neronis
1598 1191 1629 1218 de
1644 1193 1760 1220 crudeli-
1794 1226 1801 1233 ι

973 1227 1041 1256 tate;
1054 1225 1099 1251 sed
1110 1234 1163 1261 qua
1183 1233 1208 1254 et
1228 1228 1303 1257 homo
1320 1230 1400 1264 facile
1412 1239 1523 1268 emptum
1536 1239 1668 1270 repressit,
1683 1242 1761 1271 resti-

972 1270 1035 1296 tutis
1059 1272 1139 1298 etiam
1164 1281 1228 1308 quos
1251 1276 1430 1311 relegaverat:
1448 1284 1476 1307 ut
1491 1287 1632 1317 propterea
1655 1286 1760 1314 nullum

969 1315 1082 1344 dubium
1094 1326 1238 1353 superesse
1248 1322 1384 1356 videatur,
1398 1326 1464 1360 quin
1479 1328 1559 1356 verba
1576 1330 1619 1357 illa
1636 1332 1760 1360 Clemen-

970 1362 1005 1387 tis
1020 1369 1080 1396 quae
1095 1363 1147 1390 sub
1163 1364 1272 1393 initium
1290 1367 1371 1403 hujus
1387 1370 1400 1406 §
1420 1373 1606 1408 recitavimus,
1622 1377 1654 1404 de
1675 1377 1760 1407 Nero—

969 1406 1011 1434 nis
1026 1407 1116 1441 potius
1133 1417 1214 1444 quam
1230 1410 1374 1441 Domitiani
1394 1419 1584 1450 persecutione
1605 1422 1661 1449 sint
1685 1426 1758 1452 acci-

968 1452 1075 1487 pienda.
1091 1454 1230 1484 Delerbuit
1247 1463 1349 1492 autem,
1366 1462 1421 1490 imo
1436 1472 1501 1491 vero
1513 1470 1539 1492 et
1555 1467 1636 1494 desiit
1647 1477 1677 1497 ea
1694 1478 1756 1505 per-

967 1499 1082 1532 secutio,
1109 1501 1217 1530 sublato
1242 1502 1364 1538 Nerone,
1380 1515 1460 1542 quem
1476 1509 1492 1537 9
1507 1510 1579 1539 Junii
1602 1520 1674 1541 anno
1697 1523 1757 1543 aute

966 1546 1087 1580 vulgaris
1102 1547 1137 1575 68
1152 1549 1266 1583 periisse
1280 1558 1459 1587 compertum.
1470 1555 1570 1584 Eodem
1585 1558 1668 1593 igitur
1682 1568 1755 1588 anno

967 1597 1095 1621 currente
1111 1595 1153 1622 vel
1175 1597 1269 1623 saltem
1283 1598 1434 1633 desinente,
1452 1601 1574 1631 Romana
1591 1605 1711 1634 Ecclesia
1728 1609 1755 1635 in

966 1645 1034 1671 pace
1062 1643 1200 1676 utcunque
1231 1645 1399 1675 constituta.
1431 1649 1573 1684 scripserit
1603 1651 1631 1679 S.
1661 1652 1752 1683 Pater.

965 1681 1047 1711 Plura
1069 1686 1097 1713 in
1122 1686 1193 1715 hanc
1216 1693 1379 1719 sententiam
1396 1681 1497 1722 videsis
1518 1696 1590 1731 apud
1605 1699 1753 1734 scriptores

965 1729 1047 1756 modo
1060 1730 1196 1765 laudatos,
1211 1734 1311 1768 quibus
1326 1735 1411 1764 addas
1424 1738 1504 1765 velim
1517 1729 1674 1769 Wottonum
1685 1743 1751 1779 (78),

965 1779 995 1802 ut
1009 1775 1078 1804 alios
1092 1782 1295 1812 praetereamus.

1000 1820 1069 1849 Huic
1087 1822 1151 1850 item
1169 1831 1241 1852 anno
1254 1825 1287 1853 68
1302 1835 1363 1855 esse
1384 1828 1541 1865 illigandam
1562 1832 1633 1860 hanc
1647 1835 1680 1862 ad
1698 1835 1752 1863 (Σο.

963 1866 1081 1895 riuthios
1104 1869 1224 1903 priorem
1250 1872 1408 1907 epistolam,
1423 1876 1518 1904 suadet
1536 1879 1625 1907 cultus
1643 1879 1752 1910 Judaici

963 1913 1065 1940 mentio
1079 1913 1106 1941 in
1119 1916 1220 1950 templo
1231 1916 1478 1955 Hierosolymitano
1492 1927 1557 1951 tunc
1572 1925 1660 1954 adhuc
1673 1932 1751 1956 stan-

962 1963 987 1985 te
999 1958 1126 1994 vigentis,
1140 1969 1200 1997 quae
1225 1963 1252 1990 in
1277 1965 1371 1993 eadem
1385 1968 1501 2002 epistola
1517 1970 1593 1999 hisce
1608 1976 1749 2009 conceptis

962 2004 1052 2032 verbis
1067 2007 1190 2034 occurrit
1207 2008 1262 2045 (79)
1282 2020 1289 2038 :
1305 2010 1413 2040 Summo
1433 2016 1525 2050 quippe
1548 2019 1677 2046 sacerdoti
1695 2004 1749 2048 lstta

962 2051 1052 2078 munia
1072 2051 1170 2080 tributa
1190 2060 1270 2087 sunt;
1287 2061 1312 2084 et
1333 2059 1514 2088 sacerdotibus
1532 2063 1605 2090 locus
1625 2066 1746 2099 proprius

961 2096 1110 2131 assignatus
1121 2104 1178 2131 est;
1199 2106 1223 2128 et
1253 2102 1339 2130 lenitis
1359 2113 1408 2132 sua
1423 2107 1570 2136 ministeria
1585 2110 1746 2142 incumbunt.

960 2156 994 2162 —
1014 2141 1077 2169 Non
1094 2144 1198 2180 ubique,
1214 2147 1322 2181 fratres,
1338 2150 1484 2184 o/feruntur
1506 2156 1640 2189 sacriﬁcia
1655 2158 1745 2193 jugiu,

959 2187 998 2214 vel
1011 2195 1059 2222 pro
1074 2195 1180 2223 peccato
1194 2195 1219 2218 et
1235 2192 1341 2226 delicto,
1356 2195 1401 2222 sed
1417 2187 1609 2234 Hierosolymis
1621 2187 1722 2230 tarituvm

960 2240 1040 2268 neque
1060 2233 1115 2261 illic
1130 2235 1158 2262 in
1172 2238 1262 2271 quovis
1279 2238 1337 2266 loco
1358 2241 1389 2275 ﬁt
1411 2242 1522 2277 oblatio,
1538 2233 1584 2272 sed
1603 2253 1664 2275 ante
1680 2253 1744 2277 tent-

923 2297 944 2324 Β
957 2276 1030 2311 plum
1044 2278 1079 2304 ad
1093 2279 1189 2313 altare,
1208 2283 1282 2316 prius
1306 2284 1380 2319 facta
1401 2295 1417 2314 a
1439 2297 1541 2317 summa
1562 2295 1697 2324 sacerdote
1719 2304 1744 2324 et

957 2323 1090 2357 praedictis
1106 2326 1246 2361 ministris,
1262 2329 1345 2358 oblati
1360 2333 1520 2368 inspectione
1533 2343 1557 2366 et
1579 2341 1744 2374 probatione.

958 2369 1011 2403 Qui
1026 2379 1087 2406 ergo
1100 2378 1197 2407 praeter
1209 2375 1235 2402 id
1247 2377 1316 2411 quod
1333 2379 1461 2409 voluntati
1474 2383 1530 2418 ejus
1542 2369 1743 2417 consentaneum

954 2420 1004 2448 est,
1020 2417 1122 2453 aliquid
1145 2419 1258 2455 faciunt,
1279 2429 1362 2452 ntorte
1379 2417 1536 2458 multantur.
1553 2431 1646 2468 Neque
1666 2436 1744 2463 aliter

955 2467 1022 2488 sane
1037 2462 1157 2498 loquitur
1171 2464 1307 2500 Clemens.
1322 2477 1354 2497 ac
1367 2470 1469 2502 Paulus
1485 2475 1519 2502 ad
1534 2462 1660 2506 Hebr-usos
1672 2481 1741 2507 scri-

954 2504 1036 2538 bens;
1052 2515 1132 2542 quem
1148 2510 1248 2546 ubique
1262 2512 1318 2541 fere
1332 2521 1454 2545 sectatur
1466 2517 1494 2546 S.
1505 2519 1595 2553 Pater,
1609 2523 1668 2557 ejus
1684 2533 1743 2553 aw-

955 2551 1043 2586 εργός.
1070 2553 1099 2581 ln
1119 2563 1157 2582 'ea
1186 2558 1258 2585 enim
1273 2559 1395 2595 Epistula
1412 2565 1535 2593 meminit
1554 2551 1703 2603 Apostolus
1718 2551 1739 2587 λ’

1070 2744 1152 2783 μία..
1166 2756 1230 2783 βίῳ.
1246 2750 1272 2777 6.

1067 2779 1239 2822 Qrsihlstor.
1256 2787 1331 2818 εδει..
1347 2792 1366 2814 t.
1382 2788 1402 2819 l,
1419 2795 1444 2822 p.
1461 2788 1523 2817 412.

1003 2780 1046 2848 75)
1067 2780 1139 2814 Orsi,
1158 2780 1239 2824 Istor.
1256 2787 1331 2818 εδει..
1347 2792 1366 2814 t.
1382 2788 1402 2819 l,
1419 2795 1444 2822 p.
1461 2788 1487 2815 41

1066 2816 1163 2857 ᾼηηᾳι.
1181 2818 1227 2847 ιώ.
1243 2828 1285 2853 xv,
1301 2829 1379 2857 capp.
1394 2824 1487 2852 41-44.

1066 2850 1200 2889 έροζοθει.
1211 2849 1285 2889 cap.’
1292 2857 1318 2883 5.

1001 2882 1044 2932 εξ)
1063 2882 1218 2932 gigantis
1228 2882 1414 2932 εἰθιπῇίρρῑρι..
1436 2894 1488 2923 eos
1509 2903 1586 2932 seqq.

987 2920 1041 2956 (79)
1063 2920 1146 2956 Epist.
1164 2922 1188 2952 ι.
1204 2930 1280 2959 capp.
1295 2920 1386 2956 solt.

1555 2979 1574 3008 lt
