4074 6286
556 409 649 461 il)?

1672 408 1760 462 AD
1803 409 1856 463 S.
1902 404 2319 464 CLEMENTEM
2362 407 2376 459 l
2418 406 2648 461 PAPAM

3671 405 3768 458 108

549 523 842 592 pontificis,
874 523 965 593 qui
1004 525 1164 578 intrat
1215 526 1266 579 in
1319 534 1505 579 sancta
1542 541 1635 594 per
1665 527 1907 597 singulos
1940 539 2113 579 annos
2142 527 2187 584 Λ
2217 521 2621 578 Corinthiorum
2650 524 2801 578 valde
2828 524 3110 588 emineret,
3134 524 3202 579 ah
3232 538 3298 579 eo
3328 519 3773 592 missuszomam

548 615 603 667 in
633 615 893 685 sanguine
921 614 1097 669 alieno
1131 634 1144 670 :
1178 616 1422 669 meminit
1458 616 1584 671 item
1598 617 1640 648 “
1672 617 1990 682 sacerdotis,
2015 617 2107 686 qui

545 715 739 773 prauo
766 714 843 760 est
884 706 1123 775 quotidie
1165 708 1495 771 ministrare,
1544 723 1606 761 ac
1639 707 1938 764 hostiarum
1973 724 2109 777 quas

547 799 920 855 indesinenter
952 799 1176 868 o/ferunt
1210 799 1466 855 ministri.
1491 801 1621 866 Qua
1649 800 1887 871 quidem,
1922 810 1979 854 ut
2004 802 2107 855 alia

545 891 601 947 in
630 891 872 946 eamdem
921 892 1242 947 sententiam
1275 892 1419 946 dicta
1455 894 1787 955 omittamus,
1819 909 1941 947 cum
1974 902 2108 947 tem—

545 999 675 1052 pore
705 984 954 1054 prasenti
982 982 1121 1053 apud
1143 982 1495 1047 Clementem,
1530 985 1669 1038 haud
1693 1001 1853 1040 secus
1879 1000 1942 1038 ac
1967 985 2108 1054 apud

543 1075 770 1131 Paulum
818 1074 1131 1141 efferantur,
1170 1076 1318 1132 ltunc
1364 1075 1539 1129 adhuc
1578 1076 1838 1143 templum
1867 1075 2107 1138 stetisse,

542 1169 855 1238 cultumque
885 1166 1120 1237 viguisse
1148 1164 1433 1220 Iudaicum
1465 1165 1855 1232 videtur.Quin
1889 1176 1943 1221 et
1966 1182 2107 1220 non-

541 1264 669 1316 dum
701 1263 1002 1327 obsessam,
1034 1259 1128 1314 sed
1161 1268 1406 1330 pacatam
1457 1260 1637 1329 potius
1681 1259 1763 1314 vel
1793 1260 1963 1329 ipsam
2012 1274 2108 1313 ur-

541 1353 660 1407 bem
693 1351 1236 1421 Hierosolymitanam
1266 1347 1605 1403 Clementina
1636 1349 1803 1404 verba
1828 1350 2109 1404 insinuare

539 1441 978 1510 comperiuntur;
1012 1448 1103 1492 aut
1137 1438 1325 1494 saltem
1374 1452 1647 1491 rumorem
1681 1436 1747 1491 de
1777 1437 1922 1492 illius
1962 1437 2109 1491 obsi-

538 1532 699 1587 dione
727 1532 953 1586 Romam
988 1529 1226 1584 nondum
1260 1527 1427 1582 fuisse
1459 1528 1725 1598 perlatum
1756 1528 1892 1583 satis
1927 1534 2109 1598 aperte

538 1626 834 1681 declarant.
878 1624 1034 1677 Anno
1087 1628 1267 1675 autem
1319 1620 1522 1675 Christi
1573 1620 1661 1683 68,
1694 1618 2061 1689 Vespasianus
2089 1658 2104 1682 ,

536 1719 811 1787 plerisque
830 1715 1027 1771 Judaa
1057 1714 1283 1769 urbibus
1310 1714 1611 1783 occupatis,
1644 1714 1819 1783 ipsam
1849 1712 2109 1770 Hieroso-

536 1809 801 1879 lymorum
859 1806 1197 1876 metropolim
1254 1804 1645 1860 circumsidere
1703 1806 1923 1861 molitus
1972 1816 2100 1863 est:

2208 614 2375 677 venit,
2399 630 2508 685 quo
2554 616 2656 671 sibi
2704 616 2824 670 diro
2859 616 3152 671 schismate
3184 616 3451 671 laboranti
3486 630 3641 685 opem
3670 614 3776 667 for--

2207 714 2290 761 ret
2313 704 2555 761 Romana
2584 706 2848 761 Ecclesia.
2876 706 3081 763 Exinde
3109 723 3237 762 vero
3264 707 3513 763 eumdem
3540 707 3774 776 legatum

2209 798 2337 852 illuc
2368 814 2492 853 cum
2522 798 2754 869 epistola
2783 797 3033 854 Clemens
3066 800 3311 863 remittit,
3341 799 3687 869 postulatque
3719 803 3776 851 ut

2207 905 2331 944 cum
2363 892 2555 945 nuntio
2603 892 2907 946 concordia
2953 892 3099 946 initae
3140 892 3289 947 brevi
3339 891 3406 945 ad
3456 907 3515 947 se
3566 889 3773 944 redeat.

2208 982 2339 1048 Quis
2370 998 2533 1051 porro
2564 982 2722 1039 facile
2752 984 2852 1039 sibi
2887 984 3230 1054 persuadeat,
3265 991 3321 1037 ut
3361 991 3635 1053 praeunte
3666 980 3776 1034 Do-

2208 1075 2404 1132 dwello
2431 1076 2542 1148 (8i)
2591 1076 2769 1146 arguit
2800 1076 2882 1130 vir
2909 1075 3155 1129 eruditus
3194 1073 3329 1143 (82),
3361 1073 3612 1127 eumdem
3639 1068 3777 1125 For—

2210 1176 2457 1221 tunatum
2489 1174 2610 1237 post
2640 1174 2851 1221 tantum
2895 1165 3155 1237 temporis
3208 1164 3568 1225 intervallum,
3598 1176 3776 1232 quan-

2213 1268 2330 1314 tum
2354 1262 2422 1316 ab
2469 1276 2613 1315 anno
2658 1261 2725 1316 57
2764 1261 2831 1315 ad
2864 1261 3022 1315 linem
3051 1259 3234 1316 saculi
3265 1259 3506 1328 elapsum
3538 1265 3642 1317 est,
3675 1272 3779 1327 po-

2208 1352 2380 1409 tuisse
2410 1363 2502 1407 aut
2523 1355 2762 1410 voluisse
2784 1362 2941 1409 atate
2959 1354 3071 1423 jam
3097 1351 3252 1407 valde
3274 1356 3614 1422 provectum,
3639 1351 3778 1405 adeo

2209 1444 2427 1516 longum
2460 1447 2563 1500 iter
2591 1446 2906 1517 suscipere?
2952 1447 3018 1499 At
3045 1445 3226 1501 omnia
3257 1444 3475 1499 demum
3524 1444 3628 1498 rite
3676 1460 3774 1499 co-

2209 1538 2414 1592 barere
2468 1546 2791 1601 noscuntur,
2848 1538 2895 1592 si
2949 1536 3280 1592 Clementina
3338 1534 3566 1605 epistola
3624 1536 3775 1589 circa

2207 1644 2409 1685 annum
2465 1629 2670 1684 Christi
2719 1629 2788 1684 68
2838 1630 3040 1699 scripta
3074 1635 3381 1683 censeatur.
3422 1626 3608 1697 Neque
3666 1628 3773 1681 alia

2208 1721 2450 1794 profecto
2470 1722 2665 1777 desunt
2688 1730 3024 1792 argumenta,
3056 1718 3253 1789 quibus
3297 1718 3564 1774 sententia
3586 1717 3775 1773 isthac

2208 1816 2380 1885 magis
2437 1814 2716 1884 magisque
2773 1812 3045 1879 firmetur;
3100 1826 3220 1881 qua
3270 1818 3453 1865 tamen
3493 1810 3775 1865 brevitatis

534 1876 694 1969 quam
723 1897 918 1953 deinde
943 1897 1119 1961 Titus,
1151 1911 1179 1948 a
1210 1894 1548 1966 Vespasiano
1592 1904 1746 1967 patre
1790 1897 1856 1951 ad
1904 1912 2098 1953 conse-
2132 1876 2174 1931 Β
2204 1876 2334 1974 ρι’εό
2365 1876 2998 1975 consulto-praterimus.

532 1991 809 2060 quendum
855 1991 1052 2045 bellum
1108 1990 1163 2043 in
1209 1986 1394 2043 Judaa
1438 1989 1680 2052 relictus,
1711 1997 1835 2058 post
1864 1997 2099 2059 quatuor

531 2084 799 2139 mensium
834 2081 1169 2137 obsidionem
1199 2081 1255 2135 in
1289 2081 1546 2151 paschale
1588 2080 1920 2145 inchoatam,
1953 2094 2098 2135 anno

530 2178 745 2231 demum
777 2176 844 2230 70
877 2176 1019 2244 cepit
1050 2182 1210 2244 atque
1240 2189 1363 2227 cum
1394 2172 1593 2242 templo
1637 2172 1803 2226 diruit
1833 2191 1848 2228 :
1883 2181 1943 2226 ιιι
1970 2187 2097 2243 pro-

529 2265 656 2320 inde
685 2268 918 2336 priorem
957 2264 1022 2318 ad
1053 2262 1367 2318 Corinthios
1398 2261 1682 2332 epistolam
1716 2262 1861 2317 circa
1892 2276 2095 2316 annum

529 2359 598 2412 68
620 2357 901 2428 scripserit
933 2354 989 2411 S.
1022 2356 1293 2412 Clemens.

600 2451 875 2506 Hactenus
906 2466 1034 2505 vero
1065 2450 1225 2505 dictis
1254 2466 1419 2505 unum
1450 2450 1627 2505 adhuc
1655 2449 1855 2506 addere
1898 2450 2091 2520 placet.

527 2546 814 2607 Nimirum,
859 2544 960 2598 sub
1002 2543 1162 2598 linem
1210 2542 1455 2613 ejusdem
1505 2544 1747 2614 epistola
1797 2543 1908 2613 (80)
1954 2544 2095 2597 inter

530 2636 751 2690 nuntios
773 2650 804 2689 a
827 2633 1102 2689 Clemente
1131 2633 1195 2689 ad
1218 2633 1513 2689 Ecclesiam
1535 2633 1941 2689 Corinthiacam
1962 2634 2094 2689 mis-

528 2743 620 2782 sos
652 2734 964 2781 recensetur
993 2723 1347 2789 Fortunatus,
1380 2726 1609 2796 ipsemet
1648 2726 1737 2781 ille
1768 2737 1828 2780 ut
1856 2726 2089 2790 videtur,

526 2820 619 2889 qui
649 2820 853 2888 aliquot
881 2820 950 2873 ab
979 2818 1106 2873 hinc
1133 2819 1293 2874 annis
1323 2818 1391 2873 ab
1420 2818 1610 2873 iisdem
1642 2817 1940 2873 Corinthiis
1969 2834 2093 2873 cum

529 2906 801 2977 Stephana
831 2915 884 2961 et
911 2905 1168 2971 Achaico,
1200 2906 1267 2961 ad
1300 2907 1522 2961 Paulum
1551 2907 1679 2961 dum
1708 2918 1891 2978 ageret
1916 2907 2094 2978 Ephe-

525 2999 593 3063 si,
623 2998 797 3052 fuerat
828 2996 1126 3067 ablegatus.
1158 2996 1288 3065 Ejus
1318 3014 1441 3053 cum
1473 2999 1632 3053 laude
1663 3000 1910 3054 meminit
1941 3001 2089 3071 Apo-

524 3092 697 3146 stolus
727 3091 779 3143 in
814 3091 994 3160 priore
1034 3089 1099 3145 ad
1122 3089 1433 3152 Corinthios
1453 3092 1692 3163 Epistola
1713 3092 1781 3159 ",
1813 3109 1935 3164 qua
1961 3095 2093 3149 scri-

525 3195 613 3256 pta
645 3184 816 3239 fertur
846 3186 990 3240 circa
1020 3200 1222 3239 annum
1253 3182 1336 3238 57.
1372 3184 1473 3240 llic
1504 3185 1669 3255 igitur
1704 3201 1828 3242 cum
1859 3187 1912 3241 in
1943 3195 2089 3244 catu

2103 3350 2175 3360 ι...-

2274 1997 2349 2054 De
2394 1999 2655 2069 temporis
2694 2004 2885 2052 autem
2919 1997 3194 2051 notatione
3224 2012 3332 2066 quo
3368 1997 3572 2067 scripta
3607 1994 3775 2050 fuerit

2201 2086 2472 2155 posterior
2499 2084 2790 2141 Clementis
2820 2084 3071 2154 epistola,
3108 2084 3244 2137 nihil
3290 2084 3507 2155 quidem
3539 2084 3671 2139 certi
3704 2099 3774 2138 ex

2198 2192 2261 2231 ea
2311 2177 2507 2231 elicere
2555 2191 2868 2245 possumus,
2898 2191 3020 2229 cum
3050 2175 3241 2229 mutila
3281 2176 3347 2230 ad
3378 2192 3477 2231 nos
3509 2192 3774 2247 pervene-

2199 2266 2291 2328 rit,
2324 2265 2467 2320 unde
2512 2265 2639 2319 illud
2671 2272 2961 2320 statuatur.
2990 2263 3091 2331 Qui
3122 2280 3240 2319 eam
3273 2266 3537 2335 integram
3571 2265 3774 2336 legisse

2196 2364 2418 2426 putatur
2459 2356 2705 2421 Photius,
2741 2356 2793 2409 in
2848 2356 2968 2424 ejus
3013 2357 3330 2414 recensione
3378 2358 3581 2411 nullam
3636 2357 3773 2412 facit

2195 2449 2408 2504 dissidii
2436 2448 2770 2502 Corinthiaci
2802 2447 3159 2507 mentionem:
3200 2447 3291 2502 sed
3321 2449 3491 2518 ipsam
3526 2457 3773 2503 tantum-

2195 2539 2356 2593 modo
2401 2538 2779 2592 institutionem
2830 2548 2878 2591 et
2928 2537 3332 2592 admonitionem
3370 2541 3599 2594 melioris
3648 2543 3772 2596 vita:

2195 2629 2436 2684 inducere
2480 2629 2669 2685 scribit
2705 2628 2837 2698 (85).
2873 2627 3010 2682 Hinc
3047 2628 3203 2683 facile
3230 2631 3355 2700 quis
3386 2632 3625 2701 colligat,
3661 2631 3770 2687 Co-

2194 2722 2377 2775 rintho
2410 2718 2636 2773 Romam
2669 2718 2865 2772 reduce
2894 2717 3192 2774 Fortunato
3221 2736 3345 2775 cum
3395 2722 3519 2776 aliis
3567 2724 3763 2787 sociis,

2194 2814 2490 2869 schismate
2535 2812 2638 2870 iam
2671 2811 2886 2865 sublato
2924 2818 2977 2865 et
3024 2812 3193 2882 quieti
3226 2813 3457 2869 ecclesia
3487 2813 3577 2867 illa
3604 2815 3769 2868 resti-

2192 2916 2332 2973 tuta,
2364 2908 2503 2963 hanc
2550 2908 2745 2963 deinde
2791 2907 2961 2963 fuisse
3007 2921 3038 2959 a
3085 2905 3364 2961 Clemente
3403 2907 3764 2977 perscriptam

2194 3003 2499 3073 epistolam,
2532 3017 2674 3057 anno
2729 3000 2869 3055 forte
2912 3000 3231 3069 insequente
3262 2998 3351 3066 69,
3388 3014 3497 3072 quo
3528 2999 3581 3053 in
3629 3014 3766 3071 pace

2193 3095 2365 3166 magis
2397 3094 2575 3150 adhuc
2606 3094 2951 3149 firmarentur
2982 3092 3274 3148 Corinthii.

1802 3484 2223 3578 SECTIO
2304 3488 2437 3574 Il.

1472 3682 1561 3737 DE
1599 3681 1876 3738 DUABUS
1914 3679 2274 3737 EPISTOLIS
2310 3681 2402 3735 Al)
2441 3678 2785 3737 VIRGINES.

591 3996 656 4051 Χ.
698 3994 851 4049 Nunc
896 4000 1074 4048 autem
1126 4008 1304 4048 sermo
1349 3992 1713 4048 instituendus
1763 3992 1830 4048 de
1872 3993 2084 4047 duabus
2110 3998 2152 4055 C
2185 3990 2391 4045 editore
2431 3990 2656 4044 omnino
2699 3990 3100 4059 pratermissis.
3129 3988 3270 4056 Quin
3316 3991 3499 4055 etiam,
3534 3998 3592 4043 ut
3623 4006 3756 4045 exa-

519 4086 788 4157 epistolis,
821 4100 957 4156 quas
983 4084 1055 4137 De
1085 4083 1383 4153 virginitate
1412 4099 1507 4139 seu
1536 4083 1604 4137 ad
1626 4084 1846 4153 virgines
1865 4083 2085 4153 scripsit

522 4177 581 4234 S.
620 4179 890 4233 Clemens.
933 4175 1037 4230 Eas
1086 4175 1317 4247 primum
1353 4175 1621 4245 evulgavit
1647 4172 1895 4244 Lugduni
1925 4172 2085 4227 Bata-

520 4286 709 4326 vorum
739 4285 882 4324 anno
910 4270 1046 4325 £752
1072 4287 1102 4326 e
1128 4284 1229 4324 ms.
1263 4268 1449 4323 codice
1470 4266 1603 4322 Novi
1625 4265 1955 4322 Testamenti
1984 4265 2085 4337 Sy-

520 4364 675 4425 riaci,
710 4377 832 4416 cum
861 4362 1111 4417 versione
1154 4361 1367 4426 Latina,
1404 4360 1640 4417 Joannes
1667 4359 1903 4415 Iacobus
1931 4358 2084 4413 Wet-

521 4455 763 4519 stenius;
812 4460 1137 4524 exstantque
1185 4451 1252 4506 ad
1301 4454 1505 4509 calcem
1547 4452 1838 4509 voluminis
1866 4452 1910 4506 ll
1945 4451 2079 4508 Nov.

520 4544 670 4600 Test.
724 4543 918 4608 Graci,
948 4544 1016 4598 ab
1061 4543 1249 4598 eodem
1300 4544 1442 4615 typis
1473 4539 2082 4599 Amstalodamensihus

519 4634 728 4691 excusi.
762 4633 842 4687 Ad
890 4632 1165 4703 exemplar
1187 4630 1620 4688 Wetstenianum
1672 4640 1917 4688 nostram
1963 4632 2081 4687 edi-

521 4724 723 4778 tionem
748 4723 1045 4791 exegimus,
1081 4721 1196 4776 suis
1219 4722 1526 4792 quibusque
1547 4722 1682 4777 locis
1706 4737 1768 4777 ea
1793 4720 2084 4776 restituen-

520 4824 624 4880 tes,
658 4829 778 4885 qua
824 4812 1172 4869 doctissimus
1203 4812 1379 4867 editor
1409 4813 1806 4884 prolegomenis
1836 4812 2081 4882 subjecta

519 4910 637 4966 sive
683 4906 929 4963 addenda
977 4906 1091 4961 sive
1130 4904 1466 4960 emendanda
1497 4915 1798 4961 monuerat.
1832 4902 1890 4959 In
1930 4913 2080 4960 textu

517 5001 647 5058 item
680 4998 906 5071 Syriaco
938 4997 1204 5053 sectiones
1236 5013 1330 5053 seu
1370 4997 1547 5068 capita
1590 4998 1959 5062 distinximus,
1990 5013 2082 5052 or-

520 5094 702 5147 dinem
751 5091 924 5147 secuti
969 5106 1128 5160 quem
1172 5090 1399 5159 ipsemet
1448 5090 1715 5159 interpres
1746 5091 1799 5145 in
1832 5107 1930 5145 sua
1961 5107 2081 5147 ver-

521 5186 673 5239 sione
709 5184 1052 5239 retinendum
1098 5182 1330 5237 censuit.
1360 5180 1540 5235 Sacra
1582 5182 1876 5252 Scriptura
1915 5184 2079 5238 verba

520 5291 751 5344 quorum
796 5275 939 5330 haud
986 5289 1158 5345 pauca
1186 5269 1544 5327 Wetstenium
1576 5272 1844 5345 fugerant,
1886 5273 2079 5328 chara-

2184 4082 2324 4137 ctior
2354 4080 2530 4135 adhuc
2578 4081 2747 4136 editio
2792 4090 2980 4136 nostra
3033 4084 3293 4153 prodiret,
3324 4081 3754 4139 Wetstenianam

2184 4174 2297 4230 sive
2342 4173 2396 4227 in
2430 4180 2577 4227 textu
2610 4173 2723 4227 sive
2759 4173 2814 4227 in
2856 4172 3109 4230 versione
3153 4191 3181 4228 a
3219 4176 3375 4232 nobis
3419 4184 3637 4245 rogatus
3668 4192 3755 4230 re-

2184 4266 2401 4321 censuit
2450 4264 2514 4320 B.
2545 4264 2605 4321 P.
2637 4264 2949 4320 Bonifacius
2991 4264 3189 4321 Finetti
3221 4265 3355 4323 0rd.
3387 4266 3637 4332 Pradic.,
3669 4267 3756 4322 vir

2162 4355 2240 4423 in
2268 4357 2467 4427 linguis
2503 4357 2731 4412 exoticis
2756 4357 3067 4414 excolendis
3098 4358 3536 4415 studiosissimus
3554 4375 3573 4413 ι
3593 4358 3755 4427 cujus

2182 4449 2410 4520 proinde
2435 4448 2777 4517 conjecturas
2807 4449 2861 4503 in
2887 4449 3176 4505 lectionem
3206 4447 3483 4521 Syriacam
3510 4458 3562 4505 et
3585 4451 3754 4507 casti-

2182 4541 2430 4614 gationes
2455 4541 2509 4595 in
2546 4538 2832 4595 Wetstenii
2863 4541 3191 4601 versionem,
3227 4540 3399 4610 ipsius
3427 4543 3645 4597 nomine
3675 4543 3755 4598 si-

2182 4639 2374 4703 gnatas
2426 4633 2479 4685 in
2528 4631 2757 4685 limbum
2791 4631 3145 4700 conjecimus.
3173 4630 3308 4685 Cum
3354 4639 3531 4686 autem
3563 4632 3666 4688 hac
3694 4634 3754 4688 in

2183 4723 2315 4778 urbe
2364 4724 2477 4795 typi
2526 4721 2735 4794 Syriaci
2780 4731 3047 4793 quotquot
3075 4732 3229 4778 erant
3272 4724 3565 4779 necessarii
3604 4724 3752 4782 haud

2182 4824 2380 4886 prasto
2409 4823 2614 4881 essent,
2637 4813 2921 4870 Patavium
2945 4816 3356 4883 contendimus;
3382 4818 3630 4886 votisque
3650 4834 3752 4871 no-

2182 4908 2312 4963 stris
2334 4908 2530 4977 quibus
2552 4907 2937 4977 expetebamus
2960 4916 3017 4961 ut
3040 4907 3241 4963 eadem
3259 4908 3501 4979 epistola
3526 4907 3753 4981 Syriace

2181 5015 2243 5055 ac
2270 5000 2458 5057 Latine
2473 5002 2529 5055 in
2556 5001 2850 5056 seminario
2871 5000 3132 5055 Patavine
3157 5002 3577 5067 excuderentur,
3610 5006 3752 5061 emi-

2182 5094 2536 5149 nentissimus
2575 5091 2854 5164 princeps,
2911 5108 3057 5148 nunc
3107 5108 3239 5149 vero
3283 5092 3383 5150 SS.
3421 5093 3483 5149 ι).
3528 5094 3594 5152 N.
3624 5096 3754 5153 Cle-

2182 5200 2336 5241 mens
2386 5183 2500 5239 Xlll
2547 5184 2956 5255 perhumaniter
2990 5185 3201 5240 annuit.
3234 5184 3612 5255 lmpressionis
3650 5203 3752 5243 cu-

2181 5290 2297 5328 ram
2347 5274 2449 5330 sibi
2499 5274 2742 5343 suscepit
2768 5274 2942 5329 libens
2967 5274 3232 5329 Antonius
3256 5274 3572 5345 Zanolinus,
3604 5279 3752 5334 cele-

519 5362 666 5420 ctere
710 5364 894 5420 Italico
942 5365 1295 5422 describenda
1325 5364 1656 5426 curavimus,
1690 5364 1824 5418 locis
1856 5364 2080 5435 insuper
2109 5361 2154 5416 D
2182 5367 2297 5421 bris
2321 5367 2625 5438 linguarum
2648 5365 2992 5420 orientalium
3016 5366 3070 5419 in
3093 5365 3282 5421 eodem
3305 5370 3599 5422 seminario
3618 5384 3753 5438 pro-

516 5454 587 5510 ad
612 5470 762 5509 oram
801 5457 1059 5513 indicatis
1088 5457 1231 5511 unde
1260 5456 1349 5509 illa
1379 5455 1681 5525 desumpsit
1712 5453 1768 5510 S.
1800 5455 1977 5521 Pater,
2010 5456 2078 5511 ab

590 5589 636 5622 “
659 5588 821 5644 Hebr.
850 5608 903 5654 χ,
936 5592 988 5654 5,
1018 5590 1103 5646 Η.
1179 5593 1221 5623 ⁸⁵
1253 5590 1419 5645 lCor.
1446 5604 1553 5651 xvi,
1586 5588 1671 5655 l5,
1706 5593 1792 5648 t7.

589 5725 700 5797 (80A)
741 5726 907 5797 Epist.
942 5728 991 5787 1,
1015 5743 1134 5797 cap.
1163 5728 1251 5783 68.

583 5795 696 5867 (81)
732 5796 913 5851 Addit.
948 5798 1015 5850 ad
1048 5795 1231 5852 I‘ears.
1255 5797 1410 5866 0pp.,
1444 5807 1564 5867 post
1610 5813 1662 5867 p.
1688 5795 1811 5851 221.

2184 5457 2359 5513 fessor
2393 5477 2405 5512 :
2437 5457 2634 5528 quibus
2678 5456 2895 5526 quidem
2949 5456 3264 5513 nominibus
3312 5457 3615 5514 duumviris
3646 5459 3753 5515 do.

2406 5723 2974 5850 g:§{.,csgt.c:;lveap.
3002 5726 3037 5780 2
3066 5727 3226 5796 epist.
3267 5727 3293 5783 1
3328 5723 3749 5798 Clem.,p.H3.
