4074 6286
250 354 345 410 l09

1483 341 1822 400 ΡηοίιῑΜιΑ
1865 339 1947 395 VA
1958 340 2250 399 RIORUM.

3388 351 3487 405 ΗΟ

249 474 370 533 ωε,
397 469 455 522 ει,
501 466 700 537 primis
749 474 935 522 autem
980 465 1327 522 sanctissimo
1368 462 1517 516 Patri
1569 459 1815 515 Pontilici
1850 457 1892 513 Α
1924 472 2068 510 mum
2104 468 2443 513 asscctamur
2477 480 2487 512 :
2524 474 2586 513 ca
2629 468 2808 515 tamen
2849 463 3091 528 ratione,
3124 473 3183 519 ut
3226 471 3486 524 nonnulla

249 561 482 617 Maximo
504 558 878 629 nosmetipsos
926 572 1268 627 summOpere
1322 556 1613 610 obstrictos
1644 552 1818 623 palam

254 652 577 725 proﬁtemur.

322 745 408 800 Xl.
444 743 559 798 lam
600 758 735 798 vero
766 741 1204 813 disquirendum,
1254 756 1383 795 num
1432 740 1649 796 demum
1698 739 1819 794 Cle-

255 838 414 892 menti
442 836 693 890 Romano
724 843 959 904 utraque
987 834 1216 904 epistola
1249 833 1370 902 jure
1403 833 1474 887 sit
1503 830 1819 886 adscriben-

254 931 334 984 da.
363 928 466 983 Eas
500 930 783 984 enimvero
827 929 975 982 velut
1038 927 1282 982 sinceros
1330 924 1626 980 Clementis
1676 922 1818 978 fetus

254 1021 464 1091 agnovit
515 1021 587 1075 cl.
622 1020 824 1082 editor,
862 1034 927 1073 ac
961 1034 1061 1089 pro
1099 1019 1308 1073 viribus
1349 1018 1522 1073 eidem
1574 1031 1819 1071 asserere

252 1129 536 1185 aggressus
567 1122 673 1169 est.
710 1112 911 1167 Verum
939 1114 1074 1169 duos
1104 1128 1215 1182 pra:
1245 1113 1454 1167 caeteris
1499 1112 1646 1166 viros
1674 1111 1817 1165 haud

251 1206 548 1260 incelebres
578 1214 776 1259 nactus
804 1212 888 1259 est
913 1203 1253 1259 adversarios
1286 1223 1300 1259 :
1337 1204 1566 1258 alterum
1599 1204 1814 1272 quidem

250 1296 632 1351 Nathanaelem
680 1294 1153 1366 Lardnerum,qui
1201 1312 1344 1350 anno
1375 1296 1509 1351 1755
1552 1297 1815 1351 disserta-

249 1391 449 1443 tionem
480 1388 548 1443 70
580 1390 905 1458 paginarum
928 1388 1062 1441 in-8°
1088 1386 1313 1458 Anglice
1342 1387 1574 1442 Londini
1606 1389 1812 1456 edidit;

248 1483 605 1553 pluribusque
632 1482 687 1535 in
718 1481 1048 1535 contrariam
1094 1482 1415 1534 sententiam
1457 1479 1724 1545 adductis.
1762 1481 1817 1534 in

247 1589 361 1629 eam
411 1574 632 1628 tandem
681 1573 1066 1643 cogitationem
1110 1573 1360 1636 devenit,
1414 1572 1511 1628 has
1558 1574 1816 1628 nimirum

245 1667 508 1735 epistolas
550 1666 695 1720 circa
744 1664 983 1719 medium
1016 1665 1200 1720 saeculi
1230 1680 1289 1719 Ill
1322 1666 1389 1720 ab
1418 1665 1677 1735 episcopo
1715 1665 1818 1719 Ec-

246 1756 425 1810 clesiae
474 1754 763 1809 orientalis
811 1753 980 1809 fuisse
1026 1755 1356 1824 perscriptas
1389 1754 1501 1824 (84)
1538 1774 1551 1808 :
1586 1755 1813 1809 alterum

246 1861 373 1900 vero
429 1844 800 1899 [lermannum
842 1843 1096 1907 Venema,
1150 1846 1243 1915 qui
1299 1860 1442 1899 anno
1499 1846 1817 1914 insequente

245 1941 402 2002 i754,
441 1938 713 2009 Harlinga:
750 1939 985 2009 vulgatis
1034 1940 1208 1994 tribus
1256 1940 1528 2008 epistolis,
1558 1938 1671 1994 VV'.
1708 1938 1812 1993 CC.

244 2032 629 2101 Wesselingio,
676 2030 1093 2086 Hemsterhusio
1120 2040 1174 2086 et
1199 2032 1590 2102 Cannegietero
1622 2032 1818 2087 inscri-

245 2123 369 2192 ptis,
420 2121 642 2176 easdem
703 2120 967 2191 epistolas
1020 2121 1388 2177 Clementinas
1442 2120 1816 2191 supposititias

244 2230 364 2268 esse
388 2213 538 2266 omni
561 2213 745 2268 studio
768 2211 1049 2266 contendit
1076 2212 1326 2266 evincere
1354 2232 1366 2266 :
1394 2212 1448 2265 in
1475 2212 1543 2265 iis
1564 2213 1707 2265 enim
1734 2211 1819 2265 in-

248 2314 324 2358 ter
352 2305 458 2357 alia
483 2303 800 2373 Hieronymi
822 2303 1018 2372 stylum
1036 2302 1138 2357 sibi
1160 2303 1467 2359 suboluisse
1484 2302 1661 2356 innuit
1679 2302 1813 2373 (85);

245 2405 298 2452 et
336 2397 589 2467 quamvis
620 2398 686 2451 de
713 2406 939 2451 auctore
969 2412 1032 2450 ac
1054 2407 1294 2468 tempore
1322 2413 1431 2468 quo
1459 2399 1654 2452 vixerit
1682 2398 1815 2452 nihil

246 2486 485 2549 deﬁniat,
512 2502 637 2541 eum
685 2495 867 2541 tamen
908 2486 1077 2544 fuisse
1106 2488 1443 2553 orientalem,
1476 2503 1585 2542 non
1617 2486 1817 2541 Roma-

247 2594 393 2638 num,
428 2588 485 2632 et
528 2578 761 2649 Origene
810 2595 1026 2649 quoque
1066 2581 1420 2651 posteriorem
1468 2579 1647 2651 arguit
1678 2578 1813 2651 (86).

247 2667 473 2739 Utrique
522 2672 707 2726 statim
760 2671 1044 2741 respondit
1090 2671 1467 2736 Wetstenius,
1510 2674 1816 2741 iterumque

245 2777 379 2830 quas
407 2762 583 2815 edidit
604 2763 887 2832 epistolas,
908 2764 1083 2834 magis
1114 2765 1392 2836 magisque
1417 2766 1679 2820 Clementi
1705 2764 1813 2819 Ro-

248 2866 407 2906 mano
433 2853 738 2907 vindicavit
769 2871 782 2907 :
810 2853 1090 2911 Lardnero
1117 2857 1336 2926 quidem
1366 2858 1420 2912 in
1450 2857 1633 2912 Diario
1672 2858 1816 2913 litte-

250 2946 391 2998 rario
423 2942 633 2999 Gallice
661 2946 928 3016 inscripto
979 2947 1335 3019 Bibliothéque
1363 2949 1635 3003 raisonnée
1664 2948 1811 3021 (87):

253 3031 499 3089 Venemaa
528 3044 732 3100 autem,
765 3036 997 3107 epistola
1022 3052 1087 3093 eo
1106 3038 1224 3108 ipso
1248 3054 1392 3093 anno
1420 3038 1557 3093 1754
1581 3037 1811 3094 Amstas-

1922 550 2211 620 utrobique
2248 566 2277 605 a
2314 553 2471 607 nobis
2502 553 2557 607 in
2585 552 2820 608 medium
2852 555 3219 625 proferantur.
3247 558 3487 617 Wetste-

1922 641 2014 695 nio
2059 644 2452 712 praetermissa;
2486 660 2658 715 eaque
2704 645 2756 698 in
2803 647 2994 714 primis
3024 665 3145 719 qua:
3197 666 3262 705 ex
3293 653 3486 707 harum

1919 733 2269 801 epistolarum
2325 736 2573 790 instituta
2609 738 2899 793 collatione
2948 755 3070 793 cum
3103 742 3316 799 duabus
3357 745 3487 799 reli-

1919 824 2042 893 quis
2072 824 2437 882 Corinthiacis
2463 868 2477 891 ,
2535 828 2601 882 ad
2638 845 2749 883 rem
2798 832 2970 901 magis
3015 836 3287 902 pertinere
3329 837 3488 893 nobis

1920 919 2033 971 visa
2062 928 2208 971 sunt.

1991 1008 2169 1066 Testis
2218 1000 2399 1081 itaque
2458 1014 2732 1084 antiquior
2804 1016 3173 1088 Epiphanius,
3220 1024 3314 1092 qui
3386 1022 3485 1078 ad-

1918 1117 2111 1158 versus
2150 1103 2435 1163 Ebionaaos
2491 1107 2607 1162 haec
2657 1110 2817 1165 habet
2879 1113 3015 1183 (87')
3056 1130 3071 1169 :
3111 1115 3283 1181 Αὐτὸς
3338 1119 3490 1189 Κλή-

1925 1211 2030 1264 μης
2073 1196 2270 1259 αὐτοὺς
2314 1198 2454 1251 κατὰ
2495 1198 2671 1253 πάντα
2738 1200 2947 1273 ἐλέγχει
3003 1206 3094 1274 ἀφ’
3135 1200 3209 1259 ὧν
3253 1197 3489 1281 ἔγραψεν

1916 1286 2212 1340 ἐπιστολῶν
2278 1290 2599 1356 ἐγκυκλίων,
2675 1293 2782 1345 τῶν
2858 1296 2916 1347 ὲν
2992 1300 3113 1360 ταῖς
3166 1300 3348 1368 ἁγίαις
3400 1304 3488 1356 ὲκ-

1917 1375 2167 1447 κλησίαις
2218 1380 2737 1452 ἀναγινωσκομένων
2761 1402 2772 1414 ·
2807 1385 2887 1437 ὅτι
2937 1387 3093 1441 ἄλλον
3142 1390 3252 1460 ἔχει
3284 1412 3488 1466 χαρακ-

1917 1469 2059 1539 τῆρα
2086 1472 2117 1540 ἠ
2152 1471 2344 1524 ἑαυτοῦ
2382 1474 2562 1537 πίστις
2588 1476 2680 1527 καὶ
2707 1478 2734 1529 ὁ
2753 1476 2929 1546 λόγος,
2962 1483 3112 1552 παρὰ
3141 1482 3208 1536 τὰ
3239 1485 3343 1538 ὑπὸ
3370 1489 3489 1541 τού-

1916 1576 2022 1611 των
2050 1563 2127 1623 εὶς
2155 1562 2323 1633 ὄνομα
2355 1564 2518 1617 αὑτοῦ
2552 1567 2609 1617 ὲν
2640 1570 2759 1631 ταῖς
2786 1569 3083 1638 Περιόδοις
3106 1576 3482 1648 νενοθευμένα.

1921 1649 2093 1713 Αὐτὸς
2120 1651 2227 1723 γὰρ
2274 1655 2569 1724 παρθενίαν
2600 1657 2855 1723 διδάσκει,
2892 1664 2985 1716 καὶ
3025 1667 3179 1719 αὐτοὶ
3212 1670 3271 1721 of.
3303 1670 3483 1741 δέχον-

1916 1755 2022 1792 ται·
2055 1743 2215 1806 αὐτὸς
2258 1744 2365 1815 γὰρ
2406 1746 2734 1817 ἐγκωμιάζει
2783 1752 2985 1817 Ἠλίαν,
3010 1757 3101 1809 καὶ
3150 1759 3345 1825 Δαὸὶδ,
3391 1766 3486 1817 καὶ

1917 1830 2173 1902 Σαμψὼν,
2206 1838 2296 1889 καὶ
2327 1839 2533 1903 πάντας
2561 1843 2687 1905 τοὺς
2742 1848 3045 1917 προφήτας,
3080 1849 3174 1913 οὓς
3202 1844 3345 1906 οὗτοι
3378 1855 3484 1924 βδεο

1914 1922 2212 1978 λύττονται.
2256 1927 2311 1983 ld
2371 1938 2493 1986 est:
2533 1952 2551 1983 ‹
2582 1933 2832 1991 Clemens
2887 1940 3001 2008 ipse
3053 1945 3305 2000 omnibus
3362 1922 3481 2003 illos

1917 2012 2247 2089 (Ehionaaos)
2299 2023 2473 2077 modis
2515 2018 2803 2095 redarguit"
2839 2029 2903 2083 iis
2949 2033 3196 2101 epistolis
3244 2038 3480 2093 circula-

1918 2103 2090 2169 ribus,
2119 2122 2242 2176 quae
2283 2109 2338 2162 in
2367 2115 2735 2170 sacrosanctis
2781 2118 3028 2175 ecclesiis
3075 2123 3329 2193 leguntur
3362 2145 3376 2189 ;
3414 2144 3479 2182 ex

1916 2194 2115 2263 quibus
2146 2206 2383 2265 constat,
2415 2200 2572 2271 longe
2601 2203 2669 2256 ah
2707 2204 2773 2259 iis
2796 2222 2917 2276 qua:
2948 2210 3002 2262 in
3048 2213 3361 2271 Circuitibus
3414 2218 3481 2270 il-

1917 2285 1985 2341 lis
2030 2287 2258 2359 (Petri)
2297 2291 2398 2345 sub
2445 2292 2567 2362 ejus
2607 2297 2827 2351 nomine
2872 2300 3175 2357 adulterina
3226 2318 3479 2372 exstant,

1916 2376 2066 2433 illius
2101 2379 2258 2434 ﬁdem
2291 2396 2354 2436 ac
2385 2398 2691 2440 sermonem
2723 2387 3095 2447 abhorruisse.
3125 2392 3333 2452 Etenim
3366 2396 3483 2452 Vir-

1915 2468 2199 2539 ginitatem
2226 2472 2341 2536 ipse
2372 2474 2684 2547 (Clemens)
2714 2479 2944 2549 edocet;
2982 2492 3035 2538 et
3066 2485 3152 2539 isti
3180 2486 3480 2563 (Ebionaai)

1916 2563 2207 2632 repudiant
2234 2580 2246 2615 :
2296 2565 2385 2620 ille
2413 2565 2608 2632 Eliam,
2640 2569 2897 2629 Davidem
2926 2587 2978 2631 et
3011 2576 3330 2637 Samsonem
3360 2600 3482 2643 oms.

1914 2668 2121 2724 nesque
2166 2657 2457 2726 prophetas
2500 2665 2880 2733 commendat;
2931 2684 3067 2738 quos
3105 2671 3159 2725 hi
3205 2675 3483 2733 detestan-

1917 2752 2023 2799 tur.
2062 2765 2081 2797 ι
2140 2745 2271 2811 Quae
2323 2749 2568 2818 profecto
2624 2751 2995 2824 Epiphaniana
3053 2762 3266 2820 duabus
3329 2766 3481 2822 hisce

1917 2836 2273 2893 Clementinis
2304 2839 2552 2909 epistolis
2596 2843 2793 2897 mirum
2828 2846 2883 2899 in
2912 2850 3132 2904 modum
3179 2868 3479 2926 congruere

1916 2937 2239 2985 noscuntur.
2274 2930 2516 2986 Primum
2544 2934 2726 3004 itaque
2759 2937 2813 2991 in
2847 2938 2936 3003 iis,
2970 2939 3273 3012 Epiphanio
3303 2956 3439 3004 teste
3460 2991 3476 3014 ,

1917 3018 1974 3075 S.
2052 3019 2303 3079 Clemens
2370 3026 2723 3094 virginitatem
2780 3030 2957 3085 edocet
3010 3050 3033 3087 :
3087 3034 3278 3089 harum
3331 3041 3475 3094 enim

248 3123 653 3181 ιοάςηηθηείδυε
686 3129 829 3197 typis
860 3128 1197 3200 consignata,
1230 3144 1391 3199 quam
1435 3130 1679 3199 epistola,
1707 3128 1813 3185 ve-
1836 3124 1882 3183 (ι
1915 3111 2263 3182 epistularum
2296 3132 2420 3186 pars
2452 3118 2696 3183 minima,
2732 3129 2789 3173 ut
2816 3131 2961 3177 recte
2991 3124 3225 3180 advertit
3242 3126 3479 3186 Wctste-

249 3219 512 3273 nemianat
564 3221 842 3290 opposuit.
882 3219 1096 3275 Utinam
1145 3235 1274 3275 vero
1328 3222 1541 3275 duabus
1596 3236 1813 3291 quoque

251 3311 470 3381 reliquis
496 3313 830 3382 respondere
858 3314 1118 3368 valuisset
1147 3314 1228 3367 vir
1256 3312 1482 3370 doctus!
1519 3314 1588 3366 At
1627 3312 1812 3368 lethali

251 3405 436 3459 morbo
481 3406 847 3461 decumbebat
873 3405 1231 3470 Wetstenius,
1258 3409 1387 3463 dum
1418 3409 1647 3479 primam
1679 3422 1809 3463 exa-

254 3499 385 3553 ravit
417 3499 708 3568 epistolam
759 3517 793 3554 v
840 3499 959 3553 Kal.
1005 3500 1182 3554 Martii
1216 3501 1355 3555 1754
1386 3516 1679 3569 menseque
1726 3516 1813 3555 se-

251 3597 446 3656 quente
492 3590 635 3643 diem
691 3604 1003 3659 supremum
1036 3590 1173 3644 obiit
1202 3605 1254 3643 ix
1287 3589 1405 3643 Kal.
1440 3588 1663 3658 Aprilis,
1714 3605 1813 3642 an-

251 3694 373 3731 num
403 3694 571 3748 agens
604 3693 717 3732 LXI.
752 3677 884 3743 Quae
912 3693 1041 3732 vero
1085 3678 1351 3732 hactenus
1382 3676 1631 3731 recensui
1679 3692 1813 3747 opu-

248 3772 417 3836 scuta,
446 3786 510 3826 ea
542 3772 689 3826 dono
741 3770 929 3840 accepi
962 3771 1029 3825 ab
1057 3770 1428 3826 eruditissimo
1455 3768 1662 3825 Iacobo
1689 3768 1813 3823 Kri—

246 3866 446 3934 gheut;
489 3867 583 3934 qui
615 3864 758 3919 datis
793 3878 1010 3934 qu0que
1044 3862 1456 3919 humanissimis
1484 3862 1677 3917 litteris
1704 3879 1811 3917 una

243 3970 364 4009 cum
404 3971 666 4011 sermone
696 3954 933 4016 funebri,
960 3971 1118 4025 quem
1153 3956 1380 4025 ipsemet
1411 3953 1599 4007 habuit
1626 3954 1680 4007 in
1713 3954 1811 4009 ob—

242 4046 375 4099 itum
405 4046 926 4101 laudatiWetstenii
950 4046 1256 4102 decessOris
1280 4044 1386 4108 sui,
1416 4059 1645 4099 munera
1676 4044 1811 4098 mihi

246 4149 499 4204 pergrata
554 4138 701 4208 large
749 4138 1047 4192 cumulavit
1075 4156 1087 4190 :
1119 4153 1227 4206 quo
1263 4137 1484 4193 nomine
1512 4137 1645 4191 mihi
1676 4146 1807 4191 tem-

238 4243 431 4298 parare
467 4228 612 4283 haud
650 4245 895 4298 possum,
926 4230 1059 4299 quin
1103 4227 1170 4283 V.
1213 4228 1275 4284 C.
1324 4230 1634 4284 comitatem
1676 4229 1812 4285 adeo

238 4316 580 4386 singularem
611 4331 775 4386 quam
805 4318 1039 4372 maxime
1069 4324 1321 4371 testatam
1348 4317 1567 4372 faciam.

305 4405 514 4463 Verum
571 4417 627 4461 ut
668 4409 735 4461 ad
776 4424 887 4463 rem
938 4409 1163 4478 propius
1209 4410 1564 4475 accedamus,
1614 4408 1806 4465 harum

236 4498 595 4565 epistolarum
622 4505 898 4553 auctorem
930 4497 1100 4554 fuisse
1122 4498 1452 4554 Clementem
1481 4498 1807 4564 Romanum,

237 4587 445 4659 duplici
477 4598 926 4659 argumentorum
956 4605 1155 4660 genere
1189 4590 1673 4645 demonstrandum
1715 4606 1811 4645 su-

236 4684 523 4753 scipimus.
580 4682 824 4738 Primum
871 4685 1091 4754 quidem
1140 4683 1376 4754 petimus
1422 4683 1490 4738 ab
1535 4684 1765 4738 externis
1794 4725 1809 4749 ,

233 4777 351 4831 sive
408 4776 766 4845 antiquorum
833 4778 1164 4846 scriptorum
1224 4776 1555 4831 testimoniis
1611 4776 1809 4845 quibus

237 4870 361 4924 illas
392 4868 568 4922 fuisse
602 4882 632 4920 a
661 4865 939 4922 Clemente
973 4867 1308 4938 perscriptas
1352 4868 1647 4931 astruitur,
1694 4867 1810 4920 sive

233 4964 461 5021 Patrum
491 4965 984 5022 vetustissimorum
1034 4964 1291 5033 operibus
1319 4964 1463 5017 unde
1508 4963 1575 5017 ab
1614 4962 1809 5019 iisdem

234 5075 335 5114 eas
377 5058 551 5113 fuisse
595 5057 862 5127 perlectas
902 5056 1198 5125 colligitur.
1238 5054 1480 5110 Alterum
1518 5070 1669 5118 vero,
1720 5056 1807 5108 in-

236 5162 451 5205 ternum
502 5150 737 5211 scilicet,
774 5162 842 5202 ex
869 5147 1003 5217 ipsis
1030 5147 1277 5217 epistolis
1309 5147 1599 5202 sumimus.
1632 5144 1691 5200 In
1721 5147 1808 5201 his

233 5253 420 5299 autem
450 5240 787 5312 argumentis
837 5239 1145 5309 digerendis
1188 5236 1549 5293 Wetstenium
1588 5238 1809 5308 potissi-

309 5378 419 5445 (84)
460 5375 725 5439 Lardner,
755 5376 794 5427 Α
830 5372 1169 5445 dissertation
1192 5387 1328 5445 upon
1353 5370 1439 5445 tlte
1463 5380 1570 5445 tivo
1581 5369 1804 5437 Epistles

234 5442 474 5502 ascribed
537 5457 589 5500 to
620 5446 857 5501 Clement
887 5444 944 5504 of
967 5443 1146 5505 Rome,
1172 5459 1224 5512 p.
1259 5443 1348 5505 57,
1378 5442 1468 5505 54,
1502 5442 1590 5495 57.

299 5519 412 5587 (85)
460 5518 636 5588 Epist.
665 5517 721 5579 ε,
760 5514 902 5588 521,
936 5529 987 5583 p.
1022 5514 1108 5568 89.

304 5581 415 5661 (86)
458 5581 637 5658 Epist.
658 5588 725 5661 _5,
762 5581 791 5656 §
822 5584 886 5638 16
910 5581 1084 5654 seqq.,
1116 5581 1325 5661 p._l99.

304 5590 393 5661 (86
458 5590 637 5658 Epist.
669 5590 725 5650 5,
762 5590 791 5656 §
822 5590 886 5638 16
910 5600 1084 5654 seqq.,
1116 5599 1168 5652 p.
1204 5590 1325 5638 ην.

302 5590 415 5729 (87ζ
452 5661 611 5715 Tom.
657 5657 720 5718 L,
771 5662 1144 5729 pa_rt._ii,-art.
1179 5654 1234 5717 8,
1276 5670 1334 5729 p._
1376 5652 1561 5729 568g
1590 5653 1732 5708 suiv.

302 5723 433 5804 (ενδ)
477 5730 629 5786 Hier.
657 5723 791 5787 xxx}
829 5724 859 5799 §
892 5724 976 5792 15,
993 5723 1127 5795 Opp.
1154 5733 1285 5781 tom.
1323 5726 1359 5788 Ι,
1388 5723 1586 5795 p.139.

1916 3206 2040 3262 nius
2081 3207 2195 3280 (88)
2219 3250 2233 3276 ,
2266 3210 2320 3264 in
2349 3212 2655 3267 extollenda
2684 3213 2902 3284 quidem
2938 3217 3247 3287 virginitate
3296 3236 3482 3277 versa-

1914 3307 2039 3368 tur;
2069 3310 2123 3356 at
2150 3304 2306 3374 longe
2334 3304 2590 3371 maxima,
2630 3306 2738 3361 imo
2784 3315 2895 3363 tota
2942 3312 3173 3379 epistola
3202 3316 3439 3369 secunda
3462 3356 3478 3380 ,

1915 3393 1969 3446 in
2002 3393 2305 3465 virginibus
2338 3395 2496 3449 ol‘ﬁcii
2531 3397 2887 3455 admonendis
2932 3413 3253 3472 occupatur,
3283 3422 3377 3462 seu
3410 3408 3478 3462 de

1912 3485 2225 3555 virginitate
2277 3487 2363 3556 pie
2412 3501 2475 3540 ac
2525 3488 2629 3543 rite
2677 3490 2941 3545 servanda
2996 3503 3292 3562 pertractat
3342 3517 3354 3552 :
3418 3508 3479 3552 ut

1913 3585 2199 3646 propterea
2276 3576 2334 3632 S.
2397 3575 2559 3633 Pater
2602 3580 2657 3632 in
2698 3580 2783 3635 his
2831 3583 3076 3653 epistolis
3125 3587 3477 3657 virginitatem

1913 3669 2094 3737 potius
2136 3668 2381 3735 edocere,
2426 3685 2586 3741 quam
2629 3673 3029 3739 commendare,
3066 3675 3190 3745 jure
3234 3680 3303 3735 ab
3344 3680 3479 3751 Epi-

1912 3762 2113 3831 phanio
2141 3763 2374 3818 dicatur.

1982 3854 2100 3909 Jam
2131 3863 2327 3909 caetera
2356 3870 2768 3926 prosequamur.
2818 3858 3015 3926 Etiam,
3051 3863 3248 3933 inquit,
3291 3866 3477 3920 laudat

1912 3947 2170 4003 Clemens.
2208 3948 2272 4002 Et
2300 3950 2518 4020 quidem
2551 3952 2635 4006 his
2666 3952 2846 4009 verbis
2921 3954 3034 4025 (89)
3078 3971 3092 4009 :
3140 3955 3291 4012 Certe
3316 3962 3478 4014 etiam

1914 4037 2051 4093 Elite
2078 4049 2127 4093 et
2160 4038 2323 4093 Elisaa
2343 4079 2358 4104 ,
2384 4050 2432 4095 et
2461 4042 2746 4095 multorum
2794 4043 3022 4098 aliorum
3062 4059 3363 4102 sanctorum
3396 4068 3479 4105 re-

1911 4133 2139 4202 perimus
2181 4134 2622 4187 conversationem
2652 4133 2815 4202 fuisse
2852 4145 3092 4189 sanctam
3125 4148 3175 4191 et
3214 4140 3326 4193 sine
3357 4158 3473 4195 ma-

1915 4225 2056 4278 cula.
2098 4225 2231 4279 Tum
2259 4241 2411 4290 vero,
2446 4226 2542 4287 ait,
2577 4224 2832 4278 Davidem
2861 4226 3212 4282 commendat.
3244 4229 3301 4283 Id
3338 4246 3475 4299 quo-

1911 4335 2018 4389 que
2048 4317 2128 4373 sic
2162 4318 2461 4388 prtestitum
2488 4332 2519 4370 a
2568 4316 2844 4373 Clemente
2888 4318 3000 4389 (90)
3038 4338 3051 4372 :
3096 4317 3285 4375 Nonne
3327 4322 3476 4379 docet

1915 4418 1961 4464 te
1991 4409 2121 4462 illud
2158 4408 2413 4470 Davidis,
2461 4423 2611 4477 quem
2648 4408 2840 4460 invenit
2886 4407 3027 4461 Deus
3075 4409 3245 4462 virum
3289 4429 3477 4466 secun-

1914 4501 2040 4554 dum
2067 4519 2157 4554 cor
2184 4518 2358 4563 suum,
2389 4501 2647 4553 hominem
2693 4500 2899 4570 fidelem
2922 4542 2937 4565 ,
2975 4504 3261 4572 perfectum
3284 4550 3295 4569 ,
3347 4525 3474 4562 san-

1914 4603 2075 4656 ctum,
2108 4592 2313 4646 verum?
2344 4590 2542 4644 Deinde
2588 4592 2899 4647 Samsonem
2928 4595 3151 4661 extollit,
3186 4599 3467 4669 subjungit

1912 4683 2267 4755 Epiphanius.
2320 4682 2397 4737 En
2445 4683 2840 4738 Clementinum
2888 4686 3063 4740 locum
3111 4688 3222 4758 (9|)
3276 4709 3288 4745 :
3351 4690 3471 4745 Non

1914 4776 2166 4831 audivisti
2206 4776 2268 4829 de
2301 4774 2554 4829 Samsone
2587 4773 2861 4841 Nazirwo,
2885 4792 3003 4828 cum
3033 4794 3133 4847 quo
3173 4779 3272 4847 fuit
3304 4779 3475 4849 Spiri—

1914 4877 1998 4921 tus
2026 4867 2154 4932 Dei,
2186 4867 2296 4920 viro
2326 4866 2493 4935 forti?
2525 4864 2580 4919 Is
2610 4866 2684 4919 vir
2720 4864 3004 4921 Nazirarus
3031 4867 3153 4936 fuit,
3185 4878 3234 4921 et
3256 4882 3471 4924 sanctus

1911 4958 2044 5027 Dei,
2074 4968 2125 5015 et
2157 4960 2258 5025 fuit
2289 4961 2341 5013 in
2372 4957 2681 5028 fortitudine
2709 4968 2760 5014 et
2792 4960 2999 5015 robore.
3032 4960 3272 5032 Denique
3292 5006 3305 5027 ,
3341 4966 3472 5018 sub-

1911 5053 2012 5118 dit,
2064 5069 2240 5107 omnes
2301 5052 2577 5121 prophetas
2635 5051 2881 5107 laudibus
2931 5053 3098 5122 eﬂ'ert.
3146 5053 3363 5109 Scilicet
3415 5059 3468 5114 in

1912 5144 2053 5199 hanc
2088 5144 2412 5200 sententiam
2444 5143 2556 5215 (92)
2588 5163 2602 5198 :
2650 5143 2816 5197 Porro
2844 5145 3004 5197 etiam
3038 5143 3242 5197 Elisam
3271 5157 3321 5199 et
3365 5146 3470 5202 Ge-

1911 5233 2027 5287 ltasi
2059 5242 2109 5286 et
2156 5232 2721 5309 ﬁliosyrophetarum
2765 5233 3051 5300 reperimus
3105 5231 3372 5288 habitasse
3415 5237 3471 5290 in

1981 5368 2092 5437 (88)
2130 5367 2299 5437 Epist.
2336 5367 2401 5421 ad
2428 5365 2494 5423 Η.
2516 5365 2761 5424 Venem.,
2792 5364 2972 5437 p.724.

1980 5436 2091 5507 (89)
2135 5436 2207 5493 De
2239 5439 2365 5507 virg.
2422 5438 2585 5506 epist.
2615 5438 2664 5502 l,
2695 5450 2815 5505 cap.
2845 5436 2896 5489 6.

2003 5507 2093 5576 90)
2128 5507 2302 5576 Epist.
2329 5508 2385 5570 2,
2415 5522 2535 5576 cap.
2566 5507 2619 5561 9.

2003 5577 2094 5646 9i)
2138 5577 2307 5640 Ibid.,
2336 5592 2453 5646 cap.
2490 5580 2541 5629 9.

2004 5646 2094 5721 92)
2130 5647 2292 5711 1m,
2314 5662 2435 5717 Cap.
2469 5646 2563 5702 it.
