4076 6280
556 363 649 418 lli

1672 364 1754 419 AD
1793 365 1849 419 S.
1892 361 2310 419 CLEMENTEM
2353 363 2371 415 l
2411 363 2641 419 ΡΑΡΑΜ

3694 364 3782 418 ΗΞ

554 475 738 531 timore
768 474 901 539 Dei;
931 486 981 532 et
1012 479 1221 548 hospita
1252 497 1353 533 non
1386 480 1486 548 fuit
1515 482 1610 535 eis.
1646 479 1879 532 Micham
1911 488 1960 532 et
1994 494 2115 546 pro—
2146 486 2192 539 Α
2218 492 2395 535 autem
2457 481 2739 537 Samsonis
2784 480 3019 551 elogium
3048 516 3062 542 ,
3115 489 3178 531 ea
3226 475 3444 528 demum
3491 476 3683 528 omnia
3729 479 3780 531 in

550 568 731 633 pltetas
767 586 943 624 omnes
962 572 1173 638 pariter
1203 575 1278 627 sic
1312 574 1599 642 reperimus
1640 571 1906 625 habitasse
1948 572 2001 623 in
2050 573 2117 622 ti-

552 677 694 714 more
753 660 985 717 Domini.
1047 663 1323 721 Hactenus
1374 666 1663 730 Clemens;
1729 663 1888 732 cujus
1938 661 2117 716 verbis

546 756 826 809 enimvero
885 756 953 810 ad
995 755 1276 827 Epiphanii
1326 758 1695 811 testimonium
1744 753 2115 824 comproban-

555 845 684 899 dum
734 848 868 902 nihil
913 848 1116 904 clarius
1166 866 1290 905 esse
1344 858 1438 904 aut
1477 847 1808 904 luculentius
1854 846 2113 910 videtur;

548 952 644 992 seu
676 939 857 1008 potius
892 940 957 994 ad
994 949 1214 997 nostras
1244 941 1507 997 Clementi
1550 939 1875 996 asserendas
1916 938 2115 1008 episto-

546 1036 659 1096 las,
693 1035 829 1088 nihil
873 1036 1053 1103 aptius
1092 1035 1408 1102 huiusmodi
1448 1034 1739 1104 Epiphanii
1776 1032 2112 1093 testimonio,

546 1124 779 1180 validius
813 1126 946 1179 nihil
976 1124 1208 1195 proferri
1237 1141 1396 1195 posse
1425 1126 1620 1195 liquet-
2030 1132 2035 1137 '

623 1216 881 1281 Quamam
925 1232 1054 1272 vero
1099 1217 1365 1272 hactenus
1418 1216 1722 1271 observatis
1760 1214 2111 1283 objiciuntur,

544 1311 921 1380 inspiciamus.
973 1308 1128 1363 Haud
1183 1309 1259 1363 ita
1295 1310 1502 1379 pridem
1535 1308 1600 1363 V.
1636 1307 1698 1363 C.
1753 1327 1771 1359 ι
1803 1307 1946 1361 Nihil
1993 1321 2114 1359 mo-

544 1415 656 1463 ror,
689 1400 901 1468 inquit,
937 1397 998 1452 S.
1034 1398 1319 1468 Epiphanii
1367 1397 1779 1464 testimonium;
1819 1411 1945 1450 nam
1980 1395 2113 1448 illud

542 1491 841 1561 expetitum
892 1500 975 1546 est
1023 1507 1089 1545 ex
1132 1491 1378 1561 epistolis
1426 1489 1761 1554 Clementis,
1814 1503 1936 1558 qua:
1984 1494 2114 1541 tunc

542 1581 845 1653 legebantur
906 1583 961 1636 in
1026 1584 1277 1637 ecclesiis.
1341 1580 1591 1636 Profecto
1666 1596 1734 1635 ex
1799 1579 2115 1634 testimonio

545 1671 605 1726 S.
662 1670 972 1744 Hieronymi
1024 1672 1328 1733 discimus.
1388 1672 1569 1725 nullas
1626 1671 1761 1727 alias
1816 1670 2111 1727 Clementis

542 1769 817 1840 Epistolas
865 1759 1035 1831 aetate
1075 1765 1166 1819 illa
1209 1764 1262 1818 in
1295 1762 1557 1819 Ecclesiis
1589 1761 1691 1832 legi
1733 1763 2107 1827 consuevisse,

543 1863 652 1919 nisi
713 1861 780 1915 ad
834 1857 1150 1914 Corinthios
1203 1857 1456 1927 geminas.
1509 1871 1527 1906 ›
1601 1853 1779 1908 Nolim
1836 1856 2113 1911 enimvero

539 1953 658 2006 viro
706 1948 1076 2006 eruditissimo
1122 1946 1237 2000 haec
1280 1945 1571 2000 excidisse.
1604 1943 1863 1999 Testatur
1892 1944 2111 2014 quidem

542 2045 605 2105 S.
638 2046 1001 2116 Hieronymus
1036 2041 1148 2114 (93)
1176 2082 1190 2104 ,
1219 2040 1515 2097 Clementis
1546 2041 1781 2111 priorem
1825 2040 1894 2094 ad
1930 2038 2113 2096 Eccle-

539 2142 676 2195 siam
707 2137 1119 2193 Corinthiorum
1153 2133 1449 2205 Epistolam
1482 2134 1537 2186 in
1569 2132 1849 2187 nonnullis
1876 2133 2112 2190 cmtibus

539 2229 933 2285 ecclesiasticis
983 2227 1175 2280 lectam
1211 2223 1384 2278 fuisse
1436 2242 1450 2290 ;
1496 2231 1550 2276 at
1580 2223 1862 2278 secundam
1911 2240 1943 2275 a
1974 2233 2109 2278 vete-

541 2318 685 2371 ribus
738 2315 1073 2385 reprobatam
1129 2312 1368 2378 asserit;
1425 2318 1636 2365 tantum
1696 2313 1871 2376 abest,
1930 2320 1991 2365 ut
2057 2314 2111 2365 in

551 2408 802 2463 ecclesiis
834 2416 965 2459 tunc
998 2403 1101 2473 legi
1146 2403 1499 2458 consuevisse
1541 2404 1773 2472 geminas
1809 2403 1873 2457 ad
1916 2402 2112 2458 Corin-

542 2501 691 2555 thios
721 2497 1003 2567 epistolas,
1036 2511 1101 2550 ex
1132 2493 1252 2562 ejus
1287 2493 1599 2548 testimonio
1628 2494 1929 2551 discamus.
1956 2495 2110 2562 Quod

543 2602 724 2645 autem
766 2588 869 2641 hac
914 2586 979 2641 de
1018 2602 1078 2641 re
1124 2584 1317 2639 ductor
1366 2585 1658 2648 maximus,
1703 2585 1846 2640 idem
1893 2601 2111 2656 quoque

546 2691 670 2735 ante
704 2679 881 2749 ipsum
922 2675 1215 2747 Dionysius
1243 2674 1562 2729 Corinthius
1583 2718 1597 2742 ,
1638 2675 1780 2731 idem
1807 2678 1971 2732 etiam
2003 2676 2109 2731 Eu-

543 2774 727 2827 sebius
757 2769 1132 2835 Cazsariensis,
1184 2768 1324 2823 idem
1373 2768 1566 2838 reliqui
1610 2769 1947 2838 antiquiores
1983 2785 2109 2840 pro-

542 2864 782 2917 ﬁtentur.
820 2859 954 2915 Cum
999 2859 1182 2928 itaque
1215 2864 1365 2912 certo
1391 2866 1603 2914 constet
1632 2874 1697 2913 ex
1736 2866 1977 2913 veterum
2028 2868 2108 2914 te-

541 2952 837 3018 stimoniis,
871 2965 1056 3013 unam,
1105 2957 1157 3003 et
1208 2949 1425 3018 quidem
1480 2951 1753 3019 priorem,
1807 2949 2108 3007 Corinthiis

543 3045 863 3114 inscriptam
898 3041 1185 3111 epistolam
1225 3042 1439 3110 publice
1477 3042 1649 3098 fuisse
1686 3043 1981 3098 lectitatam
2003 3084 2019 3109 ,
2053 3046 2106 3099 id

542 3138 721 3208 ipsum
792 3133 1036 3205 profecto
1094 3132 1433 3202 Epiphanius
1504 3133 1631 3188 item
1695 3134 1915 3191 novisse
1980 3136 2175 3228 jurec

541 3226 945 3285 existimandus
992 3243 1006 3279 :
1039 3225 1279 3294 adeoque
1303 3264 1318 3289 ,
1360 3225 1450 3278 ubi
1483 3241 1592 3279 non
1622 3242 1783 3280 unam
1808 3226 2103 3284 Clementis

541 3318 850 3391 epistolam,
892 3316 987 3371 sed
1027 3316 1147 3384 ejus
1196 3314 1462 3384 Epistolas
1502 3318 1788 3373 circularcs
1828 3319 1883 3373 in
1930 3321 2105 3374 eccle-

542 3411 642 3466 siis
671 3408 841 3464 fuisse
873 3407 1143 3477 perlectas
1171 3404 1420 3469 affirmat,
1450 3409 1517 3461 de
1547 3407 1913 3465 Corinthiacis
1959 3410 2104 3480 epis-

544 3502 675 3557 tolis
723 3498 894 3568 ipsius
929 3496 1092 3551 verba
1139 3496 1289 3549 nullo
1316 3501 1477 3564 pacto
1512 3496 1826 3565 accipienda
1860 3513 1982 3553 esse
2022 3499 2103 3551 vi-

544 3593 763 3647 dentur.
796 3588 935 3656 Quid
952 3588 1093 3658 quod
1119 3587 1549 3658 Epiphanianum
1580 3588 1948 3643 testimonium
1968 3590 2103 3645 alias

546 3686 771 3741 omnino
814 3684 884 3738 ab
922 3682 1165 3754 epistolis
1209 3681 1277 3736 ad
1321 3681 1634 3737 Corinthios
1679 3681 1952 3752 respicere
1981 3698 2101 3751 per-

549 3778 806 3834 hibetur?
875 3775 935 3831 ln
990 3774 1353 3832 Corinthiacis
1410 3775 1555 3829 enim
1609 3774 1757 3827 nulla
1826 3773 2101 3829 Samsonis

546 3870 774 3933 mentio,
807 3884 983 3939 neque
1027 3868 1240 3938 uspiam
1268 3868 1499 3920 omnium
1546 3866 1913 3936 prop/telarum
1938 3882 2104 3921 enco-

544 3963 713 4017 mium
743 3961 981 4016 occurrit
1008 3977 1022 4026 ;
1048 3967 1107 4013 ut
1133 3960 1339 4029 reliqua
1369 3968 1753 4028 praetereamus
1784 3976 1795 4011 :
1830 3973 1951 4026 quae
1973 3974 2104 4013 sane

546 4054 601 4108 in
652 4051 901 4122 epistolis
949 4047 1305 4104 Clementinis
1344 4047 1617 4113 extitisse,
1663 4044 1722 4102 S.
1768 4046 2103 4117 Epiphanius

542 4145 853 4198 luculenter
879 4148 1133 4196 testatur.

612 4234 681 4288 At
705 4233 921 4303 inquies
948 4247 1073 4286 cum
1111 4230 1389 4285 Lardnero
1425 4227 1560 4301 (94),
1591 4228 1954 4299 Epiphaninm
1980 4230 2101 4299 qui—

543 4327 663 4381 dem
695 4326 953 4396 epistolas
981 4321 1276 4379 Clementis
1316 4337 1421 4375 una
1455 4322 1638 4391 plures
1679 4336 1997 4391 agnoscere,
2019 4330 2101 4375 at-

542 4432 648 4486 que
699 4417 755 4469 in
805 4415 872 4468 iis
921 4428 1031 4467 non
1092 4413 1267 4468 solum
1322 4413 1389 4466 de
1439 4410 1760 4483 Virginitate
1810 4412 2103 4481 scripsisse

2221 577 2426 633 nostris
2456 575 2698 648 Syriacis
2721 581 3077 646 comparent;
3110 571 3316 625 frustra
3338 582 3467 623 vero
3495 568 3549 622 in
3582 567 3783 627 Cra-cis

2219 669 2471 738 requiras
2520 686 2533 722 ι
2584 675 2643 721 ut
2690 675 2976 738 pr0pterea
3028 663 3237 718 nullum
3280 660 3517 731 amplius
3560 660 3777 716 dubium

2219 774 2509 830 superesse
2538 758 2732 813 merito
2769 759 3038 820 videatur,
3071 754 3205 825 quin
3249 753 3317 808 de
3346 752 3624 823 prioribus
3668 761 3781 807 tan-

2217 857 2353 917 tum,
2385 867 2496 906 non
2527 857 2706 906 autem
2744 851 2811 905 de
2839 846 3237 919 posterioribus
3259 884 3273 910 ,
3314 843 3600 914 Epiphanii
3630 846 3777 900 testi-

2218 944 2460 997 monium
2493 944 2565 997 sit
2596 942 2998 1012 accipiendum.

2288 1033 2623 1090 Lardnerum
2661 1040 2884 1089 secutus
2916 1030 3022 1085 alia
3063 1030 3218 1101 plura
3248 1028 3492 1099 congerit
3517 1028 3773 1084 Herman-

2216 1141 2319 1180 nus
2348 1123 2605 1191 Venema,
2631 1124 2829 1195 quibus
2861 1121 3293 1193 Epiphanianum
3330 1121 3507 1174 locum
3535 1128 3771 1184 enervet,

2222 1223 2385 1282 atque
2438 1214 2490 1267 in
2547 1216 2871 1269 sententiam
2926 1226 3081 1267 suam
3135 1210 3432 1282 pertrahat.
3495 1209 3559 1263 Et
3606 1211 3775 1281 primo

2215 1306 2431 1374 quidem
2463 1306 2736 1375 negotium
2785 1304 3007 1359 facessit
3052 1304 3167 1358 viro
3196 1303 3390 1357 critico
3441 1301 3595 1372 (95),
3636 1301 3776 1372 quod

2217 1390 2275 1444 S.
2309 1390 2643 1461 Epiphanius
2671 1393 3026 1461 ἐγκυκλίους,-
3045 1391 3354 1467 circulares,
3378 1391 3638 1461 epistulas
3661 1406 3779 1446 nos-

2213 1491 2329 1538 tras
2380 1484 2644 1554 appellet;
2673 1495 3047 1541 verumtamen
3087 1487 3326 1540 animum
3368 1485 3436 1539 ab
3479 1486 3581 1539 hoc
3628 1501 3779 1540 scru-

2212 1576 2343 1645 pulo
2404 1591 2695 1647 parumper
2749 1586 3038 1644 avertens,
3114 1578 3465 1646 nondumque
3534 1576 3778 1647 deposita

2213 1673 2361 1725 omni
2411 1672 2782 1736 cunctatione,
2831 1674 3118 1728 elucescere
3160 1674 3256 1735 ait,
3316 1671 3373 1728 S.
3418 1671 3639 1727 Patrem
3690 1673 3781 1727 hoc

2215 1762 2397 1817 addito
2437 1765 2649 1820 criterio
2681 1767 3075 1837 vulgatissimos
3108 1774 3317 1821 tantum
3358 1764 3664 1821 Corinthiis
3701 1766 3784 1821 in-

2215 1857 2447 1925 scriptas
2499 1859 2556 1912 in
2604 1860 2769 1914 oculis
2816 1859 3077 1913 habuisse.
3136 1858 3342 1914 Vereor
3398 1859 3655 1928 equidem
3718 1874 3786 1914 ne

2215 1948 2377 2003 dictis
2437 1948 2788 2006 Venemianis
2851 1952 3121 2005 calculum
3185 1966 3294 2006 non
3353 1951 3623 2021 adjiciant
3682 1952 3783 2006 viri

2202 2036 2380 2117 docti,
2417 2050 2476 2094 ut
2513 2058 2635 2112 qua}
2666 2043 2849 2099 minus
2877 2052 3023 2099 recte
3066 2044 3169 2100 sibi
3207 2044 3478 2100 cohaerere
3501 2043 3782 2099 videntur.

2204 2128 2502 2200 Utcunque
2538 2140 2717 2187 autem
2770 2149 2855 2189 res
2902 2150 2959 2190 se
2996 2136 3212 2199 haheat,
3243 2135 3374 2190 nihil
3420 2150 3549 2190 sane
3600 2136 3787 2206 prohi-

2200 2216 2337 2283 bet,
2375 2223 2672 2291 quominus
2707 2226 2789 2279 vel
2833 2227 3245 2291 existimemus,
3296 2225 3590 2297 Epiphanii
3630 2235 3789 2282 aetate

2217 2313 2363 2381 apud
2392 2315 2683 2372 nonnullas
2706 2318 2970 2374 ecclesias
3018 2317 3075 2372 in
3126 2335 3279 2375 more
3323 2320 3493 2374 fuisse
3535 2320 3787 2388 positum

2219 2403 2481 2470 epistolas
2509 2400 2587 2459 De
2635 2407 2933 2477 virginitate
2960 2410 3174 2479 publice
3206 2411 3330 2481 legi;
3359 2410 3442 2464 vel
3469 2424 3603 2465 cum
3634 2409 3788 2466 Wet-

2212 2493 2389 2547 stenio
2422 2493 2534 2566 (96)
2565 2512 2890 2554 censeamus
2920 2517 2940 2551 ι
2975 2499 3336 2572 Epiphanium
3363 2509 3422 2556 ut
3447 2500 3747 2559 Ebionaeos
3770 2544 3786 2568 ,

2211 2596 2320 2635 non
2361 2582 2659 2642 Clementis
2699 2589 2905 2653 solum,
2945 2591 3039 2646 sed
3080 2593 3242 2648 etiam
3284 2591 3542 2647 Ecclesiae
3595 2603 3792 2649 aucto-

2212 2671 2373 2727 ritate
2441 2688 2754 2745 premeret,
2827 2683 3135 2737 encomium
3191 2684 3357 2754 priori
3410 2682 3793 2741 Corinthiacae

2209 2764 2465 2835 Epistola:
2493 2769 2776 2836 tributum,
2815 2772 2869 2827 in
2900 2781 3188 2844 utramque
3225 2778 3295 2828 ad
3324 2776 3546 2846 virgines
3602 2788 3791 2833 trans-

2210 2859 2420 2916 tulisse.
2456 2881 2474 2914 ι
2523 2862 2724 2929 Quidni
2757 2872 2937 2920 autem
2997 2865 3051 2919 id
3086 2867 3189 2921 rite
3220 2867 3429 2923 fecerit
3476 2868 3533 2923 S.
3578 2870 3795 2927 Pater?

2210 2957 2361 3005 ratus
2387 2950 2645 3006 nimirum
2671 2954 2913 3024 episcopi
2939 2954 3168 3011 Romani
3199 2959 3461 3029 epistolas
3488 2962 3560 3015 ad
3593 2962 3793 3019 Eccle-

2209 3039 2304 3094 sia:
2334 3040 2604 3097 universae
2633 3042 3029 3099 institutionem
3071 3049 3344 3115 pertinere
3368 3091 3383 3116 ,
3414 3054 3795 3120 quemadmo-

2209 3131 2337 3187 dum
2366 3141 2421 3187 et
2452 3133 2518 3188 de
2547 3136 2729 3203 priore
2755 3137 2823 3190 ad
2849 3138 3161 3195 Corinthios
3183 3140 3487 3196 factitatum
3519 3155 3790 3205 noverat.

2208 3222 2379 3277 Porro
2416 3225 2482 3277 ad
2519 3228 2725 3297 reliqua
2769 3227 3142 3298 Epiphaniana
3185 3233 3526 3287 extenuanda
3556 3275 3571 3299 ,
3624 3240 3797 3308 plura

2207 3316 2453 3385 congerit
2484 3315 2622 3370 idem
2667 3318 2750 3371 vir
2778 3319 3065 3385 eruditus;
3098 3334 3216 3389 qua:
3250 3327 3429 3374 tamen
3457 3324 3654 3379 omnia
3690 3342 3797 3382 ex-

2207 3404 2395 3474 pendit
2424 3418 2487 3457 ac
2519 3405 2678 3459 diluit
2706 3406 2777 3461 cl.
2813 3406 2987 3461 editor
3032 3423 3045 3458 :
3078 3407 3214 3462 adeo
3242 3416 3303 3462 ut
3350 3417 3606 3479 constet,
3656 3431 3801 3472 san-

2206 3506 2355 3552 ctum
2384 3499 2700 3569 episcopum
2726 3497 3197 3555 Constantiensem
3219 3542 3233 3566 ,
3264 3502 3391 3556 dum
3413 3505 3583 3559 verba
3622 3524 3803 3581 supe-

2208 3587 2325 3642 rius
2347 3589 2575 3644 recitata
2604 3589 2988 3661 perscriberet,
3016 3589 3067 3643 in
3091 3590 3191 3646 has
3212 3592 3472 3661 epistolas
3513 3593 3803 3667 Syriacas

2206 3682 2395 3736 oculos
2422 3680 2742 3737 intendisse.

2276 3773 2394 3827 ΧΠ.
2482 3773 2782 3845 Epiphanio
2840 3774 3199 3847 Hieronymus
3294 3779 3518 3834 accedat
3588 3782 3804 3840 doctor

2207 3864 2517 3927 maximus,
2571 3864 2724 3919 testis
2761 3865 2896 3917 alter
2926 3867 3405 3935 locupletissimus.
3455 3870 3551 3928 Sic
3617 3876 3807 3947 igitur

2206 3958 2297 4014 ille
2323 3958 2585 4013 adversus
2612 3956 2954 4011 Iovinianum
2992 3960 3105 4029 (97)
3133 3980 3145 4015 :
3177 3961 3247 4015 Hi
3278 3974 3397 4017 sunt
3422 3970 3685 4036 eunuchi,
3729 4006 3809 4017 _

2205 4062 2333 4119 quos
2361 4049 2615 4102 castravit
2656 4064 2760 4102 non
2806 4052 3108 4117 necessitas,
3140 4052 3229 4106 sed
3259 4054 3519 4111 voluntas.
3574 4091 3655 4101 --
3713 4068 3808 4119 Ad

2204 4138 2374 4193 hoset
2431 4137 2667 4194 Clemens
2726 4155 2996 4193 successor
3065 4146 3294 4210 apostoli
3361 4146 3549 4208 Petri,
3632 4156 3809 4222 cujus

2208 4230 2413 4285 Paulus
2439 4234 2706 4299 apostolus
2739 4233 3009 4297 meminit,
3042 4235 3222 4288 scribit
3242 4237 3489 4304 epistolas
3531 4256 3809 4299 omnem-

2203 4339 2301 4392 que
2328 4338 2453 4391 pene
2495 4338 2780 4377 sermonem
2833 4341 2987 4379 suum
3051 4324 3115 4379 de
3163 4328 3479 4395 virginitatis
3535 4338 3813 4397 puritate

2204 4415 2488 4469 contexuit.
2545 4414 2736 4483 Agesis
2786 4430 2955 4480 nunc,
3030 4416 3343 4486 hujusmodi
3391 4420 3813 4484 testimonium

544 4508 909 4569 Clementem,
946 4504 1042 4560 sed
1071 4505 1233 4559 etiam
1263 4504 1583 4559 Samsonem
1614 4503 1887 4567 laudasse,
1921 4503 2098 4573 ipsum
2134 4516 2177 4570 ι)
2207 4502 2597 4573 expendamus.
2632 4501 2759 4556 Tria
2788 4503 2841 4556 in
2873 4519 2939 4558 eo
2963 4511 3090 4557 sunt
3118 4504 3285 4573 probe
3315 4504 3589 4577 notanda.
3630 4509 3679 4566 1,
3718 4515 3817 4571 Ad

546 4598 786 4669 proﬁteri
850 4613 862 4648 :
922 4596 1065 4666 quod
1117 4604 1409 4667 utrumque
1455 4596 1511 4653 in
1557 4597 1805 4667 epistolis
1861 4596 2104 4669 Syriacis

543 4686 899 4758 conspicitur,
952 4687 1294 4746 desideratur
1339 4694 1518 4742 autem
1574 4688 1630 4741 in
1680 4686 1904 4742 Graecis.
1962 4684 2102 4741 Hinc

543 4786 725 4832 tamen
756 4791 914 4830 nemo
950 4776 1073 4844 jure
1105 4774 1361 4845 colligat,
1389 4774 1572 4844 judice
1614 4773 1892 4830 Lardnero
1916 4816 1929 4839 ,
1974 4774 2103 4845 Epi-

543 4870 802 4942 phanium
846 4867 914 4923 de
944 4866 1217 4937 prioribus
1252 4868 1432 4922 statim
1463 4867 1871 4937 intelligendum
1916 4884 1929 4921 :
1974 4882 2098 4921 cum

540 4962 687 5018 enim
728 4967 921 5014 neutra
965 4958 1314 5013 Corinthiaca
1355 4958 1584 5028 epistola
1632 4958 1837 5029 integra
1886 4959 1951 5012 ad
1998 4974 2100 5013 nos

540 5051 892 5125 pervenerit,
930 5049 1045 5105 fieri
1070 5058 1282 5119 potest,
1323 5057 1381 5103 ut
1417 5048 1700 5105 Samsonis
1730 5051 1929 5104 mentio
1959 5050 2102 5105 inter

542 5161 604 5200 ea
635 5160 755 5216 qua:
786 5142 841 5198 in
870 5140 1061 5197 iisdem
1102 5141 1347 5211 epistolis
1373 5141 1592 5205 desunt,
1622 5141 1856 5196 maxime
1886 5158 2015 5198 vero
2045 5144 2099 5197 in

545 5234 802 5298 secunda,
833 5232 1155 5289 occurrerit.
1186 5232 1297 5295 Nae.
1329 5233 1424 5303 qui
1454 5233 1693 5287 rationes
1728 5249 1855 5289 suas
1876 5234 1949 5287 ita
1980 5234 2103 5287 sub-

543 5325 716 5388 ducit,
746 5339 966 5393 operam
1023 5324 1176 5381 ludit.
1205 5322 1344 5390 Quid
1380 5323 1624 5393 quazris?
1672 5325 1854 5380 nullus
1883 5324 2101 5393 conjec-

544 5418 682 5470 turis
714 5417 885 5478 locus,
938 5414 1029 5467 ubi
1072 5429 1159 5468 res
1214 5415 1330 5484 ipsa
1378 5414 1598 5467 clamat.
1642 5413 1986 5482 Quaecunque
2032 5415 2098 5468 de

541 5506 835 5563 Clementis
884 5506 1133 5577 epistolis
1173 5506 1339 5560 refert
1376 5504 1745 5575 Epiphanius,
1802 5505 1857 5559 in
1908 5505 2099 5575 primis

605 5635 729 5713 (9'5)
767 5641 840 5713 De
870 5644 964 5696 vir.
998 5644 1219 5703 illustr..
1255 5660 1375 5713 cap.
1409 5641 1497 5696 15.

610 5710 725 5835 (i2)?
796 5711 1062 5785 Lardncr,
1098 5716 1133 5765 Α
1169 5710 1375 5767 dissert.
1430 5728 1564 5779 upon
1597 5713 1680 5765 the
1731 5721 1825 5766 two
1857 5710 2028 5781 Epist.
2058 5752 2072 5778 ,

537 5798 590 5851 p.
635 5792 652 5808 ‘
706 5822 724 5839 .

2205 4594 2467 4648 eunuchos
2537 4594 2837 4663 spirituales
2909 4602 2963 4648 et
3044 4596 3389 4665 evangelicos
3473 4601 3821 4670 scripsisse

2203 4685 2535 4740 Clementem
2556 4686 2751 4740 asserit
2774 4696 2995 4740 sanctus
3015 4684 3222 4740 doctor.
3240 4684 3427 4741 ILNon
3450 4688 3818 4764 epistolam,

2204 4779 2298 4835 sed
2328 4778 2579 4846 epistolas
2614 4778 2805 4832 iisdem
2836 4778 3126 4847 inscriptas
3166 4780 3343 4847 ipsum
3388 4794 3683 4841 exarasse
3727 4799 3826 4847 te-

2204 4878 2401 4927 statur.
2453 4866 2539 4921 Ill.
2589 4868 2647 4921 In
2676 4868 2761 4923 his
2797 4868 3042 4938 epistolis
3066 4884 3284 4922 omnem
3307 4885 3431 4937 pene
3473 4886 3823 4936 sermonem

2201 4978 2352 5016 suum
2376 4959 2439 5015 de
2459 4960 2775 5029 virginitatis
2795 4960 3024 5020 puritate
3050 4958 3199 5012 illum
3223 4961 3566 5016 contexuisse
3594 4969 3825 5028 tradit,

2202 5050 2332 5118 Quae
2378 5050 2590 5122 quidem
2623 5049 2759 5105 adeo
2799 5058 2927 5105 sunt
2959 5050 3268 5115 manifesta,
3303 5060 3363 5105 ut
3410 5053 3657 5113 nullum
3712 5079 3827 5117 su-

2202 5144 2372 5213 persit
2400 5142 2625 5197 dubium
2656 5142 2789 5211 quin
2825 5140 2894 5197 de
2932 5142 3137 5198 nostris
3161 5143 3409 5212 epistolis
3454 5145 3589 5201 sint
3645 5156 3830 5210 neci-

2201 5234 2417 5303 pienda.
2444 5232 2585 5298 Quid
2621 5248 2751 5287 vero
2810 5233 2876 5287 ad
2918 5234 3033 5288 haec
3067 5235 3264 5290 eruditi
3297 5235 3396 5289 viri
3429 5240 3621 5295 modo
3681 5246 3827 5301 lau-

2201 5324 2352 5378 dati?
2379 5322 2705 5377 Existimant
2732 5338 2924 5392 nempe
2969 5322 3356 5394 Hieronymum
3387 5325 3477 5380 hic
3532 5331 3834 5393 animum

2202 5415 2502 5470 intendisse
2538 5416 2592 5468 in
2634 5414 2926 5469 secundam
2974 5415 3038 5469 ad
3072 5414 3388 5471 Corinthios
3430 5418 3783 5486 epistolam
3814 5468 3832 5488 ,

2202 5505 2293 5558 ubi
2335 5505 2473 5558 forte
2519 5502 2587 5557 de
2637 5504 2947 5575 virginitate
2976 5504 3231 5561 Clemens
3278 5506 3564 5576 prolixius
3619 5516 3841 5583 egerit

2271 5638 2382 5711 (95.)
2420 5637 2591 5711 Epist
2628 5640 2677 5701 ιν
2706 5654 2826 5711 res
2865 5640 2919 5695 6-

2425 5707 2597 5784 Epist.
2632 5707 2801 5784 agili:
2834 5712 3078 5779 Venem.,
3110 5730 3163 5784 p.
3196 5714 3286 5768 ‘22.

2275 5776 2387 5850 (97)
2428 5777 2545 5835 Lib.
2585 5794 2621 5845 ι,
2658 5780 2689 5851 §
2718 5780 2804 5835 ia.
