4074 6286
245 403 333 459 HS

250 612 448 681 integra
510 608 572 662 ad
628 624 742 666 nos
793 612 1059 681 pervenit.
1111 610 1251 677 Quid
1322 613 1550 685 loquar?
1598 614 1798 681 Quovis

249 704 486 776 equidem
513 702 748 772 pignore
778 703 1107 759 contendere
1129 705 1327 768 ausim,
1359 722 1424 761 ex
1453 706 1627 761 tribus
1655 708 1800 763 notis

248 798 300 849 in
342 792 651 848 testimonio
720 791 1149 864 Hieronymiano
1197 796 1539 859 observatis,
1595 797 1801 850 nullam

248 886 456 941 omnino
488 884 786 954 posteriori
818 886 1059 953 epistolae
1089 886 1491 953 Corinthiacus;
1525 895 1580 939 at
1610 895 1802 941 contra

247 976 479 1045 epistolis
509 978 722 1030 nostris
773 976 843 1030 ad
875 992 1037 1030 unam
1091 992 1284 1032 omnes
1328 978 1431 1032 rite
1480 993 1799 1048 congruere.

248 1067 478 1120 Primum
525 1067 673 1121 enim
725 1066 809 1121 hae
852 1067 1133 1138 virginibus
1178 1068 1437 1137 fratribus
1491 1076 1548 1125 et
1590 1071 1805 1140 virgini-

247 1156 330 1208 bus
359 1154 655 1219 sororibus,
679 1154 733 1210 id
754 1166 840 1211 est
858 1158 1122 1211 eunuchis
1149 1158 1523 1227 spiritualibus
1551 1174 1689 1228 quos
1714 1174 1805 1214 ca-

248 1248 435 1301 stravit
463 1248 723 1300 voluntas
749 1285 764 1311 ,
799 1247 1075 1316 inscriptae
1117 1246 1388 1303 feruntur.
1438 1247 1663 1313 Deinde,
1694 1264 1804 1303 non

247 1351 425 1400 unam,
451 1335 546 1390 sed
568 1335 703 1388 duas
735 1336 983 1397 epistolas
1010 1334 1078 1389 ad
1110 1334 1233 1389 illos
1261 1334 1411 1388 misit
1446 1332 1502 1389 S.
1528 1334 1801 1389 Clemens.

248 1425 487 1495 Denique
509 1424 775 1479 iniisdem
803 1442 1005 1479 omnem
1052 1440 1179 1493 pene
1224 1442 1513 1479 sermonem
1552 1424 1614 1478 de
1647 1426 1804 1494 virgi—

245 1518 422 1570 nitatis
452 1516 684 1584 puritate
730 1516 1017 1569 contexuit.
1078 1515 1178 1569 Ubi
1221 1517 1642 1578 advertendum,
1685 1532 1806 1585 per-

244 1622 405 1677 quam
453 1605 704 1676 apposite
758 1605 930 1661 fuisse
974 1606 1213 1660 locutum
1243 1616 1491 1661 sanctum
1542 1606 1803 1676 Hierony—

248 1714 391 1752 mum
445 1717 458 1752 :
523 1696 762 1767 vigilanti
815 1695 1081 1765 siquidem
1114 1697 1263 1751 uerbo
1312 1714 1467 1761 usus,
1520 1710 1578 1751 ut
1623 1698 1806 1767 phrasi

246 1790 649 1862 Augustiniana
694 1791 893 1861 loquar
923 1791 1067 1862 (98),
1112 1798 1276 1861 atque
1307 1793 1672 1848 restrictionis
1715 1808 1807 1847 vo-

1496 408 1834 464 ΡιὶΟαΞΜΙΔ
1877 408 2179 465 νΑιιιοιιυ
2191 410 2254 464 .\i.

248 521 310 576 iis
338 520 391 572 in
424 515 557 571 locis
596 532 731 588 qua:
778 534 929 574 nunc
971 519 1381 589 desiderantur;
1428 539 1601 592 neque
1650 523 1795 577 enim
1829 531 1870 586 Α
1901 520 2187 579 servanda.
2222 521 2316 576 His
2341 489 2674 604 deum

2572 364 2627 383 1"-

2664 432 2669 447 L
2700 432 2731 451 Ii

2510 372 2769 485 ﬂat“;

2453 519 2465 532 .
2510 489 2614 534 ’τί
2645 485 2789 532 -εν-ῠεῖ

2441 619 2444 622 ,
2553 607 2562 616 .~
2629 603 2688 628 ,μή
2721 603 2746 624 ’δε
2782 607 2840 630 λε-

2647 424 2769 490 se...
2784 484 2789 489 .
3360 408 3471 465 ﬂ"

2609 493 3079 594 Weutenio
3113 520 3261 591 (l00)
3288 521 3456 579 addas

1908 614 2089 678 velim,
2124 613 2385 683 epistolas
2412 593 2941 698 acas
2984 625 3082 679 pro
3129 609 3460 681 Hieronymo

1904 712 1959 758 et
1987 713 2177 759 contra
2211 693 2826 778 JoviniaUﬁﬁne
2857 696 3037 751 facere
3070 716 3082 752 :
3122 699 3177 751 in
3206 699 3273 751 iis
3315 703 3458 754 enim

1904 798 2096 851 statuit
2131 796 2387 852 Clemens
2420 793 2497 863 (Ι)
2521 786 2851 862 ,v'irginibus
2889 792 3087 846 sanctis
3128 792 3462 846 excellentio-

1904 906 2010 943 rem
2050 890 2105 943 in
2148 890 2287 943 caelis
2331 888 2500 943 locum
2554 886 2738 939 datum
2783 886 2889 950 iri,
2938 900 3093 954 quam
3148 884 3457 953 conjugibus

1903 980 2103 1034 sanctis
2137 995 2159 1034 .·
2202 995 2323 1050 qua:
2362 989 2449 1034 est
2500 979 2776 1049 ipsissima
2818 976 3086 1030 sententia
3122 974 3458 1046 Hieronymi.

1905 1069 2107 1125 Verum
2137 1085 2201 1124 ex
2236 1069 2492 1140 Epistolis
2516 1069 2716 1125 Graecis
2742 1069 2948 1124 nullum
2980 1084 3091 1121 suae
3118 1082 3295 1121 causa:
3328 1084 3461 1137 prie-

1905 1161 2106 1219 sidium
2166 1177 2413 1233 quaerere
2464 1163 2739 1231 potuisset
2792 1170 3020 1215 sanctus
3074 1159 3302 1222 doctor,
3370 1160 3460 1213 ubi

1904 1253 2113 1308 nullum
2161 1253 2229 1308 de
2295 1254 2608 1324 virginitate
2661 1252 2892 1307 colenda
2951 1253 3263 1322 vestigium.
3333 1251 3462 1317 Quae

1906 1359 2030 1400 cum
2078 1344 2151 1397 ita
2193 1358 2254 1397 se
2288 1344 2556 1403 habeant.
2602 1343 2821 1398 nonnisi
2871 1342 2936 1397 de
2981 1344 3183 1396 nostris
3238 1340 3307 1396 ad
3357 1344 3461 1395 virs

1904 1434 2047 1503 gines
2085 1433 2334 1502 epistolis
2373 1432 2688 1503 Hieronymi
2745 1433 2909 1487 verba
2961 1432 3312 1505 intelligenda
3338 1447 3461 1489 esse

1908 1531 2233 1578 noscuntur.

1979 1610 2086 1664 Sed
2123 1626 2253 1666 ecce
2280 1610 2378 1665 tibi
2424 1625 2618 1664 rursus
2658 1611 2743 1665 vir
2776 1610 2865 1665 ille
2909 1611 3280 1677 doctissimus,
3304 1613 3463 1682 cujus

1908 1700 2067 1769 paulo
2110 1710 2233 1755 ante
2275 1701 2654 1763 meminimus,
2698 1702 2789 1769 qui
2829 1717 2896 1755 ex
2940 1700 3254 1771 Hieronymi
3298 1703 3465 1757 silen-

1910 1790 1984 1843 tio
2009 1791 2061 1844 in
2094 1791 2233 1845 libro
2268 1790 2340 1845 De
2360 1792 2484 1845 viris
2508 1791 2823 1856 illustribus,
2886 1792 3074 1845 harum
3102 1792 3463 1862 Epistolarum

244 1882 417 1935 culam
471 1895 597 1949 pene
628 1896 903 1950 usurpans
930 1922 944 1948 ,
987 1897 1095 1936 non
1127 1899 1329 1936 omnem
1362 1883 1608 1939 absolute
1634 1883 1803 1947 dixit,
1838 1873 1880 1928 B
1909 1876 2336 1945 suppositionem
2384 1879 2638 1933 evincere
2690 1879 2985 1933 existimat.
3042 1899 3059 1930 ‹
3083 1879 3461 1953 Hieronymus,

246 1975 335 2029 sed
370 1991 574 2027 omnem
614 1989 743 2042 pene
789 1990 1095 2029 sermonem
1147 1975 1213 2030 de
1261 1976 1574 2044 virginitate
1609 1990 1638 2027 a
1686 1975 1810 2031 Cle-

246 2073 420 2120 mente
468 2064 642 2121 fuisse
682 2074 1008 2121 contextum
1061 2084 1075 2121 :
1130 2075 1417 2137 propterea
1466 2069 1697 2131 scilicet,
1752 2074 1809 2121 ut

245 2158 441 2227 optime
490 2157 826 2214 Wetstenius
880 2156 1014 2225 (99),
1065 2156 1207 2227 quod
1260 2157 1315 2212 in
1363 2158 1537 2227 prima
1579 2158 1808 2227 epistola

246 2264 359 2320 cap.
396 2250 485 2314 M,
519 2250 701 2320 agitur
752 2249 819 2304 de
850 2250 1143 2304 visitandis
1176 2250 1424 2325 aegrotis,
1457 2262 1510 2304 et
1560 2265 1679 2320 cap.
1715 2251 1803 2313 15,

246 2340 309 2396 de
356 2341 480 2397 aliis
544 2340 776 2406 olliciis,
845 2358 965 2412 quae
1036 2358 1145 2396 non
1212 2342 1385 2413 magis
1441 2341 1510 2395 ad
1570 2343 1808 2412 virgines

246 2450 404 2504 quam
448 2433 520 2488 ad
568 2435 835 2506 conjuges
888 2435 1202 2505 pertinent;
1259 2434 1313 2487 in
1373 2433 1612 2489 secunda
1680 2449 1809 2489 vero

246 2531 626 2592 proponuntur
675 2526 923 2592 exempla
970 2523 1134 2579 Mosis
1167 2563 1182 2583 .
1236 2522 1475 2579 Aaronis
1501 2530 1555 2578 et
1601 2522 1803 2591 Josuaa,

247 2614 334 2683 qui
364 2623 518 2670 certe
545 2615 601 2669 in
631 2615 892 2685 conjugio
918 2617 1193 2670 vixerunt.

308 2704 379 2757 At
407 2706 554 2759 enim
588 2704 954 2777 Hieronymus
982 2707 1035 2760 in
1068 2706 1531 2775 disputationibus
1561 2722 1684 2763 cum
1712 2707 1808 2763 ad-

244 2798 529 2859 versariis,
569 2813 634 2853 ac
664 2800 965 2868 praesertim
995 2813 1060 2853 eo
1091 2799 1146 2852 in
1172 2798 1313 2852 libro
1355 2808 1537 2852 contra
1569 2795 1809 2852 Iovinia-

250 2904 394 2951 num,
425 2888 613 2942 omnia
640 2900 927 2959 exaggerat
957 2898 1117 2958 atque
1150 2888 1496 2958 hyperbolice
1528 2888 1766 2958 loquitur
1791 2908 1804 2943 :

246 2989 303 3033 ut
340 2980 575 3049 proinde
615 2979 759 3033 haud
796 2980 1020 3034 miretur
1070 2978 1341 3048 quispiam
1368 3018 1383 3043 ,
1426 2978 1471 3033 si
1512 2978 1807 3034 secundam

247 3067 632 3122 tantummodo
687 3067 973 3137 epistolam
1026 3067 1432 3123 Corinthiacam
1484 3068 1805 3138 respiciens,

251 3158 509 3226 epistolas
561 3157 733 3213 luisse
778 3172 809 3209 a
839 3156 1117 3215 Clemente
1157 3160 1487 3230 perscriptas
1526 3165 1754 3215 testetur
1792 3180 1805 3215 :

247 3265 364 3319 qua:
396 3259 484 3305 est
508 3251 746 3321 primum
779 3248 964 3304 Grabii
992 3292 1005 3314 ,
1037 3252 1233 3308 deinde
1261 3252 1523 3307 Lardneri
1554 3260 1608 3307 et
1638 3250 1812 3307 Vene-

249 3356 345 3394 ma:
380 3342 672 3396 sententia.
705 3340 837 3396 Esto
873 3362 884 3395 :
920 3344 1267 3398 consueverit
1292 3345 1583 3414 aliquando
1614 3344 1668 3398 in
1700 3344 1814 3398 dis-

249 3433 547 3501 putationis
577 3444 716 3489 aestu
760 3451 1084 3505 exaggerare
1128 3437 1526 3510 Hieronymus;
1578 3454 1687 3493 non
1731 3446 1814 3493 est

251 3531 427 3579 tamen
482 3541 584 3580 cur
619 3526 708 3581 hic
740 3527 919 3603 ipsum
964 3544 1072 3582 non
1125 3529 1390 3593 humane,
1430 3545 1538 3584 non
1599 3530 1816 3599 proprie

251 3614 490 3669 loculum
529 3616 925 3671 existimemus.
964 3615 1256 3683 Prmterea,
1304 3618 1566 3687 epistolas
1615 3617 1680 3671 ad
1722 3634 1814 3671 eu-

252 3706 443 3759 nuchos
493 3708 844 3777 evangelicos
912 3709 1130 3764 dedisse
1187 3708 1519 3764 Clementem
1569 3710 1815 3780 perhibet

252 3794 308 3849 S.
341 3796 528 3853 Pater.
566 3797 708 3852 Num
740 3813 868 3869 ergo
901 3806 955 3854 et
998 3800 1088 3856 hic
1136 3800 1289 3855 illum
1320 3800 1612 3872 hyperbole
1644 3800 1814 3859 fuisse

250 3906 448 3957 usum;
498 3898 592 3945 aut
639 3890 708 3945 ad
754 3906 848 3947 eos
881 3909 1006 3963 quos
1052 3894 1303 3947 castravit
1352 3910 1455 3947 non
1500 3895 1806 3962 necessitas,

254 3981 344 4036 sed
368 3983 641 4045 voluntas,
687 3984 905 4038 missam
936 3985 1248 4055 putabimus
1274 4001 1394 4056 qua:
1424 3993 1507 4042 est
1547 3988 1815 4057 posterior

248 4073 311 4125 ad
338 4072 705 4126 Corinthios?
729 4072 869 4140 Quid
901 4074 1045 4143 quod
1090 4073 1426 4145 Hieronymo
1466 4077 1814 4133 consentiens

246 4159 614 4230 Epiphanius,
645 4168 874 4217 testatur
912 4163 1194 4217 circulares
1237 4165 1488 4233 epistolas
1562 4167 1813 4222 eumdem

246 4249 556 4304 missitasse
587 4250 941 4315 Clementem,
972 4251 1025 4304 in
1057 4253 1253 4321 quibus
1287 4253 1639 4323 virginitatem
1679 4254 1810 4309 edo-

244 4338 374 4392 cet?
398 4339 489 4392 An
524 4354 658 4393 vero
689 4348 913 4394 sanctus
955 4355 1172 4410 quoque
1218 4339 1657 4397 Constantiensis
1694 4345 1814 4414 epi-

244 4440 449 4498 scopus
484 4444 851 4500 exaggerasse
880 4429 1188 4484 dicendus?
1219 4428 1326 4485 Fac
1358 4430 1595 4502 denique
1627 4434 1681 4487 in
1726 4450 1814 4488 re-

1910 1966 2117 2036 inquit,
2171 1968 2226 2020 in
2288 1967 2547 2039 Catalogo
2596 1970 2921 2041 scriptorum
2968 1971 3464 2028 ecclesiasticorum

1908 2058 2247 2114 Clementem
2274 2076 2383 2115 non
2417 2062 2660 2132 negligit,
2696 2062 2989 2131 laudatque
3032 2064 3152 2133 ejus
3179 2067 3464 2135 epistolam

1909 2150 2138 2219 primam
2170 2151 2237 2205 ad
2264 2150 2583 2209 Corinthios
2611 2173 2624 2208 :
2649 2155 2894 2209 meminit
2921 2162 2974 2210 et
3006 2157 3278 2221 secundae,
3302 2174 3466 2228 quam

1908 2248 2086 2297 tamen
2123 2259 2232 2298 non
2262 2244 2331 2299 ab
2379 2244 2634 2300 omnibus
2676 2245 2887 2299 admitti
2922 2246 3170 2303 allirmat.
3214 2248 3466 2305 Profecto

1908 2348 2016 2387 non
2062 2334 2304 2390 siluisset
2346 2342 2400 2391 et
2449 2336 2693 2406 geminas
2736 2338 2895 2402 alias,
2941 2340 2988 2392 si
3035 2347 3245 2396 nosset.
3278 2360 3295 2393 ι
3343 2340 3467 2396 Ilias

1908 2424 2096 2495 utique
2129 2440 2236 2478 non
2267 2426 2546 2481 omisisset
2578 2434 2803 2483 sanctus
2835 2427 3046 2494 doctor,
3079 2432 3124 2485 si
3153 2443 3337 2488 nosset
3360 2449 3468 2503 quo

1908 2520 2156 2583 tempore
2184 2516 2384 2571 librum
2416 2515 2490 2571 De
2530 2518 2655 2572 viris
2682 2517 2977 2574 illustribus
3008 2520 3198 2577 edidit.
3258 2521 3467 2579 Hincne

1908 2620 2042 2659 vero
2068 2621 2255 2660 earum
2287 2606 2654 2678 integritatem
2682 2619 2991 2680 suspectam
3024 2612 3250 2668 reddere
3279 2614 3471 2669 liceat?

1908 2695 2076 2759 Cedo,
2094 2713 2203 2767 quo
2223 2698 2441 2752 demum
2460 2715 2603 2755 anno
2615 2700 2848 2755 confecti
2869 2700 3021 2756 fuere
3044 2705 3158 2758 sive
3177 2704 3467 2773 Catalegus

1910 2786 2001 2840 ille
2053 2785 2511 2859 Hieronymianus
2545 2790 2634 2843 ubi
2672 2791 2821 2845 nulla
2860 2801 3171 2847 nostrarum
3217 2796 3472 2865 epistola-

1910 2894 2031 2933 rum
2071 2880 2309 2945 mentio,
2358 2880 2475 2935 sive
2510 2880 2633 2934 libri
2664 2880 2774 2936 duo
2829 2895 3015 2939 contra
3040 2884 3378 2941 Iovinianum
3416 2888 3469 2940 in

1909 2971 2109 3042 quibus
2133 2971 2334 3027 eaedem
2359 2989 2424 3027 ex
2450 2980 2636 3027 nostra
2667 2978 2934 3031 sententia
2960 2975 3274 3030 laudantur?
3307 2977 3467 3031 Scili-

1910 3072 1995 3116 cet
2016 3079 2081 3116 ex
2113 3063 2233 3133 ipso
2257 3062 2588 3136 Hieronymo
2609 3066 2872 3121 discimus
2899 3066 2995 3137 (2),
3024 3066 3221 3121 librum
3242 3066 3319 3120 De
3344 3068 3468 3121 viris

1913 3154 2209 3208 illustribus
2254 3154 2425 3211 fuisse
2449 3156 2757 3231 absolutum
2785 3174 2921 3211 anno
2974 3158 3247 3212 Theodosii
3272 3159 3468 3227 princi-

1914 3245 1994 3314 pis
2024 3260 2134 3309 xlv,
2160 3245 2263 3299 hoc
2296 3253 2382 3313 est
2410 3262 2555 3301 anno
2577 3246 2777 3302 Christi
2803 3247 3087 3304 392.Patet
3116 3258 3377 3319 praeterea
3403 3266 3469 3305 ex

1914 3336 2100 3391 eodem
2126 3344 2322 3393 sancto
2355 3336 2599 3404 doctore,
2628 3339 2800 3394 libros
2829 3338 3092 3395 adversus
3118 3339 3468 3395 Iovinianum

1915 3435 2039 3498 post
2070 3428 2217 3482 hunc
2256 3428 2433 3499 ipsum
2480 3446 2682 3484 annum
2724 3429 2995 3499 prodiisse
3044 3450 3055 3485 :
3103 3431 3374 3500 siquidem
3414 3432 3471 3487 in

1915 3532 2102 3573 eorum
2136 3517 2333 3587 primo,
2372 3534 2523 3572 num.
2565 3517 2634 3572 26
2686 3520 2867 3589 operis
2917 3518 2994 3573 De
3020 3520 3146 3573 uiris
3174 3518 3470 3575 illustribus

1914 3608 2180 3663 meminit.
2212 3608 2412 3674 Quare,
2465 3624 2607 3664 anno
2659 3610 2940 3664 minimum
2991 3610 3116 3674 595,
3158 3620 3251 3665 aut
3293 3611 3470 3666 serius

1914 3700 2165 3761 fortasse,
2220 3706 2410 3752 contra
2441 3698 2785 3752 Iovinianum
2842 3698 3121 3769 scripserit
3152 3696 3209 3753 S.
3258 3698 3469 3754 doctor.

1914 3788 2058 3843 Nihil
2091 3788 2255 3858 igitur
2283 3789 2502 3854 mirum,
2548 3789 2593 3861 si
2634 3788 2700 3844 de
2727 3790 2924 3858 quibus
2955 3789 3194 3859 loquitur
3225 3788 3473 3844 Clemen-

1915 3882 2045 3938 tinis
2074 3882 2321 3953 epistolis
2352 3882 2407 3937 in
2436 3881 2503 3937 iis
2532 3882 2709 3946 libris,
2735 3898 2829 3937 eas
2860 3882 2913 3936 in
2953 3882 3210 3952 Catalogo
3250 3892 3471 3952 praeter-

1916 3975 2057 4030 ierit.
2103 3976 2216 4031 Cur
2254 3977 2327 4028 ita
2357 3974 2596 4037 demum,
2649 3975 2900 4045 inquies?
2950 3976 3075 4045 quia
3122 3974 3373 4030 videlicet
3413 3974 3466 4028 in

1916 4067 2137 4137 prologo
2168 4066 2236 4121 ad
2289 4066 2538 4122 eumdem
2585 4065 2901 4138 Catalogum
2946 4068 3189 4136 queritur
3242 4067 3470 4137 ipsemet

1914 4157 2297 4229 Hieronymus,
2323 4159 2580 4227 pleraque
2607 4166 2736 4212 tunc
2768 4159 2871 4212 sibi
2917 4157 3083 4213 fuisse
3114 4158 3467 4226 incomperta.

1918 4248 2095 4319 Neque
2115 4252 2272 4313 enim,
2304 4252 2399 4315 ait,
2430 4250 2491 4303 de
2525 4250 2603 4304 his
2650 4267 2766 4318 qua:
2812 4266 2911 4303 non
2958 4250 3074 4318 legi,
3116 4265 3265 4302 nosse
3293 4249 3469 4316 potui;

1914 4350 1964 4392 et
1996 4338 2133 4407 quod
2159 4339 2280 4392 aliis
2311 4339 2536 4407 forsitan
2577 4339 2646 4390 sit
2674 4350 2874 4401 notum,
2917 4337 3043 4391 mihi
3093 4339 3146 4391 in
3178 4338 3273 4392 hoc
3304 4348 3469 4391 terra-

1915 4446 2033 4482 rum
2062 4428 2253 4498 angulo
2284 4428 2441 4496 fuerit
2470 4429 2720 4495 ignotum.
2760 4426 2898 4492 Quid
2946 4443 3128 4498 porro,
3162 4429 3207 4482 si
3236 4428 3474 4483 sanctis.

244 4519 411 4588 liquis
446 4537 575 4590 qua:
604 4520 926 4575 exciderunt
964 4522 1287 4591 posterioris
1330 4522 1583 4593 Epistolas
1618 4524 1813 4581 Corin-
1844 4531 1887 4588 ι)
1915 4520 2087 4574 simus
2114 4521 2302 4574 doctor
2352 4520 2407 4572 in
2463 4518 2770 4574 subsecutis
2822 4519 2974 4575 libris
3020 4520 3172 4589 plura
3211 4529 3473 4575 memoret

245 4612 466 4675 thiacaa,
503 4610 680 4665 fuisse
706 4610 774 4665 de
803 4609 1126 4680 Virginitate
1156 4612 1395 4667 locutum
1429 4615 1766 4673 Clementem
1797 4639 1809 4675 :

244 4712 298 4757 at
326 4703 629 4773 quomodo,
665 4702 849 4767 sodes,
882 4703 938 4756 in
963 4718 1026 4758 ea
1054 4720 1173 4773 quae
1212 4718 1508 4775 supersunt
1548 4710 1816 4779 quadrent

244 4792 569 4864 Hieronymi
602 4793 785 4859 verba,
816 4794 1016 4864 quibus
1064 4794 1291 4848 allirmat
1324 4796 1377 4851 in
1425 4798 1534 4854 illis
1562 4799 1817 4856 Clemen-

243 4884 379 4939 tinis
406 4884 667 4955 Epistolis
702 4902 903 4939 omnem
934 4904 1058 4957 pene
1088 4902 1373 4945 sermonem
1413 4892 1578 4961 fuisse
1614 4892 1676 4947 de
1711 4896 1817 4946 vir-

239 4979 493 5049 ginitatis
532 4978 765 5048 puritate
814 4986 1158 5038 contextum?
1191 4980 1268 5036 lbi
1319 4999 1551 5053 namque
1594 4986 1816 5054 potissi—

242 5083 398 5121 mum
458 5068 723 5138 pleraque
790 5078 1087 5125 occurrunt
1143 5070 1211 5125 de
1268 5070 1488 5126 Christo
1539 5071 1686 5138 Deo,
1745 5074 1814 5129 de

240 5160 554 5213 vocationis
586 5158 914 5215 Christiana:
958 5163 1267 5231 prmstantia
1292 5202 1307 5229 ,
1348 5163 1415 5219 de
1459 5165 1647 5219 mundi
1682 5182 1814 5221 con-

242 5255 485 5318 temptu,
527 5248 597 5303 de
625 5251 932 5305 certamine
960 5252 1229 5321 spirituali
1251 5292 1267 5317 ,
1311 5253 1380 5308 de
1409 5255 1591 5309 carnis
1629 5270 1813 5309 resur-

241 5344 513 5408 rectione,
540 5342 609 5397 de
636 5343 799 5398 bonis
829 5345 1134 5413 promissis,
1162 5353 1293 5411 etc.,
1319 5346 1648 5416 paucissima
1686 5362 1815 5402 vero

241 5433 313 5487 de
356 5436 601 5489 castitate
643 5436 699 5488 in
723 5452 907 5505 genere
931 5475 947 5501 ,
988 5437 1241 5493 omnibus
1281 5439 1442 5493 etiam
1485 5438 1810 5509 conjugalis,

321 5652 427 5719 (98)
465 5652 640 5721 Aug.,
664 5651 718 5722 at
749 5648 895 5722 toan
930 5692 942 5705 .
975 5658 1130 5705 tract.
1190 5649 1311 5718 leo,
1339 5650 1444 5722 ge,
1478 5651 1610 5722 Opp.
1640 5659 1679 5707 t.
1707 5651 1809 5717 ιιι,

244 5732 384 5791 part.
416 5740 477 5785 ll,
507 5720 620 5777 col.
658 5720 793 5775 804.

313 5793 498 5853 ιιιωι.
537 5810 618 5857 c.,
658 5807 784 5859 pag.
812 5789 901 5843 40.

1918 4619 2271 4665 tractatorum
2326 4611 2820 4664 ecelesiasticorum
2850 4627 3010 4682 Opera
3033 4652 3046 4674 ,
3072 4627 3190 4681 quae
3217 4610 3344 4666 dum
3379 4627 3473 4667 eo—

1917 4704 2163 4759 rumdem
2201 4705 2408 4773 reliqua
2438 4703 2491 4757 in
2522 4702 2777 4774 Catalogo
2797 4718 3119 4769 recenseret,
3153 4705 3473 4759 omisit?An

1916 4808 2045 4846 vero
2076 4792 2258 4847 ﬁctilia
2294 4793 2593 4863 reputanda
2616 4809 2777 4864 Opera
2809 4796 2919 4863 illa,
2941 4812 3005 4851 eo
3029 4795 3173 4866 quod
3197 4796 3385 4850 eadem
3415 4794 3469 4848 in

1917 4882 2175 4954 Catalogo
2204 4884 2639 4953 praetermisisset
2654 4887 2844 4941 doctor
2865 4887 3175 4942 maximus?
3203 4885 3313 4940 lmo
3341 4900 3471 4940 vero

1917 4991 2077 5029 nemo
2104 4976 2225 5045 jure
2260 4978 2588 5033 non'dixerit
2632 4993 2755 5033 eum
2791 4980 2909 5049 ipso
2937 4980 3284 5050 Hieronymo,
3317 4978 3467 5031 illum

1917 5083 2111 5137 nempe
2139 5085 2254 5138 quae
2289 5075 2420 5123 tunc
2474 5087 2575 5123 non
2625 5070 2837 5140 legerat,
2872 5087 3020 5124 nosse
3070 5086 3169 5123 non
3220 5069 3468 5137 potuisse,

1916 5159 2152 5231 quodque
2182 5162 2235 5213 in
2280 5160 2372 5215 illo
2404 5170 2666 5227 terrarum
2718 5162 2931 5231 angulo,
2961 5162 3015 5214 in
3052 5159 3341 5215 solitudine
3370 5158 3471 5214 Be-

1917 5252 2244 5308 thleemitica
2269 5293 2283 5316 ,
2316 5254 2364 5307 ei
2400 5260 2555 5307 antea
2583 5252 3021 5324 fueratignotum,
3044 5260 3229 5322 postea
3243 5267 3473 5321 comper-

1920 5344 2046 5401 isse.
2094 5344 2353 5414 Agedum,
2375 5359 2482 5398 uno
2506 5344 2589 5398 vel
2620 5345 2789 5399 altero
2817 5343 3059 5412 exemplo
3087 5358 3198 5396 rem
3224 5343 3475 5397 adstrua-

1920 5449 2063 5487 lllllS.
2117 5432 2156 5487 ι.
2200 5434 2457 5489 Memorat
2509 5433 2868 5505 Hieronymus
2924 5434 2977 5487 in
3029 5434 3256 5504 epistola
3289 5434 3467 5501 'll,ad

1991 5649 2143 5772 (1002‘
2178 5649 2373 5720 Epist.,
2404 5664 2524 5730 pag.
2559 5651 2647 5703 54.
2753 5720 2764 5732 ⁸
2835 5720 2844 5729 .

1991 5722 2067 5772 lll
2134 5721 2302 5772 .lem..
2334 5730 2491 5772 enist.
2530 5721 2546 5772 Ι
2610 5720 2682 5772 Dc
2717 5735 2843 5772 virm

2022 5723 2067 5785 Ι)
2107 5719 2302 5781 Clem,
2334 5723 2491 5789 epist.
2530 5721 2546 5772 Ι
2610 5720 2682 5772 Dc
2717 5720 2916 5789 virgin..
2957 5735 3073 5789 car.
3104 5719 3158 5773 4.

2022 5723 2067 5785 Ι)
2107 5722 2302 5781 Clem,
2334 5723 2491 5789 epist.
2530 5722 2546 5772 Ι
2610 5722 2682 5772 Dc
2717 5722 2916 5789 virgin..
2957 5735 3073 5789 car.
3104 5722 3158 5773 4.

1991 5722 2070 5861 ἶῖ)
2115 5791 2187 5843 De
2220 5791 2313 5845 rir.
2365 5790 2584 5855 illustr.,
2632 5790 2687 5844 in
2717 5792 2923 5860 prolog.
2952 5799 3003 5845 et
3043 5805 3161 5860 cap.
3198 5790 3318 5845 155.
