4076 6280
584 418 686 473 115

1700 414 1790 467 ΑΙ)
1829 413 1887 469 S.
1929 408 2348 467 CLEMENTEM
2388 409 2407 462 1
2446 408 2677 463 PAPAM

3705 400 3804 454 Hb

579 534 869 591 Lucinium
920 549 972 587 η.
1007 533 1076 597 4,
1123 532 1395 603 Hippolyti
1447 533 1765 588 Portuensis
1819 531 2141 601 opusculum
2173 532 2218 588 Α
2247 542 2391 582 nunc
2414 528 2647 582 strictim
2700 525 2891 580 saltem
2934 536 3255 593 proponere,
3306 524 3494 575 nostra
3542 516 3805 573 interesse

583 628 782 681 Contra
810 624 1018 689 Gentes,
1047 625 1207 695 cujus
1242 625 1386 679 nulla
1418 627 1619 679 mentio
1648 642 1702 679 tn
1732 625 1990 694 Catalogo
2019 637 2139 692 cap.

578 721 667 773 61.
708 717 864 772 Haud
892 718 1140 787 equidem
1179 718 1383 771 miror:
1419 718 1471 771 in
1517 733 1582 771 eo
1616 717 1759 771 enim
1808 721 2051 770 recenset
2082 713 2139 770 ὃ.

580 812 772 865 doctor
802 808 1079 879 Hippolyti
1108 809 1277 864 libros
1307 824 1444 878 quos
1468 809 1677 877 reperit,
1713 816 1772 861 ut
1818 807 1932 876 ipse
1976 814 2142 861 testa—

579 911 703 957 tur:
746 902 815 955 ab
844 917 910 955 eo
939 908 1117 955 autem
1147 909 1337 971 postea
1385 908 1659 968 repertum
1689 914 1827 969 Opus
1858 897 1989 952 illud
2014 914 2144 967 apo-

581 993 893 1062 logeticum,
928 982 1131 1045 indicat
1176 1005 1353 1045 annus
1405 988 1530 1051 597,
1567 1003 1675 1058 quo
1720 988 1922 1056 scripta
1969 987 2143 1041 fertur

578 1081 766 1136 eadem
796 1081 1044 1150 epistola.
1102 1078 1165 1133 Il.
1196 1079 1254 1132 In
1302 1077 1617 1147 prmfatione
1660 1074 1727 1129 ad
1758 1075 1951 1129 librum
1982 1088 2138 1137 xvtn,

579 1172 633 1224 in
662 1171 878 1235 Isaiam,
919 1168 1236 1240 Dionysium
1288 1167 1710 1223 Alexandrinum
1760 1166 1959 1221 librum
1989 1180 2140 1220 com-

580 1261 830 1331 posuisse
857 1260 1023 1314 tradit
1051 1266 1239 1313 contra
1288 1256 1549 1313 Irenaeum
1584 1257 2002 1328 Lugdunensem
2026 1255 2141 1325 epi-

578 1366 826 1422 scopum,
859 1350 1148 1405 ehiliastici
1176 1350 1329 1420 regni
1363 1358 1728 1417 assertorem;
1765 1362 1927 1419 quem
1958 1358 2139 1400 tamen

579 1444 781 1498 omittit
803 1444 859 1496 in
889 1440 1145 1513 Catalogo
1174 1458 1295 1513 cap.
1329 1442 1419 1505 69,
1456 1443 1581 1498 licet
1608 1444 1681 1497 ibi
1739 1441 1982 1512 ejusdem
2017 1439 2141 1493 Dio-

576 1535 718 1605 nysii
751 1550 975 1604 operum
1016 1535 1385 1588 recensionem
1440 1534 1594 1604 longe
1622 1541 1931 1588 accuratam
1978 1532 2138 1586 insti-

577 1634 715 1679 tuat.
745 1625 915 1694 Cujus
945 1624 1145 1679 silentii
1175 1624 1312 1679 ratio
1341 1640 1405 1679 ea
1433 1624 1650 1679 demum
1677 1635 1780 1688 est,
1817 1625 1963 1694 quod
1992 1639 2139 1679 com-

576 1716 841 1772 mentaria
897 1717 987 1771 illa
1043 1717 1284 1787 quinque
1333 1722 1457 1785 post
1504 1730 1676 1769 annos
1727 1713 1927 1769 fuerint
1956 1716 2141 1768 elucu-

573 1807 749 1861 brata.
780 1805 965 1877 Neque
1022 1807 1167 1861 enim
1214 1806 1469 1861 assentiri
1527 1820 1745 1876 possum
1777 1803 1992 1859 Valcsio
2024 1806 2138 1858 viro

2244 618 2641 673 existimamus.
3724 674 3725 677 η

2313 706 2555 762 Primum
2596 707 2762 777 igitur
2811 706 2865 760 in
2897 706 2982 761 his
3015 703 3257 775 epistolis
3301 700 3541 773 Syriacis
3570 698 3806 754 nonnul-

2245 798 2325 852 las
2375 799 2674 853 sententias
2724 798 3108 868 perspicimus,
3162 810 3297 865 quas
3353 807 3505 864 paene
3534 788 3805 854 αὐτολεξεὶ

2244 889 2448 944 Grmcaa
2485 890 2692 961 pariter
2743 889 3021 944 exhibent.
3070 884 3247 941 Unum
3300 886 3597 953 alterumve
3623 882 3802 954 speci-

2243 994 2365 1033 men
2396 979 2600 1049 accipe.
2656 979 2697 1033 l.
2732 977 2985 1049 Legimus
3040 978 3093 1031 in
3142 975 3314 1045 Epist.
3374 975 3399 1027 1
3452 972 3519 1027 ad
3553 970 3798 1027 Corinth.

2242 1083 2363 1139 cap.
2395 1068 2465 1121 27
2487 1087 2499 1123 :
2534 1067 2587 1122 Η
2592 1085 2653 1121 ac
2674 1069 2835 1138 igitur
2858 1083 2956 1139 spe
2979 1066 3143 1121 animi
3165 1065 3332 1120 nostri
3349 1056 3552 1118 adeum
3569 1063 3800 1117 adstrin-

2239 1168 2451 1229 gantur,
2491 1159 2584 1228 qui
2617 1158 2788 1213 ﬁdelis
2821 1170 2905 1214 est
2935 1160 2990 1212 in
3015 1156 3579 1227 promissionibus.-—
3608 1155 3712 1222 Qui
3741 1170 3803 1208 ne

2240 1250 2556 1303 mentiamur
2568 1251 2832 1318 praecepit,
2852 1249 3014 1302 multo
3033 1249 3199 1318 magis
3218 1247 3335 1318 ipse
3350 1262 3458 1300 non
3476 1247 3768 1299 mentietur
3787 1261 3804 1300 :

2240 1341 2371 1395 nihil
2397 1342 2585 1411 quippe
2627 1340 2737 1396 Deo
2766 1341 3129 1410 impossibile,
3164 1348 3509 1408 praeterquam
3553 1337 3796 1391 mentiri.

2242 1430 2332 1486 Sic
2370 1433 2528 1503 plane
2556 1432 2608 1485 in
2643 1433 2803 1502 epist.
2848 1434 2874 1487 1
2904 1431 2973 1485 ad
2998 1433 3237 1501 virgines,
3274 1430 3479 1499 capJ:
3516 1427 3801 1483 Desiderat

2239 1541 2389 1593 spem
2414 1523 2737 1594 promissam
2762 1534 2811 1579 et
2832 1533 3182 1593 prwparatam
3204 1532 3253 1575 et
3272 1522 3506 1591 positam
3528 1522 3582 1573 in
3610 1520 3750 1573 caelis
3768 1536 3800 1572 α

2239 1616 2370 1681 Deo,
2423 1617 2512 1686 qui
2542 1616 2791 1686 promisit
2820 1632 2914 1671 ore
2941 1624 2995 1670 et
3038 1631 3147 1670 non
3177 1615 3458 1669 mentitur.
3498 1612 3798 1682 Utrobique

2240 1711 2448 1765 scilicet
2485 1708 2713 1764 Paulum
2757 1710 3090 1780 apostolum,
3151 1716 3209 1763 ut
3267 1709 3500 1771 assolet,
3558 1707 3800 1761 imitatur

2238 1802 2525 1868 Clemens;
2560 1803 2700 1871 apud
2741 1817 2900 1872 quem
2954 1801 3143 1856 eadem
3187 1801 3405 1871 phrasis
3445 1800 3684 1854 occurrit
3709 1799 3793 1853 “z

573 1896 918 1966 doctissimo,
938 1898 1182 1953 censenti
1208 1897 1283 1968 (ὅ)
1307 1895 1365 1953 S.
1391 1897 1669 1951 doctorem
1698 1897 1877 1951 minus
1902 1904 2046 1951 recte
2079 1896 2132 1950 in
2166 1883 2210 1941 Β
2240 1892 2308 1947 Ut
2343 1908 2434 1962 per
2478 1892 2612 1948 duas
2661 1910 2742 1948 res
2781 1892 3094 1957 immobiles,
3140 1894 3196 1946 in
3234 1892 3420 1964 quibus
3463 1892 3798 1962 impossibile

569 1987 830 2041 Irenaeum
861 1986 1179 2052 transferre,
1204 2004 1325 2059 quae
1346 1988 1604 2043 adversus
1640 1986 1897 2056 Nepotem
1928 1987 2136 2057 episco-

569 2093 698 2148 pum
732 2077 1045 2150 JEgyptium
1100 2078 1390 2150 Dionysius
1439 2079 1629 2133 litteris
1650 2077 1894 2132 tradidit.
1951 2076 2134 2147 Siqui-

569 2170 690 2224 dem
720 2170 775 2224 in
804 2169 1061 2241 Catalogo
1100 2172 1303 2226 diserte
1336 2169 1580 2239 perhibet
1609 2168 1991 2240 Hieronymus,
2026 2170 2133 2222 sic-

570 2264 651 2316 uti
690 2270 816 2318 ante
858 2263 1034 2333 ipsum
1086 2271 1139 2317 et
1193 2261 1483 2325 Eusebius,
1523 2260 1653 2315 duos
1694 2261 1852 2314 libros
1895 2261 2134 2317 edidisse

572 2354 888 2426 Dionysium
924 2354 1184 2409 adversus
1224 2353 1521 2423 Nepotem:
1582 2353 1637 2407 in
1676 2351 1988 2423 praefatione
2035 2368 2132 2407 au-

570 2458 675 2499 tem
707 2446 776 2500 ad
832 2445 1025 2500 Isaiam
1080 2447 1117 2502 l.
1162 2460 1210 2500 c.
1263 2444 1511 2500 eumdem
1563 2443 1881 2515 Dionysium
1940 2444 2131 2498 librum

510 2608 513 2617 _
567 2539 855 2608 evulgasse
923 2537 1183 2593 adversus
1241 2536 1500 2592 Irenaeum
1556 2546 1850 2593 asseverat.
1914 2535 1998 2593 Ill.
2055 2538 2131 2593 De

570 2628 766 2693 Pierio,
788 2629 1045 2685 Ecclesia:
1078 2628 1454 2683 Alexandrina:
1493 2629 1828 2699 presbytero,
1856 2631 2015 2683 verba
2050 2630 2128 2684 fa.

569 2723 722 2777 ciens
754 2722 807 2775 in
839 2720 1094 2792 Catalogo
1126 2737 1244 2790 cap.
1304 2720 1390 2784 76,
1421 2718 1478 2775 S.
1522 2719 1714 2785 Pater,
1759 2721 1879 2790 ejus
1928 2728 2129 2775 tracta-

567 2820 681 2865 tum
714 2811 779 2867 de
808 2812 1070 2883 propheta
1101 2810 1239 2867 Osee
1297 2812 1675 2866 tantummodo
1732 2813 2017 2868 nominat:
2073 2814 2128 2867 in

566 2902 793 2970 epistola
844 2917 971 2956 vero
1025 2901 1112 2963 49,
1148 2917 1298 2957 num.
1360 2902 1413 2966 3,
1446 2903 1548 2957 sub
1608 2902 1765 2958 ﬁnem
1820 2904 1950 2957 anni
2000 2904 2125 2968 595,

564 2990 910 3048 Pammachio
935 2993 1193 3064 inscripta
1214 3035 1229 3058 ,
1261 2994 1505 3063 ejusdem
1534 2992 1699 3047 Pierii
1730 2994 2125 3064 amplissimum

564 3085 1013 3138 commentarium
1072 3086 1126 3139 in
1158 3085 1452 3156 Epistolam
1483 3085 1503 3139 1
1559 3082 1626 3139 ad
1669 3083 1981 3143 Corinthios
2010 3090 2126 3143 col-

566 3178 769 3232 laudat.
826 3175 916 3233 lV.
960 3177 1328 3233 Prastermittit
1388 3180 1441 3233 in
1494 3181 1768 3251 Catalogo,
1822 3196 1944 3250 cap.
2000 3181 2122 3245 129,

564 3267 1258 3339 DidymiCommentarium
1316 3273 1370 3326 in
1428 3271 1704 3338 Psalmos;
1754 3272 1915 3341 cujus
1944 3280 2125 3328 tamen

565 3360 812 3413 meminit
843 3360 898 3414 in
930 3360 1166 3431 Epistola
1192 3362 1314 3427 112,
1349 3380 1404 3418 n.
1435 3363 1524 3426 20,
1573 3378 1719 3419 anno
1753 3366 1880 3429 404,
1913 3364 1978 3419 ad
2012 3366 2125 3418 Att-

564 3447 843 3516 gustinum
870 3450 1057 3504 missa.
1086 3450 1211 3507 Dies
1241 3468 1326 3506 me
1359 3452 1593 3517 deﬁciet,
1637 3455 1682 3510 si
1712 3456 1894 3510 omnia
1939 3471 2129 3511 recen-

563 3550 686 3591 sere
717 3538 873 3593 velim
918 3555 1038 3608 qua:
1086 3547 1328 3595 veterum
1385 3544 1712 3613 scriptorum
1762 3560 1925 3615 opera
1975 3547 2126 3615 prius

564 3628 770 3683 omissa
801 3628 855 3681 in
888 3629 1026 3683 libro
1055 3629 1130 3682 De
1169 3632 1294 3686 viris
1319 3632 1641 3697 illustribus,
1689 3636 1741 3689 in
1773 3637 1893 3691 aliis
1940 3647 2127 3706 postea

563 3718 1034 3773 lucubrationibus
1064 3718 1502 3792 Hieronymianis
1530 3726 1902 3780 enuntiantur.
1924 3725 2123 3781 Verum

565 3809 698 3863 satis
747 3807 863 3862 haec
916 3820 1120 3864 sunto:
1160 3826 1225 3865 ex
1280 3814 1479 3881 quibus
1540 3815 1606 3869 lis
1649 3817 1827 3871 omnis
1859 3816 2125 3888 dirempta

557 3914 678 3955 esse
707 3899 937 3955 videtur.

626 3988 704 4044 Ne
733 3991 857 4061 quis
889 4001 1065 4046 autem
1099 4002 1248 4063 putet
1280 3996 1364 4049 his
1390 3995 1605 4053 duobus
1627 3998 2002 4054 tantummodo
2025 4014 2118 4055 an-

561 4082 726 4151 tiquis
754 4082 1009 4139 Patribus
1066 4084 1337 4154 Epistolas
1387 4087 1453 4141 de
1478 4088 1677 4157 quibus
1707 4090 1920 4159 agimus
1951 4091 2123 4146 fuisse

559 4184 872 4246 perspectas
900 4196 911 4232 ε
942 4178 1206 4247 siquidem
1237 4186 1291 4233 et
1320 4180 1455 4234 alios
1482 4181 1805 4236 vetustiores
1842 4182 1961 4237 illas
1977 4183 2120 4237 haud

559 4265 842 4335 ignorasse
875 4270 1241 4339 comperimus
1274 4286 1336 4324 ex
1381 4271 1653 4340 plerisque
1684 4272 1817 4326 locis
1844 4274 2120 4342 parallelis

553 4357 754 4414 Justini
784 4360 1058 4431 martyris,
1097 4361 1392 4417 Clementis
1447 4362 1817 4427 Alexandrini,
1865 4362 2119 4435 Cypriani

558 4457 721 4518 atque
752 4450 976 4521 insuper
997 4454 1240 4521 ejusdem
1290 4452 1636 4524 Hieronymi,
1670 4471 1790 4524 quae
1834 4456 2119 4527 diligenter

2235 1994 2319 2041 est
2343 1986 2561 2041 mentiri
2589 1985 2781 2049 Deum,
2819 1986 3168 2054 fortissimum
3208 1986 3457 2040 solatium
3487 1984 3795 2047 habeamus,

2234 2079 2327 2150 qui
2353 2077 2698 2149 confugimus
2717 2079 2781 2132 ad
2800 2078 3086 2132 tenendam
3112 2081 3441 2148 propositam
3466 2093 3635 2147 spem.
3657 2075 3718 2132 ll.
3740 2075 3796 2130 in

2235 2170 2407 2240 Epist.
2443 2172 2469 2226 1
2504 2169 2572 2223 ad
2610 2169 2876 2230 Corinth.,
2913 2184 3034 2237 cap.
3065 2169 3119 2231 4,
3155 2169 3229 2222 ita
3260 2169 3452 2223 scribit
3506 2166 3563 2223 S.
3596 2166 3792 2222 Pater:

2234 2260 2306 2316 1E
2315 2262 2531 2315 mulatio
2570 2261 2761 2330 effecit,
2818 2266 2874 2313 ut
2896 2258 3097 2328 Joseph
3131 2257 3197 2312 ad
3221 2268 3445 2312 mortem
3473 2274 3645 2327 usque
3670 2273 3796 2329 per-

2232 2354 2563 2409 secutionem
2590 2353 2904 2414 sustineret,
2931 2351 3054 2405 etin
3089 2351 3402 2406 servitutem
3426 2351 3788 2405 addiceretur.

2232 2445 2432 2500 Eadem
2473 2444 2729 2514 loquendi
2777 2445 2917 2498 ratio
2946 2445 3003 2498 in
3043 2444 3203 2513 epist.
3243 2443 3280 2498 2
3331 2442 3397 2496 ad
3426 2444 3638 2512 uirgin.,
3666 2459 3788 2512 cap.

2232 2537 2296 2592 8:
2320 2534 2508 2591 Nonne
2535 2534 2974 2605 pulchritudinem
3001 2534 3155 2604 hujus
3177 2536 3312 2589 casti
3340 2545 3389 2590 et
3415 2537 3539 2589 recti
3558 2534 3791 2606 (Ioseph)

2231 2629 2518 2697 concupivit
2551 2627 2782 2683 mulier?
2822 2636 2881 2680 ut
2923 2628 2979 2681 in
3020 2628 3433 2696 concupiscentia
3453 2644 3569 2681 cum
3595 2645 3697 2681 non
3737 2643 3791 2681 se

2232 2720 2507 2789 subjiceret
2529 2729 2578 2774 et
2606 2720 2885 2774 inclinaret
2924 2729 2983 2772 ut
3016 2720 3209 2789 faceret
3240 2720 3504 2773 libidinem
3527 2730 3576 2773 et
3605 2720 3787 2774 uolun-

2232 2822 2392 2866 tatem
2418 2812 2551 2881 ejus,
2579 2812 2634 2867 in
2662 2827 2876 2867 omnem
2903 2811 3248 2866 afﬁictionem
3276 2819 3329 2866 et
3358 2811 3414 2864 in
3435 2826 3645 2866 omnem
3662 2827 3789 2866 eruo

2229 2905 2432 2959 ciatum
2460 2905 2756 2974 conjiceret
2798 2906 2973 2959 virum
2994 2904 3202 2974 justum
3243 2920 3415 2974 usque
3439 2904 3507 2959 ad
3535 2911 3784 2959 mortem.

2230 2993 2317 3049 lll.
2347 2994 2405 3049 In
2437 2995 2596 3064 epist.
2632 2995 2658 3048 1
2694 2994 2762 3047 ad
2790 2994 2975 3063 uirgin.
3028 2994 3209 3048 laudat
3246 2994 3497 3049 Clemens
3523 2995 3788 3064 operarios

2230 3089 2495 3141 imitantes
2538 3086 2754 3142 Patrem
2806 3094 2859 3142 et
2904 3085 3105 3140 Filium
3142 3092 3195 3141 et
3228 3084 3489 3156 Spiritum
3514 3096 3786 3142 sanctum.

2232 3181 2442 3247 Quibus
2474 3178 2650 3233 aﬁinia
2682 3195 2747 3233 ex
2782 3180 2887 3233 alio
2914 3178 3156 3248 ejusdem
3202 3175 3494 3232 Clementis
3520 3179 3640 3232 loco
3663 3193 3792 3248 pro-

2234 3271 2336 3325 fert
2392 3269 2448 3324 S.
2504 3269 2767 3332 Basilius,
2825 3268 2905 3322 sic
2958 3267 3207 3337 inquiens
3252 3266 3379 3337 (5):
3446 3267 3502 3320 Ὀ
3560 3266 3793 3336 Κλήμης

2231 3359 2800 3432 ἀρχαῖκὼτερον·‹Ζῇ,
2852 3361 3034 3429 φησὶν,
3095 3360 3123 3411 ὁ
3171 3356 3321 3422 Θεὸς,
3378 3358 3471 3411 καὶ
3526 3358 3555 3409 ὁ
3592 3353 3794 3428 Κύριος

2243 3452 2447 3523 Ἰησοῦς
2483 3452 2733 3524 Χριστὸς,
2783 3453 2876 3504 καὶ
2915 3450 2975 3504 τὸ
3021 3450 3242 3522 Πνεῦμα
3297 3449 3357 3503 τὸ
3407 3448 3581 3520 ἅγιον.
3612 3472 3629 3503 ι
3669 3450 3794 3505 Cle-

2229 3562 2371 3600 mens
2433 3545 2722 3614 simplicius
2749 3544 2965 3607 :«Vivit,
3045 3545 3233 3613 inquit,
3285 3541 3447 3605 Deus,
3501 3552 3549 3596 et
3604 3541 3793 3595 Domi-

2228 3658 2325 3694 nus
2382 3638 2538 3693 Iesus
2594 3637 2859 3699 Christus,
2920 3647 2967 3690 et
3015 3636 3246 3705 Spiritus
3301 3643 3537 3691 sanctus.
3594 3655 3613 3686 ›
3666 3634 3789 3687 Alia

2226 3731 2495 3801 ejusmodi
2523 3730 2668 3783 haud
2702 3742 2874 3799 pauca
2924 3728 2977 3781 in
3020 3734 3269 3798 promptu
3301 3734 3464 3779 erunt
3518 3724 3791 3795 Epistolas

2225 3821 2603 3878 Corinthiacus
2635 3835 2698 3874 ac
2755 3818 3007 3890 Syriacas
3063 3825 3265 3872 attente
3296 3815 3523 3887 legenti,
3585 3830 3791 3885 easque

2225 3910 2416 3965 sedulo
2445 3908 2676 3961 invicem
2702 3904 3035 3972 conferenti;
3067 3906 3266 3975 quibus
3296 3903 3520 3973 proinde
3546 3904 3791 3959 referen—

2172 3992 2175 3996 4
2225 3990 2312 4056 dis
2372 3998 2807 4070 supersedemus.
2875 3996 2975 4051 llic
3022 4006 3203 4051 tamen
3258 3997 3391 4051 illud
3442 3996 3787 4052 solummodo

2222 4109 2443 4149 rursum
2475 4092 2745 4162 subjicere
2776 4092 2974 4161 placet,
3006 4090 3150 4160 quod
3199 4105 3267 4145 ex
3317 4090 3434 4143 viro
3465 4087 3788 4143 doctissimo

2224 4185 2299 4255 (6)
2335 4185 2588 4255 superius
2637 4183 3005 4254 protulimus:
3066 4200 3083 4231 ι
3116 4180 3234 4247 Quo
3288 4180 3638 4250 singularior,
3683 4180 3783 4243 ait,

2221 4285 2305 4333 est
2337 4275 2609 4332 sententia
2646 4276 2841 4329 iterum
2875 4275 3104 4343 prolata,
3136 4288 3200 4328 eo
3231 4274 3409 4343 aptior
3437 4279 3521 4326 est
3562 4271 3627 4325 ad
3659 4287 3786 4340 per-

2221 4367 2579 4435 suadendum,
2611 4368 2870 4438 epistolas
2920 4367 2975 4420 in
3023 4366 3220 4436 quibus
3278 4365 3479 4434 pariter
3506 4363 3783 4429 laudatur,

2225 4466 2294 4518 ab
2322 4478 2433 4517 uno
2463 4467 2686 4515 auctore
2718 4458 3006 4528 proﬁcisci.
3040 4456 3215 4511 Unum
3250 4456 3391 4509 enim
3425 4454 3787 4524 cumdemque

558 4540 862 4609 conquisita
889 4543 1064 4612 exegit
1110 4544 1174 4597 ad
1205 4542 1541 4599 Clementina
1592 4547 1845 4617 laudatus
1881 4547 2119 4603 Wetste-
2148 4574 2194 4630 ι)
2221 4557 2423 4614 locum,
2479 4551 2571 4605 ubi
2602 4564 2723 4603 sese
2751 4548 2905 4602 olfert
2932 4546 3169 4610 occasio,
3200 4545 3266 4598 ab
3296 4544 3484 4599 eodem
3515 4546 3787 4614 scriptore

556 4631 684 4685 nius
715 4632 814 4701 (4).
872 4632 939 4686 Et
978 4650 1041 4688 ea
1088 4636 1306 4704 quidem
1360 4637 1448 4692 hic
1498 4638 1811 4695 describere
1843 4641 2114 4698 libuisset.

556 4722 757 4777 Verum
790 4739 887 4794 pro
915 4724 1147 4780 instituti
1196 4728 1367 4782 nostri
1402 4731 1613 4785 ratione
1662 4732 1834 4786 satius
1863 4733 2118 4789 duximus

554 4815 644 4869 illa
678 4816 1108 4885 praetermittere,
1141 4833 1205 4872 ne
1263 4818 1476 4887 longius
1505 4834 1667 4889 quam
1697 4836 1794 4889 par
1823 4822 1893 4875 sit
1921 4838 2107 4877 excur-

554 4914 636 4959 rat
666 4905 861 4960 oratio.

624 4995 763 5052 Xlll.
797 4996 1245 5068 Quandoquidem
1294 5013 1423 5052 vero
1454 5006 1647 5069 praeter
1676 5009 1991 5070 argumenta
2022 5021 2115 5059 ea:-

552 5100 700 5144 terna
727 5105 757 5145 e
780 5098 1024 5144 veterum
1058 5089 1385 5147 testimoniis
1424 5101 1685 5162 usurpata
1715 5110 1835 5162 qua:
1864 5098 1933 5151 ab
1962 5098 2113 5168 obje—

551 5182 825 5236 ctionibus
854 5182 1118 5238 hactenus
1147 5198 1246 5253 pro
1290 5184 1494 5239 viribus
1524 5184 1940 5250 vindicavimus,
1975 5206 2114 5258 pra:-

552 5280 636 5327 sto
667 5282 795 5328 sunt
823 5290 1041 5344 quoque
1079 5276 1285 5328 interna
1318 5274 1517 5344 quibus
1565 5276 1877 5332 earumdem
1908 5281 2113 5349 cpisto-

552 5365 724 5418 larum
757 5366 1041 5435 integritas
1078 5368 1247 5438 magis
1278 5367 1557 5436 magisque
1594 5367 1986 5436 conﬁrmatur;
2048 5388 2111 5425 ea

618 5546 665 5576 “
696 5543 859 5598 Hebr.
886 5562 957 5608 vl,
995 5546 1080 5600 18.

620 5707 696 5771 (5)
729 5704 804 5777 Μ
832 5706 1028 5761 Euseb.
1064 5708 1129 5759 Η.
1161 5707 1242 5767 E.,
1270 5709 1495 5777 ιίυηνιι,
1524 5723 1643 5777 cap.
1681 5708 1772 5763 ξι.

622 5778 698 5852 (ᾗ)
717 5775 1018 5852 _Wet_sten._.
1053 5776 1223 5845 Epist.
1250 5778 1313 5831 ad
1335 5776 1413 5852 _|l.
1439 5775 1683 5852 VeuenI.,
1702 5794 1863 5852 pagg.
1904 5780 1967 5836 10
1989 5798 2102 5852 seq.

548 5855 600 5899 et
637 5846 890 5901 Biblioth.
925 5847 1146 5911 raison.,
1184 5858 1311 5901 tom.
1335 5847 1377 5911 l,
1414 5856 1514 5902 art.
1541 5848 1591 5915 8,
1617 5864 1668 5919 p.
1701 5848 1821 5904 565.

2220 4645 2273 4701 in
2306 4644 2493 4698 eodem
2523 4657 2705 4711 opere,
2735 4646 2938 4709 quanto
2973 4636 3145 4708 magis
3195 4636 3250 4691 in
3300 4637 3557 4701 diversis,
3588 4642 3786 4693 iterato

2218 4738 2372 4792 citari
2401 4736 2531 4805 quid
2564 4732 2800 4788 mirum?
2830 4750 2847 4783 ι

2293 4829 2495 4883 Deinde
2544 4824 2839 4887 scribendi,
2896 4823 3141 4893 exempla
3187 4822 3242 4875 in
3288 4820 3523 4874 medium
3579 4822 3784 4891 produ-

2220 4920 2410 4982 cendi,
2446 4927 2499 4974 et
2543 4914 2899 4971 ratiocinandi
2954 4914 3275 4977 methodus,
3324 4913 3511 4967 eadem
3557 4915 3782 4969 omnino

2221 5010 2508 5079 utrobique
2538 5009 2869 5079 perhibetur.
2906 5004 3068 5059 Verbi
3126 5021 3289 5059 causa
3312 5044 3326 5069 ,
3356 5005 3411 5058 in
3441 5005 3600 5074 epist.
3639 5006 3660 5058 1
3711 5006 3781 5058 ad

2224 5102 2486 5165 Corinth.,
2512 5116 2669 5170 capp.
2700 5098 2832 5152 4-12
2860 5108 2913 5153 et
2940 5099 3067 5152 alibi
3098 5100 3299 5169 passim
3336 5118 3348 5153 :
3404 5096 3776 5163 Recurramus,

2223 5194 2419 5262 inquit,
2478 5193 2548 5246 ad
2587 5208 2761 5245 omnes
2807 5191 3183 5261 generationes.
3208 5222 3277 5230 —
3306 5188 3463 5244 Fia‘is
3499 5190 3663 5244 oculis
3691 5207 3777 5243 eos

2221 5285 2539 5350 intueamur,
2563 5282 2654 5353 qui
2698 5282 2992 5352 magniﬁca:
3029 5282 3140 5350 ejus
3182 5282 3365 5352 gloria:
3403 5283 3629 5351 perfecte
3668 5299 3780 5334 ser-

2218 5378 2442 5431 uierunt.
2517 5374 2802 5429 Sumamus
2863 5372 3060 5438 Enoch,
3117 5382 3224 5429 etc.
3252 5404 3321 5413 —
3357 5372 3459 5427 Sed
3502 5383 3559 5425 ut
3606 5380 3779 5425 vetera

2289 5711 2377 5776 (5)1
2396 5710 2464 5762 De
2497 5708 2636 5775 Spir.
2672 5718 2867 5773 sanct.,
2905 5724 3025 5778 cap.
3054 5707 3143 5769 29,
3180 5706 3207 5777 §
3264 5706 3349 5759 79..

2393 5772 2671 5847 Coutant.,
2702 5779 2877 5857 Epist.
2897 5772 3043 5833 Rom.
3094 5772 3300 5847 pontii”
3331 5792 3449 5847 pag.
3479 5772 3602 5842 39,5
3650 5774 3697 5827 5.
