2037 3143
169 149 216 175 117

795 147 966 175 ΡιιοοεΜιΑ
986 146 1177 176 VARIORUM.

1722 147 1773 173 118

164 205 277 240 exempla
289 205 485 240 relinquamus,
509 205 639 231 ceniamus
655 204 689 230 ad
715 204 847 238 proximos
861 204 943 230 athle-
958 208 979 235 Α
995 204 1100 238 aliaque
1122 204 1210 238 plura,
1227 210 1286 238 quae
1301 203 1327 230 in
1354 204 1463 230 solertis
1488 204 1597 231 lectoris
1619 203 1713 231 oculos
1728 212 1774 238 ge-

166 258 219 283 tas,
237 257 259 279 et
275 251 368 278 sa’culi
384 251 469 277 nostri
481 259 607 285 generosa
624 249 742 284 exempla
756 257 942 284 proponamus.

167 297 254 325 [labes
267 300 356 323 autem
372 297 511 324 simillima
523 300 550 323 et
569 295 689 323 maxime
701 295 808 331 gemina
817 295 844 322 in
858 295 943 330 Epist.

166 343 183 370 2
223 342 256 368 ad
283 342 378 376 virgin.
409 349 488 377 capp.
511 342 596 369 7-15:
623 341 825 369 Consideremus
851 342 943 376 igitur,

164 389 269 422 fratres,
280 393 305 415 et
316 387 451 414 videamus
459 387 587 423 quomodo
596 388 740 414 conversati
749 387 846 422 fuerint
857 395 944 414 omnes

162 438 249 468 patres
255 433 325 467 justi
341 437 395 460 toto
411 438 527 468 tempore
541 433 711 460 habitationis
726 434 785 460 vita:
810 441 883 460 suae:
904 433 946 460 in-

163 480 299 514 quiramus
312 484 337 506 et
348 484 496 506 scrutemur
510 488 526 506 a
541 478 607 515 Lege
622 479 656 505 ad
672 479 776 507 Novum
794 479 946 507 Testamen-

164 530 228 552 tum.
245 540 281 545 —
301 524 336 551 Et
364 533 396 552 ne
421 526 498 552 nimis
523 525 628 560 longum
643 526 774 559 faciamus
801 534 946 552 sermonem

163 575 299 604 nostrum,
322 570 385 606 quid
402 570 501 597 dictum
519 576 557 597 est
580 571 611 598 de
626 571 739 598 Domino
749 571 812 604 Jesu
826 571 946 599 Christo?

164 615 224 650 Ipse
236 615 363 643 Dominus
388 625 447 643 cum
465 616 602 643 duodecim
627 617 775 652 discipulis,
789 621 841 644 etc.
866 617 942 644 Scili-

162 665 216 693 cet,
238 669 298 690 mos
318 667 376 689 erat
398 662 548 696 Clementi,
573 671 713 690 sacrarum
742 662 944 698 Scripturarum

163 708 378 741 studiosissimo,
393 716 425 736 ex
447 709 589 744 utriusque
604 708 727 737 Fmderis
743 710 848 744 paginis
858 710 945 744 plera-

160 761 215 788 que
229 754 353 788 exempla
369 753 526 786 desumere,
548 762 609 790 quae
629 755 753 782 instituto
766 762 815 781 suo
841 762 947 782 summe

160 801 339 835 congruentia
355 801 540 836 perspiceret:
563 801 635 835 quod
652 801 761 836 quidem
783 801 809 828 in
831 805 946 837 utroque

161 845 344 880 Epistolarum
356 846 425 881 pari,
444 846 539 873 eodem
555 846 635 881 plane
647 850 753 877 tortore.
770 846 837 874 satis
852 850 945 881 aperte

995 253 1068 280 mina
1083 261 1195 287 prorsus
1209 253 1266 280 sive
1286 252 1314 279 in
1335 251 1519 279 Corinthiacis
1540 253 1596 279 sive
1611 252 1637 278 in
1655 252 1774 286 Syriacis

993 298 1144 326 incurrunt.
1157 298 1196 324 Ad
1213 298 1279 330 haec,
1293 305 1385 326 mores
1398 305 1462 325 vere
1480 298 1631 331 apostolici,
1646 297 1773 332 simplici-

994 347 1047 375 tas,
1059 343 1200 374 modestia,
1212 343 1364 379 t‘rugalitas,
1376 343 1542 378 benignitas.
1556 348 1583 370 ct
1594 347 1700 370 caetera.
1716 342 1773 370 Uno

994 388 1088 420 verbo,
1103 393 1247 423 utrumque
1271 388 1445 423 epistolarum
1467 396 1514 422 par
1543 389 1631 414 vivam
1653 388 1776 415 Clemen-

994 432 1030 460 tis
1046 433 1190 468 imaginem
1205 432 1307 460 rel'erre
1319 453 1325 464 ,
1341 440 1373 460 ac
1389 436 1493 460 tantum
1509 441 1564 460 non
1581 433 1685 468 spirare
1701 440 1777 459 comm

995 478 1107 513 peritur.

1029 522 1099 551 XIV.
1117 523 1246 558 Superest
1276 527 1305 551 ut
1324 524 1388 551 illud
1404 532 1513 559 quoque
1541 524 1678 551 diluamus
1702 524 1775 558 quod

995 569 1036 595 vir
1050 569 1174 596 eruditus
1188 577 1258 604 saepe
1278 569 1404 597 laudatus
1423 569 1546 604 ingerere
1561 569 1632 596 haud
1655 573 1775 597 veretur.

994 613 1136 646 Nimirum,
1153 614 1239 649 inquit
1252 614 1301 649 (7),
1314 623 1323 639 ι
1339 618 1433 641 auctor
1449 622 1479 641 se
1493 614 1550 649 ipse
1562 614 1713 649 virginibus
1725 613 1777 641 fra-

994 658 1082 685 tribus
1094 658 1255 685 adnumerat
1272 658 1322 694 (8),
1349 663 1376 685 et
1401 667 1480 686 suum
1508 659 1661 694 exemplum
1677 659 1731 686 illis
1747 659 1777 686 in

994 705 1067 732 omni
1082 706 1289 732 conversatione
1303 705 1464 732 imitandum
1481 704 1701 740 proponit.Quod
1716 706 1777 740 qui-

995 752 1056 779 dem
1071 751 1174 779 factum
1191 751 1361 784 historicum,
1384 751 1406 778 si
1423 759 1565 779 censorem
1584 751 1655 779 hunc
1669 752 1775 784 audias,

995 806 1010 825 a
1023 798 1171 826 Clementis
1198 805 1315 833 persona
1335 805 1396 825 esse
1419 798 1526 825 videtur
1542 798 1659 825 alienum
1675 808 1681 825 :
1710 799 1776 833 quin

995 848 1093 872 etcum
1111 845 1196 879 ipsius
1212 844 1360 871 Clementis
1374 844 1547 872 confessione
1565 845 1716 872 consistere
1730 853 1777 872 ne-

160 891 312 918 l'actitatum
327 892 475 919 cernimus.
491 891 523 918 Et
538 891 583 918 hic
604 899 722 926 quoque,
738 895 767 917 ut
782 899 852 926 saepe
866 892 943 922 alias.
960 887 981 914 Β
995 890 1072 925 quit;
1089 890 1112 918 si
1128 897 1188 925 quae,
1203 890 1230 916 in
1245 890 1331 924 prima
1349 897 1464 924 persona
1479 891 1506 917 in
1529 890 1643 925 epistola
1659 891 1718 925 ejus
1743 891 1776 918 ad

161 936 287 970 apostolo
308 935 393 962 Paulo
422 940 581 963 constanter
602 936 737 963 adhmret:
764 936 809 970 qui
828 936 944 970 primum

158 981 180 996 "
209 981 429 1016 patriarcharum
454 987 480 1009 et
497 982 690 1017 prophetarum
719 986 794 1016 gesta
825 982 944 1010 Hebraeis

159 1031 224 1054 ante
238 1027 335 1054 oculos
362 1035 477 1062 ponens,
505 1035 552 1054 eos
568 1028 602 1054 ad
619 1027 698 1054 ﬁdem
713 1027 880 1055 retinendam
898 1028 946 1055 ad-

158 1072 303 1106 hortatur;
323 1073 420 1100 deinde
443 1074 591 1108 propositis
618 1073 720 1101 Christi
740 1077 767 1101 et
788 1077 944 1101 sanctorum

158 1119 303 1154 exemplis,
315 1119 349 1145 ad
365 1119 522 1146 tolerandas
533 1119 677 1154 passiones
688 1139 694 1151 ,
711 1119 744 1146 ad
760 1127 865 1154 pacem,
880 1128 946 1146 con-

158 1164 281 1190 cordiam
308 1167 335 1191 et
360 1165 533 1192 sanctitatem
564 1165 725 1192 servandam
750 1165 811 1193 illos
836 1166 945 1193 allicere

159 1210 260 1241 studet,
278 1210 317 1236 ita
332 1210 441 1238 demum
456 1211 606 1238 orationem
623 1212 789 1240 concludens
805 1221 811 1239 :
834 1212 946 1247 Ideoque

157 1261 183 1282 et
195 1265 242 1284 nos
259 1261 362 1284 tantam
382 1257 504 1284 habentes
533 1258 684 1292 impositam
705 1258 798 1285 nubem
827 1260 943 1291 testium,

157 1302 315 1336 deponentes
330 1312 404 1330 omne
418 1303 529 1337 pondus,
549 1309 573 1330 et
594 1305 768 1332 circumstans
784 1313 830 1331 nos
855 1313 945 1339 pecca-

159 1354 225 1378 tum.
243 1357 288 1383 per
302 1351 456 1384 patientiam
482 1358 620 1378 curramus
636 1350 671 1377 ad
693 1352 855 1385 propositum
871 1352 945 1379 nobis

159 1400 292 1432 certamen
297 1416 303 1422 .

194 1440 289 1475 Neque
308 1441 389 1468 etiam
401 1442 581 1470 omittendum
601 1447 728 1478 putamus
751 1452 834 1472 unum
850 1445 892 1472 vel
906 1445 945 1472 al-

158 1492 247 1515 terum
263 1487 325 1522 styli
341 1487 482 1519 indicium,
504 1488 575 1515 haud
597 1489 706 1523 quidem
729 1491 869 1525 exiguum,
890 1498 945 1526 quo

157 1534 247 1568 magis
266 1532 355 1559 adhuc
369 1533 396 1561 id
407 1533 479 1568 quod
496 1533 678 1567 intendimus,
695 1535 882 1563 conﬁrmatur.
903 1535 942 1562 En

158 1578 225 1605 illud
243 1586 276 1606 ex
296 1579 377 1614 epist.
397 1580 409 1607 1
430 1579 463 1607 ad
485 1580 605 1608 Corinth.
619 1588 680 1616 cap.
697 1582 733 1608 δι
753 1582 940 1617 Hinc,inquit,

158 1625 305 1657 temulatio,
336 1626 451 1658 inuidia,
481 1627 629 1658 contentio,
655 1627 758 1659 seditio,
786 1629 939 1662 persecutio,

157 1670 414 1701 commotio,bellum
429 1675 452 1698 et
464 1672 601 1706 captivitas
614 1678 765 1700 manarunt.
777 1673 808 1699 Et
816 1681 876 1707 cap.
885 1674 919 1702 55
932 1684 939 1701 :

160 1713 216 1741 Nos
239 1715 321 1750 igitur
343 1724 444 1742 summa
461 1716 548 1744 studio
576 1717 762 1744 contendamus
784 1719 810 1744 in
834 1727 941 1746 numero

157 1761 363 1794 exspectantium
388 1770 446 1788 eum
471 1763 587 1796 reperiri.
604 1778 638 1782 —
655 1762 805 1797 abjicientes
828 1773 844 1790 a
868 1764 941 1791 nobis

157 1814 259 1833 omnem
271 1807 431 1841 injustitiam
446 1813 470 1834 et
482 1808 656 1843 iniquitatem,
669 1809 820 1840 avaritiam,
836 1814 942 1837 conten-

158 1852 253 1883 tiones,
273 1853 450 1888 malignitates
461 1859 486 1881 et
502 1854 621 1888 fraudes.
634 1862 758 1882 susurros
772 1860 796 1882 et
811 1855 942 1882 obtrecta-

158 1898 252 1933 tiones,
269 1898 358 1925 odium
374 1899 433 1931 Dei,
445 1900 594 1935 superbiant
614 1905 639 1928 et
657 1902 867 1934 ostentationem,
883 1902 941 1929 ina-

156 1951 215 1970 nem
255 1945 369 1978 gloriam
404 1950 480 1981 atque
514 1955 630 1974 amorem
673 1948 808 1974 vanitatis.
842 1947 941 1975 Confer

156 1989 221 2021 ista,
247 1991 271 2017 si
297 1991 396 2025 placet,
420 1999 481 2019 cum
509 1992 551 2020 his
580 2001 641 2028 quae
668 1994 795 2028 leguntur
811 1993 837 2020 in
854 1993 939 2029 Epist.

156 2034 168 2060 1
184 2034 219 2060 ad
232 2035 325 2070 virgin.
351 2043 411 2071 cap.
428 2036 463 2063 8:
492 2037 544 2070 Qui
560 2046 616 2064 vere
643 2038 733 2072 ﬁdeles
758 2043 830 2069 sunt.
856 2039 903 2070 ait,
916 2043 941 2065 et

154 2079 268 2111 spiritus
284 2078 382 2106 Christi
409 2080 511 2107 habitat
527 2081 554 2108 in
571 2082 645 2116 ipsis,
673 2082 700 2109 in
722 2082 776 2109 illis
791 2091 842 2109 non
857 2088 940 2116 potest

153 2132 211 2151 esse
228 2125 353 2159 cogitatio
367 2127 454 2153 carnis
469 2135 547 2162 ,‘quaz
557 2132 595 2155 est
611 2129 749 2160 scortatio,
764 2129 939 2162 impudicitia,

154 2171 309 2204 impuritas,
335 2171 500 2204 idololatria,
523 2173 685 2207 ueneﬁcium,
702 2174 853 2206 inimicitia,
873 2174 940 2202 invi-

995 936 1150 964 Corinthios
1164 936 1322 966 ell‘erunlnr.
1338 936 1372 963 ad
1397 936 1485 971 ipsum
1497 944 1605 971 quoque
1620 937 1731 969 referre,
1748 942 1777 964 ut

995 986 1102 1017 oportet
1117 983 1140 1009 si
1156 983 1223 1009 nihil
1240 983 1340 1014 obstet,
1356 982 1446 1010 liceat.
1461 982 1593 1017 Loquitur
1603 988 1701 1015 autem,
1712 984 1778 1011 sub.

996 1027 1035 1054 dit
1052 1028 1093 1054 vir
1103 1027 1225 1058 criticus,
1241 1027 1273 1054 de
1286 1027 1411 1054 uxoribus
1431 1032 1455 1054 et
1471 1027 1561 1054 liberis
1585 1027 1693 1060 nostris,
1714 1035 1777 1054 cum

995 1072 1062 1099 dicit
1078 1072 1137 1108 (9):
1168 1073 1266 1099 Uxores
1294 1077 1399 1100 nostras
1432 1073 1466 1099 ad
1482 1073 1509 1100 id
1535 1073 1604 1108 quod
1625 1073 1719 1100 bonum
1737 1078 1778 1100 est

995 1119 1173 1154 corrigamus;
1192 1134 1228 1138 —
1240 1119 1315 1145 liberi
1329 1120 1413 1145 nostri
1429 1118 1576 1153 disciplina:
1600 1118 1700 1146 Christi
1715 1126 1778 1153 par-

996 1164 1083 1198 ticipes
1098 1163 1160 1195 sint,
1176 1167 1229 1191 etc.
1245 1164 1295 1191 Cui
1311 1163 1415 1197 nescio,
1432 1163 1540 1191 tandem
1554 1164 1702 1195 concludit,
1712 1171 1777 1190 num

995 1209 1060 1244 quid
1084 1210 1193 1237 roboris
1220 1209 1322 1241 addat,
1351 1209 1424 1245 quod
1452 1209 1585 1237 Clementi
1614 1209 1777 1245 adjungatur

995 1255 1096 1291 Grapte
1111 1256 1182 1291 apud
1198 1256 1324 1283 Hennam
1348 1255 1416 1292 (10).
1431 1254 1516 1290 Cujus
1537 1256 1575 1282 rei
1590 1256 1685 1283 melior
1700 1255 1776 1282 reddi

995 1302 1040 1328 vix
1058 1309 1137 1337 posse
1151 1302 1256 1329 videtur
1273 1302 1351 1334 ratio,
1372 1309 1453 1336 quam
1479 1301 1551 1336 quod
1576 1300 1672 1335 Crapte
1697 1301 1778 1328 fuerit

995 1345 1139 1373 Clementis
1156 1354 1249 1374 uxor.»
1270 1346 1409 1374 Hactenus
1438 1346 1562 1374 eruditus
1588 1346 1728 1374 Venema:
1751 1351 1778 1373 et

995 1392 1105 1427 quidem
1124 1393 1191 1420 satis
1204 1393 1283 1420 belle.

1030 1438 1118 1466 Nolim
1139 1440 1265 1474 equidem
1280 1439 1369 1467 virum
1384 1441 1451 1467 clar.
1467 1441 1493 1467 in
1522 1440 1675 1468 caelibatum
1690 1440 1777 1467 eccle-

996 1485 1138 1514 siasticum
1154 1486 1277 1521 iniquum
1294 1486 1440 1521 suspicari.
1466 1485 1500 1512 At
1525 1486 1593 1512 illud
1608 1485 1659 1520 ipsi
1675 1485 1778 1512 condo-

995 1533 1114 1560 nandum
1133 1532 1245 1559 minime
1269 1540 1342 1565 reor,
1374 1532 1447 1567 quod
1474 1541 1530 1560 sua:
1554 1532 1696 1559 sententia:
1722 1533 1776 1559 vim

993 1578 1093 1606 addere
1117 1579 1241 1613 cupiens,
1261 1579 1341 1606 nobis
1369 1578 1500 1606 obtrudat
1524 1579 1597 1606 velut
1629 1578 1778 1606 Clementis

993 1623 1107 1651 Romani
1123 1625 1277 1656 lectionem,
1297 1632 1358 1660 quae
1389 1624 1573 1652 Alexandrino
1597 1629 1656 1652 erat
1670 1624 1777 1652 adscri-

993 1670 1091 1698 benda.
1112 1669 1179 1698 Rem
1200 1671 1295 1705 paucis
1311 1670 1470 1706 attingimus
1486 1670 1557 1698 infra
1583 1670 1661 1706 (ll);
1694 1678 1775 1705 quam

992 1719 1081 1742 tamen
1105 1716 1150 1742 hic
1165 1716 1395 1750 pertractandam,
1424 1720 1608 1745 commentum
1634 1717 1776 1744 Venemia-

992 1769 1056 1788 num
1072 1761 1184 1797 ﬂagitat,
1202 1770 1257 1789 non
1272 1763 1393 1797 postulat
1421 1763 1466 1791 Sic
1481 1763 1564 1799 igitur
1590 1763 1619 1791 S.
1649 1762 1776 1791 Clemens

992 1807 1058 1842 (12):
1069 1808 1123 1839 Τὰς
1131 1810 1259 1841 γυναῖκας
1269 1809 1285 1843 ἠ
1290 1808 1347 1843 μῶν
1359 1809 1405 1835 ἐπὶ
1410 1809 1440 1835 τὸ
1448 1810 1547 1843 ἀγαθὸν
1555 1809 1776 1845 διορθωσώμεθα.

991 1870 1021 1874 ——
1039 1854 1078 1880 Τὰ
1088 1854 1168 1881 τέκνα
1180 1854 1254 1889 ὑμῶν
1266 1855 1315 1889 τῆς
1330 1855 1359 1880 ἐν
1369 1855 1478 1890 Χριστῷ
1498 1856 1619 1887 παιδείας
1637 1856 1776 1891 μεταλαμ-

991 1899 1155 1926 ϐανέτωςαν.
1166 1900 1194 1927 ld
1204 1904 1245 1927 est
1259 1909 1265 1926 :
1290 1899 1389 1927 Uxores
1404 1907 1508 1927 nostras
1517 1901 1550 1927 ad
1561 1901 1587 1927 id
1602 1902 1670 1936 quod
1680 1901 1774 1928 bonum

990 1945 1309 1980 estcorrigamus.—Filii
1320 1947 1397 1973 vestri
1405 1946 1551 1981 disciplinae
1559 1947 1658 1974 Christi
1663 1948 1774 1981 partici-

990 2000 1034 2026 pes
1048 1992 1110 2018 sint.
1128 1992 1167 2019 Ita
1183 1996 1341 2020 constanter
1357 1993 1442 2021 codex
1459 2002 1508 2020 ms.
1530 2001 1561 2020 ex
1577 2002 1631 2028 quo
1642 2002 1696 2021 uno
1711 1994 1774 2021 Cle-

991 2035 1111 2062 mentina
1140 2036 1255 2070 epistola
1281 2036 1331 2064 fuit
1357 2037 1510 2072 desumpta.
1536 2037 1614 2066 Haud
1640 2047 1706 2066 sane
1731 2047 1774 2066 me

992 2080 1070 2116 fugit,
1087 2082 1158 2116 apud
1181 2082 1347 2110 Clementem
1369 2083 1581 2111 Alexandrinum
1597 2084 1653 2118 (15)
1680 2085 1725 2119 qui
1740 2092 1773 2112 ex

991 2125 1114 2154 Romano
1129 2127 1265 2162 integrum
1282 2136 1358 2162 paene
1374 2132 1457 2163 caput
1485 2129 1549 2155 illud
1571 2128 1603 2156 21
1617 2129 1771 2163 exscripsit,

992 2170 1042 2206 legi
1066 2171 1100 2198 τὰ
1122 2172 1204 2199 τέχνα,
1219 2174 1235 2208 ἡ
1241 2172 1309 2207 μῶν.
1325 2172 1377 2200 Sed
1394 2180 1447 2199 non
1463 2177 1505 2200 est
1529 2173 1637 2200 demum
1649 2182 1699 2200 cur
1711 2173 1773 2201 Cle-

155 2215 212 2247 dia,
229 2217 370 2248 contentio,
386 2217 438 2249 ira,
456 2218 526 2249 riIa,
555 2218 661 2251 divisio,
677 2219 765 2250 zelus,
779 2223 832 2246 etc.
845 2219 942 2247 Nonne
957 2224 978 2252 ι)
993 2222 1110 2244 mentem
1134 2217 1286 2245 Romanum
1311 2226 1343 2244 ex
1370 2218 1557 2246 Alexandrino
1584 2220 1771 2251 emendemus.

155 2262 284 2289 Clemens
297 2263 439 2299 utrobique
464 2272 493 2291 se
518 2265 605 2299 ipsum
629 2264 741 2300 prodit?
765 2266 864 2300 quippe
876 2265 939 2294 Cle-

157 2316 246 2340 mens,
276 2309 397 2344 inquam,
423 2310 580 2345 scriptionis
606 2310 726 2338 Paulina:
754 2312 941 2339 characterem

157 2357 257 2390 ubique
270 2357 326 2383 tere
341 2356 474 2388 imitatus.
492 2365 553 2384 cum
571 2358 615 2385 hic
636 2361 693 2384 tum
715 2358 771 2385 illic
789 2358 941 2393 respexisse

157 2401 263 2429 videtur
277 2401 351 2429 Rom.
375 2410 394 2434 ι,
422 2402 526 2437 29-51;
546 2403 605 2431 Gal.
622 2412 647 2436 v,
665 2404 764 2437 i9-2l;
783 2403 796 2431 I
814 2404 882 2432 Tim.
902 2411 939 2436 vl,

157 2446 205 2473 6-5
218 2451 244 2474 et
257 2447 289 2473 II
305 2447 374 2476 Tim.
394 2455 436 2479 In,
451 2448 509 2475 2-5.

192 2493 239 2521 His
257 2493 341 2521 addas
365 2494 445 2521 velim
473 2494 639 2529 δοξολογὶαν,
662 2495 777 2523 mediam
795 2496 864 2523 inter
882 2496 940 2530 epi-

158 2539 264 2571 stolam,
281 2547 357 2567 more
381 2540 473 2567 itidem
500 2540 623 2573 Paulino,
640 2546 817 2577 usurpatam:
841 2543 938 2569 verbo-

157 2593 216 2612 rum
228 2586 334 2621 copiam
346 2595 378 2613 ex
392 2586 492 2614 divinis
512 2587 623 2615 Litteris
646 2588 748 2622 passim
763 2588 912 2616 derivatam
930 2598 935 2614 :

190 2674 211 2689 ⁸⁷
228 2673 310 2701 llebr.
324 2683 350 2701 xi
363 2679 390 2702 et
404 2683 450 2702 xu.

189 2751 226 2792 t7)
246 2751 374 2792 Χρηοιηη
390 2752 470 2792 sua;
483 2752 510 2783 “la
528 2761 587 2792 ius:
598 2754 641 2779 87-

187 2788 224 2823 (tt)
244 2786 439 2823 Clem.,rcpist.
452 2787 473 2823 :2
500 2786 535 2814 ad
555 2786 637 2823 Virg..
650 2796 709 2822 cap.
728 2788 768 2815 lli.

187 2822 224 2849 lflt
245 2822 333 2855 Epist.
350 2822 362 2848 1
399 2822 432 2847 ad
445 2822 517 2853 Corn,
535 2832 593 2857 cap.
607 2824 651 2850 2|.

185 2857 240 2892 (10)
257 2859 335 2884 l'ast.
352 2857 401 2883 lib.
419 2865 437 2889 ι,
454 2858 502 2885 vis.
514 2858 540 2889 ‘2,
555 2866 613 2893 cap.
628 2859 653 2885 4.

992 2264 1102 2298 vimque
1116 2264 1266 2291 inferamus
1291 2264 1394 2293 codicis
1421 2273 1472 2293 ms.
1502 2265 1611 2293 lectioni
1626 2274 1688 2294 cum
1703 2267 1770 2295 clar.

992 2309 1096 2337 editore
1110 2309 1229 2341 Pottero,
1246 2317 1277 2337 ac
1293 2310 1401 2339 Davisio
1425 2311 1513 2346 ipsum
1535 2316 1629 2340 secuto
1646 2322 1653 2339 :
1675 2320 1707 2340 eo
1730 2313 1772 2340 vel

994 2355 1110 2383 maxime
1122 2355 1194 2390 quod
1212 2363 1290 2383 nemo
1304 2356 1408 2383 nesciat
1422 2357 1448 2384 in
1465 2365 1539 2385 more
1557 2358 1674 2392 positmn
1687 2358 1772 2386 fuisse

992 2399 1123 2427 Clementi
1148 2400 1342 2435 Alexandrino,
1364 2402 1391 2429 in
1416 2407 1559 2430 auctorum
1587 2404 1655 2431 locis
1668 2403 1772 2431 descri-

993 2446 1089 2475 bendis
1105 2447 1157 2474 alia
1176 2448 1347 2480 contrahere,
1374 2449 1427 2475 alia
1452 2450 1555 2481 tollere,
1578 2449 1631 2476 alia
1652 2449 1770 2484 interpo-

992 2500 1057 2520 nere
1071 2496 1151 2528 atque
1166 2501 1216 2528 pro
1235 2494 1348 2522 arbitrio
1363 2499 1479 2525 mutare,
1504 2495 1595 2522 omnia
1617 2503 1670 2522 uno
1689 2496 1772 2523 verbo

991 2538 1043 2566 sibi
1059 2540 1234 2574 permittere:
1248 2539 1318 2575 quod
1336 2544 1363 2568 et
1377 2540 1428 2568 hoc
1444 2542 1502 2576 ipso
1520 2543 1546 2567 in
1560 2541 1648 2575 capite
1658 2541 1772 2569 licenter

991 2585 1072 2613 nimis
1084 2586 1254 2621 exsequitur,
1268 2591 1298 2613 ut
1314 2586 1384 2622 apud
1403 2586 1562 2614 Wottonum
1579 2586 1670 2614 videre
1684 2592 1735 2615 est.

1091 2753 1151 2814 fid.
1169 2757 1224 2780 not.
1241 2753 1268 2779 in
1280 2760 1339 2787 cap.
1353 2752 1382 2779 ‘2!
1407 2752 1485 2787 epist.
1500 2753 1511 2779 1
1532 2752 1565 2779 ad
1577 2753 1697 2781 Corinth.

1068 2816 1073 2822 ί
1107 2805 1122 2814 ι.
1137 2798 1163 2817 c.

1107 2805 1122 2814 ι.
1137 2798 1163 2817 c.

1068 2816 1073 2823 4

1021 2824 1076 2858 (15)
1093 2824 1202 2854 Strom.,
1227 2823 1273 2849 lib.
1292 2831 1328 2855 tv,
1345 2832 1404 2859 cap.
1420 2824 1462 2856 16,
1477 2833 1502 2859 p.
1514 2824 1575 2857 612,
1593 2826 1659 2853 edit.
1681 2826 1768 2855 Oxon.
