2038 3140
211 123 262 150 119

770 125 814 152 AI)
832 126 859 153 S.
880 126 1086 155 CLEMENTEM
1107 127 1116 154 i
1136 126 1262 155 l’Al‘AM.

1772 126 1820 154 120

246 180 314 213 Quid
329 180 438 215 qtlzeris,
448 180 573 215 inquies?
584 178 647 208 Esto
657 190 662 207 :
673 180 946 215 scripseritClemens
954 180 988 207 τὰ
1002 183 1025 211 Α
1040 183 1130 209 αὐτόν.
1144 182 1227 216 «Quis
1240 191 1304 219 ergo
1320 184 1389 211 inter
1401 190 1448 211 vos
1461 183 1625 219 generosus?
1639 183 1700 218 quis
1721 184 1824 211 miseri-

209 225 291 253 τὲκνα
306 226 396 260 ὐμῶνε
410 229 436 251 at
451 225 538 260 ipsum
554 225 603 257 τὰς
616 226 746 259 γυναῖκας
759 226 837 261 ἡμῶν
849 226 994 261 scripsisse

213 273 298 306 liquet
316 282 321 298 :
338 271 410 306 quod
430 273 522 307 utique
546 273 580 298 ad
598 270 724 300 Venema‘.
748 273 912 300 sententiam
927 279 994 300 con-

212 318 373 344 tinuandam
398 317 466 345 satis
494 321 545 344 est.
575 316 632 350 Nae,
656 317 703 352 qui
724 317 764 345 sic
783 318 891 350 sentiat,
904 318 995 346 minus

212 366 315 390 attente
329 362 496 390 Clementem
523 362 627 398 legerit.
654 362 805 398 Siquidem,
827 362 900 398 quod
926 363 995 391 scri-

213 409 297 444 pserit
313 407 343 435 S.
356 407 436 435 Pater
444 408 493 440 τὰς
506 409 732 444 γυναῖκαςήμῶν,
744 409 770 436 in
779 416 862 437 causa
875 409 925 437 fuit
935 418 996 437 ver—

213 454 276 481 bum
290 453 518 490 διορθωσώμεθα;
536 457 566 481 ιιι
585 455 703 482 sermoni
721 455 802 490 paulo
824 460 887 483 ante
897 456 925 483 in
941 456 995 491 pri-

212 509 257 528 ma
272 508 387 536 persona
404 500 541 532 instituto,
558 501 746 536 ὲντραπῶμεν,
761 501 938 537 αῑδεσθῶμεν,
954 510 995 528 τι-

214 546 354 581 μήσωμεν,
370 545 568 581 παιδεύσωμεν,
584 547 718 574 sententia
737 551 910 582 congrueret.
928 547 995 574 Cum

213 597 302 620 autem
318 599 380 619 mox
393 592 465 619 aliud
481 592 608 627 loquendi
620 599 706 628 genus
718 597 841 629 usurpet,
853 593 997 629 scripsisse

213 639 325 666 omnino
335 638 486 667 censandus
497 643 538 667 est
548 639 582 665 τὰ
596 639 677 666 τέκνα.
691 639 767 675 ὑμῶν
781 649 788 667 :
801 640 913 675 perinde
928 647 959 667 ac
973 641 996 668 si

214 685 248 712 ab
266 684 398 712 orationis
412 692 494 712 cursu
509 684 653 720 abreptus,
668 685 741 720 quod
754 685 836 713 modo
851 686 997 721 scripserat

214 730 306 757 minus
321 729 374 756 sibi
389 732 580 761 consentanee,
595 736 690 756 uxores
703 734 807 757 nostras
823 731 996 766 corrigamus,

214 773 359 801 emendare
375 774 504 806 voluerit;
517 773 639 808 adeoque
651 775 750 809 stylum
774 775 866 802 statim
884 776 999 811 castiga-

214 820 269 847 tius
282 827 430 852 exacuens,
460 819 639 854 doceutisque
661 819 788 855 dignitati
813 822 996 856 prospiciens,

215 866 365 894 orationem
389 870 536 902 permutat.
553 868 644 901 atque,
672 866 722 900 ﬁlii
748 868 827 894 vestri
841 868 997 902 suscipiant,
1014 859 1035 887 Β

215 912 421 940 convenientius
434 912 568 940 rescribit.
588 911 738 940 Retinenda
760 913 843 948 igitur
859 913 943 948 proba
960 915 1000 941 le-

215 960 271 987 ctio
285 966 337 987 ms.
353 959 458 987 codicis
474 959 662 990 Alexandrini,
674 966 705 985 ac
717 960 813 993 procul
829 961 1000 988 amandanda

216 1007 250 1033 de
261 1005 360 1041 Grapte
374 1005 523 1033 Clementis
552 1012 638 1032 uxore
664 1005 729 1032 hinc
753 1010 830 1032 eruta
843 1007 1000 1040 conjectura

216 1052 267 1079 viri
280 1052 394 1083 eruditi;
408 1052 454 1087 qui
465 1051 666 1079 Cotelerianam
695 1051 848 1078 versionem
861 1059 876 1078 a
895 1051 1002 1079 Clerico

217 1099 381 1126 recensitam
398 1098 456 1125 sive
468 1096 628 1124 mendosam
644 1097 701 1124 sive
716 1096 825 1123 inﬁdam
846 1097 1002 1125 exscribere

217 1145 323 1178 maluit,
339 1151 421 1179 quam
439 1147 541 1170 textum
558 1142 648 1177 ipsum
661 1142 815 1169 consulere.

255 1189 308 1217 Sed
332 1189 453 1217 nondum
476 1188 654 1215 dimittendus
678 1187 850 1216 Hermannus
876 1188 1002 1217 Vencma.

220 1236 309 1270 Pergit
326 1236 366 1263 vir
377 1235 506 1262 criticusl
524 1239 560 1267 et,
577 1241 631 1269 quo
642 1234 737 1269 probet
757 1234 837 1261 allata
852 1235 933 1262 verba
944 1242 1005 1263 esse

221 1281 376 1316 accipienda
394 1281 466 1308 velut
483 1288 498 1307 a
512 1279 650 1309 Clemente
657 1281 690 1308 de
702 1289 730 1309 se
743 1282 801 1316 ipso
812 1281 931 1315 prolata,
949 1281 1004 1308 haec

222 1326 338 1353 subdit:
357 1336 366 1351 ‹
395 1325 470 1353 Licet
498 1327 607 1354 nomine
629 1326 757 1354 Ecclesiae
782 1325 922 1358 Romana,
948 1326 1006 1361 ipse

222 1376 313 1398 tamen
329 1371 471 1406 epistolam
488 1371 609 1406 scripsit,
625 1375 652 1399 et
663 1372 696 1399 ad
711 1380 740 1399 se
750 1371 868 1404 subinde
878 1379 1006 1407 expresse

222 1417 336 1451 digitum
347 1416 461 1444 intendit
474 1437 480 1448 ,
501 1417 538 1444 uti
554 1417 580 1444 in
597 1417 687 1445 verbis
700 1418 755 1452 (1-1)
772 1427 778 1444 :
796 1417 826 1444 Si
842 1422 947 1452 propter
967 1426 1006 1443 me

223 1464 327 1496 seditio,
355 1469 379 1490 et
394 1463 537 1495 discordia,
563 1468 588 1490 et
615 1464 768 1497 schismata,
785 1464 901 1497 discedo,
922 1464 1005 1492 abeo:

1044 229 1119 256 cors?
1126 229 1188 264 quis
1201 229 1343 257 charitatis
1350 230 1458 265 plenus?
1467 230 1539 257 dicat
1549 239 1556 256 2
1569 228 1597 256 Si
1604 233 1715 264 propter
1726 236 1770 256 me
1778 237 1821 257 se-

1044 274 1122 306 ditio,
1134 278 1162 302 et
1174 274 1322 307 discordia,
1334 280 1360 303 et
1373 276 1522 303 schismata
1532 284 1539 308 ;
1549 274 1670 304 discedo.
1679 274 1746 302 abeo
1757 283 1824 309 quo.

1044 326 1153 354 cunque
1173 319 1351 347 volueritis...
1364 319 1417 352 Qui
1437 319 1489 346 hoc
1508 319 1619 351 fecerit,
1631 319 1683 347 sibi
1698 327 1825 355 magnum

1044 364 1128 393 decus
1143 365 1171 392 in
1190 364 1305 392 Domino
1320 365 1498 400 comparabit,
1520 366 1664 400 omnisque
1678 366 1753 393 locus
1763 373 1825 393 eum

1045 411 1186 447 suscipiet.
1205 422 1214 437 ι
1240 411 1345 444 Quibus
1371 419 1437 439 sane
1456 411 1547 439 verbis
1562 419 1641 439 nemo
1666 419 1720 438 non
1741 411 1826 445 videt,

1046 456 1148 483 hortari
1163 456 1328 484 Clementem
1354 455 1524 489 Corinthios,
1548 460 1578 483 ut
1607 456 1716 484 etiamsi
1734 456 1827 491 justus

1045 502 1108 537 quis
1120 502 1190 530 inter
1204 510 1251 530 eos
1264 501 1355 535 fuerit,
1376 505 1457 537 atque
1482 502 1612 529 immunis
1631 510 1647 529 a
1666 502 1827 535 schismate,

1046 549 1111 583 quin
1125 553 1152 576 et
1166 549 1239 576 omni
1252 549 1384 576 virtutum
1401 556 1501 584 genere
1519 552 1650 582 ornatus;
1661 549 1718 584 juri
1734 552 1827 576 tamen

1047 601 1098 622 suo
1121 594 1211 626 cedat,
1232 598 1262 622 ut
1283 594 1413 623 Ecclesiae
1442 594 1625 622 Corinthiaca:
1646 595 1829 631 tranquillitas

1047 639 1111 667 inde
1125 644 1284 676 consurgat.
1296 641 1337 668 An
1349 649 1404 668 non
1424 641 1507 676 igitur
1520 639 1653 668 Clementi
1677 641 1747 668 mire
1761 648 1829 668 con-

1047 687 1115 714 cinit
1129 686 1308 722 Epiphanius,
1335 687 1399 715 dum
1426 688 1464 714 ait
1480 688 1568 723 ipsum
1584 688 1622 715 ita
1642 687 1728 715 fuisse
1752 688 1831 715 locu-

1047 735 1126 765 tum,
1154 732 1209 758 τισὶ
1233 731 1312 758 τοῦτο
1340 732 1576 768 συμϐουλεύονταῖ
1605 732 1675 759 Hinc
1697 733 1832 760 immerito

1049 776 1211 805 insimulant
1224 780 1349 804 sanctum
1376 777 1452 804 illum
1473 777 1710 805 Constantiensem
1724 779 1832 813 episco-

1049 830 1115 859 pum
1128 822 1313 850 Thorndicius
1329 822 1386 859 (16)
1402 826 1428 850 et
1442 823 1580 851 Burtonus
1606 823 1673 859 (Π).
1689 824 1761 859 quod
1772 823 1833 852 Cle-

1050 869 1199 897 mentinam
1217 868 1381 897 sententiam
1406 869 1479 896 haud
1505 870 1541 897 sit
1560 873 1713 897 assecutus.
1737 868 1833 896 Imme-

1049 914 1103 942 rito
1115 914 1179 941 item
1194 921 1227 942 ex
1239 913 1362 948 ejusdem
1383 913 1413 940 S.
1439 913 1529 941 Patris
1554 914 1646 942 verbis
1658 934 1665 946 ,
1682 913 1832 942 Clementis

1051 959 1249 986 abdicationem
1266 958 1428 986 conﬁrmare
1444 959 1570 986 nituntur
1581 960 1627 987 alii
1640 960 1730 995 magni
1745 960 1835 987 nomi-

1052 1005 1094 1032 nis
1109 1005 1171 1032 viri.

1086 1052 1120 1078 At
1133 1052 1230 1087 potiori
1244 1051 1307 1086 jure
1318 1051 1454 1079 notandus
1475 1051 1508 1079 Η.
1533 1050 1665 1084 Venema,
1683 1060 1728 1087 qui
1742 1059 1775 1080 eo
1788 1060 1837 1087 ρο-

1053 1098 1189 1125 tissimum
1213 1097 1323 1125 nomine
1349 1097 1493 1133 Epiphanii
1519 1099 1681 1125 auctoritate
1703 1098 1836 1131 abutitur,

1053 1151 1107 1179 quo
1123 1144 1250 1170 nimirum
1268 1147 1422 1171 commento
1443 1151 1494 1172 suo
1514 1144 1547 1171 de
1569 1143 1669 1179 Grapte
1692 1144 1838 1172 Clementis

1054 1197 1139 1217 uxore
1155 1188 1359 1216 fundamentum
1372 1189 1521 1224 praejaciat,
1543 1190 1619 1217 nullo
1639 1190 1748 1217 innixus
1765 1194 1839 1217 vete-

1056 1242 1115 1261 rum
1129 1234 1295 1266 testimonio,
1323 1235 1388 1269 quin
1413 1242 1429 1262 e
1445 1239 1542 1262 contra
1561 1236 1702 1262 obnitente
1720 1236 1839 1270 scripto.

1056 1288 1115 1307 rum
1132 1280 1307 1315 antiquorum
1323 1280 1383 1308 ﬁde.
1400 1280 1478 1313 Nam,
1493 1284 1522 1308 ut
1545 1281 1639 1317 lgnatii
1656 1281 1838 1317 Epistolarum

1057 1326 1278 1360 interpolatorem
1300 1326 1460 1355 omittamus
1485 1326 1552 1362 (18),
1577 1335 1658 1362 quem
1687 1335 1770 1354 unum
1788 1335 1840 1354 no-

1056 1372 1095 1399 vit
1117 1371 1162 1399 hic
1175 1379 1282 1404 censor,
1302 1372 1480 1399 vetustiorem
1500 1372 1589 1399 adhuc
1611 1372 1744 1400 habemus
1761 1372 1842 1399 Reco-

1059 1418 1202 1453 gnitionum
1224 1417 1397 1453 scriptorem,
1414 1418 1513 1445 saeculo
1535 1426 1554 1444 ll
1578 1418 1736 1450 desinente,
1762 1418 1841 1453 cujus

1059 1464 1115 1491 hazc
1126 1467 1190 1491 sunt
1203 1464 1285 1491 verba
1308 1464 1365 1499 (19)
1385 1473 1391 1491 :
1411 1464 1465 1499 Ego
1493 1464 1612 1491 Clemens
1637 1464 1663 1491 in
1680 1465 1742 1491 urbe
1760 1464 1843 1491 Roma

225 1511 294 1544 tleri,
317 1510 485 1546 Epiphanius
505 1511 601 1537 statuit
614 1510 697 1545 (15).)
714 1510 831 1545 Operam
862 1510 930 1538 ludit
943 1518 1007 1538 cen—
1022 1529 1042 1557 C
1059 1514 1148 1541 natus,
1163 1516 1195 1536 ea:
1209 1509 1295 1543 prima
1311 1515 1388 1536 «etate
1407 1509 1540 1543 pudicitia:
1554 1509 1672 1537 studium
1689 1510 1767 1545 gessi.
1778 1509 1843 1541 Qua:

226 1564 272 1584 sor
291 1557 353 1584 iste.
378 1556 411 1583 Et
438 1564 508 1592 aegre
532 1556 643 1592 quidem
669 1556 828 1588 ferendum,
855 1556 928 1591 quod
954 1564 1009 1584 non

226 1602 392 1638 perspexerit
419 1603 459 1629 vir
481 1603 593 1631 oculeus
630 1606 716 1634 totus,
742 1602 921 1638 Epiphanium
946 1602 1008 1631 Cle-

228 1648 327 1676 mentis
361 1649 523 1676 sententiam
550 1655 603 1675 non
631 1656 665 1675 ex
690 1648 777 1683 ipsius
801 1648 931 1683 epistola,
963 1648 1008 1676 sed

226 1703 258 1722 ex
273 1694 435 1729 quibusdam
452 1694 657 1722 commentariis
672 1695 698 1721 in
710 1695 811 1730 quibus
825 1695 927 1722 dictum
944 1695 1010 1722 illud

228 1740 380 1772 invenerat,
393 1741 584 1776 descripsisse.
602 1740 648 1768 Sic
663 1742 734 1768 enim
751 1741 796 1769 ille
809 1742 826 1768 l.
852 1749 877 1768 c.
894 1751 900 1768 :
931 1741 1010 1775 Λέγει

227 1788 281 1823 γὰρ
295 1788 323 1814 ὲν
340 1788 388 1823 μιᾷ
402 1787 454 1814 τῶν
469 1787 615 1813 ἐπιστολῶν
629 1787 721 1814 αὐτοῦ’
739 1784 893 1823 Ἀναχωρῶ,
905 1788 1009 1823 ἄπειμι.

229 1836 401 1872 εὕρομεν
425 1835 479 1871 γὰρ
507 1835 534 1862 ἐν
560 1844 631 1862 τισιν
657 1836 911 1871 ὑπομνηματισμοῖς
933 1835 1012 1862 τοῦτο

229 1884 397 1918 ἐγκείμενον.
430 1892 439 1908 ‹
454 1882 526 1912 Dicit
551 1883 623 1911 enim
649 1882 795 1918 (Clemens)
824 1883 851 1910 in
875 1890 928 1909 una
946 1882 1010 1917 Epi-

232 1930 364 1958 stolarum
372 1936 495 1956 suarum:
505 1927 702 1961 Recedo,abeo:
709 1935 804 1955 ...nam
814 1928 840 1955 in
849 1928 1012 1963 quibusdam

231 1974 437 2002 commentariis
451 1974 487 2000 ita
498 1974 631 2009 scriptum
646 1974 827 2009 reperimus.»
854 1972 924 2006 Quid
940 1971 1012 2007 quod

232 2024 349 2055 Ipsemet
364 2019 535 2055 Epiphanius
547 2019 700 2047 luculenter
722 2022 850 2050 testatur,
866 2018 937 2052 quod
953 2016 1013 2044 Cle-

231 2073 309 2092 mens
324 2065 369 2091 illa
394 2063 545 2099 proferens,
569 2064 702 2091 nonnullis
718 2063 765 2090 hoc
792 2063 868 2090 modo
894 2062 1013 2089 consule—

231 2111 297 2139 bat?
312 2111 367 2137 τισὶ
380 2109 459 2137 τοῦτο
474 2109 677 2145 συμϐουλεύωνε
694 2113 798 2136 tantum
813 2108 899 2139 abest,
910 2110 940 2134 ut
951 2114 1015 2134 san-

233 2162 293 2184 ctus
306 2156 526 2184 Constantiensis
539 2155 685 2191 episcopus
705 2154 842 2182 memoriae
860 2152 1012 2183 tradiderit,

1061 1559 1153 1590 postea
1170 1559 1226 1581 tum
1249 1554 1470 1582 Clemenlinorum
1490 1554 1558 1590 (20),
1569 1559 1627 1582 tum
1641 1554 1774 1590 Epitomes
1787 1555 1843 1590 (21)

1061 1605 1186 1628 auctores
1196 1600 1428 1635 exscripsereJlis
1440 1600 1545 1628 accedit
1556 1600 1719 1633 Althclmus,
1731 1600 1845 1634 quiClc-

1062 1646 1162 1674 mentis
1176 1645 1359 1681 virginitatem
1375 1645 1432 1673 sive
1456 1653 1537 1681 prosa
1560 1645 1616 1673 sive
1636 1645 1756 1672 carmine
1776 1645 1844 1672 cele-

1062 1694 1156 1721 brasse
1177 1692 1427 1728 comperitur(‘22).
1450 1692 1576 1720 Clemens
1603 1692 1693 1727 itaque
1722 1692 1808 1726 virgo,
1821 1692 1844 1720 si

1062 1741 1129 1768 fides
1141 1741 1183 1767 his
1197 1740 1367 1767 auctoribus.
1385 1739 1417 1766 Et
1432 1739 1528 1775 quidni
1550 1738 1636 1767 ﬁdes?
1661 1739 1699 1765 ait
1718 1738 1845 1766 doctissi-

1063 1795 1123 1814 IllllS
1133 1785 1283 1814 Cotelerius
1296 1786 1363 1821 (25).

1098 1832 1210 1866 Verum,
1230 1833 1296 1868 quid
1311 1840 1392 1868 porro
1403 1832 1437 1860 de
1451 1832 1551 1868 Grapte
1562 1832 1727 1859 dicendum?
1743 1831 1771 1859 Si
1780 1831 1848 1859 Her-

1063 1888 1114 1907 ma:
1125 1880 1235 1915 quidem
1250 1879 1332 1907 verba
1346 1880 1457 1914 penitus
1480 1878 1667 1914 introspicias,
1677 1878 1779 1906 sentias
1793 1877 1848 1904 uti-

1063 1934 1117 1962 que
1129 1934 1191 1953 cum
1207 1925 1274 1953 viris
1294 1925 1410 1953 eruditis
1425 1924 1482 1960 ('24)
1507 1928 1625 1959 oportet,
1650 1924 1738 1959 ipsam
1763 1923 1848 1951 fuisse

1065 1972 1192 2000 feminam
1221 1975 1350 2006 spectata:
1369 1971 1489 2006 pietatis,
1516 1970 1632 1998 forsitan
1650 1969 1846 2001 diaconissam,

1065 2018 1121 2045 sive
1131 2017 1259 2045 Ecclesiae
1277 2015 1405 2044 Romanae
1420 2015 1595 2051 πρεσϐύτιδα,
1607 2015 1715 2042 viduam
1732 2014 1847 2045 scilicet,

1065 2062 1109 2090 cui
1121 2062 1241 2097 reliquas
1253 2061 1345 2088 viduas
1362 2061 1486 2096 iuniores
1501 2064 1583 2095 atque
1600 2059 1730 2095 orpltanos
1746 2058 1797 2086 sub
1808 2058 1850 2085 vi-

1065 2111 1180 2138 duarum
1189 2118 1254 2137 cura
1264 2110 1377 2145 positos,
1386 2109 1497 2144 optimis
1508 2107 1652 2144 praeceptis
1663 2106 1850 2140 institutisque

1066 2157 1205 2185 imbuendi
1233 2163 1334 2184 munus
1357 2155 1533 2183 commissum
1557 2154 1648 2181 fuerit.
1670 2152 1738 2180 Cum
1766 2152 1849 2187 igitur

232 2203 398 2230 Clementem
415 2210 448 2229 eo
474 2203 526 2229 loci
550 2201 584 2229 ad
599 2210 628 2230 se
651 2201 765 2236 digitum
783 2207 911 2235 expresse
927 2199 1006 2226 inten-

1069 2204 1126 2232 sive
1139 2212 1171 2231 ex
1189 2203 1279 2231 verbis
1299 2202 1458 2235 Clementis,
1473 2201 1532 2229 sive
1548 2208 1581 2227 ex
1597 2198 1742 2234 Epiphanii
1755 2201 1845 2225 aucto-

234 2249 319 2279 «lisse,
327 2248 557 2283 quemadmodum
570 2253 733 2282 praapostcre
743 2246 882 2274 contendit
896 2246 937 2273 vir
947 2246 1013 2273 clar.

237 2294 429 2321 Verumtamen
435 2293 600 2321 Clementem
612 2292 700 2327 ipsum
709 2292 745 2319 ita
755 2292 909 2327 loquentem
922 2291 1017 2318 audia-

235 2349 298 2368 mus
308 2350 314 2367 :
334 2340 382 2372 Τίς
395 2338 442 2366 οὖν
452 2340 481 2366 ἐν
495 2340 561 2375 ἡμῖν
571 2340 693 2372 γενναῖος
702 2347 710 2371 ;
718 2339 759 2369 τίς
766 2337 949 2373 εὖσπλαγχνος
959 2345 966 2369 ;
977 2338 1017 2368 τίς

235 2385 514 2422 πεπληροφορημένος
544 2385 677 2419 hyeme;
708 2384 820 2411 εἰπάτω
848 2384 872 2409 ει
901 2382 934 2408 δι’
968 2383 1019 2416 ἐμὲ

238 2433 341 2465 στάσις,
358 2433 404 2459 καὶ
417 2432 485 2467 ἔρις,
511 2431 557 2458 καὶ
588 2431 734 2465 σχίσματα,
763 2428 887 2464 ἐκχωρῶ,
911 2427 1017 2462 ἄπειμι,

235 2475 267 2506 οὗ
281 2479 328 2506 ἐὰν
349 2477 488 2514 βούλησθε.
513 2492 547 2497 —-
564 2476 650 2503 Τοῦτο
665 2477 680 2502 ὁ
693 2476 819 2511 ποιήσας,
844 2473 931 2509 ἑαυτῷ
948 2473 1018 2508 μέγα

238 2527 314 2560 κλέος
324 2528 352 2554 ἐν
363 2527 456 2563 Κυρίῳ
464 2525 680 2561 περι-ποιήσεται,
696 2523 742 2549 καὶ
755 2523 808 2554 πᾶς
822 2522 902 2553 τόπος
916 2520 1017 2553 δέξεται

274 2626 330 2658 (IL)
345 2625 429 2658 Epist.
448 2626 459 2652 1
482 2626 515 2652 ad
529 2624 660 2655 Corinth.,
677 2630 737 2657 cap.
752 2621 795 2648 54.

277 2661 334 2695 (l5)
350 2659 451 2689 Haeres.
470 2668 585 2693 xxxviii,
601 2659 653 2696 §6.

275 2693 332 2730 (l6)
346 2696 449 2731 Origin.
465 2696 568 2724 eccles..
585 2693 646 2730 Pag.
658 2693 721 2721 386.

278 2731 334 2765 (f7)
349 2731 377 2757 In
396 2730 452 2758 not.
464 2731 497 2756 ad
512 2730 597 2757 Clem.
614 2731 632 2756 ι.
644 2738 668 2756 c.

290 2762 335 2833 18')
344 2765 427 2801 lgnat.
441 2765 526 2799 Epist.
540 2765 573 2791 ad
585 2764 750 2798 Philadelph.
770 2764 895 2799 interpol.
919 2770 978 2798 cap.
992 2762 1018 2789 1.

293 2801 324 2828 19
351 2802 429 2828 Auct.
445 2799 577 2833 Recognit.
593 2800 639 2827 lib.
657 2808 675 2831 ι,
695 2808 754 2833 cap.
771 2800 796 2826 1.

293 2799 335 2833 i9)
351 2799 429 2828 Ᾰυρι.
445 2799 577 2833 Recognit.
593 2800 639 2827 lib.
657 2808 675 2831 ι,
695 2808 754 2834 cap.
771 2800 796 2826 1.

278 2836 334 2872 (20)
350 2836 427 2863 Auct.
441 2835 567 2863 Clemenl.
584 2835 655 2863 hom.
677 2842 697 2867 ι,
713 2843 772 2870 cap.
786 2835 810 2862 1.

1068 2252 1159 2283 ritate,
1175 2258 1231 2278 suae
1246 2258 1336 2277 causa:
1355 2249 1512 2284 praesidium
1527 2247 1628 2274 frustra
1644 2249 1748 2280 quaerat
1758 2244 1850 2271 erudi-

1068 2302 1113 2326 tus
1137 2297 1267 2329 Venema,
1292 2297 1359 2332 quin
1384 2299 1412 2324 et
1438 2295 1491 2330 ipsi
1512 2294 1622 2321 obstent
1646 2296 1703 2319 tum
1723 2290 1850 2318 Ecclesia:

1069 2344 1232 2379 scriptorum
1250 2341 1443 2373 vetustissimi,
1461 2344 1517 2368 tum
1543 2339 1725 2367 recentiorum
1748 2337 1850 2365 doctis-

1070 2389 1131 2417 simi
1143 2397 1150 2421 ;
1170 2396 1260 2423 neque
1275 2388 1360 2415 ullum
1373 2387 1484 2414 omnino
1497 2385 1593 2413 vadem
1618 2385 1732 2420 ipsemet
1741 2391 1790 2419 pro
1801 2390 1851 2411 sua

1070 2435 1204 2464 sententia
1231 2435 1259 2462 in
1283 2434 1402 2461 medium
1423 2432 1539 2459 adducat
1561 2441 1568 2458 ε
1587 2431 1614 2458 in
1635 2430 1751 2457 nihilum
1773 2430 1853 2457 abeat

1071 2489 1183 2509 necesse
1203 2484 1246 2509 est
1265 2479 1367 2515 Grapte
1377 2478 1526 2506 Clementis
1553 2484 1633 2509 uxor,
1646 2483 1727 2511 quam
1738 2476 1852 2503 commi-

1072 2528 1187 2556 niscitur
1207 2536 1213 2560 ;
1240 2533 1357 2561 cumque
1388 2523 1542 2552 istiusmodi
1566 2523 1693 2558 ﬁgmento
1715 2521 1853 2549 evanescit

1108 2631 1164 2664 (21)
1177 2630 1256 2657 Auct.
1271 2629 1387 2664 Epitom.
1399 2636 1461 2664 capi.
1477 2628 1503 2664 fr.

1106 2660 1162 2701 (Ξί)
1180 2665 1216 2692 De
1232 2660 1305 2701 laud'.
1317 2660 1586 2701 τιὴ-9.ει-ὶιςῂιιηιάὶὸἶ
1601 2661 1716 2701 virginit.
1732 2668 1792 2701 cap.
1807 2660 1851 2686 2‘2.

1380 2689 1383 2690 ν
1448 2698 1533 2725 Clem.
1545 2697 1625 2732 epist.
1638 2689 1662 2733 Iv,
1675 2704 1734 2731 cap.
1747 2689 1790 2733 38.

1109 2731 1164 2772 (24)
1181 2736 1306 2772 Cotclaet
1318 2734 1396 2772 Fe_ll;,
1411 2734 1450 2761 ad‘
1469 2733 1561 2760 Herm.
1579 2732 1629 2759 vis.
1650 2731 1677 2772 ᾖ,
1692 2738 1753 2765 cap.
1780 2731 1854 2772 tsuanc

1073 2763 1165 2798 Dodw’.
1184 2771 1210 2799 in
1226 2770 1313 2797 addit.
1328 2770 1360 2796 ad
1373 2763 1502 2797 P'earson.
1515 2776 1578 2802 opp.
1593 2763 1742 2802 posthumf,
1756 2773 1783 2801 p.
1793 2763 1853 2795 £96,

1073 2812 1099 2835 et
1115 2807 1193 2841 ibid.,
1207 2807 1234 2834 in
1245 2806 1354 2834 dissert.
1366 2804 1465 2840 singul.
1479 2812 1505 2839 p.
1523 2804 1583 2831 158.
