2038 3140
143 175 186 202 121

774 181 944 210 ΡιιοοΕΜιΑ
963 184 1153 213 VARIORUII.

1711 186 1760 214 i‘l‘l

139 241 248 268 quoque
262 234 331 262 illud
355 241 545 271 argumentum
567 238 631 266 hinc
656 238 841 275 desumptum,
868 249 921 276 quo

973 243 1025 270 ciis
1040 243 1111 271 haud
1127 243 1253 272 obscuris
1267 243 1412 272 verborum
1428 244 1596 279 φιλαδελφία,
1612 244 1758 279 φιλοξενια,

140 281 317 315 epistularum
354 282 390 308 ad
412 283 525 318 virgines
553 285 739 313 sinceritatem
767 293 924 321 oppugnare

140 332 352 362 aggressusest.
370 328 406 355 At
417 329 451 357 de
463 330 506 358 his
517 331 596 359 satis.

175 372 308 401 Ceterum
322 375 433 403 easdem
443 375 578 411 Epistolas
589 376 682 404 Graece
693 377 821 412 primitiis
832 383 928 403 exara-

139 421 181 445 tas
193 417 276 446 fuisse
290 420 398 455 colligit
422 421 458 448 cl.
480 421 651 450 Wetstenius
672 427 728 449 tum
744 429 776 449 es
800 422 924 455 vocibus,

138 465 308 500 εὐχαριστία,
323 466 446 498 ἀσωτία,
474 467 603 499 κίνδυνος,
631 467 716 499 τάξις,
746 467 848 502 σχῆμα,
869 467 927 493 δια-

138 510 218 547 Θήκη,
233 512 320 546 ἀγὼν,
339 512 476 545 αὐτολεξεί
490 514 711 547 occurrentibus;
741 517 798 540 tum
811 521 842 541 ex
858 513 928 541 indi-

977 289 1152 325 φιλαργυρία,
1167 290 1359 326 φιλοπρωτεία,
1373 291 1575 326 παραιτεῖσθαι,
1584 295 1637 318 etc.
1646 290 1677 317 Et
1691 290 1761 317 scri-

976 339 1028 370 ptae
1046 336 1154 371 quidem
1177 336 1293 364 fortasse
1317 336 1419 364 iuerint
1445 344 1499 363 non
1522 337 1600 371 longe
1614 344 1635 363 a-
1644 336 1761 364 Nemnis

976 382 1062 414 obitu,
1077 381 1141 409 dum
1163 382 1285 409 Ecclesia
1309 383 1456 417 tranquilla
1472 390 1538 417 pace
1553 382 1688 409 fi'iieretur
1702 392 1709 409 :
1732 383 1760 409 in

976 427 1011 455 iis
1026 428 1098 455 enim
1117 428 1221 456 nullius
1237 429 1401 456 calamitatis
1412 432 1459 456 aut
1468 429 1619 456 vexationis
1628 427 1762 455 Christia-

977 481 1074 501 norum
1091 474 1205 503 mentio.

881 691 1005 747 IV.

406 808 514 870 EX
579 809 646 870 P.
690 808 1041 873 LUMPERI
1091 806 1492 871 HISTORIA.

160 935 289 968 (Historia
299 935 535 969 theologica-critica
544 936 575 962 de
585 936 642 968 vita,
655 935 753 968 scriptis
763 939 833 968 atque
843 935 954 961 doctrina
965 937 1012 961 SS.
1024 936 1136 967 Patrum,
1148 938 1208 966 etc.;
1221 938 1240 961 t.
1250 935 1271 966 I,
1284 935 1348 968 Aug.
1360 935 1493 966 Vindelic,
1504 935 1574 966 1785,
1585 937 1729 962 lnoclavo.‘
1757 939 1762 946 '

700 1083 889 1129 CAPUT
922 1083 1184 1127 PRIMUM.

457 1177 657 1207 ARTICULUS
677 1176 817 1206 UNICUS.
836 1193 871 1198 —
891 1177 984 1205 VITIE
1005 1177 1035 1206 S.
1055 1177 1254 1205 CLEMENTIS
1273 1177 1446 1206 HISTORIA.

165 1314 196 1343 S.
212 1314 357 1342 Clementis
380 1314 469 1349 patria
493 1317 518 1340 et
538 1314 637 1348 generis
662 1314 796 1342 nobilitas.
811 1329 845 1334 —-
856 1313 918 1342 Cle-
934 1317 955 1345 Β
970 1321 1034 1341 vero
1045 1313 1279 1349 Recognitionum,
1289 1313 1335 1348 qui
1347 1314 1397 1341 sub
1407 1313 1554 1342 Clementis
1564 1313 1645 1348 hujus
1655 1314 1762 1341 nomine

131 1369 210 1389 mens
236 1361 376 1389 Romanus
402 1366 559 1389 sanctorum
584 1359 707 1393 Patrum,
724 1365 857 1396 quotquot
874 1369 921 1389 ex-

131 1413 207 1435 stant
234 1408 457 1439 vetustissimus,
481 1414 567 1441 neque
597 1414 653 1433 uno
680 1406 790 1434 nomine
806 1407 920 1441 primus,

132 1453 220 1480 Roma
242 1461 258 1480 e
281 1453 420 1481 senatorio
438 1460 535 1488 genere
550 1451 606 1488 (25)
623 1456 700 1479 ortus
714 1456 765 1479 est.
783 1451 876 1479 Grieca
891 1451 920 1479 S.

133 1498 205 1526 Petri
222 1498 292 1534 apud
314 1498 516 1526 Ilenschenium
541 1502 603 1525 acta
628 1498 708 1525 etiam
731 1497 860 1533 Augustis
875 1504 921 1524 co-

132 1549 244 1580 gnatum
260 1544 357 1575 fuisse,
373 1544 571 1579 Neronemque,
589 1544 653 1571 dum
675 1543 847 1571 Christianos
860 1550 922 1578 per-

133 1590 316 1626 sequebatur,
342 1590 377 1618 ab
396 1590 442 1618 illo
466 1593 609 1626 eapropter
634 1589 800 1617 abstinuisse
817 1592 922 1616 testan-

131 1643 186 1665 ιιιτ.

167 1685 260 1712 Anniis
284 1684 440 1716 nativitatis,
455 1688 479 1710 et
494 1683 550 1718 ejus
573 1682 718 1709 conversio.
729 1697 765 1701 —-
776 1681 835 1714 Quo
850 1688 922 1708 anno

132 1731 250 1765 primam
274 1730 363 1757 lucem
385 1729 531 1764 aspexerit,
549 1736 639 1761 nemo,
654 1727 727 1763 quod
750 1728 844 1759 sciam,
857 1735 922 1762 pro-

131 1775 219 1809 didit;
233 1775 255 1803 si
272 1781 360 1803 tamen
375 1775 529 1809 conjectare
553 1774 644 1805 liceat,
660 1774 769 1802 Christo
789 1774 817 1800 in
840 1774 922 1801 terris

131 1821 223 1848 adhuc
232 1821 345 1856 degente
359 1825 439 1847 natus
455 1828 470 1847 e
482 1820 583 1854 reliqua
598 1820 661 1847 vita:
674 1820 743 1847 serie
756 1819 861 1846 censeri
873 1826 923 1853 po-

131 1867 197 1890 test.
215 1862 332 1891 Sanctus
353 1863 454 1891 Paulus
479 1865 505 1891 in
529 1871 571 1896 ea,
585 1871 666 1898 quam
682 1863 715 1890 ad
732 1863 922 1898 Philippenses

130 1909 218 1941 dedit,
231 1909 344 1944 epistola
359 1909 452 1936 laudat
472 1909 638 1936 Clementem
657 1912 780 1936 nostrum
793 1917 843 1936 ceu
857 1917 922 1944 apo-

130 1954 249 1982 smlatus
261 1954 302 1982 sui
317 1954 421 1982 socium
436 1959 464 1981 et
485 1954 670 1989 coadjutorem
684 1953 773 1987 ⁸⁸·¹⁰⁰;
789 1953 817 1981 in
845 1954 921 1981 libris

166 2022 239 2038 δί’-’³ο
252 2022 291 2049 Ad
308 2022 437 2057 Philipp.,
451 2030 511 2057 cap.
526 2031 563 2055 iv,
580 2031 606 2050 ν.
622 2021 639 2050 5
651 2026 679 2050 et
699 2029 756 2058 seq.

971 1360 1212 1393 circumferuntur,
1229 1369 1244 1387 a
1261 1361 1324 1388 divo
1340 1360 1421 1388 Petro
1437 1362 1622 1396 apostolorum
1638 1362 1761 1396 principe

971 1406 1005 1433 ad
1025 1406 1163 1434 Christum
1189 1414 1341 1434 conversus
1363 1415 1435 1438 esse,
1456 1408 1535 1442 eique
1554 1414 1647 1442 postea
1669 1416 1762 1435 comes

971 1451 1059 1479 ﬁdelis
1081 1452 1230 1479 adhaesisse
1254 1456 1393 1479 narratur.
1415 1452 1536 1485 Quorum
1559 1452 1690 1480 librorum
1709 1453 1761 1480 etsi

971 1506 1027 1526 non
1046 1499 1191 1527 admodum
1208 1499 1285 1526 ﬁrma
1308 1499 1344 1526 sit
1369 1499 1529 1530 auctoritas,
1546 1499 1597 1526 hac
1618 1503 1707 1526 tamen
1728 1507 1762 1526 ex

971 1546 1048 1577 parte
1069 1543 1107 1570 nil
1129 1551 1294 1579 magnopere
1322 1551 1352 1571 se
1376 1542 1465 1576 offert,
1484 1551 1534 1570 cur
1553 1543 1702 1578 rejicienda
1722 1544 1754 1571 vi-

971 1587 1078 1616 deatur.

1006 1634 1029 1661 A
1047 1634 1106 1661 divo
1127 1633 1206 1661 Petro
1222 1635 1358 1669 episcopus
1373 1634 1537 1670 designatur.
1551 1648 1587 1655 ——
1597 1633 1665 1662 Cum
1686 1637 1755 1661 utro-

972 1687 1025 1714 que
1038 1684 1111 1707 certe
1126 1680 1311 1714 apostolorum
1331 1679 1454 1714 principe
1477 1680 1645 1707 Clementem
1669 1679 1716 1706 diu
1735 1683 1763 1706 et

973 1725 1143 1752 familiariter
1162 1725 1261 1760 egisse,
1277 1733 1292 1751 a
1306 1724 1386 1752 Petro
1403 1730 1492 1752 autem
1514 1726 1595 1753 etiam
1618 1732 1762 1753 successo-

972 1779 1030 1799 rem
1046 1771 1072 1798 in
1087 1771 1225 1806 pascendo
1247 1778 1327 1806 grege
1351 1770 1458 1798 Domini
1476 1771 1646 1807 designatum
1667 1770 1762 1805 fuisse,

972 1816 1096 1852 plerique
1111 1816 1231 1843 fatentur
1246 1815 1312 1852 (26).

1009 1863 1082 1892 Cleto
1099 1865 1126 1890 in
1141 1864 1297 1898 pontiﬁcatu
1321 1863 1446 1896 succedit,
1463 1872 1531 1902 anno
1551 1863 1650 1891 Christi
1665 1863 1710 1891 9i.
1727 1877 1762 1883 —-

973 1910 1078 1944 Quotus
1088 1910 1184 1937 ordine
1198 1909 1348 1937 Romanam
1362 1910 1518 1937 cathedram
1530 1910 1670 1941 insederit,
1683 1913 1762 1938 vetus

973 1960 1000 1984 et
1015 1956 1103 1984 adhuc
1115 1956 1167 1984 sub
1176 1955 1269 1991 judice
1283 1955 1316 1983 lis
1331 1960 1387 1989 est;
1403 1963 1458 1983 non
1473 1956 1578 1984 sedisse
1591 1959 1681 1982 tamen
1698 1959 1762 1983 ante

167 2080 225 2115 (25)
239 2079 416 2115 Receptiores
445 2079 543 2113 critici,
566 2080 704 2107 levissima
725 2079 800 2107 ducti
824 2080 916 2114 conje—
930 2083 951 2112 c
968 2084 1044 2114 atque
1054 2080 1133 2106 etiam
1155 2080 1235 2114 stirpe
1248 2079 1399 2110 Cwsariim,
1418 2079 1619 2115 omiiirscientia
1636 2079 1758 2115 relertus,

129 2113 221 2147 etura,
235 2122 289 2150 non
309 2113 511 2150 Romanumiet
528 2115 737 2149 praeclarissimo
758 2119 851 2141 natum
869 2113 917 2150 ge-

131 2159 208 2181 nere.
229 2149 278 2177 sed
296 2157 334 2185 rex
354 2150 438 2183 stirpe
462 2149 576 2176 Judaica
601 2154 771 2185 procreatum
795 2149 918 2178 censent.

130 2187 241 2213 Primus
255 2184 301 2216 qui
316 2191 375 2211 eam
391 2185 493 2211 invexit
506 2185 650 2211 novitatem
667 2185 717 2211 fuit
730 2184 919 2216 Tillemontiiis

134 2220 162 2247 in
173 2219 233 2247 suis
249 2212 428 2245 Honumenti's
437 2217 557 2244 historia
579 2216 763 2243 ecclesiasticae
773 2235 781 2247 ,
805 2218 880 2241 tomo
894 2212 926 2247 ll,

135 2263 197 2289 pag.
215 2253 278 2281 H9.
291 2253 395 2289 Exinde
406 2260 470 2280 vero
483 2253 555 2289 idem
568 2252 657 2289 visum
671 2250 817 2289 Coutantio
832 2253 926 2276 nostro

135 2285 162 2316 in
170 2285 353 2317 celeberrimo
370 2296 421 2315 suo
435 2295 516 2321 opere
534 2286 718 2322 Epistolarum
739 2285 926 2313 Romanorum

136 2321 400 2363 pontiﬁcum,t0inq
412 2322 433 2354 Ι,
452 2330 513 2363 pag.
532 2321 577 2355 Η,
588 2323 651 2349 licet
665 2326 758 2363 postea
774 2328 857 2363 suam
869 2327 926 2363 mu-

131 2355 199 2387 tarit
211 2359 373 2387 sententiam
392 2355 461 2386 loco'
473 2355 570 2390 citato,
586 2365 647 2392 pag.
666 2355 717 2383 ll.
737 2355 859 2392 Accessit
879 2355 927 2392 de-

130 2400 210 2422 mum
226 2394 472 2422 revereiidissiinus
484 2390 612 2420 dominus
620 2391 761 2427 Remigius
773 2390 925 2427 Ccillieriiis

131 2434 239 2461 noster,
254 2429 301 2464 qui
314 2429 428 2456 lidenter
446 2428 527 2455 nimis
545 2428 571 2455 id
584 2425 712 2455 asserere
721 2434 777 2454 non
791 2425 926 2464 dubitavit

130 2466 158 2492 in
181 2460 303 2492 Historia
316 2463 433 2500 generali
447 2469 584 2500 augtoiru‘m
595 2470 740 2500 sacrorum
761 2466 785 2488 et
801 2460 925 2500 ecclesia-

127 2501 271 2533 sticarum,
285 2495 361 2527 toino
371 2499 393 2531 I,
407 2507 466 2534 pag.
481 2498 543 2525 598.
554 2498 650 2534 Colligi
669 2498 792 2534 idrposse
807 2504 839 2523 ex
851 2495 923 2530 ejus—

130 2535 196 2561 dem
204 2534 289 2561 sancti
303 2532 455 2561 Clementis
460 2534 491 2561 ad
500 2532 655 2561 Corinthios
665 2533 780 2567 epistola
789 2533 876 2567 capite
892 2541 917 2559 iv

128 2569 334 2600 arbitrabatur,
352 2568 398 2595 ubi
414 2573 452 2594 ait
467 2578 474 2596 :
495 2569 605 2602 Propter
622 2566 919 2602 ieinulati'onem;Pater

129 2609 224 2631 noster
235 2602 318 2630 Jacob
330 2603 434 2638 aufugit
447 2612 463 2629 a
476 2601 631 2638 [acie'Esau
644 2603 738 2637 fratris
749 2603 800 2629 sui.
818 2601 917 2638 Verum

129 2640 191 2666 haec
205 2639 287 2666 verba
313 2637 452 2673 nequeunt
476 2643 608 2666 vetustam
633 2638 787 2672 opinionem
807 2637 916 2673 elidere.

129 2674 205 2701 Sane
232 2673 305 2700 illam
329 2678 424 2701 auctor
442 2674 516 2702 Libri
530 2672 688 2708 pontiﬁcalis
701 2675 828 2708 isecutus
853 2672 890 2698 ait
911 2683 916 2699 :

128 2709 252 2736 Clemens
265 2709 370 2736 natione
388 2708 521 2735 Romanus
531 2707 566 2735 Vde
579 2708 682 2743 regione
693 2707 774 2735 Coelio
790 2712 879 2743 monte
887 2715 919 2733 ex

128 2750 205 2778 patre
220 2743 361 2771 Faustino.
379 2743 483 2771 Similia
505 2740 639 2771 habentur
660 2743 687 2769 in
708 2743 846 2777 Catalogis
863 2740 919 2768 Ro-

129 2787 274 2806 manorum
299 2779 462 2806 Pontificum
488 2778 707 2806 vetustioribus:
732 2778 921 2811 consentitquc

129 2814 297 2842 Breviarium
317 2814 471 2841 Ennianum
495 2814 528 2841 ad
548 2814 619 2840 diem
640 2813 675 2839 25
696 2812 872 2846 Novembris;
888 2813 921 2839 ile

129 2851 178 2877 illo
191 2851 254 2877 item
270 2854 385 2877 sanctus
398 2849 546 2876 Euchcriiis
562 2848 751 2883 Lugdunensis
766 2848 793 2874 in
808 2848 921 2882 epistola

130 2885 164 2912 ad
184 2886 315 2914 Valerium
335 2895 341 2913 :
359 2884 479 2912 Clemens
502 2889 600 2911 uetusta
615 2884 738 2920 prosapia
759 2888 920 2915 senatorum,

970 2113 1135 2149 omniumque
1154 2113 1302 2142 liberalium
1326 2115 1424 2141 artium
1445 2114 1621 2149 peritissimus
1637 2113 1672 2139 ad
1692 2114 1761 2149 [iane

965 2148 1099 2185 justorunj
1116 2150 1185 2176 uiam
1200 2150 1323 2180 transiit;
1338 2149 1426 2183 itaque
1437 2149 1469 2185 in
1490 2156 1521 2174 ea
1539 2148 1698 2174 excellenter
1709 2148 1761 2182 ﬂo-

969 2185 1032 2216 ruit,
1044 2189 1072 2211 ut
1084 2184 1215 2219 Principis
1227 2192 1327 2219 quoque
1338 2184 1517 2218 apostolorum
1528 2191 1663 2219 successor
1676 2184 1761 2209 exsti-

970 2221 1040 2248 terit.
1057 2219 1103 2246 His
1119 2218 1198 2246 lidein
1210 2218 1323 2246 minime
1335 2219 1510 2253 derogamus,
1522 2226 1583 2244 cum
1597 2218 1683 2252 ipsius
1697 2218 1760 2245 Cle-

969 2255 1067 2281 mciitis
1082 2254 1108 2280 in
1129 2254 1296 2281 contrarium
1314 2254 1446 2288 producta
1471 2253 1584 2288 intelligi
1605 2253 1711 2288 possint
1725 2253 1760 2281 de

970 2289 1030 2316 fidei
1052 2289 1155 2324 gratia.
1178 2293 1289 2324 propter
1311 2287 1411 2324 quam.
1425 2292 1454 2315 ut
1478 2287 1624 2324 inqiiitrad
1649 2287 1759 2317 Galatas

968 2332 1027 2358 cap.
1044 2323 1070 2350 vi
1085 2323 1185 2350 Paulus
1201 2324 1350 2359 apostolus,
1367 2323 1440 2359 Filii
1454 2323 1636 2359 promissionis
1651 2331 1760 2357 compu—

969 2357 1060 2385 tantur
1073 2360 1099 2385 in
1113 2357 1226 2395 semine:
1239 2358 1308 2416 ()liiid
1325 2359 1396 2392 quod
1420 2357 1586 2392 Theophilus
1608 2359 1636 2384 in
1651 2359 1709 2386 suis
1724 2359 1757 2385 ad

969 2389 1131 2416 Autolvcum
1147 2388 1238 2416 libris.
1267 2390 1301 2416 ib.
1320 2397 1361 2416 iii.
1372 2394 1438 2416 sect.
1453 2389 1498 2416 25.
1513 2389 1642 2416 Davidem
1656 2394 1757 2416 patrem

969 2389 1131 2425 Autolycum
1147 2388 1238 2421 libris,
1250 2388 1301 2416 lib.
1320 2388 1361 2422 iii,
1372 2394 1438 2417 sect.
1453 2388 1642 2419 25.‘Davidem
1656 2394 1761 2425 patrem

968 2433 1015 2452 seu
1029 2425 1359 2460 progenitoremrnostruni
1375 2425 1640 2460 appellatir'Ensi-ia
1654 2424 1736 2451 Δαϐὶδ
1746 2426 1761 2451 ὁ

968 2459 1098 2495 πρόγονός
1108 2459 1442 2495 ήμῶν(ὲ6ασίλευσεν)ἑτη
1454 2463 1491 2494 μ’·
1505 2459 1603 2488 Deinde
1611 2460 1696 2486 Dauid
1711 2467 1759 2493 pa-

967 2494 1007 2521 ter
1018 2500 1105 2522 noster
1119 2494 1236 2530 regnavit
1251 2503 1335 2521 annos
1349 2495 1537 2530 quadraginta.
1556 2495 1684 2529 Nunquid
1695 2494 1759 2530 ideo

968 2530 1097 2558 Hebraeus
1108 2528 1252 2565 episcopus
1265 2531 1316 2557 iste
1330 2528 1538 2557 Antiocliéiius?
1551 2528 1653 2558 Eodem
1676 2528 1758 2565 plane

966 2573 1049 2594 sensu
1061 2564 1268 2593 cumClrm’ente
1278 2565 1432 2592 locutisunt
1449 2565 1560 2593 Patrum
1570 2564 1757 2599 antiquissimi

966 2600 1091 2636 Justinus
1104 2600 1141 2627 M.
1158 2600 1292 2636 (Dialogo
1314 2608 1374 2636 cuni
1397 2599 1534 2635 Tryphone
1546 2621 1554 2633 ,
1571 2604 1639 2628 sect.
1665 2600 1755 2636 155);

966 2635 1092 2663 Clemens
1115 2635 1316 2663 Alexandrinus
1339 2635 1522 2667 (Stromatum
1537 2636 1584 2662 lib.
1602 2642 1647 2667 vi,
1660 2642 1685 2661 c.
1702 2635 1732 2669 7)
1747 2643 1755 2667 ;

967 2671 1151 2699 Tertullianus
1174 2671 1299 2697 adversus
1320 2670 1499 2702 Marcionem,
1519 2670 1566 2698 lib.
1589 2679 1632 2703 iv,
1658 2677 1682 2697 c.
1700 2670 1754 2702 24;

965 2711 1061 2734 auctor
1076 2706 1262 2741 Expositionis
1284 2706 1310 2733 in
1335 2705 1436 2741 Evang.
1458 2705 1525 2741 Iino.
1541 2713 1612 2741 iquze
1637 2705 1687 2732 sub
1700 2704 1753 2733 Titi

965 2739 1240 2769 Bostrensis’nomine
1253 2739 1444 2768 circumfertur
1457 2739 1522 2775 (Tit.
1538 2739 1612 2768 Bost.
1629 2741 1655 2767 in
1669 2748 1729 2774 cap.
1743 2749 1751 2767 ι

965 2776 1064 2810 Lucae)
1085 2776 1197 2803 Bibliot.
1214 2775 1285 2808 PP.,
1304 2776 1370 2803 edit.
1388 2775 1488 2809 Paris.,
1507 2781 1573 2811 tom.
1595 2775 1670 2807 XIII,
1689 2784 1751 2811 pag.

966 2812 1034 2844 767;
1050 2812 1120 2846 Aug.
1136 2819 1217 2839 scrin.
1236 2813 1261 2844 5.
1281 2811 1333 2846 μ,
1349 2811 1418 2846 Opp.
1429 2815 1495 2838 tom.
1518 2810 1550 2842 ν,
1575 2819 1636 2847 pag.
1653 2810 1698 2847 30L

1011 2847 1067 2882 (‘26)
1081 2847 1146 2874 Vide
1162 2847 1302 2878 Irei'ueuin,
1319 2848 1335 2873 Ι.
1354 2855 1393 2879 iii,
1410 2855 1434 2875 ο.
1448 2848 1476 2878 5;
1495 2847 1595 2874 Zozim.
1616 2846 1686 2881 apud
1699 2846 1749 2872 Ba—

973 2890 1033 2912 ron.
1050 2883 1082 2910 ad
1098 2891 1161 2910 ann.
1180 2881 1238 2916 H7,
1255 2890 1330 2910 num.
1345 2882 1389 2910 ‘20.
