2038 3140
247 165 299 192 125

802 162 846 188 AD
867 162 895 189 S.
916 162 1127 190 CLEMENTEM
1147 163 1157 190 Ι
1177 162 1291 190 ΡΔΡΑΜ

1803 157 1858 186 ιει

243 222 352 256 Linum,
367 223 438 258 quod
453 222 531 250 divus
546 222 725 256 llieronymus
746 221 773 247 in
790 225 871 255 caput
894 229 932 248 Lll
951 220 1027 248 lsaize
1041 225 1064 252 Α
1078 221 1161 256 aliqui
1177 221 1267 248 ferunt
1282 219 1337 255 (54)
1351 228 1412 248 eum
1429 220 1461 248 ad
1478 220 1598 249 schisma
1611 220 1778 252 evitandum,
1792 219 1863 247 Pon-

243 269 343 300 innuit,
357 276 406 303 pro
420 273 496 296 certo
517 269 571 303 jam
591 267 706 295 habetur
723 267 787 302 (Ἦ).
805 267 933 300 Quamvis
956 268 1029 295 enim

243 322 258 340 a
276 319 372 342 sancto
383 313 463 342 Petro
478 314 505 341 in
521 314 678 349 episcopum
695 318 830 346 sacratus,
846 318 872 340 et
887 320 1030 341 successor

243 359 401 394 designatus
414 359 505 390 fuerit,
518 359 648 386 honorem
661 358 839 387 nihilominus
853 362 880 386 et
896 362 960 385 tunc
971 366 1030 386 mo-

242 404 318 432 deste
337 412 489 437 recusasse.
503 409 529 432 et
549 408 610 439 post
635 403 664 432 S.
686 403 780 431 Jacobi
800 405 902 431 obitum
918 403 946 431 S.
962 404 1030 431 Lino

244 450 314 477 ultro
328 449 456 482 cessisse,
471 450 591 477 traditur
603 458 618 477 a
632 449 759 482 Baronio,
774 450 853 484 cujus
867 450 1030 477 sententiam

243 496 419 531 comprobant
428 496 530 524 Natalis
540 496 692 524 Alexander
703 497 770 532 (28),
781 497 939 530 Bollandus,
950 497 1030 525 Cote-

244 541 327 569 lerius
339 545 366 569 et
383 541 582 571 Tillemoutius.
595 543 683 576 Quod,
706 547 735 570 ut
755 542 858 571 Natalis
877 543 1031 571 Alexander

244 589 281 615 ait
295 588 354 616 loco
368 588 469 624 citato,
480 598 490 614 ι
507 589 649 624 pessimum
662 590 780 624 posteris
794 590 947 624 exemplum
961 598 1030 625 pra:-

244 634 302 662 beri
321 635 557 667 animadverteret.
574 636 597 663 si
619 644 653 663 ex
666 636 692 662 vi
712 635 893 664 ordinationis
913 641 940 663 et
959 637 1031 664 desi-

244 680 391 714 gnatiouis,
403 680 436 707 de
449 688 479 708 se
494 680 572 708 facta
586 688 601 707 a
613 679 642 707 S.
656 680 737 708 Petro
760 681 944 716 (quantumvis
957 682 1031 716 justa

244 725 328 759 esset)
345 731 483 752 exerceret
500 725 685 759 pontiﬁcium;
702 726 764 760 quia
788 726 909 753 futurum
935 728 1031 762 placvi-

245 768 335 801 debat,
352 774 382 796 ut
400 770 422 797 si
441 770 562 805 pontiﬁci
577 770 669 798 liceret
687 771 737 798 sibi
753 771 897 807 designare
922 780 1032 799 succes-

246 822 347 848 sorum,
368 816 460 850 plures
483 815 510 843 in
538 816 693 843 cathedram
718 815 792 843 Petri
820 818 958 850 subvecti,
984 816 1031 845 sed

246 859 318 888 Petri
336 862 445 896 vestigia
461 870 516 889 non
532 862 629 901 secuti,
646 862 805 890 relationem
817 864 909 891 carnis
923 867 949 891 et
969 872 1033 892 san—

246 907 354 941 guinis,
370 916 423 935 non
441 907 560 943 Spiritus
574 898 661 936 sancti
683 909 801 937 amatum
817 910 1030 939 attenderent....
1049 898 1070 925 Β

247 953 340 988 sicque
364 962 500 982 summum
525 955 655 983 Ecclesize
678 956 860 983 sacerdotium
882 957 916 983 ab
939 957 1035 985 ordine

247 998 442 1027 Melchisedech
466 1001 493 1027 in
517 1001 641 1029 ordinem
668 1002 784 1029 Aaronis
804 1002 958 1034 decideret,
985 1010 1035 1030 nec

247 1045 368 1079 dignatio
392 1047 512 1074 caelestis
536 1048 649 1082 gratiae,
678 1048 726 1075 sed
751 1049 870 1076 carnalis
897 1049 1035 1076 successio

247 1095 389 1126 generaret
400 1091 574 1119 Sacerdotem
580 1114 586 1121 .
607 1103 616 1119 I

283 1136 403 1165 Sanctus
418 1137 535 1166 lrenaeus
548 1138 602 1174 (29)
620 1147 784 1167 enumerans
794 1139 931 1167 Romanos
947 1140 1035 1175 ponti-

249 1183 312 1211 ﬁces
345 1184 391 1218 qui
415 1185 447 1212 ad
464 1192 512 1212 sua
533 1189 655 1220 tempora
679 1185 839 1218 ﬂoruerunt,
873 1186 953 1213 tertio
974 1191 1035 1221 post

248 1233 373 1256 sanctum
388 1229 497 1257 Petrum
512 1230 572 1257 loco
590 1231 756 1258 Clementem
774 1232 861 1266 ponit.

282 1274 389 1302 Pariter
401 1275 534 1303 Eusebius
546 1276 600 1312 (50)
612 1281 637 1304 et
649 1275 816 1311 Epiphanius
826 1277 881 1313 (51)
897 1277 1033 1305 sentiunt:

248 1328 281 1348 ex
307 1320 423 1348 adverso
450 1325 563 1349 sanctus
586 1322 756 1357 Augustinus
786 1322 841 1357 (52)
871 1322 1035 1350 Clementem

249 1367 316 1393 Lino
336 1366 491 1394 immediate
514 1368 682 1396 successisse
705 1371 820 1395 testatur
837 1377 843 1395 :
858 1376 938 1403 quem
962 1368 1036 1396 ordi-

249 1421 309 1440 nem
320 1413 348 1440 in
359 1414 537 1441 numerandis
548 1413 621 1441 Petri
634 1408 843 1442 successoribus
854 1419 945 1442 tenent
955 1415 1036 1443 etiam

249 1463 360 1486 sanctus
381 1458 497 1494 Optatus
519 1459 690 1488 Milevitanus
707 1460 936 1494 (35),Chronicon
964 1460 1037 1494 quod

249 1504 364 1532 Damaso
384 1506 465 1540 vulgo
489 1506 627 1537 tribuitur,
649 1509 676 1533 et
698 1506 839 1540 catalogus
859 1509 936 1532 vetus
957 1505 1035 1533 Rom.

250 1550 407 1585 pontiﬁcum
425 1559 440 1578 e
453 1559 505 1578 ms.
534 1551 628 1579 codice
648 1552 747 1586 reginae
773 1551 877 1579 Sueciae
892 1552 926 1578 ab
942 1551 1037 1586 hagio-

250 1597 361 1631 graphis
375 1596 463 1632 Belgis
479 1597 505 1623 in
522 1596 585 1623 Maii
601 1596 740 1632 Propylteo
751 1604 878 1624 excusus.

284 1634 386 1668 Prteter
411 1642 559 1677 pugnantia
582 1642 650 1669 adeo
674 1642 840 1673 testimonia,
863 1650 917 1669 non
941 1642 1039 1669 desunt

250 1694 305 1714 suae
321 1687 429 1721 utrique
444 1694 477 1713 ex
492 1686 534 1714 his
547 1686 722 1721 opinionibus
743 1686 931 1720 diﬁicultates;
949 1691 1039 1722 poste-

249 1730 307 1757 rior
326 1730 389 1757 inde
414 1734 504 1757 tamen
528 1731 689 1765 gravissime
710 1731 852 1765 premitur,
879 1731 950 1766 quod
975 1731 1038 1759 fasti

250 1776 394 1807 Ecclesia).
419 1780 497 1804 vetus
519 1776 703 1804 Romanorum
724 1777 846 1809 traditio.
869 1781 896 1805 et
918 1778 1038 1812 plerique

250 1822 365 1857 catalogi
378 1821 458 1849 Rom.
471 1821 570 1861 pontii.
585 1825 708 1849 sanctum
724 1821 890 1849 Clementem
908 1822 1038 1858 martyrio

250 1871 411 1895 coronatum
424 1871 549 1895 asserant
570 1867 721 1902 imperante
733 1867 862 1903 Trajano,
878 1874 959 1902 atque
971 1868 1038 1896 adeo

250 1914 302 1941 sub
325 1913 403 1941 initio
425 1913 517 1941 saculi
545 1921 581 1946 ιι;
604 1913 729 1949 quamvis
753 1922 840 1949 neque
865 1913 960 1941 Linum
978 1915 1038 1950 plus

252 1967 333 1994 quam
359 1967 409 1991 xu,
436 1966 524 1993 neque
549 1958 715 1986 Clementem
742 1958 813 1986 ultra
836 1959 929 1986 decem
951 1967 1038 1987 annos

252 2005 356 2033 sedisse
370 2005 514 2040 quisquam
534 2007 660 2036 testetur,
676 2011 691 2030 a
708 2004 780 2032 Petri
803 2008 893 2032 autem
909 2006 1039 2040 martyrio

252 2058 338 2086 usque
350 2050 383 2078 ad
398 2049 507 2085 Trajani
522 2049 664 2084 imperium
679 2057 734 2076 xxx
745 2054 774 2076 ut
786 2050 940 2081 minimum,
952 2057 1038 2078 annos

252 2096 364 2135 ﬂuxisse
382 2099 497 2123 constet.
518 2095 678 2125 Djlﬁcultate
700 2095 752 2122 hac
778 2099 807 2122 ut
821 2103 850 2123 se
867 2095 1037 2130 expedirent,

288 2217 344 2252 (2'1)
361 2216 394 2243 Et
408 2217 534 2244 Clemens
545 2215 587 2242 vir
601 2216 775 2252 apostolicus.
793 2215 845 2252 qui
853 2219 914 2252 post
927 2214 1035 2243 Petrum

252 2251 339 2279 Rom.
350 2251 496 2279 Ecclesiam
520 2251 599 2282 rexit,
625 2251 719 2278 scribit
735 2251 767 2278 ad
784 2251 953 2281 Corinthios.
969 2255 1034 2282 etc.,

253 2286 490 2349 oppsliéllicron.
504 2286 606 2313 noviss.
622 2286 687 2313 edit.
703 2285 809 2318 Venet.,
825 2290 890 2313 tom.
908 2285 951 2316 IV,
968 2294 994 2321 p.
1009 2287 1035 2318 1,

253 2331 286 2349 (ιο
300 2344 306 2349 .
378 2343 384 2349 .

253 2323 306 2350 ιόΙ.
323 2323 384 2349 612.

289 2357 344 2392 (28)
360 2357 389 2384 In
406 2356 477 2383 llist.
492 2356 555 2383 εδει.
582 2356 673 2383 saeculi
686 2364 705 2387 I.
716 2356 826 2384 dissert.
841 2356 883 2387 l3,
898 2363 959 2391 pag.
971 2355 1038 2383 mihi

290 2427 345 2462 (29)
360 2426 514 2462 Fundautes
530 2425 611 2460 igitur
622 2430 649 2453 et
665 2426 830 2453 instruentes
840 2426 910 2453 beati
923 2426 1038 2462 apostoli

254 2462 414 2492 EccleSiam,
429 2461 495 2487 Lino
507 2462 692 2495 episcopatum
710 2462 932 2488 administrandae
946 2461 1040 2488 Eccle-

254 2498 302 2525 sia:
318 2497 496 2532 tradiderunt.
514 2496 642 2532 Succedit
656 2501 744 2524 autent
760 2497 784 2523 ei
800 2497 960 2530 Anacletus;
979 2500 1039 2532 post

254 2540 316 2560 eum
336 2532 417 2559 tertio
432 2531 466 2558 ab
485 2531 615 2566 apostolis
637 2533 823 2566 episcopatum
848 2532 962 2560 sortitur
979 2532 1040 2559 Cle-

255 2575 342 2595 mens.
362 2567 390 2593 S.
407 2566 523 2594 lrenaeus
546 2566 563 2594 l.
588 2574 618 2593 ιιι
644 2566 708 2594 Adv.
733 2567 838 2599 hwres..
860 2574 919 2601 cap.
936 2567 962 2598 5,
977 2574 1039 2601 pag.

255 2603 320 2629 lllllll
335 2602 396 2632 {76,
413 2601 478 2628 edit.
495 2602 598 2629 uoviss.
611 2601 720 2629 Venetae
735 2603 767 2629 de
782 2610 853 2628 anno
869 2602 947 2628 1754.

290 2637 346 2672 (50)
363 2636 434 2663 Hist.
459 2637 533 2669 eccl.,
551 2637 568 2663 Ι.
593 2645 634 2669 ιιι,
657 2645 681 2664 c.
699 2637 742 2667 15,
767 2638 823 2664 ait:
840 2637 981 2663 Auacletus
997 2644 1041 2672 er-

255 2673 320 2698 actis
336 2673 362 2699 in
375 2672 524 2706 episcopatu
536 2673 612 2700 annis
628 2680 664 2698 xu
680 2680 852 2699 sucressurem
868 2672 971 2706 reliquit
985 2671 1041 2697 Cle-

256 2681 320 2698 acus
336 2681 362 2699 ιη
375 2681 389 2698 e
408 2681 524 2706 Iscopatu
536 2681 612 2700 annis
628 2681 664 2698 xu
680 2681 852 2699 sucressurem
868 2681 914 2698 rei:
934 2681 971 2697 un
985 2681 1040 2697 Lie-

256 2681 454 2734 mentem.€ide
477 2707 557 2734 etiam
579 2707 700 2741 ejusdem
725 2707 784 2733 libri
800 2714 824 2734 c.
840 2707 856 2733 4
871 2711 898 2733 et
911 2681 957 2738 gl,
982 2706 1040 2733 edi-

255 2744 356 2769 tionem
372 2741 472 2769 Valesii
488 2741 682 2769 Taurincnsem
698 2750 757 2776 pag.
771 2741 815 2772 82,
827 2741 862 2768 95
875 2746 901 2768 et
915 2741 959 2769 98.

291 2778 347 2810 (51)
364 2777 452 2803 Romae
473 2777 551 2810 primi
571 2777 687 2803 omnium
706 2777 799 2803 Petrus
813 2782 838 2804 ct
856 2776 956 2803 Paulus
978 2784 1042 2810 apo~

256 2813 318 2838 διοίὶ
331 2812 431 2846 pariter
444 2816 520 2845 atque
537 2812 647 2846 episcopi
666 2811 780 2846 fuerunt,
802 2811 861 2838 inde
881 2811 973 2842 Linus,
987 2816 1041 2837 tum

257 2846 358 2882 Cletus.
372 2846 648 2882 pou/lttttchlemcns.
665 2848 795 2882 l‘lpipltan.
806 2848 900 2874 haeres.
918 2847 963 2878 27,
976 2854 1001 2873 c.
1013 2847 1039 2876 6,

257 2890 318 2917 pag.
335 2881 394 2915 l07,
407 2882 472 2908 edit.
484 2880 632 2915 Lipsiensis
642 2880 753 2915 Petavii,
767 2883 847 2918 vulgo
858 2882 1040 2909 Coloniensil.

1081 267 1161 294 tilicia
1176 267 1307 302 dignitate
1326 274 1356 294 se
1374 266 1526 300 abdicasse,
1538 271 1565 294 et
1580 267 1658 302 longe
1670 270 1732 302 post
1745 267 1862 300 obiisse;

1080 321 1172 340 verum
1188 313 1213 339 id
1228 313 1302 340 omni
1318 313 1426 347 penitus
1440 313 1608 340 dubitatione
1624 321 1678 341 non
1691 317 1777 340 vacat.
1793 311 1863 345 Quid

1080 363 1169 385 autem
1190 358 1217 385 in
1239 366 1270 386 re
1291 358 1358 385 adeo
1379 359 1496 386 obscura
1513 359 1644 394 tricisque
1665 358 1864 392 chronologicis

1080 404 1194 438 implexa
1217 411 1282 431 vero
1305 404 1416 439 propius
1442 404 1564 436 accedat,
1589 404 1698 432 lectoris
1720 404 1864 431 arbitrium

1079 453 1157 476 esto:
1174 449 1239 476 mihi
1256 449 1364 476 animus
1384 449 1507 481 inclinat,
1522 453 1551 476 ut
1572 448 1601 476 S.
1619 448 1719 476 Irean
1737 456 1786 475 ceu
1802 448 1865 475 testi

1080 495 1200 522 omnium
1214 495 1414 530 antiquissimo,
1430 503 1480 522 nec
1496 495 1575 530 longe
1590 502 1604 521 a
1617 493 1748 522 Romanis
1764 494 1864 529 posito,

1080 542 1145 576 quin
1165 541 1193 568 in
1207 540 1280 573 Urbe
1295 541 1352 576 ipsa
1367 544 1486 573 versato,
1501 542 1683 572 subscribam.
1697 546 1723 568 et
1742 540 1866 568 Clemen-

1080 591 1146 620 tem,
1160 594 1215 614 non
1235 590 1308 620 ante,
1320 595 1399 622 quam
1412 591 1473 622 post
1492 586 1590 614 Linum
1610 592 1637 615 et
1650 587 1767 621 Cletum,
1779 587 1820 615 vel
1837 590 1867 614 ut

1082 632 1197 661 lrenaeus
1212 634 1303 664 habet.
1316 634 1475 661 Anacletum
1494 634 1597 662 sedisse
1611 641 1745 662 censeam.

1116 679 1165 706 Res
1185 679 1217 705 ab
1240 688 1269 706 eo
1292 680 1319 706 in
1342 681 1498 714 pontiﬁcatu
1520 680 1721 715 gutta—Quo
1744 685 1866 714 tempore

1083 725 1211 752 Ecclesiae
1225 729 1350 760 praeerat,
1372 726 1426 752 duo
1442 725 1614 760 potissimum
1628 726 1717 761 egisse
1730 732 1866 753 memora-

1083 774 1137 797 tur.
1160 769 1314 797 Laborante
1333 770 1393 797 diro
1418 771 1566 798 schismate
1588 771 1792 798 Corinthiorum
1812 769 1865 798 Ec-

1083 816 1177 848 clesia.
1189 816 1299 851 scripsit
1318 817 1454 852 egregiam
1476 817 1555 844 hodie
1577 817 1666 845 adhuc
1691 818 1864 853 superstitem

1083 862 1237 897 epistolam,
1255 870 1308 897 qua
1323 862 1400 890 laicis
1422 863 1449 889 in
1464 863 1637 898 presbyteros
1652 863 1733 890 etiam
1749 864 1867 892 sanctis—

1085 909 1169 937 simos
1197 909 1401 944 insurgentibus
1435 908 1521 936 suasit
1552 916 1663 943 pacem,
1691 914 1866 944 mutuamque

1085 954 1269 981 concordiam.
1291 953 1434 989 Negotium
1452 953 1523 981 istud
1545 962 1578 981 ex
1599 954 1732 981 sententia
1754 954 1867 989 perfecit

1085 1003 1196 1027 sanctus
1211 999 1346 1027 Pontifex.
1362 999 1495 1031 Alterum,
1514 1000 1587 1034 quod
1606 1004 1706 1034 septem
1723 1000 1799 1027 urbis
1824 1008 1868 1027 re-

1085 1046 1178 1080 giones
1190 1046 1217 1072 in
1231 1045 1353 1073 notarios
1369 1046 1481 1073 totidem
1496 1046 1613 1081 partitus
1630 1047 1675 1077 sit,
1690 1046 1735 1080 qui
1752 1046 1778 1072 in
1793 1051 1868 1081 gesta

1086 1092 1135 1120 SS.
1158 1097 1307 1128 martyrum
1343 1093 1531 1128 inquirerent,
1557 1094 1657 1129 illaque
1683 1095 1715 1121 ad
1745 1100 1868 1130 posteros

1085 1139 1194 1173 scriptis
1221 1139 1443 1166 commendarent
1462 1139 1539 1176 (55):
1564 1140 1629 1167 hinc
1649 1141 1730 1168 etiam
1751 1141 1868 1176 percipi-

1085 1191 1161 1215 mus,
1181 1188 1309 1218 quautam
1336 1184 1505 1219 diligentiam
1535 1185 1570 1212 ab
1595 1185 1661 1220 ipsis
1696 1185 1869 1214 incunabulis

1084 1228 1163 1256 Rom.
1182 1228 1303 1257 Ecclesia
1318 1230 1472 1257 adhibuerit
1488 1230 1515 1257 in
1537 1231 1697 1266 colligendis
1719 1235 1868 1267 martyrum

1084 1274 1172 1303 fastis.
1185 1275 1295 1311 lugente
1311 1276 1473 1303 Christianae
1492 1278 1531 1304 rei
1550 1276 1715 1305 detrimento
1734 1281 1794 1304 acta
1813 1277 1870 1304 haec

1086 1321 1137 1348 sub
1162 1321 1367 1356 Diocletiano,e
1390 1322 1474 1349 fundo
1499 1323 1658 1358 religionem
1682 1323 1866 1351 Christianam

1086 1369 1240 1395 convellere
1266 1368 1423 1401 laborante,
1455 1368 1571 1396 ﬂammis
1596 1369 1751 1404 perierunt,
1776 1369 1812 1397 ita
1840 1373 1870 1396 ut

1085 1414 1201 1448 paucula
1218 1414 1297 1441 hodie
1313 1414 1432 1449 genuina
1445 1414 1606 1441 venerandae
1621 1413 1792 1448 antiquitatis
1812 1422 1870 1441 mo-

1087 1464 1215 1487 numenta
1239 1460 1343 1494 reliqua
1361 1460 1424 1487 sint.
1443 1451 1598 1487 Promeruit
1621 1464 1648 1487 et
1669 1460 1725 1495 ipse
1746 1459 1871 1487 Clemens

1086 1505 1188 1532 eisdem
1204 1505 1281 1533 lastis
1297 1505 1429 1533 adscribi.

1123 1550 1283 1586 Martyrium
1309 1552 1394 1578 sancti
1421 1550 1577 1582 Clementis,
1600 1551 1705 1586 eiusque
1729 1551 1873 1578 obitus.—

1091 1596 1193 1623 Eteuim
1208 1597 1235 1623 iu
1249 1596 1448 1624 Chersonesum
1469 1597 1612 1624 Tauricam
1634 1598 1770 1632 relegatus
1792 1597 1872 1631 (Tar-

1090 1641 1186 1669 tariam
1210 1642 1342 1669 minorem
1358 1643 1437 1677 vulgo
1457 1643 1602 1678 appellant)
1624 1650 1685 1669 cum
1709 1643 1831 1670 doctrina
1846 1648 1872 1670 et

1088 1684 1228 1714 miraculis
1243 1695 1338 1715 omnes
1353 1688 1458 1715 incolas
1473 1687 1653 1715 convertisset
1672 1688 1704 1714 ad
1719 1688 1870 1719 Christum,

1085 1732 1197 1766 jubente
1210 1731 1328 1766 Trajano
1343 1733 1370 1759 in
1386 1739 1460 1759 mare
1475 1732 1617 1759 demersus
1633 1731 1683 1758 fuit
1697 1739 1769 1758 anno
1785 1731 1808 1759 J.
1819 1731 1870 1759 Ch.

1089 1778 1149 1811 100,
1172 1778 1283 1812 Trajani
1306 1778 1350 1806 IIl.
1372 1778 1434 1806 Haec
1459 1786 1492 1805 ex
1512 1778 1597 1809 actis,
1617 1784 1677 1811 qua:
1697 1777 1724 1803 in
1747 1777 1872 1805 manibus

1088 1827 1233 1850 versantur
1250 1823 1341 1854 hodie.
1359 1826 1436 1850 eruta
1453 1826 1531 1855 sunt;
1553 1824 1651 1848 merito
1669 1824 1759 1848 tamen
1774 1829 1789 1848 a
1804 1822 1871 1850 viris

1089 1868 1270 1902 gravissimis.
1284 1868 1432 1895 Pearsonio
1452 1868 1598 1903 praecipue,
1615 1867 1641 1894 in
1657 1867 1769 1893 dubium
1794 1874 1872 1894 revo-

1088 1917 1196 1945 cantur,
1219 1913 1447 1948 quemadmodum
1466 1913 1580 1940 inl'erius
1603 1913 1734 1947 singulari
1755 1912 1871 1939 articulo

1088 1959 1274 1986 ostendemus.
1300 1958 1381 1990 Sunt,
1401 1959 1449 1993 qui
1464 1959 1575 1986 minime
1588 1958 1706 1985 violenta
1723 1961 1809 1984 morte
1824 1956 1871 1983 de-

1089 2004 1206 2032 cessisse
1231 2004 1324 2032 divum
1351 2005 1518 2032 Clementem
1545 2008 1699 2032 autumant.
1720 2003 1765 2031 Sic
1787 2003 1871 2030 Euse-

1088 2050 1149 2077 bius
1161 2050 1218 2085 (56)
1233 2054 1261 2078 et
1282 2055 1393 2079 sanctus
1408 2050 1587 2087 Hieronymus
1600 2051 1660 2086 ejus
1674 2055 1786 2077 mortem
1798 2049 1872 2076 nulla

1088 2095 1122 2123 de
1134 2097 1264 2132 martyrio
1279 2096 1416 2125 mentione
1428 2097 1553 2125 instituta
1565 2100 1791 2124 commemorant.
1806 2096 1874 2123 San-

1125 2218 1180 2253 (32)
1192 2218 1270 2246 Petro
1286 2218 1409 2245 successi:
1423 2218 1514 2249 Linus.
1526 2217 1591 2244 Lino
1603 2217 1733 2246 Clemens.
1745 2216 1872 2253 Clementi

1090 2252 1240 2284 Andcletus.
1264 2253 1389 2281 Anacleto
1411 2253 1559 2280 Evaristus.
1583 2252 1611 2280 S.
1634 2253 1767 2288 Aug.,ep.
1790 2252 1824 2279 55
1837 2252 1871 2278 ad

1089 2288 1257 2316 Generosum.

1123 2324 1179 2358 (55)
1192 2323 1323 2351 Cathedra
1337 2332 1390 2350 una
1403 2327 1452 2354 est,
1473 2322 1539 2358 sedit
1550 2323 1623 2357 prior
1638 2322 1741 2351 Petrus.
1758 2322 1800 2348 cui
1812 2330 1872 2358 suc-

1089 2357 1166 2385 ces'sit
1182 2358 1273 2389 Linus,
1289 2359 1355 2386 Lino
1373 2358 1501 2390 Clemens,
1522 2357 1649 2385 Clementi
1671 2357 1821 2384 Anucletus.
1839 2357 1870 2385 D.

1089 2393 1213 2428 Optatus.
1231 2394 1276 2420 lib.
1295 2403 1324 2421 ιι.

1125 2429 1180 2463 (54)
1198 2428 1227 2456 D.
1241 2427 1631 2464 Epiphaniushaares.27,c.6.
1643 2427 1831 2455 Heuschenius
1845 2432 1873 2455 et

1087 2462 1329 2498 Papebrochius'in
1343 2463 1402 2489 Maii
1418 2462 1565 2498 Propylteo.

1124 2497 1179 2533 (55)
1198 2498 1347 2526 Guilelmus
1372 2498 1469 2526 Burius
1486 2499 1512 2525 in
1528 2506 1577 2525 sua
1601 2497 1680 2525 Rom.
1705 2497 1799 2532 pontii.
1820 2506 1873 2525 no:

1089 2535 1147 2560 tilia
1169 2534 1272 2568 adjicit,
1296 2535 1371 2560 illum
1394 2534 1506 2568 insuper
1527 2537 1617 2561 vestes
1639 2534 1666 2559 in
1689 2533 1772 2560 missa
1797 2534 1874 2560 adhi-

1091 2569 1193 2596 bendas
1219 2569 1407 2595 sacerdotibus
1431 2569 1647 2603 praescripsisse,
1666 2572 1692 2595 et
1716 2574 1744 2595 ut
1768 2576 1873 2603 mappae

1089 2605 1177 2633 liuere.
1197 2612 1265 2638 quas
1279 2604 1432 2639 corporalia
1448 2612 1587 2635 vocamus,
1609 2604 1636 2630 in
1657 2604 1786 2638 peculiari
1807 2612 1872 2631 vase

1091 2639 1256 2670 lavarentur,
1284 2640 1428 2672 statuisse;
1454 2639 1501 2665 sed
1524 2639 1550 2666 id
1572 2647 1586 2666 e
1606 2639 1789 2665 commentitia
1810 2639 1872 2665 Cle-

1091 2674 1189 2709 mentis
1213 2674 1246 2700 ad
1268 2673 1400 2701 Jacobum
1426 2674 1545 2709 Epistola
1571 2674 1668 2700 Burius
1693 2674 1870 2707 deprompsit.

1090 2708 1269 2736 Consecravit
1285 2709 1329 2737 hic
1348 2708 1461 2737 sanctus
1484 2709 1621 2739 Pontifex,
1644 2709 1758 2743 geminis
1778 2716 1872 2735 mense

1093 2743 1232 2771 Decembri
1254 2745 1484 2777 ordinationibus,
1506 2745 1636 2772 diaconos
1653 2744 1732 2775 duos,
1756 2743 1870 2778 presby—

1091 2779 1272 2815 tcrosﬂdeﬁcem
1283 2784 1310 2807 et
1324 2780 1467 2815 episcopos
1478 2779 1642 2815 quindecim.

1127 2788 1164 2806 '05
1180 2788 1272 2806 uecem
1283 2788 1310 2807 et
1324 2788 1467 2841 episctipos
1478 2788 1642 2815 quumecuu.
1777 2812 1782 2816 η
1829 2812 1837 2818 η

1127 2813 1182 2849 (56)
1202 2814 1387 2850 Eusebius,ll.
1428 2836 1446 2848 .,
1463 2816 1481 2843 l.
1496 2823 1536 2849 ιιι,
1554 2823 1579 2842 c.
1592 2814 1640 2847 δὴ
1653 2813 1759 2840 llieron.
1777 2820 1803 2837 ιιι
1818 2813 1872 2838 La-

1092 2849 1174 2884 talog.
1192 2857 1215 2876 ο.
1231 2849 1272 2877 15.
