4074 6286
444 384 544 438 127

1564 382 1652 436 AD
1693 382 1748 436 S.
1790 377 2211 438 CLEMENTEM
2248 377 2267 431 I
2310 377 2539 433 PAPAM

3557 372 3659 427 128

440 514 548 552 non
582 496 807 562 referat;
844 494 1107 566 nihilque,
1146 497 1289 567 quod
1326 497 1500 553 vlrum
1532 498 1690 568 plane
1742 496 1996 566 apostoli-
2030 498 2076 557 Α
2106 495 2251 548 aetati
2280 494 2585 548 vicinorum
2609 490 2719 553 vit,
2748 505 2811 546 ac
2836 505 2903 546 ne
2931 490 3014 544 vix
3047 488 3263 559 quidem
3293 486 3407 541 ﬁeri
3439 487 3662 558 potest),

440 605 564 642 cum
595 603 703 641 nou
734 588 968 642 maxime
998 589 1205 645 deceat.

510 678 897 743 Dubitationes,
927 695 1039 747 qua
1072 679 1134 734 de
1163 680 1260 734 hac
1287 680 1511 749 epistola
1540 688 1829 735 moventur.
1848 708 1916 717 —
1935 677 2004 730 At

438 768 686 839 quamvis
716 768 1028 837 hujusmodi
1063 770 1429 827 venerandum
1461 784 1630 825 sacrae
1661 767 2005 838 antiquitatis

439 863 852 913 monumentum
884 870 917 909 a
962 856 1239 925 plerisque
1286 858 1515 912 vetustis
1558 853 2006 925 lo‘cupletissimis

441 949 688 1011 testibus,
718 963 1104 1017 usquequaque
1125 955 1431 1015 astruatur;
1464 958 1624 1018 atque
1651 947 1813 1002 simul
1836 961 1900 1001 ac
1933 961 2003 999 ex

440 1040 822 1111 antiquissimo
876 1056 979 1095 ms.
1006 1040 1196 1094 codice
1231 1038 1602 1094 Alexandrino
1645 1038 1789 1093 istud
1830 1039 1883 1091 in
1915 1038 2000 1091 lu-

440 1146 559 1186 cem
591 1130 694 1184 fuit
732 1131 1212 1197 editum,_summo
1248 1130 1585 1185 eruditorum
1619 1128 1727 1183 fere
1755 1128 2005 1184 omnium.

439 1236 731 1286 consensu,
772 1222 1047 1276 sincerum
1076 1222 1320 1284 omnino,
1359 1229 1846 1292 quantumcunque
1889 1227 1994 1282 est,

440 1311 681 1381 agnitum
714 1311 892 1375 fuerit,
940 1319 1241 1381 receptum,
1277 1312 1796 1382 comprobatumque
1831 1328 1844 1364 :
1889 1324 1998 1363 non

439 1400 663 1456 defuere
693 1409 873 1456 tamen
905 1402 1007 1455 hoc
1033 1408 1089 1457 et
1132 1403 1417 1471 superiore
1449 1401 1671 1464 saeculo,
1715 1402 1810 1470 qui
1839 1400 1999 1454 vitia-

441 1500 556 1545 tum
590 1492 752 1555 idem,
787 1492 1034 1563 mireque
1067 1492 1450 1561 interpolatum
1474 1490 1756 1546 obﬁrmate
1778 1499 1998 1546 conten-

439 1583 636 1637 derint.
686 1582 793 1639 Eos
848 1585 991 1639 inter
1034 1584 1237 1656 primas
1272 1591 1415 1637 tenet
1457 1580 1739 1638 Gisbertus
1775 1581 1995 1637 Voetius

442 1671 721 1742 theologiae
777 1675 1055 1746 professor
1082 1677 1135 1730 in
1163 1675 1456 1729 Academia
1496 1673 1871 1744 Ultrajectina,
1902 1675 1996 1745 qui

436 1765 615 1821 varias
651 1766 761 1837 (5‘2)
806 1766 1069 1821 adversus
1117 1766 1258 1819 hanc
1301 1766 1585 1836 epistolam
1627 1766 1794 1821 movit
1839 1766 1995 1835 obje-

436 1856 667 1921 ctiones,
699 1856 794 1911 sed
844 1858 1003 1927 plane
1050 1856 1293 1915 frivolas.
1323 1864 1377 1911 et
1404 1857 1654 1926 supinam
1687 1856 1995 1913 redolentes

436 1947 852 2016 negligentiam;
906 1950 984 2001 uti
1030 1948 1179 2003 clare
1224 1947 1464 2002 ostendit
1508 1947 1826 2003 Joachimus
1878 1947 1994 2001 lla-

434 2037 598 2092 derus
627 2038 681 2091 in
714 2037 1029 2107 prazl‘atione
1060 2039 1127 2093 ad
1167 2040 1454 2103 lectorem,
1507 2037 1996 2094 Helmenstadiensi

433 2126 657 2181 editioni
707 2127 959 2197 Epistolze
1009 2128 1303 2185 Clementis
1344 2130 1643 2199 praemissa.
1690 2130 1788 2184 Ast
1849 2130 1995 2183 nihil

433 2219 656 2282 mirum,
692 2221 880 2273 virum
913 2219 1101 2283 istum,
1135 2221 1317 2274 multa:
1360 2220 1599 2289 alioquin
1651 2220 1897 2274 lectionis
1941 2221 2001 2273 in

434 2306 854 2367 recentioribus.
900 2308 1184 2376 epistolam
1215 2310 1392 2363 sancti
1422 2308 1740 2373 Clementis,
1782 2310 1998 2379 aliaque

431 2398 701 2465 ejusmodi
736 2398 806 2451 ob
834 2404 1161 2453 vetustatem
1199 2400 1508 2454 veneranda
1551 2410 1901 2456 monumenta
1940 2403 1995 2457 in

431 2486 656 2541 dubium
686 2501 945 2553 vocasse;
1001 2503 1124 2542 cum
1162 2488 1393 2558 ipse,ex
1436 2491 1578 2545 male
1621 2499 1997 2561 praeconcepta

430 2578 687 2647 Opinione
716 2593 780 2631 ac
805 2578 934 2633 odio
963 2577 1226 2634 adversus
1264 2579 1542 2650 antiquam
1570 2582 1853 2637 catholicae
1894 2582 1999 2638 Ec-

430 2668 608 2722 clesiae
639 2667 1299 2739 traditionem,0ptaverit,
1328 2671 1535 2725 nullum
1562 2672 1721 2741 plane
1754 2675 1998 2728 virorum

431 2761 857 2831 apostolicorum
891 2762 1152 2831 scriptum
1181 2776 1489 2833 superesse,
1514 2773 1575 2818 ut
1600 2764 1692 2819 illo
1725 2766 1845 2833 ipso
1877 2766 1998 2821 loco

429 2854 632 2907 indicat
656 2854 1005 2924 sequentibus
1036 2855 1217 2910 verbis
1245 2874 1257 2908 :
1291 2854 1640 2909 Admiramur
1671 2858 1997 2928 singularem

429 2942 528 2997 Dei
554 2944 956 3013 providentiam,
1000 2961 1117 3014 qua:
1164 2946 1365 2999 curavit
1434 2956 1492 2999 ut
1536 2947 1601 3000 ab
1645 2950 1999 3016 apostolorum

428 3034 721 3105 discipulis,
785 3036 1007 3106 virisque
1072 3039 1429 3105 apostolorum
1478 3039 1675 3093 swculo
1716 3042 1994 3110 proximis,

430 3135 523 3179 aut
556 3127 688 3180 nihil
718 3126 1051 3191 scriberetur,
1097 3137 1189 3180 aut
1220 3128 1351 3181 nihii
1379 3140 1792 3194 conservaretur,
1836 3140 1886 3185 et
1927 3131 1995 3184 ad
2022 3162 2065 3221 α

428 3228 662 3287 posteros
712 3229 978 3284 manaret,
1018 3228 1109 3271 aut
1150 3219 1337 3272 saltem
1381 3220 1511 3273 nihil
1561 3220 1626 3273 ab
1681 3222 1835 3275 initio
1891 3222 1996 3277 Ec-

429 3310 602 3363 clesite
642 3325 803 3379 usque
850 3312 904 3362 in
950 3309 1085 3363 hunc
1128 3310 1264 3364 diem
1305 3321 1613 3381 superesset,
1659 3312 1722 3367 de
1751 3330 1995 3385 quonon

428 3400 796 3463 dubitaretur;
843 3410 935 3454 aut
988 3400 1126 3471 quod
1173 3418 1264 3471 per
1314 3405 1482 3458 tineas
1535 3404 1859 3477 blattasque,
1903 3416 1995 3462 aut

431 3491 596 3545 alium
635 3494 865 3561 quemvis
903 3492 1000 3548 Dei
1025 3497 1316 3549 exercitum
1352 3498 1653 3551 mutilatum
1683 3516 1786 3553 non
1824 3512 1993 3555 esset:

430 3591 487 3635 ut
516 3582 616 3637 soli
634 3580 1107 3652 Scripturw'tanto
1133 3585 1418 3642 evidentius
1456 3603 1555 3641 sua
1594 3598 1855 3645 constaret
1898 3607 1996 3645 au-

430 3673 671 3737 ctoritas,
705 3672 886 3743 illique
908 3673 1008 3727 soli
1036 3683 1170 3728 esset
1198 3676 1414 3745 propria
1442 3676 1917 3745 incorruptibilitas
1945 3688 1995 3735 et

431 3764 723 3819 teternitas.
758 3763 957 3819 Verum
986 3766 1099 3829 alii,
1125 3766 1366 3821 melioris
1387 3766 1443 3821 in
1473 3767 1558 3823 bis
1585 3768 1749 3824 rebus
1776 3771 1990 3840 judicii,

432 3856 634 3911 talibus
658 3857 862 3912 directe
898 3857 1359 3921 contradicentes,
1402 3858 1669 3914 mirantur
1701 3863 1906 3930 potius,
1930 3876 1997 3917 ac

433 3945 627 3999 merito
674 3945 1036 4012 deprtedicant
1085 3944 1287 4014 (judice
1336 3946 1455 4000 viro
1505 3946 1812 4002 clarissimo
1857 3946 1995 4003 Gra-

434 4035 524 4091 bio
567 4036 699 4107 (5'5),
734 4038 1063 4108 singularem
1092 4036 1333 4091 divinam
1367 4035 1789 4103 Providentiam,
1827 4058 1845 4091 ι
1875 4055 1996 4110 quae

434 4130 666 4194 curavit,
690 4136 749 4183 ut
777 4144 808 4183 a
837 4137 1151 4184 sanctorum
1186 4128 1555 4198 apostolorum
1587 4129 1891 4201 discipulis,
1916 4133 1997 4186 vi-

433 4219 623 4289 risque
644 4219 977 4289 apostolicis,
1000 4227 1054 4274 et
1082 4219 1450 4288 apostolorum
1478 4220 1678 4273 saeculo
1706 4221 1990 4289 proximis,

435 4311 593 4380 plura
629 4312 1023 4375 scriberentur,
1049 4325 1347 4379 eorumque
1376 4309 1558 4380 aliqua
1597 4319 1785 4366 sancte
1815 4327 1995 4367 asser-

433 4409 557 4456 vata
583 4403 651 4457 ab
684 4402 836 4457 initio
863 4401 1120 4457 Ecclesiae
1152 4402 1208 4456 in
1250 4400 1396 4455 hunc
1427 4416 1599 4471 usque
1623 4402 1765 4457 diem
1803 4419 1995 4473 super-

2104 584 2335 655 denique
2382 592 2441 641 ut
2472 597 2627 639 sacer
2672 583 2841 637 codev
2884 596 2913 635 a
2960 579 3309 649 corruptione
3355 592 3419 632 ac
3458 576 3662 645 injuria

2102 685 2363 737 nontam
2414 683 2747 745 temporum,
2790 687 2954 742 quam
3005 670 3270 725 malorum
3293 667 3659 738 ingeniorum,

2102 764 2494 828 vindicaretur,
2528 774 2580 818 et
2610 762 2879 833 genuinus
2907 759 3027 829 ejus
3064 772 3260 814 sensus
3292 757 3347 810 in
3390 754 3664 825 aliquibus

2103 857 2238 911 locis
2285 855 2685 926 quodammodo
2725 853 3017 915 obscurus,
3062 848 3342 920 magisque
3384 846 3454 901 ab
3492 846 3664 903 ἣξει-ρ·-
3734 864 3757 871 ν·

2101 946 2224 1001 ticis
2254 947 2600 1010 obscuratus,
2624 943 2838 1015 egregie
2873 943 3273 1005 illustraretur;
3307 938 3492 1008 sicque
3533 952 3662 1007 pro-

2100 1038 2225 1108 pria.
2243 1038 2391 1093 verbi
2424 1037 2594 1093 divini
2625 1035 2831 1090 veritas
2867 1040 3058 1088 contra
3086 1030 3254 1086 falsas
3299 1026 3661 1099 quorumdam

2101 1130 2382 1184 hominum
2412 1129 2715 1199 Opiniones,
2761 1124 2879 1180 beri
2909 1130 3087 1187 natas,
3130 1137 3253 1178 cras
3306 1136 3436 1175 vero
3486 1120 3659 1179 inter-

2100 1214 2296 1280 ituras,
2330 1214 2660 1279 firmaretur,
2684 1214 2738 1268 in
2766 1220 3029 1268 aeternum
3052 1211 3363 1266 duratura.»
3386 1208 3662 1263 Hactenus

2097 1306 2181 1359 vir
2212 1304 2563 1374 gravissimus
2591 1303 2845 1360 Grabius.

2168 1396 2417 1453 Voetium
2445 1412 2636 1467 presso
2679 1396 2817 1466 pede
2866 1402 3160 1464 sequentes
3198 1393 3483 1450 Eduardus
3528 1393 3664 1449 Ber-

2097 1488 2322 1552 nardus,
2364 1496 2525 1558 atque
2555 1486 2792 1541 Joannes
2826 1487 3073 1543 Clericus
3110 1487 3221 1558 (54)
3266 1487 3409 1540 hanc
3450 1486 3660 1557 episto-

2098 1568 2217 1633 lam
2236 1595 2266 1633 a
2301 1580 2461 1649 plane
2492 1579 2761 1648 improbo,
2802 1578 2895 1648 qui
2926 1578 3191 1634 Clementi
3222 1575 3469 1631 Romano
3497 1578 3662 1632 innu-

2098 1684 2275 1725 meras
2306 1669 2599 1725 Clementis
2628 1669 2975 1724 Alexandrini
3005 1669 3231 1724 lacinias
3252 1668 3515 1732 adsuerit,
3557 1670 3658 1723 mi-

2100 1777 2222 1816 sere
2276 1760 2531 1816 l‘mdatam
2589 1759 2820 1816 suadere
2887 1761 3087 1815 conati.
3140 1760 3441 1830 Utrumque
3490 1775 3658 1830 porro

2028 1825 2271 1909 Bsolide
2325 1852 2583 1909 refutavit
2637 1852 2719 1908 Cl.
2790 1851 3057 1907 Henricus
3137 1825 3428 1906 Wottonbs
3492 1825 3657 1923 -(55).

2093 1942 2254 2000 Juvat
2296 1945 2587 2014 ipsummet
2638 1945 2783 1999 hunc
2827 1944 3201 1999 doctissimum
3230 1942 3429 2024 'virum
3461 1941 3564 1995 hac
3593 1942 3664 1998 de

2095 2052 2156 2092 re
2201 2034 2557 2091 disserentem
2593 2035 2817 2090 audire:
2850 2044 2870 2086 ι
2903 2034 3044 2088 lrriti
3066 2040 3229 2098 sunt,
3260 2033 3466 2103 inquit,
3496 2031 3663 2101 hujus

2096 2123 2402 2195 (Bernardi)
2443 2131 2712 2180 conatus:
2744 2126 2837 2195 qui
2868 2127 3011 2180 enim
3059 2124 3163 2178 hoc
3212 2122 3374 2179 modo
3418 2138 3485 2180 ex
3532 2124 3661 2179 Cle.

2095 2223 2275 2270 mente
2327 2214 2698 2270 Alexandrino
2742 2216 2953 2285 arguit,
2999 2224 3094 2271 aut
3144 2231 3271 2270 eum
3328 2229 3443 2269 non
3489 2213 3662 2284 probe

2096 2308 2268 2370 novit,
2310 2314 2406 2361 aut
2435 2307 2576 2361 mala
2604 2306 2711 2361 ﬁde
2746 2308 2887 2376 agit;
2920 2306 3108 2361 eadem
3152 2307 3295 2363 enim
3328 2307 3538 2362 ratione
3568 2321 3665 2360 ac-

2098 2406 2211 2452 tum
2253 2398 2357 2453 erit
2402 2398 2470 2453 de
2516 2398 2797 2453 authentia
2845 2410 2898 2453 et
2938 2398 3040 2454 ﬁde
3087 2414 3297 2465 eorum,
3340 2400 3495 2469 quia
3537 2399 3665 2455 Cle-

2097 2497 2277 2543 mente
2306 2488 2671 2543 Alexandrino
2723 2505 2953 2559 usquam
2996 2490 3256 2554 citantur,
3306 2489 3657 2559 scriptorum.

2097 2579 2271 2636 Nemo
2323 2581 2466 2637 enim
2512 2580 2733 2634 Patrum
2781 2581 2988 2650 majore
3036 2581 3253 2636 licentia
3294 2587 3379 2637 est
3422 2596 3559 2639 usus
3606 2584 3666 2639 in

2096 2673 2335 2729 citandis
2364 2672 2701 2737 auctoribus,
2726 2674 2840 2727 sive
2870 2674 3066 2736 sacris,
3092 2676 3205 2729 sive
3228 2673 3463 2729 ethnicis
3490 2690 3503 2726 :
3537 2690 3665 2730 cum

2096 2765 2146 2821 ei
2177 2765 2233 2819 in
2264 2779 2415 2821 more
2443 2764 2535 2830 sit,
2561 2778 2669 2818 non
2696 2765 2905 2834 integra
2932 2772 3217 2819 auctorum
3255 2765 3419 2820 verba
3442 2780 3662 2835 semper

2097 2857 2361 2921 recitare,
2404 2856 2498 2911 sed
2548 2870 2648 2925 pro
2698 2856 2927 2910 arbitrio
2975 2869 3076 2911 suo
3118 2870 3263 2909 nunc
3316 2856 3661 2921 contrahere,

2098 2962 2245 3001 nunc
2279 2946 2348 3002 de
2394 2960 2496 3001 suo
2523 2946 2811 3013 inserere,
2857 2946 2969 3000 alia
3014 2945 3298 3012 omittere,
3347 2946 3451 3001 alia
3494 2947 3665 3003 variis

2099 3037 2279 3093 modis
2314 3043 2550 3091 mutare.
2574 3055 2593 3088 ι

2176 3147 2195 3181 ι
2240 3125 2297 3182 Si
2327 3126 2393 3181 ad
2426 3128 2542 3183 haec
2577 3126 2766 3182 sedulo
2811 3125 3080 3189 attendas.
3123 3141 3405 3198 agnosces,
3440 3127 3527 3198 pie
3567 3126 3666 3184 Le-

2096 3228 2250 3286 ctor,
2296 3232 2545 3281 mecum,
2591 3234 2655 3272 ex
2699 3216 3072 3274 Alexandrino
3118 3233 3226 3271 non
3282 3218 3662 3289 interpolatam

2094 3307 2286 3372 fuisse,
2314 3308 2476 3365 toties
2514 3307 2581 3363 ab
2616 3307 2858 3365 Ecclesia
2897 3308 3150 3378 primaeva
3180 3308 3506 3363 celebratam
3541 3310 3662 3363 lau-

2095 3399 2276 3465 dibus,
2309 3398 2418 3452 imo
2446 3406 2500 3455 et
2529 3413 2652 3453 cum
2686 3399 2861 3459 sacris
2893 3397 3190 3467 Scripturis
3221 3398 3434 3467 publice
3462 3399 3660 3454 lectam

2095 3489 2252 3545 Hom.
2293 3489 2591 3546 Clementis
2638 3491 2992 3561 epistolam.»
3048 3488 3172 3543 Haec
3219 3487 3513 3544 Wottonus
3569 3490 3660 3543 cui

2094 3592 2272 3639 tamen
2289 3581 2827 3653 praeiveratloannes
2860 3580 3112 3638 Potterus
3131 3580 3214 3636 vir
3236 3580 3303 3635 cl.
3330 3581 3385 3634 in
3414 3582 3664 3639 animad-

2091 3674 2435 3731 versionibus
2451 3674 2517 3729 ad
2530 3672 3155 3729 ClementemAlexandr.
3173 3672 3285 3744 (56)
3308 3673 3396 3729 ubi
3419 3688 3663 3728 summa-

2093 3767 2191 3822 tim
2204 3766 2546 3836 quidem,sed
2561 3766 2759 3819 acriter
2774 3764 3035 3819 Bernardi
3051 3765 3478 3834 conjectationes
3490 3764 3657 3819 elisit.

2162 3858 2401 3928 Longius
2439 3857 2617 3911 adhuc
2661 3871 2985 3925 progressus
3029 3863 3114 3912 est
3156 3855 3395 3911 Joannes
3439 3855 3661 3911 Mosbe-

2092 3950 2236 4007 mitts
2265 3949 2375 4021 (57)
2404 3950 2497 4019 qui
2528 3948 2821 4005 Clementis
2864 3947 3149 4017 epistolam
3189 3949 3420 4020 primam
3462 3956 3658 4018 quarta

2093 4041 2179 4097 sui
2223 4048 2371 4110 parte
2403 4037 2769 4095 mulctandam
2803 4047 3011 4104 censet,
3048 4055 3078 4093 a
3108 4040 3294 4110 capite
3331 4039 3588 4095 nimirum
3623 4040 3659 4095 9

2093 4132 2161 4187 ad
2188 4132 2284 4198 55;
2317 4130 2414 4187 sed
2452 4145 2521 4186 ne
2550 4130 2736 4199 priora
2779 4130 2999 4200 quidem
3038 4130 3225 4186 decem
3267 4132 3446 4201 capita
3475 4146 3539 4187 eo
3561 4131 3656 4202 ju—

2091 4223 2213 4277 dice
2239 4222 2307 4277 ab
2348 4221 2769 4291 interpolatione
2815 4228 2945 4275 sunt
2985 4236 3213 4290 prorsus
3260 4221 3542 4276 immunia.
3588 4221 3659 4275 At

2092 4312 2277 4367 inania
2307 4327 2451 4374 esse,
2476 4327 2539 4365 ac
2569 4310 2751 4365 futilia
2785 4310 3067 4366 Mosliemii
3096 4318 3413 4381 argumenta
3442 4312 3496 4364 in
3525 4326 3659 4365 ocu-

2096 4404 2164 4458 lis
2194 4403 2375 4473 posuit
2400 4402 2639 4457 Joannes
2690 4401 2996 4456 Ludovicus
3027 4401 3163 4473 Frcy
3201 4401 3333 4473 (58).
3380 4401 3658 4471 Siquidem

432 4500 648 4555 essent,
696 4507 796 4547 nec
841 4507 869 4545 a
919 4494 1104 4548 blattis
1159 4494 1457 4565 lineisque,
1502 4494 1677 4548 aliove
1721 4492 1992 4564 ejusmodi
2025 4499 2067 4553 D
2097 4495 2297 4549 invicte
2324 4496 2408 4549 vir
2434 4494 2683 4549 eruditus
2717 4493 2941 4558 evincit,
2966 4509 3091 4551 cum
3120 4509 3185 4548 ex
3217 4493 3543 4561 antiquitate
3570 4508 3663 4545 co-

432 4581 697 4645 cxercitu,
732 4581 824 4636 sed
863 4583 1101 4637 strenuis
1127 4582 1180 4636 in
1204 4585 1451 4639 ordinata
1483 4582 1575 4640 Dei
1602 4584 1718 4638 acie
1744 4584 1993 4652 prostatis

432 4672 520 4728 vel
557 4672 846 4740 parastatis
894 4672 1206 4736 ederentur,
1260 4674 1435 4745 deque
1483 4675 1551 4729 iis
1597 4675 1781 4732 nullus
1837 4675 1997 4730 dubi-

433 4764 586 4818 tandi
631 4763 782 4817 locus
823 4764 1046 4819 relictus
1075 4774 1250 4831 esset;
1298 4775 1357 4819 ut
1396 4766 1655 4820 nimirum
1705 4766 1998 4836 Scripturze

435 4863 589 4909 tanto
628 4853 933 4909 evidentius
982 4869 1081 4909 sua
1117 4862 1395 4910 constaret
1434 4857 1753 4920 auctoritas,
1795 4872 1859 4911 ac
1904 4868 1998 4909 ca-

436 4949 635 5003 nonica
665 4944 978 5017 Evangelia,
1010 4945 1227 5016 aliaque
1270 4946 1476 5015 scripta
1514 4954 1827 5003 sanctorum
1870 4964 1999 5020 apo-

437 5044 699 5099 stolme
721 5051 775 5096 et
799 5039 1191 5108 discipulorum
1224 5054 1255 5092 a
1289 5037 1466 5100 falsis,
1489 5053 1612 5108 quae
1649 5040 1865 5096 illorum
1898 5058 1999 5097 no-

439 5134 679 5188 minibus
710 5132 993 5203 supposita
1033 5136 1190 5197 sunt,
1232 5129 1695 5196 discernerentur,
1738 5130 1813 5202 (id
1852 5133 1997 5202 quod

439 5225 644 5296 absque
667 5223 1059 5279 catholicorum
1090 5220 1314 5277 Patrum
1340 5221 1654 5287 traditione,
1685 5223 1997 5293 apostolica:

1640 5439 1654 5452 .
1679 5397 1802 5452 105.

512 5397 623 5468 (52)
662 5396 810 5468 Part.
830 5411 853 5468 t
910 5395 1163 5468 Seleetar.
1214 5397 1499 5466 disputat.,
1530 5412 1597 5467 pa

1483 5484 1553 5521 m.
1596 5469 1648 5532 Ι,
1692 5484 1817 5541 pag.
1866 5469 1995 5536 260,

512 5465 626 5537 (55)
674 5466 916 5537 Spicileg.
971 5466 1072 5521 SS.
1109 5465 1371 5533 Patrum,
1425 5477 1478 5522 to

436 5535 626 5677 26:
653 5607 710 5660 ln
736 5606 881 5659 notis
900 5606 1033 5677 edit.
1064 5606 1168 5662 PP.
1201 5607 1484 5677 apostolic.
1504 5606 1997 5663 CotelerianaeAm-

445 5674 751 5738 sta-ludam,
784 5676 911 5729 anni
937 5676 1092 5730 1724.

518 5745 627 5810 (55)
668 5742 722 5798 In
760 5747 903 5801 notis
943 5745 1007 5798 ad
1040 5747 1209 5801 Clem.
1238 5745 1408 5815 Epist.
1439 5748 1490 5815 1,
1524 5763 1643 5819 cap.
1669 5749 1723 5816 9,
1755 5764 1874 5819 pag.
1903 5750 1990 5804 ιο.

2096 4586 2233 4641 dicis
2272 4585 2661 4649 Alexandrini,
2698 4593 2812 4638 tum
2843 4600 2912 4638 ex
2952 4591 3196 4638 veterum
3241 4581 3461 4637 Patrum
3505 4582 3660 4635 testi-

2097 4676 2327 4741 moniis,
2371 4690 2473 4730 nos
2530 4674 2777 4729 eamdem
2829 4674 3050 4728 omnino
3101 4674 3386 4742 epistolam
3436 4672 3656 4738 habere,

2095 4783 2258 4838 quam
2288 4767 2476 4821 habuit
2507 4774 2720 4823 vetusta
2768 4764 3033 4828 Ecclesia,
3076 4779 3237 4834 quam
3268 4762 3556 4817 audierunt
3601 4764 3658 4815 in

2097 4860 2270 4915 sacris
2292 4859 2523 4915 coetibus
2551 4857 2791 4927 primaevi
2822 4855 3142 4920 Christiani,
3171 4858 3298 4909 dum
3333 4854 3510 4908 adhuc
3536 4853 3657 4922 ejus

2095 4948 2347 5004 lectionis
2394 4964 2527 5004 usus
2572 4948 2806 5017 vigeret;
2859 4962 3020 5015 quam
3070 4947 3311 5016 legerunt
3363 4944 3655 5014 Dionysius

2096 5038 2435 5105 Corinthius,
2466 5040 2716 5094 Clemens
2749 5036 3170 5100 Alexandrinus,
3209 5036 3444 5108 Cyrillus
3472 5035 3660 5090 Hiero-

2099 5131 2479 5201 solymitauus,
2512 5128 2906 5198 Hieronymus,
2941 5128 3263 5198 cactcrique;
3304 5141 3464 5197 quam
3502 5125 3661 5180 deni-

2098 5238 2204 5292 que
2241 5219 2595 5291 Polycarpum
2640 5217 3024 5290 Smyrnensem
3070 5218 3387 5289 episcopum
3430 5225 3482 5273 et
3513 5232 3659 5271 mar-

2172 5398 2284 5469 (56)
2320 5396 2521 5469 chtiter.
2555 5396 2619 5449 ad
2665 5393 2837 5469 Clem.
2877 5392 3140 5447 Alexand.
3194 5392 3393 5447 Strom.
3427 5390 3465 5446 ι.
3494 5407 3569 5456 ιν,
3600 5406 3653 5448 c.

2102 5466 2190 5531 18,
2223 5483 2342 5535 pag.
2370 5466 2496 5529 610,
2526 5466 2730 5535 nota}.

2171 5530 2477 5607 (5'7)'Instit.
2495 5535 2617 5589 hist.
2637 5533 2834 5592 Christ.
2853 5534 3079 5604 majores
3095 5547 3215 5587 swc.
3233 5547 3271 5595 ι,
3288 5547 3341 5602 p.
3357 5530 3463 5585 212
3484 5547 3658 5604 usque

2098 5608 2284 5743 aliis)
2324 5672 2536 5729 Praefat.
2581 5671 2645 5725 ad
2690 5668 2853 5737 epist.
2898 5666 2999 5725 δε·
3034 5667 3138 5725 ΡΡ·
3195 5669 3652 5741 ²Ρ⁰⁵ί⁰¹ί⁰η⁰Ῑ⁹¹²⁸

2101 5747 2357 5801 medium.
