4074 6286
493 318 587 373 ι’ὀί

1579 309 1667 364 Al)
1708 310 1764 365 S.
1804 306 2231 364 CLEMENTEM
2271 307 2291 363 l
2332 303 2563 360 PAPAM

3619 301 3719 355 132

480 430 708 489 Joannis
739 427 1057 485 Damasceni
1077 443 1240 500 opera
1269 427 1619 497 intelligitur;
1663 433 1824 495 atque
1852 441 1915 480 ex
1938 441 2043 481 ms.
2075 430 2120 486 Α
2147 422 2449 497 Ecclesiam
2472 420 2877 476 Corinthiacam
2898 418 3050 489 prius
3075 432 3136 475 ea
3162 417 3328 475 missa
3348 416 3533 485 fuerit,
3556 434 3718 489 quam

366 518 378 531 ’
478 524 689 586 codice,
728 540 837 593 quo
879 520 1077 578 Junius
1110 523 1175 576 ad
1223 536 1344 576 eam
1387 521 1439 573 in
1472 519 1746 589 publicum
1779 517 2044 571 edendam

477 632 611 671 usus
648 624 753 680 est,
782 631 940 685 quem
967 630 997 668 a
1028 615 1188 684 primi
1220 629 1391 683 usque
1420 610 1624 665 Niemni
1661 609 1880 664 concilii
1910 616 2046 663 tem-

477 709 704 779 poribus
724 715 1006 763 exaratum
1048 706 1158 777 (78)
1185 706 1354 761 fuisse
1386 705 1686 759 existimat.
1724 701 1882 756 Prior
1919 701 2045 774 qui—

473 810 596 857 dem
632 801 857 870 epistola
881 802 935 853 in
957 799 1175 853 laudato
1191 798 1379 853 codice
1401 797 1467 851 ad
1487 797 1690 850 calcem
1713 796 1792 850 sic
1811 794 2048 867 inscrip-

477 902 530 947 ta
547 894 744 965 legitur
767 910 779 945 :
804 893 1117 964 Κλήμεντος
1150 891 1284 963 πρὸς
1316 889 1634 960 Κορινθίους
1677 886 1931 958 ἐπιστολὴ
1954 888 2042 949 Α’;

480 987 754 1056 posterior
781 1000 912 1040 vero
943 984 1023 1039 sic
1050 1000 1062 1034 :
1109 982 1425 1053 Κλήμεντος
1447 977 1702 1049 ἐπιστολὴ
1714 978 1928 1044 B';licet
1949 992 2046 1029 au-

475 1085 583 1132 tem
606 1076 875 1145 posterior
895 1090 958 1129 ex
990 1072 1335 1126 librariorum
1355 1069 1492 1123 forte
1510 1069 2042 1136 incuria,pra3notata

479 1167 619 1239 πρὸς
655 1165 977 1237 Κορινθίους
1002 1164 1146 1218 haud
1187 1169 1529 1231 compareat;
1562 1160 1750 1230 quidni
1774 1167 1827 1213 et
1845 1159 2045 1214 eamad

470 1256 783 1313 Corinthios
812 1256 1035 1310 missam
1054 1254 1452 1316 existimemus,
1473 1266 1594 1305 cum
1615 1251 1813 1322 prioris
1844 1250 2042 1305 inscri-

472 1349 585 1418 ptio
610 1349 711 1402 hac
741 1347 809 1402 de
831 1362 890 1402 re
928 1347 1062 1401 satis
1094 1360 1365 1414 superque
1396 1343 1651 1397 indubios
1679 1356 1781 1395 nos
1811 1342 2045 1396 reddat?

471 1440 763 1495 Enimvero
783 1454 959 1509 neque
986 1439 1138 1508 prior
1180 1438 1381 1507 legitur
1410 1437 1465 1490 in
1506 1435 1750 1489 indiculo
1788 1433 1958 1491 fuisse
1974 1434 2040 1488 ad

470 1531 784 1587 Corinthios
832 1530 1155 1601 perscripta.
1184 1529 1318 1595 Quis
1345 1544 1508 1598 porro
1546 1543 1614 1582 ne
1644 1528 1790 1581 illam
1826 1527 2040 1596 quidem

468 1618 877 1675 Corinthiorum
911 1619 1128 1673 nomine
1155 1619 1421 1688 signatam
1448 1634 1515 1672 ex
1538 1615 1782 1685 ejusdem
1811 1614 2072 1671 lndiculi.

469 1714 690 1770 silentio
714 1712 837 1780 jure
861 1711 1092 1781 arguat?
1114 1709 1299 1780 Neque
1339 1712 1465 1765 item
1494 1709 1769 1765 silentium
1795 1724 1896 1763 nos
1926 1725 2043 1764 mo-

2150 511 2310 568 Soter
2326 528 2480 568 suam
2508 512 2763 582 deinceps
2798 512 2973 568 eidem
3005 511 3372 581 inscripserit.

2222 605 2526 674 Responsio.
2553 635 2623 645 --—
2651 604 2850 659 Verum
2882 613 3023 667 esto,
3057 604 3365 659 meminerit
3398 603 3488 656 hic
3519 600 3724 674 Diony-

2150 700 2266 754 sius
2290 700 2487 768 prioris
2516 706 2723 752 tantum
2761 697 3059 752 Clementis
3083 697 3357 765 epistolae:
3399 711 3575 765 neque
3606 695 3724 765 pla-

2148 798 2235 843 cet
2264 791 2406 844 enim
2430 789 2703 860 Beveregii
2736 791 3004 844 sententia
3031 789 3167 859 (84),
3199 787 3568 856 conjicientis,
3602 787 3723 858 epi-

2149 897 2373 951 scopum
2404 880 2811 935 Corinthiorum
2854 882 3057 934 omissa
3106 878 3315 933 Soteris
3362 878 3592 948 epistola
3652 877 3724 933 de

2150 981 2381 1043 utraque
2401 972 2740 1029 Clementina
2776 973 2940 1027 verba
2974 970 3191 1026 fecisse.
3233 970 3413 1025 Minus
3450 970 3576 1025 item
3621 986 3723 1025 no-

2148 1067 2233 1122 bis
2288 1067 2572 1136 probatur,
2624 1065 2769 1137 quod
2815 1066 2906 1120 alii
2978 1065 3339 1130 arbitrantur,
3402 1064 3723 1135 Dionysium

2146 1174 2340 1228 nempe
2370 1158 2514 1212 illam
2547 1158 2843 1213 Clementis
2887 1157 3195 1227 epistolam,
3230 1146 3351 1226 quae
3394 1157 3610 1227 publice
3649 1158 3724 1211 le-

2145 1249 2393 1318 gebatur,
2421 1248 2542 1303 ideo
2583 1247 2829 1303 fortasse
2853 1249 3124 1319 προτέραν
3145 1262 3387 1311 vocasse,
3414 1254 3474 1299 ut
3500 1261 3618 1300 eam
3650 1246 3721 1299 ab

2146 1341 2314 1394 altera
2347 1338 2558 1395 Soteris
2589 1340 2655 1394 ad
2684 1338 2999 1395 Corinthios
3031 1338 3235 1409 pariter
3277 1339 3482 1409 scripta
3522 1338 3721 1393 distin-

2147 1440 2355 1503 gueret.
2379 1433 2447 1486 At
2470 1433 2558 1489 his
2589 1433 2795 1502 missis,
2836 1449 2966 1487 num
2990 1440 3273 1504 propterea
3309 1432 3413 1486 rile
3435 1446 3558 1485 cum
3584 1429 3722 1485 Gra-

2146 1527 2235 1580 bio
2262 1525 2506 1596 colligas,
2548 1534 2672 1596 post
2714 1540 2888 1581 aevum
2933 1524 3149 1580 demum
3190 1524 3432 1596 Dionysii
3472 1532 3721 1579 vertente

2145 1614 2346 1667 saeculo
2419 1631 2457 1668 ιι
2516 1614 2591 1668 ita
2656 1615 2983 1679 scribentis,
3050 1612 3445 1669 Clementinam
3519 1628 3719 1669 secun-

2146 1706 2268 1759 dam
2303 1705 2475 1761 fuisse
2525 1706 2855 1761 confictam?
2890 1705 3002 1761 Hoc
3039 1722 3206 1760 unum
3256 1707 3463 1761 scilicet
3508 1723 3571 1761 ex
3623 1708 3713 1770 iis,

467 1814 592 1859 veat
640 1801 881 1864 Eusebii,
916 1808 970 1854 et
1011 1800 1105 1870 qui
1153 1816 1275 1855 eum
1328 1799 1501 1854 secuti
1532 1807 1680 1861 sunt,
1727 1796 2043 1869 Hieronymi
2080 1793 2118 1846 Β
2147 1797 2473 1853 observante
2498 1797 2792 1853 Coutantio
2823 1804 3035 1865 nostro,
3053 1797 3247 1852 conlici
3282 1813 3443 1867 posse
3475 1797 3714 1862 videtur,

468 1902 631 1964 atque
660 1892 861 1957 Ruﬁni,
895 1892 1009 1962 qui,
1038 1892 1167 1945 dum
1210 1892 1455 1961 epistolae
1488 1889 1742 1945 secundae
1782 1891 2041 1945 memine-

466 1992 615 2047 runt,
643 1984 895 2039 Ecclesia:
920 1982 1286 2039 Corinthiacus
1336 1982 1508 2037 fuisse
1537 1982 1685 2035 illam
1720 1980 2039 2050 inscriptam

468 2092 577 2131 non
602 2076 907 2147 perhibent.
937 2073 1073 2130 Cum
1108 2075 1254 2130 enim
1281 2073 1483 2127 laudati
1521 2074 1837 2141 scriptores,
1872 2078 1931 2125 ut
1961 2087 2043 2125 re-

465 2176 551 2223 cte
579 2166 923 2231 Coutantius,
950 2173 1253 2221 memorata
1288 2164 1469 2234 priore
1490 2162 1783 2217 Clementis
1811 2160 2037 2229 epistola

465 2260 534 2315 ad
563 2258 878 2315 Corinthios
908 2260 1091 2315 statim
1125 2256 1392 2312 subdant:
1428 2256 1595 2324 fertur
1641 2263 1688 2308 et
1718 2255 1905 2317 altera,
1943 2269 2038 2307 ne-

464 2370 571 2425 que
595 2353 663 2408 ad
685 2353 822 2406 alios
846 2352 988 2405 hanc
1016 2352 1241 2404 alteram
1272 2348 1532 2416 scriptam
1566 2346 1885 2416 designent;
1915 2360 2034 2399 eam

464 2459 683 2514 quoque
706 2443 772 2497 ad
805 2442 1025 2495 eosdem
1068 2438 1328 2507 scriptam
1362 2436 1663 2506 intelligere
1694 2434 1889 2490 merito
1918 2435 2034 2489 exi~

464 2540 793 2595 stimantur:
829 2534 1070 2603 alioquin
1122 2535 1168 2586 si
1212 2531 1279 2585 ad
1332 2530 1469 2585 alios
1518 2531 1738 2583 missam
1783 2536 2029 2593 nossent,

464 2643 641 2699 neque
668 2627 721 2681 id
760 2603 1115 2687 innuissent,
1166 2622 1281 2676 haec
1315 2622 1555 2692 ipsorum
1589 2620 1870 2674 reticentia
1910 2620 2034 2690 jure

464 2730 529 2770 ac
555 2715 748 2768 merito
772 2711 1115 2782 negligentiae
1141 2709 1410 2778 culpanda
1434 2709 1730 2764 videretur.

534 2804 769 2874 Objectio
810 2803 983 2872 prima
1018 2812 1203 2855 contra
1231 2800 1559 2853 authentiam
1589 2799 1744 2869 hujus
1775 2798 2030 2870 Epistola!

460 2895 821 2950 Clementina.
866 2923 935 2933 —
985 2892 1225 2947 Joannes
1270 2890 1512 2945 Morinus
1557 2890 1697 2945 hanc
1742 2892 2024 2961 epistolam

462 2987 854 3057 suppositionis
886 2995 1193 3055 suspectam
1222 2983 1384 3037 habet
1414 2998 1478 3037 eo
1508 2994 1850 3052 argumento,
1880 2984 2024 3053 quod

462 3079 716 3132 nimirum
751 3077 899 3131 illius
930 3076 1125 3144 stylus,
1156 3090 1267 3128 non
1313 3081 1371 3125 ut
1400 3073 1621 3143 prioris.
1667 3075 1736 3128 sit
1771 3076 2022 3145 simplex,

458 3170 553 3226 sed
584 3170 868 3238 argutulus
901 3166 1037 3238 (79),
1069 3182 1177 3220 non
1209 3174 1401 3235 sponte
1432 3164 1624 3230 fluens,
1658 3166 1753 3220 sed
1796 3182 1895 3237 pro
1927 3183 2023 3221 au-

457 3261 802 3329 ctoriscaptu
838 3258 1080 3312 studiose
1123 3257 1470 3323 elaboratus;
1526 3272 1633 3311 non
1681 3257 2023 3329 ἀπεριοδικὸς

454 3360 510 3406 et
560 3364 951 3419 nonnunquam
983 3346 1427 3412 ἀνανταπόδοτος,
1470 3346 1563 3401 sed
1593 3348 1879 3401 verborum
1914 3365 2024 3403 am-

454 3442 647 3503 bitum,
678 3440 999 3502 antitheses,
1023 3454 1321 3510 earumque
1354 3439 1705 3508 repetitiones
1735 3440 2022 3497 ambitioso

453 3532 686 3588 aﬂ‘ectet.
714 3531 853 3587 Idem
882 3547 1099 3602 quoque
1124 3541 1507 3601 argumentum
1532 3540 1687 3604 urget
1713 3530 2019 3589 Richardus

454 3626 731 3681 Simonius
761 3624 895 3695 (80).

524 3722 756 3777 lnficiari
787 3723 1036 3792 equidem
1069 3722 1258 3785 nolim,
1290 3722 1434 3776 haud
1461 3723 1576 3777 leve
1608 3723 1902 3792 aliquando
1931 3738 2020 3778 ar-

451 3819 767 3881 gumentum
811 3828 877 3867 ex
905 3811 1355 3867 dissimilitudine
1386 3814 1511 3884 styli
1547 3824 1855 3884 suppetere,
1909 3832 2018 3886 quo

448 3903 612 3959 alicui
635 3904 886 3972 scriptori
909 3918 1046 3973 opus
1069 3903 1428 3973 abjudicetur.
1466 3905 1667 3974 aliique
1696 3906 2014 3969 addicatur;

447 3995 742 4050 dummodo
790 4002 971 4050 tamen
1023 3996 1232 4065 reliqua
1284 3996 1388 4052 rite
1436 3998 1765 4053 cohaereant.
1817 3997 2015 4055 Verum

445 4099 592 4142 nunc
633 4103 895 4144 canonem
946 4090 1197 4145 criticum
1247 4107 1354 4146 non
1410 4108 1530 4148 esse
1559 4093 1787 4146 nimium
1818 4109 2017 4164 urgen-

444 4178 596 4244 dum,
621 4195 779 4235 nemo
803 4195 911 4234 non
947 4181 1130 4249 videt;
1170 4181 1463 4252 siquidem,
1491 4185 1768 4254 utoptime
1804 4182 2014 4239 Cotele-

444 4271 584 4334 rius,
616 4287 777 4340 quem
799 4272 1048 4341 sequitur
1076 4281 1130 4327 et
1166 4271 1402 4330 Crabius
1431 4274 1698 4347 (81),styli
1728 4275 2013 4331 dissimili-

445 4361 578 4417 tudo
604 4364 671 4418 ab
700 4365 889 4419 eodem
921 4365 1191 4436 scriptore
1220 4382 1318 4437 pro
1347 4368 1608 4425 varietate
1638 4381 1941 4440 temporum
1956 4378 2014 4426 et

445 4469 736 4509 causarum
767 4457 899 4510 oriri
928 4458 1124 4527 potuit.

518 4544 754 4613 Objectio
777 4555 1004 4599 secunda
1030 4564 1093 4600 ea:
1117 4548 1368 4619 Dionysio
1392 4549 1787 4618 Corinthiorum
1804 4552 2007 4621 episco-

440 4649 505 4703 po
524 4633 1011 4703 desumpta.—-Vir.
1042 4636 1112 4691 cl.
1135 4633 1377 4692 Joannes
1408 4636 1643 4694 Crabius
1664 4639 1775 4708 (89.)
1797 4656 1863 4695 ex
1888 4656 2009 4694 ver-

442 4727 526 4782 bis
552 4725 794 4797 Dionysii
832 4726 1238 4782 Corinthiorum
1270 4732 1509 4800 episcopi
1542 4732 1683 4800 apud
1713 4730 2006 4797 Eusebium

438 4818 553 4890 (83)
571 4817 762 4873 confici
786 4826 961 4888 putat,
982 4832 1146 4871 unam
1174 4818 1439 4874 duntaxat
1458 4836 1487 4874 a
1512 4821 1573 4876 D.
1593 4821 1868 4877 Clemente
1886 4824 2006 4891 epi-

438 4910 634 4964 stolam
660 4924 782 4963 esse
802 4909 1087 4978 scriptam,
1118 4924 1282 4977 quam
1302 4909 1400 4981 τὴν
1434 4912 1709 4984 προτέραν
1742 4911 1829 4965 διὰ
1858 4912 2007 4983 Κλή-

438 5017 628 5071 μεντος
642 5002 942 5071 γραφεῖσαν
962 4998 1255 5070 Dionysius
1278 5002 1532 5070 appellat,
1548 5004 1691 5085 quod
1713 5003 1924 5058 scilicet
1936 5004 2002 5058 ad

504 5172 617 5245 (78)
653 5173 710 5247 S_.
738 5173 1031 5247 Clementis
1051 5191 1116 5230 ex
1144 5176 1303 5247 epist.
1322 5176 1359 5230 2
1394 5178 1459 5232 ad
1482 5178 1894 5245 Corinth.:rQui
1912 5198 2000 5237 res

437 5245 725 5320 praesentis
758 5244 1209 5320 vitze_cognoscit,
1240 5248 1514 5320 intelligit,
1554 5265 1726 5319 neque
1755 5244 1841 5314 ea,
1878 5267 2001 5320 qum

432 5314 677 5388 nonnulli
696 5314 949 5388 jucunda
980 5314 1252 5387 reputant,
1296 5314 1470 5373 aliena
1506 5314 1656 5384 esse,
1686 5328 1780 5372 aut
1806 5314 1996 5388 pro'cul

431 5379 625 5436 dissita
661 5379 727 5438 ab
760 5386 846 5455 iis,
893 5401 1014 5455 quae
1041 5379 1175 5442 odio
1199 5379 1565 5451 habenturnl.
1603 5379 1646 5443 η’
1699 5379 1998 5445 Parallelo-

430 5468 568 5515 rum,
603 5468 724 5523 cap.
755 5453 843 5509 20.
875 5453 1069 5539 Junius
1091 5458 1299 5526 praefat.
1322 5459 1376 5511 in
1393 5460 1561 5517 Clem.
1596 5460 1779 5530 epist.,
1812 5468 1944 5517 tom.
1976 5459 1996 5514 l

431 5520 655 5591 Patrum
687 5527 1116 5591 apostolicorum,
1144 5544 1267 5591 pag.
1306 5530 1427 5586 152.

431 5544 655 5576 ratrum
687 5544 1116 5591 apostolicorum,
1144 5544 1267 5652 pag.
1306 5544 1427 5586 ‘ID‘Z.

429 5590 607 5715 ι³573)
639 5591 929 5651 Exercitat.
976 5597 1189 5663 Biblic.,
1245 5641 1256 5653 .
1293 5615 1333 5663 ι,
1365 5615 1483 5670 cap.
1518 5601 1571 5664 4,
1604 5601 1657 5667 5,
1688 5600 1742 5667 9,
1784 5603 1993 5657 exerci-

451 5676 611 5800 mtsii)
647 5732 781 5787 mm.
816 5733 1017 5800 Clmis.,
1049 5746 1087 5790 t.
1118 5737 1158 5805 ι,
1193 5754 1239 5793 ο.
1274 5740 1363 5803 38,
1400 5756 1518 5811 pag.
1542 5741 1669 5797 282.

2146 1892 2318 1948 fuisse
2352 1894 2407 1946 in
2448 1908 2601 1947 more
2632 1893 2893 1963 positum,
2928 1892 3288 1962 institutoque
3318 1891 3574 1947 Ecclesia:
3610 1890 3718 1947 Co-

2143 1984 2492 2047 rinthiorum,
2538 1986 2775 2055 priorem
2821 1987 3039 2057 quidem
3084 1984 3381 2041 Clementis
3429 1986 3715 2055 epistolam

2142 2074 2267 2143 legi,
2297 2075 2655 2144 posteriorem
2688 2092 2795 2131 non
2843 2079 2989 2132 item.
3028 2075 3287 2146 Nunquid
3332 2077 3547 2131 demum
3582 2085 3715 2132 tunc

2141 2165 2401 2233 temporis
2421 2173 2577 2219 erant
2604 2166 2843 2237 legendae
2869 2168 2921 2222 in
2944 2169 3176 2238 publicis
3200 2167 3552 2222 ecclesiarum
3581 2183 3716 2221 con-

2140 2256 2391 2310 ventibus
2421 2270 2611 2313 omnes
2654 2274 2762 2312 non
2803 2259 3175 2328 apostolorum
3210 2257 3392 2319 modo.
3424 2258 3517 2313 sed
3548 2260 3713 2313 etiam

2139 2349 2563 2415 apostolicorum
2594 2348 2838 2403 virorum
2874 2352 3148 2420 epistolaz;
3183 2358 3240 2404 ut
3270 2351 3498 2421 proinde
3529 2358 3713 2422 poste-

2136 2440 2249 2493 rior
2277 2440 2573 2496 Clementis
2605 2442 2879 2497 censenda
2905 2445 2977 2498 sit
3006 2442 3475 2513 pseudepigrapha
3501 2458 3565 2498 eo
3604 2458 3711 2496 no-

2138 2533 2303 2596 mine,
2337 2532 2484 2603 quod
2525 2534 2593 2588 de
2636 2534 2784 2589 illius
2827 2535 3065 2593 lectione
3103 2534 3159 2588 in
3199 2542 3469 2590 conventu
3514 2533 3712 2589 Corin-

2135 2624 2318 2679 thiaco
2344 2626 2548 2679 nullam
2592 2625 2801 2695 injiciat
2840 2626 3171 2682 mentionem
3204 2625 3534 2698 Dionysius?
3570 2624 3707 2681 Cum

2136 2715 2319 2785 itaque
2372 2718 2607 2786 priorem
2663 2718 2882 2786 quidem
2930 2717 3153 2773 minime
3191 2734 3320 2773 vero
3349 2717 3707 2788 posteriorem

2133 2807 2186 2861 in
2217 2814 2361 2862 etetu
2388 2808 2758 2863 ecclesiastico
2786 2808 2985 2880 perlegi
3020 2810 3373 2864 consuevisse
3399 2811 3466 2864 ab
3494 2811 3708 2880 episco-

2132 2914 2201 2968 po
2228 2898 2637 2954 Corinthiorum
2675 2900 3025 2956 addiscamus
3054 2919 3068 2967 ;
3103 2902 3229 2956 hinc
3270 2917 3403 2957 sane
3438 2901 3708 2972 perspici-

2132 3006 2272 3055 mus,
2308 3005 2406 3045 cur
2435 2990 2671 3062 priorem
2704 2993 2951 3045 eximiam
2969 3008 3187 3061 prorsus
3209 3002 3364 3064 atque
3405 2994 3704 3048 mirabilem

2133 3084 2415 3151 appellarit
2442 3085 2730 3154 episcopus
2764 3083 3162 3152 Caesareensis;
3187 3085 3254 3140 de
3277 3086 3580 3155 posteriore
3607 3101 3700 3138 ve-

2127 3187 2189 3225 ro
2220 3174 2541 3241 scripserit:
2571 3172 2734 3226 Illam
2762 3175 2933 3228 minus
2958 3182 3139 3228 notam
3166 3174 3349 3244 fuisse,
3370 3192 3529 3245 neque
3555 3193 3587 3229 α
3621 3191 3708 3229 oe-

2125 3262 2317 3317 teribus
2333 3274 2667 3333 usurpatam.

2195 3355 2508 3410 Occurritur
2571 3359 2740 3412 tertia:
2787 3358 3084 3424 obiectioni.
3133 3357 3436 3428 Responsio.
3478 3391 3549 3400 —
3590 3359 3706 3417 Nec

2121 3447 2268 3501 dicat
2296 3448 2376 3501 vir
2419 3448 2687 3512 eruditus,
2737 3450 3130 3517 suppositionis
3176 3449 3541 3518 suspicionem
3594 3452 3703 3507 sibi

2122 3536 2344 3608 injicere
2381 3540 2703 3595 sententiam
2727 3556 2757 3595 e
2789 3541 2928 3595 libro
2948 3541 3181 3611 quodam
3210 3546 3520 3613 apocrypho
3544 3560 3704 3600 acce—

2120 3640 2290 3698 ptam,
2322 3648 2441 3701 quae
2469 3633 2523 3686 in
2556 3633 2717 3701 hujus
2744 3634 2987 3702 epistolae
3016 3634 3192 3703 capite
3224 3634 3283 3688 Η
3332 3642 3531 3698 exstat,
3573 3652 3700 3691 cum

2114 3723 2227 3792 jam
2264 3732 2316 3778 et
2341 3726 2393 3777 in
2430 3724 2628 3792 prioris
2663 3725 2841 3794 capite
2867 3725 2958 3789 23,
2997 3728 3186 3796 paucis
3231 3729 3474 3792 mutatis,
3503 3744 3701 3783 occur-

2120 3823 2223 3869 rat.
2271 3814 2327 3869 Si
2359 3816 2504 3869 enim
2534 3825 2723 3869 contra
2753 3816 3047 3869 secundam
3090 3817 3380 3886 epistolam
3416 3817 3531 3873 ham
3558 3822 3699 3876 ratio

2116 3909 2225 3962 vim
2255 3908 2499 3969 haberet,
2532 3907 2643 3976 jam
2676 3907 2742 3962 de
2771 3907 2959 3976 prima:
2988 3923 3203 3977 quoque
3233 3909 3542 3979 integritate
3562 3926 3699 3964 con-

2118 3994 2407 4053 clamatum
2450 3998 2606 4054 foret.
2646 3998 2815 4060 Adde,
2848 3999 2991 4067 quod
3031 3999 3261 4069 repetita
3291 4000 3532 4070 ejusdem
3566 4019 3694 4057 sen-

2116 4093 2296 4148 tentia:
2364 4091 2549 4147 citatio
2597 4091 2908 4145 nullatenus
2964 4090 3156 4146 idonea
3209 4091 3279 4146 sit
3331 4092 3448 4147 falsi
3510 4096 3696 4163 suspi-

2114 4183 2272 4237 candi
2303 4196 2489 4247 causa,
2522 4182 2595 4236 ita
2612 4190 2868 4238 censente
2896 4184 3013 4236 viro
3038 4183 3096 4236 in
3128 4199 3187 4239 re
3209 4186 3398 4240 critica
3423 4187 3693 4256 peritissi-

2115 4290 2204 4329 mo
2231 4273 2546 4329 Coutantio.

2187 4362 2420 4431 Objectio
2433 4371 2646 4431 quarta,
2682 4372 2730 4417 et
2777 4362 3068 4434 responsio.
3087 4363 3306 4419 ——Sunt
3330 4364 3570 4435 insuper,
3593 4366 3688 4436 qui

2041 4469 2086 4527 ο
2112 4454 2365 4509 secunda:
2395 4454 2558 4524 hujus
2608 4454 2850 4523 epistolae
2889 4455 3103 4510 veritati
3130 4455 3307 4510 locum
3351 4456 3612 4524 objiciant
3655 4473 3688 4512 a

2112 4544 2564 4616 pseudo-Justino
2597 4544 2971 4616 desumptum,
3003 4546 3096 4615 qui
3141 4546 3222 4601 sic
3273 4562 3333 4601 se
3378 4547 3570 4601 habet:
3624 4546 3689 4602 Si

2107 4639 2379 4707 prwsentis
2406 4654 2581 4691 rerum
2612 4646 2785 4692 status
2823 4639 2944 4706 ﬁnis
2974 4648 3050 4691 est
3088 4638 3367 4705 impiorum
3399 4655 3489 4707 per
3511 4639 3683 4707 ignem

2099 4729 2387 4798 judicium,
2414 4737 2570 4797 prout
2606 4738 2868 4782 testantur
2896 4728 3187 4797 Scriptura:
3220 4729 3593 4798 prophetarum
3628 4739 3682 4784 et

2108 4821 2487 4889 apostolorum,
2520 4830 2675 4890 atque
2705 4821 2918 4889 insuper
2962 4820 3196 4890 sibyllw,
3226 4829 3285 4872 ut
3326 4820 3401 4872 ait
3448 4819 3512 4874 Β.
3559 4819 3681 4874 Cle~

2107 4930 2248 4967 mens
2280 4916 2333 4967 in
2357 4912 2577 4982 epistola
2606 4910 2675 4965 ad
2715 4909 3039 4977 Corinthios,
3072 4910 3138 4965 ad
3168 4926 3289 4981 qua:
3320 4912 3535 4981 quidem
3556 4928 3680 4966 ver-

2106 5006 2173 5061 ba
2220 5009 2375 5075 plura
2417 5003 2629 5058 erudite
2671 5003 2925 5057 observat
2955 5002 3281 5068 Cotelerius,
3315 5013 3476 5075 atque
3505 5020 3569 5058 ex
3610 5021 3677 5060 eo

2174 5180 2285 5266 {$.12
2313 5179 2565 5266 ἕρίςίιεθ-
2593 5189 2631 5234 ι·
2655 5178 2859 5266 ἐλευθε-
2887 5179 3016 5238 εδει

2140 5310 2147 5317 '
2174 5251 2287 5318 (δὲ)
2313 5250 2473 5320 lbid.,
2508 5266 2631 5320 pag.
2655 5250 2780 5320 266.

2171 5320 2283 5389 (85)
2320 5319 2599 5393 (ladies.
2642 5319 2777 5373 diem
2816 5320 3151 5393 Dominicum
3204 5324 3570 5393 transegimus,
3614 5328 3670 5379 in

2098 5385 2199 5459 quo
2228 5385 2451 5464 vestram
2499 5389 2715 5464 legimus
2756 5391 3079 5464 epistolam:
3109 5385 3265 5460 quam
3299 5385 3505 5464 quidem
3550 5385 3668 5463 per-

2096 5470 2248 5532 p_e_tuo
2291 5459 2528 5529 deinceps
2551 5459 2811 5529 legentes,
2860 5460 3074 5526 perinde
3105 5478 3166 5515 ac
3193 5459 3419 5532 priorem
3450 5459 3599 5518 illam
3632 5482 3666 5519 α

2097 5529 2361 5601 Clemente
2392 5533 2664 5601 scriptam,
2683 5532 2818 5601 unde
2835 5533 3046 5600 optimis
3071 5529 3284 5587 monitis
3312 5537 3662 5601 instruamur,

2097 5599 2368 5654 habemus.
2399 5600 2622 5666 Euseb.,
2667 5600 2739 5654 Η.
2766 5599 2927 5669 Ε.,ί1.
2966 5619 3040 5664 Iv,
3072 5618 3123 5658 c.
3150 5604 3241 5657 ‘23.

2166 5669 2277 5739 (84)
2309 5669 2437 5726 Cod.
2460 5687 2672 5736 ranam,
2703 5671 2741 5727 l.
2772 5687 2832 5739 ll,
2857 5688 2977 5743 cap.
3002 5673 3056 5738 9,
3091 5673 3117 5745 ς
3152 5675 3236 5739 10,
3272 5690 3394 5745 pag.
3429 5676 3550 5734 Ηό.
