4076 6280
346 361 450 414 153

1607 362 1944 420 PROOEMIA
1986 357 2368 417 VARIORUM.

3482 363 3583 420 131

341 475 667 531 Coutantius
689 475 906 545 aliique.
946 471 1143 528 Verum
1182 474 1247 529 iis
1273 475 1476 541 missis,
1505 477 1699 545 conjici
1734 480 1906 548 primo
1936 482 1984 541 Α
2084 477 2317 547 Objectio
2358 486 2529 541 sexta,
2573 486 2623 531 et
2674 479 3051 546 responsio.—
3076 480 3242 535 Instat
3290 495 3452 551 porro
3502 483 3585 537 vir

342 575 553 637 posset,
576 565 827 619 nimirum
858 563 1005 619 hunc
1032 565 1353 635 scriptorem
1375 568 1637 622 memoria
1668 568 1916 625 eﬁluente

343 655 709 719 existimasse,
744 653 847 709 hoc
867 654 1073 724 sibyllae
1101 655 1490 721 testimonium,
1513 657 1655 726 quod
1686 658 1742 713 in
1780 655 1919 711 Con-

347 745 702 800 stitutionibus
761 744 1060 813 apostolicis
1088 746 1313 816 legerat,
1358 748 1411 800 in
1440 748 1669 817 epistola
1700 748 1768 803 ad
1801 748 1913 803 Co-

344 839 581 894 rinthios
601 846 840 895 exstare.
877 838 937 893 Si
980 841 1161 896 minus
1192 842 1400 911 placeat
1428 841 1541 897 haec
1578 843 1913 911 conjectura,

344 931 482 987 illud
525 932 719 988 saltem
751 948 874 986 cum
921 931 1256 988 doctissimis
1280 935 1411 988 viris
1442 950 1755 991 asseverare
1807 951 1915 990 non

341 1023 627 1088 dubitabo,
659 1031 905 1079 nostrum
930 1024 1247 1093 scriptorem
1281 1024 1500 1079 minime
1526 1040 1651 1079 cum
1681 1026 1747 1081 iis
1778 1025 1918 1082 face-

342 1131 424 1176 re,
463 1116 556 1185 qui
604 1114 725 1184 ejus
755 1116 1065 1171 testimonio
1115 1124 1361 1181 utuntur,
1416 1123 1475 1170 ut
1521 1118 1804 1187 epistolam
1855 1117 1911 1172 S.

341 1206 641 1262 Clementis
660 1205 951 1261 secundam
982 1206 1202 1261 minime
1224 1208 1512 1276 genuinam
1528 1223 1650 1262 esse
1664 1207 1913 1277 probent,

343 1299 442 1353 sed
475 1296 712 1351 hominis
736 1295 925 1359 fetum,
965 1295 1051 1349 cui
1082 1296 1195 1350 noti
1217 1303 1375 1351 erant
1414 1296 1656 1367 Sibyllini
1702 1296 1769 1349 de
1810 1311 1905 1350 ex-

343 1388 753 1459 tremojudicio
782 1402 996 1450 versus,
1039 1388 1211 1442 multo
1235 1390 1552 1461 recentioris
1584 1396 1773 1443 sancto
1795 1389 1915 1443 Cle-

342 1492 564 1549 mente;
597 1490 656 1537 ut
672 1483 918 1536 omittam
956 1480 1461 1552 pseudo-Iustinum
1478 1486 1530 1538 in
1556 1484 1807 1554 ambiguo
1830 1500 1916 1538 re—

346 1577 595 1645 liquisse,
621 1581 798 1628 utram
816 1574 990 1629 sancti
1010 1572 1304 1628 Clementis
1332 1573 1614 1643 epistolam
1644 1574 1910 1631 citaverit.

346 1667 425 1720 lta
463 1666 573 1721 fere
613 1665 832 1721 disserit
859 1666 944 1718 vir
986 1664 1340 1722 doctissimus
1368 1664 1699 1721 Prudentius
1727 1676 1913 1722 noster

348 1760 534 1814 Maran
562 1760 691 1830 (85).
924 1770 935 1779 ‘
1412 1770 1415 1771 '

419 1852 655 1921 Objectio
699 1852 881 1923 quinta
923 1851 1162 1908 diluitur.
1190 1884 1259 1893 —
1284 1850 1629 1907 llermannus
1670 1850 1911 1909 Venema

345 1949 722 2013 argumentum
772 1951 960 1996 contra
1010 1942 1343 1997 authentiam
1390 1942 1641 1996 secundae
1673 1942 1916 2012 epistolae

345 2050 410 2089 eo
441 2034 612 2096 ducit,
645 2034 789 2103 quod
818 2045 1007 2088 auctor
1034 2035 1274 2104 epistolae
1301 2034 1619 2104 posterioris
1644 2050 1764 2089 sese
1805 2036 1917 2089 ori-

345 2126 470 2193 gine
507 2126 761 2192 gentilem
795 2133 977 2194 aperte
1006 2125 1198 2194 prodat
1221 2125 1352 2196 (86),
1384 2140 1508 2178 cum
1535 2140 1565 2179 e
1598 2138 1787 2179 contra
1818 2142 1917 2180 na-

346 2217 492 2270 tione
519 2213 765 2269 Iudazum
801 2214 970 2270 fuisse
993 2214 1322 2272 Clementem
1354 2216 1592 2271 clamare
1630 2225 1918 2273 censeatur

346 2309 497 2361 locus
531 2306 620 2361 ille
651 2307 851 2375 prioris
881 2307 1146 2376 epistolae,
1181 2308 1270 2361 ubi
1337 2306 1511 2366 Iacob
1589 2316 1792 2377 patrem
1822 2327 1917 2363 no-

344 2406 511 2451 strum
542 2397 776 2465 appellat
803 2396 1010 2466 (87).At
1038 2398 1253 2452 elumbe
1278 2395 1517 2466 profecto
1539 2406 1915 2468 argumentum

345 2490 654 2545 istiusmodi
683 2531 697 2555 ,
753 2506 861 2560 quo
900 2488 1262 2544 Corinthiacae
1312 2490 1629 2559 posterioris
1672 2492 1914 2559 epistolae

343 2582 567 2634 tollatur
592 2581 896 2646 integritas.
919 2579 1119 2646 Quidni
1149 2580 1307 2635 sodes
1330 2580 1580 2635 Clemens
1611 2580 1763 2635 Pauli
1795 2599 1919 2634 συν-

340 2671 525 2742 εργός,
621 2670 794 2727 Jacob
855 2680 1059 2739 patrem
1108 2680 1346 2723 nostrum
1394 2686 1459 2724 eo
1503 2686 1670 2725 sensu
1723 2686 1917 2725 vocare

343 2762 597 2831 potuerit,
629 2776 738 2830 quo
767 2763 909 2815 idem
940 2762 1230 2839 Apostolus
1272 2760 1649 2829 promissionis
1692 2761 1829 2818 ﬁlios
1863 2766 1916 2817 in

342 2856 551 2908 semine
580 2853 812 2907 Abrahae
860 2862 912 2908 et
938 2850 1105 2908 lsrael
1136 2854 1438 2923 computari
1468 2854 1649 2919 docet,
1683 2864 1743 2910 ut
1771 2864 1919 2911 recte

339 2942 670 2999 Coutantius
697 2942 808 3015 (88)
836 2950 1020 2997 noster
1046 2943 1329 2997 observat?
1375 2944 1494 2998 Non
1538 2946 1695 3010 enim,
1742 2946 1919 3016 inquit

340 3037 561 3091 divinus
574 3052 772 3105 praeco,
793 3052 988 3100 omnes,
1006 3036 1094 3103 qui
1112 3051 1174 3089 ea:
1197 3033 1368 3089 Israel
1387 3046 1529 3099 sunt,
1546 3038 1584 3090 ii
1601 3046 1723 3091 sunt
1738 3036 1918 3091 Israe-

343 3128 485 3188 litce;
501 3144 659 3197 neque
674 3128 763 3197 qui
776 3143 942 3180 semen
960 3126 1186 3178 Abraha:
1203 3136 1344 3188 sunt,
1380 3144 1553 3181 omnes
1576 3128 1709 3195 ﬁlii;
1729 3127 1818 3181 sed
1848 3129 1903 3180 in

342 3215 504 3271 Isaac
520 3220 787 3273 vocabitur
803 3219 896 3271 tibi
914 3232 1107 3279 semen;
1121 3215 1173 3269 id
1190 3226 1287 3283 est,
1306 3235 1407 3270 non
1425 3220 1512 3288 qui
1531 3218 1632 3287 ﬁlii
1647 3218 1844 3280 carnis,
1864 3217 1916 3268 hi

342 3308 446 3375 ﬁlii
467 3309 595 3372 Dei;
623 3308 714 3364 sed
730 3311 817 3379 qui
848 3309 1478 3377 ﬁliisuntpromissionis,
1500 3311 1830 3363 aestimantur
1862 3309 1916 3361 in

343 3402 538 3457 semine
558 3402 631 3442 ¹-⁹
645 3418 665 3455 :
689 3402 808 3455 hinc
825 3401 952 3455 alibi
968 3402 1009 3432 ¹⁰
1021 3401 1183 3454 etiam
1214 3400 1425 3469 ipsemet
1450 3401 1487 3453 Α
1498 3400 1731 3470 postolus
1746 3398 1918 3452 Israel

346 3492 444 3546 Dei
471 3502 615 3546 vocat
639 3492 841 3546 eosdem
862 3490 1223 3561 promissionis
1246 3488 1406 3557 ﬁlios,
1431 3491 1535 3543 sive
1563 3505 1626 3543 ea:
1646 3488 1917 3542 circumci-

343 3585 493 3640 sione
514 3586 617 3639 sive
645 3600 709 3639 ea:
741 3583 997 3654 prwputio
1013 3591 1241 3636 vocatos.
1257 3579 1407 3634 Hanc
1428 3582 1593 3651 igitur
1616 3581 1915 3635 doctrinam

347 3676 859 3743 institutionemque
879 3673 1113 3743 primum
1138 3671 1354 3741 quidem
1376 3678 1660 3725 assecutus
1686 3684 1716 3722 a
1749 3668 1918 3722 Paulo

344 3766 597 3820 Clemens
625 3763 925 3826 Romanus,
948 3763 1209 3831 deinceps
1240 3777 1366 3816 vero
1396 3761 1583 3816 volens
1612 3768 1666 3816 et
1687 3762 1801 3831 ipse
1824 3760 1918 3814 iis~

343 3856 471 3912 dem
502 3856 815 3927 apostolicis
845 3856 1090 3910 imbuere
1126 3854 1412 3924 praeceptis
1456 3853 1790 3917 Corinthios,
1820 3853 1907 3907 Ja-

280 3994 283 3997 ,
344 3948 543 4003 cobum
560 3958 760 4016 patrem
780 3956 1015 4000 nostrum
1034 3948 1264 4012 vocavit;
1283 3945 1736 4017 quemadmodum
1755 3951 1916 4004 etiam

347 4041 574 4103 ibidem,
594 4038 868 4093 nonnullis
887 4038 1411 4107 interjectis,patrem
1427 4048 1659 4092 nostrum
1682 4042 1921 4111 appella-

347 4131 426 4183 vit
454 4128 823 4183 Abrahamum
849 4127 983 4198 (89).
1016 4129 1187 4194 Quam
1219 4128 1439 4199 quidem
1470 4130 1771 4184 doctrinam
1789 4146 1913 4185 cum

345 4222 543 4279 deinde
566 4223 864 4293 accepisset
887 4220 1129 4276 Ecclesia
1153 4220 1394 4275 Romana
1424 4222 1537 4277 sive
1564 4223 1632 4276 ab
1643 4222 1915 4291 Apostolo,

345 4321 464 4371 sive
488 4316 555 4369 ab
578 4316 696 4385 ipso
719 4316 877 4369 etiam
902 4313 1197 4377 Clemente,
1223 4320 1467 4367 sanctam
1489 4312 1630 4367 inter
1652 4314 1916 4369 actionem

346 4410 715 4479 precationem
745 4406 1049 4475 hujusmodi
1081 4403 1254 4460 sacris
1283 4402 1550 4458 ministris
1580 4404 1914 4459 recitandam

2016 570 2263 633 criticus,
2292 577 2455 639 atque
2484 586 2550 624 ex
2570 570 2653 624 his
2681 572 2862 627 verbis
2894 568 3141 640 ejusdem
3167 573 3412 643 epistolae
3433 573 3543 643 (92)
3564 596 3581 631 :

2018 661 2207 716 Plures
2242 661 2372 730 facti
2417 678 2597 714 sumus
2629 661 2715 726 iis,
2746 663 2836 732 qui
2880 662 3048 717 Deum
3077 663 3264 718 habere
3313 680 3586 721 censentur

2017 752 2237 823 (Iudaeis
2265 752 2434 823 scil.),
2469 752 2693 822 colligit,
2716 762 2991 809 auctorem
3013 770 3079 810 eo
3096 755 3311 809 demum
3344 764 3586 828 tempore

2015 844 2237 907 vixisse,
2268 859 2377 913 quo
2397 842 2846 899 Christianismus
2871 847 3011 901 inter
3040 855 3227 912 gentes
3251 850 3585 904 numerosis-

2017 934 2188 989 simus
2211 940 2327 989 erat
2349 949 2512 1003 supra
2532 933 2777 1001 Iudaeos,
2802 936 2946 1007 quod
2969 936 3187 1006 quidem
3210 978 3227 1002 ,
3268 938 3466 1007 inquit,
3495 955 3583 993 re-

2016 1026 2177 1089 ctius,
2201 1041 2362 1095 quam
2394 1027 2449 1079 in
2478 1025 2794 1091 Clementis,
2824 1027 3123 1097 quadratin
3155 1027 3398 1097 Trajani,
3420 1037 3473 1083 et
3501 1046 3588 1085 se-

2015 1118 2297 1186 quentium
2349 1118 2735 1186 imperatorum
2786 1125 3049 1188 tempora,
3097 1119 3296 1189 quibus
3342 1119 3586 1176 Ecclesia

2028 1210 2265 1279 gentium
2282 1210 2440 1279 longe
2468 1210 2680 1279 lateque
2706 1219 2998 1281 propagata
3029 1220 3133 1267 est.

2085 1299 2226 1367 Quid
2273 1302 2458 1356 multis
2493 1317 2631 1371 opus
2675 1304 2792 1359 est?
2840 1319 3021 1359 nonne
3068 1302 3269 1359 Paulus
3316 1303 3383 1359 ad
3425 1302 3586 1362 Rom.

2016 1393 2263 1447 scribens
2292 1395 2495 1464 gratias
2522 1394 2631 1449 Deo
2659 1397 2870 1466 agebat,
2902 1396 3045 1466 quod
3092 1395 3223 1450 ﬁdes
3253 1411 3442 1451 eorum
3490 1411 3589 1451 an-

2016 1484 2359 1540 nuntiaretur
2388 1487 2443 1540 in
2475 1487 2729 1543 universo
2756 1489 2956 1543 mundo
2980 1488 3056 1541 "?
3076 1487 3266 1542 Nonne
3292 1488 3505 1544 dicebat
3531 1489 3585 1543 in

2016 1592 2219 1630 omnem
2251 1584 2447 1630 terram
2474 1578 2668 1631 exiisse
2696 1577 2851 1633 verba
2874 1595 3053 1633 eorum
3076 1581 3153 1633 ιιι
3199 1578 3388 1635 Nonne
3416 1579 3585 1636 Deum

2016 1667 2354 1738 gloriﬁcabat
2381 1667 2520 1737 quod
2556 1671 2863 1739 mysterium
2907 1673 3223 1741 temporibus
3256 1674 3467 1728 (sternis
3505 1684 3588 1727 ta-

2015 1763 2218 1825 citum,
2269 1762 2593 1831 patefactum
2640 1771 2777 1817 esset
2820 1763 2888 1817 ad
2942 1763 3287 1819 obeditionem
3354 1764 3479 1833 fidei
3526 1767 3582 1819 in

2016 1851 2219 1903 cunctis
2268 1850 2505 1921 gentibus
2551 1849 2627 1903 “?
2668 1850 2868 1906 Eodem
2912 1853 3165 1923 loquendi
3215 1869 3410 1924 genere
3460 1855 3587 1909 alibi

2014 1954 2232 2009 quoque
2256 1940 2429 1993 utitur
2470 1938 2609 1994 idem
2642 1940 2935 2009 Apostolus
2982 1944 3049 1998 ad
3096 1943 3451 2000 Colossenses
3480 1965 3492 1999 :
3521 1946 3588 1999 In

2016 2028 2163 2083 verbo
2190 2030 2424 2083 veritatis
2453 2029 2744 2100 Evangelii,
2772 2033 3002 2103 quod....
3038 2036 3091 2088 in
3124 2039 3358 2092 universo
3394 2037 3588 2091 mundo

2013 2132 2110 2183 est,
2139 2129 2188 2173 et
2234 2120 2524 2189 fructiﬁcat
2566 2131 2616 2174 et
2665 2124 2848 2176 crescit
2881 2123 2943 2177 “.
2972 2123 3039 2177 Et
3087 2126 3281 2181 iterum
3309 2148 3320 2182 ε
3349 2127 3590 2198 Evange-

2017 2212 2238 2268 lium....
2289 2211 2634 2281 praedicatum
2681 2222 2760 2267 est
2806 2216 2858 2268 in
2905 2217 3150 2272 universa
3180 2231 3441 2287 creatura,
3474 2237 3590 2291 qua:

2014 2302 2108 2356 sub
2122 2301 2247 2354 caalo
2267 2312 2344 2355 est
2372 2302 2434 2365 ιδ,
2451 2301 2517 2355 ad
2532 2300 2874 2358 Timotheum
2903 2306 3030 2360 item
3051 2323 3063 2358 ε
3084 2302 3234 2367 Quod
3244 2311 3589 2378 praedicatum

2014 2402 2091 2447 est
2118 2394 2376 2462 gentibus,
2410 2394 2663 2447 creditum
2693 2405 2771 2449 est
2801 2398 2855 2449 in
2886 2398 3079 2453 mundo
3112 2400 3156 2431 “
3185 2400 3452 2473 (magnum
3482 2406 3591 2459 sci-

2014 2483 2139 2536 licet
2184 2482 2393 2548 pietatis
2442 2484 2877 2556 sacramentum).
2929 2485 3038 2543 Nec
3082 2490 3276 2543 mirum
3323 2507 3483 2559 sane;
3533 2501 3592 2545 nt

2015 2577 2157 2630 enim
2206 2578 2343 2632 alios
2389 2589 2774 2648 pranereamus
2821 2584 3126 2651 apostolos,
3176 2600 3317 2639 unus
3362 2602 3592 2656 magnus

2014 2664 2239 2731 Paulus,
2274 2678 2413 2725 teste
2440 2680 2628 2725 nostro
2653 2672 2927 2727 Clemente
2950 2673 3081 2744 (9'5),
3114 2690 3291 2744 praeco
3322 2675 3499 2733 factus
3529 2678 3585 2732 in

2016 2757 2237 2814 Oriente
2263 2770 2316 2814 et
2346 2758 2730 2817 Occidente...
2757 2779 2873 2815 cum
2903 2764 3199 2817 universum
3222 2766 3473 2819 mundum
3496 2766 3594 2821 do-

2017 2851 2207 2905 cuisset
2224 2850 2516 2919 justitiam,
2547 2860 2597 2905 et
2630 2851 2698 2903 ad
2731 2852 3023 2906 Occidentis
3056 2856 3327 2907 terminum
3351 2858 3589 2920 venisset,

2018 2957 2080 2994 ac
2112 2941 2205 2994 sub
2235 2942 2492 3010 prtefectis
2524 2943 2836 3012 martyrium
2858 2960 3046 3013 passus
3068 2955 3222 3008 esset,
3250 2948 3323 2999 ita
3351 2964 3377 3000 e
3400 2949 3593 3001 mundo

2015 3033 2306 3102 emigravit.
2340 3033 2473 3087 Cum
2500 3033 2615 3088 hinc
2639 3035 2709 3088 ita
2743 3035 2872 3099 sint,
2899 3036 3084 3105 quidni
3116 3051 3244 3107 ergo
3265 3053 3389 3093 vere
3419 3040 3597 3109 scrip-

2018 3124 2149 3179 serit
2178 3124 2230 3178 in
2261 3126 2561 3195 posteriore
2590 3127 2819 3194 epistola
2834 3127 3084 3181 Clemens
3113 3126 3425 3184 Romanus:
3456 3129 3592 3185 Plu-

2020 3233 2101 3270 res
2131 3216 2262 3285 facti
2306 3232 2488 3270 sumus
2535 3215 2776 3282 Iudaeis,
2836 3218 2927 3287 qui
2957 3216 3121 3271 Deum
3149 3218 3338 3274 habere
3375 3238 3592 3275 censen-

2017 3317 2101 3361 tur
2124 3307 2150 3362 ?

2084 3395 2325 3449 Diluitur
2371 3395 2591 3464 objectio
2645 3396 2886 3464 septima.
2922 3425 2992 3434 —
3029 3393 3226 3450 Verum
3272 3396 3339 3450 ad
3391 3399 3592 3452 nodum

2017 3486 2317 3557 graviorem
2362 3486 2678 3541 solvendum
2710 3486 2954 3542 studiose
2986 3501 3366 3557 pr0peremus;
3406 3489 3595 3543 statuit

2016 3580 2160 3635 enim
2175 3581 2258 3633 vir
2279 3579 2349 3634 cl.
2369 3577 2610 3633 Venema
2636 3578 2746 3649 (94)
2769 3580 3010 3649 epistola:
3039 3580 3290 3634 secunda:
3312 3588 3591 3634 auctorem

2018 3688 2076 3727 se
2124 3687 2155 3725 a
2197 3671 2475 3727 Clemente
2522 3662 2796 3725 diversum
2847 3686 2912 3726 eo
2967 3670 3086 3741 ipso
3132 3671 3395 3742 proﬁteri,
3443 3672 3590 3742 quod

2018 3764 2217 3820 Christi
2240 3764 2580 3818 divinitatem
2606 3779 2867 3834 expresse
2888 3764 3143 3828 inculcet,
3166 3771 3219 3818 et
3243 3762 3455 3817 Domini
3484 3780 3593 3818 non

2019 3865 2248 3919 tantum,
2283 3855 2378 3910 sed
2410 3854 2503 3908 Dei
2530 3854 2692 3909 etiam
2723 3854 2938 3908 titulum
2966 3855 3015 3909 ei
3041 3855 3279 3909 dandum
3312 3870 3435 3911 esse
3461 3871 3594 3909 con-
3638 3872 3643 3875 δ

2017 3948 2228 4014 tendat;
2260 3962 2382 4001 cum
2429 3962 2594 4002 verus
2630 3944 2879 4001 Clemens
2902 3946 3013 4015 (95)
3060 3946 3111 3999 id
3156 3961 3424 4015 nusquam
3466 3946 3591 3999 data

2018 4052 2180 4107 opera
2212 4036 2421 4101 fecerit,
2451 4051 2551 4091 nec
2591 4036 2697 4091 alio
2728 4051 2790 4090 ac
2834 4035 3045 4089 Domini
3076 4036 3231 4090 titulo
3273 4052 3398 4090 eum
3425 4051 3591 4090 orna-

2017 4128 2174 4192 verit,
2207 4128 2330 4181 licet
2355 4127 2443 4181 hic
2474 4127 2585 4180 illic
2614 4142 2673 4181 se
2697 4125 2903 4181 Christi
2933 4124 3268 4179 divinitatem
3295 4140 3592 4195 agnoscere

2017 4219 2276 4275 insinuet.
2305 4217 2503 4272 Verum
2557 4217 2720 4271 unico
2765 4233 2831 4270 ex
2882 4215 3109 4285 epistola
3161 4217 3333 4283 prima
3379 4217 3592 4284 prolato

2018 4315 2139 4367 loco
2169 4319 2282 4365 tota
2330 4311 2552 4365 eliditur
2586 4308 2837 4363 Venemae
2887 4307 3139 4375 objectio.
3189 4304 3279 4360 Sic
3307 4316 3483 4360 autem
3532 4322 3593 4363 se

2019 4406 2182 4460 habet
2207 4423 2220 4459 :
2269 4404 2394 4465 Τοῖς
2417 4402 2646 4471 ἐφοδίοις
2673 4399 2765 4453 τοῦ
2788 4398 2920 4452 Θεοῦ
2950 4397 3273 4469 ἀρκούμενοι
3300 4398 3393 4450 καὶ
3421 4414 3593 4469 προσ-

348 4498 544 4553 indixit
567 4496 678 4567 (90)
705 4516 718 4551 :
744 4495 882 4548 Deus
906 4495 1140 4563 ﬁdelium
1169 4493 1330 4548 Pater
1355 4510 1576 4557 summe,
1606 4495 1697 4564 qui
1722 4497 1776 4548 in
1806 4507 1914 4551 toto

2016 4496 2229 4568 έχοντες
2253 4496 2379 4557 τοὺς
2421 4493 2610 4561 λόγους
2638 4489 2802 4545 αὑτοῦ
2832 4488 3104 4560 ἐπιμελῶς
3123 4529 3137 4553 ,
3189 4490 3589 4562 ὲστερνισμένοι

348 4586 474 4640 Orbe
512 4595 773 4638 terrarum
814 4586 1175 4651 promissionis
1204 4585 1343 4653 ﬁlios
1377 4584 1575 4652 diffusa
1614 4586 1906 4654 adoptionis

348 4678 524 4747 gratia
570 4677 889 4743 multiplicas
916 4716 929 4738 ,
981 4685 1030 4729 et
1078 4692 1168 4744 per
1217 4675 1478 4729 Pass/tale
1524 4686 1908 4730 sacramentum

352 4765 619 4819 Abraham
656 4782 873 4834 puerum
913 4775 1058 4817 tuum
1099 4766 1481 4832 universarum,
1516 4766 1651 4819 sicut
1683 4767 1908 4834 jurasti,

353 4860 577 4928 gentium
600 4858 754 4925 efﬁcis
776 4856 1295 4924 Patrem,etc.;alibi
1323 4872 1537 4926 quoque
1580 4857 1781 4911 clarius
1818 4858 1913 4912 ad-

356 4950 461 5002 huc
480 4949 589 5021 (91)
617 4969 629 5003 :
656 4948 817 5002 Pater
838 4948 961 5017 ﬁdei
984 4956 1174 5002 nostra:
1199 4936 1466 4999 Abraham
1487 4963 1741 5013 summus,
1766 4948 1916 5001 obtu-

354 5040 416 5094 lit
444 5040 802 5093 holocaustum
830 5056 982 5107 super
1010 5039 1178 5091 altare
1206 5055 1300 5107 pro
1330 5038 1461 5107 ﬁlio.

425 5152 501 5182 ¹·⁹
529 5150 684 5205 Rom.
721 5168 797 5213 Ix,
823 5150 876 5211 6,
908 5151 961 5206 8.
1037 5151 1079 5181 ¹⁰
1102 5150 1276 5204 Galat.
1308 5149 1499 5211 vi,15,
1534 5149 1618 5203 16.
1686 5150 1725 5179 ¹¹
1760 5148 1917 5204 Rom.
1946 5167 1980 5217 l,
2005 5150 2057 5205 8.

352 5237 394 5287 ι,
418 5222 473 5273 6.
571 5223 614 5253 "
647 5222 807 5287 ibid.,
839 5222 931 5275 23.
1036 5221 1079 5252 ¹⁶
1111 5220 1128 5273 ι
1157 5220 1298 5273 Tim.
1333 5237 1416 5283 ιιι,
1448 5220 1534 5272 16.

424 5331 536 5401 (85)
556 5335 613 5389 In
629 5334 834 5391 noviss.
854 5332 991 5403 Opp.
1012 5333 1140 5388 edit.
1170 5333 1227 5387 S.
1273 5330 1472 5386 Justin.
1500 5329 1594 5396 M.,
1631 5329 1815 5384 adnot.
1842 5330 1910 5384 ad

348 5402 497 5456 hunc
522 5406 719 5456 locum.

392 5419 497 5458 [HIC
522 5419 719 5458 lUClllll.

424 5474 536 5542 (86)
571 5474 842 5535 Clemens,
875 5472 1033 5541 epist.
1061 5470 1095 5524 2
1144 5471 1209 5525 ad
1238 5469 1509 5533 Corintli.,
1551 5484 1669 5539 cap.
1704 5470 1728 5523 1
1769 5477 1822 5525 et
1850 5469 1907 5525 2.

388 5544 541 5612 .(87)
580 5544 748 5607 Idem,
777 5543 939 5610 epist.
973 5544 1024 5607 1,
1055 5556 1174 5612 cap.
1206 5542 1260 5595 1.

422 5556 541 5612 (67)
580 5556 748 5607 Idem,
777 5556 939 5610 epist.
973 5556 1024 5607 1,
1055 5558 1114 5595 ca
1162 5584 1174 5595 .
1206 5556 1260 5595 4.

422 5615 536 5681 (88)
578 5613 744 5681 Epist.
776 5612 923 5665 Rom.
972 5556 1178 5680 ponti}:
1212 5625 1335 5680 pag.
1364 5610 1455 5665 41.

420 5684 538 5755 (89)
575 5684 849 5755 Clemens,
881 5697 966 5750 ep.
1000 5683 1052 5755 l_,
1083 5697 1201 5755 cap.
1234 5682 1322 5734 3|.

421 5748 538 5825 (90)
576 5752 784 5807 Hissat.
806 5748 984 5817 Rom.,
1011 5748 1244 5807 Sabbato
1268 5750 1543 5820 sancto,ad
1563 5748 1803 5820 prophet.
1853 5748 1906 5806 1.

2012 4584 2109 4658 ἦτε
2136 4590 2248 4649 τοῖς
2277 4585 2621 4655 σπλάγχνοις,
2653 4584 2747 4636 καὶ
2774 4582 2841 4635 τὰ
2870 4580 3169 4651 παθήματα.
3194 4580 3360 4634 αὐτοῦ
3391 4578 3457 4654 ἦν
3482 4581 3588 4654 πρὸ

2014 4678 2303 4749 ὀφθαλμῶν
2336 4676 2506 4747 ὑμῶν.
2542 4674 2656 4728 Hoc
2682 4681 2765 4729 est
2793 4672 2924 4728 :Dei
2953 4672 3142 4726 viatico
3173 4674 3398 4727 contenti
3424 4681 3472 4726 et
3490 4689 3593 4727 ser-

2017 4769 2254 4825 monibus
2283 4769 2432 4823 illius
2478 4767 2752 4838 diligenter
2776 4764 3116 4829 attendentes,
3168 4765 3382 4818 dilatati
3426 4766 3590 4819 eratis

2017 4863 2072 4915 in
2100 4860 2398 4925 visceribus,
2424 4870 2472 4914 et
2494 4860 2764 4929 passiones
2786 4857 2900 4926 ejus
2928 4873 3036 4926 pra:
3065 4857 3229 4910 oculis
3261 4856 3400 4910 vobis
3416 4868 3585 4911 erant.

2094 4949 2198 5005 Ubi
2225 4950 2457 5019 primum
2504 4947 2929 5009 observandum,
2972 4946 3255 5001 relativum
3284 4943 3449 4996 αὑτοῦ
3503 4959 3591 4997 re—

2021 5038 2219 5110 spicere
2234 5042 2424 5111 procul
2454 5040 2619 5096 dubio
2648 5039 2892 5111 proxime
2917 5036 3241 5091 antecedens
3265 5033 3419 5089 Θεοῦ,
3450 5034 3585 5090 Cum

2138 5153 2180 5183 ¹¹
2204 5152 2359 5207 Rom.
2388 5169 2441 5223 x,
2463 5154 2549 5208 18.
2630 5154 2674 5185 ¹³
2714 5152 2869 5206 Rom.
2889 5166 3001 5215 xvr,
3021 5147 3114 5212 25,
3136 5147 3227 5201 26.
3304 5145 3346 5178 ⁸⁸
3371 5145 3583 5201 Coloss.

2087 5332 2199 5402 (91)
2239 5334 2564 5388 Breviarium
2592 5332 2768 5397 Rom.,
2797 5330 3030 5386 Sabbato
3049 5334 3172 5383 ante
3192 5325 3590 5401 Quinquagesi-

2014 5419 2181 5467 mam,
2213 5406 2277 5457 ad
2314 5404 2636 5473 Magniﬁcat.

2106 5473 2196 5537 92)
2235 5469 2428 5542 Clem,
2456 5469 2614 5542 epist.
2647 5471 2852 5542 2,7cap.
2884 5469 2940 5524 2.

2107 5543 2195 5614 95)
2235 5541 2417 5614 Epist.
2439 5544 2460 5596 1
2479 5541 2500 5603 .“
2526 5558 2644 5614 cap.
2690 5541 2743 5595 5.

2085 5558 2195 5615 tua)
2235 5558 2404 5614 LplSl.
2439 5558 2491 5603 ι,
2526 5558 2644 5663 cap.
2690 5558 2743 5595 ο.

2085 5612 2201 5683 (94)
2241 5614 2411 5683 Epist.
2444 5614 2499 5676 2,
2532 5612 2558 5681 §
2626 5618 2677 5677 υ,
2700 5611 2947 5683 pagsT'l.

2085 5681 2197 5758 (95)
2240 5681 2409 5754 Epist.
2443 5682 2498 5747 2,
2537 5696 2656 5752 cap.
2693 5682 2715 5735 1
2752 5692 2805 5737 et
2842 5682 2895 5737 5.
