4076 6280
518 330 617 385 155

1639 324 1728 377 AD
1768 322 1823 377 S.
1866 318 2283 377 CLEMENTEM
2327 318 2345 371 ι
2384 314 2611 371 ΡΑΡΑΜ

3653 308 3750 361 156

516 444 995 516 ειιῑθῐηπαοήματα
1025 443 1174 499 nullo
1203 450 1363 514 pacto
1376 443 1487 499 Deo
1504 441 1654 495 Patri
1695 437 1916 493 attribui
1937 436 2079 507 lpos—
2111 442 2154 497 A
2182 449 2242 489 ea
2274 448 2396 486 cum
2426 432 2564 486 idem
2604 430 2838 484 lrenaeus
2881 425 3247 498 apostolorum
3280 421 3614 516 temp-oribus
3643 427 3750 516 tam

517 537 647 599 sint,
678 536 945 605 reliquum
974 544 1059 589 est
1116 545 1172 588 ut
1214 535 1302 588 hic
1340 534 1525 589 Jesum
1573 531 1850 588 Christum
1892 526 2087 581 Filium

516 626 634 691 Dei,
665 626 831 682 Deum
856 627 924 681 de
953 626 1083 691 Deo,
1116 626 1285 681 Deum
1323 640 1511 681 verum
1539 624 1606 680 de
1634 623 1745 679 Deo
1773 636 1901 677 vero
1931 621 2088 675 intel—

516 719 710 774 lexerit
736 724 960 774 sanctus
992 718 1263 772 Clemens.

1044 806 1442 863 ARTICULUS
1478 807 1567 863 Ill.

588 916 655 954 DE
693 915 939 954 TEIPORE
977 915 1080 961 QUO
1117 914 1365 961 υτιιλρυε
1406 912 1666 953 EPISTOLA
1716 910 2020 951 CORINTHIIS

1098 984 1322 1024 θεων-[Α
1360 984 1508 1023 FUIT.

590 1080 668 1135 De
698 1090 944 1149 tempore,
973 1097 1073 1151 quo
1103 1083 1275 1150 prima
1304 1081 1405 1149 fuit
1430 1088 1675 1145 exarata,
1707 1081 1971 1148 opiniones
2011 1077 2093 1130 di-

521 1189 700 1227 versa.
728 1203 797 1213 —
820 1172 1081 1243 Superest
1109 1188 1257 1227 nunc
1287 1182 1501 1243 tempus
1548 1172 1950 1243 inquirendum,
1985 1184 2093 1238 quo

522 1271 750 1333 utraque
796 1266 1025 1333 epistola
1056 1266 1231 1319 sancti
1260 1265 1555 1320 Clementis
1597 1262 1761 1317 fuerit
1795 1261 2094 1315 Corinthiis

521 1356 746 1425 scripta.
799 1356 861 1409 Et
910 1356 979 1413 de
1042 1358 1222 1427 priore
1264 1355 1480 1426 quidem
1512 1370 1707 1425 magna
1746 1355 1885 1409 inter
1914 1354 2097 1408 erudi-

518 1456 604 1503 tos
634 1448 781 1504 viros
809 1449 1179 1504 controversia
1202 1457 1304 1503 est.
1336 1447 1414 1502 Ac
1443 1449 1567 1502 licet
1592 1446 1765 1517 prima
1796 1447 1942 1501 illius
1972 1462 2095 1500 ver-

519 1539 589 1595 ba
617 1539 684 1595 de
715 1541 1094 1609 persecutione
1120 1541 1263 1595 dicta
1303 1556 1425 1596 esse
1451 1539 1695 1610 plerique
1734 1554 1925 1593 omnes
1965 1554 2099 1593 conc

521 1632 792 1697 sentiant,
827 1647 890 1687 ea
921 1640 1101 1687 tamen
1135 1633 1226 1686 alii
1253 1633 1320 1687 de
1340 1631 1591 1694 Neronis,
1624 1630 1716 1683 alii
1743 1629 1811 1684 de
1844 1628 2100 1684 Domitia-

520 1724 577 1777 ni
608 1724 984 1794 persecutione
1013 1727 1463 1795 interpretantur.
1495 1722 1563 1777 Et
1597 1724 1737 1777 hanc
1762 1722 1980 1792 quidem
2007 1721 2095 1773 alii

2188 526 2400 578 vicinus
2430 522 2763 577 Clementem
2792 520 2952 574 tertio
2981 519 3099 571 loco
3128 516 3197 570 ab
3226 513 3490 584 apostolis
3513 520 3635 582 post
3664 510 3752 564 Li-

2190 632 2315 671 num
2338 614 2632 674 etCletum,
2650 628 2766 678 seu,
2796 619 2854 664 ut
2870 617 3047 674 vocat,
3076 607 3416 669 Anacletum,
3436 603 3621 658 Romae
3641 602 3755 672 cpi-

2189 714 2467 775 scopatum
2514 703 2766 757 sortitum
2815 714 2938 755 esse
2973 698 3197 762 scribat,
3251 696 3519 764 reliquum
3556 700 3660 759 est,
3698 702 3756 746 ut

2189 811 2311 852 eum
2339 794 2583 864 pluribus
2617 799 2739 862 post
2768 790 3032 845 Neronem
3068 788 3227 843 annis
3271 786 3528 841 Romanae
3570 784 3757 839 Eccle-

2192 886 2287 941 siae
2332 884 2851 939 administrationem
2902 881 3210 950 suscepisse
3256 877 3565 934 crediderit.
3603 876 3757 931 Hunc

2192 987 2370 1033 autem
2400 993 2463 1032 ea
2510 978 2565 1031 in
2594 992 2655 1031 re
2687 974 2883 1030 falsum
2929 989 3073 1038 esse,
3103 974 3226 1042 quis
3255 972 3356 1026 sibi
3403 969 3759 1040 persuadeat?

2193 1068 2379 1122 Eidem
2408 1065 2774 1135 suﬂ’ragantur
2800 1071 2853 1118 et
2886 1063 3134 1133 plerique
3186 1061 3398 1126 Patres,
3429 1062 3522 1131 qui
3556 1060 3759 1114 Roma-

2194 1172 2385 1212 norum
2414 1154 2726 1225 pontiﬁcum
2758 1156 2952 1210 seriem
2987 1148 3197 1220 texunt,
3230 1163 3391 1223 atque
3420 1153 3522 1221 ipsi
3550 1161 3760 1207 veteres

2194 1248 2448 1317 catalogi,
2477 1248 2533 1300 in
2568 1248 2766 1317 quibus
2795 1245 2954 1300 Petro
2982 1246 3171 1310 Linus,
3207 1244 3341 1299 Lino
3384 1244 3588 1309 Cletus,
3634 1244 3763 1297 huic

2195 1340 2446 1395 Clemens
2475 1341 2809 1395 successisse
2834 1339 3049 1409 legitur.
3079 1339 3199 1408 Ipsa
3228 1352 3440 1408 quoque
3470 1336 3765 1392 Clementis

2196 1432 2358 1485 verba
2396 1431 2572 1500 capite
2600 1431 2669 1484 44
2697 1431 2861 1500 hujus
2894 1430 3136 1499 epistola:
3164 1427 3509 1483 occurrentia
3542 1427 3635 1496 qui
3665 1442 3762 1480 ex-

2200 1522 2465 1592 penderit,
2500 1522 2589 1575 ubi
2621 1523 2836 1575 laudata
2870 1521 3240 1590 apostolorum
3272 1519 3609 1590 providentia
3640 1518 3766 1572 subc

2198 1615 2306 1668 dit:
2329 1612 2430 1678 Qui
2449 1613 2610 1682 igitur
2636 1612 2698 1666 ab
2727 1613 2857 1677 illis,
2882 1620 2972 1664 aut
2999 1610 3234 1678 deinceps
3262 1610 3327 1664 ab
3355 1612 3475 1664 aliis
3501 1612 3622 1664 viris
3650 1614 3764 1665 exi-

2202 1705 2322 1757 miis
2357 1704 2627 1758 constituti
2656 1712 2866 1758 sunt....
2904 1720 2966 1756 ac
3009 1703 3161 1773 longo
3191 1712 3414 1771 tempore
3451 1702 3759 1770 prwclarum

520 1792 838 1881 reﬂantem,
876 1815 968 1870 alii
1017 1792 1355 1872 desilientem
1403 1816 1743 1886 intelligunt;
1776 1814 1905 1868 hinc
1948 1813 2095 1867 circa
2126 1792 2167 1844 Β
2197 1796 2261 1849 ab
2300 1795 2538 1849 omnibus
2584 1795 2937 1886 testimonium
2976 1802 3328 1861 reportarunt,
3363 1793 3454 1847 hos
3497 1810 3760 1886 censemus

522 1916 756 1979 tempus,
788 1925 897 1980 quo
926 1911 1156 1979 epistola
1186 1911 1278 1963 illa
1306 1917 1530 1965 exarata
1562 1915 1667 1972 est,
1699 1906 1895 1977 triplex
1923 1904 2096 1959 mari-

519 2014 607 2053 me
641 2000 836 2055 existit
868 2001 1076 2070 opinio.
1118 1998 1300 2053 Prima
1343 2006 1428 2055 est
1466 1996 1693 2052 Joannis
1720 1995 1932 2050 Ernesti
1961 1993 2097 2048 Gra—

520 2089 592 2143 bii
616 2089 751 2161 (96),
782 2090 932 2163 Pagii
956 2092 1090 2163 (97),
1120 2090 1243 2147 Orsi
1269 2090 1419 2162 (98).,
1460 2096 1514 2145 et
1547 2088 1812 2144 Gallandii
1835 2085 1969 2159 (99),
2003 2084 2097 2154 qui

519 2198 637 2237 eam
666 2182 900 2239 Neronis
930 2184 1309 2253 persecutione
1338 2181 1641 2243 desinente,
1689 2179 1933 2247 proxime
1974 2184 2097 2247 post

521 2276 891 2345 apostolorum
908 2273 1054 2328 Petri
1077 2282 1127 2327 et
1147 2272 1299 2325 Pauli
1325 2270 1668 2341 martyrium,
1693 2270 1795 2323 hoc
1821 2277 1929 2335 est,
1953 2284 2098 2323 anno

518 2364 725 2421 Christi
754 2364 823 2418 68
856 2364 938 2417 vel
969 2363 1132 2417 etiam
1167 2362 1236 2416 65
1256 2366 1509 2423 exeunte,
1536 2360 1796 2427 scriptam
1825 2373 1946 2413 esse
1972 2372 2100 2411 con-

522 2456 780 2523 tendunt;
821 2455 990 2509 altera
1021 2452 1297 2508 Godefridi
1348 2451 1647 2515 Vendelini,
1679 2450 1924 2505 eamdem
1955 2464 2098 2505 anno

522 2545 727 2600 Christi
755 2544 825 2598 95
865 2543 1106 2599 fervente
1145 2543 1433 2598 Domitiani
1463 2541 1840 2612 persecutione
1872 2541 2099 2609 alligan-

524 2636 620 2690 tis.
650 2632 932 2689 Postrema
963 2633 1217 2688 Cotelcrii
1247 2642 1409 2703 atque
1437 2632 1785 2695 Tillemontii,
1816 2631 1908 2701 qui
1948 2632 2098 2685 illam

524 2727 807 2782 desinente
842 2726 1086 2794 ejusdem
1134 2725 1480 2795 imperatoris
1531 2726 1910 2796 persecutione
1952 2724 2095 2779 circa

526 2831 729 2871 annum
771 2813 974 2870 Christi
1012 2815 1079 2869 97
1118 2816 1375 2885 scriptam
1427 2817 1786 2871 arbitrantur.
1835 2814 2096 2880 Quartam

523 2908 610 2962 vir
653 2907 994 2962 clarissimus
1038 2905 1299 2961 Claudius
1343 2905 1539 2977 Fleury
1565 2906 1709 2977 (l00)
1750 2906 2095 2972 excogitavit,

523 3013 646 3069 qua:
688 2997 755 3052 ad
785 2996 969 3051 Grabii
1012 2997 1334 3051 sententiam
1367 2998 1593 3067 prepius
1623 2995 1854 3050 accedit.
1896 2993 2099 3065 Nempe

526 3089 594 3142 ad
624 3090 675 3142 id
721 3096 954 3158 tempus,
982 3088 1127 3157 quod
1162 3086 1392 3141 Neronis
1440 3087 1718 3141 interitum
1767 3086 1997 3156 excepit,
2044 3094 2097 3139 et

525 3181 1037 3251 Jerosolymitanum
1070 3174 1375 3235 antecessit
1392 3178 1685 3242 excidium,
1714 3177 1904 3232 referri
1937 3192 2097 3248 posse

529 3273 800 3342 opinatur,
846 3278 898 3326 et
928 3285 1088 3324 casus
1130 3268 1409 3331 adversos,
1460 3268 1513 3321 in
1543 3269 1785 3336 epistola:
1832 3268 2098 3338 principio

529 3368 879 3426 memoratos,
912 3362 979 3417 de
1008 3360 1150 3416 bello
1179 3360 1504 3431 civili,quod
1531 3358 1760 3415 Neronis
1788 3376 1937 3415 mors
1959 3359 2102 3415 exci-

531 3454 687 3519 tavit,
713 3453 1116 3522 interpretatur.

603 3542 758 3610 Circa
789 3560 979 3597 annum
1012 3542 1208 3598 Christi
1236 3542 1327 3607 97,
1356 3543 1697 3612 probabiliter
1726 3543 1925 3613 scripta
1961 3543 2100 3596 dici-

533 3645 641 3691 tur.
664 3666 730 3675 -—
755 3635 1056 3690 Obscurum
1093 3650 1202 3689 non
1236 3643 1339 3699 est,
1366 3635 1697 3691 Clementem
1728 3636 1801 3690 ibi
1822 3635 1889 3690 de
1910 3650 2103 3690 terum—

534 3731 643 3792 nis,
673 3729 870 3798 quibus
913 3742 1173 3798 oppressa
1221 3734 1338 3783 erat
1380 3727 1624 3782 Romana
1667 3726 1931 3792 Ecclesia,
1977 3742 2101 3781 cum

534 3819 943 3875 Corinthiorum
969 3818 1255 3888 epistolam
1304 3819 1532 3888 accepit,
1562 3817 1658 3873 sed
1701 3832 1732 3870 a
1761 3818 1959 3887 quibus
2013 3830 2105 3870 re-

530 3916 792 3986 spirabat,
814 3927 937 3966 cum
980 3913 1120 3967 hanc
1164 3913 1471 3982 rescripsit,
1523 3912 1723 3967 habere
1773 3924 2100 3972 sermonem,

536 4002 779 4073 adeoque
805 4001 1092 4058 Vendelini
1124 4003 1190 4058 de
1216 4004 1595 4074 persecutione
1624 4002 1862 4057 fervente
1887 4009 2105 4057 senten-

536 4096 667 4148 tiam
696 4095 917 4150 minime
943 4094 1276 4164 probandam
1306 4109 1449 4149 esse.
1481 4092 1664 4163 Neque
1689 4093 1870 4148 minus
1900 4099 2103 4147 certum

536 4198 603 4235 ex
633 4182 823 4237 eodem
850 4183 1075 4237 exordio
1104 4182 1414 4249 coniicitur,
1442 4197 1714 4237 aerumnas
1744 4183 1865 4237 illas
1891 4183 1958 4237 de
1986 4197 2107 4251 per—

538 4274 817 4331 secutione
836 4274 1065 4331 Neronis
1088 4276 1431 4344 interpretari
1461 4291 1567 4329 non
1593 4275 1775 4331 licere.
1800 4275 1943 4329 Nihil
1964 4277 2107 4330 enim

538 4372 676 4428 erat,
708 4380 806 4419 cur
834 4366 888 4418 in
921 4366 1222 4421 litterarum
1253 4366 1503 4419 tarditate
1525 4362 1819 4418 Corinthiis
1843 4380 2109 4419 excusan-

2195 1889 2356 1957 ofﬁcio
2388 1887 2582 1956 injuste
2632 1886 2804 1954 dejici.
2838 1885 2983 1948 llaec,
3016 1886 3255 1955 inquam,
3287 1885 3377 1955 qui
3427 1884 3761 1953 expendcrit,

2196 1994 2518 2049 persuasum
2552 1978 2654 2034 sibi
2684 1976 2925 2042 habebit,
2956 1976 3239 2046 epistolam
3271 1975 3429 2029 istam
3460 1982 3588 2029 tunc
3622 1982 3762 2029 tem-

2197 2071 2347 2140 poris
2378 2071 2740 2139 conscriptam
2769 2084 2916 2135 esse,
2946 2084 3068 2122 cum
3103 2068 3169 2121 ab
3217 2065 3393 2121 officio
3427 2080 3526 2121 suo
3569 2065 3760 2119 remoti

2199 2162 2431 2216 fuissent
2479 2161 2811 2232 presbyteri;
2846 2160 2939 2231 qui
2997 2175 3107 2213 non
3156 2159 3332 2214 solum
3360 2158 3429 2213 ab
3478 2158 3759 2228 apostolis,

2198 2253 2294 2309 sed
2320 2254 2480 2308 etiam
2511 2253 2579 2307 ab
2607 2252 2730 2307 aliis
2757 2253 3035 2322 deinceps,
3066 2250 3169 2305 hoc
3193 2258 3276 2306 est
3306 2250 3374 2304 ab
3403 2264 3589 2303 eorum
3634 2263 3764 2302 suc-

2197 2344 2510 2399 cessoribus
2551 2343 2806 2405 ordinati,
2854 2358 3053 2397 munus
3102 2357 3259 2396 suum
3318 2341 3478 2411 longo
3522 2350 3765 2409 tempore

2198 2437 2466 2491 obierant.
2502 2434 2765 2489 Standum
2796 2435 2958 2504 igitur
2991 2440 3075 2489 est
3105 2434 3385 2488 sententiae
3438 2432 3674 2496 Eusebii,
3708 2433 3761 2485 in

2199 2527 2355 2596 cujus
2379 2526 2650 2581 Chronico
2675 2527 2750 2596 (3)
2792 2526 3139 2595 pontiﬁcatus
3172 2524 3469 2580 Clementis
3516 2524 3667 2578 initia
3697 2525 3764 2578 ad

2200 2626 2502 2689 postremos
2577 2618 2868 2672 Domitiani
2918 2618 3262 2689 imperatoris
3299 2632 3471 2671 annos
3519 2617 3767 2672 referun-

2199 2718 2305 2764 tur.
2335 2708 2489 2765 Unde
2519 2709 2652 2763 nihil
2680 2710 2876 2764 rationi
2904 2711 3076 2781 magis
3108 2717 3531 2765 consentaneum
3574 2724 3768 2763 occur-

2199 2803 2290 2866 rit,
2323 2816 2482 2870 quam
2514 2807 2571 2854 ut
2608 2800 3014 2856 Corinthiorum
3053 2803 3336 2872 epistolam
3368 2803 3623 2857 saeviente
3665 2800 3767 2854 Do-

2198 2896 2403 2949 mitiani
2428 2895 2804 2964 persecutione
2844 2893 3067 2948 Romam
3112 2894 3447 2964 pervenisse,
3477 2902 3635 2965 atque
3662 2895 3768 2950 illis

2197 2986 2382 3043 eadem
2412 2987 2786 3056 persecutione
2807 2986 3090 3041 desinente
3118 3002 3149 3038 a
3177 2986 3455 3042 Clemente
3492 2988 3638 3043 circa
3673 3002 3771 3040 an-

2198 3094 2327 3133 num
2357 3078 2557 3133 Christi
2589 3078 2658 3132 97
2688 3079 3014 3148 rescriptum
3049 3094 3170 3133 esse
3198 3093 3539 3134 censeamus.

2264 3169 2768 3240 Jerosolymitanum
2819 3171 3063 3239 templum
3112 3170 3314 3239 stetisse
3363 3186 3427 3224 ea:
3456 3187 3518 3224 ea
3560 3170 3773 3224 minime

2198 3263 2493 3331 conﬁcitur.
2537 3292 2607 3301 -
2638 3261 2824 3330 Neque
2853 3262 2941 3316 his
2970 3261 3287 3316 adversatur
3316 3262 3447 3315 illud
3474 3261 3772 3317 Clementis

2198 3354 2369 3409 nostri
2394 3355 2505 3425 (4):
2541 3355 2660 3408 Non
2690 3355 2895 3423 ubique,
2928 3354 3139 3422 fratres,
3170 3355 3459 3423 o/Teruntur
3503 3354 3772 3422 sacriﬁcia

2191 3447 2367 3517 jugia,
2402 3447 2477 3501 vel
2525 3448 2714 3511 votiva,
2746 3451 2821 3501 vel
2848 3463 2942 3516 pro
2968 3456 3177 3515 peccato
3208 3456 3257 3500 et
3299 3446 3510 3511 delicto,
3542 3446 3631 3501 sed
3678 3444 3775 3500 Je-

2200 3538 2475 3608 rosolymis
2500 3546 2726 3592 tantum.
2758 3536 2906 3593 Licet
2928 3537 3161 3593 Grabius
3193 3538 3319 3592 hinc
3339 3546 3491 3593 certo
3517 3538 3619 3595 sibi
3648 3554 3773 3593 con-

2201 3639 2347 3686 stare
2377 3631 2544 3693 dicat,
2575 3632 2836 3700 templum
2870 3630 3386 3703 Jerosolymitanum
3416 3639 3547 3685 tunc
3588 3632 3772 3687 stetis-

2201 3737 2279 3788 se,
2306 3730 2467 3793 atque
2490 3722 2760 3778 excidium
2792 3724 2958 3788 illius,
2986 3725 3128 3794 quod
3157 3724 3212 3778 in
3243 3739 3443 3778 annum
3468 3723 3533 3778 70
3561 3723 3768 3788 incidit,

2202 3811 2430 3866 necdum
2465 3812 2793 3883 contigisse;
2816 3814 3056 3882 alioquin
3085 3829 3192 3868 non
3217 3815 3528 3883 offeruntur,
3560 3816 3612 3870 in
3642 3830 3773 3885 pra:-

2203 3904 2363 3967 senti,
2396 3903 2489 3959 sed
2522 3897 2650 3958 olim
2684 3905 3059 3972 oﬁerebantur,
3098 3905 3290 3961 fuisset
3316 3906 3624 3961 dicendum.

2280 3994 2475 4051 Verum
2516 4012 2626 4050 non
2657 3996 2792 4051 satis
2836 3996 3065 4050 attendit
3105 3997 3185 4051 vir
3214 3998 3461 4053 eruditus
3503 4001 3769 4055 sermonis

2203 4103 2385 4153 usum,
2424 4104 2532 4159 quo
2576 4104 2665 4145 res
2694 4089 2997 4159 praeteritas
3024 4090 3190 4144 veluti
3217 4099 3513 4159 przesentes
3543 4091 3611 4145 ob
3639 4106 3774 4145 ocu-

2207 4181 2287 4236 los
2316 4194 2537 4249 ponere,
2571 4187 2625 4235 et
2654 4196 2751 4250 per
2777 4195 3017 4250 praesens
3048 4189 3261 4249 tempus
3311 4181 3595 4235 enuntiare
3642 4195 3773 4233 nar-

2207 4271 2352 4325 ranti
2380 4272 2523 4326 licet.
2556 4270 2696 4338 Quid
2730 4273 2869 4327 enim
2904 4271 2959 4326 in
2991 4271 3093 4325 hac
3122 4272 3348 4340 epistola
3380 4272 3481 4326 sibi
3512 4271 3643 4332 vult,
3681 4288 3767 4323 sa-

2209 4365 2409 4434 criﬁcia
2436 4382 2537 4418 non
2568 4365 2621 4417 in
2645 4366 2785 4418 omni
2816 4363 2951 4429 loco,
2981 4363 3070 4419 sed
3097 4362 3437 4432 Jerosolymis
3469 4372 3669 4416 tantum
3697 4363 3777 4431 of-

544 4456 615 4509 da
676 4456 779 4510 hoc
824 4464 1121 4521 taceretur,
1181 4457 1399 4512 Petrum
1449 4455 1738 4518 videlicet,
1781 4454 1939 4524 cujus
1987 4463 2104 4509 erat
2138 4454 2181 4509 ι)
2210 4458 2470 4527 feruntur,
2508 4456 2614 4512 nisi
2666 4457 2827 4521 illud,
2858 4472 2924 4510 ex
2973 4456 3285 4525 praescripto
3334 4455 3464 4525 legis
3503 4455 3771 4509 sacriﬁcia

542 4549 784 4616 ipsorum
808 4550 1124 4605 satisfacere
1143 4550 1559 4621 quaestionibus,
1582 4550 1649 4604 iis
1665 4550 1898 4618 acceptis
1921 4546 2112 4602 deten-

542 4653 680 4703 tum.
714 4659 933 4706 (nassum,
963 4654 1016 4697 et
1054 4661 1084 4698 e
1129 4645 1267 4699 vivis
1300 4645 1468 4699 fuisse
1502 4644 1798 4701 sublatum.
1828 4642 2027 4699 Deinde
2056 4646 2110 4699 in

544 4744 661 4791 toto
702 4735 955 4806 Epistolas
982 4743 1237 4789 contextu
1277 4736 1412 4791 illud
1444 4736 1711 4798 innuitur,
1742 4749 1867 4789 eum
1908 4735 2108 4805 ipsum,

544 4827 637 4897 qui
667 4840 813 4881 nunc
853 4826 1131 4890 rescribit,
1162 4826 1315 4894 prius
1346 4824 1755 4880 Corinthiorum
1782 4826 1982 4897 scripta
2020 4841 2111 4880 ac-

545 4921 777 4990 cepisse.
807 4918 1075 4985 Quocirca
1106 4917 1174 4971 ad
1204 4918 1440 4972 litteram
1476 4918 1807 4989 intelligendi
1837 4927 1964 4975 sunt
1998 4926 2111 4972 tum

548 5009 782 5065 lrenzeus
804 5010 903 5079 (l),
928 5018 1043 5064 tum
1074 5008 1405 5078 Hegesippus
1428 5008 1525 5080 (2),
1546 5025 1669 5064 cum
1692 5010 2108 5079 dissensionem,

548 5117 710 5171 quam
742 5101 933 5157 sedare
979 5116 1125 5154 nunc
1164 5111 1391 5155 conatur
1419 5099 1687 5165 Clemens,
1719 5118 1826 5156 non
1860 5104 1962 5157 sub
2011 5102 2110 5157 Pe-

474 5231 485 5241 .
550 5201 655 5257 tro,
676 5192 768 5246 sed
798 5190 1182 5246 subClemente
1205 5200 1381 5245 ortam
1411 5207 1534 5247 esse
1560 5200 1848 5248 testantur.
1880 5192 2113 5247 Praeter-

774 5348 1016 5435 ξρίεὶιςρ.
1037 5347 1316 5435 rutrum”
1346 5358 1478 5435 tom.
1506 5348 1549 5417 l,
1562 5364 1712 5435 pag;
1732 5348 1838 5435 ζει
1861 5358 1912 5403 et
1939 5348 2062 5403 253.

629 5418 740 5490 (97)
782 5418 845 5490 in
876 5420 994 5472 crit.
1028 5419 1267 5483 Baronii,
1298 5422 1363 5474 ad
1396 5436 1524 5490 ann.
1562 5418 1715 5490 78,’§
1746 5419 1799 5490 5.

627 5488 749 5561 (98)
781 5488 983 5542 Histor.
1011 5492 1162 5556 eccl.,
1196 5491 1288 5546 lib.
1320 5507 1377 5555 ll,
1415 5489 1441 5561 §
1474 5490 1561 5553 '59.,
1595 5488 1726 5545 toni.
1762 5489 1803 5551 l,
1835 5503 1954 5558 pag.
1986 5489 2111 5551 Ml,

556 5558 686 5613 edit.
718 5557 872 5611 Rom.

628 5628 738 5697 (99)
760 5627 843 5699 Δ1η
880 5631 1067 5684 noviss.
1108 5629 1355 5684 Bibliotlt.
1392 5628 1530 5696 ΡΡ.,
1562 5638 1693 5685 tom.
1727 5629 1767 5692 Ι,
1799 5630 1851 5683 in
1884 5630 2113 5699 prolcg.,

562 5714 681 5770 pag.
720 5697 803 5763 l9,
842 5715 991 5755 nitu.
1020 5701 1071 5753 9.

2207 4547 2559 4621 Jerosolymis
2590 4557 2793 4602 tantum
2840 4548 3166 4615 oﬂ'eruntur?
3193 4546 3337 4615 quod
3376 4544 3591 4615 quidem
3635 4561 3773 4617 prae-

2210 4643 2471 4713 scriptum
2496 4656 2620 4697 cum
2649 4641 2947 4695 etiamnum
2979 4639 3033 4692 in
3064 4638 3181 4706 lege
3218 4644 3456 4701 maneat,
3493 4635 3607 4704 ipsa
3650 4636 3773 4689 Cle-

2211 4733 2409 4787 mentis
2433 4731 2593 4786 verba
2624 4730 2785 4784 etiam
2815 4728 2971 4783 nobis
3008 4726 3200 4782 ell'erre
3245 4740 3356 4780 non
3401 4726 3579 4795 inepte
3626 4741 3772 4780 nunc

2211 4824 2415 4879 liceret.
2448 4821 2651 4891 Nempe
2676 4820 2925 4875 Clemens
2955 4817 3361 4888 comparatione
3399 4831 3465 4870 ac
3488 4831 3639 4872 more
3676 4815 3773 4870 Ju-

2212 4916 2472 4978 daiorum,
2504 4913 2701 4983 quibus
2743 4909 3136 4964 sacriﬁciorum
3168 4909 3315 4979 leges
3356 4924 3387 4963 a
3418 4910 3599 4980 Moyse
3638 4925 3774 4979 prae-

2214 5007 2548 5068 scribuntur,
2579 5000 2905 5069 Christianis
2936 5006 3128 5053 auctor
3157 5007 3260 5063 est,
3295 5005 3355 5053 ut
3384 5007 3438 5055 et
3466 4998 3570 5069 ipsi
3600 5006 3767 5054 statu-

2215 5110 2329 5155 tum
2362 5098 2428 5152 ab
2454 5097 2715 5168 apostolis
2746 5095 3080 5149 oblationum
3109 5100 3163 5147 et
3192 5091 3487 5146 ofﬁciorum
3530 5092 3769 5145 ordinem

2216 5201 2522 5245 reverenter
2549 5185 2817 5256 accipiant
2846 5199 2911 5238 ac
2937 5191 3171 5238 servent.
3205 5181 3317 5238 Hoc
3345 5190 3545 5247 autem,
3576 5190 3634 5235 ut
3660 5182 3766 5251 ipsi

2276 5339 2431 5417 ~(100)
2472 5344 2655 5399 Tom.l
2681 5341 2832 5417 Eccl.
2865 5340 3011 5417 hist,
3040 5355 3163 5410 pag.
3192 5339 3336 5417 265ζ
3353 5342 3482 5395 edit.
3525 5340 3707 5417 Latin.

2286 5409 2361 5488 ll)
2398 5409 2527 5488 Lib.
2552 5430 2609 5488 Iit
2654 5414 2869 5488 A_d_eers.
2901 5409 3269 5488 hatres.,icap.
3306 5413 3359 5476 5,
3393 5421 3446 5467 et
3480 5411 3619 5481 apud
3664 5409 3767 5464 [ius

2216 5481 2445 5547 sebium,
2483 5484 2650 5547 II.E.,
2684 5484 2776 5537 lib.
2814 5500 2861 5543 ν,
2893 5497 2942 5535 c.
2972 5481 3024 5535 6.

2285 5556 2361 5624 (2)
2402 5542 2554 5625 Apud
2585 5542 2801 5617 Euseb.,
2838 5542 2929 5607 lib.
2964 5566 3036 5613 Iv,
3067 5567 3187 5620 cap.
3217 5551 3306 5607 22.
3628 5542 3665 5586 ⁸

2287 5627 2364 5694 (δ)
2403 5626 2536 5693 Cap.
2570 5625 2657 5678 is.

2288 5692 2361 5766 (4)
2403 5692 2568 5765 Epist.
2602 5696 2624 5749 l
2659 5693 2849 5757 Clem.,
2881 5706 2999 5761 cap.
3031 5692 3117 5747 il.
