4074 6286
298 380 392 433 157

1544 373 1880 429 ΡηοαξλιιΑ
1922 373 2302 430 VARIOle-M.

3440 384 3537 440 138

291 495 374 547 vir
404 491 796 547 celeberrimus
825 491 1084 546 Claudius
1118 491 1308 563 Fleury
1341 491 1537 546 fatetur
1561 490 1662 560 (5),
1697 490 1750 545 in
1776 506 1871 546 ex-
1901 493 1945 549 Α
1973 490 2062 557 qui
2097 501 2316 562 propter
2349 492 2656 555 exordium,
2690 493 2744 546 ia
2774 507 2882 561 quo
2911 492 3168 547 salutatio
3207 509 3328 548 cum
3381 511 3540 565 prece

291 582 553 652 ponendis
581 584 1086 653 comparationibus
1115 599 1218 636 usu
1247 584 1413 646 venit,
1447 592 1505 638 ut
1538 598 1626 637 res
1647 597 1870 653 praeter-

295 674 384 728 itae
434 675 650 744 perinde
683 690 750 730 ac
777 675 823 730 si
848 684 1144 746 praesentes
1172 675 1446 738 adessent,
1471 675 1540 730 ob
1568 676 1756 731 oculos
1780 691 1872 744 po-

291 773 506 819 nantur.

359 856 466 911 Nec
492 859 735 928 sequitur
765 876 830 914 ea:
874 878 957 924 ea,
990 873 1046 915 ut
1074 859 1222 917 Petri
1248 870 1297 915 et
1347 859 1507 915 Pauli
1553 862 1868 931 martyrium

283 951 514 1015 proxime
534 951 1115 1019 exceperit.—Frustra
1137 953 1300 1007 etiam
1323 952 1652 1008 Clementem
1683 955 1866 1024 proxi-

284 1056 368 1094 me
397 1049 522 1111 post
546 1041 693 1098 Petri
725 1051 778 1098 et
824 1043 976 1098 Pauli
1009 1047 1328 1117 martyrium
1375 1045 1665 1116 scripsisse
1692 1062 1758 1102 ex
1800 1062 1866 1102 eo

282 1133 580 1204 colligitur,
600 1135 748 1205 quod
768 1137 945 1207 capite
965 1137 999 1193 4
1021 1136 1129 1208 (6),
1163 1138 1368 1203 Abelis,
1387 1138 1794 1211 Jacob,-,Moysis
1813 1146 1866 1195 et

281 1221 528 1288 Davidis,
570 1225 665 1294 qui
709 1241 805 1296 per
842 1229 1242 1283 aemulationem
1299 1245 1362 1284 ac
1415 1229 1673 1285 invidiam
1697 1232 1864 1285 multa

280 1317 429 1386 passi
463 1324 612 1380 sunt,
647 1319 935 1386 promissis
964 1321 1240 1390 exemplis,
1275 1323 1463 1391 capitis
1494 1323 1527 1376 5
1552 1322 1703 1376 initio
1734 1325 1862 1377 sub-

272 1408 426 1476 jicit:
463 1426 480 1458 ι
513 1407 616 1463 Sed
649 1409 827 1463 missis
869 1410 1125 1466 veteribus
1167 1413 1415 1481 exemplis
1469 1415 1736 1470 veniamus
1794 1417 1863 1471 ad

279 1497 562 1566 proximos
584 1498 819 1553 athletas
846 1509 894 1552 et
929 1501 1104 1556 aetatis
1134 1512 1328 1556 nostra:
1353 1520 1602 1574 generosa
1625 1507 1862 1576 exempla

278 1603 550 1641 sumamus
575 1588 672 1659 (7),
713 1608 732 1640 ι
762 1605 824 1643 ac
869 1589 1066 1646 deinde
1093 1590 1239 1648 Petri
1268 1602 1321 1648 et
1361 1593 1516 1649 Pauli
1542 1600 1860 1669 martyrium

277 1687 517 1734 enarrat.
547 1678 714 1734 Nemo
747 1681 892 1736 enim
918 1699 1026 1736 non
1058 1683 1223 1749 videt,
1249 1701 1410 1755 quam
1440 1695 1588 1742 recte
1611 1688 1861 1746 Clemens

278 1769 426 1823 circa
457 1785 659 1825 annum
691 1772 896 1829 Christi
925 1775 994 1830 97
1020 1773 1168 1832 Petri
1218 1792 1283 1830 ac
1309 1776 1462 1832 Pauli
1513 1783 1855 1852 martyrium,

275 1873 401 1912 cum
440 1863 780 1932 temporibus
827 1863 1068 1929 Davidis,
1121 1864 1344 1937 Moysis,
1380 1865 1549 1924 Jacob
1577 1877 1632 1926 et
1677 1872 1861 1927 Abelis

274 1960 672 2022 comparatum,
715 1956 1018 2026 proximum
1052 1973 1114 2013 ae
1164 1961 1391 2015 uicinum
1440 1965 1614 2018 aetatis
1664 1976 1859 2020 nostra:

273 2045 494 2100 dixerit.
529 2047 640 2101 [mo
669 2064 849 2120 neque
881 2051 1188 2120 proximum
1219 2054 1287 2108 ab
1315 2069 1381 2109 eo
1410 2054 1611 2112 dicitur
1639 2058 1854 2123 diebus,

273 2136 473 2206 quibus
505 2139 716 2203 scribit,
745 2139 842 2195 sed
871 2142 1017 2196 aetati
1050 2144 1249 2216 (γενεᾷ)
1279 2161 1443 2216 quam
1491 2148 1621 2219 agit,
1655 2164 1749 2205 seu
1800 2152 1856 2207 in

273 2243 380 2298 qua
429 2229 597 2300 degit.
649 2231 874 2287 Demum
905 2235 1083 2304 capite
1132 2236 1550 2309 quadragesimo
1599 2243 1853 2311 septimo,

273 2321 364 2374 ubi
391 2322 460 2376 ad
513 2325 824 2394 evangeliea
873 2333 1117 2397 tempora
1164 2329 1408 2385 animum
1451 2330 1640 2396 refert,
1683 2349 1856 2404 eaque

273 2424 397 2463 cum
450 2411 543 2465 illo
575 2413 838 2482 temporis
885 2415 1062 2486 spatio
1093 2417 1324 2482 confert,
1356 2435 1468 2490 quo
1502 2421 1717 2488 scribit,
1749 2423 1856 2477 Co-

271 2503 603 2558 rinthiorum
635 2503 938 2562 Ecclesiam
973 2508 1246 2578 antiquam
1273 2526 1489 2577 vocare,
1521 2520 1576 2568 et
1616 2513 1852 2584 primum

267 2610 459 2648 eorum
489 2594 798 2660 dissidium,
829 2596 898 2652 de
923 2615 1032 2668 quo
1059 2597 1260 2656 Paulus
1309 2603 1550 2673 loquitur
1574 2605 1636 2671 ",
1689 2613 1748 2662 ut
1795 2606 1853 2659 in

265 2687 527 2754 principio
559 2686 832 2759 Evangelii
859 2702 1032 2745 ortum
1059 2708 1380 2761 memorare,
1411 2695 1692 2768 ipsamque
1720 2713 1851 2769 apo-

266 2779 393 2834 stoli
419 2778 584 2848 hujus
619 2781 929 2851 epistolam,
956 2785 1172 2840 tametsi
1203 2788 1614 2857 quatuordecim
1637 2798 1848 2848 tantum

266 2873 428 2928 annis
479 2874 754 2929 excidium
808 2874 1322 2949 Jerosolymitanum
1375 2885 1737 2951 praecesserit,
1791 2886 1848 2940 in

261 2965 524 3034 principio
578 2965 852 3037 Evangelii
911 2970 1163 3038 scriptam
1207 2971 1394 3028 dicere
1439 2989 1550 3029 non
1611 2976 1845 3033 dubitat.

264 3058 424 3124 Quod
476 3076 608 3116 sane
640 3061 880 3117 evidenti
930 3049 1249 3134 argumento
1278 3071 1384 3130 est,
1416 3082 1562 3132 eum,
1615 3082 1738 3123 cum
1773 3070 1846 3124 ita

1973 581 2296 650 conjuncta,
2321 591 2510 636 contra
2543 582 2915 652 apostolorum
2982 591 3147 652 atque
3189 584 3361 653 ipsius
3416 585 3541 640 Cle-

1971 674 2171 729 mentis
2203 676 2606 743 morem,deest,
2638 691 2757 731 eam
2811 677 2865 730 in
2909 676 3255 731 homiliarum
3313 693 3538 733 censum

1972 764 2306 820 referendam
2364 781 2489 822 esse
2531 768 2818 836 judicavit.
2853 766 3052 822 Verum
3114 785 3223 824 non
3265 779 3413 822 tanta
3457 778 3541 824 est

1970 857 2085 912 haec
2124 858 2284 921 ratio,
2333 870 2392 912 ut
2419 869 2687 924 veterum,
2735 861 2826 931 qui
2871 861 3148 929 epistolam
3195 871 3536 933 nuncupant,

1968 965 2183 1005 summo
2211 952 2503 1007 consensui
2533 968 2639 1007 non
2664 952 2841 1007 dicam
2866 953 3144 1017 anteferri,
3178 954 3271 1008 sed
3297 954 3381 1009 vel
3407 970 3538 1009 con-

1970 1041 2099 1094 ferri
2156 1041 2268 1096 ullo
2321 1042 2482 1096 modo
2527 1042 2719 1097 valeat.
2755 1042 2995 1112 Longius
3046 1043 3223 1098 adhuc
3271 1047 3539 1114 processit

1968 1132 2297 1198 Dodwellus,
2335 1136 2836 1206 intemperantioris
2869 1138 3086 1196 critices
3129 1145 3369 1193 sectator
3424 1150 3540 1194 stu—

1966 1223 2336 1288 diosissimus,
2367 1227 2460 1296 qui
2484 1243 2731 1282 asserere
2763 1243 2871 1282 non
2904 1227 3195 1291 dubitavit,
3237 1229 3358 1282 loca
3402 1245 3539 1283 non-

1966 1312 2113 1366 nulla
2140 1312 2383 1382 ejusdem
2408 1315 2651 1384 epistola:
2681 1317 2879 1386 stylum
2928 1317 3260 1387 eclogarium
3291 1317 3537 1389 Hypoty-

1964 1417 2168 1471 poseon
2224 1403 2520 1460 Clementis
2567 1405 2924 1461 Alexandrini
2985 1408 3232 1475 referre,
3294 1411 3538 1481 adeoque

1966 1493 2241 1550 immistos
2273 1495 2506 1551 invicem
2539 1496 2677 1551 duos
2706 1497 2828 1552 illos
2856 1496 3025 1555 fuisse
3054 1498 3380 1556 Clementes.
3429 1500 3536 1555 Sed

1963 1599 2221 1641 censores
2242 1586 2551 1643 istiusmodi
2583 1589 2888 1655 mittamus,
2915 1591 3005 1662 qui
3054 1607 3085 1646 a
3106 1590 3337 1648 veritate
3380 1592 3538 1662 longe

1963 1677 2215 1734 aberrare
2242 1687 2567 1735 noscuntur.

2033 1769 2151 1824 Duo
2187 1771 2406 1825 maximi
2436 1773 2685 1826 momenti
2715 1771 3030 1827 documenta
3055 1790 3149 1843 pro
3173 1774 3437 1843 fidelibus.
3467 1806 3537 1815 ~—

1890 1829 1936 1890 B
1965 1860 2040 1916 Ex
2059 1862 2370 1919 venerando
2391 1864 2496 1919 hoc
2535 1878 2707 1920 sacrae
2761 1866 3104 1936 antiquitatis
3158 1876 3530 1929 monumento.

1961 1955 2107 2025 quod
2141 1971 2410 2010 summam
2442 1956 2746 2026 primorum
2770 1955 3212 2012 Christianorum
3266 1959 3533 2028 simplici-

1960 2055 2128 2103 tatem
2157 2049 2320 2118 sapit,
2356 2048 2467 2104 duo
2506 2050 2563 2103 in
2589 2048 2782 2119 primis
2813 2050 3035 2104 maximi
3064 2051 3325 2105 momenti
3363 2050 3533 2104 docu-

1962 2147 2141 2194 menta
2189 2139 2374 2194 ﬁdeles
2417 2140 2748 2211 percipiunt.
2795 2137 3039 2194 Primum
3082 2140 3266 2204 enim,
3331 2139 3424 2194 ubi
3474 2138 3530 2194 in

1960 2230 2217 2301 primaria
2248 2231 2512 2296 Ecclesia,
2540 2238 2621 2286 tot
2645 2231 2885 2302 Spiritus
2911 2231 3088 2288 sancti
3119 2231 3280 2286 donis
3306 2239 3531 2294 ornata,

1957 2341 2023 2380 ac
2047 2325 2300 2381 maximis
2330 2327 2705 2397 apostolorum
2742 2326 3037 2383 sudoribus
3063 2325 3300 2389 exculta,
3344 2324 3532 2394 spinas

1956 2415 2363 2472 dissensionum
2383 2425 2608 2474 exortas
2637 2417 2845 2482 vident,
2888 2416 3071 2470 minus
3088 2417 3202 2486 jam
3236 2416 3528 2476 mirantur.

1957 2510 2004 2564 si
2037 2512 2179 2567 inter
2207 2510 2556 2568 Christianas
2586 2512 2903 2575 societates,
2937 2526 3060 2582 quae
3105 2519 3253 2566 recte
3301 2525 3529 2580 compo-

1956 2604 2074 2659 sitae
2096 2603 2347 2669 audiunt,
2373 2605 2688 2675 hujusmodi
2711 2605 2968 2661 scandala
2985 2603 3194 2660 oboriri
3220 2603 3527 2674 contigerit.

1954 2693 2243 2765 Nunquam
2296 2694 2554 2750 nimirum
2596 2695 2834 2766 quiescit
2885 2696 3144 2766 antiquus
3194 2695 3528 2757 zizaniorum

1953 2788 2251 2842 seminator
2281 2794 2334 2841 et
2356 2802 2544 2857 agrum
2574 2785 2788 2840 Domini
2813 2785 3069 2844 infaustis
3096 2787 3396 2843 seminibus
3428 2786 3530 2841 fce-

1952 2878 2083 2934 dare
2136 2893 2249 2932 non
2298 2885 2502 2934 cessat.
2555 2877 2662 2934 Sed
2719 2880 2969 2949 quamvis
3000 2880 3286 2949 antiquum
3320 2880 3392 2934 sit
3423 2879 3524 2933 hoc

1950 2970 2196 3036 malum,
2236 2985 2346 3025 non
2397 2969 2519 3024 ideo
2559 2978 2738 3024 tamen
2804 2969 2984 3026 minus
3041 2969 3372 3041 lugendum;
3429 2972 3524 3024 sed

1951 3061 2159 3116 nullum
2177 3077 2320 3126 esse,
2346 3061 2433 3116 cui
2466 3061 2765 3117 remedium
2790 3061 2954 3118 citius
3013 3061 3383 3118 adhibendum
3429 3063 3521 3124 sit,

265 3153 557 3216 scriberet,
588 3153 803 3223 longius
854 3157 924 3210 ab
961 3157 1152 3212 eodem
1205 3158 1476 3230 principio
1507 3163 1803 3218 recessisse
1829 3183 1843 3218 :
1873 3182 1917 3242 ο
1952 3155 2079 3210 item
2099 3170 2164 3210 ex
2189 3155 2296 3211 hoc
2323 3155 2550 3225 scripto,
2582 3161 2642 3210 ut
2661 3170 2727 3210 ex
2752 3153 2909 3208 Pauli
2941 3153 3200 3225 Epistola,
3231 3153 3525 3222 docemur;

265 3258 368 3298 nec
417 3244 622 3300 abhinc
651 3247 946 3303 recessisse
994 3249 1210 3320 longius
1234 3250 1527 3316 videretur,
1556 3253 1630 3318 si,
1648 3261 1704 3308 ut
1734 3257 1849 3311 vult

261 3333 524 3402 Grabius,
552 3339 810 3408 praedicta
840 3339 992 3396 Pauli
1020 3342 1250 3414 epistola
1283 3341 1384 3399 hac
1413 3343 1706 3402 Clementis
1749 3364 1849 3403 no-

263 3441 381 3480 vem
414 3428 699 3492 duntaxat,
735 3431 817 3484 vel
851 3431 919 3485 ad
949 3447 1221 3488 summum
1250 3433 1536 3490 duodecim
1565 3437 1723 3494 annis
1750 3453 1848 3508 po-

264 3520 464 3572 sterior
495 3516 655 3573 foret.

333 3604 414 3658 De
445 3615 707 3675 tempore,
769 3624 871 3678 quo
922 3610 1095 3665 altera
1132 3613 1356 3681 epistola
1410 3616 1626 3684 scripta.
1658 3647 1727 3658 --
1771 3617 1845 3673 De

261 3699 527 3766 temporis
552 3707 732 3753 autem
763 3702 1062 3767 notatione,
1089 3719 1198 3773 quo
1227 3705 1430 3774 scripta
1467 3706 1632 3762 fuerit
1661 3717 1842 3778 poste-

262 3788 376 3842 rior
406 3789 710 3846 Clementis
739 3795 992 3864 epistola,
1033 3795 1171 3849 nihil
1222 3797 1442 3866 quidem
1475 3800 1611 3854 certi
1664 3817 1727 3858 ex
1778 3818 1841 3858 ea

256 3884 460 3938 elicere
483 3901 812 3955 possumus,
859 3904 984 3944 cum
1043 3891 1232 3945 mutila
1265 3893 1331 3946 ad
1362 3910 1464 3949 nos
1505 3897 1837 3965 pervenerit,

258 3976 408 4030 unde
431 3976 567 4030 illud
601 3985 892 4035 statuatur.
934 3979 1039 4046 Qui
1063 3997 1182 4037 eam
1211 3983 1476 4055 integram
1507 3987 1703 4057 legisse
1735 4005 1836 4058 pu-

1951 3260 2147 3314 nempe
2185 3246 2334 3299 tenui
2380 3243 2778 3300 discordiarum
2811 3241 3052 3308 ﬂamma,
3079 3245 3186 3300 nisi
3216 3260 3379 3316 quam
3412 3246 3523 3315 pri-

1950 3353 2099 3393 mum
2127 3338 2528 3408 exstinguatur.
2555 3337 2706 3393 brevi
2737 3338 2931 3410 ingens
2970 3337 3280 3402 incendium
3337 3339 3523 3393 conci~

1947 3431 2078 3496 tari,
2110 3431 2357 3503 apprime
2388 3432 2678 3488 callebant.

2465 3544 2862 3601 ARTICULUS
2905 3546 2994 3601 IV.

2176 3654 2476 3702 UTRIUSQUE
2504 3654 2776 3693 EPISTOLA‘Z
2809 3653 2996 3693 BREVIS
3029 3653 3301 3693 ANALYSIS.

2055 3728 2250 3785 Prima:
2281 3730 2350 3784 ad
2393 3729 2695 3786 Corinthios
2719 3731 2839 3853 ldiui
2873 3728 3157 3787 Clementis
3182 3731 3417 3797 epistola:

2611 3817 2716 3853 ana
2743 3818 2870 3853 usis.

2611 3817 2870 3872 anatysts.

2012 3893 2247 3948 Sanctus
2290 3893 2567 3957 Clemens,
2626 3901 2914 3964 postquam
2963 3891 3288 3962 Corinthiis,
3325 3891 3515 3947 eodem

1941 3983 2054 4039 fere
2084 3992 2242 4056 pacto
2299 4001 2409 4055 quo
2457 3984 2617 4039 divus
2642 3983 2845 4039 Paulus
2874 3983 3149 4054 Epistolas
3181 3999 3311 4039 suas
3354 4000 3515 4040 exor-

256 4077 407 4122 tatur
437 4067 691 4136 Photius,
719 4071 772 4124 in
806 4072 924 4141 ejus
947 4076 1267 4131 recensione
1291 4079 1492 4132 nullam
1519 4079 1648 4135 facit
1672 4083 1838 4137 dissi-
1938 4075 2108 4138 ditur.
2142 4076 2370 4130 salutem
2401 4075 2654 4139 dixisset.
2700 4083 2900 4146 purgat
2951 4090 3011 4130 se
3040 4075 3184 4146 apud
3212 4091 3329 4142 θος.
3363 4076 3512 4146 quod

253 4159 331 4215 dii
364 4161 708 4217 Corinthiaci
733 4165 1062 4220 mentionem
1089 4184 1102 4233 ;
1137 4167 1230 4223 sed
1262 4169 1432 4239 ipsam
1458 4175 1836 4229 tantummodo
1937 4167 2230 4238 propositis
2261 4168 2697 4224 dubitationibus
2725 4168 2938 4222 tardius
2968 4169 3262 4225 rescribat.
3293 4167 3496 4222 Eorum

255 4254 686 4315 institutionem.
717 4263 770 4311 et
793 4256 1222 4316 admonitionem
1256 4263 1499 4319 melioris
1527 4267 1652 4320 vita:
1674 4266 1835 4320 indu~
1934 4260 2132 4314 deinde
2161 4259 2393 4315 virtutes
2423 4261 2654 4325 extollit,
2675 4259 2799 4315 ﬁdei
2823 4259 3099 4329 praecipue
3120 4260 3508 4322 constantiam,

255 4362 382 4402 cere
413 4347 612 4402 scribit
637 4348 738 4420 (8).
768 4348 907 4404 Hinc
939 4349 1102 4408 facile
1131 4354 1256 4422 quis
1289 4356 1530 4426 colligat,
1568 4357 1832 4416 Corintho

255 4435 488 4491 Romam
524 4438 728 4493 reduce
757 4438 1077 4506 Fortunato,
1120 4459 1244 4498 cum
1291 4445 1416 4500 aliis
1448 4447 1634 4513 sociis,
1682 4449 1830 4504 schi-

1935 4352 2155 4422 pietatis
2184 4353 2586 4420 excellentiam,
2611 4350 3003 4422 hOSpitalitatis
3024 4351 3510 4422 magniﬁcentiam,

1936 4443 2222 4499 scientiam
2284 4443 2772 4507 absolutissimam,
2828 4443 3107 4498 sincerum
3155 4443 3212 4498 in
3262 4451 3511 4514 pastores

255 4535 436 4582 amate
459 4528 575 4597 jam
608 4529 845 4597 sublato,
875 4539 929 4586 et
959 4533 1127 4602 quieti
1153 4531 1396 4590 Ecclesia
1437 4537 1528 4591 illa
1557 4540 1828 4609 restituta,
1861 4523 1906 4578 Ῑ)
1934 4535 2281 4603 obsequium.
2313 4533 2407 4587 1)θὶ
2437 4533 2590 4588 Verbi
2623 4531 2892 4597 studium.
2921 4533 3201 4605 egregium
3257 4550 3357 4606 PI‘O
3409 4552 3507 4592 sua

256 4618 399 4676 hanc
432 4621 634 4676 deinde
662 4622 833 4678 fuisse
859 4638 890 4677 a
910 4622 1190 4682 Clemente
1206 4628 1567 4700 perscriptam
1618 4632 1827 4702 episto-

255 4714 362 4766 lam
389 4730 535 4770 anno
566 4714 705 4770 forte
731 4715 800 4770 98
832 4716 1153 4786 insequente
1176 4758 1191 4783 ,
1224 4735 1334 4790 quo
1357 4721 1413 4776 in
1465 4737 1600 4793 pace
1656 4724 1828 4795 magis

253 4807 438 4861 adhuc
474 4806 822 4862 firmarentur
846 4806 1136 4868 Corinthii.

334 4897 474 4951 Num
507 4898 677 4953 altera
699 4897 982 4954 Clementis
997 4902 1221 4970 epistola
1241 4904 1310 4957 sit
1338 4906 1574 4960 homilia:
1596 4924 1825 4977 pars.—

252 4987 405 5045 Viris
429 4991 755 5060 quibusdam
782 4991 980 5057 doctis,
1013 4996 1312 5065 praesertim
1334 4995 1635 5054 Vendelino
1662 5007 1825 5070 atque

251 5077 559 5142 Biondello,
581 5081 762 5136 visum
794 5081 918 5149 fuit,
944 5084 1240 5140 secundam
1281 5086 1578 5145 Clementis
1622 5091 1690 5145 ad
1719 5093 1825 5147 Co-

243 5170 488 5226 rinthios
521 5173 806 5243 epistolam
852 5173 1089 5230 homiliae
1117 5178 1299 5248 potius
1332 5188 1536 5250 partem
1557 5197 1701 5247 esse,
1734 5187 1820 5240 cui

243 5262 495 5332 opinioni
523 5262 758 5320 Grabius
782 5279 999 5336 quoque
1049 5266 1432 5326 incunctanter
1467 5271 1817 5346 subscripsit,

319 5530 363 5559 "
399 5526 417 5578 l
445 5526 573 5583 Cor.
605 5545 644 5583 ι.
727 5529 770 5562 ⁸⁸
792 5527 949 5586 Deut.
983 5545 1168 5598 xxxtt,
1194 5535 1274 5588 l5.

311 5733 394 5813 ζὸξ)
540 5749 742 5813 annum
775 5735 864 5813 69_.
897 5747 1029 5793 tom.
1063 5739 1258 5813 l,_pag.
1291 5743 1416 5798 284.

317 5807 396 5873 (6)
433 5805 608 5859 Clem.
642 5807 802 5875 epist.
830 5809 881 5870 ί,
913 5824 1064 5863 num.
1099 5805 1150 5867 ις

481 5899 908 5970 ΡΑτιιοι.,(ἶιι.
965 5901 1010 5964 l.

1938 4628 2283 4694 aliorumque
2304 4624 2482 4680 salute
2497 4625 2666 4680 animi
2685 4623 3005 4690 candorem,
3036 4635 3198 4696 atque
3219 4628 3276 4684 in
3293 4626 3506 4687 Domini

1931 4716 2145 4787 legibus
2167 4715 2454 4770 servandis
2484 4715 2827 4782 fidelitatem,
2857 4719 3227 4776 commendat.
3245 4718 3326 4774 Ad
3359 4721 3508 4775 schi-

1929 4821 2051 4862 sma
2087 4805 2285 4862 deinde
2305 4805 2603 4871 transiens,
2628 4821 2740 4878 quo
2765 4813 2848 4862 tot
2876 4808 3110 4866 virtutes
3132 4811 3506 4866 obscuraban~

1929 4905 2019 4952 tur
2047 4917 2058 4952 :
2093 4896 2275 4952 Omnis
2305 4898 2498 4969 gloria,
2524 4898 2722 4968 inquit,
2752 4907 2803 4952 et
2830 4902 2981 4969 copia
3018 4902 3160 4955 vobis
3198 4901 3327 4955 data
3364 4913 3499 4964 erat,

1933 5003 2086 5063 atque
2111 4992 2165 5046 in
2196 4990 2337 5046 vobis
2377 4990 2514 5044 illud
2537 4989 2826 5060 Scriptura:
2851 4993 3122 5062 impletum
3145 5008 3259 5048 est:
3305 5013 3324 5045 ‹
3351 4992 3497 5056 Edit,

1929 5101 1979 5140 et
2009 5084 2161 5147 bibit,
2195 5093 2246 5138 et
2276 5083 2535 5136 dilatatus
2558 5094 2659 5148 est,
2693 5100 2755 5137 ac
2787 5083 3150 5138 incrassatus:
3176 5093 3226 5138 et
3281 5086 3500 5139 recalci-

1928 5179 2088 5232 travit
2107 5176 2331 5232 dilectus
2358 5176 2420 5231 ¹⁸.
2457 5195 2474 5230 ι
2515 5175 2655 5229 Hine
2703 5176 2974 5231 aemulatio
3016 5185 3066 5229 et
3112 5175 3402 5244 discordia,
3450 5189 3500 5232 et

1929 5271 2136 5328 seditio.
2167 5267 2258 5325 Sic
2287 5269 2688 5324 insurrexerunt
2719 5268 3019 5324 inhonorati
3043 5277 3229 5323 contra
3269 5269 3499 5324 honora-

2021 5743 2073 5814 7)
2111 5743 2304 5814 Clern..
2331 5741 2573 5814 epist._i.
2609 5756 2760 5795 num.
2799 5741 2852 5796 5.

2021 5745 2073 5814 7)
2111 5745 2304 5801 Clem..
2331 5745 2491 5812 epist.
2521 5745 2573 5797 I.
2609 5756 2760 5795 num.

1994 5745 2073 5886 18)
2109 5812 2357 5877 Pltotius,
2396 5811 2585 5866 codice
2613 5823 2793 5862 cxxw.
