4074 6286
479 371 579 430 iss

1611 364 1700 419 AD
1740 365 1797 423 s.
1838 350 2259 422 CLEMENTEM
2296 363 2317 418 ι
2353 356 2613 420 ΡΑΡΑΜ·

3616 368 3716 423 N0

476 495 577 549 tos,
613 479 829 553 inglorii
859 486 1044 533 contra
1072 478 1356 548 gloriosos;
1402 477 1705 546 insipientes
1736 486 1920 532 contra
1951 494 2037 530 sa-
2067 482 2114 540 Α
2142 492 2342 548 parens
2370 477 2569 533 divinae
2595 477 2879 535 electionis
2902 491 3016 533 sua:
3040 476 3336 549 participes
3392 492 3496 533 nos
3524 477 3719 535 effece-

473 579 691 647 pientes,
715 575 928 645 juvenes
943 572 1193 626 adversus
1218 571 1467 626 seniores.
1486 568 1619 625 ideo
1646 570 1830 639 procul
1853 568 2043 624 absunt

469 668 682 739 iustitia
704 674 752 719 et
782 680 920 734 pax;
956 663 1081 716 dum
1100 662 1453 732 unusquisque
1492 662 1729 715 timorem
1761 660 1859 715 Dei
1896 660 2044 716 dese-

471 761 565 825 rit,
597 768 646 813 et
675 759 730 811 in
770 756 873 826 ﬁde
896 756 1041 809 illius
1084 754 1314 819 cwcutit,
1348 770 1439 807 nec
1462 754 1517 807 in
1546 754 1807 822 institutis
1846 768 2041 823 prame-

468 861 677 921 ptorum
699 849 811 919 ejus
844 846 1104 910 ambulat,
1154 860 1246 899 nec
1276 844 1487 899 Christo
1510 844 1747 898 decenter
1766 861 2043 899 conversa-

473 953 587 1004 tur;
632 940 722 994 sed
762 939 1116 1009 unusquisque
1163 937 1451 991 secundum
1496 953 1688 1006 pravas
1731 936 2043 1003 cupiditates

471 1051 597 1088 suas
624 1031 835 1096 incedit,
858 1030 1109 1084 invidiam
1133 1030 1369 1100 iniquam
1391 1039 1440 1084 et
1458 1030 1676 1100 impiam
1705 1029 2042 1096 assumenda,

472 1138 564 1195 per
591 1140 747 1195 quam
777 1132 827 1177 et
858 1140 998 1177 mors
1032 1123 1248 1176 intravit
1280 1122 1334 1175 in
1370 1120 1643 1176 mundum.

542 1217 799 1272 Pluribus
850 1213 1051 1269 deinde
1091 1212 1302 1268 Veteris
1352 1211 1689 1267 Testamenti
1743 1212 2040 1283 exemplis,

468 1325 591 1381 qua:
612 1306 972 1363 incommoda
998 1322 1064 1360 ex
1082 1305 1284 1359 invidia
1308 1305 1575 1369 oriantur,
1596 1304 1872 1373 ostendit;
1903 1306 2047 1360 inter

470 1411 665 1458 caetera
694 1416 823 1456 vero
845 1398 1025 1462 Caini,
1059 1396 1242 1453 Maria:
1272 1396 1481 1452 sororis
1505 1395 1707 1467 Moysis
1734 1404 1787 1451 et
1836 1397 2040 1459 Aaron.

474 1495 690 1549 Dathan
722 1500 777 1549 et
806 1492 1013 1548 Abiron
1037 1491 1283 1562 exempla
1296 1497 1579 1556 recenset;
1606 1498 1770 1561 atque
1801 1498 1860 1545 ut
1903 1504 2046 1545 novo

468 1583 689 1640 invidiae
753 1583 1002 1652 exemplo
1053 1580 1371 1636 Corinthios
1429 1580 1614 1635 acrius
1668 1588 2041 1636 commoveat:

474 1675 702 1744 Propter
752 1674 991 1743 iniquam
1022 1672 1435 1734 wmulationem,
1469 1670 1668 1740 inquit,
1700 1670 1924 1739 apostoli
1944 1671 2047 1725 Pe-

471 1780 585 1823 trus
614 1778 664 1823 et
697 1767 901 1821 Paulus
924 1765 1240 1836 martyrium
1270 1763 1416 1831 passi
1441 1772 1583 1818 sunt.
1615 1762 1841 1833 Propter
1882 1779 2039 1818 temu-

472 1861 723 1915 lationem
768 1874 967 1928 quoque
1015 1855 1283 1910 Danaides
1315 1865 1363 1909 et
1424 1853 1581 1908 Dirce
1626 1853 1701 1925 (9)
1741 1853 2048 1924 fortissimw

469 1952 579 2005 illa:
602 1951 868 2014 mulieres,
893 1966 1010 2002 cum
1032 1947 1213 2017 gravia
1237 1955 1287 1999 et
1318 1943 1553 2014 nefanda
1577 1945 1839 2014 supplicia
1885 1945 2049 1999 susti-

470 2042 730 2107 nuissent,
757 2055 973 2095 cursum
996 2054 1151 2092 suum
1177 2036 1281 2107 ﬁde
1304 2037 1500 2091 invicta
1545 2035 1896 2106 perfecerunt.
1928 2034 2052 2101 Quo

472 2148 599 2189 vero
628 2148 724 2188 eos
754 2132 821 2187 ad
865 2131 1171 2186 vocationis
1220 2144 1334 2184 suae
1366 2127 1542 2183 oliicia
1572 2135 1737 2198 atque
1761 2129 1827 2183 ad
1872 2128 2051 2198 poeni-

432 2252 437 2257 -
470 2224 696 2279 tentiam
718 2223 1054 2286 hortaretur,
1075 2221 1644 2291 vocationis'ipsorum
1678 2221 2046 2288 sanctitatem,

470 2314 770 2382 pretiosum
822 2308 1027 2368 Christi
1100 2311 1422 2381 sanguinem
1462 2308 1574 2381 pro
1622 2318 1808 2367 nostra
1875 2311 2051 2367 salute

469 2405 705 2463 effusum
755 2404 891 2477 (10),
921 2404 1287 2460 Ninivitarum
1348 2405 1749 2474 paenitentiam,
1801 2402 2045 2471 choch,

471 2498 607 2565 Noe,
639 2497 933 2553 Abrahami
962 2496 1300 2561 ﬁdelitatem,
1333 2486 1668 2567 casterasque
1712 2495 2050 2567 patriarcha-

470 2608 595 2648 rum
626 2592 879 2656 virtutes,
908 2589 1037 2647 Jesu
1053 2590 1259 2646 Christi
1283 2589 1672 2654 humilitatem“,
1720 2588 1860 2660 ejus,
1888 2603 1919 2642 a
1941 2604 2050 2659 quo

470 2685 641 2741 creati
665 2699 878 2746 sumus,
912 2683 1213 2738 bonitatem
1245 2688 1411 2753 atque
1427 2681 1832 2737 miserationem
1855 2698 1870 2748 ;
1897 2680 2050 2749 pacis

470 2785 526 2832 et
542 2775 863 2831 humilitatis
880 2774 1185 2839 commoda,
1206 2774 1630 2827 inanimatarum
1643 2774 2046 2838 creaturarum,

473 2869 629 2934 solis,
661 2869 828 2932 lunae,
855 2867 1162 2941 stellarum,
1189 2866 1358 2922 maris
1383 2873 1436 2921 et
1457 2866 1782 2936 abyssorum
1808 2864 2052 2934 impene-

473 2962 752 3017 trabilium
815 2961 870 3015 in
921 2959 1191 3030 Dei‘leges
1227 2960 1333 3015 sibi
1367 2960 1654 3029 impositas
1696 2959 2044 3030 obsequium,

472 3057 750 3120 postremo
785 3047 1001 3103 Domini
1038 3063 1165 3119 erga
1188 3064 1277 3104 res
1303 3064 1492 3104 omnes
1522 3056 1732 3105 creatas
1764 3049 2047 3118 beneﬁcia,

2147 569 2239 636 rit,
2262 577 2317 624 et
2346 569 2526 624 sancti
2556 571 2741 640 populi
2772 571 3020 626 membra
3043 570 3362 635 reddiderit,
3391 570 3528 625 nihil
3560 572 3722 627 nobis

2146 676 2456 731 superesse,
2491 662 2599 717 nisi
2640 669 2701 716 ut
2739 663 3031 733 omnigena
3081 670 3230 719 recta
3277 678 3443 734 opera
3478 663 3721 718 maximo

2144 767 2269 808 cum
2304 754 2472 809 animi
2505 754 2701 809 ardore
2723 762 3106 810 consectemur
3135 756 3201 810 ad
3233 754 3457 811 Patrum
3496 764 3723 811 nostro-

2144 860 2267 899 rum
2299 845 2622 909 Abrahami,
2650 842 2829 900 isaaci
2858 843 3099 900 etJacob
3119 846 3449 916 exemplum,
3482 860 3721 916 quorum

2146 936 2301 1001 ﬁdes,
2347 936 2653 993 obedientia
2708 947 2870 1007 atque
2920 938 3195 994 humilitas
3248 946 3355 992 tam
3421 938 3727 1005 grandibus

2144 1029 2384 1101 praemiis
2413 1028 2620 1085 affecta:
2639 1028 2811 1085 fuere.
2847 1027 2930 1084 Sit
2968 1045 3090 1099 ergo
3128 1030 3300 1084 omnis
3342 1030 3593 1100 gloriatio
3623 1045 3723 1083 no-

2144 1131 2258 1177 stra
2275 1132 2325 1176 et
2353 1121 2551 1191 ﬁducia
2584 1122 2643 1175 in
2664 1122 2809 1191 ipso:
2834 1122 3096 1176 voluntati
3116 1122 3229 1191 ejus
3260 1121 3609 1190 subjiciamur
3631 1137 3649 1174 :
3672 1130 3726 1175 et

2146 1232 2241 1269 nos
2270 1214 2601 1268 concorditer
2613 1231 2733 1267 cum
2764 1214 2963 1284 angelis
2981 1230 3162 1268 coram
3182 1213 3295 1283 ipso
3318 1212 3577 1276 Sanctus,
3593 1228 3727 1269 san-

2146 1316 2292 1371 ctus,
2313 1314 2540 1361 sanctus
2557 1306 2933 1371 clamantibus,
2953 1306 3222 1359 communi
3234 1320 3514 1368 consensu,
3537 1313 3585 1359 et
3602 1315 3729 1358 tan-

2108 1470 2117 1477 .
2145 1414 2305 1468 quam
2325 1414 2431 1451 uno
2456 1414 2546 1451 ore
2565 1398 2874 1462 clamemus,
2900 1405 2958 1449 ut
2978 1396 3257 1466 participes
3281 1396 3476 1466 ﬁamus
3501 1412 3728 1467 magna-

2148 1506 2267 1544 rum
2293 1498 2344 1545 et
2363 1490 2689 1560 inelytarum
2718 1489 3137 1559 promissionum
3163 1488 3278 1557 ejus
3298 1528 3314 1553 ,
3343 1502 3577 1558 quarum
3627 1502 3729 1543 ex-

2147 1580 2460 1636 cellentiam
2480 1587 2536 1636 et
2563 1580 2927 1650 quantitatem
2964 1578 3080 1650 ipse
3109 1586 3325 1632 tantum
3357 1577 3660 1648 cognoscit.

2218 1671 2442 1729 Ordinis
2471 1687 2623 1739 vero,
2651 1678 2707 1727 et
2723 1670 2873 1725 inter
2904 1670 3231 1741 praepositos
3280 1675 3445 1742 atque
3474 1668 3727 1725 subditos

2150 1764 2491 1820 discriminis
2516 1761 2899 1819 necessitatem
2927 1762 2985 1819 in
3012 1760 3389 1817 ecclesiastico
3420 1759 3730 1823 ministerio

2150 1858 2653 1921 demonstraturus,
2673 1855 2883 1911 militia:
2902 1855 3210 1925 exemplum
3242 1855 3519 1925 proponit.
3545 1851 3729 1924 Neque

2148 1950 2288 2005 enim
2310 1950 2385 2003 ibi
2417 1965 2595 2003 omnes
2641 1948 2879 2018 prtcfecti
2919 1955 3063 2012 sunt,
3096 1946 3535 2017 neque'tribuni,
3566 1962 3730 2016 neque

2150 2041 2506 2105 centuriones,
2544 2038 2634 2095 sed
2660 2040 3015 2110 unusquisque
3030 2041 3088 2094 in
3123 2056 3219 2094 suo
3260 2032 3442 2093 ordine
3471 2037 3536 2092 ab
3568 2038 3732 2106 impe-

2151 2142 2330 2188 ratore
2358 2141 2407 2188 et
2432 2132 2654 2187 ducibus
2707 2132 2967 2187 mandata
3015 2133 3237 2203 peragit.
3284 2132 3489 2186 Cuncta
3544 2130 3730 2200 itaque

2151 2225 2336 2280 ordine
2363 2223 2607 2278 debemus
2627 2223 2821 2294 facere,
2856 2240 2973 2293 quas
3011 2239 3105 2277 nos
3129 2222 3386 2276 Dominus
3406 2221 3580 2291 jussit
3610 2238 3732 2290 per-

2153 2334 2326 2389 agere.
2367 2317 2676 2373 Oblatioues
2703 2324 2753 2371 et
2785 2317 2954 2386 ofﬁcia
2982 2332 3088 2369 non
3116 2324 3305 2370 temere
3323 2314 3401 2369 vel
3430 2313 3734 2368 inordinate

2152 2410 2271 2480 ﬁeri
2317 2408 2587 2479 praecepit,
2642 2406 2733 2462 sed
2781 2407 3067 2477 praeﬁnitis
3100 2406 3413 2476 temporibus
3464 2423 3525 2459 ac
3547 2405 3730 2467 horis;

2151 2518 2253 2575 quo
2285 2502 2445 2556 etiam
2470 2503 2607 2569 loco,
2641 2509 2691 2555 et
2722 2517 2755 2553 e
2776 2499 2965 2570 quibus
2999 2498 3255 2553 celebrari
3283 2499 3421 2564 velit,
3477 2499 3585 2566 ipse
3637 2513 3732 2551 ea:-

2152 2594 2449 2648 celsissima
2485 2610 2585 2647 sua
2606 2593 2878 2647 voluntate
2900 2590 3162 2661 deﬁnivit,
3212 2600 3270 2645 ut
3298 2607 3425 2661 pure
3452 2600 3502 2644 et
3550 2599 3734 2644 sancte

2153 2689 2336 2742 omnia
2352 2687 2500 2758 facta
2536 2688 2701 2758 juxta
2730 2686 2844 2757 ejus
2870 2685 3283 2755 beneplacitum,
3327 2694 3540 2754 accepta
3559 2693 3732 2740 essent

2154 2780 2416 2837 voluntati
2443 2780 2578 2849 ejus.
2602 2778 2707 2846 Qui
2734 2795 2856 2851 ergo
2902 2780 3189 2850 assignatis
3229 2777 3545 2848 temporibus
3582 2777 3734 2831 obla-

2156 2873 2323 2928 tiones
2343 2888 2470 2927 suas
2511 2871 2737 2940 faciunt,
2770 2872 2970 2941 accepti
2993 2881 3044 2925 et
3084 2870 3222 2925 beati
3264 2878 3431 2933 sunt;
3472 2886 3596 2923 nam
3644 2868 3736 2940 qui

2155 2972 2444 3035 sequuntur
2470 2963 2604 3033 leges
2624 2961 2863 3028 Domini,
2888 2979 2994 3017 non
3010 2961 3279 3016 aberrant.
3300 2961 3518 3017 Summo
3547 2961 3736 3031 quippe

2156 3055 2422 3112 sacerdoti
2477 3072 2577 3110 sua
2617 3058 2801 3110 munia
2842 3054 3037 3109 tributa
3067 3064 3231 3119 sunt;
3269 3067 3318 3108 et
3374 3052 3734 3108 sacerdotibus

474 3143 749 3213 praecipue
783 3157 914 3196 vero
939 3142 994 3195 in
1025 3140 1396 3204 Christianos,
1428 3140 1500 3196 ob
1526 3141 1718 3197 oculos
1771 3143 2046 3212 proponit.
2077 3164 2120 3222 ο
2157 3149 2305 3204 locus
2334 3149 2581 3219 proprius
2607 3149 2909 3219 assignatus
2935 3157 3013 3203 est
3038 3163 3057 3212 ;
3085 3157 3135 3203 et
3175 3148 3342 3201 ιευὶείε
3366 3163 3466 3201 sua
3496 3146 3735 3199 minim-

476 3234 687 3302 Quibus
710 3233 827 3286 haec
885 3230 1242 3303 superaddit:
1278 3229 1515 3303 Equum
1546 3233 1710 3303 igitur
1748 3244 1849 3295 est,
1878 3241 1938 3286 ut
1986 3231 2051 3287 ab

473 3325 589 3394 ejus
618 3322 886 3378 voluntate
915 3339 1021 3376 non
1060 3322 1227 3378 simus
1288 3322 1612 3393 transfugas:
1652 3322 1886 3377 homines
1917 3323 2055 3377 stul-

478 3427 582 3480 tos,
606 3415 931 3484 insipientes,
964 3413 1155 3479 elatos,
1176 3422 1225 3468 et
1246 3413 1535 3485 gloriantes
1568 3414 1622 3468 in
1678 3414 1934 3469 sermonis
1970 3414 2055 3469 sui

474 3510 740 3580 iactantia
771 3506 1098 3578 offendamus
1137 3509 1334 3575 potius,
1366 3523 1523 3577 quam
1578 3506 2055 3561 Deum.Dominum

478 3601 665 3657 Iesum
694 3599 987 3662 Christum,
1018 3599 1170 3668 cujus
1194 3599 1411 3669 sanguis
1440 3614 1536 3667 pro
1565 3598 1715 3654 nobis
1766 3597 1924 3653 datus
1954 3608 2053 3665 est,

483 3708 803 3750 veneremur.
838 3691 1168 3760 Prtepositos
1196 3699 1407 3744 nostros
1436 3704 1800 3754 revereamur;
1826 3691 2055 3745 seniores

482 3796 690 3842 nostros
732 3784 1081 3847 honoremus;
1111 3782 1327 3854 juvenes
1390 3781 1669 3837 doceamus
1721 3780 2057 3849 disciplinam

485 3877 689 3931 timoris
743 3875 876 3939 Dei;
928 3874 1081 3928 liberi
1122 3874 1321 3929 nostri
1370 3872 1578 3927 discant
1642 3872 1770 3945 quid
1820 3873 2057 3929 charitas

483 3967 624 4037 apud
652 3966 819 4021 Deum
844 3967 1035 4034 possit.

557 4058 817 4115 Hortatur
840 4058 1037 4114 deinde
1056 4065 1281 4115 sanctus
1315 4058 1569 4114 Clemens
1615 4058 1956 4125 Corinthios,
1998 4067 2057 4114 ut

488 4151 776 4207 Dominum
805 4153 1057 4217 timeant,
1098 4160 1262 4223 atque
1291 4151 1348 4207 in
1391 4152 1512 4222 ejus
1545 4152 1789 4209 bonitate
1818 4161 2058 4223 sperent,

488 4257 600 4301 tum
626 4246 696 4301 ob
723 4245 1147 4302 resurrectionis
1172 4245 1451 4310 ﬁduciam,
1468 4246 1629 4315 cujus
1654 4246 1904 4317 exempla
1953 4246 2060 4300 ali-

486 4347 621 4408 quot
646 4336 876 4408 profert,
900 4353 930 4392 a
955 4338 1121 4393 rebus
1152 4339 1497 4394 naturalibus
1528 4338 1720 4409 petita,
1749 4339 2060 4409 cujusmodi

487 4435 573 4483 est
600 4428 732 4481 illud
755 4428 1024 4498 phmnicis
1048 4428 1184 4499 (ll),
1202 4436 1319 4483 tum
1345 4430 1415 4485 ob
1429 4428 1526 4485 Dei
1553 4429 1609 4484 in
1640 4430 1927 4499 promissis
1946 4445 2063 4486 ser-

2153 3242 2238 3296 ria
2264 3240 2573 3295 incumbunt
2594 3256 2612 3305 ;
2635 3239 2790 3295 homo
2808 3238 2978 3294 laicus
2994 3239 3268 3309 praeceptis
3294 3238 3447 3292 laicis
3468 3237 3734 3291 constrin-

2154 3335 2316 3406 gitur.
2340 3331 2705 3404 Unusquisque
2725 3341 2975 3398 vestrum,
3001 3333 3217 3403 fratres,
3241 3334 3298 3385 in
3319 3346 3415 3385 suo
3437 3339 3583 3384 statu
3608 3344 3736 3400 gra-

2156 3428 2260 3483 tias
2304 3426 2413 3481 Deo
2467 3425 2679 3492 habeat,
2726 3427 2781 3481 in
2812 3425 2949 3479 bona
2995 3423 3311 3478 conscientia
3355 3421 3542 3492 degens
3569 3460 3585 3486 ,
3627 3436 3735 3474 non

2157 3518 2547 3590 transgrediens
2590 3517 2960 3587 praescriptam
2989 3515 3223 3569 muneris
3273 3512 3534 3584 regulam.
3605 3508 3734 3565 Non

2157 3610 2370 3681 ubique,
2403 3610 2620 3680 fratres,
2651 3609 2947 3678 offeruntur
2972 3606 3242 3676 sacriﬁcia
3261 3605 3439 3675 jugia,
3469 3602 3559 3657 sed
3604 3601 3738 3657 Hie-

2159 3703 2440 3773 rosolymis
2463 3712 2667 3757 tantum
2688 3701 2800 3774 (l2)
2830 3711 2984 3772 atque
3012 3701 3124 3755 illic
3154 3716 3257 3755 non
3279 3700 3331 3753 in
3357 3699 3499 3754 omni
3528 3698 3641 3751 loco
3670 3696 3734 3766 ﬁt

2160 3794 2379 3860 oblatio,
2409 3794 2499 3850 sed
2528 3802 2650 3848 ante
2687 3792 2933 3860 templum
2961 3792 3029 3846 ad
3063 3792 3252 3847 altare.

2230 3886 2480 3942 Ostendit
2530 3886 2692 3941 subin
2722 3892 2952 3940 sanctus
2985 3883 3239 3940 Clemens
3271 3924 3286 3950 ,
3340 3883 3511 3940 Deum
3553 3882 3733 3951 ipsum

2158 3977 2550 4035 ecclesiasticas
2600 3975 2924 4031 hierarchia’.
2963 3983 3275 4030 auctorem
3336 3990 3494 4042 esse;
3548 3971 3735 4027 Iesum

2161 4073 2431 4130 Christum
2457 4088 2490 4126 a
2528 4070 2673 4134 Deo,
2722 4070 2989 4140 apostolos
3015 4088 3047 4124 a
3089 4068 3220 4125 Iesu
3271 4068 3487 4125 Christo
3541 4069 3735 4123 missos

2162 4166 2357 4237 fuisse;
2404 4180 2491 4218 eos
2522 4163 2579 4217 in
2617 4162 2719 4233 ﬁde
2763 4178 2854 4231 per
2894 4162 3152 4233 Spiritum
3181 4173 3422 4217 sanctum
3453 4162 3739 4230 conﬁrma-

2162 4266 2265 4322 tos,
2297 4271 2513 4326 regnum
2540 4254 2633 4309 Dei
2661 4253 3007 4308 adventurum
3035 4269 3146 4308 esse
3165 4246 3353 4324 ubique
3373 4252 3739 4317 annuntiasse,

2162 4359 2317 4421 atque
2345 4348 2609 4418 primitias
2663 4361 2866 4409 eorum,
2898 4360 3025 4417 quos
3065 4344 3134 4399 ad
3165 4344 3324 4416 ﬁdem
3354 4351 3738 4411 converterant,

2163 4444 2221 4497 in
2259 4441 2526 4511 episcopos
2551 4449 2601 4494 et
2632 4438 2884 4493 diaconos
2911 4454 3114 4503 eorum,
3158 4437 3248 4509 qui
3283 4435 3537 4491 credituri
3562 4445 3739 4502 erant,

490 4519 686 4574 νθηάίε
723 4518 907 4584 ﬁdem,
938 4527 993 4575 εἴ
1020 4519 1169 4590 quod
1192 4521 1530 4591 ἰωροδείὺὶιθ
1555 4521 1628 4577 Sit
1657 4522 2061 4592 Ρθοοὲῑοΐὶδυεν
2091 4523 2140 4584 D
2168 4533 2524 4588 constituisse.
2559 4529 2739 4601 Neque
2767 4530 2864 4584 hoc
2889 4544 3110 4584 novum:
3160 4547 3193 4583 a
3217 4529 3398 4583 multis
3420 4530 3559 4583 enim
3608 4534 3745 4582 tenia

492 4609 832 4680 ejus-oculos
858 4610 1117 4683 effugere.
1148 4609 1331 4679 Addit,
1364 4626 1491 4666 cum
1537 4612 1951 4669 miserationum
1976 4613 2068 4670 ille

566 4853 642 4926 (9)
684 4851 814 4907 Duae
867 4853 950 4907 hae
996 4852 1256 4926 mulieres
1300 4851 1612 4926 lﬂeroniana
1682 4854 2069 4923 persecutione

494 4922 750 5007 stevierite
767 4938 944 5007 passa:
977 4922 1599 5007 creduntqr._iluinart.,
1656 4925 1775 5005 Act.
1818 4934 2065 5007 martyr.,

533 5011 620 5065 ag.
650 4995 708 5057 2,
741 4993 833 5047 aut
862 4994 974 5057 illa,
1000 5008 1121 5065 (gnte
1167 4994 1269 5048 sub
1296 4993 1603 5047 Domitiano
1655 4995 1896 5065 excitata
1943 4993 2067 5052 l'uit.

533 5014 620 5065 ag.
651 5014 708 5057 Ζ,
741 5014 833 5047 θυι
862 5014 974 5057 Illa,
1000 5014 1121 5063 quae
1167 5014 1269 5048 SllD
1296 5014 1603 5047 υοιιιιιιῑιῐιο
1660 5014 1896 5049 εχειιδιιι
1943 5014 2067 5052 lu".

495 5014 833 5132 gillemontq
867 5072 1001 5119 tom.
1034 5063 1097 5121 ll.
1127 5078 1249 5134 pag.
1279 5065 1367 5125 55,
1399 5073 1453 5118 et
1482 5072 1596 5117 not.
1653 5063 1684 5116 7
1706 5080 1803 5119 sur
1845 5064 1902 5120 S.
1938 5066 2068 5122 Cle-

496 5144 646 5192 tuent
680 5151 830 5205 pape,
866 5151 989 5206 pag.
1021 5135 1128 5206 264
1156 5136 1294 5190 dans
1321 5134 1506 5189 l’Hist.
1530 5134 1715 5206 ecclés.

569 5203 697 5279 (10f
720 5203 904 5262 Primo
931 5203 1226 5276 igiturjam
1264 5206 1466 5260 saeculo
1516 5204 1751 5279 credidit
1798 5203 2067 5279 Ecclesia,

496 5274 703 5332 Christi
734 5274 1055 5348 sanguinem
1085 5291 1185 5347 pro
1208 5279 1379 5331 totius
1401 5274 1590 5329 mundi
1614 5275 1791 5331 saluto
1837 5276 2068 5333 eliusum

495 5363 636 5404 esse.

572 5418 682 5488 (ll)
721 5416 967 5484 Tacitus,
991 5418 1087 5474 lib.
1110 5432 1165 5474 v1
1185 5416 1469 5471 Annalium
1498 5415 1768 5488 phgenicis
1784 5416 2072 5474 historiam

497 5486 633 5543 citra
655 5489 838 5558 jocum
862 5488 1482 5543 commemoratEadem
1508 5504 1537 5540 a
1561 5486 1922 5558 Tertulliano,
1950 5488 2067 5545 Lib.

496 5560 563 5613 de
592 5557 871 5613 resurrect.
921 5560 1120 5621 carnis,
1155 5574 1275 5629 cap.
1307 5559 1395 5626 12;
1427 5575 1457 5612 a
1507 5560 1566 5614 S.
1624 5557 1968 5629 Epiphanio,
2016 5560 2069 5614 in

498 5632 803 5691 Ancorato;
834 5630 901 5683 ab
929 5630 1190 5698 Origene.
1219 5630 1313 5684 lib.
1348 5646 1403 5683 tv
1449 5640 1633 5684 contra
1666 5629 1900 5694 Celsum;
1947 5646 1978 5684 a
2009 5629 2067 5686 S.

499 5700 703 5770 Cyrillo
737 5700 1010 5770 cateehes.
1048 5701 1134 5763 i8,
1167 5709 1522 5764 memoratur,
1557 5701 1692 5755 adeo
1723 5711 1779 5770 ut
1809 5702 1924 5755 hac
1953 5705 2071 5770 opi-

505 5769 596 5824 nio
617 5769 927 5826 communis
948 5779 1113 5832 esset,
1142 5778 1305 5838 atque
1334 5772 1482 5824 nulla
1506 5769 1890 5840 disquisitione
1910 5769 2070 5825 insti-

503 5848 621 5899 tuta
649 5856 717 5898 ex
739 5840 1097 5911 quorumdam
1130 5848 1339 5893 tantum
1362 5855 1543 5895 rerum
1577 5842 1903 5899 naturalium
1941 5858 2070 5914 gen-

2164 4626 2378 4689 poribus
2398 4625 2482 4681 de
2504 4626 2759 4694 episcopis
2787 4633 2835 4679 et
2870 4624 3110 4679 diaconis
3165 4624 3221 4679 in
3251 4621 3530 4694 Scriptura
3587 4639 3740 4677 men-

2167 4868 2345 4938 tilium
2365 4867 2699 4938 scriptorum
2723 4863 2837 4938 ﬁde
2851 4874 3092 4938 recepta.
3111 4864 3249 4938 Quia
3269 4879 3402 4938 vero
3424 4864 3609 4920 Graeca
3635 4884 3739 4925 vox

2167 4936 2363 5010 φοῖνιξ,
2385 4946 2444 4994 ut
2468 4934 2778 5010 observavit
2801 4934 3128 5010 Cotelerius,
3169 4935 3437 5010 Latine_et
3458 4938 3743 5010 unigenam

2168 5004 2335 5073 avem,
2354 5017 2407 5064 et
2426 5010 2661 5079 palmam
2687 5007 2979 5079 signiﬁcat,
3000 5006 3340 5079 locossacrte
3363 5004 3659 5079 scriptura:
3686 5012 3742 5065 in

2167 5080 2370 5151 quibus
2410 5076 2587 5149 φοῖνιξ
2622 5078 2810 5151 Graece
2834 5076 2907 5151 de
2929 5077 3111 5151 palma
3139 5076 3372 5141 dicitur,
3403 5076 3471 5132 de
3492 5076 3625 5133 alite
3655 5081 3757 5134 in-'

2088 5194 2092 5197 .
2168 5148 2557 5222 (erpretantes,
2587 5150 2732 5219 quod
2758 5149 2827 5222 de
2854 5148 3242 5222 phmniceAave
3263 5157 3549 5222 narratur,
3573 5152 3740 5205 etiam

2172 5218 2583 5291 Scripturarum
2606 5218 2942 5275 auctoritate
2966 5219 3073 5289 niti
3104 5218 3266 5273 facile
3291 5219 3399 5275 sibi
3448 5236 3742 5291 persuase-

2139 5312 2142 5319 ’
2170 5289 2500 5347 runt—sancti
2532 5289 2742 5345 Patres.

2242 5362 2355 5434 (12)
2381 5361 2609 5434 Sanctus
2624 5359 3152 5434 Clemens,templum
3167 5358 3739 5434 Hierosolymitanum,

2170 5430 2285 5486 cum
2310 5430 2590 5502 epistolam
2614 5433 2773 5486 istam
2796 5430 3065 5502 scriberet,
3084 5430 3258 5484 adhuc
3287 5430 3545 5501 superstes
3576 5433 3742 5502 fuisse

2170 5504 2474 5572 signiﬁcare
2509 5501 2748 5566 videtur;
2781 5503 2902 5556 licet
2933 5501 2987 5553 id
3009 5504 3305 5556 necessario
3348 5518 3413 5557 ea:
3436 5504 3548 5572 ejus
3572 5501 3740 5557 verbis

2172 5590 2276 5626 non
2324 5582 2693 5642 consequatur,
2741 5589 2861 5625 eum
2892 5582 3003 5625 tota
3037 5573 3150 5640 ejus
3193 5576 3366 5628 oratio
3414 5575 3741 5642 comparatio

2172 5652 2379 5697 tantum
2400 5641 2497 5698 sit.
2546 5641 2787 5695 Solemus
2819 5653 2996 5695 autem
3027 5644 3081 5696 in
3134 5641 3617 5713 comparationibus
3656 5660 3741 5699 res

2169 5714 2465 5787 prseteritos
2525 5721 2777 5787 tanquam
2828 5724 3110 5787 prementes
3169 5730 3471 5787 proponere.
3516 5713 3737 5787 Fleury,

2176 5784 2317 5839 llist.
2342 5783 2491 5851 eccl.,
2521 5780 2654 5837 tom.
2686 5780 2728 5847 ι,
2760 5780 3022 5841 ἰηὩιθω.
3056 5786 3151 5840 lib.
3170 5780 3241 5852 ἰι,
3268 5780 3307 5855 ’5
3337 5785 3423 5840 35.
