4074 6286
277 394 366 452 ιιι

1452 420 1455 423 -
1510 391 1847 449 ΡιιοοΕΜιΑ
1885 389 2267 449 VARIORUM.

3402 399 3498 449 142

279 512 469 565 tionem
523 509 725 578 factum
745 509 928 580 fuisse.
963 508 1087 563 Mox
1112 508 1483 566 contentiones
1512 509 1581 564 ob
1610 507 1842 574 Aaronls
1871 510 1915 565 Α
1943 505 2000 559 in
2045 505 2170 559 ovili
2212 504 2411 561 Christi
2454 525 2642 577 paruos
2689 520 2737 565 et
2781 510 3025 579 probatos
3056 513 3309 579 inveniri,
3340 532 3495 584 quam

282 602 643 659 sacerdotium
672 602 874 674 Moysis
894 609 1054 657 aetate
1079 607 1296 657 exortas
1330 598 1612 665 describit,
1655 607 1709 653 et
1736 598 1841 654 Coi-

284 690 508 745 rinthios
528 688 737 758 injuste
766 689 1086 760 episcopatu
1133 689 1432 760 privavisse
1460 704 1576 754 eos,
1628 688 1722 760 qui
1774 689 1842 744 ab

284 782 651 853 apostolorum
699 782 1117 839 successoribus
1179 781 1463 838 constituti
1503 780 1738 844 fuerant,
1789 789 1843 835 et

282 885 499 926 munere
557 885 664 927 suo
716 872 994 943 inculpate
1043 879 1099 927 et
1140 872 1398 943 praeclare
1454 870 1837 942 fungebantur.

282 960 519 1018 Saltim
538 971 795 1022 vestrum.
818 963 1018 1033 inquit,
1041 964 1235 1020 multos
1268 964 1532 1035 pervertit;
1562 963 1756 1017 multos
1788 964 1843 1017 in

280 1054 441 1108 animi
467 1052 834 1122 dejectionem,
872 1055 1067 1109 multos
1116 1055 1172 1110 in
1225 1056 1631 1121 vacillationem,
1664 1072 1841 1110 omnes

281 1164 366 1203 nos
389 1147 444 1201 in
463 1148 741 1202 tristitiam
755 1147 996 1217 conjecit.
1025 1147 1223 1218 Turpia
1249 1158 1395 1213 sunt,
1411 1148 1611 1214 dilecti,
1629 1157 1679 1203 et
1694 1148 1845 1205 valde

281 1239 474 1307 turpia,
501 1247 551 1293 et
582 1236 893 1294 Christiana
931 1240 1321 1295 conversatione
1359 1240 1595 1311 indigna,
1644 1240 1840 1306 audiri,

280 1330 643 1401 ﬁrmissimam
707 1339 760 1384 et
808 1330 1081 1401 antiquam
1120 1329 1511 1385 Corinthiorum
1552 1330 1843 1386 Ecclesium

281 1432 490 1492 propter
517 1438 680 1475 unum
709 1430 802 1476 aut
819 1422 1046 1476 alterum
1068 1421 1329 1478 hominem
1356 1433 1542 1479 contra
1578 1424 1841 1496 presbyte-

281 1530 361 1570 ros
390 1514 700 1570 seditionem
723 1530 944 1571 movere.
979 1515 1149 1585 Atque
1200 1515 1246 1571 is
1286 1532 1466 1570 rumor
1493 1533 1596 1571 non
1639 1524 1844 1573 tantum

281 1608 342 1663 ad
380 1625 481 1663 nos
499 1609 751 1676 pervenit;
781 1607 873 1663 sed
895 1608 965 1663 ad
990 1625 1314 1680 easquoque,
1338 1608 1482 1680 quia
1503 1609 1651 1666 nobis
1685 1612 1846 1668 alieni

283 1709 402 1755 sunt
431 1701 609 1755 animo
639 1709 689 1755 et
716 1702 1007 1767 sententia;
1036 1701 1166 1758 adeo
1198 1711 1255 1755 ut
1277 1711 1490 1772 propter
1517 1711 1742 1758 vestram
1762 1704 1845 1759 in—

283 1794 601 1863 sipientiam,
626 1796 787 1849 etiam
819 1795 1155 1865 blasphemia:
1172 1803 1225 1849 et
1252 1795 1486 1850 convicia
1509 1798 1709 1852 nomini
1734 1798 1836 1852 Do-

1942 597 2111 651 altum
2138 599 2395 667 sapientes
2424 617 2452 653 e
2482 616 2567 669 spe
2594 602 2741 656 illius
2770 604 2910 672 ejici.
2938 603 3155 656 Clamlit
3176 604 3454 671 epistolam
3476 638 3523 673 ,-

1941 686 2111 743 Deum
2140 702 2338 753 orans,
2372 698 2430 743 ut
2459 706 2553 761 per
2581 690 2643 745 D.
2678 691 2741 746 N.
2778 691 2827 747 J.
2859 692 3139 747 Christum
3174 693 3282 749 illis
3311 693 3400 750 det
3436 695 3500 750 li—

1940 781 2061 838 dem
2084 821 2099 847 ,
2146 780 2398 839 timorem
2421 824 2437 849 ,
2486 799 2673 855 pacem
2698 825 2712 845 ,
2758 786 3075 854 patientiam
3099 825 3113 850 ,
3165 793 3500 858 caeterasque

1944 874 2173 930 virtutes
2195 914 2212 941 ,
2244 875 2487 948 petitque
2517 885 2576 931 ut
2606 876 2898 932 Claudium
2921 918 2934 943 ,
2983 878 3261 948 Ephebum
3282 919 3297 943 ,
3342 878 3502 936 Vale-

1943 965 2083 1022 sium
2100 965 2540 1038 etFortunatum,
2554 971 2794 1040 epistolae
2816 970 2979 1039 hujus
3002 971 3332 1035 tabellarios,
3352 971 3500 1029 brevi

1943 1068 1998 1114 et
2025 1076 2150 1116 cum
2181 1061 2382 1133 gaudio
2412 1063 2725 1127 remittant,
2764 1070 2824 1117 ut
2862 1064 3025 1118 citius
3046 1104 3060 1127 ,
3097 1063 3308 1134 inquit,
3344 1073 3501 1135 Opta-

1942 1151 2107 1207 bilem
2144 1153 2410 1223 nobisque
2447 1152 2968 1210 desideratissimam
3023 1168 3210 1223 pacem
3261 1169 3329 1208 ac
3367 1170 3501 1209 con-

1943 1243 2183 1300 cordiam
2211 1244 2556 1301 annuntient.

2116 1397 2365 1469 Analysis
2402 1398 2641 1469 epistoqu
2669 1399 2913 1453 secunda:
2944 1399 3009 1453 D.
3044 1398 3326 1454 Clementis

2508 1468 2576 1521 ad
2606 1467 2927 1524 Corinthios.
3336 1480 3337 1483 ‘

2014 1601 2073 1657 In
2108 1602 2277 1658 altera
2299 1603 2368 1659 ad
2390 1603 2704 1662 Corinthios
2737 1606 2995 1677 epistola,
3022 1606 3125 1661 sibi
3149 1608 3497 1676 proposuisse

1944 1697 2160 1753 videtur
2196 1705 2422 1753 sanctus
2460 1697 2712 1756 Clemens
2733 1739 2747 1763 ,
2788 1707 2849 1754 ut
2883 1698 3199 1757 Corinthios
3234 1700 3301 1754 ad
3335 1700 3498 1754 vitam

1946 1794 2191 1860 ipsorum
2234 1791 2520 1847 vocatione
2563 1791 2781 1861 dignam
2821 1790 3122 1846 ducendam
3169 1792 3501 1847 hortaretur.

282 1886 403 1940 mini
435 1886 753 1955 inferantur.
784 1851 1105 1956 Aufer'amus
1131 1887 1294 1958 igitur
1313 1887 1551 1941 celeriter
1573 1886 1668 1942 hoc
1689 1905 1844 1943 scan-
1876 1851 1918 1908 Β
1941 1881 2126 1948 Quare
2156 1880 2261 1937 sub
2293 1883 2470 1953 ipsum
2500 1883 2713 1937 initium
2747 1883 2941 1948 docet,
2984 1898 3079 1939 eos
3122 1884 3190 1940 de
3234 1884 3462 1960 Christo
3484 1924 3499 1948 ,

277 1974 484 2042 datum,
518 1986 572 2031 et
617 1976 845 2031 Domino
870 1977 1178 2032 accidamus
1205 1986 1255 2031 et
1280 1976 1612 2048 plangamus,
1634 1989 1843 2035 orantes

279 2083 384 2121 estin
440 2075 526 2131 ut,
557 2067 817 2137 propitius
854 2068 1050 2137 factus,
1084 2069 1447 2124 reconcilietur
1491 2069 1640 2125 nobis
1690 2081 1845 2142 atque

282 2158 331 2212 in
349 2158 609 2213 decoram
629 2170 679 2214 et
700 2168 906 2215 castam
924 2160 1151 2231 fraterni
1171 2160 1369 2215 amoris
1399 2161 1537 2216 uiam
1564 2175 1658 2217 nos
1689 2160 1844 2216 redu-

280 2257 356 2301 cat
368 2258 423 2303 et
450 2250 723 2305 restituat.

341 2340 647 2397 Charitatis
670 2341 868 2399 deinde
896 2342 1087 2401 laudes
1107 2344 1471 2417 persequitur,
1497 2360 1618 2402 eam
1642 2344 1845 2417 Moysis

281 2430 339 2485 ad
366 2431 554 2485 instar
580 2433 978 2490 commendans
996 2474 1014 2499 ,
1042 2434 1135 2506 qui
1165 2447 1198 2491 e
1227 2435 1367 2491 libro
1395 2435 1521 2491 vitae
1547 2435 1717 2492 deleri
1748 2450 1846 2492 cu-

281 2520 455 2590 piebat
476 2560 495 2587 ,
528 2520 577 2577 si
607 2520 810 2593 populo
837 2537 937 2579 suo
963 2524 1177 2580 veniam
1200 2540 1313 2581 non
1337 2525 1716 2598 impetrasset;
1748 2528 1846 2583 do-

280 2621 467 2683 cetque
489 2652 508 2678 ,
558 2628 669 2683 qua
717 2614 932 2670 ratione
979 2614 1123 2671 inter
1169 2616 1321 2687 ipsos
1376 2618 1584 2674 servari
1630 2621 1843 2689 possit;

278 2705 473 2775 quibus
514 2705 803 2775 gentilium
848 2706 1095 2777 ipsorum
1138 2709 1444 2779 exemplum
1493 2709 1844 2780 superaddit,

277 2797 366 2868 qui
418 2798 494 2853 ob
545 2797 831 2868 publicam
874 2798 1160 2854 utilitatem
1201 2806 1431 2856 mortem
1483 2807 1648 2872 atque
1697 2802 1846 2859 exsi-

279 2888 404 2942 lium
427 2887 677 2944 subiere.
700 2886 981 2944 Fraternae
1001 2889 1163 2944 etiam
1187 2889 1540 2947 correctionis
1558 2890 1847 2948 utilitatem

278 2985 718 3047 commemorat,
750 2977 1087 3050 subditque:
1129 2979 1232 3034 Vos
1270 2995 1424 3051 ergo,
1454 2980 1545 3051 qui
1573 2980 1849 3036 seditionis

278 3070 625 3139 fundamenta
648 3071 896 3143 jecistis,
926 3071 1124 3127 subditi
1149 3081 1313 3127 estote
1348 3072 1666 3144 presbyteris
1704 3083 1754 3129 et
1792 3074 1849 3126 in

1943 1985 2203 2045 tanquam
2242 1975 2309 2032 de
2347 1974 2456 2030 Deo
2492 1976 2694 2032 sentire
2730 1991 2945 2046 aequum
2982 1991 3138 2040 esse,
3195 1984 3249 2031 et
3292 1986 3498 2046 quanta

1941 2066 2116 2124 eidem
2144 2067 2405 2134 debeant,
2434 2076 2598 2140 atque
2627 2083 2789 2138 quam
2819 2076 3003 2140 gratos
3042 2083 3102 2124 se
3133 2067 3210 2122 illi
3240 2069 3500 2124 exhibere

1941 2166 2228 2230 Oporteat,
2270 2160 2419 2230 quod
2459 2174 2555 2216 eos
2597 2160 2677 2232 ad
2717 2160 2989 2232 Evangelii
3036 2160 3209 2215 lucem
3250 2160 3500 2227 vocarit,

1943 2258 2157 2322 gratum
2205 2266 2334 2307 vero
2367 2251 2609 2311 animum
2655 2228 2765 2306 non
2816 2252 2986 2309 solam
3035 2252 3335 2307 divinitatis
3383 2254 3505 2321 ejus

1946 2340 2335 2413 professionem
2365 2343 2544 2413 palam
2575 2342 2786 2399 edendo
2816 2342 3033 2414 probari
3061 2342 3168 2408 ait,
3200 2342 3293 2397 sed
3322 2343 3504 2413 potius

1945 2444 2339 2506 praceptorum
2368 2434 2489 2505 ejus
2515 2435 2657 2490 viam
2690 2434 3063 2507 ingrediendo.
3114 2431 3311 2488 Subdit
3333 2472 3348 2497 ,
3396 2433 3500 2486 ho-

1946 2526 2113 2584 minis
2145 2527 2311 2582 vitam
2340 2528 2398 2583 in
2425 2528 2536 2583 duo
2566 2535 2840 2599 tempora,
2871 2528 2987 2584 sive
3017 2527 3217 2582 saecula
3260 2525 3402 2580 inter
3443 2541 3504 2581 se

1945 2618 2163 2674 diversa
2190 2617 2420 2674 divisam
2444 2634 2600 2687 esse,
2624 2634 2864 2690 praesens
2901 2634 3068 2673 unum
3088 2658 3103 2683 ,
3148 2616 3386 2671 futurum
3427 2616 3507 2669 al-

1946 2718 2156 2777 terum,
2204 2725 2327 2782 quae
2373 2711 2637 2783 quasdam
2685 2711 2851 2767 veluti
2902 2710 3217 2765 inimicitias
3272 2708 3503 2764 invicem

1946 2812 2237 2873 exercent;
2263 2804 2418 2875 prius
2463 2805 2669 2860 scelera
2717 2811 2881 2874 atque
2918 2802 3120 2873 ﬂagitia
3164 2801 3505 2872 praedicare;

1948 2897 2221 2967 posterius
2243 2896 2330 2952 his
2360 2896 2617 2952 omnibus
2644 2895 2897 2950 nuntium
2926 2894 3200 2949 remittere
3226 2911 3241 2961 ;
3266 2907 3505 2963 praesens

1949 2988 2207 3043 saeculum
2236 2988 2570 3059 put-nitentia;
2594 2987 2925 3045 destinatum
2947 3026 2962 3051 ,
2998 2995 3161 3056 atque
3196 2985 3293 3041 Dei
3327 2986 3421 3041 irae
3452 2993 3507 3039 et

1951 3079 2119 3136 futuri
2164 3080 2351 3138 saeculi
2400 3080 2682 3151 suppliciis
2737 3079 3055 3150 eilugiendis
3106 3086 3293 3151 aptum
3342 3095 3504 3147 esse,

276 3165 637 3234 paenitentiam
667 3166 1006 3236 corripimini
1027 3180 1047 3220 :
1077 3166 1263 3222 melius
1290 3166 1549 3239 siquidem
1589 3167 1731 3224 vobis
1768 3176 1847 3223 est
1871 3208 1916 3265 ϐ
1950 3172 2111 3243 cujus
2142 3172 2286 3230 diem
2314 3180 2476 3243 atque
2504 3181 2718 3244 tempus
2748 3172 2964 3244 penitus
2995 3172 3329 3243 ignoramus.

1720 3399 2064 3419 ————

1557 3548 1938 3638 CAPUT
2025 3550 2214 3637 III.

1099 3767 1160 3829 S.
1223 3765 1674 3829 CLEMENTIS
1706 3766 2025 3831 ROMANI
2054 3770 2320 3832 OPERA
2370 3770 2632 3833 DUBIA.

344 3936 726 4000 An'rrcnws
784 3952 1035 3999 UNICUS.
1067 3968 1143 3980 —
1175 3932 1347 4010 Quid
1382 3931 1457 3994 de
1491 3930 1733 3995 duabus
1792 3932 2129 3995 Clementis
2160 3932 2241 3995 ad
2270 3936 2548 4014 virgines
2591 3936 2879 4016 epistolis
2909 3938 2994 3997 sit
3016 3935 3424 4000 sentiendum.

330 4258 470 4328 Quis
496 4257 716 4326 primus
741 4254 840 4309 has
869 4250 1119 4323 epistolas
1146 4250 1415 4310 detexerit.
1437 4282 1507 4294 —-
1527 4252 1851 4324 Nuperrime

258 4367 311 4409 ν.
344 4352 420 4409 cl.
451 4349 719 4405 Joannes
754 4344 992 4400 Jacobus
1047 4341 1381 4400 Wetstenius
1421 4343 1684 4415 (1'5)duas
1712 4344 1848 4399 alias

260 4442 529 4514 produxit
562 4433 755 4496 sancti
786 4434 1083 4491 Clementis
1111 4432 1343 4488 Romani
1385 4435 1675 4504 epistolas,
1719 4434 1854 4488 bac-

258 4543 420 4591 tenus
468 4530 753 4589 omnibus
795 4527 1101 4598 incognitas
1120 4566 1136 4593 ,
1166 4540 1307 4597 quas
1332 4526 1480 4583 velut
1510 4527 1756 4583 sinceros
1783 4525 1849 4581 Ι).

257 4625 572 4682 Clementis
611 4622 762 4677 fetus
790 4618 1011 4692 agnovit
1039 4619 1111 4674 cl.
1158 4618 1357 4685 editor,
1404 4632 1468 4674 ac
1505 4634 1605 4690 pro
1645 4619 1853 4675 viribus

256 4716 433 4774 cidem
465 4728 744 4773 asserere
762 4719 849 4768 est
877 4726 1189 4783 aggressus.
1218 4709 1421 4766 Verum
1449 4710 1588 4766 duos
1615 4725 1725 4781 prae
1751 4725 1855 4765 cte-

257 4814 388 4866 tcris
416 4811 587 4866 viros
624 4806 777 4862 haud
808 4805 1111 4861 incelebres
1138 4810 1336 4860 nactus
1362 4810 1447 4860 est
1475 4804 1849 4860 adversarios:

258 4900 499 4958 alterum
558 4898 801 4972 quidem
860 4896 1248 4953 Natbanaelem
1302 4895 1643 4952 Lardnerum
1675 4937 1691 4961 ,
1754 4895 1851 4964 qui

256 5006 402 5047 anno
435 4992 595 5048 1753
625 4990 1071 5045 dissertationem
1112 4987 1182 5043 60
1214 4988 1535 5059 paginarum
1567 4984 1710 5040 in-8°
1740 4983 1852 5038 An-

258 5084 397 5158 glice
445 5083 709 5141 Londini
759 5081 969 5149 edidit;
1017 5079 1375 5151 pluribusque
1422 5078 1480 5135 in
1524 5078 1852 5134 contrariam

256 5178 606 5235 sententiam
647 5173 935 5239 adductis,
968 5171 1025 5226 in
1053 5186 1172 5227 eam
1201 5171 1423 5227 tandem
1466 5170 1853 5242 cogitationem

256 5269 484 5327 devenit
505 5311 523 5335 ,
560 5268 681 5322 has
712 5265 973 5319 nimirum
1001 5262 1259 5334 epistolas
1289 5262 1440 5318 circa
1466 5262 1706 5318 medium
1747 5275 1851 5315 sie-

253 5365 364 5420 culi
391 5362 554 5420 tertii
576 5360 660 5415 ab
681 5357 939 5428 episcopo
954 5353 1248 5412 Orientalis
1270 5354 1528 5411 Ecclesia:
1544 5353 1712 5410 fuisse
1732 5367 1855 5424 per-

320 5612 443 5686 (15)
482 5609 554 5686 in
595 5604 764 5661 Novo
797 5598 1361 5686 Testamento‘Graico
1382 5613 1506 5686 curn
1520 5596 1850 5686 lectionibus

253 5668 622 5741 rabiantibus
646 5717 668 5742 ,
699 5671 1093 5742 commentario
1119 5670 1361 5742 pleniore
1387 5668 1848 5742 “scriptoribus

254 5737 509 5812 lvi—ebriis
543 5790 561 5818 ,
608 5737 827 5802 Grecis
872 5750 929 5800 et
964 5737 1196 5805 Latinis,
1254 5738 1657 5796 Amstmlodami
1707 5737 1839 5792 1751

252 5827 419 5886 edito.

1957 4248 2194 4321 scriptas
2222 4249 2366 4321 (14);
2392 4247 2622 4303 alterum
2664 4261 2789 4301 vero
2823 4243 3190 4300 Hermannum
3238 4245 3474 4304 Venema
3496 4290 3511 4314 ,

1952 4341 2048 4412 qui
2078 4356 2223 4396 anno
2255 4341 2579 4411 insequente
2608 4338 2769 4404 1754,
2816 4336 3089 4408 Harlingat
3131 4338 3365 4410 vulgatis
3406 4341 3509 4396 tri-

1953 4433 2057 4489 bus
2085 4432 2337 4503 epistolis
2355 4470 2370 4497 ,
2401 4430 2538 4488 viris
2566 4429 2890 4486 clarissimis
2916 4428 3315 4503 Wesselingio,
3346 4432 3511 4490 Hem-

1956 4523 2253 4590 sterhusio,
2286 4530 2342 4579 et
2372 4521 2769 4592 Cannegietero
2800 4520 3116 4592 inscriptis,
3145 4524 3365 4581 easdem
3395 4527 3514 4597 epi-

1956 4614 2128 4672 stolas
2175 4612 2545 4669 Clementinas
2587 4610 2969 4682 supposititias
2996 4626 3119 4668 esse
3150 4614 3299 4669 omni
3333 4617 3514 4672 studio

1955 4711 2238 4768 contendit
2270 4711 2559 4777 evincere;
2594 4709 2650 4764 in
2681 4708 2750 4765 iis
2780 4708 2924 4764 enim
2957 4708 3099 4764 inter
3141 4710 3246 4764 alia
3286 4709 3349 4767 D.
3381 4709 3513 4767 Hie-

1955 4802 2166 4874 ronymi
2197 4801 2395 4872 stylum
2423 4799 2528 4856 sibi
2553 4799 2863 4855 suboluisse
2887 4798 3063 4853 innuit
3089 4798 3297 4871 (15).Et
3319 4818 3511 4872 quam-

1954 4894 2039 4949 vis
2064 4894 2132 4950 de
2161 4903 2382 4951 auctore
2409 4907 2474 4947 ac
2501 4902 2777 4963 tempore,
2818 4904 2928 4962 quo
2967 4892 3195 4957 vixerit,
3242 4893 3377 4946 nihil
3418 4892 3513 4948 de-

1953 4984 2145 5053 ﬁniat;
2184 5000 2308 5041 eum
2348 4993 2531 5040 tamen
2572 4984 2740 5041 fuisse
2771 4982 3133 5048 Orientalem,
3163 4998 3274 5039 non
3313 4983 3514 5038 Romae

1955 5092 2122 5142 num,
2161 5084 2215 5133 et
2251 5076 2482 5145 Origene
2520 5091 2735 5147 quoque
2773 5076 3125 5145 posteriorem
3164 5074 3344 5145 arguit
3375 5074 3510 5147 (16).

1959 5166 2191 5239 Utrique
2223 5171 2407 5224 statim
2438 5166 2722 5238 respondit
2762 5164 3098 5222 Wetstenius
3119 5204 3134 5229 ,
3167 5165 3509 5236 iterumque,

1955 5275 2094 5332 quas
2120 5259 2294 5316 edidit
2315 5259 2594 5330 epistolas,
2624 5257 2801 5328 magis
2818 5256 3097 5326 magisque
3113 5255 3377 5312 Clementi
3400 5257 3515 5313 Ro-

1954 5365 2116 5407 mano
2161 5349 2499 5406 vindicavit:
2549 5348 2825 5404 Lardnero
2854 5347 3071 5417 quidem
3112 5348 3167 5401 in
3208 5347 3390 5405 Diario
3417 5352 3513 5405 lit-

2024 5594 2136 5665 (14)
2175 5591 2538 5665 LardneruA
2584 5589 2925 5665 dissertati‘on
2962 5602 3121 5665 upo_u_
3141 5587 3224 5665 tlte
3257 5583 3510 5665 two__i_3pi-

1954 5652 2076 5721 εειὲε
2111 5652 2345 5719 ascribed
2371 5672 2422 5714 to
2444 5652 2686 5717 Clamant
2740 5659 2799 5727 of
2826 5652 3018 5727 Rome,
3054 5659 3143 5722 37,
3167 5658 3235 5712 54
3264 5666 3317 5712 et
3344 5652 3433 5712 57;

2026 5736 2137 5807 (15)
2177 5733 2413 5807 Yenema
2441 5772 2455 5794 ,
2487 5731 2647 5807 epist.
2668 5729 2749 5807 ,
2774 5726 2810 5799 ς
2835 5728 2926 5792 27,
2965 5726 2991 5796 §
3022 5728 3110 5781 89.

2026 5740 2117 5807 (15
2178 5740 2413 5788 Venema
2441 5772 2455 5794 ,
2487 5740 2647 5857 eiust.
2681 5740 2749 5791 2,
2783 5740 2926 5799 §27,
2965 5740 2991 5796 ς
3022 5740 3110 5781 δυ.

2025 5740 2137 5882 (ιδῖ
2177 5805 2353 5869 Idem,
2382 5817 2469 5872 cp.
2549 5842 2564 5869 ,
2600 5799 2628 5872 §
2663 5800 2728 5855 l6
2756 5807 2811 5855 et
2837 5814 3012 5867 seqq,.
3047 5812 3168 5869 pag.
3206 5796 3328 5850 1‘29.
