4074 6286
487 413 505 447 ιη
517 398 645 453 ’113

1654 396 1743 450 AD
1781 395 1839 450 S.
1875 391 2293 449 CLEMENTEM
2333 394 2353 449 l
2392 392 2624 449 PAPAM

3629 392 3729 449 Ml.

490 526 509 555 ιη
528 506 962 580 terat-loGallice
991 509 1255 582 inscripto
1287 509 1645 582 Bibliotbeque
1675 511 1944 565 raisonnée
1968 508 2079 581 (17)
2109 513 2157 572 Α
2183 511 2468 580 epistolam
2506 511 2736 582 primam
2766 509 2834 565 ad
2867 508 3179 568 Corinthios
3204 528 3220 576 ;
3244 494 3499 566 meminit
3537 517 3592 567 et
3641 526 3728 565 se.

498 600 781 658 'N’enemze
809 610 1024 667 autem.
1078 602 1308 672 epistola
1337 618 1403 658 eo
1433 603 1553 673 ipso
1597 616 1740 656 anno
1777 601 1915 656 1754
1953 600 2085 654 Am-
2180 599 2409 665 cundae,
2443 616 2604 672 quam
2636 607 2814 656 tamen
2848 616 2958 656 non
2999 600 3069 655 ab
3105 601 3360 657 omnibus
3395 600 3610 656 admitti
3645 601 3725 657 af-

519 691 1016 748 steelodamensibus
1044 692 1191 763 typis
1231 692 1552 762 consignata
1576 730 1591 756 ,
1635 706 1797 761 quam
1839 687 2083 761 epistolae
2181 687 2380 745 ﬁrmat.
2410 688 2664 745 Profecto
2693 706 2802 745 non
2832 691 3075 746 siluisset
3113 698 3167 746 et
3208 691 3454 761 geminas
3497 689 3724 755 alias,si

490 785 715 856 sprimae
743 782 1084 839 Venemianae
1127 784 1408 854 Opposuit.
1460 781 1760 839 Ulteriores
1811 781 2080 836 vindicias

520 890 628 945 pro
657 875 741 930 bis
766 874 1123 930 Clementinis
1153 876 1400 945 epistolis
1428 874 1643 931 demum
1672 890 1724 930 v.
1754 888 1804 929 c.
1833 872 2080 931 Andreas

491 964 842 1021 i-ﬁallandius
874 965 985 1037 (l8)
1016 967 1282 1023 exaravit.
1331 965 1532 1023 Verum
1575 966 1910 1039 argumentis
1954 979 2079 1019 cum

492 1057 842 1113 aintrinsecis
866 1066 977 1112 tum
1004 1058 1323 1115 extrinsecis
1342 1058 1397 1112 in
1420 1066 1704 1129 utramque
1734 1065 1939 1128 partem
1963 1060 2080 1114 sine

494 1182 515 1213 ιι
530 1149 846 1220 przejudicio
866 1153 1123 1221 expensis
1145 1167 1238 1207 eas
1261 1151 1489 1222 positive
1510 1150 1703 1206 dubias
1723 1164 1878 1220 esse;
1904 1166 2080 1221 neque

498 1241 733 1312 reliquid
764 1258 864 1312 pro
893 1244 976 1298 vel
1004 1252 1193 1298 contra
1225 1243 1555 1298 authentiam
1588 1242 1902 1299 earumdem
1929 1251 2078 1298 certe

497 1334 694 1389 iststui
724 1349 912 1404 posse,
945 1350 1068 1389 cum
1096 1351 1151 1390 v.
1181 1334 1251 1389 cl.
1282 1332 1402 1389 Joa.
1453 1333 1625 1389 Mansi
1658 1334 1769 1407 (19)
1802 1335 2074 1391 existimo.

558 1424 973 1495 .-Argumentum
1005 1441 1102 1495 pro
1130 1425 1398 1479 authentia
1422 1422 1669 1495 primum.
1697 1455 1767 1467 --
1785 1428 2080 1498 Argumen-

521 1524 642 1571 tum
691 1518 924 1587 primum
968 1532 1065 1587 pro
1115 1517 1395 1573 autltentia
1436 1517 1632 1572 harum
1676 1516 1739 1572 D.
1784 1517 2077 1576 Clementis

517 1608 877 1677 ,epistolarum
908 1616 1095 1678 petunt
1124 1608 1330 1680 praefati
1363 1617 1614 1664 auctores
1643 1622 1711 1665 ex
1748 1609 2077 1665 testimoniis

528 1707 842 1756 sanctorum
890 1696 1205 1770 Hieronymi
1239 1708 1293 1754 et
1329 1697 1655 1770 Epiphanii,
1693 1712 1926 1769 quorum
1964 1699 2077 1769 pri—

528 1808 651 1847 mus
686 1791 849 1861 hujus
884 1790 1181 1847 Clementis
1226 1790 1487 1861 epistolas
1518 1805 1550 1844 a
1590 1789 1859 1861 frequenti
1909 1789 2077 1861 virgi-

526 1883 711 1939 nitatis
734 1881 1197 1939 commendatione
1240 1882 1424 1937 laudat
1451 1881 1590 1954 (20),
1621 1883 1759 1939 alter
1797 1896 1927 1938 vero
1957 1883 2037 1936 ait
2056 1921 2070 1947 ,

526 1985 778 2030 a-sancto
823 1974 1103 2031 Clemente
1138 1973 1391 2031 laudibus
1436 1972 1617 2029 efferri
1659 1973 1864 2039 Eliam,
1916 1971 2076 2029 Davi-

526 2066 751 2122 dem-et
796 2064 1118 2121 Samsonem
1149 2064 1284 2137 (21).
1327 2063 1569 2135 Utraque
1609 2064 1725 2120 hac
1762 2065 1905 2119 sicut
1944 2079 2076 2119 nus-

528 2159 669 2230 piam
696 2159 767 2213 .-.in
809 2157 1020 2213 duabus
1065 2157 1321 2228 leguntur
1358 2157 1594 2229 vulgatis
1632 2155 1742 2210 divi
1782 2155 2075 2211 Clementis

527 2250 934 2307 ad’TCorinthios
963 2249 1245 2320 epistolis,
1296 2250 1372 2303 ita
1400 2248 1642 2305 vicissim
1686 2247 1972 2319 perspicue
2019 2248 2075 2301 in

526 2346 755 2407 utraque
784 2335 886 2391 hac
915 2343 1195 2407 apparent.

595 2426 892 2483 Secundum
923 2435 1308 2498 argumentum.
1336 2458 1405 2470 ——
1431 2420 1683 2483 Secundo
1714 2428 1947 2499 probant
1978 2443 2076 2483 au-

529 2518 788 2573 thentiam
820 2516 1284 2572 Clementinarum
1318 2533 1383 2571 ex
1414 2517 1793 2573 conformitate
1820 2520 1945 2590 styli
1979 2518 2076 2574 ba-

529 2625 651 2664 rum
676 2610 1027 2680 epistolarum
1059 2623 1183 2663 cum
1215 2608 1428 2665 duabus
1456 2609 1521 2663 ad
1544 2608 1860 2666 Corinthios
1890 2610 2071 2667 datis:

527 2700 819 2756 observant
842 2700 1047 2771 passim
1077 2698 1294 2754 easdem
1322 2702 1641 2764 sententias,
1667 2699 1911 2756 eamdem
1938 2700 2077 2756 scri-

527 2792 724 2857 bendi,
755 2792 1107 2862 exemplaque
1135 2792 1190 2847 in
1231 2792 1468 2848 medium
1511 2791 1843 2863 producendi
1883 2800 1938 2847 et
1983 2807 2074 2847 ra-

530 2882 827 2938 tiocinandi
860 2882 1193 2939 methodum.
1235 2883 1315 2938 Ad
1357 2884 1472 2938 haec
1511 2898 1691 2938 mores
1711 2898 1838 2940 vere
1863 2892 2077 2955 aposto-

529 2976 622 3031 lici
650 2974 1055 3046 ,-simplicitas,
1087 2974 1378 3039 modestia,
1413 2974 1729 3045 frugalitas,
1770 2974 2075 3046 benignitas

526 3067 716 3121 eadem
746 3064 973 3133 insunt,
997 3072 1129 3133 etc.;
1159 3080 1266 3121 uno
1288 3066 1475 3130 verbo.
1504 3075 1793 3136 utrumque
1820 3066 2076 3137 epistola-

516 3174 777 3229 .rum-psr
820 3160 996 3215 vivam
1041 3159 1336 3217 Clementis
1380 3161 1671 3232 imaginem
1725 3159 1966 3228 referre,
2011 3174 2075 3216 ac

530 3257 740 3305 tantum
767 3265 876 3305 non
907 3252 1113 3322 spirare
1135 3248 1487 3308 arbitrantur.
1516 3251 1739 3308 Demum
1764 3252 1819 3307 in
1848 3262 2075 3322 utraque

531 3340 631 3394 hac
678 3342 905 3412 epistola
952 3342 1087 3397 nihil
1138 3358 1429 3399 occurrere
1478 3346 1785 3415 oppositum
1828 3343 2074 3398 moribus

531 3432 787 3490 Ecclesiae
829 3433 1149 3491 Christianae
1183 3436 1382 3506 prioris
1425 3437 1642 3502 saeculi,
1674 3452 1783 3507 quo
1824 3435 2073 3493 Clemens

523 3524 712 3579 ﬂoruit
732 3564 749 3589 ,
800 3521 1140 3582 Wetstenius
1162 3568 1176 3589 .
1207 3528 1406 3598 aliique
1434 3529 1759 3598 persuadere
1784 3536 2071 3585 conantur.

601 3618 917 3687 Argumenta
946 3629 1130 3674 contra
1160 3619 1506 3676 authentiam.
1528 3618 1681 3673 —At
1710 3634 1840 3674 vero
1869 3620 2074 3674 criticis

520 3710 919 3765 smorosiuribus
962 3711 1191 3765 arduum
1243 3712 1459 3767 videtur
1509 3710 1837 3778 admittere,
1888 3719 1942 3766 et
1976 3726 2074 3781 pro

524 3799 761 3853 sinceris
791 3808 1083 3869 agnoscere
1111 3800 1371 3870 epistolas
1402 3808 1513 3855 tota
1542 3801 1701 3872 plane
1730 3800 2073 3871 antiquitate,

520 3898 583 3945 et
624 3888 691 3944 ad
737 3889 841 3945 hoc
889 3906 1061 3961 usque
1105 3892 1363 3947 saeculum
1410 3893 1643 3963 ignotas.
1690 3890 1875 3964 Neque
1920 3892 2077 3948 facile

521 3981 867 4045 concedunt,
901 3979 1084 4035 divum
1114 3981 1498 4054 Hieronymum
1527 3998 1832 4039 sermonem
1868 3983 1935 4038 de
1966 3983 2076 4040 illis

526 4072 786 4129 habuisse
834 4074 888 4127 in
939 4071 1242 4143 fragmento
1280 4088 1311 4127 a
1368 4071 1667 4134 Wetstenio
1716 4074 1945 4145 ejusque
1986 4091 2075 4130 se-

506 4164 830 4220 ctatoribus
862 4165 1159 4235 producto,
1209 4165 1353 4235 quod
1392 4164 1496 4230 hoc
1540 4174 1858 4237 argumento
1900 4164 2075 4223 evinci

530 4270 690 4325 posse
717 4256 1048 4311 existimant.
1093 4253 1449 4328 Hieronymus
1477 4258 1532 4312 in
1564 4258 1810 4327 catalogo
1842 4256 1918 4313 De
1952 4258 2076 4311 viris

528 4345 820 4401 illustribus
848 4345 1181 4403 Clementem
1211 4362 1321 4403 non
1349 4348 1573 4421 negligit
1592 4387 1608 4415 ,
1637 4348 1932 4420 laudatque
1955 4348 2076 4419 ejus

600 4523 713 4598 tl?)
752 4521 907 4598 ’ἱρῐηο
941 4522 1002 4598 ἒς.
1034 4533 1185 4598 pane
1214 4541 1287 4589 II.
1320 4535 1424 4598 art:
1452 4527 1520 4588 8.
1553 4543 1674 4598 pas-
1709 4525 1831 4582 563-

603 4593 713 4661 (18)
770 4592 907 4646 Bibl.
946 4592 1055 4647 Vet.
1085 4594 1196 4651 PP.
1244 4604 1373 4651 tom.
1413 4597 1465 4664 l,
1498 4592 1902 4668 in'prolegom.,
1949 4613 2071 4670 pag.

530 4663 600 4717 20
629 4672 681 4716 et
711 4679 860 4731 seqq.
1582 4663 1597 4668 ’

605 4731 715 4874 (19)
753 4732 908 4815 Tom.
939 4732 957 4785 1
988 4733 1340 4817 Conc.’l.._col.
1367 4737 1466 4791 1M
1496 4746 1548 4791 et
1576 4752 1727 4820 seqq.

605 4802 695 4862 (20
764 4802 829 4874 lli
871 4813 990 4855 sunt
1019 4806 1256 4874 eunuchi,
1287 4823 1414 4874 quos
1439 4816 1686 4874 castravit
1718 4824 1727 4859 ι

605 4802 715 4874 (20)
763 4802 831 4875 lli
871 4813 990 4855 sunt
1019 4806 1256 4875 eunuchi,
1287 4823 1414 4875 quos
1439 4802 1703 4874 castravit
1718 4824 1819 4860 non
1851 4809 2076 4862 necessi-

534 4882 613 4925 tas
632 4865 773 4945 1ρὲεά
802 4875 1039 4926 voluntas
1071 4865 1277 4942 pr'opter
1299 4865 1515 4945 regnum
1556 4878 1821 4930 caelorum.
1858 4878 1941 4929 Ad
1982 4878 2074 4932 hos

538 4952 587 4995 et
618 4940 855 4996 Clemens
894 4940 1158 4997 successor
1201 4940 1424 5015 apostoli
1459 4946 1637 5007 Petri,
1678 4946 1827 5015 cujus
1874 4946 2074 5002 Paulus

535 5016 801 5079 apostolus
829 5015 1059 5067 meminit
1080 5053 1101 5086 ._
1120 5014 1295 5067 scribit
1316 5016 1584 5082 epistolas.
1617 5014 1919 5081 omnemque
1951 5034 2075 5086 pene

534 5099 821 5136 sermonem
866 5101 1015 5137 suum
1068 5084 1130 5136 de
1159 5086 1474 5155 virginitatis
1515 5096 1742 5154 puritate
1785 5084 2068 5144 conteiuit.

536 5152 592 5206 ὃ.
628 5151 871 5209 Hieron..
909 5155 998 5208 lib.
1037 5168 1051 5205 ι
1081 5164 1260 5207 contra
1288 5154 1642 5209 Iovinianum.

581 5194 592 5206 ο
1538 5194 1870 5297 omnes)
1906 5229 2073 5285 modis

533 5295 797 5365 redarguit
825 5295 892 5345 iis
919 5295 1146 5365 epistolis
1177 5296 1541 5361 circularibus,
1565 5295 1687 5365 qua:
1717 5297 1770 5349 in
1797 5295 2074 5351 sacrosan-

532 5363 631 5438 ftis
649 5361 1199 5438 Ecclesiis_legtttt_t_ur.'
1220 5381 1292 5438 ea;
1327 5365 1516 5438 quibus
1546 5361 1780 5438 constat,
1823 5367 1968 5438 longe
2006 5369 2072 5421 ab

532 5431 598 5483 iis
618 5471 632 5493 ,
662 5449 775 5501 qute
796 5434 851 5485 in
869 5429 1181 5487 Circuitibus
1210 5436 1317 5489 illis
1338 5429 1539 5505 (Petri)
1579 5435 1674 5488 sub
1712 5437 1825 5504 ejus
1864 5429 2071 5492 nomine

532 5501 825 5555 adulterina
852 5514 1055 5557 exstant
1083 5546 1097 5557 .
1127 5506 1271 5557 illius
1304 5506 1454 5557 ﬁdem
1482 5524 1543 5557 ac
1570 5522 1852 5557 sermonem
1882 5508 2071 5557 abhor-

532 5506 825 5555 adulterina
852 5514 1055 5557 exstant
1083 5546 1097 5569 ,
1127 5506 1271 5558 illius
1301 5506 1454 5573 ﬁdem
1482 5524 1543 5559 ac
1570 5522 1852 5559 sermonem
1882 5508 2072 5561 abhor-

531 5570 957 5644 ruisseLEtenim
981 5575 1324 5643 uirginitatem
1359 5578 1465 5644 ipse
1494 5575 1776 5643 (Clemens)
1811 5577 1988 5643 docet,
2018 5588 2067 5632 et

530 5639 621 5713 isti
650 5640 666 5708 (
690 5639 977 5711 Ebionitw)
1016 5639 1286 5713 repudiarit
1313 5662 1331 5698 :
1356 5639 1444 5700 ille
1465 5639 1637 5700 Eliam
1658 5688 1672 5711 ,
1706 5639 1991 5707 Doridem,
2020 5658 2068 5699 et

532 5708 836 5785 Samsonem
865 5708 1145 5785 omnesque
1166 5716 1439 5783 prophetas
1468 5708 1829 5781 commendat;
1857 5734 1984 5785 quos
2014 5717 2068 5770 lii

530 5778 870 5837 detestantur.
900 5778 1270 5853 Epipli...b'ar.
1286 5786 1372 5852 30,
1400 5786 1425 5857 ᾗ
1451 5788 1534 5854 l5,
1564 5787 1699 5858 Opp.
1733 5796 1772 5840 t.
1805 5778 2062 5856 l,p.139.

2180 787 2370 835 nosset
2399 780 2531 851 (22).
2562 781 2681 846 Quo
2701 795 2832 850 ergo
2862 782 3127 852 spectavit
3170 780 3226 834 in
3272 781 3585 836 testimonio
3633 780 3722 835 illo

2177 882 2245 924 ex
2276 869 2416 925 libro
2458 880 2641 926 contra
2660 870 2997 926 Iovinianum
3032 872 3327 943 producto?
3356 872 3591 931 arbitror
3618 883 3726 941 pra

2177 959 2354 1017 oculis
2405 961 2662 1019 habuisse
2718 963 3004 1033 epistolam
3055 964 3123 1018 ad
3174 962 3488 1019 Corinthios
3530 977 3727 1019 secun-

2178 1051 2336 1118 dam,
2366 1052 2423 1107 in
2454 1068 2559 1123 qua
2603 1054 2741 1109 forte
2789 1054 2857 1108 de
2892 1054 3208 1125 virginitate
3250 1055 3514 1127 prolixior
3546 1067 3729 1110 sermo

2177 1140 2518 1209 habebatur;
2562 1159 2869 1214 quanquam
2894 1146 3039 1201 enim
3072 1146 3119 1201 is
3147 1147 3309 1201 modo
3342 1161 3451 1201 non
3492 1146 3722 1215 legatur.

2176 1250 2285 1290 non
2314 1243 2399 1291 est
2428 1252 2527 1292 cur
2564 1238 2837 1309 quiSpiam
2883 1240 3151 1305 miretur;
3182 1253 3357 1308 neque
3402 1238 3547 1293 enim
3587 1237 3727 1293 intee

2174 1343 2270 1400 gra
2311 1328 2379 1383 ad
2424 1343 2524 1384 nos
2563 1330 2842 1401 pervenit,
2884 1337 2943 1384 ut
2976 1330 3207 1385 eruditis
3244 1329 3498 1385 omnibus
3534 1329 3726 1399 explo-

2175 1430 2350 1476 ratum
2384 1430 2485 1477 est.
2512 1420 2880 1476 Nec‘multum
2909 1420 3199 1492 Epiphanii
3228 1422 3598 1477 testimonium
3623 1434 3727 1475 nos

2174 1513 2375 1567 morari
2423 1512 2620 1579 debet;
2667 1513 2938 1584 siquidem
2978 1514 3111 1568 illud
3154 1514 3470 1584 expeditum
3523 1520 3607 1568 est
3656 1527 3723 1568 ex

2173 1602 2419 1672 epistolis
2438 1600 2754 1669 Clementis,
2777 1618 2898 1674 quae
2912 1610 3041 1660 tunc
3061 1605 3363 1676 legebantur
3380 1605 3435 1658 in
3452 1603 3727 1661 Ecclesiis.

2174 1692 2425 1751 Profecto
2452 1712 2519 1752 ex
2549 1697 2861 1753 testimonio
2889 1699 3063 1754 sancti
3093 1698 3407 1770 Hieronymi
3439 1698 3724 1764 discimus,
3764 1724 3767 1728 ⁴

2176 1785 2354 1841 nullas
2376 1786 2510 1843 alias
2535 1785 2831 1844 Clementis
2861 1789 3122 1860 epistolas
3149 1797 3308 1846 aetate
3334 1790 3425 1847 illa
3458 1791 3514 1845 in
3543 1790 3733 1845 Eccle-

2175 1875 2256 1931 sia
2294 1877 2395 1947 legi
2431 1880 2784 1938 consuevisse
2807 1922 2822 1948 ,
2862 1881 2969 1936 nisi
3017 1881 3085 1936 ad
3118 1881 3434 1938 Corinthios
3462 1882 3724 1955 geminas.
3762 1899 3766 1908 ·

2173 1966 2397 2022 Accedit
2423 1970 2589 2038 quod,
2612 1971 2935 2027 observante
2946 1987 3000 2028 v.
3024 1973 3097 2029 cl.
3126 1971 3405 2029 Lardnero
3434 1972 3568 2046 (23),
3593 1987 3728 2027 neu-
3768 1998 3771 2001 ν

2174 2064 2259 2113 tra
2289 2058 2766 2119 Corinthiacarum
2798 2065 3028 2136 epistola
3060 2066 3270 2137 integra
3302 2064 3371 2120 ad
3402 2082 3503 2121 nos
3537 2081 3729 2136 perve-

2176 2148 2351 2216 nerit,
2382 2159 2545 2222 atque
2574 2152 2701 2209 inde
2724 2153 2898 2211 facile
2937 2155 3056 2211 fieri
3092 2156 3306 2227 potuit,
3348 2163 3408 2211 ut
3449 2155 3732 2212 Samsonis

2174 2241 2377 2296 mentio
2404 2242 2546 2297 inter
2585 2258 2683 2311 ea,
2724 2260 2846 2316 quae
2886 2244 2944 2300 in
2976 2246 3168 2302 iisdem
3209 2245 3458 2317 epistolis
3496 2246 3717 2313 desunt,

2174 2332 2409 2388 maxime
2434 2348 2564 2389 vero
2589 2335 2645 2389 in
2665 2336 2923 2403 secunda,
2952 2342 3271 2393 occurrerit.

2242 2419 2325 2473 An
2341 2421 2471 2476 nihil
2495 2423 2724 2478 moribus
2740 2426 2897 2492 primi
2909 2426 3087 2481 swculi
3098 2426 3422 2480 contrarium
3445 2438 3687 2480 occurrat
3702 2424 3732 2482 2
3762 2436 3765 2437 ⁷

2170 2510 2401 2577 —Quod
2427 2529 2554 2570 vero
2574 2516 2649 2570 ait
2691 2512 3047 2582 Wetstenius,
3077 2519 3207 2573 nihil
3225 2520 3279 2573 in
3299 2528 3528 2590 utraque
3548 2521 3728 2575 littera

2174 2602 2277 2657 hac
2329 2618 2619 2663 occurrere
2651 2623 2682 2662 a
2712 2610 2958 2667 moribus
2999 2612 3175 2666 aetatis
3218 2612 3366 2667 illius
3400 2613 3723 2678 abhorrens,

2175 2692 2347 2764 usque
2372 2696 2511 2753 adeo
2545 2714 2732 2755 verum
2763 2700 2907 2757 haud
2956 2702 3168 2771 iudicat
3212 2703 3617 2760 illustrissimus
3659 2702 3723 2756 D.

2173 2787 2347 2847 Μειηεὶ
2386 2790 2539 2866 (24);
2569 2809 2637 2850 ex
2668 2810 2856 2851 earum
2878 2796 3018 2852 enim
3051 2797 3283 2853 lectione
3308 2797 3729 2868 deprehendisse

2174 2883 2281 2939 sibi
2322 2885 2475 2941 visus
2533 2894 2637 2952 est,
2696 2888 2882 2944 nescio
2904 2904 3024 2960 qua:
3068 2879 3294 2962 vestigia
3338 2890 3726 2955 'monachatus,
3762 2913 3769 2923 ·

2173 2989 2369 3046 nempe
2395 2984 2569 3033 cretus
2595 2966 2871 3033 hominum
2893 3018 2909 3045 ,
2941 2980 3035 3050 qui
3066 2997 3277 3037 morum
3310 2981 3725 3038 sanctimoniam
3758 2996 3761 2999 ‘

2175 3066 2505 3136 singularem
2540 3069 2835 3141 elegerint,
2868 3073 3013 3142 quod
3043 3073 3374 3144 permaxime
3406 3075 3581 3130 elucet
3618 3074 3729 3129 illis

2174 3161 2387 3216 verbis:
2416 3181 2435 3214 ι
2459 3159 2517 3215 ld
2549 3164 2693 3233 quod
2722 3180 2830 3220 non
2863 3165 3018 3221 decet
3046 3166 3251 3232 fideles,
3283 3167 3407 3223 illos
3434 3171 3723 3240 praecipue,

2174 3251 2267 3322 qui
2290 3252 2570 3320 elegerunt
2599 3253 2965 3308 sanctitatem.
3000 3272 3019 3305 ›
3067 3253 3455 3309 Munacborum
3485 3263 3663 3310 autem
3694 3269 3727 3309 a

2172 3344 2449 3400 consortio
2475 3343 2714 3399 fidelium
2749 3360 2999 3402 secessus
3027 3348 3296 3401 recentior
3331 3353 3436 3408 est,
3469 3361 3630 3416 quam
3670 3354 3728 3400 ut

2173 3446 2298 3486 cum
2339 3440 2497 3489 aetate
2543 3432 2836 3491 Clementis
2878 3437 3128 3508 componi
3168 3438 3341 3507 possit
3380 3435 3513 3507 (25).
3554 3437 3730 3491 Caete-

2173 3537 2294 3579 rum
2338 3525 2462 3596 styli
2495 3525 2817 3592 similitudo,
2868 3528 3257 3582 sententiarum
3295 3527 3576 3597 aequalitas
3615 3542 3727 3581 non

2174 3629 2387 3685 semper
2416 3618 2663 3673 eumdem
2695 3619 2890 3688 probat
2927 3619 3109 3690 operis
3148 3626 3443 3674 auctorem.
3483 3616 3726 3671 Tandem

2173 3707 2262 3761 vix
2304 3708 2583 3777 probabile
2624 3716 2729 3777 est,
2769 3708 3101 3767 Clementem
3154 3709 3458 3766 Romanum
3505 3706 3728 3780 Syriace

2174 3798 2483 3867 scripsisse.

2239 3888 2380 3946 Aliis
2408 3891 2632 3963 insuper
2666 3894 3001 3964 argumentis
3034 3892 3313 3949 Semlerus
3342 3894 3443 3950 has
3466 3893 3727 3964 epistolas

2174 3990 2469 4053 oppugnat,
2503 3982 2596 4039 sed
2625 4000 2745 4054 quae
2795 3986 2927 4039 mihi
2976 3986 3289 4056 praejudicia
3329 3987 3531 4056 potius,
3561 4000 3725 4055 quam

2174 4072 2414 4129 rationes
2442 4088 2561 4129 esse
2581 4074 2849 4131 videntur.
2871 4073 3022 4130 Talia
3052 4083 3201 4130 certe
3226 4082 3373 4139 sunt,
3402 4073 3544 4147 quod
3572 4074 3729 4144 lgna-

2174 4162 2285 4218 tius
2318 4163 2432 4237 (26)
2484 4165 2747 4222 Clementi
2791 4168 3137 4239 pudicitiam,
3192 4182 3300 4222 non
3340 4168 3725 4239 virginitatem,

2173 4258 2458 4322 concedat,
2483 4266 2536 4314 et
2565 4259 2707 4329 quod
2729 4261 2974 4315 doctrina
3008 4259 3074 4316 de
3099 4259 3368 4331 fugiendis
3395 4260 3726 4325 omnimode,

2162 4351 2337 4406 etiam
2364 4350 2543 4422 quoad
2570 4352 2767 4418 locum,
2792 4351 3132 4418 mulieribus,
3170 4367 3278 4406 non
3308 4353 3482 4422 sapiat
3507 4352 3728 4423 genium

2248 4526 2359 4601 (22)
2396 4525 2464 4580 At
2485 4540 2628 4604 pace
2655 4524 3086 4604 adversariorum
3119 4524 3345 4580 dixerim
3367 4567 3381 4591 ,
3417 4527 3731 4604 hocat-gn-

2176 4598 2414 4653 mentum
2444 4598 2668 4651 nimium
2700 4599 2961 4665 probare,
2990 4605 3387 4661 consequenter
3415 4598 3549 4653 nihil
3594 4598 3729 4661 inde

2172 4669 2369 4738 evinci.
2395 4666 2632 4722 Plurima
2653 4667 3054 4738 enim_veteru_m
3084 4668 3404 4738 scriptorum
3435 4685 3597 4738 opera
3627 4675 3732 4731 abs

2176 4737 2238 4793 Ι).
2269 4737 2614 4810 Hieronymo
2668 4737 2721 4789 in
2786 4734 2941 4810 Libro
2973 4736 3035 4810 de
3071 4734 3527 4810 virisjillustribus
3569 4743 3728 4810 prius

2173 4809 2375 4880 omissa
2406 4804 2606 4880 inaliis
2635 4816 2820 4880 postea
2853 4804 3319 4880 lucubrationibus
3343 4804 3727 4880 Hieronymia-

2174 4877 2262 4931 nis
2286 4877 2566 4947 enuntiata
2595 4875 2886 4947 observant
2910 4875 3012 4928 viri
3041 4877 3261 4947 eruditi.
3292 4876 3446 4947 Adde
3471 4875 3614 4947 quod
3649 4884 3718 4936 li-

2173 4947 2330 5001 brum
2376 4946 2453 5000 De
2475 4947 2599 4999 viris
2627 4944 2924 5000 illustribus
2955 4958 3097 4998 anno
3127 4946 3327 5001 Christi
3350 4945 3457 5002 392
3477 4944 3729 5008 absolve-

2173 5018 2276 5086 rit,
2308 5016 2648 5086 primumque
2676 5016 3042 5083 subsequente
3078 5032 3220 5070 anno
3252 5018 3416 5072 libros
3458 5020 3729 5078 adversus

2170 5084 2512 5139 Iovinianum
2562 5084 2861 5155 evulgarit,
2917 5086 3370 5153 quemadmodum
3427 5103 3493 5143 ex
3532 5093 3726 5147 eodem

2171 5164 2363 5212 sancto
2390 5157 2613 5211 doctore
2642 5164 2857 5210 constat
3752 5180 3757 5183 Α

2268 5226 2358 5301 2ᾷ)
2395 5227 2435 5301 Α
2470 5227 2738 5301 dissertat.
2763 5241 2900 5301 upon
2923 5227 3003 5282 the
3021 5236 3120 5301 two
3142 5225 3335 5301 Epist"
3365 5243 3490 5301 pag.
3517 5231 3606 5287 24.

2268 5229 2358 5292 23)
2397 5229 2435 5278 Α
2470 5229 2738 5280 dissertat.
2763 5241 2900 5294 upon
2923 5229 3003 5282 the
3021 5236 3115 5280 two
3142 5229 3298 5294 Epist.

2242 5229 2354 5367 (24)
2392 5294 2550 5367 Tom.
2584 5298 2604 5351 ι
2634 5295 3007 5363 ϐοηοίιὶοηηι,
3041 5298 3144 5351 col.
3178 5296 3298 5351 157.

2240 5364 2351 5435 ('25)
2390 5364 2574 5435 Neque
2624 5367 2737 5420 haec
2785 5369 2943 5423 crisis
2975 5377 3055 5422 sat
3092 5369 3243 5420 llrmo
3294 5368 3543 5422 innititur
3590 5367 3725 5426 talo.

2172 5436 2301 5503 Quis
2331 5438 2467 5490 enim
2497 5438 2724 5505 ignorat,
2743 5437 2860 5503 jam
2882 5456 2912 5491 a
2939 5449 3160 5507 tempore
3181 5439 3535 5506 apostolorum
3561 5441 3730 5493 exsti-

2172 5508 2293 5560 tisse
2317 5518 2538 5569 ascetas,
2560 5507 2655 5578 qui
2687 5508 2821 5561 inter
2839 5507 3163 5563 Christianos
3187 5509 3417 5563 strictius
3438 5507 3726 5578 quoddam,

2170 5594 2232 5629 ac
2270 5578 2491 5629 severius
2522 5572 2639 5630 vitm
2668 5594 2827 5648 genus
2855 5580 3082 5648 amplexi
3111 5582 3273 5634 sunt?
3304 5579 3433 5633 Vide
3450 5572 3730 5634 "Montfau-

2169 5648 2646 5719 coniutn,Adi_ssert.
2671 5647 2749 5700 De
2778 5647 3016 5719 Philonis
3050 5649 3407 5719 Therapeutis.

2240 5715 2350 5785 (26)
2392 5716 2451 5773 S.
2478 5715 2737 5786 lgnatius,
2770 5715 3010 5787 Epistula
3044 5721 3111 5774 ad
3144 5715 3479 5789 Pliiladeplt.,
3509 5735 3630 5793 cap.
3662 5720 3725 5779 4.
