4076 6280
327 340 432 398 M5

1527 340 1867 398 ΡηοωΜιΑ
1905 337 2281 397 VARIORUM.

3443 344 3546 399 “6

321 455 710 529 apostolicum,
735 454 830 510 sed
851 456 1232 511 monasticam.
1259 451 1494 509 Econtra
1551 453 1883 513 Wetstenius
1912 465 1956 520 Α
1983 455 2217 526 Paganis
2244 469 2397 510 sacra
2429 453 2721 526 praelegam
2753 463 2846 510 aut
2878 462 3171 526 exponant,
3211 458 3434 514 ludibrii
3464 462 3547 514 vi-

327 551 433 604 boc
462 549 632 618 ipsum
673 557 1054 617 argumentum
1101 563 1199 617 pro
1236 544 1529 602 astruenda
1572 549 1883 620 γνησιότητι

324 640 563 702 adhibet,
594 639 684 708 qui
711 638 852 692 hanc
870 639 1040 707 ipsam
1067 640 1408 695 severitatem
1433 641 1486 696 in
1517 656 1681 696 causa
1708 642 1879 709 ponit,

321 746 427 784 cur
445 729 761 800 refrigerato
805 730 1089 784 calibatus
1129 729 1328 792 studio,
1361 730 1712 800 immissaque
1743 730 1884 784 inter

319 823 551 877 clericos
577 837 797 892 quoque
838 822 1073 887 luxuria,
1105 821 1293 876 tandiu
1326 823 1574 895 epistola
1603 824 1710 878 illa
1748 823 1883 884 deli-

318 915 539 968 tuerint.

387 1004 575 1059 Amba
605 1004 687 1059 ba
719 1005 962 1075 epistola
1006 1009 1310 1075 argumenti
1356 1015 1484 1065 sunt
1517 1009 1739 1066 ascetici
1781 1023 1882 1064 nec

317 1097 572 1163 multum,
595 1099 743 1168 quod
775 1099 842 1154 ad
865 1098 1146 1166 doctrinm,
1170 1113 1262 1157 aut
1284 1101 1545 1168 historia,
1579 1110 1672 1158 aut
1711 1102 1879 1158 disci-

318 1187 479 1257 plina
537 1205 756 1260 quoque
805 1191 1191 1247 ecclesiastica
1244 1192 1510 1248 rationem
1567 1193 1880 1248 accuratius

318 1281 726 1351 percipiendam
787 1298 1114 1354 magnopere
1180 1283 1356 1351 facit,
1417 1286 1876 1356 complectuntur.

315 1371 502 1427 Prima
531 1376 772 1431 continet
801 1375 1010 1432 laudem
1041 1379 1332 1442 castitatis,
1359 1379 1570 1435 scilicet
1595 1377 1879 1449 virginita-

314 1465 412 1530 tis,
449 1480 743 1537 veramque
774 1467 1061 1534 rationem,
1094 1485 1218 1524 cum
1258 1471 1458 1526 virtute
1495 1471 1877 1541 conjunctam;

315 1557 486 1612 altera
513 1559 759 1614 eamdem
790 1561 1035 1631 pluribus
1065 1562 1299 1617 illustrat
1324 1563 1607 1632 exemplis,
1645 1561 1881 1626 maxime

317 1648 490 1719 ipsius
519 1651 784 1716 auctoris,
820 1653 1157 1723 aliorumque
1201 1653 1304 1724 ipsi
1337 1653 1618 1719 similium,
1646 1668 1878 1724 quorum

321 1739 442 1811 iuga
469 1748 523 1795 et
550 1740 879 1798 abstinentia
903 1758 934 1797 a
955 1743 1170 1800 feminis
1200 1760 1396 1816 magna
1418 1760 1548 1800 sane
1567 1754 1621 1801 et
1647 1744 1879 1802 sollicita

1989 548 2135 603 tandi
2168 563 2354 604 causa.

2056 637 2256 691 Earum
2289 639 2551 704 primitiva
2592 637 3100 708 (iugum—Venio
3147 641 3362 696 illarum
3409 644 3544 697 sim-

1985 730 2105 800 plex
2153 738 2236 785 est
2283 737 2336 785 et
2391 729 2591 794 fidelis,
2630 744 2805 798 neque
2837 738 3021 787 tamen
3055 731 3280 803 Syriaco
3302 732 3543 786 idiomati

1983 823 2056 878 ita
2096 824 2308 888 similis,
2345 831 2402 877 ut
2437 833 2529 878 aut
2569 825 2952 895 perspicuitas,
2983 831 3077 878 aut
3109 824 3305 895 lingua
3341 823 3546 882 Latina

1982 917 2192 987 puritas
2207 916 2414 972 laboret
2446 933 2459 969 :
2483 919 2628 988 quod
2648 927 2827 971 tamen
2851 919 3091 990 magisin
3106 917 3275 972 altera
3291 918 3540 988 epistola,

1982 1010 2256 1064 nescimus
2281 1025 2388 1079 quo
2409 1025 2561 1074 casu,
2590 1009 2814 1076 factum,
2840 1019 2898 1066 ut
2936 1013 3002 1065 ad
3025 1011 3251 1066 verbum
3282 1010 3546 1064 translata

1981 1103 2182 1167 omnia,
2210 1099 2572 1157 Schmidiana
2591 1101 2888 1158 Bibliorum
2905 1099 3142 1158 versioni
3164 1109 3348 1156 essent
3372 1100 3545 1156 simil-

1981 1193 2143 1260 lima;
2181 1193 2326 1263 quod
2365 1202 2542 1250 tamen
2573 1195 2778 1250 crebris
2811 1195 2916 1248 illis
2948 1193 3015 1248 ad
3049 1192 3349 1263 Scriptum
3372 1207 3543 1248 sacra

1981 1285 2100 1340 loca
2129 1285 2486 1344 allusionibus
2517 1289 2701 1342 datum
2745 1285 2978 1342 videtur.
3029 1284 3316 1353 Caeterum,
3359 1283 3547 1341 Graec

1981 1377 2215 1447 scriptas
2235 1377 2490 1446 primitus
2510 1379 2656 1449 quod
2690 1379 2949 1449 epistolas
2987 1386 3141 1449 putat
3188 1375 3541 1440 Wetstenius,

1979 1487 2009 1526 e
2038 1469 2241 1527 Gracis
2270 1471 2568 1536 vocabulis,
2607 1487 2729 1543 qua
2768 1471 2841 1525 ibi
2876 1472 3068 1526 crebra
3111 1471 3398 1541 leguntur;
3440 1469 3544 1524 La-

1980 1563 2091 1618 tine
2121 1563 2354 1633 scriptas
2391 1577 2490 1617 cur
2510 1564 2692 1620 dicere
2739 1580 2849 1619 non
2886 1564 3210 1635 possemus?
3239 1577 3362 1617 cum
3398 1561 3546 1616 Lati-

1979 1669 2111 1709 num
2132 1654 2458 1715 vocabulum
2481 1654 2672 1725 selige,
2696 1656 2954 1711 saculum
2986 1653 3144 1708 initio
3161 1653 3404 1722 epistola
3435 1654 3548 1722 pri-

1980 1760 2080 1799 ma
2109 1745 2499 1800 invenerimus.
2546 1743 2684 1799 Nam
2728 1745 3009 1815 complura
3039 1759 3070 1800 e
3101 1742 3287 1798 Graec
3311 1739 3364 1798 in
3404 1743 3547 1798 hanc

317 1832 662 1899 lescribitur,
695 1835 847 1890 nullo
869 1846 926 1891 ut
948 1837 1068 1892 loco
1089 1847 1369 1893 morentur
1391 1844 1484 1893 aut
1512 1839 1875 1903 diversentur,
1908 1820 1950 1876 Β
1979 1836 2218 1906 linguam
2235 1836 2542 1902 transiisse,
2574 1837 2660 1892 vel
2681 1852 2745 1893 ex
2763 1835 2913 1891 Novo
2933 1834 3280 1891 Testamento
3301 1843 3542 1905 apparet.

319 1924 403 1976 abi
433 1933 527 1982 aut
570 1925 708 1979 nulli
739 1925 864 1992 viri,
905 1935 999 1982 aut
1020 1925 1220 1983 femina
1249 1930 1410 1983 unica
1450 1931 1541 1994 sit,
1574 1945 1746 1999 eaque
1784 1930 1882 1984 ab-

319 2018 569 2073 stinentia
589 2019 982 2090 prophetarum
1004 2036 1155 2091 pane
1175 2024 1419 2077 omnium
1440 2024 1704 2092 exemplis
1723 2037 1878 2076 com-

315 2109 621 2171 mandatur.
671 2109 966 2168 Monentur
1001 2113 1198 2180 etiam,
1232 2115 1300 2169 ad
1349 2129 1489 2185 quos
1545 2114 1757 2179 scribit,
1811 2129 1880 2169 ne

1981 1927 2244 1984 Exaratas
2261 1926 2480 1998 quidem
2503 1927 2740 1985 fortasse
2761 1929 2932 1984 fuisse
2955 1943 3064 1984 non
3085 1927 3244 1998 longe
3269 1941 3300 1982 a
3316 1925 3549 1983 Neronis

1978 2018 2151 2085 obitu,
2177 2019 2305 2074 dum
2337 2017 2578 2073 Ecclesia
2613 2019 2907 2090 tranquilla
2931 2032 3064 2090 pace
3094 2016 3390 2082 frueretur,
3417 2031 3547 2073 cen-

1979 2118 2063 2166 set
2087 2109 2407 2168 Gallandius
2439 2110 2573 2182 (27).

1549 2456 1983 2580 'CAPUT
2057 2489 2223 2580 IV.

553 2723 658 2781 DE
694 2722 1258 2786 SUPPOSITITIIS
1289 2724 1350 2784 S.
1383 2723 1836 2785 CLEMENTIS
1881 2723 2163 2784 NOMEN
2202 2722 2876 2784 PREFERENTIBUS
2931 2721 3304 2783 SCRIPTIS.

1887 2913 1954 2926 —.

388 3058 591 3113 Prater
632 3056 886 3114 laudatas
938 3059 1203 3115 hactenus
1247 3059 1528 3130 epistolas,
1575 3061 1742 3116 multa
1772 3059 1878 3120 alia
1904 3067 1948 3127 ο
1981 3060 2258 3129 explorata
2292 3065 2376 3113 est
2405 3057 2650 3127 epistola
2678 3057 2842 3128 hujus
2891 3055 3123 3122 falsitas,
3157 3055 3300 3125 quod
3331 3070 3448 3110 eam
3480 3056 3541 3112 D.

308 3154 419 3209 sub
430 3152 726 3208 Clementis
737 3150 966 3206 Romani
985 3152 1201 3207 nomine
1218 3152 1676 3208 circumferuntur
1691 3168 1877 3225 opera:

309 3260 513 3314 nempe
534 3243 776 3314 quinque
807 3243 874 3297 ad
922 3244 1168 3300 diversos
1197 3245 1460 3315 epistola,
1511 3245 1745 3302 ltomilia
1776 3263 1880 3303 no-

310 3345 642 3412 vemdecim,
673 3343 857 3400 decem
889 3339 1014 3395 libri
1038 3333 1488 3406 Recognitt'onum,
1513 3339 1637 3385 octo
1675 3325 1886 3381 Consti-

312 3438 584 3490 tutionum
613 3432 1047 3505 apostolicarum,
1089 3425 1337 3496 Liturgia
1382 3433 1436 3479 et
1476 3420 1715 3477 Canones
1753 3433 1881 3486 apo-r

310 3529 610 3591 stolarum;
633 3543 754 3594 quae
780 3524 963 3578 omnia
994 3518 1208 3587 collegit
1243 3516 1481 3571 Joannes
1510 3512 1751 3578 Baptista
1781 3510 1882 3565 Co-

308 3609 563 3674 telerius,
612 3608 875 3666 Sorbona
919 3611 1131 3676 doctor,
1178 3620 1234 3668 et
1277 3613 1715 3670 adnotationibus
1759 3615 1882 3670 illu-

306 3710 493 3757 εις-διε
509 3702 692 3759 Graec
713 3711 766 3760 et
788 3703 976 3760 Latine
1004 3706 1145 3761 inter
1165 3705 1355 3762 Patres
1386 3708 1713 3777 apostolicos
1736 3723 1881 3764 anno

311 3794 460 3850 1672
491 3796 680 3851 edidit.
1014 3816 1016 3819 ·

867 3934 1260 3992 ARTICULUS
1298 3935 1340 3998 Ι,

458 4064 526 4103 νε
564 4064 790 4112 QUINQUE
829 4065 1412 4112 PSEUDO-CLEIENTINIS
1434 4067 1738 4110 EPISTOLIS.

389 4161 585 4216 Mirum
632 4169 716 4217 est
745 4162 878 4217 viris
916 4161 1253 4220 doctissimis
1298 4163 1591 4230 Turriano,
1645 4165 1804 4220 Binio
1825 4173 1881 4220 et

303 4254 646 4327 quibusdam
680 4255 800 4309 aliis
832 4255 887 4308 in
930 4263 1094 4309 tanta
1122 4256 1451 4312 eruditionis
1493 4256 1881 4313 ecclesiastica

304 4349 431 4403 lure
472 4348 692 4417 probari
725 4349 968 4417 potuisse
999 4347 1097 4403 has
1125 4351 1365 4419 quinque
1404 4350 1664 4419 epistolas
1691 4350 1881 4406 decre-

1980 3152 2232 3208 Clemens
2264 3157 2386 3222 post
2419 3150 2727 3220 passionem
2758 3148 2902 3205 Petri
2925 3148 2991 3202 ad
3012 3147 3272 3202 Jacobum
3306 3149 3548 3204 scribere

1982 3244 2236 3315 fingitur;
2263 3259 2425 3313 quem
2448 3250 2573 3296 ante
2593 3240 2815 3297 Petrum
2846 3243 3050 3298 obiisse
3079 3240 3399 3297 indubitatis
3429 3258 3545 3296 mo-

1981 3334 2255 3390 numentis
2285 3343 2470 3388 notum
2496 3333 2746 3390 habetur.
2775 3332 2909 3387 Nam
2929 3331 3191 3388 Iacobum
3217 3349 3362 3387 anno
3388 3334 3546 3389 Chri-

1981 3427 2051 3483 sti
2078 3426 2148 3482 62
2201 3442 2233 3482 a
2261 3424 2463 3482 Judais
2485 3428 2728 3482 occisum
2758 3441 2900 3491 esse,
2933 3441 3124 3482 omnes
3164 3428 3498 3485 conveniunt
3527 3449 3540 3484 :

1979 3516 2202 3573 Petrum
2235 3525 2412 3572 autem
2443 3517 2610 3588 aliqui
2638 3531 2782 3572 anno
2821 3517 2910 3581 65,
2943 3518 3126 3589 plures
3153 3533 3298 3572 anno
3322 3518 3413 3580 66,
3451 3520 3544 3574 alii

1981 3617 2160 3666 autem
2188 3610 2258 3666 68
2295 3619 2390 3666 aut
2419 3611 2507 3677 67,
2537 3611 2671 3666 nulli
2694 3627 2824 3668 sane
2848 3620 2972 3668 ante
2994 3613 3063 3668 65
3091 3628 3295 3666 annum
3324 3628 3542 3684 passum

1981 3701 2316 3759 existimant.

2051 3791 2300 3848 Secunda
2315 3795 2563 3851 eumdem
2593 3801 2839 3849 sanctum
2853 3793 3115 3850 Iacobum
3145 3796 3213 3851 de
3242 3811 3548 3851 sacramen-

1983 3885 2075 3951 tis,
2100 3885 2347 3940 vestibus
2388 3892 2442 3940 et
2483 3885 2632 3942 vasis
2670 3887 2842 3943 sacris
2887 3887 3311 3957 instruit;quod
3358 3903 3544 3943 verum

1982 3978 2312 4033 Clementem
2354 3976 2458 4030 sibi
2495 3991 2783 4048 arrogasse
2824 3979 2880 4033 in
2910 3978 3239 4049 apostolum,
3272 3979 3396 4049 quis
3425 3995 3545 4034 cre-

1980 4070 2109 4124 dat?
2145 4066 2327 4122 Tertia
2352 4067 2497 4122 inter
2522 4071 2658 4123 alios
2683 4069 2846 4124 etiam
2877 4069 3216 4139 principibus
3245 4070 3542 4139 majoribus

1979 4170 2033 4218 et
2053 4158 2376 4224 minoribus,
2408 4176 2506 4215 ceu
2545 4161 2656 4232 jam
2687 4161 2903 4216 Christo
2939 4162 3264 4231 aggregatis,
3290 4161 3542 4216 inscribi-

1982 4262 2090 4318 tur,
2137 4249 2231 4324 qui
2281 4266 2396 4306 avo
2443 4252 2739 4310 Clementis
2791 4255 2932 4308 inter
2976 4253 3158 4309 fideles
3211 4253 3388 4310 adhuc
3410 4257 3541 4310 nulli

1980 4354 2156 4400 erant.
2178 4345 2380 4412 Quarta
2399 4344 2466 4398 ad
2478 4342 2678 4397 Julium
2705 4350 2758 4397 et
2776 4342 3050 4397 Julianum
3073 4343 3369 4413 discipulos
3394 4344 3539 4411 data,

304 4440 448 4494 tales
480 4438 741 4493 Clementi
768 4437 1013 4493 Romano
1043 4439 1375 4510 suppositas.
1407 4440 1555 4495 Adeo
1577 4441 1719 4494 enim
1752 4458 1876 4512 per—
1909 4437 1950 4489 Ι)
1976 4436 2382 4506 purificationes
2440 4451 2535 4490 seu
2575 4434 2883 4488 ablutiones
2925 4432 3181 4488 Judaicas
3232 4433 3442 4500 suadet,
3490 4447 3543 4490 et

304 4530 627 4601 spicacibus
655 4530 787 4586 viris
809 4531 1080 4587 deformes
1120 4532 1368 4587 videntur
1395 4533 1496 4587 hoc
1525 4533 1715 4589 saltem
1740 4544 1874 4588 tem—

305 4637 466 4691 pore,
511 4629 570 4674 ut
614 4620 763 4674 nulla
794 4629 930 4685 arte,
960 4623 1108 4676 nulla
1150 4637 1394 4688 cerussa,
1429 4631 1523 4678 aut
1548 4625 1874 4696 purpurisso

307 4713 486 4767 fucari
515 4714 751 4780 possint.
777 4711 958 4766 Prima
987 4713 1054 4768 ad
1086 4712 1345 4768 Jacobum
1397 4714 1619 4771 fratrem
1659 4716 1874 4772 Domini

303 4813 360 4857 et
383 4802 889 4874 Hierosolymorum
911 4806 1208 4861 antistitem
1231 4806 1376 4873 data,
1397 4825 1710 4879 quanquam
1740 4812 1874 4867 satis

307 4895 556 4963 antiqua,
590 4894 792 4963 quippe
828 4895 940 4964 jam
971 4910 1001 4950 a
1046 4894 1242 4952 Ruﬁno
1285 4899 1470 4953 saculi
1512 4901 1692 4969 quarti
1735 4903 1876 4957 scri-

305 4993 468 5054 ptore
498 4986 549 5040 in
579 4986 830 5040 Latinum
863 4989 1147 5054 translata,
1193 4998 1247 5044 et
1280 4992 1558 5048 nonnullis
1583 4994 1742 5048 etiam
1772 5010 1872 5050 an-

300 5078 481 5147 tiquis
517 5093 785 5142 canonum
818 5080 1256 5148 collectionibus,
1304 5083 1738 5155 nominatimque
1781 5101 1874 5140 co-

298 5168 451 5223 dicis
469 5183 496 5220 a
514 5167 807 5226 Paschasio
828 5170 1118 5237 Quesnello
1139 5173 1338 5245 vulgati
1361 5175 1680 5244 quibusdam
1698 5193 1875 5232 exem-

296 5259 552 5329 plaribus
584 5260 786 5315 inserta
818 5260 954 5330 (28),
980 5261 1166 5329 spuria
1190 5269 1369 5316 tamen
1393 5277 1422 5315 a
1451 5263 1727 5318 modernis
1760 5265 1871 5318 crio

297 5352 434 5406 ticis
466 5367 615 5421 pane
629 5353 884 5408 omnibus
909 5354 1246 5423 agnoscitur.
1278 5352 1406 5408 Inde
1438 5365 1618 5410 autem
1651 5363 1798 5411 certa
1821 5365 1874 5411 et

369 5597 486 5670 (εἴ)
521 5596 944 5670 ΒῇὸιὶοειιηΡΡη
970 5607 1100 5654 tom.
1123 5599 1163 5663 1,
1206 5600 1503 5670 prolegom.
1547 5601 1595 5661 l,
1629 5616 1748 5670 pag.
1779 5602 1867 5656 23.

376 5667 492 5736 (‘28)
537 5668 690 5723 Unde
727 5668 924 5739 mirum
962 5685 1070 5723 nou
1107 5679 1192 5725 est
1217 5667 1680 5739 hanc'epistola'm
1702 5667 1871 5725 'anno

298 5740 416 5795 4ιῖ
450 5756 477 5793 a
511 5740 744 5796 concilio
789 5737 1000 5795 Valensi
1027 5756 1065 5807 ι,
1100 5757 1308 5798 canone
1343 5737 1442 5806 l6,
1473 5757 1537 5796 ac
1581 5742 1811 5798 subinde
1840 5760 1874 5796 a

1979 4544 2078 4599 pro
2109 4538 2256 4584 certo
2286 4529 2458 4598 ponit,
2503 4542 2648 4590 eum,
2685 4526 2778 4596 qui
2809 4525 2906 4580 bas
2942 4523 3186 4595 negligit,
3219 4540 3318 4579 nec
3351 4525 3418 4580 de
3458 4527 3542 4580 in-

1979 4631 2130 4677 terna
2158 4623 2351 4676 anima
2379 4621 2619 4692 puritate
2645 4618 2908 4689 cogitare.
2935 4617 3136 4684 Quinta
3170 4618 3404 4688 denique
3433 4617 3542 4672 fra-

1977 4713 2154 4768 tribus
2176 4720 2228 4767 et
2253 4710 2643 4782 condiscipulis
2668 4709 3019 4779 Jerosolyma
3049 4723 3172 4762 cum
3197 4707 3405 4763 Jacobo
3444 4709 3540 4761 ha-

1977 4804 2272 4860 bitantibus
2313 4803 2609 4873 inscripta,
2659 4807 2846 4856 narrat
2889 4799 3221 4854 Clementem
3275 4799 3536 4861 adfuisse.

1975 4897 2104 4952 dum
2156 4896 2394 4951 Ananias
2449 4901 2502 4950 et
2551 4892 2782 4963 Sapbira
2833 4893 3095 4961 coniuges
3147 4905 3331 4945 coram
3380 4888 3541 4943 Petro

1975 4987 2172 5042 mortui
2203 4986 2575 5050 conciderunt,
2609 4983 2754 5055 quod
2776 4984 2978 5037 nullam
3011 4979 3537 5037 verisimilitudine":

1977 5081 2174 5134 habere
2203 5079 2416 5134 videtur
2445 5097 2458 5133 :
2485 5084 2539 5134 et
2575 5076 2700 5147 quis
2730 5074 2917 5130 credat
2952 5080 3204 5149 sanctum
3254 5069 3538 5140 (quemad-

1977 5167 2197 5224 modum
2245 5171 2300 5224 in
2347 5169 2449 5223 hac
2496 5168 2726 5239 epistola
2776 5164 2992 5236 legitur)
3029 5162 3302 5225 docuisse,
3352 5176 3535 5215 rerum

1976 5262 2218 5317 omnium
2249 5276 2592 5316 communem
2629 5274 2819 5320 usum,
2852 5259 3201 5325 ipsarumque
3240 5252 3377 5308 adeo
3404 5268 3537 5307 uxo-

1972 5353 2451 5423 rum,intercedere
2484 5353 2679 5407 debere
2695 5394 2707 5405 .

1975 5605 2194 5660 Nicolao
2223 5606 2263 5669 l,
2299 5604 2506 5659 Joanne
2523 5602 2632 5656 V’lll
2661 5597 3026 5670 pontificibus,
3046 5597 3275 5669 aliisque
3302 5600 3526 5656 nomine

1975 5676 2270 5734 Clementis
2297 5677 2466 5730 fuisse
2501 5673 2793 5727 laudatam.
