4076 6280
502 350 597 407 N7

1027 460 1417 519 ARTICULUS
1467 463 1531 518 ll.

497 596 564 637 η
626 593 1057 635 RECOGNITIONUI
1115 594 1324 643 LlBRlS,
1383 593 1637 633 LITURGIA
1683 593 2055 644 CLEIENTINL,

776 664 1024 712 ALIISQUE
1064 664 1451 707 SUPPO’SITITIIS
1489 664 1764 709 OPERIB'US.

567 743 821 798 Testatur
840 741 1068 797 Photius
1106 741 1217 817 (29)
1246 743 1356 798 duo
1384 744 1661 799 volumina
1685 761 1716 800 a
1739 760 1798 802 se
1823 749 2059 817 perlecta

497 834 688 900 fuisse,
719 849 838 904 quae
867 835 1070 904 scripta
1098 835 1379 905 complura
1422 834 1526 891 sub
1556 837 1728 892 sancti
1766 838 2059 896 Clementis

497 929 720 985 nomine
742 927 1263 999 complectebantur.
1294 926 1472 983 Priori
1510 930 1825 999 apostolica:
1856 933 2061 987 consti-

497 1023 735 1077 tutiones
759 1061 774 1085 ,
807 1035 945 1092 opus
985 1020 1127 1091 apud
1171 1021 1483 1077 universam
1510 1022 1889 1094 antiquitatem
1918 1025 2060 1079 cele-

497 1108 817 1174 berrimum,
859 1109 1311 1174 continebantur:
1352 1111 1497 1181 quod
1537 1118 1721 1168 tamen
1776 1113 2058 1169 doctorum

496 1197 742 1252 virorum
786 1196 997 1267 judicio
1027 1200 1187 1271 longe
1224 1208 1349 1270 post
1378 1201 1554 1257 sancti
1586 1201 1750 1273 hujus
1780 1202 2059 1259 Pontiﬁcis

496 1299 739 1360 tempora
773 1291 1145 1362 conscriptum
1184 1290 1285 1347 fuit
1319 1293 1453 1364 (50),
1498 1294 1669 1351 altero
1699 1296 1873 1351 sancti
1914 1294 2060 1351 Petri

496 1396 588 1438 res
614 1390 799 1453 gestae,
826 1384 1055 1455 ejusque
1077 1401 1200 1442 cum
1225 1383 1447 1442 Simone
1476 1384 1634 1458 Mago
1663 1388 1935 1460 colloquia
1965 1390 2061 1446 de-

498 1474 837 1543 scribuntur,
887 1481 942 1531 et
972 1491 1078 1547 qua
1129 1478 1340 1535 ratione
1385 1480 1563 1535 sancti
1605 1479 1899 1538 Clementis
1945 1483 2062 1552 ipse

498 1574 798 1637 parentem,
842 1574 1006 1640 atque
1056 1570 1253 1627 fratres
1294 1586 1426 1627 suos
1471 1574 1867 1645 recognoverit,
1916 1573 2062 1631 unde

498 1657 923 1729 Recognitiomtm
955 1660 1243 1733 appellatio
1262 1664 1589 1735 syntagmati
1615 1662 1743 1720 huic
1763 1664 1932 1721 indita
1953 1672 2057 1722 est.

500 1747 650 1804 Solet
695 1758 749 1805 et
777 1749 1000 1818 Itinera,
1029 1760 1123 1807 aut
1161 1751 1510 1807 Itinerarium
1557 1752 1642 1807 vel
1684 1752 1953 1811 Circuitus
1994 1754 2054 1815 S.

498 1840 669 1906 Petri,
714 1850 879 1913 atque
913 1842 1048 1895 Acta
1091 1840 1160 1896 υ.
1198 1840 1349 1897 Petri
1369 1841 1652 1913 appellari.
1690 1843 1867 1903 Fuere
1886 1856 1941 1905 et
1963 1848 2059 1922 qui
2091 1818 2134 1875 Β

496 1948 637 2004 opus
685 1935 832 1991 istud
861 1949 983 1992 cum
1026 1936 1141 2004 illa,
1192 1953 1315 2009 quae
1350 1938 1525 1995 fertur
1548 1940 1725 1996 sancti
1751 1939 1897 1997 Petri
1936 1957 2061 1998 cum

495 2028 726 2098 Apione,
760 2027 1130 2099 disputatione
1169 2029 1539 2088 confuderint.
1589 2031 1660 2086 At
1682 2030 1911 2089 Photius
1946 2032 2060 2106 (51)

495 2134 662 2189 opera
691 2119 807 2176 haec
832 2120 973 2177 inter
1008 2136 1066 2177 se
1094 2121 1311 2179 diversa
1339 2136 1463 2179 esse
1497 2124 1797 2180 contendit.

575 2210 817 2266 Veterum
844 2211 1061 2283 quidam
1080 2229 1167 2267 eos
1185 2220 1366 2266 sancto
1386 2210 1640 2269 Clementi
1670 2214 2064 2271 tribuerunt.—

495 2302 758 2377 Origenes
775 2306 887 2378 (52)
908 2306 1080 2361 sancti
1103 2306 1401 2363 Clementis
1413 2308 1631 2364 nomine
1644 2309 1763 2364 loca
1779 2311 2063 2382 complura

494 2398 712 2463 recitat,
735 2413 854 2469 quae
871 2397 1033 2453 hodie
1060 2397 1115 2453 in
1148 2396 1579 2469 Rccognitionum
1604 2401 1759 2459 libris
1788 2403 2059 2475 leguntur.

496 2490 731 2561 Origene
766 2490 932 2561 igitur
960 2504 1099 2560 opus
1130 2489 1277 2546 istud
1303 2491 1584 2562 antiquius
1610 2502 1714 2558 est,
1750 2502 1916 2568 atque
1942 2496 2066 2567 ejus

496 2590 674 2647 aetate,
712 2589 773 2637 ut
825 2582 1229 2654 supposititium
1267 2583 1337 2639 ab
1368 2585 1643 2642 universis
1672 2602 1784 2642 non
1825 2587 2064 2645 habeba-

499 2688 608 2732 tur.
636 2677 784 2732 Idem
815 2691 1034 2746 quoque
1063 2686 1122 2731 ut
1149 2677 1325 2732 sancti
1348 2678 1641 2735 Clementis
1672 2678 1904 2737 Romani
1925 2685 2063 2739 scri-

496 2778 649 2841 ptum
681 2786 712 2827 a
742 2768 806 2827 D.
831 2769 1136 2842 Epiphanio
1162 2779 1216 2827 et
1240 2769 1437 2826 Ruﬁno
1465 2771 1578 2845 (55)
1600 2772 1888 2843 laudatur;
1915 2784 2063 2832 uter—

495 2880 604 2933 que
633 2879 765 2920 vero
793 2864 1169 2935 conqueritur,
1202 2863 1273 2919 ab
1294 2863 1589 2931 haereticis,
1630 2864 1897 2922 Ebionitis
1924 2883 2063 2937 prte-

498 2956 709 3021 sertim,
742 2967 1059 3026 corruptum
1113 2965 1276 3028 atque
1322 2957 1705 3028 interpolatum
1750 2957 1942 3026 fuisse,
1974 2977 2065 3017 er-

496 3062 760 3119 roresque
807 3065 938 3107 suos
966 3050 1209 3122 undique
1245 3066 1341 3107 eos
1370 3050 1451 3106 illi
1504 3051 1849 3123 inepersisse.
1898 3052 2064 3109 Addit

1633 347 1717 402 AD
1758 347 1813 402 S.
1856 344 2273 402 CLEMENTEM
2314 346 2335 401 l
2371 339 2601 402 PAPAM

2087 469 2136 527 Α
2163 461 2296 517 sebii
2321 461 2435 535 (37)
2454 469 2613 518 aetate
2629 460 2965 535 legebantur,
2985 474 3109 518 cum
3138 476 3171 516 a
3194 466 3459 533 scriptore
3479 458 3587 517 isto
3612 476 3723 518 non

3619 343 3722 404 ιιε

2158 554 2281 612 ideo
2296 563 2505 612 tantum
2538 556 2836 628 rejiciatur,
2861 557 3004 629 quod
3020 565 3265 616 veterum
3286 554 3616 612 testimoniis
3632 555 3727 610 ﬁr-

2156 655 2363 703 matum
2413 663 2523 705 non
2553 650 2647 714 sit,
2670 665 2860 705 verum
2887 650 3073 715 etiam,
3100 649 3246 720 quod
3269 648 3581 719 apostolica:
3599 646 3725 701 ﬁdei

2160 754 2409 794 normam
2464 754 2576 795 non
2613 750 2874 796 servaret.
2928 738 3208 811 Rejectum
3253 754 3470 811 quoque
3512 737 3614 793 fuit
3657 736 3727 792 ab

2158 841 2383 890 auctore
2401 845 2704 906 synnpseos
2736 841 2913 891 sancti
2931 832 3217 891 Athanasii
3240 833 3358 906 (38)
3369 847 3565 888 nomen
3586 846 3725 902 pra:-

2159 928 2402 993 l‘erentis,
2424 945 2455 983 a
2471 927 2687 984 Gelasio
2704 927 3222 1001 papa(39).$anctus
3236 926 3596 996 Hieronymus
3612 924 3725 994 (40)

2161 1036 2288 1077 vero
2305 1020 2397 1092 qui
2428 1020 2484 1076 id
2500 1020 2675 1077 sancti
2698 1018 2998 1076 Clementis
3015 1018 3233 1074 nomine
3252 1017 3459 1082 laudat,
3482 1016 3624 1073 idem
3641 1024 3726 1070 ta-

2161 1134 2282 1174 men
2310 1126 2570 1187 tanquam
2600 1115 2972 1187 apocryphum
3001 1113 3153 1184 rejici
3199 1117 3400 1167 monet.
3433 1110 3530 1167 Est
3577 1108 3722 1165 enim

2159 1208 2550 1265 commentitiis
2595 1207 2844 1265 historiis
2893 1206 3187 1271 refertum,
3243 1204 3449 1259 nullam
3476 1201 3725 1258 veritatis

2160 1302 2397 1371 speciem
2437 1300 2784 1357 habentibus.
2818 1300 2933 1354 lmo
2959 1305 3014 1354 et
3060 1296 3393 1368 blaspheme
3419 1309 3582 1351 voces
3611 1291 3725 1364 (4i)

2161 1390 2216 1446 in
2243 1389 2336 1447 Dei
2359 1389 2578 1457 Filium,
2602 1399 2764 1463 atque
2784 1391 2999 1463 ineptiae
3024 1389 3277 1462 indignas,
3301 1402 3423 1460 quae
3450 1386 3552 1443 sub
3572 1392 3727 1440 tanto

2159 1484 2379 1551 nomine
2408 1484 2583 1539 lucem
2626 1483 2896 1550 viderent,
2952 1482 3153 1539 ibidem
3206 1488 3523 1537 occurrunt.
3575 1477 3727 1549 Opus

2159 1590 2290 1632 vero
2317 1574 2463 1633 istud
2485 1574 2888 1646 snpposititium
2911 1588 3034 1630 esse
3059 1573 3144 1628 vel
3174 1572 3290 1644 ipsa
3324 1568 3576 1641 epistola,
3604 1583 3727 1638 qum

2161 1668 2217 1723 in
2242 1667 2365 1739 ejus
2393 1677 2737 1724 antecessum
2770 1667 2989 1738 legitur,
3024 1671 3347 1738 argumento
3368 1670 3486 1731 est;
3512 1662 3727 1716 nuntiat

2161 1761 2307 1817 enim
2335 1761 2509 1818 sancti
2536 1759 2686 1817 Petri
2708 1767 2937 1816 mortem
2960 1767 3153 1816 sancto
3179 1756 3386 1813 Iacobo
3414 1753 3727 1828 Hierosoly-

2162 1851 2369 1906 mitano
2394 1851 2656 1922 episcopo
2679 1848 2795 1922 (42)
2829 1849 2924 1921 qui
2968 1848 3216 1921 pluribus
3243 1846 3405 1902 annis
3431 1854 3559 1901 ante
3590 1858 3725 1914 apo-

2162 1943 2427 2003 stolorum
2452 1942 2752 2016 principem
2769 1942 3005 1999 obierat.
3024 1940 3270 2013 Epistola
3285 1938 3401 1995 haec
3420 1935 3599 1993 Photii
3612 1934 3728 2009 με)

2160 2041 2319 2091 aetate
2344 2034 2399 2091 in
2430 2034 2684 2091 omnibus
2714 2033 3144 2105 Rscognitionum
3174 2030 3578 2103 exemplaribus
3614 2042 3727 2085 non

2162 2127 2433 2184 exstabat.
2484 2124 2750 2183 Observat
2805 2132 2985 2181 autem
3016 2125 3156 2181 idem
3187 2122 3432 2188 criticus,
3464 2136 3585 2178 eam
3628 2120 3729 2176 ali-

2162 2218 2383 2289 quando
2418 2220 2592 2275 sancti
2623 2219 2949 2286 Clementis,
2986 2216 3443 2290 quemadmodum
3473 2213 3633 2270 hodie
3660 2228 3729 2269 ex

2164 2308 2348 2364 Ruﬁni
2373 2309 2825 2382 interpretatione
2854 2309 3072 2381 legitur,
3104 2309 3243 2367 alias
3271 2324 3405 2365 vero
3427 2306 3601 2365 sancti
3633 2303 3749 2361 Pen.

2164 2405 2233 2460 tri
2256 2403 2493 2472 nomine,
2507 2405 2829 2477 inscriptam
2853 2392 3050 2469 luisse,
3082 2413 3245 2475 atque
3268 2402 3379 2459 duo
3406 2401 3524 2458 haec
3541 2415 3729 2458 exem-

2163 2498 2337 2570 plaria
2366 2504 2596 2554 eventus
2637 2504 2752 2552 toto
2786 2496 2926 2552 coelo
2950 2495 3198 2552 diversos
3237 2494 3508 2551 retulisse.
3530 2491 3731 2563 Conje-

2162 2600 2377 2647 cturam
2404 2604 2536 2646 vero
2568 2588 2697 2645 inde
2723 2588 2919 2655 sumit,
2949 2587 3086 2646 duas
3126 2587 3310 2659 operis
3340 2587 3505 2658 hujus
3534 2584 3730 2641 editio-

2163 2698 2261 2738 nes
2292 2681 2531 2737 invicem
2556 2680 2714 2737 valde
2758 2681 3006 2738 diversas
3056 2680 3352 2747 exstitisse,
3404 2693 3569 2734 unam
3624 2677 3733 2734 sub

2163 2776 2338 2832 sancti
2366 2773 2535 2838 Petri,
2573 2774 2799 2829 alteram
2832 2773 2934 2831 sub
2970 2772 3143 2830 sancti
3172 2771 3469 2828 Clementis
3489 2770 3731 2837 nomine,

2162 2880 2340 2939 quam
2387 2864 2584 2921 Ruﬁno
2632 2864 2847 2921 reddita
2876 2865 2997 2921 fuit.
3048 2862 3159 2919 Nec
3222 2861 3730 2933 injuria:videmus

2162 2958 2305 3015 enim
2335 2972 2422 3023 ea,
2453 2971 2573 3027 qua:
2603 2964 2826 3013 sanctus
2847 2956 3186 3028 Epiphanius
3206 2963 3262 3012 et
3290 2962 3513 3010 sanctus
3538 2952 3729 3009 Hiero-

2163 3066 2362 3122 nymus
2379 3065 2445 3107 ex
2473 3047 2935 3121 Recognitianibus
2967 3047 3281 3113 laudarunt,
3305 3046 3361 3101 iu
3384 3046 3478 3115 iis,
3499 3060 3623 3118 quae
3641 3059 3731 3101 su-

496 3153 726 3200 sanctus
746 3142 1103 3214 Epiphanius,
1131 3143 1271 3198 nihil
1291 3145 1563 3215 integrum
1593 3144 1790 3201 abillis
1813 3146 2061 3202 relictum
2088 3158 2131 3217 c
2164 3149 2415 3214 persunt,
2462 3149 2558 3197 aut
2598 3142 2815 3213 penitus
2856 3156 2964 3197 non
3007 3148 3249 3208 exstare,
3294 3144 3388 3194 aut
3418 3139 3576 3211 longe
3621 3138 3729 3194 alia

498 3238 688 3294 fuisse.
733 3234 969 3292 Sanctus
1014 3235 1377 3307 Hieronymus
1411 3236 1525 3307 (54)
1556 3235 1794 3308 idipsum
1847 3236 1907 3293 S.
1937 3237 2060 3295 Cle-

498 3328 698 3384 mentis
740 3328 962 3383 nomine
991 3328 1204 3383 recitat.
1233 3326 1465 3383 Ruﬁnus
1493 3326 1606 3401 ('55)
1624 3329 1693 3383 ad
1715 3330 1887 3385 sancti
1914 3327 2061 3384 Gau-

498 3419 666 3475 dentii
726 3434 917 3489 preces
952 3418 1144 3475 Latine
1183 3434 1322 3491 opus
1370 3419 1521 3498 istud.
1572 3420 1829 3487 reddidit,
1884 3436 2102 3498 neque_

498 3509 795 3580 quidquam
817 3524 849 3563 a
877 3523 939 3565 se
963 3517 1235 3565 resectum
1268 3513 1465 3578 praeter
1488 3496 1608 3563 loca
1637 3508 1900 3565 nonnulla
1916 3509 2063 3567 vires

499 3617 651 3666 snas,
677 3608 841 3673 atque
862 3609 1081 3672 captum
1119 3601 1504 3672 exsuperantia
1529 3610 1937 3657 commemorat.
1962 3601 2062 3655 At-

502 3709 681 3750 tamen
714 3704 910 3765 praeter
962 3692 1365 3758 Ebionitarum,
1405 3691 1870 3749 Eunomianorum
1921 3708 2063 3764 prae-

499 3797 677 3851 terea,
701 3794 865 3857 atque
898 3784 1261 3857 complurium
1308 3785 1545 3840 aliorum
1581 3800 1818 3850 errores,
1862 3785 1955 3857 qui
1997 3783 2068 3839 ab

501 3877 749 3935 Ecclesia
802 3870 1048 3935 damnati
1097 3877 1362 3948 luere,ee
1399 3888 1685 3936 contentos
1724 3878 2068 3934 animadver—

500 3973 567 4027 tit
590 3972 724 4043 (se).

573 4063 909 4134 Suppesititii
934 4072 1154 4120 sunt.—
1168 4062 1371 4120 Eadem
1394 4077 1527 4119 vero
1551 4063 1609 4119 in
1638 4062 1744 4119 hoc
1771 4076 1936 4133 opere
1965 4060 2068 4118 Eu-

594 4198 685 4267 29)
723 4198 922 4255 Codice
941 4214 1089 4264 cxnt,
1118 4200 1173 4255 in
1197 4214 1296 4256 sua
1331 4198 1672 4255 Bibliotheca.

596 4272 687 4342 50)
725 4271 915 4326 lnvicti
946 4271 1252 4342 argumenti
1284 4272 1404 4325 loco
1433 4273 1517 4342 sit
1539 4269 1611 4342 D._
1637 4267 1954 4342 Hieronymi
1985 4270 2065 4326 si-

500 4340 755 4405 lentium,
785 4342 878 4412 qui
914 4350 973 4396 ut
1000 4340 1366 4411 peritissimus
1388 4340 1750 4412 antiquitatis
1794 4348 2068 4396 scrutator

502 4414 558 4466 in
622 4410 867 4483 catalogo
916 4410 1244 4481 scriptorum
1284 4410 1784 4483 ecclesiasticarum
1833 4413 2064 4483 mentio-

505 4497 626 4536 nem
659 4480 823 4535 certe'
840 4498 959 4537 eam
982 4480 1282 4551 injecisset.
1308 4482 1355 4536 si
1378 4497 1437 4537 se
1456 4483 1670 4538 vivente
1725 4480 2066 4536 constitutio-

506 4567 603 4607 nes
622 4552 681 4605 Ο.
701 4551 993 4607 Clementis
1010 4568 1204 4608 nomen
1226 4552 1572 4623 praeferentes
1589 4554 1642 4606 in
1657 4551 2062 4623 Catholicorum

504 4623 761 4678 manibus
802 4630 1029 4677 versatae
1070 4621 1318 4679 fuissent.
1362 4622 1500 4688 Quid
1528 4623 1672 4692 qoud
1717 4622 1856 4675 liber
1874 4621 1969 4692 hic
1998 4624 2068 4676 ab

505 4693 810 4763 apostolico
832 4694 1030 4747 smeulo
1057 4694 1405 4749 abhorrentia
1421 4691 1813 4763 complectatur
1829 4691 2068 4763 ZVPetrus

502 4762 650 4819 enim
678 4762 1026 4817 Saturninum
1055 4772 1111 4818 et
1134 4764 1428 4824 Basilidetn
1454 4763 1815 4817 absurdorum
1844 4762 2066 4831 dogma-

506 4846 620 4889 tutn
662 4841 917 4887 auctores
955 4833 1106 4896 dicit,
1157 4835 1249 4903 qui
1302 4833 1694 4903 Petro_tamen
1737 4834 2068 4901 posteriores

504 4914 677 4962 erant.
706 4903 823 4959 Lib.
860 4920 919 4967 ιι,
950 4919 999 4959 c.
1030 4904 1101 4958 29
1133 4901 1449 4959 decernitur
1463 4901 1698 4957 decimas
1728 4912 1781 4956 et
1799 4902 2068 4971 primitias

504 4976 821 5047 pendendas
850 4974 1145 5047 episcopis,
1174 4990 1312 5047 quas
1338 4973 1582 5047 profecto
1619 4970 1851 5047 nascens
1880 4970 2070 5047 Eccle-

508 5042 589 5101 sia
619 5042 909 5118 ignoravit:
941 5045 1001 5118 L_.
1025 5042 1103 5118 vi,
1139 5042 1667 5118 c._15_1}aptismum_
1689 5042 1756 5096 ab
1793 5043 2068 5118 haereticis

506 5111 764 5172 collatum
810 5116 994 5172 iterari
1026 5117 1239 5187 jubent.
1286 5115 1344 5169 In
1382 5111 1576 5169 octavo
1621 5111 2068 5187 Constitutionum

508 5190 645 5243 libro
675 5190 985 5244 continetur
1027 5181 1203 5243 etiam
1240 5187 1457 5256 Iiturgia
1487 5198 1584 5256 seu
1618 5182 1797 5256 Missae
1823 5181 2071 5237 dicendas

507 5260 713 5342 ratio‘a
748 5261 922 5342 capite
963 5260 1169 5342 quinto.
1195 5253 1586 5342 usque-adniS.
1625 5254 1681 5307 in
1731 5253 1844 5342 line
1886 5262 2071 5342 tit-Item

508 5329 756 5399 ejusdem
802 5322 924 5386 libri
962 5322 1016 5385 in
1044 5322 1667 5386 editione-Conciliorum
1709 5340 1762 5399 γλ
1782 5323 1869 5399 _cl.
1896 5322 2071 5399 Mansi

510 5392 616 5454 col.
662 5402 785 5474 595,
840 5412 881 5456 t.
913 5403 954 5466 l,
1004 5401 1407 5474 subjungunﬁtur
1448 5410 1705 5474 canones__
1734 5392 1813 5474 84.
1849 5408 1952 5474 ceu
1978 5393 2072 5474 ,Vab

511 5463 780 5541 apostolis
806 5463 1022 5538 saneiti,
1056 5463 1120 5526 ac
1152 5486 1182 5523 a
1209 5463 1270 5525 Β.
1300 5471 1578 5525 Clemente
1605 5465 1837 5541 collecti.
1872 5463 2071 5519 Verum

511 5536 579 5594 de
611 5542 694 5595 his
720 5544 825 5616 alio
852 5545 969 5616 loco
1004 5536 1057 5599 et
1085 5551 1351 5616 tempore,
1381 5541 1437 5594 in
1466 5554 1575 5616 quo
1609 5551 1709 5591 nos
1730 5536 2073 5616 demonstra-

512 5621 666 5667 turos
693 5614 1038 5679 conﬁdimus,
1070 5607 1407 5683 scripta‘lnec
1433 5607 1667 5681 primum
1692 5607 1891 5661 saeculo
1912 5607 2073 5661 tertio

514 5684 775 5749 adornata
805 5685 991 5737 fuisse.

585 5756 696 5823 (51)
716 5754 939 5808 Ὀοάἰοθ
970 5756 1089 5809 H5.

585 5821 695 5901 (3:)
736 5826 1015 5898 Origenes,
1050 5834 1089 5880 t.
1116 5840 1181 5879 ιιι
1203 5825 1491 5882 Comment.
1517 5824 1566 5877 in
1590 5821 1771 5878 Cenes.
1798 5836 1915 5891 cap.
1935 5833 2070 5884 xxii,

2158 3237 2369 3291 ratione
2399 3233 2526 3305 legi.

2228 3325 2387 3381 Circa
2426 3325 2637 3380 tertium
2665 3324 2920 3381 secutum
2961 3325 3147 3395 scripti
3177 3324 3431 3396 fuere.——
3472 3322 3727 3394 Recogni-

2162 3418 2365 3472 tionum
2390 3419 2635 3476 auctoris
2662 3428 2875 3475 aetatem
2902 3426 3158 3475 accurate
3181 3417 3471 3489 designare
3495 3431 3605 3471 non
3633 3430 3731 3471 va-

2162 3509 2371 3577 lemus;
2401 3519 2457 3565 at
2485 3509 2531 3565 si
2554 3524 2695 3580 opus
2735 3508 2884 3565 istud
2930 3507 3108 3577 idem,
3142 3516 3303 3580 atque
3356 3509 3532 3565 sancti
3580 3507 3731 3565 Petri

2164 3616 2288 3657 cum
2316 3601 2527 3674 Apione
2554 3602 2853 3673 disputatio
2875 3600 3034 3667 foret,
3064 3617 3184 3672 quae
3215 3600 3316 3655 fuit
3344 3600 3595 3656 Cotelerii
3613 3599 3730 3671 (ιι)

2164 3701 2219 3748 et
2249 3692 2548 3763 insignium
2580 3693 2941 3764 quorumdam
2974 3693 3291 3749 eritieorum
3334 3692 3623 3757 sententia,
3654 3692 3729 3745 al-

2167 3795 2286 3843 tero
2340 3794 2551 3841 tantum
2600 3786 2803 3842 stacqu
2835 3797 3095 3852 exeunte,
3154 3793 3247 3841 aut
3303 3784 3465 3839 tertio
3509 3784 3729 3839 ineunte

2168 3876 2333 3949 paulo
2380 3884 2507 3931 ante
2555 3873 2845 3947 Origenem
2889 3875 3154 3945 scriptum
3192 3874 3365 3930 fuisse
3398 3872 3728 3929 censendum

2168 3975 2337 4027 esset.
2367 3968 2458 4023 Ait
2485 3969 2629 4024 enim
2660 3966 2930 4022 Eusebius
2966 3966 3077 4037 (45)
3110 3966 3257 4021 haud
3305 3965 3509 4021 dudum
3550 3964 3731 4032 spissa

2166 4057 2415 4129 quaidam
2456 4073 2625 4130 opera
2673 4058 2851 4116 sancti
2897 4056 3195 4115 Clementis
3242 4058 3465 4114 nomine
3519 4056 3730 4129 prolata

2165 4192 2452 4263 Philocal.,
2485 4203 2541 4252 et
2572 4196 2629 4251 in
2657 4211 2777 4267 cap.
2804 4210 2929 4252 xxvt
2968 4193 3163 4250 Matth.

2238 4268 2349 4339 (33)
2371 4262 2661 4339 Epiphan.,
2686 4262 2879 4323 haeres.
2899 4268 2987 4337 '50,
3010 4284 3069 4323 ιι.
3093 4267 3194 4335 15ς
3211 4263 3553 4335 Ruﬁnus,De
3572 4262 3728 4324 adui-

2171 4336 2339 4393 terat.
2354 4336 2488 4394 libr.—
2524 4336 2788 4408 Origenis.

2240 4409 2353 4543 (54)
2393 4406 2735 4481 Hieronym”
2764 4406 2949 4491 ἱιχΕρἶ
2982 4407 3051 4462 ad
3082 4406 3267 4491 Galat:

2265 4480 2332 4533 ’55
2395 4478 2546 4543 Ruﬁ,
2583 4480 2794 4543 prolog.
2826 4496 2879 4533 tn
2920 4479 3012 4534 lib.
3038 4477 3267 4543 Recognt.

2095 4513 2137 4568 D

2265 4477 2353 4551 ’55)
2390 4478 2546 4551 Ruﬁ,
2583 4477 3012 4551 prologinlib.
3038 4477 3307 4551 Recognit.

2200 4600 2203 4603 .
2235 4548 2347 4619 (56)
2389 4549 2552 4610 ldcm,
2579 4548 2655 4602 De
2686 4548 2993 4612 adulterat,
3028 4549 3117 4620 l_i_b.
3138 4548 3292 4620 Qrig.

2262 4617 2350 4687 57)
2389 4620 2613 4681 Enseb.,
2646 4620 2681 4675 ι.
2719 4636 2801 4684 ιιι,
2826 4635 2876 4675 c.
2907 4621 2997 4687 38,
3025 4618 3099 4673 Η.
3129 4617 3197 4676 Ε.

2389 4625 2669 4760 iiiis;

2242 4759 2353 4831 (59)
2393 4760 2450 4814 In
2476 4759 2708 4831 decreto.

2229 4828 2342 4903 (40)
2374 4832 2429 4903 In
2464 4830 2710 4900 Catalog.
2735 4844 2785 4882 c.
2817 4828 2904 4882 l5.
3001 4896 3012 4903 _
3232 4902 3235 4903 ν
3284 4880 3513 4903 ,ιω-Β,
3548 4875 3672 4903 mm.

2374 4880 2950 4974 netéﬁ'dii‘iiuitmjen
2973 4896 3089 4974 _hoc
3115 4902 3243 4973 opus
3262 4880 3731 4974 gummis

2160 4947 2658 5041 noli'ii'né'i'ti'r'aiii}
2673 4947 3223 5036 Ei'iliit'bptmone'sn
3253 4954 3457 5011 Filium
3488 4947 3729 5018 blasphe-

2160 5047 2280 5101 mis.
2313 5042 2562 5105 Pliotius,
2592 5042 2711 5097 cod.
2749 5054 2903 5096 cxttt.

2244 5108 2356 5181 (42)
2389 5099 2587 5162 Notum
2610 5107 2704 5181 tibi
2724 5107 2883 5181 facio.
2910 5104 3150 5167 Domine,
3182 5106 3306 5181 quia
3335 5101 3517 5181 Sinton
3541 5099 3728 5181 Petrus

2171 5169 2264 5251 pre
2296 5169 2491 5251 pietate
2522 5179 2633 5251 pati
2663 5169 2858 5251 volens,
2883 5169 3375 5243 prwsentem'vitam
3413 5172 3601 5242 ﬁniuit.
3631 5169 3728 5239 Ep.

2172 5246 2343 5308 Clem.
2373 5248 2438 5303 ad
2465 5248 2753 5315 Jacob.,n.
2784 5246 2834 5301 i.

2246 5320 2358 5391 (45)
2399 5318 2645 5391 Photius,
2669 5316 2790 5373 cod.
2818 5317 2875 5391 l_l
2888 5317 2940 5391 '5_.

2245 5378 2357 5457 (44')
2395 5378 2720 5448 Cotelerius,
2759 5395 2797 5441 t.
2842 5388 2861 5440 l
2902 5386 3122 5439 Patrum
3152 5383 3401 5451 apostoi.,
3441 5396 3573 5457 (pag.
3604 5378 3730 5434 490.

2246 5454 2357 5533 (45)
2382 5461 2609 5533 Quidam
2638 5474 2793 5533 porro
2828 5459 2937 5533 alia
2965 5458 3123 5533 etiam
3150 5472 3309 5533 opera
3333 5454 3542 5533 proliaa
3570 5461 3618 5533 et
3646 5466 3735 5533 co-

2176 5521 2464 5603 pio‘sa'swub
2494 5521 2858 5603 pejus'nomine
2899 5530 3011 5603 heri
3048 5543 3110 5603 ac
3141 5521 3551 5603 nudiustertius
3576 5521 3738 5603 inlu-

2187 5620 2296 5656 cem
2323 5595 2651 5670 protulerunt
2685 5616 2702 5654 :
2736 5610 2865 5667 puta
2916 5598 3066 5653 Petri
3086 5606 3139 5670 et
3165 5596 3379 5670 Apionis
3421 5595 3736 5661 disputatio-

2178 5690 2289 5737 nes,
2315 5668 2537 5742 quarum
2562 5671 2698 5739 apud
2730 5670 2971 5739 antiquos
3004 5668 3156 5742 nulla
3175 5668 3386 5742 onmin
3407 5672 3577 5742 crustat
3595 5677 3739 5742 nien—

2180 5731 2288 5807 tt'of
2314 5731 2471 5811 neque
2483 5731 2617 5795 enim
2634 5742 2838 5793 sincera
2857 5731 3009 5793 recta:
3034 5736 3509 5811 ﬁdei‘abpapostolis
3524 5731 3738 5811 traditi:

2180 5802 2301 5871 nota
2325 5802 2429 5878 illis
2452 5827 2692 5883 expressa
2715 5814 2987 5881 reperitur.
3020 5802 3216 5866 Euseb.
3238 5809 3274 5866 l.
3294 5802 3378 5874 ιιι,
3406 5823 3455 5865 c.
3474 5807 3561 5868 33.
3579 5802 3723 5860 (LE-
