4074 6286
335 337 429 393 N9

1564 338 1899 395 PHOfEMlA
1937 338 2293 394 VABIORUM
2304 382 2315 395 .

3441 338 3541 392 150

331 457 514 521 fuisse,
528 459 833 527 quaesancti
845 456 993 514 Petri
1008 471 1131 512 cum
1157 458 1362 528 Apione
1384 456 1630 528 dialogos
1655 458 1893 527 compleo
1920 462 1967 518 Α
1996 457 2180 512 labore
2212 456 2536 510 levaremus.
2597 454 2763 509 Recte
2782 454 2849 509 de
2900 453 2969 508 iis
3009 450 3378 522 pronuntiavit
3400 448 3542 502 Pho-

326 548 631 604 ctebautur.
666 548 893 604 Photius
938 554 1121 603 tamen
1162 563 1327 618 opera
1373 548 1488 602 haec
1537 548 1771 603 invicem
1800 549 1885 603 di-

328 654 479 695 versa
509 638 684 694 fuisse
722 639 997 696 existimat
1026 639 1160 709 (46).
1192 638 1423 695 Exstant
1461 639 1518 693 in
1547 636 1882 707 Recognitio-

328 732 474 784 nibus
502 729 686 799 capita
729 730 982 785 undecim
1015 730 1083 784 de
1139 730 1249 784 lato
1284 745 1349 784 ex
1382 745 1545 799 opere
1586 728 1823 799 quodam
1852 744 1882 782 a

328 822 630 879 Bardesane
670 822 820 876 circa
844 837 1045 875 annum
1090 822 1193 875 170
1230 822 1539 890 conscripto
1576 821 1764 891 petita.
1787 820 1885 875 Mi-

324 915 465 970 nime
493 922 677 969 tamen
706 912 833 967 inde
867 913 1244 981 consequitur,
1288 927 1412 967 eum
1451 910 1883 982 Recognitionum

322 1013 756 1068 auctoremesse,
789 1017 911 1057 cum
947 1002 1068 1071 ejus
1106 1015 1321 1056 errores
1349 1001 1417 1056 de
1442 1001 1653 1055 duobus
1676 1000 1881 1071 princi—

320 1096 424 1168 piis
459 1094 709 1166 pluribus
758 1093 894 1149 locis
920 1092 1119 1148 ibidem
1155 1091 1478 1148 refutentur.
1527 1092 1711 1148 Satius
1755 1103 1883 1146 vero

315 1196 401 1243 est
429 1187 767 1251 existimare,
821 1199 945 1239 eum
998 1183 1089 1254 qui
1124 1198 1262 1252 opus
1291 1182 1435 1239 istud
1469 1182 1878 1252 conscripserit,

315 1296 511 1336 eorum
557 1285 802 1348 partem,
841 1291 962 1345 quae
998 1274 1334 1331 Bardesanes
1388 1275 1459 1331 de
1498 1261 1608 1329 fato
1659 1276 1879 1342 dixerit,

316 1368 641 1432 inseruisse,
672 1366 817 1435 quod
840 1374 894 1420 et
923 1363 1191 1420 Eusebius
1225 1365 1281 1419 in
1313 1365 1427 1422 suis
1465 1350 1882 1435 Praeparationis

314 1459 643 1530 evangelica:
663 1457 820 1535 libris
844 1457 1119 1526 pratstitit,
1152 1456 1246 1510 ubi
1269 1456 1519 1511 eumdem
1553 1456 1730 1511 locum
1757 1456 1882 1526 legi-

316 1565 464 1615 mus,
495 1564 657 1620 quem
683 1548 1120 1618 Recognitionum
1141 1554 1334 1602 auctor
1368 1562 1400 1601 a
1428 1547 1737 1604 Bardesane
1766 1563 1881 1602 mu-

315 1651 471 1697 tuum
496 1647 802 1712 acceperat.

385 1753 454 1807 In
482 1761 607 1823 quot
636 1751 798 1806 libros
829 1760 993 1804 totum
1028 1767 1157 1821 opus
1202 1750 1544 1805 distributum
1597 1750 1687 1805 sit.
1734 1748 1877 1815 Quid

312 1846 377 1901 dc
403 1846 501 1900 illo
551 1843 974 1898 senticndum.-—
994 1842 1182 1899 Refert
1204 1850 1394 1897 auctor
1418 1842 1580 1898 tertio
1617 1841 1869 1913 Rccogni-

315 1939 515 1991 tionum
546 1935 707 1997 libro,
730 1950 790 1989 se
819 1934 1004 1990 decem
1028 1933 1165 1989 alios
1185 1934 1359 1988 sancti
1390 1932 1535 1988 Petri
1562 1948 1873 1988 sermonum

312 2028 645 2095 libros,quos
657 2024 919 2081 Cassarem
932 2024 1217 2087 habuerat,
1242 2023 1309 2077 ad
1331 2030 1583 2078 sanctum
1603 2021 1873 2078 Iacobum

311 2120 551 2174 misisse.
586 2116 626 2170 li
664 2132 795 2171 vero
823 2130 1132 2187 unquamne
1155 2115 1211 2170 in
1250 2115 1444 2185 vulgus
1465 2115 1598 2169 editi
1633 2114 1875 2169 fuerint?

311 2209 627 2279 ignoramus
651 2224 667 2273 ;
687 2206 867 2276 hodie
895 2212 1075 2260 autem
1132 2205 1339 2259 nullum
1368 2220 1557 2259 eorum
1586 2205 1872 2275 vestigium

310 2304 583 2368 superest.
619 2295 1011 2366 Recognitiones
1048 2295 1103 2349 in
1135 2294 1323 2351 decem
1351 2295 1517 2351 libros
1567 2295 1875 2352 distributae

310 2395 458 2442 sunt.
496 2385 676 2441 Priori
729 2384 1005 2440 inducitur
1035 2391 1261 2440 sanctus
1303 2383 1555 2440 Clemens
1603 2386 1873 2442 rationem

308 2492 562 2540 narrans,
604 2490 712 2545 qua
743 2474 919 2530 sancti
967 2472 1230 2529 Barnabas
1275 2474 1754 2543 praedicationibus
1805 2473 1871 2529 ad

310 2559 471 2624 fidem
504 2568 814 2629 traductus,
844 2574 1008 2637 atque
1055 2566 1108 2620 in
1140 2580 1203 2622 ea
1234 2580 1266 2619 a
1287 2575 1478 2621 sancto
1508 2564 1669 2621 Petro
1711 2567 1874 2621 insti-

306 2667 461 2715 tutus
491 2659 677 2714 fuerit.
704 2658 854 2712 Alter
880 2656 1077 2711 sancti
1098 2654 1243 2711 Petri
1275 2670 1398 2711 cum
1441 2655 1665 2712 Simone
1715 2656 1873 2727 Mago

308 2766 618 2807 sermonem
647 2748 1041 2819 complectitur.
1075 2746 1261 2803 Tertio
1291 2748 1453 2805 iidem
1477 2749 1545 2804 de
1581 2757 1779 2804 natura
1805 2749 1873 2803 li-

308 2843 425 2897 beri
475 2841 692 2896 arbitrii
749 2841 1169 2911 colloquuntur,
1225 2856 1334 2912 quo
1396 2852 1619 2898 sanctus
1674 2840 1872 2898 Petrus

307 2938 635 3001 potestatem
665 2930 831 2985 animi
874 2930 1046 2985 nostri
1094 2946 1215 2986 esse
1246 2929 1453 2997 deﬁnit,
1479 2931 1706 3002 id,quod
1726 2932 1870 2998 libet,

307 3023 527 3093 agendi.
556 3020 819 3088 Quartus,
845 3038 967 3092 quae
996 3037 1027 3076 a
1051 3028 1241 3077 sancto
1267 3021 1427 3077 Petro
1453 3023 1509 3077 in
1533 3024 1725 3079 itinere
1751 3023 1875 3078 Tri-

306 3116 419 3185 poli
493 3114 801 3170 Caisaream
866 3120 1120 3184 suscepto
1176 3122 1329 3185 gesta
1384 3123 1536 3181 sunt,
1592 3115 1850 3171 edisserit

306 3214 361 3261 et
412 3207 682 3276 plurimos
729 3204 901 3260 sancti
960 3203 1106 3261 Petri
1158 3206 1560 3263 bortationibus
1610 3209 1679 3263 ad
1710 3208 1873 3264 fidem

308 3297 597 3351 traductos
636 3294 825 3351 refert.
859 3294 1096 3361 Quintus
1137 3298 1496 3367 paraeneticus
1531 3288 1712 3354 sermo
1763 3308 1872 3365 est,

307 3406 418 3459 quo
474 3397 706 3445 sanctus
755 3387 950 3443 Petrus
986 3387 1328 3444 inscientiam
1362 3405 1459 3446 seu
1507 3390 1875 3461 ignorantiam

311 3491 661 3552 peccatorum
702 3481 944 3537 omnium
973 3481 1236 3552 originem
1264 3482 1707 3548 esse,'idolorum
1753 3484 1871 3539 cul-

310 3585 402 3632 tus
450 3576 768 3640 falsitatem,
822 3584 983 3645 atque
1035 3574 1129 3629 Dei
1187 3576 1455 3630 unitatem
1511 3576 1872 3632 demonstrat.

312 3669 477 3725 Sexto
508 3668 762 3738 baptismi
803 3669 1183 3725 necessitatem
1241 3668 1457 3741 probat,
1506 3669 1873 3742 explicatque,

309 3761 588 3833 quomodo
628 3760 696 3814 ad
725 3776 848 3815 eum
896 3775 1221 3817 accessurus
1257 3770 1607 3833 comparatus
1630 3779 1752 3819 esse
1778 3764 1875 3819 de-

306 3853 455 3909 beat.
538 3852 781 3924 Septimo
821 3863 1045 3911 sanctus
1100 3854 1353 3910 Clemens
1406 3854 1609 3909 varios.
1646 3861 1877 3911 eventus

308 3951 521 4009 narrat,
550 3946 645 4014 qui
695 3947 853 3999 matri
883 3954 938 4002 et
984 3945 1246 4002 fratribus
1290 3945 1407 4001 suis
1435 3946 1800 4017 contigerunt,
1823 3952 1878 4001 et

308 4051 420 4104 quo
480 4045 644 4106 pacto
676 4037 731 4090 in
781 4052 877 4093 eos
922 4052 1141 4092 rursum
1166 4038 1221 4092 in
1253 4037 1542 4092 Palaestina
1589 4036 1867 4093 inciderit.

310 4127 618 4198 Sequentes
645 4128 754 4183 duo
772 4128 971 4201 dialogi
1003 4136 1150 4195 sunt,
1181 4128 1381 4199 quibus
1400 4136 1628 4186 sanctus
1654 4129 1873 4196 Petrus,

310 4218 530 4288 Aquila,
575 4217 813 4285 Nicetas,
841 4228 895 4275 et
925 4227 1148 4276 sanctus
1186 4219 1439 4277 Clemens
1474 4222 1593 4278 seni
1628 4222 1877 4289 cuidam,

308 4326 472 4379 quem
523 4311 697 4365 sancti
742 4309 1035 4367 Clementis
1061 4320 1415 4389 patrem-esse
1462 4319 1653 4382 postea
1701 4328 1881 4383 agno-

310 4402 855 4470 verunt,ostendunt,
890 4403 1047 4458 fateri
1093 4419 1194 4460 nos
1233 4403 1457 4459 omnino
1495 4404 1713 4470 debere,
1738 4421 1877 4459 cun-

1854 3155 1942 3216 'C

1989 552 2100 621 tius
2131 549 2466 621 (47)stylum
2498 556 2659 617 atque
2692 546 3053 602 eruditionem
3106 544 3163 597 in
3208 543 3275 596 iis
3325 539 3545 609 conspi-

1984 656 2142 697 cuam
2170 640 2364 695 merito
2392 653 2515 695 esse
2540 636 3030 692 commendandam
3057 652 3073 700 ;
3098 640 3380 687 auctorem
3410 645 3543 684 vero

1986 733 2289 804 theologiaa,
2317 742 2479 803 atque
2501 728 2890 787 ecclesiasticae
2929 726 3199 781 doctrina:
3253 722 3543 777 admodum

1983 825 2215 897 peritum
2246 838 2355 879 non
2396 823 2565 878 fuisse
2592 829 2646 877 et
2698 819 3021 876 fabellarum
3049 814 3423 871 inventoribus
3454 826 3546 865 ac-

1982 916 2337 971 censendum.

2488 980 2887 1036 ARTICULUS
2926 978 3011 1034 lll.

1981 1070 2049 1110 DE
2069 1068 2423 1111 CLEMENTINIS
2449 1068 2518 1107 ΕΤ
2556 1066 2847 1107 ΝοΝΝυιιιε
2873 1065 3012 1104 Αιιιδ
3034 1060 3274 1103 εοηιρτιε
3304 1057 3542 1099 ΒΠΡΡΟΞΙ·

2320 1138 2491 1179 ’1⁸11⁵118
2518 1138 2639 1178 EJUS
2664 1136 2859 1176 NOIINE
2882 1133 3195 1175 INSCBIPTIS.

2052 1214 2388 1271 Clementina:
2426 1212 2596 1265 sancti
2645 1208 2926 1266 Clementis
2974 1223 3160 1261 nomen
3186 1204 3324 1274 falso
3353 1200 3542 1272 pratis-

1978 1305 2418 1362 runt.—-Praater
2445 1305 2629 1359 decem
2660 1301 3092 1372 Recognitionum
3121 1298 3290 1352 libros
3320 1301 3541 1351 exstant

1978 1398 2082 1454 sub
2108 1396 2283 1452 sancti
2310 1392 2603 1450 Clementis
2651 1394 2869 1447 nomine
2898 1404 3088 1445 novem
3122 1395 3177 1443 et
3210 1387 3394 1442 decem
3440 1385 3540 1438 ho-

1976 1489 2160 1550 miliaa,
2181 1502 2302 1557 qua:
2329 1487 2644 1555 plerumque
2673 1482 3023 1539 Clementinze
3046 1478 3305 1549 appellari
3337 1475 3535 1530 solent.

1976 1577 2261 1633 Existimat
2282 1576 2582 1632 Cotelerius
2606 1574 2716 1645 (48)
2744 1588 2834 1629 eas
2856 1573 3077 1626 alteram
3106 1568 3355 1623 fortassis
3377 1564 3539 1618 Reco-

1977 1666 2585 1740 gnitionumeditionem
2624 1679 2745 1720 esse
2776 1661 2952 1718 sancti
2983 1658 3131 1714 Petri
3178 1672 3376 1711 nomen
3402 1670 3541 1724 pra;-

1983 1760 2274 1829 ferentem;
2298 1757 2431 1811 illud
2462 1772 2592 1811 sane
2618 1760 2854 1817 constat,
2889 1750 3169 1819 complura
3208 1750 3262 1801 in
3305 1746 3535 1799 homiliis

1978 1851 2100 1907 istis
2130 1858 2365 1911 exstare,
2393 1861 2513 1917 qua:
2552 1847 2609 1899 in
2638 1840 3092 1914 Recognitionibus
3129 1840 3291 1895 etiam
3346 1839 3540 1906 legun-

1972 1954 2083 2008 tur,
2096 1942 2316 1999 easdem
2335 1940 2565 2002 fabulas,
2580 1938 2913 2006 eosdemque
2925 1946 3144 1988 errores
3165 1930 3424 1998 utrinque
3445 1944 3542 1984 oc-

1973 2040 2219 2101 currere;
2232 2032 2584 2103 eamdemque
2600 2029 2889 2098 utriusque
2900 2024 3081 2096 operis
3094 2022 3537 2077 distributionem

1974 2127 2165 2183 videri.
2199 2125 2349 2196 Stylo
2367 2134 2495 2179 sunt
2513 2123 2668 2179 valde
2695 2120 2949 2191 eleganti,
2981 2118 3294 2188 praebetque
3341 2121 3533 2168 auctor

1973 2219 2219 2289 plurima:
2247 2216 2570 2273 eruditionis
2620 2214 2933 2284 specimen;
2967 2207 3404 2265 commentitium
3449 2220 3543 2260 au-

1973 2318 2081 2366 tem
2107 2325 2169 2366 se
2200 2323 2343 2374 esse,
2373 2306 2562 2362 multis
2599 2306 2747 2360 notis
2773 2302 2976 2374 prodit.

2043 2399 2283 2470 Epitomc
2296 2399 2465 2453 sancti
2488 2396 2634 2450 Petri
2658 2396 2777 2450 vita:
2798 2391 3131 2461 supposititia
3150 2404 3347 2461 quoque
3367 2395 3542 2442 est.—

1975 2490 2072 2547 Est
2097 2492 2261 2546 etiam
2291 2504 2321 2542 a
2350 2488 2620 2544 Cotelerio
2650 2484 2793 2542 edita
2809 2484 2919 2554 (49)
2932 2480 3411 2538 sanctiClementis
3427 2476 3541 2532 his-

1973 2582 2134 2646 toria,
2150 2595 2270 2651 quaa
2292 2578 2531 2647 Epitome
2551 2576 2723 2631 sancti
2745 2573 2891 2628 Petri
2913 2573 3032 2625 vita:
3046 2569 3380 2625 inscribitur.
3400 2564 3543 2619 Scri-

1972 2681 2124 2744 ptum
2140 2673 2241 2727 hoc
2256 2671 2319 2724 ad
2335 2676 2581 2725 sanctum
2595 2666 2853 2721 Jacobum
2867 2659 3412 2732 Hierosolymitanum
3424 2655 3541 2726 epi-

1974 2778 2198 2835 scopum
2216 2764 2400 2819 datum
2415 2775 2535 2817 esse
2557 2759 2964 2829 tingitur,atque
2986 2760 3180 2824 praeter
3194 2766 3283 2805 res
3301 2765 3331 2804 a
3350 2756 3540 2804 sancto

1974 2857 2135 2913 Petro
2156 2862 2358 2927 gestas,
2395 2852 2570 2909 sancti
2588 2848 2882 2907 Clementis
2905 2846 3069 2901 etiam
3092 2843 3215 2898 vitae
3242 2840 3534 2896 historiam

1974 2948 2375 3019 complectitur.
2397 2943 2713 3001 Istud‘vero
2743 2939 2878 2994 nihil
2924 2937 3031 2991 nisi
3081 2935 3534 3004 Recognitionum,

1974 3040 2453 3100 Clementinorum,
2470 3036 2728 3091 Actorum
2744 3029 2991 3100 martyrii
3012 3029 3188 3082 sancti
3209 3023 3529 3085 Clementis,

1976 3137 2138 3201 atque
2188 3128 2430 3185 historiae
2477 3127 2545 3182 de
2600 3124 2857 3195 Ephraim
2923 3134 3137 3175 summa
3190 3124 3295 3171 est.
3359 3115 3536 3184 Hujus

1976 3220 2313 3278 collectionis
2354 3225 2545 3273 auctor
2569 3257 2584 3281 ,
2633 3215 2726 3286 qui
2793 3210 3187 3280 Metaphrastes
3234 3207 3345 3277 (50)
3415 3221 3538 3261 esse

1974 3314 2237 3378 creditur,
2272 3326 2357 3376 ea,
2398 3325 2519 3381 quae
2559 3308 2615 3361 in
2645 3305 2887 3375 scriptis,
2912 3300 3057 3356 unde
3086 3298 3200 3352 haec
3228 3297 3523 3381 excerpsit,

1976 3405 2305 3468 redundare,
2331 3411 2425 3456 aut
2448 3401 2585 3456 falsa
2630 3396 3047 3469 perniciosaque
3091 3406 3214 3447 esse
3267 3391 3370 3446 sibi
3418 3389 3536 3446 visa
3602 3424 3619 3431 μ

1975 3506 2123 3563 sunt,
2181 3493 2501 3565 amputavit.

2044 3588 2171 3641 Alia
2198 3584 2535 3655 supposititia
2567 3582 2737 3635 sancti
2776 3578 3057 3635 Clementis
3094 3592 3280 3631 nomen
3328 3571 3525 3643 prefe-

1974 3680 2143 3738 rentia
2166 3679 2386 3741 scripta.
2409 3705 2480 3717 -—
2506 3673 2632 3731 Fuit
2664 3673 2779 3745 jam
2818 3686 2848 3726 a
2874 3670 3035 3727 nobis
3085 3667 3337 3739 superius
3370 3663 3540 3720 atlno~

1974 3780 2170 3837 tatum,
2204 3768 2637 3840 Recognuionum
2685 3770 2964 3818 auctorem
3019 3759 3305 3822 afﬁrmare,
3351 3756 3537 3811 decem

1975 3865 2152 3921 sancti
2206 3861 2355 3917 Petri
2400 3854 3001 3916 sermonumCaesareze
3026 3852 3338 3907 habitorum
3366 3848 3537 3902 libros

1974 3962 2172 4012 sancto
2189 3951 2394 4008 Iacobo
2423 3966 2454 4004 a
2484 3965 2542 4005 se
2576 3948 2773 4003 missos
2801 3924 3007 4002 fuisse?
3038 3942 3234 3998 Decem
3274 3940 3351 3994 illi
3396 3938 3536 4000 libri,

1978 4036 2037 4101 ut
2064 4047 2178 4117 jam
2214 4044 2382 4100 semel
2418 4041 2752 4104 monuimus,
2784 4038 2852 4093 ad
2881 4052 2982 4090 nos
3013 4050 3120 4089 non
3144 4036 3536 4104 pervenerunt;

1975 4145 2212 4192 attamen
2258 4133 2739 4206 pseudo-Clemens
2782 4142 3007 4200 operam
3053 4126 3223 4188 dedit,
3285 4130 3346 4177 ut
3400 4120 3534 4191 quid

1974 4230 2080 4287 illis
2101 4228 2492 4291 contineretur,
2520 4225 2738 4295 penitus
2771 4237 2877 4275 non
2895 4222 3290 4288 ignoraremus.
3319 4212 3399 4267 Ex
3419 4212 3535 4267 illis

1973 4325 2192 4396 quidam
2215 4325 2326 4397 (51)
2344 4322 2411 4378 de
2442 4320 2556 4376 veri
2575 4318 2854 4390 prOpheta:
2883 4315 3051 4379 notis,
3094 4312 3261 4381 atque
3284 4311 3352 4364 de
3399 4310 3537 4379 legis

1976 4419 2249 4474 intellectu
2276 4418 2487 4487 agebat.
2536 4411 2859 4468 Anastasius
2888 4410 2999 4479 (52)
3028 4406 3400 4463 Antiochenus
3424 4405 3538 4457 lau-

310 4504 397 4550 cta
450 4496 656 4550 divinae
688 4495 1045 4551 Providentiae
1091 4498 1341 4567 imperio,
1387 4513 1492 4552 non
1541 4504 1675 4553 casu
1736 4500 1871 4569 geri.

1978 4511 2070 4573 dat
2100 4515 2357 4579 praeterea
2399 4506 2572 4561 sancti
2626 4502 2921 4559 Clementis
2966 4500 3185 4555 nomine
3236 4497 3539 4553 orationem

315 4584 570 4639 Decimus
620 4599 684 4639 ac
724 4594 1032 4655 postremus
1082 4587 1225 4643 liber
1251 4588 1749 4659 dialogusquoque
1792 4598 1881 4644 est

313 4675 454 4729 inter
498 4682 755 4730 sanctum
789 4677 1141 4746 Clementem,
1170 4680 1530 4750 eumdemque
1565 4696 1753 4737 senem
1810 4680 1879 4737 de

315 4762 442 4817 boni
487 4770 542 4817 et
580 4764 707 4819 mali
750 4775 967 4822 natura.
1022 4767 1103 4823 Ad
1155 4769 1315 4825 finem
1375 4771 1500 4827 libri
1554 4772 1620 4828 de
1658 4772 1880 4848 Simone

316 4850 469 4925 “ago
496 4857 701 4910 mentio
747 4856 1073 4925 instituitur,
1102 4869 1273 4930 atque
1298 4862 1366 4917 de
1409 4877 1497 4927 ea,
1528 4879 1648 4934 quae
1670 4864 1744 4918 ibi
1770 4864 1881 4919 fer-

318 4951 424 5010 tur,
454 4946 601 5001 senis
652 4946 817 5017 hujus
847 4948 903 5002 in
928 4949 1168 5005 Simonis
1191 4949 1331 5022 Magi
1356 4953 1562 5007 vultum
1592 4961 1880 5011 metamor-

315 5037 491 5106 phosi.
551 5037 678 5093 Haec
722 5048 872 5106 sunt,
912 5057 1033 5111 quae
1085 5042 1179 5098 de»
1206 5043 1393 5099 decem
1444 5044 1875 5116 Rccognitionum

316 5127 471 5183 libris
493 5128 654 5185 hodie
683 5132 1030 5189 exstantibus
1051 5134 1347 5191 lectoribus
1377 5136 1566 5193 leviter
1587 5138 1878 5195 delibanda

316 5221 720 5289 proposuimus,
762 5231 824 5276 ut
876 5239 972 5280 eos
1002 5225 1215 5280 inutilia
1273 5226 1385 5283 fere
1422 5229 1624 5299 scripta
1666 5231 1878 5302 legendi

386 5352 498 5423 (46)
529 5352 797 5423 Photius,
818 5356 1007 5412 codice
1033 5370 1184 5411 cxm.

386 5422 498 5489 (47)
538 5422 684 5478 Loco
718 5428 904 5481 citato.

387 5492 505 5566 (ἒξ)
531 5494 801 5566 Coteler.,
830 5504 870 5549 t.
892 5495 930 5566 l,
963 5512 1083 5566 pag.
1115 5494 1237 5551 607.

388 5512 505 5559 (sui
531 5512 801 5574 Coteler.,
830 5512 870 5549 ι.
892 5512 996 5619 ιεὲ

388 5562 509 5629 (49)
540 5562 673 5617 llud.
719 5581 851 5629 pag.
878 5565 943 5619 6.3
991 5613 997 5617 .

387 5632 502 5699 (50,
546 5632 659 5699 ld.,
691 5632 829 5686 ibid.

387 5700 499 5772 (5!)
534 5701 652 5756 Lib.
689 5720 703 5756 1
746 5702 1121 5772 Rccognition.,
1146 5722 1201 5759 n.
1229 5708 1315 5762 Π.

388 5771 498 5841 (52)
523 5778 743 5840 Anast.,
776 5771 970 5841 quaest.
999 5775 1089 5844 96,
1120 5792 1240 5847 pag.
1275 5779 1397 5834 526.

1981 4601 2273 4674 quamdam
2334 4598 2398 4655 de
2422 4596 2788 4659 Providentia,
2846 4602 3001 4664 atque
3053 4590 3117 4645 de
3150 4590 3369 4660 justitia
3416 4587 3534 4642 Dei.

1982 4694 2110 4749 [nde
2138 4707 2268 4747 vero
2300 4689 2535 4745 fortasse
2556 4689 2854 4759 fragmenta
2896 4701 2925 4738 a
2949 4683 3219 4740 Cotelerio
3247 4682 3393 4737 edita
3425 4680 3536 4749 (35)

1979 4786 2146 4856 petita
2181 4790 2330 4847 sunt,
2358 4780 2556 4852 quibus
2591 4778 2879 4833 Trinitatis
2907 4776 3223 4848 mysterium
3253 4772 3417 4843 probe
3445 4786 3541 4825 ex-

1981 4876 2231 4946 plicatur.
2264 4872 2486 4928 Veteres
2543 4870 2719 4925 sancti
2762 4868 3055 4923 Clementis
3099 4867 3305 4933 scripta
3349 4876 3537 4917 eorum

1981 4966 2339 5036 appellatione
2363 4977 2471 5016 non
2497 4960 2681 5036 addita
2732 4974 2875 5029 saepe
2916 4957 3225 5018 laudarunt,
3250 4955 3393 5007 inter
3434 4964 3540 5003 ca}-

1980 5034 2128 5113 teros
2148 5064 2375 5113 sanctus
2404 5034 2638 5110 Basilius
2666 5051 2778 5122 (51:)
2810 5046 3343 5121 pseudo—Dionysius
3373 5043 3539 5096 Areo-

1979 5144 2179 5213 pagita,
2215 5148 2406 5195 auctor
2458 5137 2848 5208 disputationis
2904 5144 3095 5190 contra
3149 5130 3342 5183 Arium
3394 5127 3537 5181 inter

1980 5249 2146 5305 Opera
2181 5234 2359 5289 sancti
2386 5231 2692 5293 Athanasii,
2723 5227 3049 5283 Anastasius
3111 5221 3342 5282 Sinaita,
3376 5219 3531 5274 Nice-

2052 5364 2164 5435 (55)
2188 5364 2422 5420 Coteler.
2444 5405 2459 5429 ,
2492 5372 2610 5416 not.
2647 5360 2711 5414 ad
2740 5360 2881 5435 lib._r
2912 5356 3176 5435 Recognit.
3200 5396 3215 5422 ,
3250 5371 3308 5408 n.
3345 5352 3415 5407 24
3443 5372 3455 5420 ;
3481 5363 3535 5408 ct

1977 5426 2120 5491 inter
2141 5426 2414 5487 testimon.
2446 5426 2691 5485 veterum
2723 5430 2789 5482 de
2820 5426 3145 5482 Clementin.

2050 5504 2160 5573 (54)
2195 5503 2448 5564 Basilius,
2472 5502 2565 5556 lib.
2584 5517 2599 5573 _t
2626 5499 2699 5573 ρο
2718 5498 2919 5573 Spiritu
2934 5505 3285 5573 sancto,_cap_.
3307 5492 3540 5573 253⁸1)ἰο-

1980 5562 2097 5644 nys.
2110 5613 2124 5634 ,
2141 5562 2247 5644 :De_
2261 5573 2425 5644 divin.
2436 5562 2836 5644 nominibus}.
2851 5567 2906 5633 6;
2920 5562 3247 5644 Anastasius
3268 5565 3319 5644 in
3341 5562 3535 5631 Odego.

1980 5634 2101 5712 cap.
2130 5642 2167 5712 2
2190 5660 2205 5707 ;
2226 5641 2572 5712 Nicephor._,
2593 5640 2636 5712 ΙΔ
2655 5636 2901 5712 milia,
2924 5651 2974 5689 c.
2996 5636 3081 5690 ll.
3112 5634 3528 5712 Kidendusquo.

1977 5705 2083 5784 que
2111 5705 2307 5775 Grabe,
2356 5705 2485 5763 fouit.
2508 5708 2547 5763 ll
2599 5707 2842 5778 Spicileq.
2876 5750 2889 5775 ,
2926 5721 3046 5778 pag.
3107 5705 3204 5761 189
3233 5710 3284 5759 ct
3307 5719 3463 5773 seqq.
