  <div class='ocr_page' id='page_1' title='image "/cluster/home/n/w/nwhite01/storage/ocr_20150623/1/mdp.39015014764065/085.png"; bbox 0 0 4076 6280; ppageno 0'>
   <div class='ocr_carea' id='block_1_1' title="bbox 483 330 574 384">
    <p class='ocr_par' dir='ltr' id='par_1_1' title="bbox 483 330 574 384">
     <span class='ocr_line' id='line_1_1' title="bbox 483 330 574 384; baseline -0.022 0"><span class='ocrx_word' id='word_1_1' title='bbox 483 330 574 384; x_wconf 73' lang='grc'><strong>151</strong></span> 
     </span>
    </p>
   </div>
   <div class='ocr_carea' id='block_1_2' title="bbox 1602 318 2580 377">
    <p class='ocr_par' dir='ltr' id='par_1_2' title="bbox 1602 318 2580 377">
     <span class='ocr_line' id='line_1_2' title="bbox 1602 318 2580 377; baseline -0.003 -1"><span class='ocrx_word' id='word_1_2' title='bbox 1602 323 1689 376; x_wconf 78' lang='lat' dir='ltr'><strong>AD</strong></span> <span class='ocrx_word' id='word_1_3' title='bbox 1730 321 1786 377; x_wconf 83' lang='lat' dir='ltr'><strong>S.</strong></span> <span class='ocrx_word' id='word_1_4' title='bbox 1831 319 2251 377; x_wconf 73' lang='lat' dir='ltr'><strong>CLEMENTEM</strong></span> <span class='ocrx_word' id='word_1_5' title='bbox 2293 319 2312 373; x_wconf 91' lang='lat' dir='ltr'><strong>l</strong></span> <span class='ocrx_word' id='word_1_6' title='bbox 2351 318 2580 374; x_wconf 75' lang='lat' dir='ltr'><strong>PAPAM</strong></span> 
     </span>
    </p>
   </div>
   <div class='ocr_carea' id='block_1_3' title="bbox 3607 318 3708 373">
    <p class='ocr_par' dir='ltr' id='par_1_3' title="bbox 3607 318 3708 373">
     <span class='ocr_line' id='line_1_3' title="bbox 3607 318 3708 373; baseline -0.01 0"><span class='ocrx_word' id='word_1_7' title='bbox 3607 318 3708 373; x_wconf 61' lang='lat'><strong>553</strong></span> 
     </span>
    </p>
   </div>
   <div class='ocr_carea' id='block_1_4' title="bbox 480 430 3709 520">
    <p class='ocr_par' dir='ltr' id='par_1_4' title="bbox 480 430 3709 520">
     <span class='ocr_line' id='line_1_4' title="bbox 480 430 3709 520; baseline -0.004 -19"><span class='ocrx_word' id='word_1_8' title='bbox 480 449 684 520; x_wconf 87' lang='lat' dir='ltr'><strong>phorus</strong></span> <span class='ocrx_word' id='word_1_9' title='bbox 725 442 1005 508; x_wconf 73' lang='lat' dir='ltr'><strong>Callistus,</strong></span> <span class='ocrx_word' id='word_1_10' title='bbox 1048 449 1222 511; x_wconf 89' lang='lat' dir='ltr'><strong>atque</strong></span> <span class='ocrx_word' id='word_1_11' title='bbox 1261 442 1508 497; x_wconf 80' lang='lat' dir='ltr'><strong>nonnulli</strong></span> <span class='ocrx_word' id='word_1_12' title='bbox 1547 442 1657 497; x_wconf 83' lang='lat' dir='ltr'><strong>alii.</strong></span> <span class='ocrx_word' id='word_1_13' title='bbox 1716 441 1790 496; x_wconf 88' lang='lat' dir='ltr'><strong>De</strong></span> <span class='ocrx_word' id='word_1_14' title='bbox 1820 439 2042 510; x_wconf 89' lang='lat' dir='ltr'><strong>liturgia</strong></span> <span class='ocrx_word' id='word_1_15' title='bbox 2073 445 2118 502; x_wconf 76' lang='grc' dir='ltr'>Α</span> <span class='ocrx_word' id='word_1_16' title='bbox 2146 439 2328 494; x_wconf 70' lang='lat' dir='ltr'><strong>storias</strong></span> <span class='ocrx_word' id='word_1_17' title='bbox 2366 439 2529 510; x_wconf 88' lang='lat' dir='ltr'><strong>hujus</strong></span> <span class='ocrx_word' id='word_1_18' title='bbox 2579 437 2869 492; x_wconf 68' lang='lat' dir='ltr'><strong>falsitatem</strong></span> <span class='ocrx_word' id='word_1_19' title='bbox 2901 430 3421 499; x_wconf 68' lang='lat' dir='ltr'><strong>demonstrandam;</strong></span> <span class='ocrx_word' id='word_1_20' title='bbox 3465 445 3586 485; x_wconf 85' lang='lat' dir='ltr'><strong>cum</strong></span> <span class='ocrx_word' id='word_1_21' title='bbox 3631 433 3709 488; x_wconf 83' lang='lat' dir='ltr'><strong>le-</strong></span> 
     </span>
    </p>
   </div>
   <div class='ocr_carea' id='block_1_5' title="bbox 480 531 2041 602">
    <p class='ocr_par' dir='ltr' id='par_1_5' title="bbox 480 531 2041 602">
     <span class='ocr_line' id='line_1_5' title="bbox 480 531 2041 602; baseline -0.003 -11"><span class='ocrx_word' id='word_1_22' title='bbox 480 535 657 591; x_wconf 83' lang='lat' dir='ltr'><strong>sancti</strong></span> <span class='ocrx_word' id='word_1_23' title='bbox 678 533 994 594; x_wconf 87' lang='lat' dir='ltr'><strong>Clementis.</strong></span> <span class='ocrx_word' id='word_1_24' title='bbox 1028 541 1191 602; x_wconf 87' lang='lat' dir='ltr'><strong>atque</strong></span> <span class='ocrx_word' id='word_1_25' title='bbox 1218 531 1286 587; x_wconf 92' lang='lat' dir='ltr'><strong>de</strong></span> <span class='ocrx_word' id='word_1_26' title='bbox 1315 532 1656 600; x_wconf 86' lang='lat' dir='ltr'><strong>collectione,</strong></span> <span class='ocrx_word' id='word_1_27' title='bbox 1693 547 1856 602; x_wconf 91' lang='lat' dir='ltr'><strong>quam</strong></span> <span class='ocrx_word' id='word_1_28' title='bbox 1879 532 1946 584; x_wconf 86' lang='lat' dir='ltr'><strong>ab</strong></span> <span class='ocrx_word' id='word_1_29' title='bbox 1974 545 2041 586; x_wconf 90' lang='lat' dir='ltr'><strong>eo</strong></span> 
     </span>
    </p>
   </div>
   <div class='ocr_carea' id='block_1_6' title="bbox 478 625 2041 690">
    <p class='ocr_par' dir='ltr' id='par_1_6' title="bbox 478 625 2041 690">
     <span class='ocr_line' id='line_1_6' title="bbox 478 625 2041 690; baseline -0.003 -6"><span class='ocrx_word' id='word_1_30' title='bbox 478 629 784 686; x_wconf 85' lang='lat' dir='ltr'><strong>institutam</strong></span> <span class='ocrx_word' id='word_1_31' title='bbox 821 625 1022 690; x_wconf 89' lang='lat' dir='ltr'><strong>ferunt,</strong></span> <span class='ocrx_word' id='word_1_32' title='bbox 1051 627 1224 682; x_wconf 85' lang='lat' dir='ltr'><strong>sancti</strong></span> <span class='ocrx_word' id='word_1_33' title='bbox 1269 625 1413 683; x_wconf 91' lang='lat' dir='ltr'><strong>Petri</strong></span> <span class='ocrx_word' id='word_1_34' title='bbox 1451 626 1868 690; x_wconf 87' lang='lat' dir='ltr'><strong>revelationum,</strong></span> <span class='ocrx_word' id='word_1_35' title='bbox 1898 626 2041 681; x_wconf 90' lang='lat' dir='ltr'><strong>idem</strong></span> 
     </span>
    </p>
   </div>
   <div class='ocr_carea' id='block_1_7' title="bbox 479 719 1202 788">
    <p class='ocr_par' dir='ltr' id='par_1_7' title="bbox 479 719 1202 788">
     <span class='ocr_line' id='line_1_7' title="bbox 479 719 1202 788; baseline 0 -13"><span class='ocrx_word' id='word_1_36' title='bbox 479 719 762 776; x_wconf 90' lang='lat' dir='ltr'><strong>ferendum</strong></span> <span class='ocrx_word' id='word_1_37' title='bbox 801 725 887 773; x_wconf 90' lang='lat' dir='ltr'><strong>est</strong></span> <span class='ocrx_word' id='word_1_38' title='bbox 911 719 1202 788; x_wconf 82' lang='lat' dir='ltr'><strong>judicium.</strong></span> 
     </span>
    </p>
   </div>
   <div class='ocr_carea' id='block_1_8' title="bbox 988 808 1525 866">
    <p class='ocr_par' dir='ltr' id='par_1_8' title="bbox 988 808 1525 866">
     <span class='ocr_line' id='line_1_8' title="bbox 988 808 1525 866; baseline 0.002 -1"><span class='ocrx_word' id='word_1_39' title='bbox 988 808 1388 866; x_wconf 84' lang='lat' dir='ltr'><strong>ARTICULUS</strong></span> <span class='ocrx_word' id='word_1_40' title='bbox 1435 810 1525 866; x_wconf 78' lang='grc' dir='ltr'><strong>ιγ.</strong></span> 
     </span>
    </p>
   </div>
   <div class='ocr_carea' id='block_1_9' title="bbox 687 913 1825 956">
    <p class='ocr_par' dir='ltr' id='par_1_9' title="bbox 687 913 1825 956">
     <span class='ocr_line' id='line_1_9' title="bbox 687 913 1825 956; baseline 0.001 -3"><span class='ocrx_word' id='word_1_41' title='bbox 687 915 752 953; x_wconf 71' lang='grc' dir='ltr'><strong>οε</strong></span> <span class='ocrx_word' id='word_1_42' title='bbox 792 913 950 956; x_wconf 77' lang='lat' dir='ltr'><strong>ACTIS</strong></span> <span class='ocrx_word' id='word_1_43' title='bbox 990 917 1248 955; x_wconf 66' lang='lat' dir='ltr'><strong>IABTYRII</strong></span> <span class='ocrx_word' id='word_1_44' title='bbox 1289 917 1476 956; x_wconf 73' lang='lat' dir='ltr'><strong>SANCTI</strong></span> <span class='ocrx_word' id='word_1_45' title='bbox 1508 914 1825 956; x_wconf 70' lang='grc' dir='ltr'><strong>οιειιεκτιε.</strong></span> 
     </span>
    </p>
   </div>
   <div class='ocr_carea' id='block_1_10' title="bbox 543 988 2042 1066">
    <p class='ocr_par' dir='ltr' id='par_1_10' title="bbox 543 988 2042 1066">
     <span class='ocr_line' id='line_1_10' title="bbox 543 988 2042 1066; baseline -0.005 -17"><span class='ocrx_word' id='word_1_46' title='bbox 543 996 676 1049; x_wconf 81' lang='lat' dir='ltr'><strong>Acta</strong></span> <span class='ocrx_word' id='word_1_47' title='bbox 720 996 964 1066; x_wconf 78' lang='lat' dir='ltr'><strong>martyrii</strong></span> <span class='ocrx_word' id='word_1_48' title='bbox 993 995 1173 1049; x_wconf 79' lang='lat' dir='ltr'><strong>sancti</strong></span> <span class='ocrx_word' id='word_1_49' title='bbox 1203 993 1501 1048; x_wconf 78' lang='lat' dir='ltr'><strong>Clementis</strong></span> <span class='ocrx_word' id='word_1_50' title='bbox 1547 1000 1658 1046; x_wconf 88' lang='lat' dir='ltr'><strong>tam</strong></span> <span class='ocrx_word' id='word_1_51' title='bbox 1703 988 2042 1046; x_wconf 86' lang='lat' dir='ltr'><strong>admirandis</strong></span> 
     </span>
    </p>
   </div>
   <div class='ocr_carea' id='block_1_11' title="bbox 477 1079 2041 1151">
    <p class='ocr_par' dir='ltr' id='par_1_11' title="bbox 477 1079 2041 1151">
     <span class='ocr_line' id='line_1_11' title="bbox 477 1079 2041 1151; baseline -0.007 -9"><span class='ocrx_word' id='word_1_52' title='bbox 477 1088 884 1142; x_wconf 81' lang='lat' dir='ltr'><strong>narrationibus</strong></span> <span class='ocrx_word' id='word_1_53' title='bbox 916 1093 1033 1140; x_wconf 90' lang='lat' dir='ltr'><strong>tota</strong></span> <span class='ocrx_word' id='word_1_54' title='bbox 1081 1082 1316 1140; x_wconf 82' lang='lat' dir='ltr'><strong>conﬂata</strong></span> <span class='ocrx_word' id='word_1_55' title='bbox 1363 1091 1517 1148; x_wconf 89' lang='lat' dir='ltr'><strong>sunt,</strong></span> <span class='ocrx_word' id='word_1_56' title='bbox 1563 1088 1624 1137; x_wconf 92' lang='lat' dir='ltr'><strong>ut</strong></span> <span class='ocrx_word' id='word_1_57' title='bbox 1675 1097 1817 1151; x_wconf 65' lang='lat' dir='ltr'><strong>aegre</strong></span> <span class='ocrx_word' id='word_1_58' title='bbox 1847 1079 2041 1151; x_wconf 79' lang='lat' dir='ltr'><strong>legenti</strong></span> 
     </span>
    </p>
   </div>
   <div class='ocr_carea' id='block_1_12' title="bbox 475 1174 2042 1249">
    <p class='ocr_par' dir='ltr' id='par_1_12' title="bbox 475 1174 2042 1249">
     <span class='ocr_line' id='line_1_12' title="bbox 475 1174 2042 1249; baseline -0.007 -14"><span class='ocrx_word' id='word_1_59' title='bbox 475 1179 819 1249; x_wconf 81' lang='lat' dir='ltr'><strong>supposititia</strong></span> <span class='ocrx_word' id='word_1_60' title='bbox 841 1177 1007 1232; x_wconf 85' lang='lat' dir='ltr'><strong>videri</strong></span> <span class='ocrx_word' id='word_1_61' title='bbox 1025 1192 1133 1230; x_wconf 90' lang='lat' dir='ltr'><strong>non</strong></span> <span class='ocrx_word' id='word_1_62' title='bbox 1153 1176 1381 1245; x_wconf 87' lang='lat' dir='ltr'><strong>possint.</strong></span> <span class='ocrx_word' id='word_1_63' title='bbox 1405 1174 1672 1228; x_wconf 89' lang='lat' dir='ltr'><strong>Constant</strong></span> <span class='ocrx_word' id='word_1_64' title='bbox 1696 1179 1874 1227; x_wconf 90' lang='lat' dir='ltr'><strong>autem</strong></span> <span class='ocrx_word' id='word_1_65' title='bbox 1892 1185 2042 1227; x_wconf 88' lang='lat' dir='ltr'><strong>mera</strong></span> 
     </span>
    </p>
   </div>
   <div class='ocr_carea' id='block_1_13' title="bbox 474 1262 2043 1336">
    <p class='ocr_par' dir='ltr' id='par_1_13' title="bbox 474 1262 2043 1336">
     <span class='ocr_line' id='line_1_13' title="bbox 474 1262 2043 1336; baseline -0.003 -11"><span class='ocrx_word' id='word_1_66' title='bbox 474 1271 864 1325; x_wconf 88' lang='lat' dir='ltr'><strong>miraculorum</strong></span> <span class='ocrx_word' id='word_1_67' title='bbox 890 1267 1202 1323; x_wconf 87' lang='lat' dir='ltr'><strong>narratione</strong></span> <span class='ocrx_word' id='word_1_68' title='bbox 1224 1283 1240 1333; x_wconf 91' lang='lat'><strong>;</strong></span> <span class='ocrx_word' id='word_1_69' title='bbox 1263 1280 1386 1336; x_wconf 75' lang='lat' dir='ltr'><strong>qua:</strong></span> <span class='ocrx_word' id='word_1_70' title='bbox 1403 1265 1530 1319; x_wconf 91' lang='lat' dir='ltr'><strong>licet</strong></span> <span class='ocrx_word' id='word_1_71' title='bbox 1557 1264 1698 1334; x_wconf 90' lang='lat' dir='ltr'><strong>stylo</strong></span> <span class='ocrx_word' id='word_1_72' title='bbox 1717 1262 1870 1318; x_wconf 86' lang='lat' dir='ltr'><strong>valde</strong></span> <span class='ocrx_word' id='word_1_73' title='bbox 1891 1263 2043 1332; x_wconf 87' lang='lat' dir='ltr'><strong>gravi</strong></span> 
     </span>
    </p>
   </div>
   <div class='ocr_carea' id='block_1_14' title="bbox 473 1354 2040 1432">
    <p class='ocr_par' dir='ltr' id='par_1_14' title="bbox 473 1354 2040 1432">
     <span class='ocr_line' id='line_1_14' title="bbox 473 1354 2040 1432; baseline -0.007 -14"><span class='ocrx_word' id='word_1_74' title='bbox 473 1364 784 1432; x_wconf 90' lang='lat' dir='ltr'><strong>conscripta</strong></span> <span class='ocrx_word' id='word_1_75' title='bbox 813 1361 905 1422; x_wconf 93' lang='lat' dir='ltr'><strong>sit,</strong></span> <span class='ocrx_word' id='word_1_76' title='bbox 928 1360 1147 1415; x_wconf 84' lang='lat' dir='ltr'><strong>nativus</strong></span> <span class='ocrx_word' id='word_1_77' title='bbox 1175 1368 1356 1413; x_wconf 90' lang='lat' dir='ltr'><strong>tamen</strong></span> <span class='ocrx_word' id='word_1_78' title='bbox 1387 1357 1477 1411; x_wconf 91' lang='lat' dir='ltr'><strong>ille</strong></span> <span class='ocrx_word' id='word_1_79' title='bbox 1493 1355 1837 1424; x_wconf 85' lang='lat' dir='ltr'><strong>antiquitatis</strong></span> <span class='ocrx_word' id='word_1_80' title='bbox 1863 1354 2040 1419; x_wconf 87' lang='lat' dir='ltr'><strong>color,</strong></span> 
     </span>
    </p>
   </div>
   <div class='ocr_carea' id='block_1_15' title="bbox 472 1446 2040 1522">
    <p class='ocr_par' dir='ltr' id='par_1_15' title="bbox 472 1446 2040 1522">
     <span class='ocr_line' id='line_1_15' title="bbox 472 1446 2040 1522; baseline -0.004 -18"><span class='ocrx_word' id='word_1_81' title='bbox 472 1452 565 1522; x_wconf 90' lang='lat' dir='ltr'><strong>qui</strong></span> <span class='ocrx_word' id='word_1_82' title='bbox 590 1448 641 1502; x_wconf 91' lang='lat' dir='ltr'><strong>in</strong></span> <span class='ocrx_word' id='word_1_83' title='bbox 668 1449 918 1519; x_wconf 79' lang='lat' dir='ltr'><strong>genuinis</strong></span> <span class='ocrx_word' id='word_1_84' title='bbox 943 1450 1063 1520; x_wconf 88' lang='lat' dir='ltr'><strong>ejus</strong></span> <span class='ocrx_word' id='word_1_85' title='bbox 1089 1449 1264 1504; x_wconf 64' lang='lat' dir='ltr'><strong>aetatis</strong></span> <span class='ocrx_word' id='word_1_86' title='bbox 1294 1446 1515 1516; x_wconf 81' lang='lat' dir='ltr'><strong>scriptis</strong></span> <span class='ocrx_word' id='word_1_87' title='bbox 1566 1447 1898 1514; x_wconf 90' lang='lat' dir='ltr'><strong>conspicuus</strong></span> <span class='ocrx_word' id='word_1_88' title='bbox 1937 1453 2040 1510; x_wconf 90' lang='lat' dir='ltr'><strong>est,</strong></span> 
     </span>
    </p>
   </div>
   <div class='ocr_carea' id='block_1_16' title="bbox 478 1534 2038 1609">
    <p class='ocr_par' dir='ltr' id='par_1_16' title="bbox 478 1534 2038 1609">
     <span class='ocr_line' id='line_1_16' title="bbox 478 1534 2038 1609; baseline -0.001 -19"><span class='ocrx_word' id='word_1_89' title='bbox 478 1538 678 1594; x_wconf 81' lang='lat' dir='ltr'><strong>ibidem</strong></span> <span class='ocrx_word' id='word_1_90' title='bbox 711 1555 822 1595; x_wconf 90' lang='lat' dir='ltr'><strong>non</strong></span> <span class='ocrx_word' id='word_1_91' title='bbox 849 1546 1149 1609; x_wconf 82' lang='lat' dir='ltr'><strong>spectatur.</strong></span> <span class='ocrx_word' id='word_1_92' title='bbox 1199 1535 1390 1590; x_wconf 81' lang='lat' dir='ltr'><strong>Refert</strong></span> <span class='ocrx_word' id='word_1_93' title='bbox 1419 1535 1677 1604; x_wconf 89' lang='lat' dir='ltr'><strong>primum,</strong></span> <span class='ocrx_word' id='word_1_94' title='bbox 1712 1534 2038 1596; x_wconf 89' lang='lat' dir='ltr'><strong>Sisinnium,</strong></span> 
     </span>
    </p>
   </div>
   <div class='ocr_carea' id='block_1_17' title="bbox 472 1627 2042 1702">
    <p class='ocr_par' dir='ltr' id='par_1_17' title="bbox 472 1627 2042 1702">
     <span class='ocr_line' id='line_1_17' title="bbox 472 1627 2042 1702; baseline -0.003 -18"><span class='ocrx_word' id='word_1_95' title='bbox 472 1631 614 1702; x_wconf 86' lang='lat' dir='ltr'><strong>quod</strong></span> <span class='ocrx_word' id='word_1_96' title='bbox 642 1630 939 1698; x_wconf 62' lang='lat' dir='ltr'><strong>,Theodora</strong></span> <span class='ocrx_word' id='word_1_97' title='bbox 984 1645 1120 1685; x_wconf 78' lang='lat' dir='ltr'><strong>uxor</strong></span> <span class='ocrx_word' id='word_1_98' title='bbox 1147 1628 1508 1684; x_wconf 85' lang='lat' dir='ltr'><strong>Christianam</strong></span> <span class='ocrx_word' id='word_1_99' title='bbox 1553 1627 1866 1697; x_wconf 84' lang='lat' dir='ltr'><strong>religionem</strong></span> <span class='ocrx_word' id='word_1_100' title='bbox 1914 1641 2042 1696; x_wconf 87' lang='lat' dir='ltr'><strong>pro-</strong></span> 
     </span>
    </p>
   </div>
   <div class='ocr_carea' id='block_1_18' title="bbox 473 1717 2037 1792">
    <p class='ocr_par' dir='ltr' id='par_1_18' title="bbox 473 1717 2037 1792">
     <span class='ocr_line' id='line_1_18' title="bbox 473 1717 2037 1792; baseline -0.003 -16"><span class='ocrx_word' id='word_1_101' title='bbox 473 1722 616 1778; x_wconf 89' lang='lat' dir='ltr'><strong>fessa</strong></span> <span class='ocrx_word' id='word_1_102' title='bbox 635 1722 845 1787; x_wconf 81' lang='lat' dir='ltr'><strong>fuisset,</strong></span> <span class='ocrx_word' id='word_1_103' title='bbox 863 1721 1017 1776; x_wconf 80' lang='lat' dir='ltr'><strong>valde</strong></span> <span class='ocrx_word' id='word_1_104' title='bbox 1034 1721 1389 1792; x_wconf 87' lang='lat' dir='ltr'><strong>indignatum,</strong></span> <span class='ocrx_word' id='word_1_105' title='bbox 1409 1721 1696 1784; x_wconf 87' lang='lat' dir='ltr'><strong>rationem,</strong></span> <span class='ocrx_word' id='word_1_106' title='bbox 1714 1734 1820 1788; x_wconf 91' lang='lat' dir='ltr'><strong>qtta</strong></span> <span class='ocrx_word' id='word_1_107' title='bbox 1838 1717 2037 1772; x_wconf 91' lang='lat' dir='ltr'><strong>factum</strong></span> 
     </span>
    </p>
   </div>
   <div class='ocr_carea' id='block_1_19' title="bbox 2144 525 3710 600">
    <p class='ocr_par' dir='ltr' id='par_1_19' title="bbox 2144 525 3710 600">
     <span class='ocr_line' id='line_1_19' title="bbox 2144 525 3710 600; baseline -0.006 -13"><span class='ocrx_word' id='word_1_108' title='bbox 2144 539 2265 587; x_wconf 90' lang='lat' dir='ltr'><strong>ctor</strong></span> <span class='ocrx_word' id='word_1_109' title='bbox 2293 530 2450 586; x_wconf 78' lang='lat' dir='ltr'><strong>facile</strong></span> <span class='ocrx_word' id='word_1_110' title='bbox 2476 530 2752 600; x_wconf 88' lang='lat' dir='ltr'><strong>percipere</strong></span> <span class='ocrx_word' id='word_1_111' title='bbox 2782 526 2990 598; x_wconf 89' lang='lat' dir='ltr'><strong>possit,</strong></span> <span class='ocrx_word' id='word_1_112' title='bbox 3035 525 3286 581; x_wconf 89' lang='lat' dir='ltr'><strong>fabellam</strong></span> <span class='ocrx_word' id='word_1_113' title='bbox 3315 538 3540 593; x_wconf 89' lang='lat' dir='ltr'><strong>sapere,</strong></span> <span class='ocrx_word' id='word_1_114' title='bbox 3590 539 3710 594; x_wconf 79' lang='lat' dir='ltr'><strong>quae</strong></span> 
     </span>
    </p>
   </div>
   <div class='ocr_carea' id='block_1_20' title="bbox 2143 617 3709 687">
    <p class='ocr_par' dir='ltr' id='par_1_20' title="bbox 2143 617 3709 687">
     <span class='ocr_line' id='line_1_20' title="bbox 2143 617 3709 687; baseline -0.008 -6"><span class='ocrx_word' id='word_1_115' title='bbox 2143 625 2212 681; x_wconf 90' lang='lat' dir='ltr'><strong>de</strong></span> <span class='ocrx_word' id='word_1_116' title='bbox 2243 622 2482 678; x_wconf 89' lang='lat' dir='ltr'><strong>Sisinnio</strong></span> <span class='ocrx_word' id='word_1_117' title='bbox 2519 622 2846 678; x_wconf 90' lang='lat' dir='ltr'><strong>referuntur.</strong></span> <span class='ocrx_word' id='word_1_118' title='bbox 2881 620 3014 687; x_wconf 85' lang='lat' dir='ltr'><strong>Quis</strong></span> <span class='ocrx_word' id='word_1_119' title='bbox 3059 619 3206 674; x_wconf 89' lang='lat' dir='ltr'><strong>enim</strong></span> <span class='ocrx_word' id='word_1_120' title='bbox 3245 618 3432 672; x_wconf 88' lang='lat' dir='ltr'><strong>credat</strong></span> <span class='ocrx_word' id='word_1_121' title='bbox 3459 623 3617 671; x_wconf 61' lang='lat' dir='ltr'><strong>atate</strong></span> <span class='ocrx_word' id='word_1_122' title='bbox 3641 617 3709 669; x_wconf 89' lang='lat' dir='ltr'><strong>il-</strong></span> 
     </span>
    </p>
   </div>
   <div class='ocr_carea' id='block_1_21' title="bbox 2143 708 3711 785">
    <p class='ocr_par' dir='ltr' id='par_1_21' title="bbox 2143 708 3711 785">
     <span class='ocr_line' id='line_1_21' title="bbox 2143 708 3711 785; baseline -0.005 -16"><span class='ocrx_word' id='word_1_123' title='bbox 2143 716 2228 780; x_wconf 90' lang='lat' dir='ltr'><strong>la,</strong></span> <span class='ocrx_word' id='word_1_124' title='bbox 2259 728 2367 785; x_wconf 90' lang='lat' dir='ltr'><strong>qua</strong></span> <span class='ocrx_word' id='word_1_125' title='bbox 2417 713 2610 784; x_wconf 83' lang='lat' dir='ltr'><strong>pagani</strong></span> <span class='ocrx_word' id='word_1_126' title='bbox 2657 713 3096 768; x_wconf 87' lang='lat' dir='ltr'><strong>Christianorum</strong></span> <span class='ocrx_word' id='word_1_127' title='bbox 3127 709 3297 765; x_wconf 90' lang='lat' dir='ltr'><strong>cultui</strong></span> <span class='ocrx_word' id='word_1_128' title='bbox 3330 708 3560 764; x_wconf 85' lang='lat' dir='ltr'><strong>vetando</strong></span> <span class='ocrx_word' id='word_1_129' title='bbox 3590 709 3711 778; x_wconf 88' lang='lat' dir='ltr'><strong>plu-</strong></span> 
     </span>
    </p>
   </div>
   <div class='ocr_carea' id='block_1_22' title="bbox 2144 801 3711 876">
    <p class='ocr_par' dir='ltr' id='par_1_22' title="bbox 2144 801 3711 876">
     <span class='ocr_line' id='line_1_22' title="bbox 2144 801 3711 876; baseline -0.005 -16"><span class='ocrx_word' id='word_1_130' title='bbox 2144 807 2343 861; x_wconf 93' lang='lat' dir='ltr'><strong>rimum</strong></span> <span class='ocrx_word' id='word_1_131' title='bbox 2372 805 2746 876; x_wconf 87' lang='lat' dir='ltr'><strong>invigilabant,</strong></span> <span class='ocrx_word' id='word_1_132' title='bbox 2772 805 3036 859; x_wconf 90' lang='lat' dir='ltr'><strong>ecclesias</strong></span> <span class='ocrx_word' id='word_1_133' title='bbox 3056 803 3216 873; x_wconf 82' lang='lat' dir='ltr'><strong>vulgo</strong></span> <span class='ocrx_word' id='word_1_134' title='bbox 3237 801 3372 856; x_wconf 88' lang='lat' dir='ltr'><strong>adeo</strong></span> <span class='ocrx_word' id='word_1_135' title='bbox 3397 809 3572 864; x_wconf 88' lang='lat' dir='ltr'><strong>notas,</strong></span> <span class='ocrx_word' id='word_1_136' title='bbox 3598 810 3711 854; x_wconf 84' lang='lat' dir='ltr'><strong>tan-</strong></span> 
     </span>
    </p>
   </div>
   <div class='ocr_carea' id='block_1_23' title="bbox 2143 893 3710 969">
    <p class='ocr_par' dir='ltr' id='par_1_23' title="bbox 2143 893 3710 969">
     <span class='ocr_line' id='line_1_23' title="bbox 2143 893 3710 969; baseline -0.003 -17"><span class='ocrx_word' id='word_1_137' title='bbox 2143 906 2361 969; x_wconf 86' lang='lat' dir='ltr'><strong>tamque</strong></span> <span class='ocrx_word' id='word_1_138' title='bbox 2405 912 2499 956; x_wconf 86' lang='lat' dir='ltr'><strong>eas</strong></span> <span class='ocrx_word' id='word_1_139' title='bbox 2529 896 2797 953; x_wconf 83' lang='lat' dir='ltr'><strong>subeundi</strong></span> <span class='ocrx_word' id='word_1_140' title='bbox 2826 896 3103 950; x_wconf 88' lang='lat' dir='ltr'><strong>licentiam</strong></span> <span class='ocrx_word' id='word_1_141' title='bbox 3131 895 3337 958; x_wconf 87' lang='lat' dir='ltr'><strong>fuisse,</strong></span> <span class='ocrx_word' id='word_1_142' title='bbox 3373 900 3431 948; x_wconf 89' lang='lat' dir='ltr'><strong>ut</strong></span> <span class='ocrx_word' id='word_1_143' title='bbox 3482 893 3710 965; x_wconf 84' lang='lat' dir='ltr'><strong>paganis</strong></span> 
     </span>
    </p>
   </div>
   <div class='ocr_carea' id='block_1_24' title="bbox 2144 984 3708 1059">
    <p class='ocr_par' dir='ltr' id='par_1_24' title="bbox 2144 984 3708 1059">
     <span class='ocr_line' id='line_1_24' title="bbox 2144 984 3708 1059; baseline -0.003 -17"><span class='ocrx_word' id='word_1_144' title='bbox 2144 989 2275 1059; x_wconf 84' lang='lat' dir='ltr'><strong>ipsis</strong></span> <span class='ocrx_word' id='word_1_145' title='bbox 2325 988 2506 1043; x_wconf 87' lang='lat' dir='ltr'><strong>aditus</strong></span> <span class='ocrx_word' id='word_1_146' title='bbox 2551 987 2619 1042; x_wconf 89' lang='lat' dir='ltr'><strong>ad</strong></span> <span class='ocrx_word' id='word_1_147' title='bbox 2656 1002 2753 1049; x_wconf 84' lang='lat' dir='ltr'><strong>eas</strong></span> <span class='ocrx_word' id='word_1_148' title='bbox 2784 994 3023 1058; x_wconf 85' lang='lat' dir='ltr'><strong>pateret,</strong></span> <span class='ocrx_word' id='word_1_149' title='bbox 3066 994 3121 1041; x_wconf 92' lang='lat' dir='ltr'><strong>et</strong></span> <span class='ocrx_word' id='word_1_150' title='bbox 3168 985 3382 1040; x_wconf 87' lang='lat' dir='ltr'><strong>Domini</strong></span> <span class='ocrx_word' id='word_1_151' title='bbox 3438 984 3708 1038; x_wconf 88' lang='lat' dir='ltr'><strong>ministris</strong></span> 
     </span>
    </p>
   </div>
   <div class='ocr_carea' id='block_1_25' title="bbox 2143 1077 3709 1153">
    <p class='ocr_par' dir='ltr' id='par_1_25' title="bbox 2143 1077 3709 1153">
     <span class='ocr_line' id='line_1_25' title="bbox 2143 1077 3709 1153; baseline -0.003 -19"><span class='ocrx_word' id='word_1_152' title='bbox 2143 1082 2217 1135; x_wconf 91' lang='lat' dir='ltr'><strong>nil</strong></span> <span class='ocrx_word' id='word_1_153' title='bbox 2260 1082 2692 1152; x_wconf 87' lang='lat' dir='ltr'><strong>prohibentibus,</strong></span> <span class='ocrx_word' id='word_1_154' title='bbox 2724 1097 2846 1153; x_wconf 68' lang='lat' dir='ltr'><strong>qua:</strong></span> <span class='ocrx_word' id='word_1_155' title='bbox 2891 1082 2947 1135; x_wconf 91' lang='lat' dir='ltr'><strong>in</strong></span> <span class='ocrx_word' id='word_1_156' title='bbox 2992 1093 3274 1135; x_wconf 88' lang='lat' dir='ltr'><strong>sacrorum</strong></span> <span class='ocrx_word' id='word_1_157' title='bbox 3323 1077 3709 1148; x_wconf 86' lang='lat' dir='ltr'><strong>mysteriorum</strong></span> 
     </span>
    </p>
   </div>
   <div class='ocr_carea' id='block_1_26' title="bbox 2141 1169 3711 1245">
    <p class='ocr_par' dir='ltr' id='par_1_26' title="bbox 2141 1169 3711 1245">
     <span class='ocr_line' id='line_1_26' title="bbox 2141 1169 3711 1245; baseline -0.005 -15"><span class='ocrx_word' id='word_1_158' title='bbox 2141 1175 2508 1230; x_wconf 86' lang='lat' dir='ltr'><strong>celebratione</strong></span> <span class='ocrx_word' id='word_1_159' title='bbox 2560 1175 2905 1245; x_wconf 86' lang='lat' dir='ltr'><strong>gerebantur,</strong></span> <span class='ocrx_word' id='word_1_160' title='bbox 2953 1173 3289 1242; x_wconf 84' lang='lat' dir='ltr'><strong>perlustrare</strong></span> <span class='ocrx_word' id='word_1_161' title='bbox 3320 1169 3604 1224; x_wconf 76' lang='lat' dir='ltr'><strong>valerent?</strong></span> <span class='ocrx_word' id='word_1_162' title='bbox 3646 1169 3711 1223; x_wconf 90' lang='lat' dir='ltr'><strong>il-</strong></span> 
     </span>
    </p>
   </div>
   <div class='ocr_carea' id='block_1_27' title="bbox 2142 1258 3712 1336">
    <p class='ocr_par' dir='ltr' id='par_1_27' title="bbox 2142 1258 3712 1336">
     <span class='ocr_line' id='line_1_27' title="bbox 2142 1258 3712 1336; baseline -0.003 -18"><span class='ocrx_word' id='word_1_163' title='bbox 2142 1266 2234 1320; x_wconf 92' lang='lat' dir='ltr'><strong>lud</strong></span> <span class='ocrx_word' id='word_1_164' title='bbox 2263 1279 2482 1336; x_wconf 89' lang='lat' dir='ltr'><strong>quoque</strong></span> <span class='ocrx_word' id='word_1_165' title='bbox 2516 1265 2828 1320; x_wconf 83' lang='lat' dir='ltr'><strong>verosimile</strong></span> <span class='ocrx_word' id='word_1_166' title='bbox 2858 1280 2968 1319; x_wconf 88' lang='lat' dir='ltr'><strong>non</strong></span> <span class='ocrx_word' id='word_1_167' title='bbox 3005 1261 3100 1327; x_wconf 86' lang='lat' dir='ltr'><strong>fit,</strong></span> <span class='ocrx_word' id='word_1_168' title='bbox 3133 1258 3356 1331; x_wconf 88' lang='lat' dir='ltr'><strong>Trajani</strong></span> <span class='ocrx_word' id='word_1_169' title='bbox 3385 1267 3545 1314; x_wconf 71' lang='lat' dir='ltr'><strong>aetate</strong></span> <span class='ocrx_word' id='word_1_170' title='bbox 3574 1275 3712 1328; x_wconf 69' lang='lat' dir='ltr'><strong>pra-</strong></span> 
     </span>
    </p>
   </div>
   <div class='ocr_carea' id='block_1_28' title="bbox 2142 1350 3713 1422">
    <p class='ocr_par' dir='ltr' id='par_1_28' title="bbox 2142 1350 3713 1422">
     <span class='ocr_line' id='line_1_28' title="bbox 2142 1350 3713 1422; baseline -0.003 -13"><span class='ocrx_word' id='word_1_171' title='bbox 2142 1354 2341 1411; x_wconf 91' lang='lat' dir='ltr'><strong>fectum</strong></span> <span class='ocrx_word' id='word_1_172' title='bbox 2385 1356 2556 1410; x_wconf 89' lang='lat' dir='ltr'><strong>ullum</strong></span> <span class='ocrx_word' id='word_1_173' title='bbox 2590 1363 2738 1411; x_wconf 87' lang='lat' dir='ltr'><strong>tanta</strong></span> <span class='ocrx_word' id='word_1_174' title='bbox 2780 1355 3006 1410; x_wconf 86' lang='lat' dir='ltr'><strong>audacia</strong></span> <span class='ocrx_word' id='word_1_175' title='bbox 3038 1353 3242 1418; x_wconf 90' lang='lat' dir='ltr'><strong>fuisse,</strong></span> <span class='ocrx_word' id='word_1_176' title='bbox 3275 1352 3369 1422; x_wconf 89' lang='lat' dir='ltr'><strong>qui</strong></span> <span class='ocrx_word' id='word_1_177' title='bbox 3414 1350 3713 1406; x_wconf 80' lang='lat' dir='ltr'><strong>seditiones</strong></span> 
     </span>
    </p>
   </div>
   <div class='ocr_carea' id='block_1_29' title="bbox 2142 1441 3708 1502">
    <p class='ocr_par' dir='ltr' id='par_1_29' title="bbox 2142 1441 3708 1502">
     <span class='ocr_line' id='line_1_29' title="bbox 2142 1441 3708 1502; baseline -0.004 -2"><span class='ocrx_word' id='word_1_178' title='bbox 2142 1446 2196 1500; x_wconf 91' lang='lat' dir='ltr'><strong>in</strong></span> <span class='ocrx_word' id='word_1_179' title='bbox 2247 1447 2380 1502; x_wconf 90' lang='lat' dir='ltr'><strong>urbe</strong></span> <span class='ocrx_word' id='word_1_180' title='bbox 2413 1446 2502 1501; x_wconf 86' lang='lat' dir='ltr'><strong>vel</strong></span> <span class='ocrx_word' id='word_1_181' title='bbox 2547 1455 2740 1502; x_wconf 84' lang='lat' dir='ltr'><strong>contra</strong></span> <span class='ocrx_word' id='word_1_182' title='bbox 2780 1445 3124 1501; x_wconf 90' lang='lat' dir='ltr'><strong>Christianos</strong></span> <span class='ocrx_word' id='word_1_183' title='bbox 3177 1445 3422 1499; x_wconf 78' lang='lat' dir='ltr'><strong>excitare</strong></span> <span class='ocrx_word' id='word_1_184' title='bbox 3466 1441 3708 1496; x_wconf 90' lang='lat' dir='ltr'><strong>auderet.</strong></span> 
     </span>
    </p>
   </div>
   <div class='ocr_carea' id='block_1_30' title="bbox 2140 1530 3712 1605">
    <p class='ocr_par' dir='ltr' id='par_1_30' title="bbox 2140 1530 3712 1605">
     <span class='ocr_line' id='line_1_30' title="bbox 2140 1530 3712 1605; baseline -0.004 -15"><span class='ocrx_word' id='word_1_185' title='bbox 2140 1537 2220 1590; x_wconf 82' lang='lat' dir='ltr'><strong>Ad</strong></span> <span class='ocrx_word' id='word_1_186' title='bbox 2251 1537 2366 1591; x_wconf 69' lang='lat' dir='ltr'><strong>haec</strong></span> <span class='ocrx_word' id='word_1_187' title='bbox 2396 1551 2678 1591; x_wconf 88' lang='lat' dir='ltr'><strong>sacrorum</strong></span> <span class='ocrx_word' id='word_1_188' title='bbox 2707 1535 3006 1592; x_wconf 79' lang='lat' dir='ltr'><strong>oﬁiciorum</strong></span> <span class='ocrx_word' id='word_1_189' title='bbox 3039 1535 3256 1591; x_wconf 91' lang='lat' dir='ltr'><strong>comitis</strong></span> <span class='ocrx_word' id='word_1_190' title='bbox 3285 1533 3577 1605; x_wconf 89' lang='lat' dir='ltr'><strong>appellatio</strong></span> <span class='ocrx_word' id='word_1_191' title='bbox 3604 1530 3712 1584; x_wconf 82' lang='lat' dir='ltr'><strong>Pu-</strong></span> 
     </span>
    </p>
   </div>
   <div class='ocr_carea' id='block_1_31' title="bbox 2142 1621 3710 1694">
    <p class='ocr_par' dir='ltr' id='par_1_31' title="bbox 2142 1621 3710 1694">
     <span class='ocr_line' id='line_1_31' title="bbox 2142 1621 3710 1694; baseline -0.006 -12"><span class='ocrx_word' id='word_1_192' title='bbox 2142 1625 2254 1682; x_wconf 89' lang='lat' dir='ltr'><strong>blio</strong></span> <span class='ocrx_word' id='word_1_193' title='bbox 2283 1627 2487 1682; x_wconf 90' lang='lat' dir='ltr'><strong>tributa</strong></span> <span class='ocrx_word' id='word_1_194' title='bbox 2534 1625 2708 1681; x_wconf 87' lang='lat' dir='ltr'><strong>sancti</strong></span> <span class='ocrx_word' id='word_1_195' title='bbox 2759 1625 3058 1681; x_wconf 88' lang='lat' dir='ltr'><strong>Clementis</strong></span> <span class='ocrx_word' id='word_1_196' title='bbox 3101 1641 3217 1680; x_wconf 76' lang='lat' dir='ltr'><strong>azvo</strong></span> <span class='ocrx_word' id='word_1_197' title='bbox 3265 1623 3482 1694; x_wconf 89' lang='lat' dir='ltr'><strong>cognita</strong></span> <span class='ocrx_word' id='word_1_198' title='bbox 3533 1621 3710 1675; x_wconf 89' lang='lat' dir='ltr'><strong>adhuc</strong></span> 
     </span>
    </p>
   </div>
   <div class='ocr_carea' id='block_1_32' title="bbox 2145 1716 3712 1788">
    <p class='ocr_par' dir='ltr' id='par_1_32' title="bbox 2145 1716 3712 1788">
     <span class='ocr_line' id='line_1_32' title="bbox 2145 1716 3712 1788; baseline -0.005 -15"><span class='ocrx_word' id='word_1_199' title='bbox 2145 1733 2251 1774; x_wconf 92' lang='lat' dir='ltr'><strong>non</strong></span> <span class='ocrx_word' id='word_1_200' title='bbox 2274 1726 2391 1774; x_wconf 88' lang='lat' dir='ltr'><strong>erat</strong></span> <span class='ocrx_word' id='word_1_201' title='bbox 2413 1736 2428 1785; x_wconf 92' lang='lat'><strong>;</strong></span> <span class='ocrx_word' id='word_1_202' title='bbox 2464 1718 2561 1774; x_wconf 89' lang='lat' dir='ltr'><strong>sed</strong></span> <span class='ocrx_word' id='word_1_203' title='bbox 2587 1717 2945 1774; x_wconf 86' lang='lat' dir='ltr'><strong>Constantino</strong></span> <span class='ocrx_word' id='word_1_204' title='bbox 2972 1718 3205 1788; x_wconf 90' lang='lat' dir='ltr'><strong>primum</strong></span> <span class='ocrx_word' id='word_1_205' title='bbox 3228 1716 3528 1784; x_wconf 88' lang='lat' dir='ltr'><strong>imperante</strong></span> <span class='ocrx_word' id='word_1_206' title='bbox 3551 1729 3712 1767; x_wconf 84' lang='lat' dir='ltr'><strong>usur-</strong></span> 
     </span>
    </p>
   </div>
   <div class='ocr_carea' id='block_1_33' title="bbox 473 1796 3714 1884">
    <p class='ocr_par' dir='ltr' id='par_1_33' title="bbox 473 1796 3714 1884">
     <span class='ocr_line' id='line_1_33' title="bbox 473 1796 3714 1884; baseline -0.004 -15"><span class='ocrx_word' id='word_1_207' title='bbox 473 1816 575 1870; x_wconf 91' lang='lat' dir='ltr'><strong>hoc</strong></span> <span class='ocrx_word' id='word_1_208' title='bbox 590 1816 780 1869; x_wconf 87' lang='lat' dir='ltr'><strong>ulcisci</strong></span> <span class='ocrx_word' id='word_1_209' title='bbox 811 1828 1014 1884; x_wconf 87' lang='lat' dir='ltr'><strong>posset,</strong></span> <span class='ocrx_word' id='word_1_210' title='bbox 1044 1812 1394 1883; x_wconf 67' lang='lat' dir='ltr'><strong>quaesivisse;</strong></span> <span class='ocrx_word' id='word_1_211' title='bbox 1425 1828 1549 1867; x_wconf 92' lang='lat' dir='ltr'><strong>cum</strong></span> <span class='ocrx_word' id='word_1_212' title='bbox 1582 1826 1711 1866; x_wconf 87' lang='lat' dir='ltr'><strong>vero</strong></span> <span class='ocrx_word' id='word_1_213' title='bbox 1752 1808 2038 1864; x_wconf 82' lang='lat' dir='ltr'><strong>Theodora</strong></span> <span class='ocrx_word' id='word_1_214' title='bbox 2071 1796 2111 1854; x_wconf 74' lang='grc' dir='ltr'><strong>Β</strong></span> <span class='ocrx_word' id='word_1_215' title='bbox 2142 1820 2327 1882; x_wconf 86' lang='lat' dir='ltr'><strong>palam</strong></span> <span class='ocrx_word' id='word_1_216' title='bbox 2348 1808 2543 1872; x_wconf 89' lang='lat' dir='ltr'><strong>fuisse,</strong></span> <span class='ocrx_word' id='word_1_217' title='bbox 2568 1824 2635 1864; x_wconf 79' lang='lat' dir='ltr'><strong>ex</strong></span> <span class='ocrx_word' id='word_1_218' title='bbox 2661 1808 2890 1864; x_wconf 87' lang='lat' dir='ltr'><strong>historia</strong></span> <span class='ocrx_word' id='word_1_219' title='bbox 2917 1808 3200 1863; x_wconf 87' lang='lat' dir='ltr'><strong>discimus.</strong></span> <span class='ocrx_word' id='word_1_220' title='bbox 3230 1805 3420 1860; x_wconf 87' lang='lat' dir='ltr'><strong>Fidem</strong></span> <span class='ocrx_word' id='word_1_221' title='bbox 3445 1805 3606 1858; x_wconf 90' lang='lat' dir='ltr'><strong>etiam</strong></span> <span class='ocrx_word' id='word_1_222' title='bbox 3624 1819 3714 1858; x_wconf 83' lang='lat' dir='ltr'><strong>su-</strong></span> 
     </span>
    </p>
   </div>
   <div class='ocr_carea' id='block_1_34' title="bbox 472 1901 2039 1974">
    <p class='ocr_par' dir='ltr' id='par_1_34' title="bbox 472 1901 2039 1974">
     <span class='ocr_line' id='line_1_34' title="bbox 472 1901 2039 1974; baseline -0.003 -15"><span class='ocrx_word' id='word_1_223' title='bbox 472 1903 704 1974; x_wconf 86' lang='lat' dir='ltr'><strong>quadam</strong></span> <span class='ocrx_word' id='word_1_224' title='bbox 727 1905 815 1958; x_wconf 88' lang='lat' dir='ltr'><strong>die</strong></span> <span class='ocrx_word' id='word_1_225' title='bbox 836 1904 903 1958; x_wconf 88' lang='lat' dir='ltr'><strong>ad</strong></span> <span class='ocrx_word' id='word_1_226' title='bbox 930 1904 1216 1959; x_wconf 89' lang='lat' dir='ltr'><strong>ecclesiam</strong></span> <span class='ocrx_word' id='word_1_227' title='bbox 1250 1904 1460 1967; x_wconf 87' lang='lat' dir='ltr'><strong>ivisset,</strong></span> <span class='ocrx_word' id='word_1_228' title='bbox 1490 1901 1789 1958; x_wconf 80' lang='lat' dir='ltr'><strong>Sisinnium</strong></span> <span class='ocrx_word' id='word_1_229' title='bbox 1821 1916 2039 1972; x_wconf 89' lang='lat' dir='ltr'><strong>quoque</strong></span> 
     </span>
    </p>
   </div>
   <div class='ocr_carea' id='block_1_35' title="bbox 467 1994 2039 2065">
    <p class='ocr_par' dir='ltr' id='par_1_35' title="bbox 467 1994 2039 2065">
     <span class='ocr_line' id='line_1_35' title="bbox 467 1994 2039 2065; baseline 0 -17"><span class='ocrx_word' id='word_1_230' title='bbox 467 2009 534 2048; x_wconf 89' lang='lat' dir='ltr'><strong>eo</strong></span> <span class='ocrx_word' id='word_1_231' title='bbox 563 1994 930 2059; x_wconf 89' lang='lat' dir='ltr'><strong>contendisse,</strong></span> <span class='ocrx_word' id='word_1_232' title='bbox 963 2003 1018 2048; x_wconf 90' lang='lat' dir='ltr'><strong>at</strong></span> <span class='ocrx_word' id='word_1_233' title='bbox 1045 2010 1141 2064; x_wconf 89' lang='lat' dir='ltr'><strong>per</strong></span> <span class='ocrx_word' id='word_1_234' title='bbox 1170 1995 1331 2048; x_wconf 90' lang='lat' dir='ltr'><strong>aliam</strong></span> <span class='ocrx_word' id='word_1_235' title='bbox 1360 2002 1572 2065; x_wconf 90' lang='lat' dir='ltr'><strong>portam</strong></span> <span class='ocrx_word' id='word_1_236' title='bbox 1605 1994 1858 2058; x_wconf 89' lang='lat' dir='ltr'><strong>subiisse,</strong></span> <span class='ocrx_word' id='word_1_237' title='bbox 1885 2009 2039 2059; x_wconf 44' lang='lat' dir='ltr'><strong>,cun-</strong></span> 
     </span>
    </p>
   </div>
   <div class='ocr_carea' id='block_1_36' title="bbox 469 2086 2036 2159">
    <p class='ocr_par' dir='ltr' id='par_1_36' title="bbox 469 2086 2036 2159">
     <span class='ocr_line' id='line_1_36' title="bbox 469 2086 2036 2159; baseline -0.003 -15"><span class='ocrx_word' id='word_1_238' title='bbox 469 2098 681 2158; x_wconf 88' lang='lat' dir='ltr'><strong>ctaque,</strong></span> <span class='ocrx_word' id='word_1_239' title='bbox 710 2104 832 2159; x_wconf 72' lang='lat' dir='ltr'><strong>qua:</strong></span> <span class='ocrx_word' id='word_1_240' title='bbox 852 2089 907 2142; x_wconf 91' lang='lat' dir='ltr'><strong>in</strong></span> <span class='ocrx_word' id='word_1_241' title='bbox 927 2087 1365 2143; x_wconf 87' lang='lat' dir='ltr'><strong>Christianorum</strong></span> <span class='ocrx_word' id='word_1_242' title='bbox 1385 2087 1661 2158; x_wconf 83' lang='lat' dir='ltr'><strong>mysteriis</strong></span> <span class='ocrx_word' id='word_1_243' title='bbox 1688 2086 2036 2156; x_wconf 89' lang='lat' dir='ltr'><strong>gerebantur,</strong></span> 
     </span>
    </p>
   </div>
   <div class='ocr_carea' id='block_1_37' title="bbox 470 2174 2035 2246">
    <p class='ocr_par' dir='ltr' id='par_1_37' title="bbox 470 2174 2035 2246">
     <span class='ocr_line' id='line_1_37' title="bbox 470 2174 2035 2246; baseline -0.003 -13"><span class='ocrx_word' id='word_1_244' title='bbox 470 2179 690 2235; x_wconf 88' lang='lat' dir='ltr'><strong>curiose</strong></span> <span class='ocrx_word' id='word_1_245' title='bbox 734 2178 1027 2233; x_wconf 80' lang='lat' dir='ltr'><strong>admodum</strong></span> <span class='ocrx_word' id='word_1_246' title='bbox 1091 2177 1476 2246; x_wconf 89' lang='lat' dir='ltr'><strong>perlustrasse.</strong></span> <span class='ocrx_word' id='word_1_247' title='bbox 1543 2174 1802 2230; x_wconf 81' lang='lat' dir='ltr'><strong>Precibus</strong></span> <span class='ocrx_word' id='word_1_248' title='bbox 1855 2182 2035 2230; x_wconf 89' lang='lat' dir='ltr'><strong>autem</strong></span> 
     </span>
    </p>
   </div>
   <div class='ocr_carea' id='block_1_38' title="bbox 468 2267 2039 2338">
    <p class='ocr_par' dir='ltr' id='par_1_38' title="bbox 468 2267 2039 2338">
     <span class='ocr_line' id='line_1_38' title="bbox 468 2267 2039 2338; baseline -0.001 -15"><span class='ocrx_word' id='word_1_249' title='bbox 468 2285 498 2323; x_wconf 89' lang='lat' dir='ltr'><strong>a</strong></span> <span class='ocrx_word' id='word_1_250' title='bbox 523 2279 711 2326; x_wconf 87' lang='lat' dir='ltr'><strong>sancto</strong></span> <span class='ocrx_word' id='word_1_251' title='bbox 731 2269 1008 2325; x_wconf 91' lang='lat' dir='ltr'><strong>Clemente</strong></span> <span class='ocrx_word' id='word_1_252' title='bbox 1035 2269 1301 2324; x_wconf 86' lang='lat' dir='ltr'><strong>absolutis</strong></span> <span class='ocrx_word' id='word_1_253' title='bbox 1317 2275 1371 2322; x_wconf 91' lang='lat' dir='ltr'><strong>et</strong></span> <span class='ocrx_word' id='word_1_254' title='bbox 1396 2267 1596 2338; x_wconf 89' lang='lat' dir='ltr'><strong>populo</strong></span> <span class='ocrx_word' id='word_1_255' title='bbox 1621 2267 1786 2321; x_wconf 83' lang='lat' dir='ltr'><strong>Amen</strong></span> <span class='ocrx_word' id='word_1_256' title='bbox 1809 2283 2039 2337; x_wconf 90' lang='lat' dir='ltr'><strong>respon-</strong></span> 
     </span>
    </p>
   </div>
   <div class='ocr_carea' id='block_1_39' title="bbox 468 2357 2033 2428">
    <p class='ocr_par' dir='ltr' id='par_1_39' title="bbox 468 2357 2033 2428">
     <span class='ocr_line' id='line_1_39' title="bbox 468 2357 2033 2428; baseline -0.002 -12"><span class='ocrx_word' id='word_1_257' title='bbox 468 2362 632 2417; x_wconf 88' lang='lat' dir='ltr'><strong>dente</strong></span> <span class='ocrx_word' id='word_1_258' title='bbox 672 2360 975 2416; x_wconf 87' lang='lat' dir='ltr'><strong>Sisinnium</strong></span> <span class='ocrx_word' id='word_1_259' title='bbox 1013 2358 1373 2414; x_wconf 86' lang='lat' dir='ltr'><strong>curiositatis.</strong></span> <span class='ocrx_word' id='word_1_260' title='bbox 1400 2373 1514 2413; x_wconf 63' lang='lat' dir='ltr'><strong>suae</strong></span> <span class='ocrx_word' id='word_1_261' title='bbox 1557 2372 1745 2428; x_wconf 68' lang='lat' dir='ltr'><strong>poenas</strong></span> <span class='ocrx_word' id='word_1_262' title='bbox 1798 2357 2033 2423; x_wconf 87' lang='lat' dir='ltr'><strong>dedisse,</strong></span> 
     </span>
    </p>
   </div>
   <div class='ocr_carea' id='block_1_40' title="bbox 467 2448 2034 2524">
    <p class='ocr_par' dir='ltr' id='par_1_40' title="bbox 467 2448 2034 2524">
     <span class='ocr_line' id='line_1_40' title="bbox 467 2448 2034 2524; baseline -0.003 -16"><span class='ocrx_word' id='word_1_263' title='bbox 467 2461 523 2508; x_wconf 87' lang='lat' dir='ltr'><strong>et</strong></span> <span class='ocrx_word' id='word_1_264' title='bbox 569 2455 777 2524; x_wconf 90' lang='lat' dir='ltr'><strong>lingua,</strong></span> <span class='ocrx_word' id='word_1_265' title='bbox 813 2453 1146 2521; x_wconf 90' lang='lat' dir='ltr'><strong>auribusque</strong></span> <span class='ocrx_word' id='word_1_266' title='bbox 1195 2450 1341 2506; x_wconf 88' lang='lat' dir='ltr'><strong>illico</strong></span> <span class='ocrx_word' id='word_1_267' title='bbox 1396 2461 1615 2521; x_wconf 90' lang='lat' dir='ltr'><strong>captum</strong></span> <span class='ocrx_word' id='word_1_268' title='bbox 1648 2449 1838 2504; x_wconf 91' lang='lat' dir='ltr'><strong>fuisse.</strong></span> <span class='ocrx_word' id='word_1_269' title='bbox 1897 2448 2034 2503; x_wconf 86' lang='lat' dir='ltr'><strong>Eum</strong></span> 
     </span>
    </p>
   </div>
   <div class='ocr_carea' id='block_1_41' title="bbox 472 2543 2036 2612">
    <p class='ocr_par' dir='ltr' id='par_1_41' title="bbox 472 2543 2036 2612">
     <span class='ocr_line' id='line_1_41' title="bbox 472 2543 2036 2612; baseline -0.001 -14"><span class='ocrx_word' id='word_1_270' title='bbox 472 2562 598 2601; x_wconf 77' lang='lat' dir='ltr'><strong>vero</strong></span> <span class='ocrx_word' id='word_1_271' title='bbox 618 2554 729 2598; x_wconf 90' lang='lat' dir='ltr'><strong>tam</strong></span> <span class='ocrx_word' id='word_1_272' title='bbox 758 2545 953 2599; x_wconf 90' lang='lat' dir='ltr'><strong>celeris</strong></span> <span class='ocrx_word' id='word_1_273' title='bbox 985 2543 1206 2599; x_wconf 88' lang='lat' dir='ltr'><strong>ultionis</strong></span> <span class='ocrx_word' id='word_1_274' title='bbox 1248 2553 1443 2598; x_wconf 90' lang='lat' dir='ltr'><strong>eventu</strong></span> <span class='ocrx_word' id='word_1_275' title='bbox 1481 2543 1788 2612; x_wconf 88' lang='lat' dir='ltr'><strong>perculsum</strong></span> <span class='ocrx_word' id='word_1_276' title='bbox 1830 2543 2036 2598; x_wconf 90' lang='lat' dir='ltr'><strong>erroris</strong></span> 
     </span>
    </p>
   </div>
   <div class='ocr_carea' id='block_1_42' title="bbox 471 2633 2036 2705">
    <p class='ocr_par' dir='ltr' id='par_1_42' title="bbox 471 2633 2036 2705">
     <span class='ocr_line' id='line_1_42' title="bbox 471 2633 2036 2705; baseline -0.001 -15"><span class='ocrx_word' id='word_1_277' title='bbox 471 2635 556 2690; x_wconf 72' lang='lat' dir='ltr'><strong>sti</strong></span> <span class='ocrx_word' id='word_1_278' title='bbox 585 2634 929 2705; x_wconf 72' lang='lat' dir='ltr'><strong>pmnituisse,</strong></span> <span class='ocrx_word' id='word_1_279' title='bbox 972 2641 1028 2690; x_wconf 94' lang='lat' dir='ltr'><strong>et</strong></span> <span class='ocrx_word' id='word_1_280' title='bbox 1063 2649 1187 2688; x_wconf 92' lang='lat' dir='ltr'><strong>cum</strong></span> <span class='ocrx_word' id='word_1_281' title='bbox 1240 2633 1514 2703; x_wconf 90' lang='lat' dir='ltr'><strong>baptismo</strong></span> <span class='ocrx_word' id='word_1_282' title='bbox 1541 2635 1809 2703; x_wconf 91' lang='lat' dir='ltr'><strong>corporis,</strong></span> <span class='ocrx_word' id='word_1_283' title='bbox 1841 2635 2036 2688; x_wconf 72' lang='lat' dir='ltr'><strong>anima:</strong></span> 
     </span>
    </p>
   </div>
   <div class='ocr_carea' id='block_1_43' title="bbox 469 2724 2030 2799">
    <p class='ocr_par' dir='ltr' id='par_1_43' title="bbox 469 2724 2030 2799">
     <span class='ocr_line' id='line_1_43' title="bbox 469 2724 2030 2799; baseline 0 -19"><span class='ocrx_word' id='word_1_284' title='bbox 469 2742 686 2799; x_wconf 76' lang='lat' dir='ltr'><strong>quoque</strong></span> <span class='ocrx_word' id='word_1_285' title='bbox 727 2728 955 2783; x_wconf 89' lang='lat' dir='ltr'><strong>salutem</strong></span> <span class='ocrx_word' id='word_1_286' title='bbox 978 2733 1332 2782; x_wconf 90' lang='lat' dir='ltr'><strong>consecutum</strong></span> <span class='ocrx_word' id='word_1_287' title='bbox 1357 2725 1545 2782; x_wconf 90' lang='lat' dir='ltr'><strong>fuisse.</strong></span> <span class='ocrx_word' id='word_1_288' title='bbox 1590 2725 1844 2780; x_wconf 88' lang='lat' dir='ltr'><strong>Publium</strong></span> <span class='ocrx_word' id='word_1_289' title='bbox 1889 2724 2030 2780; x_wconf 86' lang='lat' dir='ltr'><strong>Tar-</strong></span> 
     </span>
    </p>
   </div>
   <div class='ocr_carea' id='block_1_44' title="bbox 469 2819 2035 2889">
    <p class='ocr_par' dir='ltr' id='par_1_44' title="bbox 469 2819 2035 2889">
     <span class='ocr_line' id='line_1_44' title="bbox 469 2819 2035 2889; baseline -0.001 -16"><span class='ocrx_word' id='word_1_290' title='bbox 469 2819 791 2889; x_wconf 75' lang='lat' dir='ltr'><strong>quinianum</strong></span> <span class='ocrx_word' id='word_1_291' title='bbox 847 2834 1130 2874; x_wconf 88' lang='lat' dir='ltr'><strong>sacrorum</strong></span> <span class='ocrx_word' id='word_1_292' title='bbox 1194 2819 1494 2875; x_wconf 78' lang='lat' dir='ltr'><strong>ciliciorum</strong></span> <span class='ocrx_word' id='word_1_293' title='bbox 1555 2822 1847 2882; x_wconf 88' lang='lat' dir='ltr'><strong>comitem,</strong></span> <span class='ocrx_word' id='word_1_294' title='bbox 1907 2833 2035 2872; x_wconf 90' lang='lat' dir='ltr'><strong>cum</strong></span> 
     </span>
    </p>
   </div>
   <div class='ocr_carea' id='block_1_45' title="bbox 471 2909 2033 2981">
    <p class='ocr_par' dir='ltr' id='par_1_45' title="bbox 471 2909 2033 2981">
     <span class='ocr_line' id='line_1_45' title="bbox 471 2909 2033 2981; baseline -0.001 -17"><span class='ocrx_word' id='word_1_295' title='bbox 471 2909 841 2965; x_wconf 76' lang='lat' dir='ltr'><strong>Christianam</strong></span> <span class='ocrx_word' id='word_1_296' title='bbox 888 2910 1206 2981; x_wconf 89' lang='lat' dir='ltr'><strong>religionem</strong></span> <span class='ocrx_word' id='word_1_297' title='bbox 1230 2917 1413 2966; x_wconf 90' lang='lat' dir='ltr'><strong>tantos</strong></span> <span class='ocrx_word' id='word_1_298' title='bbox 1455 2909 1512 2964; x_wconf 91' lang='lat' dir='ltr'><strong>in</strong></span> <span class='ocrx_word' id='word_1_299' title='bbox 1540 2909 1676 2964; x_wconf 90' lang='lat' dir='ltr'><strong>urbe</strong></span> <span class='ocrx_word' id='word_1_300' title='bbox 1705 2924 2033 2980; x_wconf 79' lang='lat' dir='ltr'><strong>progressus</strong></span> 
     </span>
    </p>
   </div>
   <div class='ocr_carea' id='block_1_46' title="bbox 471 3000 2023 3072">
    <p class='ocr_par' dir='ltr' id='par_1_46' title="bbox 471 3000 2023 3072">
     <span class='ocr_line' id='line_1_46' title="bbox 471 3000 2023 3072; baseline -0.001 -17"><span class='ocrx_word' id='word_1_301' title='bbox 471 3001 646 3058; x_wconf 82' lang='lat' dir='ltr'><strong>facere</strong></span> <span class='ocrx_word' id='word_1_302' title='bbox 674 3010 941 3065; x_wconf 76' lang='lat' dir='ltr'><strong>cerneret,</strong></span> <span class='ocrx_word' id='word_1_303' title='bbox 996 3001 1124 3056; x_wconf 88' lang='lat' dir='ltr'><strong>data</strong></span> <span class='ocrx_word' id='word_1_304' title='bbox 1173 3003 1450 3072; x_wconf 87' lang='lat' dir='ltr'><strong>regionum</strong></span> <span class='ocrx_word' id='word_1_305' title='bbox 1473 3000 1747 3072; x_wconf 64' lang='lat' dir='ltr'><strong>praefectis</strong></span> <span class='ocrx_word' id='word_1_306' title='bbox 1769 3001 2023 3071; x_wconf 88' lang='lat' dir='ltr'><strong>pecunia,</strong></span> 
     </span>
    </p>
   </div>
   <div class='ocr_carea' id='block_1_47' title="bbox 470 3093 2100 3189">
    <p class='ocr_par' dir='ltr' id='par_1_47' title="bbox 470 3093 2100 3189">
     <span class='ocr_line' id='line_1_47' title="bbox 470 3093 2100 3189; baseline 0 -43"><span class='ocrx_word' id='word_1_307' title='bbox 470 3103 748 3150; x_wconf 86' lang='lat' dir='ltr'><strong>auctorem</strong></span> <span class='ocrx_word' id='word_1_308' title='bbox 811 3095 918 3149; x_wconf 90' lang='lat' dir='ltr'><strong>illis</strong></span> <span class='ocrx_word' id='word_1_309' title='bbox 941 3094 1113 3150; x_wconf 89' lang='lat' dir='ltr'><strong>fuisse</strong></span> <span class='ocrx_word' id='word_1_310' title='bbox 1167 3101 1223 3149; x_wconf 92' lang='lat' dir='ltr'><strong>ut</strong></span> <span class='ocrx_word' id='word_1_311' title='bbox 1280 3094 1336 3148; x_wconf 92' lang='lat' dir='ltr'><strong>in</strong></span> <span class='ocrx_word' id='word_1_312' title='bbox 1381 3094 1728 3149; x_wconf 87' lang='lat' dir='ltr'><strong>Christianos</strong></span> <span class='ocrx_word' id='word_1_313' title='bbox 1774 3093 2029 3164; x_wconf 90' lang='lat' dir='ltr'><strong>populum</strong></span> <span class='ocrx_word' id='word_1_314' title='bbox 2059 3133 2100 3189; x_wconf 64' lang='grc' dir='ltr'><strong>ϐ</strong></span> 
     </span>
    </p>
   </div>
   <div class='ocr_carea' id='block_1_48' title="bbox 468 3185 2023 3258">
    <p class='ocr_par' dir='ltr' id='par_1_48' title="bbox 468 3185 2023 3258">
     <span class='ocr_line' id='line_1_48' title="bbox 468 3185 2023 3258; baseline 0 -18"><span class='ocrx_word' id='word_1_315' title='bbox 468 3185 823 3242; x_wconf 84' lang='lat' dir='ltr'><strong>concitarent.</strong></span> <span class='ocrx_word' id='word_1_316' title='bbox 848 3185 1180 3242; x_wconf 87' lang='lat' dir='ltr'><strong>Clementem</strong></span> <span class='ocrx_word' id='word_1_317' title='bbox 1221 3187 1386 3258; x_wconf 80' lang='lat' dir='ltr'><strong>igitur</strong></span> <span class='ocrx_word' id='word_1_318' title='bbox 1415 3187 1648 3256; x_wconf 88' lang='lat' dir='ltr'><strong>primum</strong></span> <span class='ocrx_word' id='word_1_319' title='bbox 1669 3187 1846 3242; x_wconf 91' lang='lat' dir='ltr'><strong>adorti</strong></span> <span class='ocrx_word' id='word_1_320' title='bbox 1874 3195 2023 3253; x_wconf 88' lang='lat' dir='ltr'><strong>sunt,</strong></span> 
     </span>
    </p>
   </div>
   <div class='ocr_carea' id='block_1_49' title="bbox 467 3278 2031 3350">
    <p class='ocr_par' dir='ltr' id='par_1_49' title="bbox 467 3278 2031 3350">
     <span class='ocr_line' id='line_1_49' title="bbox 467 3278 2031 3350; baseline 0.002 -16"><span class='ocrx_word' id='word_1_321' title='bbox 467 3296 591 3334; x_wconf 87' lang='lat' dir='ltr'><strong>eum</strong></span> <span class='ocrx_word' id='word_1_322' title='bbox 621 3278 688 3334; x_wconf 90' lang='lat' dir='ltr'><strong>de</strong></span> <span class='ocrx_word' id='word_1_323' title='bbox 729 3280 1035 3348; x_wconf 83' lang='lat' dir='ltr'><strong>sacrilegio,</strong></span> <span class='ocrx_word' id='word_1_324' title='bbox 1069 3279 1137 3334; x_wconf 91' lang='lat' dir='ltr'><strong>de</strong></span> <span class='ocrx_word' id='word_1_325' title='bbox 1167 3279 1462 3350; x_wconf 82' lang='lat' dir='ltr'><strong>impietate,</strong></span> <span class='ocrx_word' id='word_1_326' title='bbox 1509 3287 1680 3350; x_wconf 84' lang='lat' dir='ltr'><strong>atque</strong></span> <span class='ocrx_word' id='word_1_327' title='bbox 1717 3278 1784 3335; x_wconf 93' lang='lat' dir='ltr'><strong>de</strong></span> <span class='ocrx_word' id='word_1_328' title='bbox 1814 3280 2031 3337; x_wconf 82' lang='lat' dir='ltr'><strong>violatis</strong></span> 
     </span>
    </p>
   </div>
   <div class='ocr_carea' id='block_1_50' title="bbox 471 3371 2031 3442">
    <p class='ocr_par' dir='ltr' id='par_1_50' title="bbox 471 3371 2031 3442">
     <span class='ocr_line' id='line_1_50' title="bbox 471 3371 2031 3442; baseline -0.001 -15"><span class='ocrx_word' id='word_1_329' title='bbox 471 3371 837 3442; x_wconf 79' lang='lat' dir='ltr'><strong>Augustorum</strong></span> <span class='ocrx_word' id='word_1_330' title='bbox 884 3371 1079 3427; x_wconf 77' lang='lat' dir='ltr'><strong>edictis</strong></span> <span class='ocrx_word' id='word_1_331' title='bbox 1109 3380 1450 3427; x_wconf 87' lang='lat' dir='ltr'><strong>accusantes.</strong></span> <span class='ocrx_word' id='word_1_332' title='bbox 1504 3371 1774 3442; x_wconf 81' lang='lat' dir='ltr'><strong>Trajanus</strong></span> <span class='ocrx_word' id='word_1_333' title='bbox 1805 3372 1889 3428; x_wconf 89' lang='lat' dir='ltr'><strong>his</strong></span> <span class='ocrx_word' id='word_1_334' title='bbox 1910 3389 2031 3428; x_wconf 86' lang='lat' dir='ltr'><strong>om-</strong></span> 
     </span>
    </p>
   </div>
   <div class='ocr_carea' id='block_1_51' title="bbox 471 3461 2032 3535">
    <p class='ocr_par' dir='ltr' id='par_1_51' title="bbox 471 3461 2032 3535">
     <span class='ocr_line' id='line_1_51' title="bbox 471 3461 2032 3535; baseline 0.001 -19"><span class='ocrx_word' id='word_1_335' title='bbox 471 3464 633 3518; x_wconf 89' lang='lat' dir='ltr'><strong>nibus</strong></span> <span class='ocrx_word' id='word_1_336' title='bbox 689 3477 719 3516; x_wconf 90' lang='lat' dir='ltr'><strong>a</strong></span> <span class='ocrx_word' id='word_1_337' title='bbox 749 3461 1068 3518; x_wconf 85' lang='lat' dir='ltr'><strong>Mamertino</strong></span> <span class='ocrx_word' id='word_1_338' title='bbox 1118 3464 1272 3518; x_wconf 91' lang='lat' dir='ltr'><strong>urbis</strong></span> <span class='ocrx_word' id='word_1_339' title='bbox 1320 3463 1576 3534; x_wconf 81' lang='lat' dir='ltr'><strong>praefecto</strong></span> <span class='ocrx_word' id='word_1_340' title='bbox 1627 3464 1868 3535; x_wconf 88' lang='lat' dir='ltr'><strong>acceptis</strong></span> <span class='ocrx_word' id='word_1_341' title='bbox 1902 3479 2032 3518; x_wconf 84' lang='lat' dir='ltr'><strong>san-</strong></span> 
     </span>
    </p>
   </div>
   <div class='ocr_carea' id='block_1_52' title="bbox 469 3554 2031 3613">
    <p class='ocr_par' dir='ltr' id='par_1_52' title="bbox 469 3554 2031 3613">
     <span class='ocr_line' id='line_1_52' title="bbox 469 3554 2031 3613; baseline 0.001 -4"><span class='ocrx_word' id='word_1_342' title='bbox 469 3562 616 3609; x_wconf 86' lang='lat' dir='ltr'><strong>ctum</strong></span> <span class='ocrx_word' id='word_1_343' title='bbox 674 3554 990 3610; x_wconf 82' lang='lat' dir='ltr'><strong>Pontificem</strong></span> <span class='ocrx_word' id='word_1_344' title='bbox 1045 3557 1101 3611; x_wconf 91' lang='lat' dir='ltr'><strong>in</strong></span> <span class='ocrx_word' id='word_1_345' title='bbox 1148 3556 1549 3612; x_wconf 89' lang='lat' dir='ltr'><strong>Chersonesum</strong></span> <span class='ocrx_word' id='word_1_346' title='bbox 1607 3557 1750 3612; x_wconf 86' lang='lat' dir='ltr'><strong>ultra</strong></span> <span class='ocrx_word' id='word_1_347' title='bbox 1801 3557 2031 3613; x_wconf 90' lang='lat' dir='ltr'><strong>Pontum</strong></span> 
     </span>
    </p>
   </div>
   <div class='ocr_carea' id='block_1_53' title="bbox 471 3647 2033 3720">
    <p class='ocr_par' dir='ltr' id='par_1_53' title="bbox 471 3647 2033 3720">
     <span class='ocr_line' id='line_1_53' title="bbox 471 3647 2033 3720; baseline 0.002 -18"><span class='ocrx_word' id='word_1_348' title='bbox 471 3647 741 3703; x_wconf 76' lang='lat' dir='ltr'><strong>Euxinum</strong></span> <span class='ocrx_word' id='word_1_349' title='bbox 768 3649 1044 3720; x_wconf 85' lang='lat' dir='ltr'><strong>relegavit.</strong></span> <span class='ocrx_word' id='word_1_350' title='bbox 1087 3648 1294 3704; x_wconf 76' lang='lat' dir='ltr'><strong>Invenit</strong></span> <span class='ocrx_word' id='word_1_351' title='bbox 1317 3665 1443 3704; x_wconf 87' lang='lat' dir='ltr'><strong>vero</strong></span> <span class='ocrx_word' id='word_1_352' title='bbox 1471 3649 1543 3706; x_wconf 90' lang='lat' dir='ltr'><strong>ibi</strong></span> <span class='ocrx_word' id='word_1_353' title='bbox 1561 3651 1704 3706; x_wconf 87' lang='lat' dir='ltr'><strong>ultro</strong></span> <span class='ocrx_word' id='word_1_354' title='bbox 1723 3650 1832 3705; x_wconf 91' lang='lat' dir='ltr'><strong>duo</strong></span> <span class='ocrx_word' id='word_1_355' title='bbox 1863 3651 2033 3705; x_wconf 90' lang='lat' dir='ltr'><strong>millia</strong></span> 
     </span>
    </p>
   </div>
   <div class='ocr_carea' id='block_1_54' title="bbox 469 3737 2033 3811">
    <p class='ocr_par' dir='ltr' id='par_1_54' title="bbox 469 3737 2033 3811">
     <span class='ocr_line' id='line_1_54' title="bbox 469 3737 2033 3811; baseline 0.003 -20"><span class='ocrx_word' id='word_1_356' title='bbox 469 3737 904 3793; x_wconf 83' lang='lat' dir='ltr'><strong>Christianorum</strong></span> <span class='ocrx_word' id='word_1_357' title='bbox 929 3738 1040 3808; x_wconf 91' lang='lat' dir='ltr'><strong>jam</strong></span> <span class='ocrx_word' id='word_1_358' title='bbox 1070 3737 1162 3794; x_wconf 83' lang='lat' dir='ltr'><strong>ditt</strong></span> <span class='ocrx_word' id='word_1_359' title='bbox 1187 3739 1253 3793; x_wconf 90' lang='lat' dir='ltr'><strong>ad</strong></span> <span class='ocrx_word' id='word_1_360' title='bbox 1278 3738 1523 3794; x_wconf 79' lang='lat' dir='ltr'><strong>caedendi</strong></span> <span class='ocrx_word' id='word_1_361' title='bbox 1575 3742 1862 3795; x_wconf 90' lang='lat' dir='ltr'><strong>marmoris</strong></span> <span class='ocrx_word' id='word_1_362' title='bbox 1894 3756 2033 3811; x_wconf 93' lang='lat' dir='ltr'><strong>opus</strong></span> 
     </span>
    </p>
   </div>
   <div class='ocr_carea' id='block_1_55' title="bbox 473 3829 2033 3885">
    <p class='ocr_par' dir='ltr' id='par_1_55' title="bbox 473 3829 2033 3885">
     <span class='ocr_line' id='line_1_55' title="bbox 473 3829 2033 3885; baseline -0.002 0"><span class='ocrx_word' id='word_1_363' title='bbox 473 3834 879 3885; x_wconf 89' lang='lat' dir='ltr'><strong>damnatorum.</strong></span> <span class='ocrx_word' id='word_1_364' title='bbox 929 3829 1072 3885; x_wconf 87' lang='lat' dir='ltr'><strong>Inter</strong></span> <span class='ocrx_word' id='word_1_365' title='bbox 1095 3833 1332 3884; x_wconf 79' lang='lat' dir='ltr'><strong>maxima</strong></span> <span class='ocrx_word' id='word_1_366' title='bbox 1369 3837 1549 3884; x_wconf 89' lang='lat' dir='ltr'><strong>autem</strong></span> <span class='ocrx_word' id='word_1_367' title='bbox 1571 3830 1762 3884; x_wconf 89' lang='lat' dir='ltr'><strong>horum</strong></span> <span class='ocrx_word' id='word_1_368' title='bbox 1796 3831 2033 3885; x_wconf 83' lang='lat' dir='ltr'><strong>lidelium</strong></span> 
     </span>
    </p>
   </div>
   <div class='ocr_carea' id='block_1_56' title="bbox 471 3898 2031 3991">
    <p class='ocr_par' dir='ltr' id='par_1_56' title="bbox 471 3898 2031 3991">
     <span class='ocr_line' id='line_1_56' title="bbox 471 3898 2031 3991; baseline 0.001 -17"><span class='ocrx_word' id='word_1_369' title='bbox 471 3920 814 3975; x_wconf 88' lang='lat' dir='ltr'><strong>incommoda</strong></span> <span class='ocrx_word' id='word_1_370' title='bbox 839 3919 970 3974; x_wconf 92' lang='lat' dir='ltr'><strong>illud</strong></span> <span class='ocrx_word' id='word_1_371' title='bbox 1016 3898 1164 3983; x_wconf 60' lang='lat' dir='ltr'><strong>.erat,</strong></span> <span class='ocrx_word' id='word_1_372' title='bbox 1195 3919 1339 3991; x_wconf 91' lang='lat' dir='ltr'><strong>quod</strong></span> <span class='ocrx_word' id='word_1_373' title='bbox 1369 3930 1520 3975; x_wconf 77' lang='lat' dir='ltr'><strong>sexto</strong></span> <span class='ocrx_word' id='word_1_374' title='bbox 1545 3921 1798 3977; x_wconf 90' lang='lat' dir='ltr'><strong>milliario</strong></span> <span class='ocrx_word' id='word_1_375' title='bbox 1835 3937 2031 3990; x_wconf 86' lang='lat' dir='ltr'><strong>aquam</strong></span> 
     </span>
    </p>
   </div>
   <div class='ocr_carea' id='block_1_57' title="bbox 469 4008 2032 4080">
    <p class='ocr_par' dir='ltr' id='par_1_57' title="bbox 469 4008 2032 4080">
     <span class='ocr_line' id='line_1_57' title="bbox 469 4008 2032 4080; baseline 0.001 -17"><span class='ocrx_word' id='word_1_376' title='bbox 469 4009 713 4065; x_wconf 91' lang='lat' dir='ltr'><strong>humeris</strong></span> <span class='ocrx_word' id='word_1_377' title='bbox 737 4009 853 4064; x_wconf 90' lang='lat' dir='ltr'><strong>suis</strong></span> <span class='ocrx_word' id='word_1_378' title='bbox 877 4009 1166 4080; x_wconf 87' lang='lat' dir='ltr'><strong>deportare</strong></span> <span class='ocrx_word' id='word_1_379' title='bbox 1215 4010 1496 4066; x_wconf 88' lang='lat' dir='ltr'><strong>deberent.</strong></span> <span class='ocrx_word' id='word_1_380' title='bbox 1558 4008 1806 4065; x_wconf 82' lang='lat' dir='ltr'><strong>Pontifex</strong></span> <span class='ocrx_word' id='word_1_381' title='bbox 1855 4019 2032 4064; x_wconf 89' lang='lat' dir='ltr'><strong>autem</strong></span> 
     </span>
    </p>
   </div>
   <div class='ocr_carea' id='block_1_58' title="bbox 468 4102 2032 4171">
    <p class='ocr_par' dir='ltr' id='par_1_58' title="bbox 468 4102 2032 4171">
     <span class='ocr_line' id='line_1_58' title="bbox 468 4102 2032 4171; baseline -0.001 -15"><span class='ocrx_word' id='word_1_382' title='bbox 468 4117 659 4157; x_wconf 88' lang='lat' dir='ltr'><strong>eorum</strong></span> <span class='ocrx_word' id='word_1_383' title='bbox 735 4102 1085 4156; x_wconf 88' lang='lat' dir='ltr'><strong>miseratione</strong></span> <span class='ocrx_word' id='word_1_384' title='bbox 1137 4109 1359 4168; x_wconf 90' lang='lat' dir='ltr'><strong>tactus,</strong></span> <span class='ocrx_word' id='word_1_385' title='bbox 1410 4117 1535 4157; x_wconf 89' lang='lat' dir='ltr'><strong>cum</strong></span> <span class='ocrx_word' id='word_1_386' title='bbox 1569 4103 1692 4171; x_wconf 89' lang='lat' dir='ltr'><strong>agni</strong></span> <span class='ocrx_word' id='word_1_387' title='bbox 1747 4102 2032 4171; x_wconf 86' lang='lat' dir='ltr'><strong>cujusdam</strong></span> 
     </span>
    </p>
   </div>
   <div class='ocr_carea' id='block_1_59' title="bbox 469 4192 2035 4264">
    <p class='ocr_par' dir='ltr' id='par_1_59' title="bbox 469 4192 2035 4264">
     <span class='ocr_line' id='line_1_59' title="bbox 469 4192 2035 4264; baseline 0 -17"><span class='ocrx_word' id='word_1_388' title='bbox 469 4194 658 4258; x_wconf 88' lang='lat' dir='ltr'><strong>ductu,</strong></span> <span class='ocrx_word' id='word_1_389' title='bbox 704 4194 796 4248; x_wconf 90' lang='lat' dir='ltr'><strong>ubi</strong></span> <span class='ocrx_word' id='word_1_390' title='bbox 826 4192 949 4249; x_wconf 88' lang='lat' dir='ltr'><strong>fons</strong></span> <span class='ocrx_word' id='word_1_391' title='bbox 978 4201 1143 4256; x_wconf 88' lang='lat' dir='ltr'><strong>esset,</strong></span> <span class='ocrx_word' id='word_1_392' title='bbox 1176 4193 1543 4264; x_wconf 87' lang='lat' dir='ltr'><strong>cognovisset,</strong></span> <span class='ocrx_word' id='word_1_393' title='bbox 1577 4207 1720 4255; x_wconf 88' lang='lat' dir='ltr'><strong>eam,</strong></span> <span class='ocrx_word' id='word_1_394' title='bbox 1750 4203 1808 4247; x_wconf 93' lang='lat' dir='ltr'><strong>ut</strong></span> <span class='ocrx_word' id='word_1_395' title='bbox 1834 4192 2035 4248; x_wconf 76' lang='lat' dir='ltr'><strong>enode-</strong></span> 
     </span>
    </p>
   </div>
   <div class='ocr_carea' id='block_1_60' title="bbox 469 4283 2032 4354">
    <p class='ocr_par' dir='ltr' id='par_1_60' title="bbox 469 4283 2032 4354">
     <span class='ocr_line' id='line_1_60' title="bbox 469 4283 2032 4354; baseline -0.001 -17"><span class='ocrx_word' id='word_1_396' title='bbox 469 4292 615 4352; x_wconf 87' lang='lat' dir='ltr'><strong>rent,</strong></span> <span class='ocrx_word' id='word_1_397' title='bbox 641 4285 968 4340; x_wconf 89' lang='lat' dir='ltr'><strong>Christianis</strong></span> <span class='ocrx_word' id='word_1_398' title='bbox 1021 4285 1282 4340; x_wconf 87' lang='lat' dir='ltr'><strong>ostendit.</strong></span> <span class='ocrx_word' id='word_1_399' title='bbox 1336 4283 1544 4351; x_wconf 85' lang='lat' dir='ltr'><strong>Quibus</strong></span> <span class='ocrx_word' id='word_1_400' title='bbox 1565 4283 1930 4354; x_wconf 85' lang='lat' dir='ltr'><strong>nequidquam</strong></span> <span class='ocrx_word' id='word_1_401' title='bbox 1953 4284 2032 4336; x_wconf 88' lang='lat' dir='ltr'><strong>la-</strong></span> 
     </span>
    </p>
   </div>
   <div class='ocr_carea' id='block_1_61' title="bbox 467 4375 2028 4446">
    <p class='ocr_par' dir='ltr' id='par_1_61' title="bbox 467 4375 2028 4446">
     <span class='ocr_line' id='line_1_61' title="bbox 467 4375 2028 4446; baseline -0.002 -16"><span class='ocrx_word' id='word_1_402' title='bbox 467 4376 790 4433; x_wconf 88' lang='lat' dir='ltr'><strong>borantibus</strong></span> <span class='ocrx_word' id='word_1_403' title='bbox 827 4385 1054 4433; x_wconf 90' lang='lat' dir='ltr'><strong>sanctus</strong></span> <span class='ocrx_word' id='word_1_404' title='bbox 1093 4377 1346 4433; x_wconf 88' lang='lat' dir='ltr'><strong>Clemens</strong></span> <span class='ocrx_word' id='word_1_405' title='bbox 1381 4393 1502 4432; x_wconf 89' lang='lat' dir='ltr'><strong>eum</strong></span> <span class='ocrx_word' id='word_1_406' title='bbox 1553 4376 1731 4430; x_wconf 91' lang='lat' dir='ltr'><strong>locum</strong></span> <span class='ocrx_word' id='word_1_407' title='bbox 1783 4375 1898 4446; x_wconf 90' lang='lat' dir='ltr'><strong>ipse</strong></span> <span class='ocrx_word' id='word_1_408' title='bbox 1927 4375 2028 4428; x_wconf 77' lang='lat' dir='ltr'><strong>levi</strong></span> 
     </span>
    </p>
   </div>
   <div class='ocr_carea' id='block_1_62' title="bbox 2140 1897 3708 1970">
    <p class='ocr_par' dir='ltr' id='par_1_62' title="bbox 2140 1897 3708 1970">
     <span class='ocr_line' id='line_1_62' title="bbox 2140 1897 3708 1970; baseline -0.003 -18"><span class='ocrx_word' id='word_1_409' title='bbox 2140 1907 2322 1970; x_wconf 88' lang='lat' dir='ltr'><strong>perat,</strong></span> <span class='ocrx_word' id='word_1_410' title='bbox 2360 1907 2611 1955; x_wconf 87' lang='lat' dir='ltr'><strong>sanctum</strong></span> <span class='ocrx_word' id='word_1_411' title='bbox 2660 1899 2993 1955; x_wconf 89' lang='lat' dir='ltr'><strong>Clementem</strong></span> <span class='ocrx_word' id='word_1_412' title='bbox 3045 1899 3190 1964; x_wconf 89' lang='lat' dir='ltr'><strong>illos,</strong></span> <span class='ocrx_word' id='word_1_413' title='bbox 3239 1897 3330 1968; x_wconf 89' lang='lat' dir='ltr'><strong>qui</strong></span> <span class='ocrx_word' id='word_1_414' title='bbox 3365 1897 3429 1950; x_wconf 88' lang='lat' dir='ltr'><strong>ad</strong></span> <span class='ocrx_word' id='word_1_415' title='bbox 3482 1903 3708 1949; x_wconf 90' lang='lat' dir='ltr'><strong>mortem</strong></span> 
     </span>
    </p>
   </div>
   <div class='ocr_carea' id='block_1_63' title="bbox 2139 1989 3710 2063">
    <p class='ocr_par' dir='ltr' id='par_1_63' title="bbox 2139 1989 3710 2063">
     <span class='ocr_line' id='line_1_63' title="bbox 2139 1989 3710 2063; baseline -0.007 -12"><span class='ocrx_word' id='word_1_416' title='bbox 2139 2009 2264 2051; x_wconf 86' lang='lat' dir='ltr'><strong>eum</strong></span> <span class='ocrx_word' id='word_1_417' title='bbox 2300 1993 2736 2063; x_wconf 87' lang='lat' dir='ltr'><strong>conquirebant,</strong></span> <span class='ocrx_word' id='word_1_418' title='bbox 2777 2009 2933 2049; x_wconf 80' lang='lat' dir='ltr'><strong>canes</strong></span> <span class='ocrx_word' id='word_1_419' title='bbox 2968 1993 3022 2046; x_wconf 81' lang='lat' dir='ltr'><strong>in</strong></span> <span class='ocrx_word' id='word_1_420' title='bbox 3055 1990 3288 2045; x_wconf 80' lang='lat' dir='ltr'><strong>homines</strong></span> <span class='ocrx_word' id='word_1_421' title='bbox 3322 1989 3579 2043; x_wconf 78' lang='lat' dir='ltr'><strong>latrantes</strong></span> <span class='ocrx_word' id='word_1_422' title='bbox 3614 2004 3710 2041; x_wconf 86' lang='lat' dir='ltr'><strong>vo-</strong></span> 
     </span>
    </p>
   </div>
   <div class='ocr_carea' id='block_1_64' title="bbox 2139 2078 3709 2155">
    <p class='ocr_par' dir='ltr' id='par_1_64' title="bbox 2139 2078 3709 2155">
     <span class='ocr_line' id='line_1_64' title="bbox 2139 2078 3709 2155; baseline -0.004 -16"><span class='ocrx_word' id='word_1_423' title='bbox 2139 2087 2390 2150; x_wconf 90' lang='lat' dir='ltr'><strong>cavisse;</strong></span> <span class='ocrx_word' id='word_1_424' title='bbox 2436 2083 2585 2155; x_wconf 92' lang='lat' dir='ltr'><strong>quod</strong></span> <span class='ocrx_word' id='word_1_425' title='bbox 2634 2093 2818 2139; x_wconf 91' lang='lat' dir='ltr'><strong>tamen</strong></span> <span class='ocrx_word' id='word_1_426' title='bbox 2848 2085 2916 2140; x_wconf 88' lang='lat' dir='ltr'><strong>ab</strong></span> <span class='ocrx_word' id='word_1_427' title='bbox 2948 2099 3014 2139; x_wconf 91' lang='lat' dir='ltr'><strong>eo</strong></span> <span class='ocrx_word' id='word_1_428' title='bbox 3043 2081 3456 2154; x_wconf 90' lang='lat' dir='ltr'><strong>pronuntiatum</strong></span> <span class='ocrx_word' id='word_1_429' title='bbox 3490 2079 3546 2133; x_wconf 90' lang='lat' dir='ltr'><strong>in</strong></span> <span class='ocrx_word' id='word_1_430' title='bbox 3589 2078 3709 2148; x_wconf 89' lang='lat' dir='ltr'><strong>ejus</strong></span> 
     </span>
    </p>
   </div>
   <div class='ocr_carea' id='block_1_65' title="bbox 2138 2177 2548 2247">
    <p class='ocr_par' dir='ltr' id='par_1_65' title="bbox 2138 2177 2548 2247">
     <span class='ocr_line' id='line_1_65' title="bbox 2138 2177 2548 2247; baseline 0 -16"><span class='ocrx_word' id='word_1_431' title='bbox 2138 2177 2276 2231; x_wconf 88' lang='lat' dir='ltr'><strong>actis</strong></span> <span class='ocrx_word' id='word_1_432' title='bbox 2299 2177 2548 2247; x_wconf 81' lang='lat' dir='ltr'><strong>legimus,</strong></span> 
     </span>
    </p>
   </div>
   <div class='ocr_carea' id='block_1_66' title="bbox 2209 2262 3706 2339">
    <p class='ocr_par' dir='ltr' id='par_1_66' title="bbox 2209 2262 3706 2339">
     <span class='ocr_line' id='line_1_66' title="bbox 2209 2262 3706 2339; baseline -0.003 -19"><span class='ocrx_word' id='word_1_433' title='bbox 2209 2266 2404 2339; x_wconf 85' lang='lat' dir='ltr'><strong>ingens</strong></span> <span class='ocrx_word' id='word_1_434' title='bbox 2452 2267 2892 2324; x_wconf 89' lang='lat' dir='ltr'><strong>Christianorum</strong></span> <span class='ocrx_word' id='word_1_435' title='bbox 2923 2266 2981 2322; x_wconf 89' lang='lat' dir='ltr'><strong>in</strong></span> <span class='ocrx_word' id='word_1_436' title='bbox 3024 2265 3426 2323; x_wconf 85' lang='lat' dir='ltr'><strong>Chersonesum</strong></span> <span class='ocrx_word' id='word_1_437' title='bbox 3453 2262 3706 2331; x_wconf 81' lang='lat' dir='ltr'><strong>deporta-</strong></span> 
     </span>
    </p>
   </div>
   <div class='ocr_carea' id='block_1_67' title="bbox 2137 2355 3706 2418">
    <p class='ocr_par' dir='ltr' id='par_1_67' title="bbox 2137 2355 3706 2418">
     <span class='ocr_line' id='line_1_67' title="bbox 2137 2355 3706 2418; baseline -0.004 -5"><span class='ocrx_word' id='word_1_438' title='bbox 2137 2367 2316 2414; x_wconf 91' lang='lat' dir='ltr'><strong>torum</strong></span> <span class='ocrx_word' id='word_1_439' title='bbox 2372 2376 2636 2418; x_wconf 89' lang='lat' dir='ltr'><strong>numerus</strong></span> <span class='ocrx_word' id='word_1_440' title='bbox 2690 2360 2794 2415; x_wconf 87' lang='lat' dir='ltr'><strong>sub</strong></span> <span class='ocrx_word' id='word_1_441' title='bbox 2838 2360 3013 2414; x_wconf 90' lang='lat' dir='ltr'><strong>sancti</strong></span> <span class='ocrx_word' id='word_1_442' title='bbox 3063 2356 3357 2413; x_wconf 87' lang='lat' dir='ltr'><strong>Clementis</strong></span> <span class='ocrx_word' id='word_1_443' title='bbox 3414 2355 3706 2409; x_wconf 80' lang='lat' dir='ltr'><strong>adventum</strong></span> 
     </span>
    </p>
   </div>
   <div class='ocr_carea' id='block_1_68' title="bbox 2138 2442 3710 2524">
    <p class='ocr_par' dir='ltr' id='par_1_68' title="bbox 2138 2442 3710 2524">
     <span class='ocr_line' id='line_1_68' title="bbox 2138 2442 3710 2524; baseline -0.007 -16"><span class='ocrx_word' id='word_1_444' title='bbox 2138 2460 2459 2524; x_wconf 90' lang='lat' dir='ltr'><strong>argumento</strong></span> <span class='ocrx_word' id='word_1_445' title='bbox 2483 2454 2644 2508; x_wconf 89' lang='lat' dir='ltr'><strong>etiam</strong></span> <span class='ocrx_word' id='word_1_446' title='bbox 2667 2460 2750 2507; x_wconf 91' lang='lat' dir='ltr'><strong>est</strong></span> <span class='ocrx_word' id='word_1_447' title='bbox 2787 2451 2983 2506; x_wconf 90' lang='lat' dir='ltr'><strong>borum</strong></span> <span class='ocrx_word' id='word_1_448' title='bbox 3015 2457 3262 2506; x_wconf 86' lang='lat' dir='ltr'><strong>actorum</strong></span> <span class='ocrx_word' id='word_1_449' title='bbox 3297 2445 3574 2502; x_wconf 86' lang='lat' dir='ltr'><strong>falsitatis.</strong></span> <span class='ocrx_word' id='word_1_450' title='bbox 3608 2442 3710 2498; x_wconf 81' lang='lat' dir='ltr'><strong>Ne-</strong></span> 
     </span>
    </p>
   </div>
   <div class='ocr_carea' id='block_1_69' title="bbox 2136 2539 3705 2617">
    <p class='ocr_par' dir='ltr' id='par_1_69' title="bbox 2136 2539 3705 2617">
     <span class='ocr_line' id='line_1_69' title="bbox 2136 2539 3705 2617; baseline -0.005 -19"><span class='ocrx_word' id='word_1_451' title='bbox 2136 2561 2242 2616; x_wconf 91' lang='lat' dir='ltr'><strong>que</strong></span> <span class='ocrx_word' id='word_1_452' title='bbox 2279 2547 2425 2600; x_wconf 89' lang='lat' dir='ltr'><strong>enim</strong></span> <span class='ocrx_word' id='word_1_453' title='bbox 2475 2553 2708 2617; x_wconf 87' lang='lat' dir='ltr'><strong>tempus,</strong></span> <span class='ocrx_word' id='word_1_454' title='bbox 2754 2560 2865 2616; x_wconf 85' lang='lat' dir='ltr'><strong>qun</strong></span> <span class='ocrx_word' id='word_1_455' title='bbox 2893 2545 3024 2598; x_wconf 90' lang='lat' dir='ltr'><strong>illuc</strong></span> <span class='ocrx_word' id='word_1_456' title='bbox 3070 2541 3346 2614; x_wconf 89' lang='lat' dir='ltr'><strong>deportari</strong></span> <span class='ocrx_word' id='word_1_457' title='bbox 3394 2539 3705 2610; x_wconf 89' lang='lat' dir='ltr'><strong>potuerint,</strong></span> 
     </span>
    </p>
   </div>
   <div class='ocr_carea' id='block_1_70' title="bbox 2149 2632 3706 2708">
    <p class='ocr_par' dir='ltr' id='par_1_70' title="bbox 2149 2632 3706 2708">
     <span class='ocr_line' id='line_1_70' title="bbox 2149 2632 3706 2708; baseline -0.006 -15"><span class='ocrx_word' id='word_1_458' title='bbox 2149 2639 2531 2708; x_wconf 90' lang='lat' dir='ltr'><strong>perspicimus.</strong></span> <span class='ocrx_word' id='word_1_459' title='bbox 2586 2638 2801 2694; x_wconf 86' lang='lat' dir='ltr'><strong>Etenim</strong></span> <span class='ocrx_word' id='word_1_460' title='bbox 2827 2639 2874 2696; x_wconf 91' lang='lat' dir='ltr'><strong>si</strong></span> <span class='ocrx_word' id='word_1_461' title='bbox 2908 2638 3012 2695; x_wconf 90' lang='lat' dir='ltr'><strong>sub</strong></span> <span class='ocrx_word' id='word_1_462' title='bbox 3062 2635 3372 2691; x_wconf 88' lang='lat' dir='ltr'><strong>Domitiano</strong></span> <span class='ocrx_word' id='word_1_463' title='bbox 3415 2632 3706 2688; x_wconf 88' lang='lat' dir='ltr'><strong>damnatos</strong></span> 
     </span>
    </p>
   </div>
   <div class='ocr_carea' id='block_1_71' title="bbox 2135 2725 3704 2802">
    <p class='ocr_par' dir='ltr' id='par_1_71' title="bbox 2135 2725 3704 2802">
     <span class='ocr_line' id='line_1_71' title="bbox 2135 2725 3704 2802; baseline -0.006 -18"><span class='ocrx_word' id='word_1_464' title='bbox 2135 2728 2407 2795; x_wconf 86' lang='lat' dir='ltr'><strong>dicamus,</strong></span> <span class='ocrx_word' id='word_1_465' title='bbox 2433 2731 2623 2801; x_wconf 90' lang='lat' dir='ltr'><strong>reponi</strong></span> <span class='ocrx_word' id='word_1_466' title='bbox 2663 2736 2863 2802; x_wconf 86' lang='lat' dir='ltr'><strong>potest,</strong></span> <span class='ocrx_word' id='word_1_467' title='bbox 2893 2745 2990 2785; x_wconf 91' lang='lat' dir='ltr'><strong>eos</strong></span> <span class='ocrx_word' id='word_1_468' title='bbox 3044 2729 3214 2784; x_wconf 86' lang='lat' dir='ltr'><strong>altero</strong></span> <span class='ocrx_word' id='word_1_469' title='bbox 3262 2725 3484 2796; x_wconf 88' lang='lat' dir='ltr'><strong>Trajani</strong></span> <span class='ocrx_word' id='word_1_470' title='bbox 3536 2737 3704 2784; x_wconf 81' lang='lat' dir='ltr'><strong>attno,</strong></span> 
     </span>
    </p>
   </div>
   <div class='ocr_carea' id='block_1_72' title="bbox 2136 2816 3703 2892">
    <p class='ocr_par' dir='ltr' id='par_1_72' title="bbox 2136 2816 3703 2892">
     <span class='ocr_line' id='line_1_72' title="bbox 2136 2816 3703 2892; baseline -0.006 -17"><span class='ocrx_word' id='word_1_471' title='bbox 2136 2836 2245 2891; x_wconf 88' lang='lat' dir='ltr'><strong>quo</strong></span> <span class='ocrx_word' id='word_1_472' title='bbox 2275 2832 2500 2878; x_wconf 85' lang='lat' dir='ltr'><strong>sanctus</strong></span> <span class='ocrx_word' id='word_1_473' title='bbox 2529 2822 2784 2880; x_wconf 85' lang='lat' dir='ltr'><strong>Clemens</strong></span> <span class='ocrx_word' id='word_1_474' title='bbox 2805 2837 2872 2878; x_wconf 89' lang='lat' dir='ltr'><strong>eo</strong></span> <span class='ocrx_word' id='word_1_475' title='bbox 2903 2821 3176 2892; x_wconf 86' lang='lat' dir='ltr'><strong>relegatus</strong></span> <span class='ocrx_word' id='word_1_476' title='bbox 3199 2819 3392 2883; x_wconf 83' lang='lat' dir='ltr'><strong>fertur,</strong></span> <span class='ocrx_word' id='word_1_477' title='bbox 3436 2816 3550 2870; x_wconf 89' lang='lat' dir='ltr'><strong>illic</strong></span> <span class='ocrx_word' id='word_1_478' title='bbox 3586 2829 3703 2868; x_wconf 86' lang='lat' dir='ltr'><strong>am-</strong></span> 
     </span>
    </p>
   </div>
   <div class='ocr_carea' id='block_1_73' title="bbox 2135 2911 3700 2987">
    <p class='ocr_par' dir='ltr' id='par_1_73' title="bbox 2135 2911 3700 2987">
     <span class='ocr_line' id='line_1_73' title="bbox 2135 2911 3700 2987; baseline -0.004 -17"><span class='ocrx_word' id='word_1_479' title='bbox 2135 2916 2280 2987; x_wconf 90' lang='lat' dir='ltr'><strong>plius</strong></span> <span class='ocrx_word' id='word_1_480' title='bbox 2309 2929 2418 2970; x_wconf 91' lang='lat' dir='ltr'><strong>non</strong></span> <span class='ocrx_word' id='word_1_481' title='bbox 2442 2917 2753 2980; x_wconf 77' lang='lat' dir='ltr'><strong>exstitisse;</strong></span> <span class='ocrx_word' id='word_1_482' title='bbox 2804 2928 2926 2968; x_wconf 92' lang='lat' dir='ltr'><strong>cum</strong></span> <span class='ocrx_word' id='word_1_483' title='bbox 2950 2912 3124 2967; x_wconf 86' lang='lat' dir='ltr'><strong>Nerva</strong></span> <span class='ocrx_word' id='word_1_484' title='bbox 3159 2911 3454 2965; x_wconf 90' lang='lat' dir='ltr'><strong>Domitiani</strong></span> <span class='ocrx_word' id='word_1_485' title='bbox 3483 2925 3700 2964; x_wconf 54' lang='lat' dir='ltr'><strong>succes.</strong></span> 
     </span>
    </p>
   </div>
   <div class='ocr_carea' id='block_1_74' title="bbox 2135 2999 3702 3074">
    <p class='ocr_par' dir='ltr' id='par_1_74' title="bbox 2135 2999 3702 3074">
     <span class='ocr_line' id='line_1_74' title="bbox 2135 2999 3702 3074; baseline -0.004 -14"><span class='ocrx_word' id='word_1_486' title='bbox 2135 3021 2228 3060; x_wconf 88' lang='lat' dir='ltr'><strong>sor</strong></span> <span class='ocrx_word' id='word_1_487' title='bbox 2249 3012 2303 3060; x_wconf 89' lang='lat' dir='ltr'><strong>et</strong></span> <span class='ocrx_word' id='word_1_488' title='bbox 2334 3005 2615 3074; x_wconf 81' lang='lat' dir='ltr'><strong>proximus</strong></span> <span class='ocrx_word' id='word_1_489' title='bbox 2642 3003 2859 3074; x_wconf 85' lang='lat' dir='ltr'><strong>Trajani</strong></span> <span class='ocrx_word' id='word_1_490' title='bbox 2883 3003 3140 3059; x_wconf 88' lang='lat' dir='ltr'><strong>decessor</strong></span> <span class='ocrx_word' id='word_1_491' title='bbox 3169 3002 3289 3073; x_wconf 78' lang='lat'><strong>(55)</strong></span> <span class='ocrx_word' id='word_1_492' title='bbox 3318 3017 3508 3058; x_wconf 85' lang='lat' dir='ltr'><strong>omnes</strong></span> <span class='ocrx_word' id='word_1_493' title='bbox 3538 3016 3566 3054; x_wconf 90' lang='lat' dir='ltr'><strong>a</strong></span> <span class='ocrx_word' id='word_1_494' title='bbox 3593 2999 3702 3054; x_wconf 88' lang='lat' dir='ltr'><strong>Do-</strong></span> 
     </span>
    </p>
   </div>
   <div class='ocr_carea' id='block_1_75' title="bbox 2137 3092 3704 3167">
    <p class='ocr_par' dir='ltr' id='par_1_75' title="bbox 2137 3092 3704 3167">
     <span class='ocr_line' id='line_1_75' title="bbox 2137 3092 3704 3167; baseline -0.003 -14"><span class='ocrx_word' id='word_1_495' title='bbox 2137 3097 2364 3153; x_wconf 84' lang='lat' dir='ltr'><strong>mitiano</strong></span> <span class='ocrx_word' id='word_1_496' title='bbox 2412 3097 2682 3167; x_wconf 84' lang='lat' dir='ltr'><strong>relegatos</strong></span> <span class='ocrx_word' id='word_1_497' title='bbox 2727 3103 2838 3150; x_wconf 88' lang='lat' dir='ltr'><strong>tam</strong></span> <span class='ocrx_word' id='word_1_498' title='bbox 2873 3096 3219 3152; x_wconf 89' lang='lat' dir='ltr'><strong>Christianos</strong></span> <span class='ocrx_word' id='word_1_499' title='bbox 3239 3133 3253 3158; x_wconf 92' lang='lat'><strong>,</strong></span> <span class='ocrx_word' id='word_1_500' title='bbox 3285 3107 3446 3164; x_wconf 89' lang='lat' dir='ltr'><strong>quam</strong></span> <span class='ocrx_word' id='word_1_501' title='bbox 3478 3092 3704 3148; x_wconf 84' lang='lat' dir='ltr'><strong>alterius</strong></span> 
     </span>
    </p>
   </div>
   <div class='ocr_carea' id='block_1_76' title="bbox 2134 3185 3701 3261">
    <p class='ocr_par' dir='ltr' id='par_1_76' title="bbox 2134 3185 3701 3261">
     <span class='ocr_line' id='line_1_76' title="bbox 2134 3185 3701 3261; baseline -0.004 -18"><span class='ocrx_word' id='word_1_502' title='bbox 2134 3189 2513 3260; x_wconf 88' lang='lat' dir='ltr'><strong>cujuscunque</strong></span> <span class='ocrx_word' id='word_1_503' title='bbox 2543 3189 2761 3261; x_wconf 87' lang='lat' dir='ltr'><strong>generis</strong></span> <span class='ocrx_word' id='word_1_504' title='bbox 2785 3189 3144 3253; x_wconf 75' lang='lat' dir='ltr'><strong>revocaverit,</strong></span> <span class='ocrx_word' id='word_1_505' title='bbox 3201 3186 3476 3257; x_wconf 85' lang='lat' dir='ltr'><strong>quomodo</strong></span> <span class='ocrx_word' id='word_1_506' title='bbox 3525 3185 3701 3240; x_wconf 92' lang='lat' dir='ltr'><strong>sancti</strong></span> 
     </span>
    </p>
   </div>
   <div class='ocr_carea' id='block_1_77' title="bbox 2131 3277 3701 3354">
    <p class='ocr_par' dir='ltr' id='par_1_77' title="bbox 2131 3277 3701 3354">
     <span class='ocr_line' id='line_1_77' title="bbox 2131 3277 3701 3354; baseline -0.004 -16"><span class='ocrx_word' id='word_1_507' title='bbox 2131 3282 2360 3342; x_wconf 82' lang='lat' dir='ltr'><strong>Joannis</strong></span> <span class='ocrx_word' id='word_1_508' title='bbox 2402 3285 2652 3354; x_wconf 84' lang='lat' dir='ltr'><strong>exemplo</strong></span> <span class='ocrx_word' id='word_1_509' title='bbox 2691 3283 2971 3339; x_wconf 88' lang='lat' dir='ltr'><strong>docemur.</strong></span> <span class='ocrx_word' id='word_1_510' title='bbox 2997 3281 3100 3338; x_wconf 85' lang='lat' dir='ltr'><strong>Sed</strong></span> <span class='ocrx_word' id='word_1_511' title='bbox 3129 3296 3306 3351; x_wconf 89' lang='lat' dir='ltr'><strong>neque</strong></span> <span class='ocrx_word' id='word_1_512' title='bbox 3335 3279 3438 3335; x_wconf 86' lang='lat' dir='ltr'><strong>sub</strong></span> <span class='ocrx_word' id='word_1_513' title='bbox 3477 3277 3701 3347; x_wconf 87' lang='lat' dir='ltr'><strong>Trajani</strong></span> 
     </span>
    </p>
   </div>
   <div class='ocr_carea' id='block_1_78' title="bbox 2133 3370 3704 3446">
    <p class='ocr_par' dir='ltr' id='par_1_78' title="bbox 2133 3370 3704 3446">
     <span class='ocr_line' id='line_1_78' title="bbox 2133 3370 3704 3446; baseline -0.005 -14"><span class='ocrx_word' id='word_1_514' title='bbox 2133 3375 2350 3446; x_wconf 89' lang='lat' dir='ltr'><strong>imperii</strong></span> <span class='ocrx_word' id='word_1_515' title='bbox 2377 3377 2660 3433; x_wconf 78' lang='lat' dir='ltr'><strong>exordium</strong></span> <span class='ocrx_word' id='word_1_516' title='bbox 2688 3378 2761 3430; x_wconf 89' lang='lat' dir='ltr'><strong>illi</strong></span> <span class='ocrx_word' id='word_1_517' title='bbox 2786 3377 3026 3430; x_wconf 86' lang='lat' dir='ltr'><strong>damnati</strong></span> <span class='ocrx_word' id='word_1_518' title='bbox 3059 3375 3230 3438; x_wconf 89' lang='lat' dir='ltr'><strong>fuere,</strong></span> <span class='ocrx_word' id='word_1_519' title='bbox 3256 3386 3381 3428; x_wconf 88' lang='lat' dir='ltr'><strong>cum</strong></span> <span class='ocrx_word' id='word_1_520' title='bbox 3414 3371 3461 3426; x_wconf 90' lang='lat' dir='ltr'><strong>is</strong></span> <span class='ocrx_word' id='word_1_521' title='bbox 3486 3370 3704 3425; x_wconf 90' lang='lat' dir='ltr'><strong>decimo</strong></span> 
     </span>
    </p>
   </div>
   <div class='ocr_carea' id='block_1_79' title="bbox 2133 3463 3702 3539">
    <p class='ocr_par' dir='ltr' id='par_1_79' title="bbox 2133 3463 3702 3539">
     <span class='ocr_line' id='line_1_79' title="bbox 2133 3463 3702 3539; baseline -0.004 -17"><span class='ocrx_word' id='word_1_522' title='bbox 2133 3476 2346 3524; x_wconf 89' lang='lat' dir='ltr'><strong>tantum</strong></span> <span class='ocrx_word' id='word_1_523' title='bbox 2377 3470 2599 3539; x_wconf 81' lang='lat' dir='ltr'><strong>imperii</strong></span> <span class='ocrx_word' id='word_1_524' title='bbox 2617 3470 2703 3525; x_wconf 92' lang='lat' dir='ltr'><strong>sui</strong></span> <span class='ocrx_word' id='word_1_525' title='bbox 2739 3484 2882 3523; x_wconf 88' lang='lat' dir='ltr'><strong>anno</strong></span> <span class='ocrx_word' id='word_1_526' title='bbox 2913 3468 3244 3538; x_wconf 65' lang='lat' dir='ltr'><strong>qumstiones</strong></span> <span class='ocrx_word' id='word_1_527' title='bbox 3266 3465 3322 3521; x_wconf 93' lang='lat' dir='ltr'><strong>in</strong></span> <span class='ocrx_word' id='word_1_528' title='bbox 3351 3463 3702 3518; x_wconf 87' lang='lat' dir='ltr'><strong>Christianos</strong></span> 
     </span>
    </p>
   </div>
   <div class='ocr_carea' id='block_1_80' title="bbox 2133 3554 3702 3632">
    <p class='ocr_par' dir='ltr' id='par_1_80' title="bbox 2133 3554 3702 3632">
     <span class='ocr_line' id='line_1_80' title="bbox 2133 3554 3702 3632; baseline -0.006 -14"><span class='ocrx_word' id='word_1_529' title='bbox 2133 3564 2334 3618; x_wconf 89' lang='lat' dir='ltr'><strong>habere</strong></span> <span class='ocrx_word' id='word_1_530' title='bbox 2357 3563 2604 3632; x_wconf 65' lang='lat' dir='ltr'><strong>coeperit,</strong></span> <span class='ocrx_word' id='word_1_531' title='bbox 2627 3559 3084 3632; x_wconf 86' lang='lat' dir='ltr'><strong>quemadmodum</strong></span> <span class='ocrx_word' id='word_1_532' title='bbox 3102 3560 3170 3615; x_wconf 92' lang='lat' dir='ltr'><strong>ab</strong></span> <span class='ocrx_word' id='word_1_533' title='bbox 3187 3557 3422 3614; x_wconf 85' lang='lat' dir='ltr'><strong>Eusebio</strong></span> <span class='ocrx_word' id='word_1_534' title='bbox 3440 3557 3495 3610; x_wconf 92' lang='lat' dir='ltr'><strong>in</strong></span> <span class='ocrx_word' id='word_1_535' title='bbox 3525 3554 3702 3610; x_wconf 87' lang='lat' dir='ltr'><strong>Chro-</strong></span> 
     </span>
    </p>
   </div>
   <div class='ocr_carea' id='block_1_81' title="bbox 2133 3655 2562 3711">
    <p class='ocr_par' dir='ltr' id='par_1_81' title="bbox 2133 3655 2562 3711">
     <span class='ocr_line' id='line_1_81' title="bbox 2133 3655 2562 3711; baseline -0.005 0"><span class='ocrx_word' id='word_1_536' title='bbox 2133 3657 2260 3711; x_wconf 91' lang='lat' dir='ltr'><strong>nico</strong></span> <span class='ocrx_word' id='word_1_537' title='bbox 2281 3655 2562 3710; x_wconf 89' lang='lat' dir='ltr'><strong>docemur.</strong></span> 
     </span>
    </p>
   </div>
   <div class='ocr_carea' id='block_1_82' title="bbox 2200 3737 3702 3815">
    <p class='ocr_par' dir='ltr' id='par_1_82' title="bbox 2200 3737 3702 3815">
     <span class='ocr_line' id='line_1_82' title="bbox 2200 3737 3702 3815; baseline -0.006 -15"><span class='ocrx_word' id='word_1_538' title='bbox 2200 3746 2422 3802; x_wconf 82' lang='lat' dir='ltr'><strong>Fabulis</strong></span> <span class='ocrx_word' id='word_1_539' title='bbox 2447 3761 2664 3815; x_wconf 92' lang='lat' dir='ltr'><strong>quoque</strong></span> <span class='ocrx_word' id='word_1_540' title='bbox 2686 3752 2766 3800; x_wconf 91' lang='lat' dir='ltr'><strong>est</strong></span> <span class='ocrx_word' id='word_1_541' title='bbox 2790 3741 3278 3806; x_wconf 88' lang='lat' dir='ltr'><strong>annumerandum,</strong></span> <span class='ocrx_word' id='word_1_542' title='bbox 3302 3738 3447 3811; x_wconf 87' lang='lat' dir='ltr'><strong>quod</strong></span> <span class='ocrx_word' id='word_1_543' title='bbox 3476 3739 3530 3794; x_wconf 93' lang='lat' dir='ltr'><strong>in</strong></span> <span class='ocrx_word' id='word_1_544' title='bbox 3562 3737 3702 3792; x_wconf 87' lang='lat' dir='ltr'><strong>actis</strong></span> 
     </span>
    </p>
   </div>
   <div class='ocr_carea' id='block_1_83' title="bbox 2133 3831 3697 3904">
    <p class='ocr_par' dir='ltr' id='par_1_83' title="bbox 2133 3831 3697 3904">
     <span class='ocr_line' id='line_1_83' title="bbox 2133 3831 3697 3904; baseline -0.007 -12"><span class='ocrx_word' id='word_1_545' title='bbox 2133 3837 2255 3894; x_wconf 90' lang='lat' dir='ltr'><strong>istis</strong></span> <span class='ocrx_word' id='word_1_546' title='bbox 2277 3837 2530 3901; x_wconf 88' lang='lat' dir='ltr'><strong>refertur,</strong></span> <span class='ocrx_word' id='word_1_547' title='bbox 2559 3837 2700 3890; x_wconf 90' lang='lat' dir='ltr'><strong>intra</strong></span> <span class='ocrx_word' id='word_1_548' title='bbox 2724 3836 2853 3890; x_wconf 91' lang='lat' dir='ltr'><strong>anni</strong></span> <span class='ocrx_word' id='word_1_549' title='bbox 2894 3836 3059 3890; x_wconf 80' lang='lat' dir='ltr'><strong>unius</strong></span> <span class='ocrx_word' id='word_1_550' title='bbox 3087 3834 3323 3904; x_wconf 88' lang='lat' dir='ltr'><strong>spatium</strong></span> <span class='ocrx_word' id='word_1_551' title='bbox 3357 3831 3697 3902; x_wconf 88' lang='lat' dir='ltr'><strong>septuaginta</strong></span> 
     </span>
    </p>
   </div>
   <div class='ocr_carea' id='block_1_84' title="bbox 2131 3920 3698 3990">
    <p class='ocr_par' dir='ltr' id='par_1_84' title="bbox 2131 3920 3698 3990">
     <span class='ocr_line' id='line_1_84' title="bbox 2131 3920 3698 3990; baseline -0.009 -5"><span class='ocrx_word' id='word_1_552' title='bbox 2131 3927 2396 3986; x_wconf 86' lang='lat' dir='ltr'><strong>ecclesias</strong></span> <span class='ocrx_word' id='word_1_553' title='bbox 2445 3927 2502 3982; x_wconf 90' lang='lat' dir='ltr'><strong>in</strong></span> <span class='ocrx_word' id='word_1_554' title='bbox 2551 3926 2903 3981; x_wconf 87' lang='lat' dir='ltr'><strong>Chersoneso</strong></span> <span class='ocrx_word' id='word_1_555' title='bbox 2955 3924 3207 3980; x_wconf 90' lang='lat' dir='ltr'><strong>conditas</strong></span> <span class='ocrx_word' id='word_1_556' title='bbox 3252 3923 3443 3978; x_wconf 89' lang='lat' dir='ltr'><strong>fuisse.</strong></span> <span class='ocrx_word' id='word_1_557' title='bbox 3511 3920 3698 3990; x_wconf 85' lang='lat' dir='ltr'><strong>Neque</strong></span> 
     </span>
    </p>
   </div>
   <div class='ocr_carea' id='block_1_85' title="bbox 2132 4010 3699 4084">
    <p class='ocr_par' dir='ltr' id='par_1_85' title="bbox 2132 4010 3699 4084">
     <span class='ocr_line' id='line_1_85' title="bbox 2132 4010 3699 4084; baseline -0.006 -11"><span class='ocrx_word' id='word_1_558' title='bbox 2132 4020 2276 4074; x_wconf 91' lang='lat' dir='ltr'><strong>enim</strong></span> <span class='ocrx_word' id='word_1_559' title='bbox 2302 4018 2478 4072; x_wconf 91' lang='lat' dir='ltr'><strong>inscio</strong></span> <span class='ocrx_word' id='word_1_560' title='bbox 2521 4016 2738 4072; x_wconf 66' lang='lat' dir='ltr'><strong>Caesare</strong></span> <span class='ocrx_word' id='word_1_561' title='bbox 2783 4015 3031 4070; x_wconf 87' lang='lat' dir='ltr'><strong>construi</strong></span> <span class='ocrx_word' id='word_1_562' title='bbox 3062 4015 3387 4084; x_wconf 90' lang='lat' dir='ltr'><strong>potuissent.</strong></span> <span class='ocrx_word' id='word_1_563' title='bbox 3438 4010 3594 4077; x_wconf 84' lang='lat' dir='ltr'><strong>Quod</strong></span> <span class='ocrx_word' id='word_1_564' title='bbox 3649 4010 3699 4064; x_wconf 88' lang='lat' dir='ltr'><strong>si</strong></span> 
     </span>
    </p>
   </div>
   <div class='ocr_carea' id='block_1_86' title="bbox 2134 4100 3698 4178">
    <p class='ocr_par' dir='ltr' id='par_1_86' title="bbox 2134 4100 3698 4178">
     <span class='ocr_line' id='line_1_86' title="bbox 2134 4100 3698 4178; baseline -0.008 -14"><span class='ocrx_word' id='word_1_565' title='bbox 2134 4109 2404 4178; x_wconf 88' lang='lat' dir='ltr'><strong>Trajanus</strong></span> <span class='ocrx_word' id='word_1_566' title='bbox 2433 4107 2490 4162; x_wconf 90' lang='lat' dir='ltr'><strong>id</strong></span> <span class='ocrx_word' id='word_1_567' title='bbox 2543 4110 2824 4170; x_wconf 81' lang='lat' dir='ltr'><strong>rescisset,</strong></span> <span class='ocrx_word' id='word_1_568' title='bbox 2866 4121 2992 4162; x_wconf 88' lang='lat' dir='ltr'><strong>cum</strong></span> <span class='ocrx_word' id='word_1_569' title='bbox 3025 4105 3352 4160; x_wconf 82' lang='lat' dir='ltr'><strong>Christianis</strong></span> <span class='ocrx_word' id='word_1_570' title='bbox 3397 4109 3542 4158; x_wconf 84' lang='lat' dir='ltr'><strong>esset</strong></span> <span class='ocrx_word' id='word_1_571' title='bbox 3590 4100 3698 4154; x_wconf 90' lang='lat' dir='ltr'><strong>ini-</strong></span> 
     </span>
    </p>
   </div>
   <div class='ocr_carea' id='block_1_87' title="bbox 2131 4193 3698 4275">
    <p class='ocr_par' dir='ltr' id='par_1_87' title="bbox 2131 4193 3698 4275">
     <span class='ocr_line' id='line_1_87' title="bbox 2131 4193 3698 4275; baseline -0.008 -17"><span class='ocrx_word' id='word_1_572' title='bbox 2131 4204 2291 4275; x_wconf 89' lang='lat' dir='ltr'><strong>quior</strong></span> <span class='ocrx_word' id='word_1_573' title='bbox 2314 4241 2330 4266; x_wconf 92' lang='lat'><strong>,</strong></span> <span class='ocrx_word' id='word_1_574' title='bbox 2373 4199 2520 4272; x_wconf 88' lang='lat' dir='ltr'><strong>quod</strong></span> <span class='ocrx_word' id='word_1_575' title='bbox 2561 4216 2693 4256; x_wconf 88' lang='lat' dir='ltr'><strong>sane</strong></span> <span class='ocrx_word' id='word_1_576' title='bbox 2729 4209 2848 4254; x_wconf 90' lang='lat' dir='ltr'><strong>acta</strong></span> <span class='ocrx_word' id='word_1_577' title='bbox 2887 4199 3001 4254; x_wconf 64' lang='lat' dir='ltr'><strong>haec</strong></span> <span class='ocrx_word' id='word_1_578' title='bbox 3032 4199 3248 4253; x_wconf 90' lang='lat' dir='ltr'><strong>sincera</strong></span> <span class='ocrx_word' id='word_1_579' title='bbox 3277 4212 3400 4252; x_wconf 90' lang='lat' dir='ltr'><strong>esse</strong></span> <span class='ocrx_word' id='word_1_580' title='bbox 3425 4193 3698 4249; x_wconf 74' lang='lat' dir='ltr'><strong>afﬁrman-</strong></span> 
     </span>
    </p>
   </div>
   <div class='ocr_carea' id='block_1_88' title="bbox 2132 4283 3698 4354">
    <p class='ocr_par' dir='ltr' id='par_1_88' title="bbox 2132 4283 3698 4354">
     <span class='ocr_line' id='line_1_88' title="bbox 2132 4283 3698 4354; baseline -0.008 -6"><span class='ocrx_word' id='word_1_581' title='bbox 2132 4303 2214 4350; x_wconf 89' lang='lat' dir='ltr'><strong>tes</strong></span> <span class='ocrx_word' id='word_1_582' title='bbox 2239 4293 2514 4348; x_wconf 89' lang='lat' dir='ltr'><strong>fateantur</strong></span> <span class='ocrx_word' id='word_1_583' title='bbox 2549 4307 2775 4348; x_wconf 90' lang='lat' dir='ltr'><strong>necesse</strong></span> <span class='ocrx_word' id='word_1_584' title='bbox 2802 4301 2907 4354; x_wconf 85' lang='lat' dir='ltr'><strong>est.</strong></span> <span class='ocrx_word' id='word_1_585' title='bbox 2940 4306 3037 4345; x_wconf 88' lang='lat' dir='ltr'><strong>eas</strong></span> <span class='ocrx_word' id='word_1_586' title='bbox 3068 4298 3220 4345; x_wconf 87' lang='lat' dir='ltr'><strong>tanto</strong></span> <span class='ocrx_word' id='word_1_587' title='bbox 3245 4303 3472 4343; x_wconf 90' lang='lat' dir='ltr'><strong>numero</strong></span> <span class='ocrx_word' id='word_1_588' title='bbox 3523 4283 3698 4340; x_wconf 58' lang='lat' dir='ltr'><strong>aedifi-</strong></span> 
     </span>
    </p>
   </div>
   <div class='ocr_carea' id='block_1_89' title="bbox 2133 4382 3700 4456">
    <p class='ocr_par' dir='ltr' id='par_1_89' title="bbox 2133 4382 3700 4456">
     <span class='ocr_line' id='line_1_89' title="bbox 2133 4382 3700 4456; baseline -0.005 -15"><span class='ocrx_word' id='word_1_589' title='bbox 2133 4387 2250 4442; x_wconf 89' lang='lat' dir='ltr'><strong>cari</strong></span> <span class='ocrx_word' id='word_1_590' title='bbox 2280 4401 2481 4456; x_wconf 89' lang='lat' dir='ltr'><strong>passus</strong></span> <span class='ocrx_word' id='word_1_591' title='bbox 2506 4400 2614 4440; x_wconf 89' lang='lat' dir='ltr'><strong>non</strong></span> <span class='ocrx_word' id='word_1_592' title='bbox 2647 4384 2861 4439; x_wconf 89' lang='lat' dir='ltr'><strong>fuisset.</strong></span> <span class='ocrx_word' id='word_1_593' title='bbox 2912 4382 3158 4447; x_wconf 85' lang='lat' dir='ltr'><strong>Accedit,</strong></span> <span class='ocrx_word' id='word_1_594' title='bbox 3213 4389 3549 4449; x_wconf 88' lang='lat' dir='ltr'><strong>compertum</strong></span> <span class='ocrx_word' id='word_1_595' title='bbox 3596 4392 3700 4433; x_wconf 88' lang='lat' dir='ltr'><strong>nos</strong></span> 
     </span>
    </p>
   </div>
   <div class='ocr_carea' id='block_1_90' title="bbox 469 4457 2035 4540">
    <p class='ocr_par' dir='ltr' id='par_1_90' title="bbox 469 4466 2032 4537">
     <span class='ocr_line' id='line_1_90' title="bbox 469 4466 2032 4537; baseline 0.001 -17"><span class='ocrx_word' id='word_1_596' title='bbox 469 4469 582 4521; x_wconf 91' lang='lat' dir='ltr'><strong>ictu</strong></span> <span class='ocrx_word' id='word_1_597' title='bbox 631 4470 922 4537; x_wconf 88' lang='lat' dir='ltr'><strong>percussit,</strong></span> <span class='ocrx_word' id='word_1_598' title='bbox 966 4479 1020 4524; x_wconf 91' lang='lat' dir='ltr'><strong>et</strong></span> <span class='ocrx_word' id='word_1_599' title='bbox 1048 4469 1169 4524; x_wconf 89' lang='lat' dir='ltr'><strong>fons</strong></span> <span class='ocrx_word' id='word_1_600' title='bbox 1197 4470 1341 4525; x_wconf 90' lang='lat' dir='ltr'><strong>illico</strong></span> <span class='ocrx_word' id='word_1_601' title='bbox 1383 4468 1602 4524; x_wconf 70' lang='lat' dir='ltr'><strong>exsiliit.</strong></span> <span class='ocrx_word' id='word_1_602' title='bbox 1659 4466 1741 4522; x_wconf 82' lang='lat' dir='ltr'><strong>Ad</strong></span> <span class='ocrx_word' id='word_1_603' title='bbox 1786 4466 2032 4521; x_wconf 89' lang='lat' dir='ltr'><strong>miraculi</strong></span> 
     </span>
    </p>
   </div>
   <div class='ocr_carea' id='block_1_91' title="bbox 2136 4457 3697 4540">
    <p class='ocr_par' dir='ltr' id='par_1_91' title="bbox 2136 4457 3697 4540">
     <span class='ocr_line' id='line_1_91' title="bbox 2136 4457 3697 4540; baseline -0.007 -8"><span class='ocrx_word' id='word_1_604' title='bbox 2136 4478 2357 4540; x_wconf 87' lang='lat' dir='ltr'><strong>habere,</strong></span> <span class='ocrx_word' id='word_1_605' title='bbox 2387 4475 2732 4532; x_wconf 88' lang='lat' dir='ltr'><strong>Christianos</strong></span> <span class='ocrx_word' id='word_1_606' title='bbox 2764 4475 2830 4529; x_wconf 90' lang='lat' dir='ltr'><strong>ad</strong></span> <span class='ocrx_word' id='word_1_607' title='bbox 2862 4476 3005 4529; x_wconf 91' lang='lat' dir='ltr'><strong>tertii</strong></span> <span class='ocrx_word' id='word_1_608' title='bbox 3037 4457 3246 4527; x_wconf 70' lang='lat' dir='ltr'><strong>tantum</strong></span> <span class='ocrx_word' id='word_1_609' title='bbox 3269 4471 3451 4526; x_wconf 68' lang='lat' dir='ltr'><strong>saeculi</strong></span> <span class='ocrx_word' id='word_1_610' title='bbox 3480 4470 3697 4523; x_wconf 84' lang='lat' dir='ltr'><strong>initium</strong></span> 
     </span>
    </p>
   </div>
   <div class='ocr_carea' id='block_1_92' title="bbox 470 4557 2032 4632">
    <p class='ocr_par' dir='ltr' id='par_1_92' title="bbox 470 4557 2032 4632">
     <span class='ocr_line' id='line_1_92' title="bbox 470 4557 2032 4632; baseline 0.002 -21"><span class='ocrx_word' id='word_1_611' title='bbox 470 4557 636 4627; x_wconf 86' lang='lat' dir='ltr'><strong>hujus</strong></span> <span class='ocrx_word' id='word_1_612' title='bbox 661 4558 860 4614; x_wconf 86' lang='lat' dir='ltr'><strong>famam</strong></span> <span class='ocrx_word' id='word_1_613' title='bbox 883 4569 996 4616; x_wconf 92' lang='lat' dir='ltr'><strong>tota</strong></span> <span class='ocrx_word' id='word_1_614' title='bbox 1026 4562 1304 4632; x_wconf 89' lang='lat' dir='ltr'><strong>provincia</strong></span> <span class='ocrx_word' id='word_1_615' title='bbox 1334 4568 1675 4625; x_wconf 89' lang='lat' dir='ltr'><strong>accurrente,</strong></span> <span class='ocrx_word' id='word_1_616' title='bbox 1706 4562 2032 4628; x_wconf 89' lang='lat' dir='ltr'><strong>cunctisque</strong></span> 
     </span>
    </p>
   </div>
   <div class='ocr_carea' id='block_1_93' title="bbox 471 4650 2030 4723">
    <p class='ocr_par' dir='ltr' id='par_1_93' title="bbox 471 4650 2030 4723">
     <span class='ocr_line' id='line_1_93' title="bbox 471 4650 2030 4723; baseline 0.001 -19"><span class='ocrx_word' id='word_1_617' title='bbox 471 4651 538 4705; x_wconf 88' lang='lat' dir='ltr'><strong>ad</strong></span> <span class='ocrx_word' id='word_1_618' title='bbox 581 4650 740 4706; x_wconf 81' lang='lat' dir='ltr'><strong>fidem</strong></span> <span class='ocrx_word' id='word_1_619' title='bbox 771 4652 1039 4707; x_wconf 86' lang='lat' dir='ltr'><strong>traductis</strong></span> <span class='ocrx_word' id='word_1_620' title='bbox 1070 4661 1124 4707; x_wconf 92' lang='lat' dir='ltr'><strong>et</strong></span> <span class='ocrx_word' id='word_1_621' title='bbox 1153 4654 1440 4722; x_wconf 85' lang='lat' dir='ltr'><strong>baptizatis</strong></span> <span class='ocrx_word' id='word_1_622' title='bbox 1460 4655 1603 4709; x_wconf 90' lang='lat' dir='ltr'><strong>intra</strong></span> <span class='ocrx_word' id='word_1_623' title='bbox 1632 4653 1757 4706; x_wconf 91' lang='lat' dir='ltr'><strong>anni</strong></span> <span class='ocrx_word' id='word_1_624' title='bbox 1793 4653 2030 4723; x_wconf 88' lang='lat' dir='ltr'><strong>spatium</strong></span> 
     </span>
    </p>
   </div>
   <div class='ocr_carea' id='block_1_94' title="bbox 470 4743 2032 4814">
    <p class='ocr_par' dir='ltr' id='par_1_94' title="bbox 470 4743 2032 4814">
     <span class='ocr_line' id='line_1_94' title="bbox 470 4743 2032 4814; baseline -0.001 -15"><span class='ocrx_word' id='word_1_625' title='bbox 470 4743 813 4814; x_wconf 80' lang='lat' dir='ltr'><strong>septuaginta</strong></span> <span class='ocrx_word' id='word_1_626' title='bbox 859 4745 1105 4799; x_wconf 65' lang='lat' dir='ltr'><strong>ecclesiae</strong></span> <span class='ocrx_word' id='word_1_627' title='bbox 1135 4754 1487 4811; x_wconf 53' lang='lat' dir='ltr'><strong>constructae,</strong></span> <span class='ocrx_word' id='word_1_628' title='bbox 1521 4747 1663 4801; x_wconf 89' lang='lat' dir='ltr'><strong>idola</strong></span> <span class='ocrx_word' id='word_1_629' title='bbox 1689 4745 1870 4798; x_wconf 89' lang='lat' dir='ltr'><strong>omnia</strong></span> <span class='ocrx_word' id='word_1_630' title='bbox 1898 4759 2032 4798; x_wconf 89' lang='lat' dir='ltr'><strong>con-</strong></span> 
     </span>
    </p>
   </div>
   <div class='ocr_carea' id='block_1_95' title="bbox 469 4833 2029 4907">
    <p class='ocr_par' dir='ltr' id='par_1_95' title="bbox 469 4833 2029 4907">
     <span class='ocr_line' id='line_1_95' title="bbox 469 4833 2029 4907; baseline -0.001 -18"><span class='ocrx_word' id='word_1_631' title='bbox 469 4833 681 4900; x_wconf 82' lang='lat' dir='ltr'><strong>fracta,</strong></span> <span class='ocrx_word' id='word_1_632' title='bbox 745 4836 942 4905; x_wconf 90' lang='lat' dir='ltr'><strong>templa</strong></span> <span class='ocrx_word' id='word_1_633' title='bbox 1001 4835 1439 4905; x_wconf 89' lang='lat' dir='ltr'><strong>circumjacentis</strong></span> <span class='ocrx_word' id='word_1_634' title='bbox 1516 4836 1753 4907; x_wconf 88' lang='lat' dir='ltr'><strong>regionis</strong></span> <span class='ocrx_word' id='word_1_635' title='bbox 1812 4837 2029 4900; x_wconf 89' lang='lat' dir='ltr'><strong>diruta,</strong></span> 
     </span>
    </p>
   </div>
   <div class='ocr_carea' id='block_1_96' title="bbox 467 4925 2032 4997">
    <p class='ocr_par' dir='ltr' id='par_1_96' title="bbox 467 4925 2032 4997">
     <span class='ocr_line' id='line_1_96' title="bbox 467 4925 2032 4997; baseline -0.003 -15"><span class='ocrx_word' id='word_1_636' title='bbox 467 4941 768 4997; x_wconf 89' lang='lat' dir='ltr'><strong>omnesque</strong></span> <span class='ocrx_word' id='word_1_637' title='bbox 805 4927 911 4982; x_wconf 94' lang='lat' dir='ltr'><strong>luci</strong></span> <span class='ocrx_word' id='word_1_638' title='bbox 937 4942 1112 4996; x_wconf 90' lang='lat' dir='ltr'><strong>usque</strong></span> <span class='ocrx_word' id='word_1_639' title='bbox 1166 4926 1232 4980; x_wconf 89' lang='lat' dir='ltr'><strong>ad</strong></span> <span class='ocrx_word' id='word_1_640' title='bbox 1281 4934 1524 4982; x_wconf 87' lang='lat' dir='ltr'><strong>trecenta</strong></span> <span class='ocrx_word' id='word_1_641' title='bbox 1554 4925 1805 4980; x_wconf 89' lang='lat' dir='ltr'><strong>milliaria</strong></span> <span class='ocrx_word' id='word_1_642' title='bbox 1837 4927 1891 4980; x_wconf 93' lang='lat' dir='ltr'><strong>in</strong></span> <span class='ocrx_word' id='word_1_643' title='bbox 1921 4927 2032 4981; x_wconf 83' lang='lat' dir='ltr'><strong>cir-</strong></span> 
     </span>
    </p>
   </div>
   <div class='ocr_carea' id='block_1_97' title="bbox 469 5022 2028 5094">
    <p class='ocr_par' dir='ltr' id='par_1_97' title="bbox 469 5022 2028 5094">
     <span class='ocr_line' id='line_1_97' title="bbox 469 5022 2028 5094; baseline -0.001 -17"><span class='ocrx_word' id='word_1_644' title='bbox 469 5025 622 5078; x_wconf 89' lang='lat' dir='ltr'><strong>cuitu</strong></span> <span class='ocrx_word' id='word_1_645' title='bbox 649 5025 860 5079; x_wconf 79' lang='lat' dir='ltr'><strong>concisi</strong></span> <span class='ocrx_word' id='word_1_646' title='bbox 889 5023 1058 5078; x_wconf 89' lang='lat' dir='ltr'><strong>fuere.</strong></span> <span class='ocrx_word' id='word_1_647' title='bbox 1116 5023 1388 5094; x_wconf 87' lang='lat' dir='ltr'><strong>Trajanus</strong></span> <span class='ocrx_word' id='word_1_648' title='bbox 1415 5039 1566 5085; x_wconf 89' lang='lat' dir='ltr'><strong>vero,</strong></span> <span class='ocrx_word' id='word_1_649' title='bbox 1605 5030 1663 5076; x_wconf 90' lang='lat' dir='ltr'><strong>ut</strong></span> <span class='ocrx_word' id='word_1_650' title='bbox 1709 5031 1920 5077; x_wconf 89' lang='lat' dir='ltr'><strong>tantum</strong></span> <span class='ocrx_word' id='word_1_651' title='bbox 1951 5022 2028 5078; x_wconf 91' lang='lat' dir='ltr'><strong>rei</strong></span> 
     </span>
    </p>
   </div>
   <div class='ocr_carea' id='block_1_98' title="bbox 467 5112 2031 5185">
    <p class='ocr_par' dir='ltr' id='par_1_98' title="bbox 467 5112 2031 5185">
     <span class='ocr_line' id='line_1_98' title="bbox 467 5112 2031 5185; baseline 0.001 -19"><span class='ocrx_word' id='word_1_652' title='bbox 467 5112 792 5170; x_wconf 65' lang='lat' dir='ltr'><strong>Christiana}</strong></span> <span class='ocrx_word' id='word_1_653' title='bbox 849 5129 1196 5185; x_wconf 86' lang='lat' dir='ltr'><strong>progressum</strong></span> <span class='ocrx_word' id='word_1_654' title='bbox 1248 5114 1499 5177; x_wconf 87' lang='lat' dir='ltr'><strong>sisteret,</strong></span> <span class='ocrx_word' id='word_1_655' title='bbox 1542 5112 1870 5168; x_wconf 89' lang='lat' dir='ltr'><strong>Clementem</strong></span> <span class='ocrx_word' id='word_1_656' title='bbox 1933 5127 2031 5167; x_wconf 83' lang='lat' dir='ltr'><strong>an-</strong></span> 
     </span>
    </p>
   </div>
   <div class='ocr_carea' id='block_1_99' title="bbox 468 5201 2026 5274">
    <p class='ocr_par' dir='ltr' id='par_1_99' title="bbox 468 5201 2026 5274">
     <span class='ocr_line' id='line_1_99' title="bbox 468 5201 2026 5274; baseline 0 -18"><span class='ocrx_word' id='word_1_657' title='bbox 468 5204 636 5258; x_wconf 89' lang='lat' dir='ltr'><strong>chora</strong></span> <span class='ocrx_word' id='word_1_658' title='bbox 667 5205 732 5258; x_wconf 91' lang='lat' dir='ltr'><strong>ad</strong></span> <span class='ocrx_word' id='word_1_659' title='bbox 778 5205 978 5260; x_wconf 91' lang='lat' dir='ltr'><strong>collum</strong></span> <span class='ocrx_word' id='word_1_660' title='bbox 1012 5203 1172 5274; x_wconf 87' lang='lat' dir='ltr'><strong>ligata</strong></span> <span class='ocrx_word' id='word_1_661' title='bbox 1196 5203 1251 5257; x_wconf 92' lang='lat' dir='ltr'><strong>in</strong></span> <span class='ocrx_word' id='word_1_662' title='bbox 1282 5218 1431 5258; x_wconf 90' lang='lat' dir='ltr'><strong>mare</strong></span> <span class='ocrx_word' id='word_1_663' title='bbox 1457 5201 1698 5272; x_wconf 89' lang='lat' dir='ltr'><strong>demergi</strong></span> <span class='ocrx_word' id='word_1_664' title='bbox 1729 5201 2026 5256; x_wconf 86' lang='lat' dir='ltr'><strong>mandavit.</strong></span> 
     </span>
    </p>
   </div>
   <div class='ocr_carea' id='block_1_100' title="bbox 469 5291 2029 5365">
    <p class='ocr_par' dir='ltr' id='par_1_100' title="bbox 469 5291 2029 5365">
     <span class='ocr_line' id='line_1_100' title="bbox 469 5291 2029 5365; baseline -0.002 -17"><span class='ocrx_word' id='word_1_665' title='bbox 469 5295 538 5348; x_wconf 79' lang='lat' dir='ltr'><strong>At</strong></span> <span class='ocrx_word' id='word_1_666' title='bbox 566 5296 702 5350; x_wconf 67' lang='lat' dir='ltr'><strong>mari.</strong></span> <span class='ocrx_word' id='word_1_667' title='bbox 726 5312 899 5365; x_wconf 82' lang='lat' dir='ltr'><strong>usque</strong></span> <span class='ocrx_word' id='word_1_668' title='bbox 930 5295 996 5349; x_wconf 90' lang='lat' dir='ltr'><strong>ad</strong></span> <span class='ocrx_word' id='word_1_669' title='bbox 1027 5296 1205 5350; x_wconf 91' lang='lat' dir='ltr'><strong>locum</strong></span> <span class='ocrx_word' id='word_1_670' title='bbox 1228 5334 1242 5358; x_wconf 94' lang='lat'><strong>,</strong></span> <span class='ocrx_word' id='word_1_671' title='bbox 1269 5310 1378 5364; x_wconf 91' lang='lat' dir='ltr'><strong>quo</strong></span> <span class='ocrx_word' id='word_1_672' title='bbox 1409 5292 1688 5348; x_wconf 84' lang='lat' dir='ltr'><strong>Pontiﬁcis</strong></span> <span class='ocrx_word' id='word_1_673' title='bbox 1719 5307 1918 5362; x_wconf 83' lang='lat' dir='ltr'><strong>corpus</strong></span> <span class='ocrx_word' id='word_1_674' title='bbox 1940 5291 2029 5362; x_wconf 83' lang='lat' dir='ltr'><strong>ja-</strong></span> 
     </span>
    </p>
   </div>
   <div class='ocr_carea' id='block_1_101' title="bbox 469 5384 2030 5456">
    <p class='ocr_par' dir='ltr' id='par_1_101' title="bbox 469 5384 2030 5456">
     <span class='ocr_line' id='line_1_101' title="bbox 469 5384 2030 5456; baseline 0.001 -17"><span class='ocrx_word' id='word_1_675' title='bbox 469 5387 660 5450; x_wconf 86' lang='lat' dir='ltr'><strong>cebat,</strong></span> <span class='ocrx_word' id='word_1_676' title='bbox 709 5389 1028 5452; x_wconf 86' lang='lat' dir='ltr'><strong>recedente,</strong></span> <span class='ocrx_word' id='word_1_677' title='bbox 1078 5387 1211 5442; x_wconf 88' lang='lat' dir='ltr'><strong>illud</strong></span> <span class='ocrx_word' id='word_1_678' title='bbox 1266 5387 1476 5440; x_wconf 91' lang='lat' dir='ltr'><strong>tumulo</strong></span> <span class='ocrx_word' id='word_1_679' title='bbox 1519 5401 1684 5441; x_wconf 78' lang='lat' dir='ltr'><strong>saxeo</strong></span> <span class='ocrx_word' id='word_1_680' title='bbox 1729 5384 1785 5439; x_wconf 90' lang='lat' dir='ltr'><strong>in</strong></span> <span class='ocrx_word' id='word_1_681' title='bbox 1829 5385 2030 5456; x_wconf 88' lang='lat' dir='ltr'><strong>templo</strong></span> 
     </span>
    </p>
   </div>
   <div class='ocr_carea' id='block_1_102' title="bbox 469 5477 2026 5548">
    <p class='ocr_par' dir='ltr' id='par_1_102' title="bbox 469 5477 2026 5548">
     <span class='ocr_line' id='line_1_102' title="bbox 469 5477 2026 5548; baseline 0 -18"><span class='ocrx_word' id='word_1_682' title='bbox 469 5478 702 5548; x_wconf 85' lang='lat' dir='ltr'><strong>quodam</strong></span> <span class='ocrx_word' id='word_1_683' title='bbox 725 5495 1032 5535; x_wconf 86' lang='lat' dir='ltr'><strong>marmoreo</strong></span> <span class='ocrx_word' id='word_1_684' title='bbox 1051 5479 1332 5534; x_wconf 88' lang='lat' dir='ltr'><strong>conditum</strong></span> <span class='ocrx_word' id='word_1_685' title='bbox 1364 5477 1662 5533; x_wconf 87' lang='lat' dir='ltr'><strong>Christiani</strong></span> <span class='ocrx_word' id='word_1_686' title='bbox 1687 5478 2026 5532; x_wconf 90' lang='lat' dir='ltr'><strong>invenerunt.</strong></span> 
     </span>
    </p>
   </div>
   <div class='ocr_carea' id='block_1_103' title="bbox 542 5567 2028 5641">
    <p class='ocr_par' dir='ltr' id='par_1_103' title="bbox 542 5567 2028 5641">
     <span class='ocr_line' id='line_1_103' title="bbox 542 5567 2028 5641; baseline 0.001 -20"><span class='ocrx_word' id='word_1_687' title='bbox 542 5568 704 5622; x_wconf 78' lang='lat' dir='ltr'><strong>Multa</strong></span> <span class='ocrx_word' id='word_1_688' title='bbox 720 5579 916 5639; x_wconf 68' lang='lat' dir='ltr'><strong>autem</strong></span> <span class='ocrx_word' id='word_1_689' title='bbox 949 5571 1335 5641; x_wconf 89' lang='lat' dir='ltr'><strong>disquisitione</strong></span> <span class='ocrx_word' id='word_1_690' title='bbox 1366 5587 1506 5640; x_wconf 90' lang='lat' dir='ltr'><strong>opus</strong></span> <span class='ocrx_word' id='word_1_691' title='bbox 1557 5586 1666 5626; x_wconf 91' lang='lat' dir='ltr'><strong>non</strong></span> <span class='ocrx_word' id='word_1_692' title='bbox 1697 5579 1777 5626; x_wconf 90' lang='lat' dir='ltr'><strong>est</strong></span> <span class='ocrx_word' id='word_1_693' title='bbox 1799 5607 1814 5635; x_wconf 90' lang='lat'><strong>,</strong></span> <span class='ocrx_word' id='word_1_694' title='bbox 1848 5567 1913 5623; x_wconf 86' lang='lat' dir='ltr'><strong>ad</strong></span> <span class='ocrx_word' id='word_1_695' title='bbox 1946 5568 2028 5622; x_wconf 78' lang='lat' dir='ltr'><strong>hi-</strong></span> 
     </span>
    </p>
   </div>
   <div class='ocr_carea' id='block_1_104' title="bbox 541 5728 1478 5798">
    <p class='ocr_par' dir='ltr' id='par_1_104' title="bbox 541 5728 1478 5798">
     <span class='ocr_line' id='line_1_104' title="bbox 541 5728 1478 5798; baseline 0.001 -19"><span class='ocrx_word' id='word_1_696' title='bbox 541 5729 650 5791; x_wconf 57' lang='lat' dir='ltr'><strong>(iiii)</strong></span> <span class='ocrx_word' id='word_1_697' title='bbox 687 5729 800 5793; x_wconf 71' lang='lat' dir='ltr'><strong>ilio,</strong></span> <span class='ocrx_word' id='word_1_698' title='bbox 830 5728 965 5780; x_wconf 85' lang='lat' dir='ltr'><strong>libro</strong></span> <span class='ocrx_word' id='word_1_699' title='bbox 989 5743 1177 5788; x_wconf 68' lang='lat' dir='ltr'><strong>1.1m&quot;,</strong></span> <span class='ocrx_word' id='word_1_700' title='bbox 1211 5745 1329 5798; x_wconf 83' lang='lat' dir='ltr'><strong>pag.</strong></span> <span class='ocrx_word' id='word_1_701' title='bbox 1360 5729 1478 5781; x_wconf 81' lang='lat'><strong>769.</strong></span> 
     </span>
    </p>
   </div>
   <div class='ocr_carea' id='block_1_105' title="bbox 2132 4560 3693 4640">
    <p class='ocr_par' dir='ltr' id='par_1_105' title="bbox 2132 4560 3693 4640">
     <span class='ocr_line' id='line_1_105' title="bbox 2132 4560 3693 4640; baseline -0.008 -15"><span class='ocrx_word' id='word_1_702' title='bbox 2132 4570 2419 4635; x_wconf 88' lang='lat' dir='ltr'><strong>ecclesias,</strong></span> <span class='ocrx_word' id='word_1_703' title='bbox 2463 4567 2531 4621; x_wconf 93' lang='lat' dir='ltr'><strong>ad</strong></span> <span class='ocrx_word' id='word_1_704' title='bbox 2589 4582 2727 4640; x_wconf 91' lang='lat' dir='ltr'><strong>quas</strong></span> <span class='ocrx_word' id='word_1_705' title='bbox 2768 4567 2946 4637; x_wconf 88' lang='lat' dir='ltr'><strong>palam</strong></span> <span class='ocrx_word' id='word_1_706' title='bbox 2990 4563 3372 4624; x_wconf 84' lang='lat' dir='ltr'><strong>convenirent,</strong></span> <span class='ocrx_word' id='word_1_707' title='bbox 3414 4560 3693 4613; x_wconf 87' lang='lat' dir='ltr'><strong>habuisse.</strong></span> 
     </span>
    </p>
   </div>
   <div class='ocr_carea' id='block_1_106' title="bbox 2133 4647 3698 4726">
    <p class='ocr_par' dir='ltr' id='par_1_106' title="bbox 2133 4647 3698 4726">
     <span class='ocr_line' id='line_1_106' title="bbox 2133 4647 3698 4726; baseline -0.007 -14"><span class='ocrx_word' id='word_1_708' title='bbox 2133 4659 2455 4714; x_wconf 78' lang='lat' dir='ltr'><strong>Aufidianus</strong></span> <span class='ocrx_word' id='word_1_709' title='bbox 2511 4673 2737 4726; x_wconf 68' lang='lat' dir='ltr'><strong>praeses,</strong></span> <span class='ocrx_word' id='word_1_710' title='bbox 2791 4656 2885 4726; x_wconf 90' lang='lat' dir='ltr'><strong>qui</strong></span> <span class='ocrx_word' id='word_1_711' title='bbox 2925 4653 3218 4721; x_wconf 88' lang='lat' dir='ltr'><strong>aTrajano</strong></span> <span class='ocrx_word' id='word_1_712' title='bbox 3273 4651 3340 4706; x_wconf 88' lang='lat' dir='ltr'><strong>ad</strong></span> <span class='ocrx_word' id='word_1_713' title='bbox 3371 4647 3698 4703; x_wconf 63' lang='lat' dir='ltr'><strong>Christiana</strong></span> 
     </span>
    </p>
   </div>
   <div class='ocr_carea' id='block_1_107' title="bbox 2136 4741 3696 4826">
    <p class='ocr_par' dir='ltr' id='par_1_107' title="bbox 2136 4741 3696 4826">
     <span class='ocr_line' id='line_1_107' title="bbox 2136 4741 3696 4826; baseline -0.007 -24"><span class='ocrx_word' id='word_1_714' title='bbox 2136 4749 2352 4826; x_wconf 46' lang='lat' dir='ltr'><strong>pietatis</strong></span> <span class='ocrx_word' id='word_1_715' title='bbox 2371 4757 2718 4818; x_wconf 85' lang='lat' dir='ltr'><strong>augmentum</strong></span> <span class='ocrx_word' id='word_1_716' title='bbox 2753 4744 3148 4817; x_wconf 89' lang='lat' dir='ltr'><strong>prohibendum</strong></span> <span class='ocrx_word' id='word_1_717' title='bbox 3188 4743 3244 4796; x_wconf 91' lang='lat' dir='ltr'><strong>in</strong></span> <span class='ocrx_word' id='word_1_718' title='bbox 3288 4741 3696 4795; x_wconf 87' lang='lat' dir='ltr'><strong>Chersonesum</strong></span> 
     </span>
    </p>
   </div>
   <div class='ocr_carea' id='block_1_108' title="bbox 2135 4835 3694 4906">
    <p class='ocr_par' dir='ltr' id='par_1_108' title="bbox 2135 4835 3694 4906">
     <span class='ocr_line' id='line_1_108' title="bbox 2135 4835 3694 4906; baseline -0.008 -10"><span class='ocrx_word' id='word_1_719' title='bbox 2135 4843 2338 4899; x_wconf 88' lang='lat' dir='ltr'><strong>missus</strong></span> <span class='ocrx_word' id='word_1_720' title='bbox 2371 4842 2560 4906; x_wconf 88' lang='lat' dir='ltr'><strong>fertur,</strong></span> <span class='ocrx_word' id='word_1_721' title='bbox 2597 4841 2768 4896; x_wconf 89' lang='lat' dir='ltr'><strong>solius</strong></span> <span class='ocrx_word' id='word_1_722' title='bbox 2825 4838 3000 4895; x_wconf 88' lang='lat' dir='ltr'><strong>sancti</strong></span> <span class='ocrx_word' id='word_1_723' title='bbox 3029 4835 3327 4891; x_wconf 90' lang='lat' dir='ltr'><strong>Clementis</strong></span> <span class='ocrx_word' id='word_1_724' title='bbox 3359 4839 3532 4888; x_wconf 89' lang='lat' dir='ltr'><strong>morte</strong></span> <span class='ocrx_word' id='word_1_725' title='bbox 3560 4846 3694 4884; x_wconf 88' lang='lat' dir='ltr'><strong>con-</strong></span> 
     </span>
    </p>
   </div>
   <div class='ocr_carea' id='block_1_109' title="bbox 2135 4923 3696 4997">
    <p class='ocr_par' dir='ltr' id='par_1_109' title="bbox 2135 4923 3696 4997">
     <span class='ocr_line' id='line_1_109' title="bbox 2135 4923 3696 4997; baseline -0.007 -9"><span class='ocrx_word' id='word_1_726' title='bbox 2135 4942 2320 4990; x_wconf 85' lang='lat' dir='ltr'><strong>tentus</strong></span> <span class='ocrx_word' id='word_1_727' title='bbox 2342 4949 2453 4988; x_wconf 89' lang='lat' dir='ltr'><strong>non</strong></span> <span class='ocrx_word' id='word_1_728' title='bbox 2485 4932 2697 4993; x_wconf 86' lang='lat' dir='ltr'><strong>fuisset,</strong></span> <span class='ocrx_word' id='word_1_729' title='bbox 2729 4930 2823 4985; x_wconf 90' lang='lat' dir='ltr'><strong>sed</strong></span> <span class='ocrx_word' id='word_1_730' title='bbox 2852 4945 2976 4983; x_wconf 88' lang='lat' dir='ltr'><strong>eum</strong></span> <span class='ocrx_word' id='word_1_731' title='bbox 3001 4943 3101 4997; x_wconf 91' lang='lat' dir='ltr'><strong>pro</strong></span> <span class='ocrx_word' id='word_1_732' title='bbox 3126 4942 3223 4982; x_wconf 90' lang='lat' dir='ltr'><strong>sua</strong></span> <span class='ocrx_word' id='word_1_733' title='bbox 3256 4926 3311 4979; x_wconf 90' lang='lat' dir='ltr'><strong>in</strong></span> <span class='ocrx_word' id='word_1_734' title='bbox 3332 4924 3463 4978; x_wconf 90' lang='lat' dir='ltr'><strong>deos</strong></span> <span class='ocrx_word' id='word_1_735' title='bbox 3492 4923 3696 4992; x_wconf 86' lang='lat' dir='ltr'><strong>pietate</strong></span> 
     </span>
    </p>
   </div>
   <div class='ocr_carea' id='block_1_110' title="bbox 2133 5015 3694 5096">
    <p class='ocr_par' dir='ltr' id='par_1_110' title="bbox 2133 5015 3694 5096">
     <span class='ocr_line' id='line_1_110' title="bbox 2133 5015 3694 5096; baseline -0.008 -16"><span class='ocrx_word' id='word_1_736' title='bbox 2133 5042 2342 5096; x_wconf 88' lang='lat' dir='ltr'><strong>suoque</strong></span> <span class='ocrx_word' id='word_1_737' title='bbox 2367 5025 2421 5079; x_wconf 91' lang='lat' dir='ltr'><strong>in</strong></span> <span class='ocrx_word' id='word_1_738' title='bbox 2442 5024 2674 5080; x_wconf 70' lang='lat' dir='ltr'><strong>Caasaris</strong></span> <span class='ocrx_word' id='word_1_739' title='bbox 2701 5023 2855 5091; x_wconf 87' lang='lat' dir='ltr'><strong>jussa</strong></span> <span class='ocrx_word' id='word_1_740' title='bbox 2881 5020 3146 5088; x_wconf 83' lang='lat' dir='ltr'><strong>obsequio</strong></span> <span class='ocrx_word' id='word_1_741' title='bbox 3173 5015 3607 5087; x_wconf 79' lang='lat' dir='ltr'><strong>quamplurimas</strong></span> <span class='ocrx_word' id='word_1_742' title='bbox 3627 5030 3694 5068; x_wconf 80' lang='lat' dir='ltr'><strong>ex</strong></span> 
     </span>
    </p>
   </div>
   <div class='ocr_carea' id='block_1_111' title="bbox 2134 5105 3694 5179">
    <p class='ocr_par' dir='ltr' id='par_1_111' title="bbox 2134 5105 3694 5179">
     <span class='ocr_line' id='line_1_111' title="bbox 2134 5105 3694 5179; baseline -0.01 -7"><span class='ocrx_word' id='word_1_743' title='bbox 2134 5117 2430 5173; x_wconf 84' lang='lat' dir='ltr'><strong>rebellibus</strong></span> <span class='ocrx_word' id='word_1_744' title='bbox 2461 5116 2569 5170; x_wconf 91' lang='lat' dir='ltr'><strong>illis</strong></span> <span class='ocrx_word' id='word_1_745' title='bbox 2599 5114 2831 5169; x_wconf 65' lang='lat' dir='ltr'><strong>Caesaris</strong></span> <span class='ocrx_word' id='word_1_746' title='bbox 2879 5111 3154 5164; x_wconf 88' lang='lat' dir='ltr'><strong>mandatis</strong></span> <span class='ocrx_word' id='word_1_747' title='bbox 3186 5123 3378 5179; x_wconf 87' lang='lat' dir='ltr'><strong>parere</strong></span> <span class='ocrx_word' id='word_1_748' title='bbox 3412 5105 3694 5161; x_wconf 83' lang='lat' dir='ltr'><strong>renuenti-</strong></span> 
     </span>
    </p>
   </div>
   <div class='ocr_carea' id='block_1_112' title="bbox 2132 5199 3696 5277">
    <p class='ocr_par' dir='ltr' id='par_1_112' title="bbox 2132 5199 3696 5277">
     <span class='ocr_line' id='line_1_112' title="bbox 2132 5199 3696 5277; baseline -0.008 -13"><span class='ocrx_word' id='word_1_749' title='bbox 2132 5211 2256 5273; x_wconf 86' lang='lat' dir='ltr'><strong>bus,</strong></span> <span class='ocrx_word' id='word_1_750' title='bbox 2288 5208 2665 5277; x_wconf 81' lang='lat' dir='ltr'><strong>idolorumque</strong></span> <span class='ocrx_word' id='word_1_751' title='bbox 2709 5205 2891 5259; x_wconf 87' lang='lat' dir='ltr'><strong>cultus</strong></span> <span class='ocrx_word' id='word_1_752' title='bbox 2920 5202 3192 5265; x_wconf 89' lang='lat' dir='ltr'><strong>hostibus,</strong></span> <span class='ocrx_word' id='word_1_753' title='bbox 3231 5199 3466 5270; x_wconf 88' lang='lat' dir='ltr'><strong>plectere</strong></span> <span class='ocrx_word' id='word_1_754' title='bbox 3508 5199 3696 5268; x_wconf 89' lang='lat' dir='ltr'><strong>utique</strong></span> 
     </span>
    </p>
   </div>
   <div class='ocr_carea' id='block_1_113' title="bbox 2130 5299 2425 5354">
    <p class='ocr_par' dir='ltr' id='par_1_113' title="bbox 2130 5299 2425 5354">
     <span class='ocr_line' id='line_1_113' title="bbox 2130 5299 2425 5354; baseline 0 -1"><span class='ocrx_word' id='word_1_755' title='bbox 2130 5299 2425 5354; x_wconf 88' lang='lat' dir='ltr'><strong>debuisset.</strong></span> 
     </span>
    </p>
   </div>
   <div class='ocr_carea' id='block_1_114' title="bbox 2203 5381 3689 5456">
    <p class='ocr_par' dir='ltr' id='par_1_114' title="bbox 2203 5381 3689 5456">
     <span class='ocr_line' id='line_1_114' title="bbox 2203 5381 3689 5456; baseline -0.008 -11"><span class='ocrx_word' id='word_1_756' title='bbox 2203 5390 2358 5456; x_wconf 91' lang='lat' dir='ltr'><strong>Quod</strong></span> <span class='ocrx_word' id='word_1_757' title='bbox 2395 5389 2462 5443; x_wconf 91' lang='lat' dir='ltr'><strong>de</strong></span> <span class='ocrx_word' id='word_1_758' title='bbox 2494 5387 2724 5443; x_wconf 73' lang='lat' dir='ltr'><strong>mirifico</strong></span> <span class='ocrx_word' id='word_1_759' title='bbox 2757 5386 2850 5440; x_wconf 90' lang='lat' dir='ltr'><strong>illo</strong></span> <span class='ocrx_word' id='word_1_760' title='bbox 2891 5383 3038 5438; x_wconf 87' lang='lat' dir='ltr'><strong>fonte</strong></span> <span class='ocrx_word' id='word_1_761' title='bbox 3065 5391 3184 5436; x_wconf 90' lang='lat' dir='ltr'><strong>acta</strong></span> <span class='ocrx_word' id='word_1_762' title='bbox 3219 5381 3323 5437; x_wconf 91' lang='lat' dir='ltr'><strong>ista</strong></span> <span class='ocrx_word' id='word_1_763' title='bbox 3365 5383 3689 5446; x_wconf 83' lang='lat' dir='ltr'><strong>memorant,</strong></span> 
     </span>
    </p>
   </div>
   <div class='ocr_carea' id='block_1_115' title="bbox 2130 5477 3690 5552">
    <p class='ocr_par' dir='ltr' id='par_1_115' title="bbox 2130 5477 3690 5552">
     <span class='ocr_line' id='line_1_115' title="bbox 2130 5477 3690 5552; baseline -0.004 -16"><span class='ocrx_word' id='word_1_764' title='bbox 2130 5481 2224 5552; x_wconf 92' lang='lat' dir='ltr'><strong>qui</strong></span> <span class='ocrx_word' id='word_1_765' title='bbox 2252 5480 2317 5534; x_wconf 90' lang='lat' dir='ltr'><strong>ad</strong></span> <span class='ocrx_word' id='word_1_766' title='bbox 2343 5480 2517 5534; x_wconf 89' lang='lat' dir='ltr'><strong>sancti</strong></span> <span class='ocrx_word' id='word_1_767' title='bbox 2556 5478 2854 5534; x_wconf 58' lang='lat' dir='ltr'><strong>Clementis</strong></span> <span class='ocrx_word' id='word_1_768' title='bbox 2882 5491 3072 5547; x_wconf 89' lang='lat' dir='ltr'><strong>preces</strong></span> <span class='ocrx_word' id='word_1_769' title='bbox 3123 5477 3419 5540; x_wconf 83' lang='lat' dir='ltr'><strong>emanavit,</strong></span> <span class='ocrx_word' id='word_1_770' title='bbox 3469 5487 3690 5547; x_wconf 68' lang='lat' dir='ltr'><strong>prmter-</strong></span> 
     </span>
    </p>
   </div>
   <div class='ocr_carea' id='block_1_116' title="bbox 2130 5567 3689 5639">
    <p class='ocr_par' dir='ltr' id='par_1_116' title="bbox 2130 5567 3689 5639">
     <span class='ocr_line' id='line_1_116' title="bbox 2130 5567 3689 5639; baseline -0.007 -11"><span class='ocrx_word' id='word_1_771' title='bbox 2130 5573 2365 5628; x_wconf 90' lang='lat' dir='ltr'><strong>cundum</strong></span> <span class='ocrx_word' id='word_1_772' title='bbox 2398 5570 2555 5625; x_wconf 92' lang='lat' dir='ltr'><strong>nobis</strong></span> <span class='ocrx_word' id='word_1_773' title='bbox 2577 5586 2699 5627; x_wconf 89' lang='lat' dir='ltr'><strong>esse</strong></span> <span class='ocrx_word' id='word_1_774' title='bbox 2719 5583 3004 5625; x_wconf 86' lang='lat' dir='ltr'><strong>censemus</strong></span> <span class='ocrx_word' id='word_1_775' title='bbox 3029 5585 3043 5634; x_wconf 88' lang='lat'>;</span> <span class='ocrx_word' id='word_1_776' title='bbox 3077 5567 3303 5639; x_wconf 67' lang='lat' dir='ltr'><strong>singulm</strong></span> <span class='ocrx_word' id='word_1_777' title='bbox 3323 5567 3467 5622; x_wconf 88' lang='lat' dir='ltr'><strong>enim</strong></span> <span class='ocrx_word' id='word_1_778' title='bbox 3497 5582 3689 5620; x_wconf 82' lang='lat' dir='ltr'><strong>narra-</strong></span> 
     </span>
    </p>
   </div>
  </div>
