4074 6286
243 351 342 407 Ιῖδ

1456 351 1792 409 ΡιιοωΜιΑ
1830 350 2210 410 VARIORUM.

3366 355 3464 409 liii»

241 465 400 519 tionis
423 462 592 534 hujus
626 473 811 535 partes
866 481 925 521 se
958 465 1106 536 ipsas
1154 463 1412 521 falsitatis
1472 473 1792 536 coarguunt.
1825 469 1872 526 Α
1898 464 2157 520 Clementi
2181 475 2338 518 sacra
2361 459 2426 515 ad
2446 461 2548 516 tria
2564 458 2729 516 millia
2745 475 3005 532 passuum
3025 462 3278 518 recedere
3294 465 3318 518 τ
3334 465 3466 541 ρυίτ

239 556 377 611 idem
408 557 757 611 sentiendum
783 565 866 612 est
894 557 960 612 de
990 557 1079 621 iis,
1122 571 1241 627 quae
1274 564 1393 610 acta
1428 557 1529 612 ista
1569 557 1795 622 addunt,

235 663 354 702 cum
380 647 636 716 discipuli
668 649 859 718 paucis
886 655 1008 718 post
1040 649 1216 704 sancti
1272 649 1566 704 Clementis
1597 656 1800 720 marty-

234 739 372 791 rium
402 737 594 794 diebus
629 738 697 791 ad
730 738 930 801 locum,
962 753 1072 808 quo
1104 739 1194 794 ille
1216 738 1270 793 in
1319 753 1488 808 aquas
1517 738 1799 793 demersus

233 831 426 895 fuerat,
457 831 846 896 accessissent,
888 832 1065 889 tribus
1102 833 1311 888 scilicet
1334 847 1364 886 a
1394 832 1580 886 littore
1601 832 1800 886 millia-

231 922 378 976 ribus
405 937 558 976 mare
588 923 912 988 recessisse,
970 931 1134 994 atque
1189 939 1284 979 eos
1327 923 1501 978 sancti
1543 923 1799 994 martyris

229 1015 485 1084 reliquias
536 1016 750 1070 tumulo
801 1017 1014 1086 lapideo
1064 1017 1314 1073 conditas
1371 1018 1428 1072 in
1489 1032 1798 1074 marmoreo

229 1104 426 1174 templo
457 1104 756 1160 invenisse.
790 1105 893 1172 Qui
923 1106 1065 1161 enim
1099 1105 1214 1160 ﬁeri
1246 1113 1454 1176 posset,
1475 1113 1534 1161 ut
1559 1123 1647 1162 res
1663 1107 1799 1163 adeo

229 1193 565 1250 admirandae
621 1197 889 1252 universa:
921 1197 1232 1267 antiquitati
1267 1198 1487 1267 ignotae,
1538 1205 1700 1268 atque
1730 1199 1799 1253 ab

226 1287 484 1342 omnibus
532 1288 921 1343 ecclesiastica:
985 1288 1228 1344 historiae
1295 1289 1660 1360 scriptoribus
1717 1290 1798 1342 al-

225 1379 441 1434 tissimo
493 1378 710 1434 silentio
760 1379 984 1449 sepulta:
1038 1379 1283 1434 fuerint?
1314 1379 1456 1434 haud
1508 1379 1801 1435 difﬁtemur

223 1471 463 1541 quidem,
497 1472 620 1540 ejus
652 1472 731 1526 rei
758 1472 812 1526 in
842 1473 1106 1542 opusculo
1129 1472 1365 1542 quodam
1400 1472 1515 1542 (56)
1537 1472 1796 1543 Ephraim

223 1562 514 1617 Chersonis
543 1563 800 1633 episc0po
830 1564 1034 1618 tributo
1061 1563 1395 1620 mentionem
1429 1565 1573 1619 fieri:
1606 1580 1795 1618 verum

223 1653 481 1722 scriptum
499 1653 639 1708 illud
662 1654 883 1710 levioris
901 1655 1158 1725 ponderis
1181 1671 1304 1711 esse
1319 1655 1553 1712 videtur.
1575 1656 1651 1710 Ex
1677 1656 1796 1725 ipso

221 1746 358 1802 enim
421 1746 578 1817 stylo
635 1747 1052 1818 dignoscimus,
1098 1748 1232 1802 illud
1275 1746 1447 1803 Grzeci
1510 1749 1792 1818 cujusdam

1897 556 2000 611 bus
2033 555 2274 611 universi
2325 569 2643 624 reposuere,
2678 555 2792 610 haec
2820 553 2924 610 sibi
2949 553 3221 612 hactenus
3257 556 3465 612 inconi-

1898 658 2052 722 perta
2085 649 2254 706 fuisse
2293 647 2428 721 (57).

1968 742 2266 798 Obscurior
2293 751 2573 812 praeterea,
2598 748 2695 807 aut
2722 740 2904 811 potius
2943 747 3204 810 tanquam
3235 755 3464 812 apocry-

1899 835 2007 908 pha
2035 842 2088 890 et
2118 835 2490 890 commentitia
2530 849 2560 887 a
2601 832 2665 891 D.
2697 832 2946 905 Gregorii
2977 831 3045 886 Μ.
3084 848 3259 910 usque
3304 841 3464 903 aetate

1899 930 2127 987 historia
2155 929 2271 984 haec
2295 928 2480 982 habita
2518 927 2654 993 fuit;
2687 941 2810 981 cum
2844 933 3034 980 sancto
3076 923 3306 995 Eulogio
3348 925 3466 995 epi-

1899 1037 2067 1092 scopo
2126 1020 2494 1077 Alexandrino
2568 1027 2868 1090 martyrum
2922 1025 3042 1073 acta
3099 1016 3169 1071 ab
3228 1016 3464 1071 Eusebio

1897 1109 2231 1166 Caesareensi
2264 1109 2488 1163 collecta
2513 1107 2783 1177 expetenti
2812 1105 3061 1161 Pontifex
3087 1105 3176 1160 ille
3201 1104 3459 1160 doctissi-

1898 1217 2020 1256 mus
2065 1199 2445 1270 responderit:
2480 1217 2498 1250 ι
2525 1197 2729 1253 Praeter
2771 1197 2888 1262 illa,
2937 1212 3058 1268 quae
3108 1197 3164 1250 in
3216 1195 3460 1265 ejusdem

1899 1292 2114 1347 Eusebii
2146 1292 2298 1346 libris
2328 1290 2394 1346 de
2424 1290 2606 1345 Gestis
2638 1297 2952 1345 sanctorum
2991 1296 3288 1358 martyrum
3321 1303 3458 1342 con-

1896 1379 2159 1440 tinentur,
2191 1379 2338 1432 nulla
2367 1379 2423 1432 in
2454 1378 2692 1432 Archivo
2749 1379 2912 1446 hujus
2962 1385 3164 1432 nostrae
3203 1377 3461 1432 Ecclesiae

1896 1472 1980 1525 vel
2013 1471 2067 1525 in
2119 1468 2377 1525 Romana:
2426 1470 2580 1525 urbis
2632 1468 2982 1525 bibliothecis
3029 1484 3152 1524 esse
3207 1469 3458 1539 cognovi,

1898 1562 2001 1616 nisi
2034 1577 2207 1631 pauca
2230 1561 2480 1631 quaedam
2514 1561 2570 1616 in
2599 1561 2766 1616 unius
2795 1560 3004 1616 codicis
3042 1561 3319 1616 volumine
3345 1562 3461 1614 col-

1897 1654 2056 1710 lecta.
2078 1653 2188 1709 Nos
2211 1661 2390 1708 autem
2421 1668 2572 1725 paene
2595 1655 2836 1706 omnium
2865 1661 3158 1724 martyrum
3184 1651 3460 1707 distinctis

1897 1760 1995 1814 per
2022 1745 2139 1801 dies
2173 1745 2419 1816 singulos
2447 1743 2800 1814 passionibus
2831 1744 3060 1798 collecta
3105 1744 3158 1796 in
3214 1758 3325 1796 uno
3367 1757 3462 1796 co-

222 1835 377 1890 medii
424 1835 536 1890 :evi
565 1851 705 1906 opus
736 1852 877 1892 esse.
939 1836 1200 1892 Eumdem
1232 1853 1405 1908 aeque,
1452 1853 1517 1894 ac
1546 1847 1791 1892 actorum
1825 1830 1865 1883 Β
1895 1835 2016 1891 dice
2047 1837 2266 1891 nomina
2304 1837 2592 1900 habemus,
2626 1844 2790 1906 atque
2815 1835 3156 1906 quotidianis
3181 1835 3372 1890 diebus
3403 1835 3459 1888 in

222 1928 456 1997 martyrii
475 1929 661 1982 sancti
680 1927 978 1985 Clementis
1000 1938 1277 1985 auctorem
1305 1929 1517 1986 fabellis
1530 1931 1794 1986 delectari

224 2018 335 2072 inde
362 2019 752 2090 intelligimus,
784 2020 929 2090 quod
959 2020 1172 2091 singula
1208 2022 1278 2075 ab
1328 2037 1392 2076 eo
1427 2021 1598 2077 relata
1642 2038 1673 2077 a
1702 2039 1794 2078 ve-

225 2111 311 2167 teri
333 2112 580 2182 quodam
603 2112 866 2182 episcopo
896 2111 1261 2168 Constantino
1293 2114 1564 2184 appellato
1584 2155 1598 2179 ,
1631 2114 1792 2184 cujus

225 2211 330 2258 acta
358 2219 386 2257 a
410 2201 689 2258 Bollando
737 2202 881 2257 edita
913 2210 1073 2271 sunt,
1101 2203 1227 2259 falsi
1262 2204 1686 2276 redarguantur.
1741 2205 1791 2260 ls

223 2295 348 2352 enim
388 2311 523 2350 cum
573 2295 722 2349 circa
757 2309 960 2348 annum
994 2294 1100 2350 850
1141 2294 1481 2351 Chersonem
1509 2296 1788 2366 profectus

224 2395 373 2453 esset,
395 2387 617 2444 incolas
651 2387 943 2457 diligenter
979 2385 1292 2442 sciscitatus
1312 2393 1416 2451 est,
1441 2396 1790 2443 constaretne

226 2477 334 2541 sibi,
352 2493 473 2548 quae
507 2476 822 2540 ferebatur,
856 2474 1022 2540 fama,
1053 2476 1233 2530 sancti
1263 2474 1563 2532 Clementis
1588 2492 1790 2548 corpus

223 2583 516 2625 marmoreo
540 2574 906 2624 monumento
949 2567 1005 2623 in
1050 2569 1253 2640 templo
1300 2572 1369 2625 ab
1399 2571 1608 2641 angelis
1655 2586 1790 2625 con-

224 2659 325 2716 dito
353 2669 637 2734 repertum
671 2663 868 2728 fuisse,
899 2668 954 2718 et
994 2676 1148 2718 mare
1177 2663 1474 2735 quotannis
1491 2663 1580 2719 die
1594 2668 1783 2718 sancto

1897 1943 2086 1981 eorum
2138 1929 2488 1983 veneratione
2544 1927 2832 1983 Missarum
2897 1927 3161 1982 solemnia
3228 1927 3456 1996 agimus.

1895 2016 2014 2072 Non
2060 2028 2242 2074 tamen
2291 2023 2344 2074 in
2375 2019 2564 2076 eodem
2610 2018 2908 2083 volumine,
2938 2018 3086 2088 quis,
3121 2017 3354 2088 qualiter
3379 2017 3454 2072 sit

1897 2125 2092 2181 passus
2122 2109 2415 2175 indicatur,
2449 2109 2543 2165 sed
2593 2107 2973 2164 tantummodo
3030 2123 3251 2172 nomen,
3284 2108 3459 2175 locus,

1895 2209 1949 2256 et
1981 2201 2098 2256 dies
2119 2202 2392 2272 passionis
2425 2201 2666 2272 ponitur.
2706 2221 2724 2253 s
2765 2199 2888 2254 llaec
2913 2215 3044 2254 sane
3073 2206 3298 2254 sanctus
3328 2197 3463 2252 Gre-

1899 2294 2085 2364 gorius
2135 2293 2247 2364 (58)
2297 2293 2606 2363 scripturus
2658 2308 2768 2347 non
2830 2292 3043 2355 fuisset,
3074 2293 3121 2345 si
3166 2301 3310 2354 acta,
3340 2305 3462 2360 quae

1895 2387 2057 2442 hodie
2093 2387 2195 2442 sub
2224 2386 2398 2441 sancti
2427 2386 2725 2441 Clementis
2754 2385 2975 2439 nomine
3011 2390 3249 2447 exstant,
3275 2383 3460 2438 novis-

1897 2489 1997 2544 set,
2030 2479 2124 2534 ubi
2153 2493 2263 2532 non
2295 2477 2414 2533 dies
2446 2477 2609 2533 modo
2640 2485 2694 2532 et
2725 2478 2880 2533 locus
2916 2475 3192 2546 passionis
3223 2476 3342 2544 ejus
3389 2475 3462 2528 le-

1897 2572 2062 2642 gitur,
2093 2569 2188 2625 sed
2219 2569 2501 2640 complura
2533 2570 2660 2635 alia,
2695 2583 2816 2640 qua:
2867 2571 3015 2626 circa
3073 2570 3193 2640 ejus
3228 2577 3457 2623 mortem

1896 2677 2146 2728 evenere,
2180 2663 2496 2734 singillatim
2525 2663 2930 2719 describuntur.

1215 3179 1629 3241 DOCTRINA
1664 3179 1948 3242 SANCTI
1982 3180 2462 3242 CLEMENTIS.

1793 3349 1856 3362 κ

775 3443 1170 3502 ABTICULUS
1199 3446 1238 3503 Ι.

229 3554 661 3596 οιςειινλτιοιηεε
687 3553 1010 3594 DOGIATlCzE
1032 3556 1082 3593 IN
1103 3555 1211 3592 DIVI
1253 3553 1550 3594 CLEIENTIS
1585 3553 1787 3592 ROIANI

688 3625 976 3665 EPISTOLAS
1013 3625 1295 3664 GENUINAS.
1760 3639 1762 3641 ’

415 3724 442 3796 ᾗ
477 3724 519 3780 Ι.
559 3722 644 3777 De
677 3731 866 3778 sancta
894 3722 1167 3791 Scriptura
1188 3730 1237 3775 et
1270 3719 1574 3778 traditione.

282 3814 355 3870 Ex
385 3819 569 3886 prima
610 3815 720 3870 divi
757 3814 1052 3871 Clementis
1108 3814 1176 3869 ad
1215 3812 1530 3869 Corinthios
1561 3812 1788 3883 epistola

225 3911 568 3966 utilissimum
621 3909 865 3964 eruimus
914 3908 967 3963 in
1016 3906 1255 3963 favorem
1277 3918 1558 3962 sacrarum
1588 3907 1790 3961 littera-

223 4016 327 4055 rum
382 4002 809 4069 testimonium;
847 4001 945 4056 has
995 4001 1268 4071 siquidem
1321 3999 1560 4070 Spiritus
1606 4000 1782 4055 sancti

222 4097 421 4151 oracula
443 4102 654 4151 vocat:
681 4094 992 4165 Diligenter,
1016 4094 1212 4164 legitur
1234 4093 1330 4159 ibi,
1369 4093 1609 4162 inspicite
1641 4091 1789 4146 Scri-

221 4197 408 4254 pturas.
440 4187 693 4258 Spiritus
739 4187 912 4240 sancti
961 4203 1083 4240 vera
1138 4185 1356 4240 oracula
1385 4198 1405 4237 :
1431 4185 1542 4248 Τὰς
1571 4182 1789 4254 ἀληθεῖς

224 4278 389 4347 ρήπις
419 4277 749 4347 Πνεύματος
766 4275 859 4329 τοῦ
891 4275 1046 4344 ἁγίου
1079 4274 1210 4346 (59).
1238 4274 1326 4328 Ait
1351 4273 1517 4330 etiam
1564 4284 1788 4329 sanctus

221 4365 490 4425 Pontifex:
527 4367 725 4422 Nostis
767 4368 930 4432 enim,
961 4375 1011 4420 et
1058 4367 1218 4436 probe
1270 4367 1437 4421 nostis
1484 4364 1788 4434 Scripturas

222 4477 405 4524 sacras,
441 4461 678 4524 dilecti,
737 4468 786 4513 et
835 4459 1038 4527 penitus
1087 4460 1145 4512 in
1201 4457 1380 4513 divina
1436 4458 1664 4529 eloquia,
1707 4456 1788 4510 Τὰ

223 4550 357 4620 λόγια
401 4553 498 4605 τοῦ
547 4550 714 4615 Θεοῦ,
751 4551 1160 4620 introspexistis.
1193 4549 1333 4616 Quid
1374 4551 1552 4620 aptius
1582 4547 1649 4602 ad
1684 4545 1783 4604 SS.

228 4641 620 4715 Scripturarum
662 4658 785 4698 cum
818 4642 1228 4712 inspirationem
1249 4681 1265 4706 ,
1302 4649 1416 4696 tum
1445 4641 1785 4696 divinitatem

228 4738 678 4805 comprobandam
700 4733 940 4805 proferri
971 4731 1188 4804 potest?
1215 4730 1332 4787 Non
1380 4731 1556 4787 solum
1604 4736 1785 4784 autem

1814 3448 1859 3509 C
1895 3463 2035 3512 mus,
2081 3446 2176 3503 sed
2222 3447 2472 3502 eumdem
2532 3454 2783 3500 sanctum
2835 3444 3143 3518 pontificem
3196 3453 3454 3515 tanquam

1891 3548 2083 3596 testem
2131 3555 2242 3594 non
2297 3537 2758 3594 contemnendum
2811 3534 3458 3608 apostoliczeEvangelio-

1889 3646 2010 3686 rum
2042 3632 2269 3701 originis
2295 3645 2418 3684 cum
2449 3630 2572 3684 viro
2615 3630 2939 3685 doctissimo
2968 3627 3081 3700 (60)
3104 3641 3294 3684 contra
3324 3628 3457 3684 Fre-

1891 3730 2071 3778 retum
2101 3723 2213 3794 (61)
2250 3723 2305 3776 in
2346 3721 2519 3777 aciem
2546 3721 2929 3792 producimus;
2963 3722 3016 3774 in
3049 3728 3279 3792 utraque
3310 3723 3453 3776 enim

1887 3831 1987 3872 sua
2030 3814 2260 3885 epistola
2292 3815 2474 3870 verbis
2520 3815 2977 3885 evangelistarum
3010 3816 3322 3884 frequenter
3349 3816 3457 3868 uti-

1886 3915 1998 3963 tur.
2028 3905 2285 3973 Quinimo
2321 3923 2387 3961 ex
2432 3906 2607 3976 ipsius
2651 3906 2871 3977 scriptis
2909 3905 3285 3960 demonstrare
3321 3921 3456 3974 pos-

1888 4014 2078 4055 sumus
2095 4005 2284 4054 contra
2312 3998 2570 4070 antiquos
2592 4005 2645 4053 et
2673 3997 3008 4052 recentiores
3030 3995 3453 4054 hibliomachos,

1888 4106 1998 4144 non
2029 4105 2233 4160 paucos
2263 4087 2467 4146 Sanctae
2499 4088 2800 4161 Scriptura:
2824 4090 2996 4145 libros
3041 4089 3244 4144 habere
3267 4095 3458 4142 aucto-

1888 4184 2104 4237 ritatem
2130 4175 2476 4238 can'onicam.
2510 4181 2791 4252 Siquidem
2821 4181 2898 4233 ait
2932 4179 3235 4247 :Prwcipue
3266 4195 3457 4232 memo-

1890 4291 1972 4328 res
2003 4291 2300 4329 sermonum
2326 4273 2539 4327 Domini
2565 4273 2718 4335 Jesu,
2741 4287 2870 4341 quos
2905 4271 3108 4323 locutus
3155 4277 3233 4321 est
3265 4266 3454 4320 docens

1888 4366 2343 4422 mansuetudinem
2386 4376 2436 4420 et
2467 4364 2931 4435 arquanimitatem.
2966 4360 3054 4416 Sic
3103 4361 3241 4415 enim
3270 4360 3404 4412 dixit
3435 4377 3455 4414 :

1894 4477 1912 4510 t
1945 4456 2127 4513 Estote
2163 4454 2545 4518 misericordes,
2593 4464 2650 4506 ut
2703 4450 3121 4506 misericordiam
3179 4466 3462 4520 consequa-

1889 4549 2056 4613 ntini;
2087 4547 2359 4612 dimittite,
2391 4555 2451 4599 ut
2482 4545 2784 4598 dimittatur
2819 4542 2959 4597 vobis
2989 4542 3122 4612 (62).
3151 4562 3168 4593 ι
3214 4541 3255 4594 Ε
3302 4541 3458 4597 libris

1889 4640 2173 4697 canonicis
2208 4638 2276 4694 ad
2304 4638 2595 4711 Evangelia
2626 4637 2860 4691 Mattbaei
2892 4651 2956 4690 ac
2986 4635 3146 4690 Lucae
3185 4635 3453 4705 respexit.

1889 4736 1955 4792 Et
1981 4735 2110 4791 dum
2140 4733 2270 4789 dicit
2300 4732 2479 4803 capite
2499 4730 2741 4788 secundo
2783 4729 2983 4800 prioris
3016 4728 3261 4799 epistolae
3288 4747 3299 4781 :
3330 4726 3459 4781 0m-

232 4825 318 4881 SS.
337 4829 646 4884 litterarum
666 4825 1006 4882 divinitatem
1022 4842 1090 4881 ex
1111 4825 1237 4880 divo
1253 4821 1530 4880 Clemente
1551 4821 1787 4879 ostendi-

1892 4845 1986 4884 nes»
2012 4837 2190 4882 autem
2241 4825 2432 4880 humili
2477 4826 2654 4879 animo
2685 4824 2889 4893 _cratis,
2932 4821 3237 4876 nullatenus
3276 4835 3460 4887 super-

295 5003 392 5066 [56i
424 5005 589 5060 Tom.
625 5004 641 5058 I
672 5004 908 5074 Operum
939 5002 1215 5067 Cotelerii,
1252 5018 1374 5074 pag.
1405 5001 1464 5074 8_i
1478 5001 1529 5074 5.

226 5075 395 5193 milia)
443 5077 585 5129 Acta
633 5070 805 5128 sancti
860 5073 1195 5129 Constantini
1227 5070 1368 5143 apud
1420 5070 1692 5135 Bolland.,
1746 5071 1780 5127 9

249 5147 407 5200 tanii.

289 5215 393 5278 (58)
419 5215 476 5269 S.
513 5214 745 5285 Gregor.
781 5214 875 5275 Μ..
907 5215 1001 5269 lib.
1025 5228 1120 5268 vm
1148 5211 1776 5285 Epi_stol.,indictionei,

226 5285 437 5351 epistola
473 5286 568 5346 29,
601 5283 681 5337 ΑΗ
706 5284 988 5350 Eulogium
1017 5283 1308 5338 Alexandr.

223 5355 396 5477 45(59)
429 5357 488 5410 S.
539 5356 796 5411 Clemens
827 5356 1008 5418 liom.,
1044 5371 1130 5424 ep.
1167 5353 1191 5407 l
1239 5353 1305 5407 ad
1348 5351 1623 5418 Corinth.,
1653 5368 1774 5424 cap.

293 5493 400 5563 (60)
429 5493 760 5550 Vincentius
815 5494 1097 5550 Fassinius
1146 5494 1200 5546 in
1233 5493 1372 5547 libro
1404 5494 1665 5563 singulari
1698 5493 1794 5546 ad-

228 5578 407 5634 versus
431 5564 718 5618 Freretum
747 5564 818 5617 De
833 5565 1124 5628 apostolica
1146 5563 1548 5634 Evangeliorum
1569 5564 1790 5633 origine,

230 5629 439 5687 Liburni
472 5636 624 5688 edito
654 5635 814 5697 1775,
839 5637 996 5689 iit—4'.

291 5704 405 5776 (Gl)
439 5704 750 5759 L‘Examcn
783 5707 998 5776 critique
1031 5705 1117 5759 (les
1149 5705 1460 5774 npologistrs
1487 5705 1548 5759 de
1580 5705 1630 5758 Ia
1669 5704 1787 5758 reli-

230 5788 337 5831 aion
361 5775 680 5831 chrétienne.

1960 5003 2071 5075 (62)
2103 5001 2166 5058 D.
2205 5000 2496 5075 Clemens,‘
2522 5016 2620 5075 ep.
2655 4999 2678 5053 l
2717 4998 2783 5054 ad
2821 4997 2951 5075 Cor.
2977 5011 3160 5075 ,_cap._
3182 4996 3296 5075 153
3339 4993 3461 5075 Μέι-

1886 5063 2404 5160 λιέτίμεὶινημένοι
2424 5071 2537 5156 ,τῶν
2550 5063 2736 5160 ξλόγων
2755 5068 2848 5160 τεῖὗ
2878 5063 3343 5160 ΚυρίοέίἛησοξὶι
3364 5063 3459 5127 οὓς

1884 5134 2110 5215 ὲλάληέε
2141 5134 2402 5215 διδάὲκων
2422 5134 2716 5215 ὲπιξίκερᾳν
2735 5142 2827 5215 noti
2859 5134 3254 5215 μαξξρφθυμίξὶν.
3276 5134 3462 5215 ρῦτῳξ

1885 5216 1992 5288 γὰρ
2024 5204 2192 5268 ἑῖπεν·
2232 5214 2478 5273 Ἐλεεῖτε,
2512 5213 2596 5267 ἵνα
2624 5204 2900 5332 ambesas,
2929 5204 3136 5276 ἀφίετὲ,
3169 5207 3254 5258 ἵνα
3284 5204 3459 5276 ἀφεθῇ

1887 5289 2032 5332 ὑαῖν·
2069 5287 2145 5332 ὡς
2176 5287 2400 5332 ποιεῖτε.
2431 5282 2573 5332 οὕτω
2604 5299 2726 5332 nom
2768 5283 2956 5332 ήσεται
2985 5279 3131 5332 ὑμῖν·
3167 5277 3242 5332 ὡς
3268 5275 3459 5332 δίδοτε,

1887 5279 2032 5355 ὑμῖν·
2069 5287 2145 5348 ὼς
2176 5287 2400 5347 ποιεῖτε,
2431 5282 2573 5336 οὕτω
2593 5279 2956 5355 ἔποιηΟ-ήσεται
2981 5279 3131 5355 ρμῖν·
3167 5279 3459 5355 ὠςλὸξίδοτε,

1884 5345 2026 5410 οὕτω
2071 5345 2355 5426 δοθήσεται
2389 5345 2542 5426 ὑμῖν·
2575 5353 2663 5426 ὡςμ
2680 5345 2911 5421 κρίύετε,
2947 5345 3114 5426 οὕτω).
3141 5345 3460 5426 septenarius

1900 5429 2044 5501 ῥμῐν·
2082 5426 2156 5489 ὡς
2181 5415 2580 5501 ᾑρηστεύὲσθεη
2609 5415 2789 5501 οὒτ’(ὺὶ
2816 5415 3456 5501 χρηστειλρήσεταιρμξνο

1895 5485 1950 5566 ᾤ’
1987 5485 2167 5568 μέτρῲ
2183 5485 2522 5568 "saepius;
2541 5495 2598 5545 ὲν
2653 5485 3252 5568 σεὲτῷίμέτρηβήεεται
3309 5485 3458 5568 ‘5?“-

1896 5557 2052 5623 Cmif.
2080 5557 2328 5629 Ῑλὺοξνιξ
2346 5565 2437 5629 56,
2460 5564 2527 5617 38
2550 5581 2563 5627 ;
2589 5571 2641 5616 et
2671 5557 2980 5629 Mattlnvn,
3018 5559 3067 5613 l.
3093 5557 3272 5629 Taceo
3302 5557 3458 5629 plura

1895 5642 1999 5695 alia
2049 5639 2188 5696 loca,
2240 5627 2361 5707 qua:
2409 5627 2463 5688 in
2519 5631 2756 5707 secunda
2790 5628 3084 5686 Clementis
3133 5627 3362 5698 epistola
3390 5641 3458 5681 ex

1893 5707 2242 5780 evangelistis
2257 5702 2441 5762 'relata
2467 5702 2898 5773 conspiciuntur.
