2037 3143
132 182 181 210 157

696 177 701 180 “
746 185 913 216 ριιοαῑιιιι
932 187 1125 217 νιιιιοιιωι.

130 240 163 267 tri
178 237 305 274 Epistolas
322 239 475 269 sententias
489 248 545 269 non
569 247 633 271 raro
658 242 795 278 imitatur;
813 244 908 280 prima
921 246 944 276 Α
957 245 1025 281 ejus,
1040 246 1108 274 dicit
1123 256 1133 276 :
1145 246 1211 275 Cum
1225 247 1277 276 duo
1298 253 1375 276 erunt
1389 256 1481 282 unum,
1495 250 1601 285 etquod
1619 251 1696 286 foris,
1712 257 1741 280 ιιι

128 285 245 320 quidem,
260 293 325 312 cum
348 286 457 321 inquit:
473 286 596 316 Charitas
610 289 692 324 operit
715 290 907 318 multitudinem

128 334 290 364 peccatorum
301 329 375 366 (77);
386 334 430 359 et:
449 330 630 367 Unusquisque
649 334 806 368 subjiciatur
818 335 908 370 proxi-

129 383 170 401 mo
184 383 227 401 suo
235 374 304 410 (78).
322 374 418 403 Omnes
432 376 526 404 humili
538 383 624 405 autem
637 380 724 406 animo
737 381 828 414 eratis,
844 381 907 409 nul-

129 420 226 447 latenus
241 421 431 455 superbientes,
447 423 530 458 magis
542 424 662 459 subjecti,
675 434 754 461 quam
766 426 907 461 subjicien-

128 471 165 492 ιιι
183 465 250 501 (⁵19).
268 466 404 495 Secundae
419 476 484 496 vero
497 468 562 497 dum
579 471 697 500 scribit:
715 472 773 500 Noe
782 474 907 508 paeniten-

127 513 190 539 tiam
203 512 376 546 pradicavit;
393 517 418 541 et
430 515 476 549 qui
485 515 646 549 obedierunt,
655 519 752 546 servati
765 524 825 547 sunt
838 519 905 556 (80).

127 557 236 593 Propter
259 559 468 594 hospitalitatem
481 565 507 588 et
526 563 649 597 pietatem
676 564 727 592 Lat
746 574 761 593 e
785 564 907 595 Sodomis

126 604 211 630 salvus
227 605 319 637 evasit,
336 612 396 632 cum
423 609 480 632 tota
503 607 573 642 regio
589 609 776 644 circumjacens
803 610 861 646 igne
882 616 908 639 et

124 649 248 684 sulphure
267 650 395 678 damnata
408 656 485 680 esset.
500 652 597 680 Palam
610 653 672 689 fecit
684 655 764 688 Deus,
774 657 842 692 quod
854 666 909 691 spe-

125 700 211 723 rantes
221 697 248 723 in
261 705 288 724 se
299 706 351 725 non
369 697 535 735 derelinquit,
552 708 596 727 eos
607 709 676 734 vero,
692 703 737 738 qui
760 703 788 730 in
806 708 908 730 contra~

124 743 163 770 ria
177 742 323 776 declinant,
341 745 477 779 punitione
491 754 523 773 ac
534 747 662 781 supplicio
676 749 755 784 afﬁcit
776 748 843 785 (8i).

157 788 203 816 lite
218 793 311 816 autem
333 790 511 825 allegationcs
526 791 580 819 divi
597 792 747 820 Clementis
769 801 802 821 eo
818 795 907 830 majus

125 835 223 862 habere
239 835 321 863 nobis
338 836 466 865 videntur
482 837 598 872 pondus,
617 839 689 873 quod
709 840 735 866 in
751 840 839 875 prima
858 849 907 870 sua

123 880 237 916 epistola
253 881 359 908 nullum
375 883 558 918 apocryphum
574 892 642 918 opus
658 890 809 918 memoret;
831 886 907 913 locus

124 925 194 953 enim
213 925 264 954 ille
285 927 383 961 capitis
405 928 531 955 vicesimi
555 929 629 955 tertii
651 928 753 964 (miseri
779 935 851 963 sunt,
864 931 909 966 qui

124 972 207 999 animo
221 976 285 998 sunt
294 971 419 1007 duplices)
431 980 614 1008 nequaquam,
629 978 658 1000 ut
669 972 784 1002 Grahius
797 974 853 1011 (82)
864 983 909 1002 ar-

125 1018 236 1045 bitratus
265 1021 326 1050 est,
360 1025 376 1045 e
403 1018 539 1053 scriptura
569 1020 722 1055 apocrypha
748 1020 908 1057 desumptus

124 1068 172 1095 est,
195 1064 260 1095 sed,
279 1067 310 1091 ut
324 1063 394 1091 bene
418 1064 524 1091 notavit
545 1064 703 1094 Gallandius
726 1067 793 1103 (83),
807 1067 908 1096 ibidem

126 1109 153 1137 ι).
164 1109 294 1137 Pontifex
320 1109 416 1137 alludit
438 1110 473 1138 ad
496 1119 605 1139 versum
633 1116 759 1140 octavum
777 1114 875 1150 capitis
898 1122 908 1142 ι

124 1155 249 1191 Epistolas
265 1156 321 1184 divi
342 1155 448 1189 Jacobi,
471 1162 553 1193 atque
575 1159 610 1186 ad
630 1167 728 1187 versus
750 1161 859 1188 tertium
876 1169 908 1190 ac

124 1206 247 1238 quartum
264 1202 362 1238 capitis
373 1203 540 1231 lnsecundae
556 1203 587 1232 D.
598 1203 670 1232 Petri
680 1205 817 1241 Epistolas.

155 1247 182 1275 1n
196 1248 288 1276 altera
308 1248 418 1283 quidem
437 1250 527 1276 sancti
538 1249 690 1278 Clementis
706 1252 739 1279 ad
752 1251 909 1282 Corinthios

124 1291 238 1329 Epistola
258 1293 395 1329 duplicem
411 1294 551 1322 ollcndunt
557 1295 644 1323 critici
657 1296 747 1324 locum
760 1305 793 1325 ex
805 1299 909 1334 scripto

124 1338 279 1374 apocrypho
312 1339 458 1373 prolatum.
494 1338 603 1367 Primus
630 1341 670 1368 sic
695 1349 725 1369 se
744 1342 846 1378 habet;
871 1345 909 1371 ait

124 1384 216 1421 quippe
230 1384 367 1413 Dominus
387 1385 415 1412 in
431 1385 597 1421 Evangelio:
612 1386 644 1414 Si
662 1396 771 1422 parvum
785 1398 837 1417 non
853 1398 909 1417 ser-

124 1431 209 1464 vastis,
221 1431 286 1466 quis
300 1439 424 1466 magnum
444 1431 518 1458 dabit
533 1432 624 1461 vobis?
647 1432 706 1460 dico
726 1434 798 1461 enim
817 1435 908 1464 vobis:

124 1475 171 1509 Qui
185 1477 276 1512 ﬁdelis
289 1482 328 1504 est
347 1477 374 1504 in
391 1477 509 1510 minimo,
526 1482 550 1505 et
565 1478 594 1505 in
610 1479 707 1514 majori
719 1480 805 1515 ﬁdelis
817 1487 857 1509 est
872 1482 904 1511 ".

124 1524 218 1553 Locum
234 1531 331 1552 autem
350 1524 423 1552 hunc
442 1532 457 1552 a
472 1530 567 1553 sancto
581 1525 661 1554 Patre
674 1526 752 1554 velut
774 1535 808 1555 ex
820 1528 909 1557 Evan-

956 293 1025 326 quod
1043 293 1126 326 intus,
1148 298 1173 322 et
1197 294 1342 321 masculum
1363 302 1422 321 cum
1439 295 1550 330 femina,
1569 304 1648 331 neque
1671 306 1739 330 mas,

957 346 1037 374 neque
1050 339 1158 373 femina.
1175 339 1275 368 Verum
1289 348 1345 368 non
1358 341 1447 374 video,
1458 342 1505 377 qui
1519 342 1576 369 ﬁeri
1591 344 1696 378 possit,
1710 347 1741 372 ut

956 390 1098 421 propterea
1108 385 1189 421 hujus
1199 386 1286 414 sancti
1299 387 1436 420 pontiﬁcis
1450 388 1636 416 testimonium
1652 390 1741 425 quoad

957 432 1075 467 genuina
1093 437 1250 461 sanctorum
1266 433 1451 468 apostolorum
1472 435 1575 471 scripta
1595 436 1742 471 repudiati.

957 476 1021 504 dum
1037 477 1073 505 sit
1086 477 1208 505 omnino.

992 522 1139 550 Historiam
1152 523 1232 551 etiam
1244 523 1337 552 Iudith
1352 524 1432 553 divus
1447 526 1576 554 Clemens
1595 535 1652 555 sum
1668 528 1743 555 inse.

957 569 1013 597 ruit
1039 570 1162 605 epistolae
1188 578 1303 599 numero
1328 578 1377 599 seu
1402 573 1492 607 capite
1517 573 1742 609 quinquagesimo

957 616 1072 652 quinto;
1100 624 1217 653 cumque
1242 618 1331 646 eidem
1363 620 1458 648 statim
1492 620 1640 656 subjungat
1670 621 1742 649 facta

957 662 1091 695 Estheris,
1103 670 1158 691 non
1175 663 1352 692 inverosimili
1368 666 1564 701 consequentia
1579 666 1678 694 exinde
1691 667 1742 695 de-

957 708 1078 741 ducitur,
1092 709 1235 737 eumtanti
1250 709 1402 739 aestimasse
1417 711 1518 739 librum
1530 711 1635 745 Iudith,
1647 713 1742 748 quanti

957 754 1056 782 librum
1066 754 1194 783 Estheris.
1210 754 1308 783 Verum
1324 756 1425 784 librum
1438 757 1533 786 Esther
1544 766 1578 786 ex
1589 758 1742 787 divinarum

959 798 1163 835 Scripturarum
1179 800 1241 828 albo
1259 801 1406 829 excludere
1424 810 1497 829 nunc
1517 810 1598 831 nemo
1610 803 1743 831 Christia-

957 853 1067 879 norum,
1083 849 1197 882 excepto
1211 846 1271 874 solo
1285 846 1467 882 hypercritico
1481 846 1604 876 Semlero
1616 848 1685 884 (87),
1694 856 1744 875 au-

958 890 1021 925 det;
1044 899 1162 927 eumque
1179 900 1230 920 ceu
1244 892 1366 920 divinum
1384 892 1485 921 librum
1506 900 1522 920 a
1534 897 1665 921 nascente
1686 894 1743 929 jam

959 936 1082 965 Ecclesia
1102 937 1222 973 agnitum
1246 937 1344 970 fuisse,
1360 945 1456 966 omnes
1471 938 1527 966 fere
1542 947 1596 966 uno
1612 947 1660 966 ore
1680 947 1745 974 pro-

960 981 1069 1010 ﬁtentur
1082 982 1183 1010 eruditi
1201 992 1208 1011 τ
1229 990 1278 1011 cur
1293 991 1347 1010 non
1364 991 1474 1019 quoque
1497 984 1598 1012 librum
1611 983 1706 1011 Iudith
1728 991 1745 1011 a

958 1028 1021 1056 divo
1045 1027 1185 1056 Clemente
1220 1029 1292 1057 inter
1321 1036 1416 1057 sacras
1444 1029 1601 1066 Scripturas
1629 1031 1744 1058 relatum

958 1073 1043 1102 fuisse
1060 1074 1232 1102 concludere
1246 1075 1406 1110 possimus?

993 1118 1042 1147 Est
1064 1123 1163 1155 prater
1183 1120 1325 1155 hucusque
1348 1120 1477 1149 adnotata
1499 1121 1569 1149 alius
1586 1125 1745 1149 sanctorum

958 1155 1094 1201 praecipue
1105 1165 1155 1193 ιιινί
1167 1167 1309 1201 apostolici
1320 1166 1431 1194 Palmm
1446 1175 1513 1196 usus
1528 1167 1555 1195 in
1569 1168 1743 1201 illustrando,

910 1212 912 1214 '
958 1211 1199 1247 conﬁrmandoque
1217 1216 1294 1240 textu
1317 1220 1407 1246 sacro,
1430 1213 1509 1248 cujus
1524 1213 1563 1241 rei
1583 1213 1639 1248 jam
1656 1213 1745 1249 speci-

958 1258 1031 1284 mina
1058 1258 1183 1293 quaedam
1206 1257 1313 1286 damus.
1338 1257 1434 1287 Medos
1457 1258 1587 1294 loquendi
1615 1267 1631 1287 e
1657 1258 1746 1287 sacris

957 1303 1036 1332 libris
1068 1304 1164 1332 ductos
1199 1304 1278 1332 divus
1312 1303 1452 1338 Clemens,
1472 1304 1542 1332 alios
1573 1304 1645 1331 inter
1684 1304 1746 1340 plu-

958 1357 1013 1382 res,
1023 1354 1167 1385 sequentes
1182 1349 1324 1385 usurpavit
1340 1358 1347 1376 :
1361 1351 1449 1385 primo
1467 1357 1482 1376 a
1497 1349 1636 1377 Clemente
1651 1353 1746 1378 nostro

958 1396 1059 1422 κανόνα
1075 1395 1131 1430 (88)
1148 1395 1182 1423 de
1197 1395 1296 1422 ﬁnibus
1314 1395 1439 1422 muneris
1461 1398 1489 1422 et
1507 1394 1655 1430 provinciae
1677 1395 1745 1427 dici,

958 1443 1063 1471 clarum
1078 1447 1120 1470 est
1134 1450 1182 1477 per
1196 1441 1321 1477 phrasin,
1336 1441 1418 1478 idque
1433 1441 1516 1468 habet
1534 1448 1568 1468 ex
1583 1440 1604 1467 ll
1619 1441 1744 1468 Corinth.

958 1497 984 1517 c.
996 1497 1024 1522 Χ,
1039 1497 1066 1516 r.
1076 1489 1110 1516 i3
1120 1499 1127 1516 ;
1136 1488 1182 1524 Μὴ
1197 1488 1386 1524 παρεκϐαίνων
1400 1487 1551 1523 ὡρισμένον
1562 1487 1612 1522 τῆς
1626 1486 1747 1523 λειτουρ-

958 1535 1021 1570 γίας
1035 1533 1117 1562 αὐτοῦ
1132 1534 1241 1561 κανόνα.
1271 1533 1333 1561 Non
1357 1533 1550 1570 transgrediens
1564 1534 1745 1568 prtescriplam

124 1571 188 1607 gelio
203 1570 376 1606 descriptum
405 1571 503 1598 recitat
524 1578 633 1606 quoque
657 1572 686 1599 S.
699 1571 818 1602 Irenteus
834 1575 903 1611 (8t),

956 1581 1069 1609 muneris
1084 1581 1126 1608 sui
1142 1580 1270 1615 regulam.
1292 1579 1418 1607 Secundo
1432 1579 1549 1615 explicat
1567 1579 1747 1614 sequentibus

123 1617 165 1645 ubi
175 1617 299 1644 Grabius
315 1616 427 1652 coniicit
444 1616 510 1653 (85),
523 1617 580 1645 haec
596 1625 628 1645 ex
644 1617 790 1654 Evangelio
810 1628 910 1649 secun—

124 1663 182 1692 dum
195 1663 344 1699 Egyptios
368 1662 454 1690 fuisse
469 1663 642 1699 deprompta.
666 1664 718 1692 Sed
736 1666 814 1693 nobis
833 1667 909 1695 vide-

126 1713 165 1735 tur
178 1717 231 1736 non
248 1709 307 1735 nisi
322 1708 421 1736 allusio
439 1708 472 1735 ad
487 1717 584 1736 versus
604 1709 738 1737 decimum
754 1716 781 1739 et
795 1713 909 1741 undeci-

125 1762 191 1781 mum
206 1755 311 1790 capitis
323 1763 367 1782 xv:
384 1754 520 1790 Evangelii
539 1756 689 1783 secundum
704 1756 816 1786 Lucam.
832 1759 909 1787 Alter

125 1801 205 1839 locus,
222 1808 308 1836 quem
326 1801 407 1828 etiam
420 1800 598 1829 doctissimus
621 1802 777 1832 Lardnerus
797 1805 854 1841 (86)
874 1815 907 1834 ex

125 1836 265 1882 Erangelio
278 1845 470 1881 Egyptiorum
485 1845 657 1881 desumptum
673 1853 777 1881 censet,
792 1836 908 1878 consen-

125 1892 250 1920 tientibus
267 1891 329 1919 fere
343 1891 471 1919 omnibus
491 1891 607 1923 criticis,
624 1892 652 1920 in
674 1893 727 1921 line
745 1894 827 1929 hujus
848 1897 908 1932 epi-

125 1938 195 1967 stolae
216 1937 321 1973 legitur
350 1936 402 1964 hoc
416 1936 496 1964 modo
517 1936 733 1978 :VInterrogatus
758 1941 826 1967 enim
854 1942 909 1978 ipse

124 1983 247 2011 Dominus
270 1991 290 2009 a
305 1981 428 2018 quodam,
443 1977 548 2018 quando
565 1988 702 2012 venturum
720 1992 787 2014 esset
801 1977 908 2024 regnum

163 2062 183 2079 "
198 2061 268 2089 Luc.
290 2068 347 2095 XVI,
365 2060 409 2090 10.

125 2150 220 2187 anticus
235 2153 358 2187 vocatgts.
373 2148 458 2177 Clem.
476 2150 558 2187 epist2
565 2150 597 2187 Α,
609 2158 670 2187 cap.
688 2152 721 2180 10
734 2157 762 2181 et
776 2154 820 2183 l7.
834 2155 903 2184 Coll.

125 2193 180 2224 cum
195 2184 395 2224 Jacob._Epist.
421 2192 446 2212 c.
460 2184 526 2224 ιιίγ.
545 2185 591 2224 ᾏὸ.
606 2184 779 2224 Ταλαᾉίπωροι
792 2191 870 2223 εἰσιν,
881 2191 906 2218 οι

959 1627 1051 1656 vcrbis
1067 1627 1230 1655 sententiam
1248 1626 1324 1653 Pauli
1344 1626 1378 1653 ad
1392 1625 1580 1661 Philippenses
1598 1634 1622 1654 c.
1639 1633 1670 1658 ιι,
1686 1635 1713 1653 v.
1728 1626 1747 1654 ϐ

958 1677 985 1702 et
1001 1673 1017 1700 7
1034 1683 1042 1701 :
1066 1672 1170 1709 Ἰησοῦς
1183 1674 1233 1700 οὐκ
1250 1671 1331 1709 ἦλθεν
1344 1673 1374 1699 ὲν
1387 1672 1485 1708 κόμπῳ
1499 1671 1665 1704 ἀλαζονείας,
1685 1672 1746 1699 οὐδδ

959 1720 1156 1756 ὑπερηφανίας,
1181 1720 1281 1756 καίπερ
1303 1719 1459 1754 δυνάμενος,
1481 1718 1548 1746 ἀλλὰ
1568 1726 1746 1754 ταπεινοφρο-

958 1766 1011 1794 νῶν
1027 1766 1095 1802 (89).
1112 1765 1206 1801 Cyrill.
1222 1765 1330 1793 Hieros.
1354 1764 1414 1793 Cat.
1431 1772 1463 1797 ιι,
1487 1772 1513 1800 p.
1537 1772 1574 1792 m.
1593 1764 1646 1791 222
1661 1770 1744 1792 extr.:

958 1811 991 1838 Τί
1011 1811 1084 1837 ἐστιν
1099 1810 1190 1846 ἕτερον
1204 1810 1337 1845 γινῶσκον
1358 1810 1391 1836 τὰ
1406 1809 1475 1845 βάθη
1490 1808 1538 1835 τοῦ
1552 1808 1619 1836 Θεοῦ
1630 1818 1638 1843 ;
1651 1809 1662 1835 l
1679 1809 1744 1837 Cor.

958 1865 990 1890 ιι,
1004 1857 1052 1891 10;
1079 1856 1152 1884 unde
1173 1859 1257 1891 patet,
1280 1856 1308 1883 in
1331 1855 1414 1883 verbo
1434 1856 1547 1891 ὲρευνᾷν
1562 1855 1665 1883 nullam
1688 1863 1746 1882 em-

959 1901 1065 1938 phasim
1078 1908 1140 1929 esse
1159 1901 1191 1928 ab
1211 1908 1244 1928 eo
1261 1901 1414 1936 quaesitam,
1426 1907 1486 1935 quae
1501 1907 1552 1927 nec
1567 1900 1604 1927 ibi
1617 1903 1678 1927 est:
1695 1907 1746 1934 pro

958 1955 1046 1983 eoque
1058 1947 1184 1976 Clemens
1200 1946 1256 1983 (90)
1277 1954 1285 1973 :
1313 1945 1485 1981 Ἑγκύπτειν,
1501 1945 1682 1982 ἐγκεκυφότες
1705 1947 1746 1977 εις

958 1993 993 2022 τὰ
1007 1992 1076 2029 βάθη
1095 1992 1145 2027 τῆς
1159 1991 1234 2025 θείας
1247 1991 1297 2028 τῆς
1311 1991 1437 2027 γνώσεως
1449 2010 1457 2025 ,
1477 1990 1549 2019 unde
1567 1993 1595 2020 et
1611 1994 1697 2026 patet,
1710 1989 1746 2017 τὰ

959 2157 1004 2196 ξιὰ
1021 2158 1268 2196 πορδςηκαιυθειουο
1283 2157 1417 2196 προδηλον
1431 2158 1548 2196 ποιήσας
1562 2159 1577 2186 ὁ
1593 2159 1742 2196 Δεσπότης,

959 2193 1000 2220 δτι
1021 2192 1084 2226 τοῦς
1105 2193 1263 2226 ἐλπίζοντας
1292 2192 1335 2219 ἐπ’
1356 2192 1439 2220 αὑτὸν
1465 2192 1515 2220 οὑκ
1540 2192 1742 2228 ἐγκαταλαπέι,

125 2220 234 2261 δὶιέυχοι,
250 2220 282 2263 οἱ.
293 2219 462 2263 Brant/gavisi
479 2220 641 2263 “Ith
658 2219 751 2263 Miseri
767 2219 906 2263 εαξη-ὴιᾲ

1292 2219 1463 2263 ὑπόιρχυντας
1485 2219 1525 2259 sit;

127 2254 208 2292 animo
219 2260 283 2282 sunt
297 2254 643 2292 duplicesetincerti.Cleiu.
652 2265 695 2292 ep.
707 2258 734 2290 1,
745 2266 770 2285 c.
784 2254 905 2290 25.05“.

126 2298 182 2330 cum
195 2290 257 2330 ξπ.
274 2297 301 2317 c.
318 2297 338 2320 1,
355 2297 381 2317 ν.
403 2289 430 2317 8.
449 2289 603 2330 -Θεὲςχέιρ,
617 2289 709 2330 φηςίὶν,
724 2294 908 2330 ὑπερηφάνοις

125 2325 323 2364 avertissent,
334 2325 474 2364 summai;
488 2325 516 2364 ρὲ
529 2325 721 2364 δι-ᾷιίρσιχάριν.
733 2325 908 2362 Βεὰίὶηίηιξ

127 2359 353 2399 inquit,_superbi_s
361 2359 470 2399 resistit,
483 2359 625 2399 humilibus
634 2359 776 2399 autemtlat
784 2359 908 2399 gratiam.

126 2395 205 2433 Clem.
223 2395 313 2433 Epist:
332 2395 345 2420 1
357 2414 364 2426 ,
381 2402 406 2422 c.
421 2394 550 2433 50_.~Coll.
567 2403 633 2433 cum)
644 2397 703 2425 Jac.
724 2397 773 2433 Ep.
784 2394 815 2427 'c.
832 2408 868 2432 Iv,
882 2409 908 2428 ν.

126 2429 350 2469 6,ijeiii“c011[er.
365 2436 426 2469 cap.
440 2429 491 2469 V50,
508 2431 584 2469 ep._i_
605 2431 690 2460 Clem.
716 2429 777 2460 cu'm
806 2429 868 2469 cap:
878 2435 907 2467 9.,

127 2473 149 2491 v.
213 2463 448 2505 “Ep."Ja'cobi:.et
461 2471 486 2492 c.
503 2463 538 2492 49
555 2465 641 2494 Clem.
659 2475 702 2503 ep.
728 2476 790 2496 cum
802 2463 862 2505 cap.
880 2463 908 2503 5,

126 2506 149 2525 ν·
160 2499 263 2544 2w-

159 2534 212 2569 (77)
234 2534 349 2574 'A‘fét't‘t‘)‘
368 2534 498 2574 ualpfrsi
513 2535 615 2574 πλῆθος
641 2537 792 2574 ἁμαρτιῶν.
820 2540 906 2568 Clem.

125 2567 171 2603 Ep.
187 2567 208 2599 ιζ
224 2578 250 2597 c.
268 2567 317 2596 L9.
330 2567 400 2597 Coll.
418 2568 546 2601 lPet.1v.
562 2567 590 2598 8.

158 2604 356 2647 (78)]ι1ς111μ6ζ
369 2604 428 2647 5333‘
435 2605 642 2647 ’Υπαταέτσέσθω
657 2607 771 2641 ἕκαστος
785 2610 823 2645 τῷ
839 2610 909 2647 πλη-

127 2638 179 2664 σίον
193 2638 292 2667 αὑτοῦ.
309 2639 368 2666 Col.
386 2638 395 2664 Ι
409 2638 466 2666 Pet.
484 2649 510 2672 v,
525 2641 551 2667 5.
761 2638 768 2641 ⁷
809 2638 821 2651 ”

158 2673 212 2714 (7-9)
222 2673 311 2714 Idem,
323 2681 349 2701 c.
360 2673 393 2714 2.:
404 2674 509 2714 nam;
517 2684 548 2701 τε
562 2675 817 2714 ὲταπξνινοφρονεῖτε,
829 2680 910 2714 μηδὲν

126 2706 359 2769 ἁλαζονευόῗενοι,
376 2709 587 2746 ὑποτασσόμενοι
604 2706 732 2749 μᾶλλον’ῆ
743 2706 910 2742 ὑποτᾶὶέονέ

126 2750 177 2770 τες.
191 2743 263 2770 Coll.
301 2742 359 2770 Pet.
373 2751 400 2770 v.
412 2744 438 2770 8.

125 2750 177 2773 τες.
191 2743 263 2770 Coll.
275 2743 289 2769 l
301 2743 359 2770 Pet.
373 2751 400 2770 v.
412 2744 438 2771 8.

159 2778 214 2818 (80)
232 2778 274 2807 Id.
291 2785 319 2818 _c.
332 2778 365 2818 ‘7“:
383 2778 442 2805 Νῶε
456 2779 593 2818 ἐκήρυξεν
598 2782 739 2818 μετάνοιαν
752 2783 798 2810 κα)¹
809 2784 834 2810 οἱ
842 2785 910 2811 ὑπα-

127 2812 273 2848 καύσαντες
288 2812 440 2848 ἐσώθησαν.
455 2812 524 2842 Coll.
543 2812 563 2842 ll
577 2812 633 2843 Plat.
649 2825 680 2848 ιι,
691 2817 716 2844 5.

160 2847 216 2883 (ιιι)
233 2847 275 2873 ld.
292 2855 318 2873 c.
330 2848 364 2883 AH
378 2867 385 2879 ,
402 2848 449 2875 Διὰ
468 2849 618 2883 φιλοξενίαν
633 2853 679 2878 καὶ
694 2852 833 2880 εὐσέϐειαν
850 2853 910 2880 Λὼτ

128 2879 213 2917 lcuqu
235 2882 269 2909 ἐκ
293 2881 424 2918 Σοδόμων,
440 2879 487 2921 τῆξ
506 2879 656 2922 πέριχώρου
672 2887 759 2924 πάι-ης
772 2879 911 2925 κργιϐεἶξςήξ

1362 2262 1397 2290 et.
1414 2270 1445 2295 ιι,
1461 2262 1488 2295 6,
1504 2263 1520 2290 9
1536 2268 1562 2291 et
1575 2263 1651 2292 Judae
1663 2266 1688 2293 ’1.

1535 2307 1560 2334 p.
1573 2299 1638 2329 268.

1008 2332 1052 2366 83)
1067 2332 1250 2362 Biblioth.SS.
1264 2332 1354 2366 Patr.,
1374 2338 1439 2360 tom.
1457 2333 1477 2366 Ι,
1493 2334 1520 2361 in
1536 2332 1608 2362 hunc
1621 2336 1721 2364 locum.

960 2263 1087 2298 αἰκισμδν
1100 2263 1200 2298 τίθησι.
1217 2263 1286 2298 Coll.
1304 2263 1324 2289 ll

1008 2297 1053 2333 8‘2)
1067 2297 1192 2333 Spicileg.
1208 2298 1259 2326 SS.
1271 2297 1402 2333 Patrum,
1416 2302 1482 2326 tom.
1494 2298 1515 2330 l,

995 2367 1052 2429 (84)
1073 2367 1202 2395 Similiter
1213 2368 1340 2408 Dominus
1357 2368 1425 2395 dixit
1446 2369 1561 2411 ingratis
1576 2370 1603 2397 in
1617 2379 1675 2397 cum
1686 2372 1743 2398 eai-

995 2403 1036 2429 mi
1054 2411 1085 2429 us
1097 2410 1107 2429 .'
1119 2403 1148 2429 Si
1162 2404 1189 2429 in
1200 2403 1301 2429 modico
1318 2404 1405 2429 ﬁdeles
1420 2412 1471 2429 non
1487 2404 1585 2429 fuistis.
1601 2406 1669 2429 amid
1685 2415 1742 2429 ma.

959 2403 1085 2430 stantibus
1097 2410 1107 2429 :
1119 2403 1148 2431 Si
1162 2404 1189 2441 in
1200 2403 1301 2441 modico
1316 2404 1405 2441 ﬁdele;
1420 2404 1585 2441 nonfuistis,
1601 2406 1669 2441 quod
1685 2415 1742 2433 ma—

958 2442 1103 2475 gnumuest
1130 2439 1188 2473 quis
1211 2439 1285 2466 dabit
1305 2439 1398 2467 vobis?
1421 2438 1451 2467 S.
1478 2438 1612 2473 lrenams,’
1637 2442 1683 2469 lib.
1707 2449 1740 2475 ιι,

959 2472 1200 2570 Ξέῗέὲιδιιώἰυε,
1216 2508 1340 2544 Spicileg.
1357 2507 1408 2536 SS.
1421 2508 1543 2542 Patrum,
1556 2514 1622 2537 tom.
1637 2510 1659 2544 l,
1677 2517 1739 2546 pag.

995 2578 1051 2611 (86)
1079 2578 1108 2605 ln
1126 2577 1175 2606 der
1199 2577 1435 2611 Glaubwitrdigkeit
1468 2577 1515 2604 der
1545 2577 1740 2612 euangelischen

960 2612 1119 2644 Geschichte,
1148 2617 1218 2648 part.
1236 2620 1266 2645 ιι,
1281 2617 1348 2640 tom.
1361 2613 1382 2645 l,
1397 2619 1458 2647 pag.
1475 2612 1518 2639 7t.

996 2649 1053 2684 (87)
1072 2647 1156 2675 Libro
1163 2648 1195 2675 de
1204 2655 1313 2681 canone,
1336 2651 1417 2688 parte
1433 2654 1463 2678 ιι,
1478 2654 1541 2708 pag.
1559 2647 1608 2675 56l
1633 2652 1660 2676 et
1677 2656 1736 2685 seq.

996 2683 1051 2708 1881
1068 2683 1194 2708 Clemens
1208 2682 1414 2708 Rom..emslola
1430 2681 1455 2708 L
1470 2689 1494 2708 c.
1526 2681 1551 2708 Ι.

1068 2683 1194 2724 Clemens
1208 2681 1414 2724 Bom.,cpistola
1429 2681 1455 2724 _l_.
1467 2689 1494 2721 _c.
1611 2719 1626 2724 γ’

1007 2718 1052 2756 89)
1067 2717 1146 2745 Jews
1161 2718 1286 2756 Christus
1305 2726 1356 2744 non
1372 2717 1446 2756 pauit
1463 2717 1491 2742 in
1513 2717 1643 2756 iactantia
1664 2727 1741 2756 arro-

959 2752 1066 2814 qautiar,
1083 2762 1163 2788 neque
1182 2754 1320 2788 superbiat,
1342 2752 1446 2795 etiamsi
1468 2756 1557 2786 potens
1581 2754 1631 2786 sit;
1649 2754 1694 2781 sed
1714 2755 1741 2782 in

978 2789 1117 2815 umtlitate.
1130 2789 1216 2815 Clem.
1234 2797 1278 2815 eu.
1295 2788 1314 2815 l.
1329 2794 1355 2814 c.
1368 2787 1412 2813 ib.

978 2793 1117 2815 umttttale.
1130 2793 1216 2816 Clem.
1234 2797 1278 2823 ep.
1295 2793 1314 2820 I,
1329 2794 1355 2814 c.
1368 2793 1412 2813 16.

995 2823 1050 2858 (90)
1066 2822 1099 2849 In
1107 2823 1203 2859 divina:
1213 2823 1366 2858 cognitionis
1376 2820 1508 2857 profunda
1522 2824 1738 2859 introspicientes.

960 2857 1044 2892 idem,
1054 2865 1097 2894 ep.
1111 2858 1136 2891 l,
1151 2865 1210 2894 cap.
1224 2857 1267 2886 40.
