4074 6286
526 312 626 369 189

1647 315 1740 374 AD
1779 316 1838 373 S.
1877 313 2298 374 CLEMENTEM
2337 318 2357 373 ι
2393 315 2621 374 PAPAM

3636 321 3738 383 160

522 426 660 501 βάθη
691 426 791 497 τῆς
818 425 975 491 θείας.
1004 434 1228 499 accepta
1270 443 1394 487 esse
1434 426 1501 485 de
1525 427 1840 501 Evangelia,
1889 430 1945 487 in
1975 447 2084 503 quo
2113 440 2157 496 Α
2185 432 2464 491 deratione
2502 434 2680 506 dignae
2717 440 2845 491 sunt
2880 434 3173 501 sententia.
3200 450 3337 507 quas
3366 434 3511 490 circa
3539 436 3736 494 divini.

515 527 602 575 est
636 519 929 592 μυστήριον
959 516 1116 583 Θεοῦ,
1164 534 1366 575 arcana
1406 520 1536 577 olim
1586 522 1836 578 voluntas
1869 520 1965 577 Dei
2016 523 2084 578 de

519 610 695 665 salute
725 608 1039 675 hominum;
1072 608 1210 664 bene
1243 610 1384 665 idem
1414 618 1635 668 sanctus
1663 611 1897 682 Cyrillus
1923 613 2083 670 Cale.

516 701 669 755 chesi
700 715 813 761 xvt,
854 716 975 771 pag.
1004 699 1131 764 429,
1163 702 1471 772 συγκρίνειν
1508 718 1608 773 pro
1646 704 1983 774 interpretari
2014 721 2083 761 ex

516 782 808 847 lCorinth.
842 807 966 862 cap.
992 807 1054 857 ιι,
1085 808 1137 847 ν.
1166 793 1255 847 i3.
1291 793 1558 849 Curiosus
1595 802 1759 865 atque
1802 795 2081 854 studiosus

517 883 711 949 lector,
751 883 844 948 qui
892 884 1047 953 plura
1090 883 1193 938 hac
1236 884 1303 939 de
1342 885 1567 939 materia
1615 885 1914 951 desiderat,
1948 903 2083 943 con-

516 974 661 1029 sulat
683 991 734 1030 v.
758 974 831 1029 cl.
862 973 1156 1029 Fromanni
1179 975 1593 1045 observationes
1637 977 1705 1032 ad
1736 976 1945 1034 Novum
1975 978 2080 1035 Te-

515 1074 845 1121 stamentum
888 1080 919 1119 e
942 1064 1219 1119 Clemente
1240 1062 1506 1120 Romano.

587 1156 661 1212 De
708 1156 1010 1211 traditione.
1043 1153 1422 1211 Cantraversice
1473 1172 1577 1210 non
1636 1156 1752 1213 sala
1801 1155 2079 1227 Scriptura

511 1248 664 1314 duce,
704 1247 794 1304 sed
827 1256 878 1302 et
917 1264 1008 1317 per
1039 1246 1373 1302 traditionem
1408 1246 1727 1309 decidenda.
1749 1280 1820 1290 -—
1843 1246 2078 1309 Sanctus

512 1342 763 1398 Clemens
812 1338 1093 1396 Romanus
1146 1340 1201 1396 in
1270 1341 1447 1411 prima
1502 1356 1603 1396 sua
1653 1342 1722 1398 ad
1765 1338 2076 1401 Corinthios

509 1433 737 1501 epistola
780 1432 847 1487 ad
876 1430 1280 1488 controversias
1329 1432 1385 1486 in
1406 1431 1811 1487 Corinthiorum
1837 1432 2077 1491 Ecclesia

508 1524 776 1580 excitatas
807 1522 1203 1593 dijudicandas,
1236 1521 1609 1593 ﬂniendasque
1635 1539 1743 1579 non
1773 1516 2076 1582 divinarum

510 1615 687 1672 solum
706 1614 1132 1686 Scripturarum,
1152 1628 1339 1670 verum
1368 1613 1681 1671 traditionis
1709 1616 1872 1670 etiam
1906 1617 2077 1672 utitur

2181 531 2343 580 tatem
2394 523 2523 582 Jesu
2572 525 2776 582 Christi
2834 526 2890 581 in
2923 534 3156 597 utraque
3204 527 3436 597 epistola
3466 527 3577 583 divi
3615 528 3738 585 Cle-

2179 616 2377 671 mentis
2408 616 2695 673 habemus.
2744 615 2936 673 Omnes
2977 626 3173 683 autem,
3223 618 3301 671 ait
3345 625 3570 675 sanctus
3614 619 3738 689 Clef
3778 682 3787 691 _

2179 721 2334 762 mens
2361 705 2495 777 (95),
2517 706 2705 760 humili
2740 708 2918 763 animo
2955 708 3210 763 eratis....
3247 707 3343 762 Dei
3381 709 3571 765 viatica
3611 728 3739 766 can-

2180 799 2397 855 tenti....
2426 808 2475 854 et
2514 809 2757 853 accurate
2786 798 3107 855 attendentes
3143 801 3467 857 sermonibus
3503 802 3735 871 ejus.....

2179 886 2460 943 Passianes
2504 888 2650 943 illius
2694 887 2834 960 (Dei)
2877 904 3003 957 prta.
3032 888 3199 942 oculis
3230 890 3411 945 vestris
3437 900 3624 947 erant:
3655 893 3738 947 Τὰ

2177 977 2476 1051 παθήματα.
2490 978 2652 1033 αὐτοῦ
2676 978 2851 1051 (Θεοῦ)
2873 974 2940 1051 ἦν
2968 979 3076 1051 πρὸ
3102 979 3392 1052 ὀφθαλμῶν
3419 982 3571 1053 ὑμῶν
3598 983 3735 1055 (96).

2177 1066 2293 1125 Ηοο
2330 1071 2385 1125 in
2422 1071 2541 1126 loco
2580 1070 2737 1127 divus
2763 1069 3015 1128 Clemens
3053 1072 3343 1141 passiones
3362 1072 3567 1129 Christi
3612 1090 3741 1144 pas-

2176 1160 2360 1217 siones
2388 1159 2485 1217 Dei
2526 1161 2797 1232 appellat,
2826 1160 2907 1217 sic
2944 1176 3137 1232 nempe
3181 1162 3250 1216 ab
3294 1164 3540 1233 apostolo
3567 1162 3741 1219 Paulo

2176 1251 2651 1324 institutus,cujns
2678 1260 2796 1309 erat
2827 1253 3080 1325 συνεργός
3115 1252 3490 1325 (cooperator),
3520 1255 3614 1325 qui
3642 1270 3732 1311 eo.

2175 1342 2298 1399 dem
2341 1344 2499 1415 plane
2546 1359 2712 1400 sensu
2753 1343 2955 1398 Christi
3000 1341 3297 1398 Ecclesiam
3332 1343 3623 1413 appellavit
3653 1346 3737 1398 "z

2187 1436 2507 1507 Ἐκκλησίαν
2534 1435 2628 1490 τοῦ
2657 1435 2791 1490 Θεοῦ
2826 1436 2891 1507 ἢν
2920 1435 3338 1507 περιεποιήσατο
3366 1434 3453 1488 διὰ
3479 1434 3574 1488 τοῦ
3608 1435 3738 1489 ἰδίου

2174 1528 2509 1598 αἵματος-4·
2537 1525 2821 1582 Ecclesiam
2852 1525 2970 1591 Dei,
2998 1542 3155 1597 quam
3185 1526 3459 1596 acquisivit
3484 1528 3738 1597 sanguine

2173 1634 2289 1673 suo.
2337 1616 2448 1673 Nec
2474 1616 2687 1682 dubito,
2718 1617 2850 1687 quin
2880 1616 3035 1672 hisce
3062 1616 3243 1673 verbis
3280 1635 3294 1671 :
3325 1617 3436 1671 Καὶ
3462 1616 3530 1672 τὰ
3559 1618 3738 1688 naeq-

512 1708 858 1765 auctoritate.
924 1704 1055 1760 Vult
1097 1706 1243 1761 enim
1284 1703 1583 1762 Corinthiis
1632 1705 1699 1760 ad
1740 1722 1805 1761 ea
1852 1707 1967 1763 suis
2017 1707 2070 1763 in

2178 1726 2316 1780 paea
2360 1708 2524 1765 αὐτοῦ
2567 1706 2633 1782 ἦν
2664 1708 2770 1780 πρὸ
2797 1707 3085 1779 ὀφθαλμῶν
3115 1707 3289 1778 ὑμῶν,
3319 1707 3587 1776 repexerit
3608 1724 3738 1763 san-

506 1795 998 1867 disceptationibus
1029 1811 1151 1852 esse
1173 1795 1595 1866 respiciendum,
1613 1812 1732 1868 quae
1753 1781 2074 1868 postJesum
2106 1770 2150 1832 Β
2173 1770 2295 1857 ctus
2324 1799 2487 1857 Pater
2514 1770 2605 1857 ad.
2629 1770 2763 1854 illud
2809 1770 3054 1869 eiusdem
3082 1770 3352 1868 Apostoli,
3381 1770 3613 1854 Calatas
3661 1798 3737 1853 ita

504 1888 789 1944 Christum
836 1902 1012 1958 usque
1050 1885 1119 1940 ad
1161 1901 1279 1942 eam
1311 1885 1455 1941 diem
1499 1887 1555 1943 in
1589 1884 1833 1944 Ecclesia
1879 1888 2077 1946 tradita
2172 1892 2512 1963 objurgantis
2538 1893 2619 1947 "z
2654 1889 2698 1946 0
2723 1892 2977 1946 insensati
3001 1887 3327 1955 Galatae..."
3359 1898 3480 1944 ante
3512 1906 3736 1960 quorum

504 1987 561 2038 et
606 1987 819 2036 servata
882 1978 1119 2036 fuerant.
1184 1977 1422 2049 Apostoli
1480 1978 1665 2046 nobis,
1717 1980 1895 2051 inquit
1936 1979 2071 2050 (9i),

502 2072 933 2142 eaangelizarunt
974 2086 1012 2125 ‘a
1040 2070 1265 2125 Domino
1292 2067 1421 2125 Jesu
1444 2068 1655 2127 Christo
1700 2072 1884 2137 missi,
1916 2069 2073 2127 Iesus

503 2159 747 2217 Christus
800 2178 833 2214 a
863 2160 1114 2217 Deo......
1138 2157 1207 2212 Et
1235 2158 1461 2227 apostoli
1516 2159 1686 2213 nostri
1729 2164 2074 2231 cognoverunt

502 2269 596 2322 per
622 2252 690 2309 D.
715 2250 787 2308 Ν.
814 2249 873 2308 J.
900 2250 1191 2315 Christum,
1232 2248 1372 2321 quod
1393 2250 1579 2323 futura
1623 2259 1757 2304 esset
1813 2250 2072 2305 contentio

501 2343 570 2398 de
605 2344 811 2398 nomine
849 2342 1216 2413 episcopatus;
1267 2338 1330 2396 ob
1367 2356 1483 2394 eam
1518 2356 1642 2409 ergo
1687 2355 1904 2393 causam
1948 2356 2073 2394 can-

505 2434 787 2488 stituerunt
849 2428 1186 2501 supradictas
1246 2427 1481 2501 (scilicet
1516 2429 1802 2500 episcopos
1842 2429 1905 2482 'et
1954 2427 2072 2482 dia-

501 2525 696 2596 conos)
724 2533 774 2579 et
796 2522 1032 2591 deinceps
1063 2521 1258 2586 futurae
1296 2520 1642 2575 successionis
1686 2520 1922 2591 regulam
1958 2528 2073 2575 tra-

503 2615 774 2670 diderunt.

512 2792 515 2797 ⁴
576 2730 605 2803 §
635 2728 698 2786 ll.
731 2729 806 2784 De
826 2726 1534 2803 SS.]_’rinitatis_mysteria,
1564 2722 1708 2803 Ij’ilio
1740 2722 1836 2780 Dei
1871 2720 1999 2781 Iesu

924 2796 1165 2863 Christo,
1204 2796 1416 2867 ejusque
1451 2796 1647 2867 gratia.

575 2890 653 2946 De
683 2888 964 2947 Trinitate.
998 2920 1068 2932 —
1097 2888 1155 2947 ln
1193 2888 1497 2960 fragmento
1529 2902 1605 2942 vn
1634 2886 1745 2943 divi
1774 2884 2070 2942 Clementis

501 2998 569 3039 es
598 2982 797 3038 Basilio
828 2980 943 3037 Lib.
972 2982 1037 3037 de
1060 2980 1265 3051 Spiritu
1293 2987 1475 3035 sancta
1520 2992 1571 3034 c.
1600 2977 1692 3041 29,
1737 2970 1899 3048 quod
1923 2975 2069 3033 Cou-

502 3073 730 3137 tantius,
760 3072 1079 3128 Callandius
1110 3088 1175 3128 ac
1200 3072 1435 3128 Grabius
1467 3068 1715 3141 epistolis
1746 3069 1924 3129 sancti
1965 3070 2066 3124 hu-

497 3165 590 3236 jus
643 3164 914 3237 pontificis
959 3164 1295 3236 adiungunt,
1326 3177 1589 3233 expressa
1625 3160 1856 3216 habetur
1900 3160 2065 3216 trium

498 3257 809 3312 divinarum
837 3254 1207 3313 Personarum
1257 3270 1290 3309 a
1317 3265 1507 3311 sancto
1533 3253 1810 3309 Clemente
1858 3252 2071 3324 profes—

499 3348 588 3402 sio
615 3347 749 3421 (92).
806 3345 1062 3403 Nonnulli
1113 3347 1218 3402 viri
1248 3347 1449 3404 eruditi
1491 3345 1713 3415 insuper
1741 3344 2075 3399 arbitrantur

502 3437 771 3494 referente
794 3437 1085 3494 Contantio
1108 3439 1222 3512 (95)
1269 3452 1299 3493 a
1328 3446 1519 3495 sancto
1548 3435 1829 3492 Clemente
1858 3435 2071 3507 specia-

502 3530 605 3585 lem
649 3530 716 3586 de
739 3528 944 3603 Spiritu
985 3540 1176 3586 sancto
1211 3530 1458 3591 habitum
1515 3522 1693 3583 fuisse
1742 3540 2070 3594 sermonem,

502 3622 665 3692 idque
720 3621 1022 3694 fragmento
1072 3637 1206 3688 Vill,
1256 3621 1309 3677 in
1335 3635 1443 3691 quo
1489 3619 1559 3674 de
1611 3616 1820 3689 Spiritu
1873 3624 2065 3675 sancto

499 3713 823 3780 disseritur,
883 3714 1241 3784 conﬁrmant;
1294 3712 1391 3769 sed
1439 3727 1554 3767 rem
1606 3726 1716 3767 non
1771 3711 2062 3778 evincunt;

499 3822 628 3861 cum
685 3806 848 3862 etiam
911 3804 968 3860 in
1025 3804 1273 3876 epistolis
1331 3803 1400 3860 de
1446 3800 1653 3873 Spiritu
1703 3810 1896 3858 sancto
1947 3802 2064 3857 haec

500 3897 774 3953 disserere
794 3895 1034 3961 licuerit,
1082 3911 1146 3951 ac
1188 3902 1399 3951 certum
1428 3896 1499 3950 sit
1528 3893 1749 3949 mutilas
1784 3908 1909 3958 esse
1947 3894 2065 3965 epi-

501 3989 668 4044 stolas
719 3988 787 4042 ad
832 3985 1165 4043 Corinthios.
1225 3983 1285 4040 ln
1336 3984 1554 4040 laudato
1609 3983 1715 4039 hoc
1764 3981 2067 4056 fragmento

499 4096 622 4144 vm,
662 4080 948 4152 perspicue
993 4086 1217 4135 sanctus
1257 4076 1349 4133 hic
1392 4090 1529 4150 papa
1556 4073 1722 4131 tradit
1757 4073 2063 4131 doctrinam

500 4171 568 4229 de
598 4169 802 4241 Spiritu
834 4178 1023 4225 sancto
1056 4168 1192 4241 (94).
1894 4240 1902 4255 ί

569 4264 828 4320 Divinitas
857 4262 955 4317 Dei
975 4260 1107 4317 Filii
1121 4260 1252 4317 Iesu
1278 4259 1497 4318 Christi.
1524 4288 1595 4303 —-
1623 4259 1844 4316 Attents
1874 4258 2059 4315 consi-

571 4400 617 4432 ¹⁹
647 4400 765 4455 Act.
807 4415 878 4454 xx
904 4440 920 4467 ,
969 4397 1061 4456 28.
1140 4398 1185 4431 "
1217 4396 1338 4454 Gal.
1370 4412 1457 4467 tn,
1492 4397 1545 4456 l.

568 4530 683 4670 (9|)
719 4529 889 4585 Clem.
912 4528 1096 4594 Rom.,
1127 4530 1181 4593 i,
1212 4546 1331 4602 cap.
1361 4531 1447 4586 M.

570 4601 661 4670 (92
714 4619 739 4670 ί(
761 4599 866 4654 Sed
897 4609 949 4670 et
979 4602 1255 4670 antiquior
1283 4601 1447 4655 Clemt

570 4597 683 4674 (92)
711 4619 739 4674 _c
761 4599 866 4654 Sed
888 4609 949 4674 et
979 4597 1561 4674 antiquiorjllemens:
1586 4598 1743 4663 Vivit,
1761 4597 1927 4674 _Deus,
1957 4597 2066 4653 Do-

499 4667 852 4741 minusilesus
877 4667 1137 4741 Christus,
1167 4681 1216 4725 et
1247 4670 1735 4741 Spiritussanctus.
1761 4667 1930 4741 Nemo
1952 4684 2063 4725 non

497 4743 645 4822 videt
668 4740 763 4822 Dei
791 4741 1007 4822 nomine
1028 4737 1319 4822 Personam
1350 4740 1530 4821 Patris
1562 4739 1808 4822 intelligi.
1829 4737 1885 4793 ld
1916 4741 2061 4822 enim

499 4811 740 4882 antiquis
801 4809 969 4882 moris
1017 4826 1140 4867 esse
1181 4811 1363 4864 nullus
1414 4810 1645 4880 ignorat,
1704 4809 1811 4882 ni_si
1860 4810 1978 4882 qui_
2007 4810 2063 4864 in

500 4878 740 4953 ipsorum
772 4879 993 4953 scriptis
1024 4882 1345 4953 peregrinns
1371 4878 1480 4953 est,
1510 4888 1570 4953 ut
1601 4893 1723 4953 cum
1747 4878 1918 4953 Deum
1936 4879 2063 4953 sim;-

497 4948 713 5024 plicitcr
744 4948 1237 5024 sine_adjuiicto'in
1267 4950 1564 5024 Scripturis
1605 4948 1811 5019 legunt,
1841 4949 1921 5024 vel
1954 4948 2057 5019 ipsi

495 5018 803 5084 enuntiarit,
857 5018 1072 5075 Patrem
1115 5021 1219 5075 hoc
1260 5020 1481 5074 nomine
1524 5018 1843 5089 expressum
1890 5018 2063 5074 inter-

498 5099 797 5165 pretentnr,
825 5099 1000 5165 atque
1016 5092 1122 5165 ipsi
1147 5090 1472 5165 exprimant.

570 5164 681 5233 (93)
737 5157 913 5232 Apud'
954 5157 1147 5227 Mansi,
1210 5157 1252 5215 ί.
1301 5157 1323 5212 l
1371 5157 1599 5220 Cancil..
1651 5157 1755 5216 col.
1826 5158 1956 5224 254,
2003 5158 2061 5214 in

497 5242 624 5289 nota
652 5236 706 5287 2.
1626 5266 1627 5271 η
2058 5236 2059 5239 η

570 5303 681 5374 (94)
712 5303 907 5374 Beatus
935 5304 1012 5358 vir
1056 5300 1257 5373 (inquit
1286 5310 1507 5374 sanctus
1530 5299 1805 5374 Clemens)
1847 5298 1937 5374 qui
1959 5314 2059 5374 _co_-

496 5367 693 5444 gnoscit
708 5373 889 5444 Patris
906 5367 1099 5427 donum
1113 5367 1204 5441 per
1222 5373 1595 5444 processianem
1616 5367 2065 5444 san_ctiss_t'ttt_l3_p_i—

498 5436 653 5497 ritus.
700 5442 892 5497 Beatus
927 5445 1026 5507 vir,
1050 5436 1139 5513 qui
1160 5436 1392 5513 agnoscit
1420 5453 1467 5496 et
1494 5436 2063 5513 comprehenditSpiri-

498 5520 611 5565 tum
647 5522 887 5568 sanctum
920 5530 1031 5567 esse
1062 5511 1257 5568 donum
1297 5511 1464 5577 illius,
1505 5512 1570 5566 ab
1603 5529 1663 5567 eo
1694 5511 1748 5565 in
1771 5512 1942 5581 ﬁgura
1973 5523 2063 5565 c0-

500 5582 690 5637 lumbaz
717 5582 994 5646 traditum,
1028 5592 1159 5647 etc.,
1180 5590 1284 5637 etc.

571 5653 684 5723 (95‘)
710 5650 951 5723 Epistula
981 5653 1031 5714 l.
1051 5669 1169 5723 cap.
1199 5654 1253 5707 2.

571 5717 682 5792 (96)
708 5717 863 5775 "and
890 5738 974 5776 me
1002 5717 1135 5777 latrt'
1155 5726 1211 5779 in
1241 5723 1655 5780 eoClcmentino
1684 5723 1802 5778 loco
1836 5717 2057 5775 Iunium

2172 1982 2349 2037 oculos
2380 1980 2620 2038 Christus
2645 1979 2985 2050 praescriptus.
3010 1989 3110 2041 est,
3150 1979 3205 2032 in
3244 1976 3386 2033 vobis
3419 1979 3729 2048 crucifixus.

2169 2073 2436 2129 Nimirum
2467 2072 2737 2136 Clemens,
2770 2078 2829 2125 ut
2857 2070 3078 2134 assolet,
3115 2068 3340 2124 Paulum
3378 2069 3642 2135 imitatus,
3677 2069 3735 2124 in

2169 2163 2490 2220 memoriam
2532 2161 2738 2233 redegit
2767 2160 3089 2225 Corinthiis,
3128 2159 3404 2231 quomodo
3450 2167 3577 2219 ante
3614 2175 3735 2214 mo-

2168 2265 2258 2311 tus
2297 2254 2359 2311 in
2387 2267 2578 2310 eorum
2609 2251 2855 2309 Ecclesia
2894 2267 3067 2322 nuper
3100 2258 3344 2315 exortos,
3376 2250 3525 2305 omni
3558 2253 3734 2307 virtu-

2166 2353 2283 2400 tum
2333 2358 2532 2416 genere
2571 2341 2843 2407 florerent,
2879 2349 3045 2412 atque
3087 2339 3181 2396 Dei
3210 2338 3494 2412 passiones
3519 2356 3735 2412 semper

2168 2442 2295 2491 ante
2318 2436 2506 2492 oculos
2535 2433 2669 2505 ipsis
2695 2432 3143 2489 obversarentur.

2237 2526 2371 2582 Duc
2409 2527 2464 2582 in
2500 2525 2711 2583 Christo
2752 2534 2987 2589 natura;
3032 2539 3140 2579 una
3179 2522 3382 2588 divina,
3424 2522 3595 2577 altera
3632 2519 3734 2572 hu-

2168 2632 2361 2681 mana;
2395 2626 2444 2672 et
2470 2632 2576 2671 una
2604 2602 2861 2670 Persona.
2880 2612 3152 2667 ——Divina3
3178 2612 3342 2682 igitur
3373 2618 3579 2665 natura:
3610 2624 3731 2665 ma-

2161 2707 2413 2779 iestatem
2442 2721 2571 2763 cum
2595 2706 2776 2762 carnis
2805 2705 3133 2768 humilitate,
3164 2702 3457 2775 crucisque
3492 2700 3729 2773 ignomi-

2166 2801 2257 2856 nia
2294 2800 2399 2855 hoc
2442 2798 2562 2854 loco
2609 2796 2892 2867 coniungit
2943 2802 3169 2851 sanctus
3192 2793 3387 2859 Pater;
3419 2794 3555 2849 duas
3601 2794 3730 2873 item

2166 2900 2390 2948 naturas
2415 2889 2660 2963 agnoscit
2686 2888 2743 2945 in
2761 2887 2980 2947 Christo
3003 2903 3017 2939 :
3041 2902 3202 2943 unam
3223 2884 3384 2941 Verbi
3408 2884 3728 2947 Personam,

2166 2996 2288 3052 quae
2330 2995 2498 3036 carne
2538 2992 2705 3053 passa
2746 2986 2864 3044 est,
2912 2992 2976 3033 ac
3019 2975 3112 3032 Dei
3161 2977 3432 3047 passiones
3474 2975 3731 3031 Ecclesiae

2166 3073 2530 3131 Corinthiacm
2555 3070 2812 3143 praponit
2832 3070 2978 3125 velut
3007 3069 3167 3140 longe
3197 3068 3494 3123 maximum
3527 3074 3730 3139 myste-

2168 3167 2332 3230 rium,
2373 3163 2519 3219 unde
2556 3162 2679 3217 vita)
2728 3160 3022 3217 sanctioris
3060 3168 3327 3231 praecepta
3375 3158 3732 3228 institutaque

2169 3258 2354 3315 omnia
2390 3255 2751 3311 deducantur.
2804 3251 2883 3307 Ex
2924 3252 3120 3323 quibus
3169 3266 3297 3323 ergo
3326 3251 3532 3322 liquido
3558 3259 3728 3321 patet,

2169 3363 2281 3404 non
2313 3347 2489 3404 solum
2525 3345 2656 3418 quid
2687 3353 2913 3403 sanctus
2939 3345 3231 3409 Clemens,
3272 3341 3367 3399 sed
3403 3342 3567 3396 etiam
3596 3342 3728 3413 quid

2171 3436 2425 3505 Romani,
2451 3438 2583 3511 quid
2610 3436 2902 3501 Corinthii,
2934 3434 3067 3508 quid
3096 3435 3312 3490 demum
3359 3432 3539 3489 caeteri
3568 3431 3731 3487 Chri-

2172 3531 2340 3589 stiani
2382 3530 2582 3587 saeculo
2613 3546 2637 3586 ι
2670 3527 2970 3601 apostolico
3009 3526 3078 3582 de
3120 3524 3233 3581 Deo
3266 3523 3325 3579 in
3360 3540 3528 3579 carne
3564 3539 3732 3596 passo

2167 3623 2479 3689 senserint,
2530 3629 2691 3692 atque
2746 3616 3102 3677 crediderint.
3180 3615 3312 3683 Qum
3350 3614 3570 3687 quidem
3619 3630 3730 3678 non

2166 3717 2343 3773 solum
2374 3722 2571 3771 contra
2591 3711 2961 3769 Arianismum
2998 3724 3064 3765 ac
3091 3709 3325 3763 haeresin
3349 3706 3729 3763 Nestorianam

2165 3808 2393 3863 multum
2424 3805 2627 3869 valent,
2661 3803 2757 3859 sed
2784 3803 2948 3858 etiam
2989 3800 3152 3856 valde
3176 3807 3367 3854 contra
3408 3797 3730 3854 Socinianos

2166 3900 2328 3964 urget
2372 3892 2458 3946 vir
2503 3891 2699 3947 doctus
2746 3895 2935 3945 noster
2985 3885 3243 3943 Maranus
3285 3885 3397 3958 (97)
3430 3905 3445 3939 :
3478 3886 3730 3956 idemque

2165 3989 2543 4057 argumentum
2562 3982 2677 4054 jam
2704 3980 2913 4053 pridem
2940 3978 3188 4050 pluribus
3208 3978 3386 4034 fuerat
3409 3987 3727 4049 persecutus

2164 4075 2398 4134 Grabius
2422 4073 2536 4145 (98)
2563 4072 2659 4145 qui
2699 4072 2928 4126 aliorum
2959 4071 3135 4125 sancti
3164 4067 3345 4125 Patris
3380 4067 3551 4125 nostri
3578 4067 3729 4122 loco-

2161 4180 2283 4220 rum
2330 4162 2695 4234 parallelismo
2746 4160 3020 4223 instituto,
3073 4158 3219 4213 hunc
3268 4158 3469 4228 ipsum,
3505 4156 3574 4213 de
3618 4171 3729 4227 quo

2162 4258 2393 4330 agimus,
2451 4262 2675 4311 strenue
2715 4251 3035 4318 vindicavit,
3076 4259 3238 4321 atque
3264 4248 3469 4306 Christi
3500 4246 3730 4308 Deitatis

2097 4533 2137 4588 Ι)
2162 4526 2506 4598 conjectasse
2531 4536 2636 4598 pro
2673 4518 2972 4598 παθήματᾳ.
3012 4516 3299 4598 legendum
3330 4512 3723 4598 ‘forteﬂuaeﬁ-

2368 4594 2483 4671 Sed
2498 4581 2655 4671 plane
2685 4581 3049 4671 respuendum
3067 4581 3209 4671 'cum
3221 4581 3726 4671 Granioti‘llatt‘ono

2168 4653 2401 4740 aliisque
2435 4653 2795 4740 virisudoctis'
2818 4660 3399 4740 inanegcommentum,
3432 4653 3575 4740 quod
3604 4660 3726 4709 tex-

2166 4746 2281 4793 tum
2306 4724 2469 4791 V'citra
2518 4735 2681 4790 ullam
2721 4730 3101 4787 necessitatem
3128 4766 3144 4790 ,
3191 4738 3367 4793 neque
3417 4724 3580 4793 ulli_us
3610 4739 3723 4793 gms.

2167 4791 2377 4864 codicis
2413 4804 2735 4860 auctoritate
2778 4799 3073 4854 sollicitare
3114 4791 3463 4863 comperitur.
3499 4791 3724 4864 Et..jure

2166 4863 2384 4949 quidem
2402 4875 2628 4949 :etenim
2656 4887 2835 4949 nonne
2846 4870 3208 4949 demumapte
3224 4863 3496 4919 conterent
3511 4863 3717 4944 omnia,

2165 4935 2213 5005 s'i
2242 4947 2395 5003 verba
2426 4946 2522 4999 Dei
2559 4942 2756 4998 mentis
2809 4935 3126 5014 attentioni,’
3150 4935 3411 5014 ejusque“
3449 4935 3722 5014 passiones

2162 5003 2345 5075 cordis
2374 5015 2539 5069 oculis
2576 5008 2990 5082 proponantur?
3020 5005 3165 5082 quod
3195 5003 3286 5082 ubi
3311 5003 3607 5082 diligenter
3646 5010 3726 5082 at-

2163 5071 2350 5149 tendo,
2390 5071 2591 5140 mirari'
2613 5071 2777 5147 subit,
2826 5081 2897 5135 cl.
2924 5071 3201 5149 Fletiriurn
3240 5073 3295 5149 i_n
3342 5071 3439 5149 sua
3480 5071 3724 5149 {listoria

2162 5142 2541 5227 ecclesiastica,
2584 5162 2713 5227 tom.
2736 5142 2775 5215 l,
2799 5166 2922 5221 pag.
2946 5147 3073 5227 27?,
3099 5143 3361 5227 edi_t.l.at.
3394 5144 3536 5197 ili-8°
3564 5142 3725 5222 vitio-

2165 5246 2279 5285 sam
2309 5225 2455 5282 Junii
2485 5216 2852 5286 cOnjcctnrain
2872 5216 3048 5286 'sequi
3093 5216 3370 5278 maluisse,
3404 5227 3571 5286 quam
3606 5216 3719 5265 sin-

2165 5246 2279 5285 sam
2309 5240 2455 5282 Junn
2485 5240 2586 5279 con
2613 5240 2852 5277 ccmram
2898 5240 3048 5286 seqlll
3093 5240 3370 5278 luatulsw,
3404 5240 3565 5283 quam
3606 5240 3719 5265 sm-

2164 5314 2343 5355 ceram
2380 5303 2562 5351 textus
2588 5240 2899 5355 lectionem,
2927 5288 3020 5359 qui
3041 5286 3247 5341 Gallice
3288 5300 3396 5339 non
3428 5282 3719 5351 passiones,

2164 5368 2260 5425 sed
2289 5366 2584 5421 doctrinam
2610 5360 2922 5417 reddiderit.

2236 5421 2348 5508 (91)
2379 5435 2639 5508 Divinitas
2681 5432 2745 5488 υ.
2781 5430 2856 5486 N.
2879 5428 2935 5485 ι.
2966 5425 3166 5483 Christi
3204 5423 3491 5490 manifest,
3516 5421 3609 5476 lib.
3642 5436 3719 5485 IV,

2468 5504 2589 5561 5'77.

2163 5523 2283 5579 cap.
2311 5523 2365 5569 ο,
2468 5523 2589 5561 au.
2990 5568 3002 5581 .

2234 5578 2348 5633 (98)
2421 5593 2453 5631 n
2496 5572 2736 5629 adnotat.
2771 5570 2836 5626 ad
2868 5570 3006 5626 Dullt
3050 5565 3258 5624 dcfens.
3288 5565 3378 5621 (id.
3415 5560 3558 5627 Nlc.,
3593 5576 3715 5633 pag.

2162 5524 2365 5703 gas
2391 5524 2453 5631 ςς.
