4074 6286
296 357 376 411 ist
1371 354 1376 360 '
1493 357 1825 414 meum”
1867 357 2248 415 vamonuu.
2285 317 2290 320 ’

3383 359 3484 414 162

291 470 522 527 hostibus
584 468 816 525 ﬁdenter
871 470 1072 540 obiecit
1115 470 1245 541 (99).
1311 469 1367 526 In
1424 473 1661 526 secunda
1716 471 1828 542 epi-
1859 477 1896 531 Α
1927 469 2191 524 sentirede
2219 479 2400 522 nostra
2421 467 2610 531 salute,
2629 475 2680 521 et
2703 467 2766 522 de
2793 468 2906 533 illo,
2931 467 3189 538 quihujus
3204 471 3392 525 salutis
3408 483 3484 526 est

289 556 580 626 stolaHOO)
611 566 804 612 auctor
839 558 942 613 iste
971 573 1072 612 nos
1109 559 1288 622 docet,
1330 566 1390 613 ut
1429 561 1731 614 sentiamus
1761 560 1827 614 de

287 648 402 704 Iesu
424 646 649 703 Christo
680 655 935 718 tanquam
965 648 1031 703 de
1053 647 1180 712 Deo,
1205 657 1258 703 et
1282 656 1534 719 tanquam
1562 650 1628 704 de
1644 650 1828 718 judice

288 743 514 794 vivorum
561 748 617 792 et
665 747 1001 792 mortuorum
1055 758 1068 793 :
1105 738 1346 802 Fratres,
1402 739 1475 792 ait
1524 739 1636 806 ipse
1674 741 1826 795 initio

288 831 418 885 illius
437 829 702 899 epistolae,
733 829 811 881 ita
840 830 1030 883 sentire
1051 846 1143 882 nos
1173 840 1368 897 oportet
1395 830 1456 883 de
1470 828 1598 884 Iesu
1618 829 1825 886 Christo

288 933 521 992 tanquam
548 921 613 974 de
653 921 762 976 Deo
790 922 882 992 (ὡς
910 922 1034 992 περὶ
1068 921 1246 992 Θεοῦ),
1290 932 1538 991 tanquam
1569 921 1633 974 de
1651 923 1826 990 judice

281 1015 497 1066 vivorum
523 1021 572 1066 et
599 1020 922 1064 mortuorum
941 1019 1105 1074 ,°——et
1132 1027 1357 1066 numero
1384 1011 1472 1075 56,
1498 1027 1583 1081 ep.
1601 1011 1625 1065 i
1645 1021 1824 1079 aperte

283 1103 399 1156 dicit
427 1102 613 1157 Iesum
643 1102 921 1156 Christum
953 1117 982 1154 a
1011 1100 1121 1155 Deo
1144 1117 1266 1156 esse
1283 1101 1562 1154 secundum
1592 1117 1822 1156 carnem:

293 1192 370 1257 Ἐξ
395 1191 561 1247 αὐτοῦ
587 1194 616 1244 ὁ
642 1191 843 1262 Κύριος
881 1189 1084 1261 Ἰησοῦς
1109 1189 1169 1242 τὺ
1197 1191 1336 1244 κατὰ
1371 1191 1564 1261 σάρκα.

341 1282 536 1338 Nescio
567 1297 636 1336 an
673 1283 874 1336 clarius
919 1281 1087 1351 possit
1115 1281 1237 1350 quis
1277 1281 1344 1334 de
1383 1282 1663 1336 divinitate
1695 1279 1822 1337 Iesu

279 1373 472 1429 Christi
527 1372 893 1428 testimonium
946 1371 1210 1441 proferre.
1265 1370 1530 1440 Expresso
1559 1373 1684 1427 alibi
1729 1374 1824 1427 de-

277 1464 458 1525 clarat,
486 1461 668 1518 Iesum
697 1461 978 1516 Christum
1020 1462 1262 1529 spiritum
1290 1461 1478 1524 fuisse,
1507 1463 1820 1532 priusquam

277 1571 394 1612 caro
442 1554 596 1610 ﬁeret
634 1573 648 1609 :
686 1552 843 1608 Iesus
901 1550 1141 1608 Christus
1185 1552 1262 1623 (l)
1299 1553 1656 1610 'Dominus....
1705 1570 1822 1608 cum

277 1647 491 1720 primum
544 1654 676 1697 esset
731 1644 948 1712 spiritus
1003 1658 1126 1695 caro
1175 1642 1348 1711 {actus
1375 1643 1574 1714 καὶ).
1607 1627 1685 1699 Εἰ
1713 1661 1822 1715 quo

1929 573 2132 618 auctor.
2163 562 2326 617 Docet
2345 563 2567 632 insuper
2583 577 2682 616 nos
2700 577 2947 632 peccare,
2976 563 3022 615 si
3051 565 3304 618 nescimus
3341 567 3484 637 unde

1923 663 1974 708 et
1998 654 2254 723 quomodo
2275 654 2442 706 vocati
2460 669 2660 716 sumus,
2684 662 2732 706 et
2761 669 2792 704 a
2813 668 2932 722 quo,
2958 661 3004 704 et
3031 653 3085 705 in
3107 670 3251 721 quem
3273 653 3482 720 locum;

1923 753 1973 797 et
1999 754 2195 812 quanta
2222 745 2472 798 sustinuit
2512 743 2667 797 Iesus
2708 742 2951 797 Christus
2989 745 3103 810 pati
3127 755 3338 812 propter
3367 763 3480 800 nos.

1924 830 2001 885 En
2031 834 2262 888 maxima
2294 833 2573 897 beneﬁcia,
2605 849 2726 904 qua:
2757 849 2787 886 a
2816 833 3001 887 divino
3035 834 3136 888 hoc
3173 834 3468 898 Salvatore,

1923 930 1982 976 ut
2005 922 2168 976 tradit
2199 931 2422 979 sanctus
2444 923 2717 987 Clemens,
2744 925 3074 993 recepimus!
3105 924 3293 978 Lucem
3323 925 3474 980 nobis

1923 1015 2142 1083 largitus
2162 1024 2278 1068 est:
2304 1024 2551 1084 tanquam
2580 1025 2730 1083 pater
2751 1017 2887 1084 ﬁlios
2910 1033 3000 1070 nos
3028 1018 3335 1086 appellavit;
3354 1033 3476 1086 per.

1919 1117 2096 1160 euntes
2151 1122 2242 1159 nos
2270 1108 2510 1160 servavit.
2541 1104 2825 1160 Miseratus
2847 1117 2923 1160 est
2963 1125 3077 1171 nos,
3115 1120 3162 1162 et
3186 1110 3465 1163 visceribus

1921 1205 2227 1257 commotus,
2261 1195 2434 1249 salvos
2447 1195 2587 1264 fecit,
2617 1213 2733 1249 cum
2753 1199 2805 1249 in
2825 1198 2969 1251 nobis
2993 1199 3210 1251 multum
3239 1216 3467 1253 errorem

1922 1302 1984 1338 ac
2011 1287 2281 1340 interitum
2311 1298 2592 1356 spectasset
2617 1304 2636 1351 ,'
2661 1305 2751 1342 nec
2795 1289 2982 1344 habere
3019 1308 3111 1343 nos
3139 1291 3305 1344 ullam
3341 1307 3486 1359 spem

1923 1376 2134 1443 salutis,
2165 1378 2268 1430 nisi
2298 1394 2434 1441 eam,
2479 1394 2595 1446 qua:
2640 1377 2703 1430 ab
2751 1379 2883 1446 ipso.
2921 1379 3136 1432 Vocavit
3178 1381 3314 1432 enim
3364 1397 3485 1445 nos,

1919 1467 2010 1535 qui
2061 1484 2164 1520 non
2209 1484 2438 1532 eramus,
2487 1478 2534 1521 et
2585 1470 2767 1538 voluit,
2819 1487 2851 1522 a
2887 1471 3047 1524 nihilo
3081 1488 3191 1524 esse
3229 1489 3342 1526 nos.
3373 1472 3468 1526 llic

1921 1564 2104 1626 aperte
2122 1558 2288 1612 tradit
2319 1559 2592 1623 Clemens,
2624 1562 2767 1629 quod
2789 1561 3123 1632 Augustinus
3151 1573 3335 1632 postea
3362 1563 3468 1617 fre-

1920 1663 2097 1716 quens
2123 1647 2330 1713 docuit,
2371 1658 2592 1706 vocatos
2617 1666 2716 1706 nos
2746 1666 2774 1704 a
2803 1651 2934 1716 Deo,
2965 1669 3088 1706 cum
3122 1655 3271 1708 nulla
3297 1656 3348 1707 in
3372 1671 3472 1709 no-

277 1733 552 1789 deducitur
589 1732 849 1785 adversus
887 1728 1149 1799 quosdam
1181 1738 1490 1785 nostrorum
1517 1738 1819 1802 temporum
1867 1811 1880 1813 _
1923 1737 2007 1792 bis
2038 1739 2252 1802 merita,
2286 1739 2396 1792 imo
2432 1747 2486 1794 et
2515 1741 2681 1794 multa
2712 1741 2973 1798 demerita
3004 1747 3394 1813 conspexisset.

273 1826 518 1892 Arianos,
553 1820 747 1876 Filium
775 1821 868 1876 Dei
897 1821 1177 1877 exstitisse
1202 1830 1326 1876 ante
1367 1836 1523 1876 suam
1570 1821 1822 1878 incarna-
1848 1811 1892 1866 Β
1991 1825 2208 1882 Miseria
2225 1828 2445 1884 hominis
2466 1840 2586 1885 ante
2603 1832 3034 1889 incarnationem.
3068 1811 3339 1890 —_Verba
3361 1838 3475 1892 haec

277 1920 488 1972 tionem.

275 2067 278 2070 Α
336 2008 602 2078 Beneﬁcia
637 2006 789 2061 Verbi
829 2007 1095 2060 incarnati
1128 2004 1269 2058 circa
1307 2002 1558 2058 homines.
1583 2033 1651 2044 -—
1675 2003 1823 2062 Nihil

275 2097 550 2152 movendis
589 2097 786 2150 animis
837 2095 1018 2165 aptius
1064 2093 1170 2148 dici
1203 2101 1382 2164 potest
1431 2093 1518 2156 iis,
1553 2111 1675 2165 qua:
1716 2104 1825 2150 tra-

277 2187 344 2242 dit
367 2195 592 2242 sanctus
621 2184 869 2240 Clemens
899 2185 954 2239 in
979 2196 1207 2253 utraque
1228 2184 1452 2253 epistola
1483 2185 1628 2239 circa
1653 2186 1820 2240 bene-

277 2278 400 2341 ﬁcia,
452 2295 583 2349 qua:
629 2293 728 2348 pro
775 2275 1088 2331 hominibus
1130 2291 1198 2329 ex
1256 2275 1624 2330 incarnatione
1659 2273 1819 2332 Verbi

276 2377 389 2426 sunt
430 2377 750 2424 consecuta.
785 2367 873 2421 Ait
900 2367 1044 2423 enim
1096 2365 1150 2420 in
1193 2367 1400 2435 prima,
1439 2381 1538 2422 nos
1588 2366 1642 2420 in
1690 2366 1818 2423 Iesu

272 2462 478 2517 Christo
517 2462 754 2517 salutare
782 2468 1027 2514 nostrum
1067 2459 1439 2525 adinvenirse;
1482 2460 1658 2529 ipsum
1698 2477 1820 2517 esse

274 2555 588 2607 oblationum
627 2563 928 2607 nostrarum
974 2567 1270 2620 supremum
1292 2550 1628 2620 Pontiﬁcem;
1670 2553 1818 2622 inﬁr-

273 2646 457 2700 mitatis
490 2653 1094 2713 nostrwessepatronum
1122 2655 1169 2698 et
1198 2644 1566 2698 auxiliatorem
1589 2639 1686 2713 (δ).
1715 2643 1821 2699 Per

273 2739 412 2802 hunc,
446 2737 627 2807 pergit
657 2745 884 2791 sanctus
912 2737 1014 2791 iste
1052 2735 1313 2805 pontifex,
1337 2737 1392 2790 in
1426 2737 1672 2790 caelorum
1702 2737 1821 2790 alti-

273 2830 462 2882 tudines
491 2827 673 2881 oculos
695 2826 1010 2895 deﬁgemus;
1037 2843 1129 2896 per
1161 2826 1296 2880 hunc
1341 2827 1739 2882 immaculatum
1769 2837 1818 2882 et

270 2941 563 2992 supremum
606 2925 750 2979 illius
808 2924 1009 2978 vultum
1070 2923 1494 2992 speculabimur;
1541 2941 1632 2994 per
1683 2925 1816 2978 hunc

271 3019 396 3072 oculi
428 3015 610 3071 cordis
635 3016 802 3069 nostri
833 3017 1002 3084 aperti
1033 3024 1183 3078 sunt;
1214 3031 1305 3084 per
1336 3014 1471 3070 hunc
1495 3016 1741 3085 insipiens
1768 3025 1816 3071 et

271 3108 542 3161 obscurata
579 3123 721 3161 mens
754 3116 936 3160 nostra
986 3106 1040 3160 in
1087 3105 1450 3160 admirabilem
1496 3106 1606 3175 ejus
1652 3107 1818 3161 lucem

271 3200 574 3265 repullulat;
607 3213 697 3266 per
724 3198 860 3250 hunc
889 3198 1048 3251 voluit
1076 3197 1352 3262 Dominus,
1385 3205 1443 3250 ut
1471 3199 1819 3253 immortalem

272 3290 610 3356 cognitionem
632 3298 984 3358 gustaremus.
1009 3287 1246 3354 Quicum
1276 3289 1347 3341 sit
1377 3287 1548 3358 (addit
1577 3289 1819 3360 insuper)

271 3381 506 3448 splendor
550 3379 848 3447 majestatis
892 3379 1025 3447 ejus,
1069 3378 1430 3454 tanto'major
1469 3389 1546 3432 est
1583 3379 1818 3449 angelis,

271 3479 452 3538 quanto
480 3468 829 3524 excellentius
869 3485 1052 3522 nomen
1091 3468 1309 3521 sortitus
1350 3477 1447 3522 est.
1480 3465 1634 3533 Quod
1663 3469 1821 3537 quasi

271 3559 332 3614 de
360 3561 520 3614 verbo
547 3560 625 3614 ad
657 3559 877 3614 verbum
909 3574 975 3614 ex
989 3556 1228 3628 Epistola
1257 3557 1324 3612 ad
1355 3557 1610 3614 Hebraeos
1635 3575 1822 3614 excer-

271 3663 408 3721 ptum
453 3663 566 3717 est,
631 3654 685 3707 in
716 3669 820 3722 qua
852 3652 1144 3721 Apostolus
1191 3651 1382 3707 iisdem
1417 3650 1591 3705 ferme
1642 3653 1822 3707 verbis

269 3744 492 3815 elogium
521 3742 659 3798 Iesu
697 3742 898 3798 Christi
946 3740 1211 3796 elformat.
1259 3740 1397 3794 Hinc
1439 3740 1705 3796 Eusebius
1744 3726 1823 3812 (4)1

268 3835 514 3900 advertit,
576 3836 633 3890 in
679 3835 853 3905 prima
899 3834 1000 3887 hac
1043 3833 1218 3886 sancti
1265 3833 1558 3888 Clementis
1592 3833 1823 3903 epistola

267 3924 437 3980 haberi
484 3927 775 3981 nonnullas
825 3926 1104 3982 sententias
1137 3923 1389 3993 Epistolte
1430 3923 1535 3978 divi
1565 3923 1725 3978 Pauli
1754 3922 1822 3977 ad

271 4017 514 4072 Hebrteos
541 4027 603 4072 et
628 4016 933 4088 quandoque
945 4016 1105 4071 etiam
1135 4016 1396 4083 expositas
1425 4015 1606 4069 iisdem
1635 4015 1821 4082 verbis,

267 4109 441 4179 quibus
469 4112 652 4164 utitur
676 4107 956 4172 Apostolus
989 4121 1007 4160 :
1035 4106 1171 4176 quod
1202 4105 1408 4176 quidem
1433 4107 1680 4171 ostendit,
1701 4123 1854 4177 pen,

266 4211 334 4272 git
364 4202 665 4268 Eusebius,
685 4199 975 4270 Epistolam
995 4203 1066 4255 ad
1099 4198 1345 4254 Hebraeos
1373 4212 1695 4269 nequaquam
1713 4217 1824 4256 esse

267 4311 385 4362 opus
426 4311 638 4356 recens,
668 4303 716 4348 et
747 4295 870 4362 jure
909 4293 1192 4362 meritoque
1235 4291 1356 4346 aliis
1404 4291 1560 4346 istius
1601 4293 1824 4361 apostoli

262 4386 492 4453 epistolis
524 4383 770 4453 adjungi.

1921 1917 2148 1974 miriﬁce
2202 1921 2495 1976 ostendunt
2547 1924 2839 1978 maximam
2906 1925 3144 1980 hominis
3198 1929 3482 1984 miseriam-

1921 2014 2048 2063 ante
2079 2007 2536 2070 incarnationem.
2584 2023 3016 2085 extremamque,
3060 2032 3166 2085 qua
3199 2018 3482 2074 detineba-

1919 2102 2032 2163 tur,
2063 2102 2446 2157 necessitatem
2465 2104 2808 2161 medicinalis
2824 2108 3010 2176 gratia:
3042 2109 3343 2165 Salvatoris
3366 2112 3479 2181 (5);

1919 2189 2085 2256 tradit
2111 2192 2274 2245 etiam
2304 2194 2466 2261 paulo
2510 2194 2760 2262 inferius,
2811 2199 3035 2266 gentiles
3059 2209 3185 2256 ante
3228 2203 3484 2258 incarna-

1916 2279 2120 2335 tionem
2171 2280 2301 2337 Iesu
2351 2283 2554 2337 Christi
2614 2284 2690 2338 ita
2721 2294 2901 2341 mente
2950 2296 3140 2358 captos
3192 2289 3385 2358 fuisse,
3421 2300 3480 2346 ut

1919 2370 2208 2428 adorarent
2256 2374 2486 2442 lapides,
2531 2375 2747 2445 lignum,
2797 2395 3005 2445 aurum,
3050 2392 3341 2451 argentum,
3397 2394 3478 2438 at.-

1915 2478 2014 2534 que
2044 2478 2136 2524 aes,
2171 2480 2328 2532 opera
2363 2465 2666 2534 hominum;
2702 2470 2925 2540 insuper
2964 2473 3110 2542 quod
3144 2482 3253 2528 tota
3287 2490 3479 2530 eorum

1918 2554 2024 2607 vita
2052 2554 2133 2607 nil
2159 2555 2307 2608 aliud
2335 2570 2449 2610 erat
2490 2574 2649 2627 quam
2691 2577 2833 2614 mors
2864 2575 2883 2614 :
2908 2570 2958 2615 et
2990 2561 3236 2628 tenebris,
3261 2573 3312 2617 et
3341 2566 3478 2618 cali-

1918 2645 2034 2716 gine
2065 2647 2497 2711 obvolvebantur;
2525 2651 2670 2720 quod
2705 2651 2948 2708 Ecclesia
2981 2655 3168 2724 paucis
3194 2659 3480 2712 constabat

1921 2733 2192 2802 ﬁdelibus,
2223 2752 2286 2791 ac
2317 2740 2517 2808 popqu
2550 2739 2995 2797 circumdabatur
3029 2743 3262 2814 ingrato,
3289 2755 3344 2801 et
3384 2747 3482 2800 be-

1917 2827 2230 2882 neﬁciorum
2264 2828 2358 2884 Dei
2389 2831 2714 2887 immemori.
2750 2832 2882 2898 Quae
2927 2835 3147 2904 quidem
3189 2838 3256 2891 de
3305 2839 3478 2893 idolo~

1917 2930 2038 2973 rum
2072 2920 2372 2976 cultoribus
2426 2921 2781 2993 intelligenda
2814 2931 2974 2991 sunt;
3003 2926 3205 2996 quippe
3236 2935 3362 2983 ante
3393 2930 3481 2983 in-

1920 3011 2293 3066 carnationem
2359 3012 2429 3066 ad
2486 3012 2786 3068 Ecclesiam
2857 3031 2968 3070 non
3033 3018 3371 3086 spectabant,
3424 3028 3480 3074 et

1920 3098 2087 3155 Deum
2118 3101 2458 3172 ignorabant.
2486 3103 2638 3169 Quod
2662 3104 2796 3158 dixit
2827 3104 3177 3178 (Scriptura),
3211 3110 3285 3162 ait
3322 3108 3482 3164 Pater

1921 3193 2024 3248 iste
2047 3193 2145 3262 (6),
2189 3194 2388 3260 laetare,
2426 3213 2540 3266 qua:
2577 3214 2680 3251 non
2725 3199 2894 3267 paris,
2938 3215 3032 3253 nos
3063 3199 3198 3252 dixit
3229 3215 3248 3252 :
3273 3200 3482 3256 Sterilis

1918 3285 2102 3355 quippe
2129 3295 2244 3339 erat
2268 3285 2508 3341 Ecclesia
2542 3298 2746 3353 nostra,
2777 3299 3054 3360 antequam
3075 3288 3190 3342 dati
3220 3300 3390 3344 essent
3421 3293 3487 3345 li-

1921 3374 2048 3429 beri.
2076 3376 2243 3446 lgitur
2274 3376 2462 3431 inferri
2503 3379 2713 3447 nequit,
2761 3389 2884 3433 ante
2912 3380 3341 3433 incarnationem
3385 3396 3481 3434 ne-

1919 3466 2119 3521 minem
2151 3468 2362 3536 justum
2417 3467 2699 3524 adfuisse.“
2733 3469 2821 3524 Sic
2863 3480 2912 3523 et
2950 3468 3213 3534 Christus,
3267 3473 3483 3542 egregie

1919 3558 2198 3613 concludit
2245 3562 2379 3628 ipse,
2425 3561 2588 3614 voluit
2615 3579 2823 3616 servare
2869 3565 3160 3630 pereuntia,
3199 3574 3248 3618 et
3289 3568 3480 3619 multos

1919 3649 2160 3710 servavit,
2199 3648 2325 3702 dum
2373 3650 2529 3717 venit,
2571 3649 2796 3721 dumque
2817 3668 2911 3704 nos
2939 3651 3058 3719 jam
3093 3663 3362 3720 pereuntes
3393 3670 3482 3707 vo-

1919 3740 2054 3804 cavit
2075 3739 2175 3810 (7).

1987 3830 2434 3886 Animadvertere
2468 3831 2559 3886 hic
2605 3839 2818 3904 oportet
2862 3846 2987 3885 cum
3022 3839 3214 3886 nostro
3244 3832 3335 3902 pio
3377 3849 3478 3888 au-

1920 3933 2089 3987 ctore,
2132 3925 2327 3979 debere
2360 3940 2461 3980 nos
2489 3941 2668 3988 veros,
2715 3939 3116 3996 germanosque
3156 3926 3293 3995 grati
3313 3927 3479 3982 anlmi

1923 4026 2122 4069 sensus
2151 4031 2280 4085 erga
2328 4013 2664 4071 Salvatorem
2697 4016 2960 4071 enutrirc.
2984 4013 3364 4084 Conﬁtebimur
3385 4033 3482 4068 au-

1922 4116 2023 4160 tem
2054 4107 2206 4160 illum
2232 4108 2494 4178 faciendo,
2521 4125 2639 4178 qua:
2668 4109 2817 4173 dicit,
2841 4119 2890 4162 et
2914 4109 3167 4162 ntandata
3205 4108 3348 4163 illius
3377 4127 3481 4162 non

1920 4199 2243 4266 spernendo;
2266 4217 2357 4255 nec
2397 4201 2568 4254 solum
2593 4199 2749 4253 labiis
2777 4215 2896 4252 eum
2929 4199 3256 4262 honorando,
3297 4199 3389 4253 sed
3415 4214 3482 4254 ea:

1923 4300 2030 4345 toto
2059 4291 2232 4354 corde,
2260 4307 2324 4345 ex
2351 4300 2463 4345 tota
2485 4300 2670 4345 mente.
2699 4290 2821 4343 Non
2855 4289 3007 4343 modo
3041 4291 3222 4359 igitur.
3254 4289 3329 4342 ait
3349 4305 3444 4344 san
3467 4320 3480 4330 ο

1921 4393 2042 4438 ctus
2073 4384 2160 4438 hic
2204 4383 2444 4453 pontifex
2491 4383 2591 4453 (8),
2640 4382 2810 4452 ipsum
2833 4397 3066 4436 vocemus
3093 4381 3396 4450 Dominum,
3425 4381 3480 4436 id

327 4476 383 4532 In
437 4477 689 4534 secunda
725 4475 952 4546 epistola
1000 4491 1110 4530 non
1156 4476 1337 4530 minus
1375 4482 1528 4547 urget
1578 4475 1820 4547 ingentes
1853 4496 1896 4551 ι)
1923 4473 2061 4529 enim
2089 4491 2192 4528 non
2217 4475 2440 4528 salvabit
2464 4491 2556 4528 nos
2591 4473 2724 4536 ;sed
2751 4475 2808 4528 in
2839 4472 3080 4542 operibus
3115 4475 3286 4544 ipsum
3310 4478 3476 4544 con/i-

268 4571 526 4626 utilitates
578 4566 990 4624 incarnationis.
1043 4564 1198 4622 Vetat
1242 4569 1418 4638 primo
1456 4569 1576 4623 loco
1602 4567 1822 4622 humilia

327 4725 436 4794 (99)
475 4725 795 4780 Notandum
837 4725 924 4780 hic
975 4724 1146 4778 obiter
1189 4723 1510 4794 gravissimo
1557 4723 1609 4776 in
1640 4739 1825 4778 errore

265 4799 466 4849 versari
511 4796 790 4857 Photium,
832 4797 958 4849 dum
1007 4809 1250 4848 asserere
1297 4809 1402 4846 non
1435 4795 1724 4856 erubescit,
1769 4794 1822 4847 in

267 4877 450 4920 sancto
465 4867 754 4922 Clemente
770 4867 904 4918 nihil
921 4864 1221 4918 adinveniri
1235 4864 1301 4916 ad
1317 4862 1614 4918 Salvatoris
1629 4864 1821 4916 divini-

266 4945 424 5005 tatem
463 4935 953 5005 comprobandam.
1006 4936 1083 4988 lta
1120 4949 1268 5005 sane
1290 4949 1565 5005 nunquam
1610 4933 1826 5005 locutus

267 5003 474 5071 fuisset,
507 5008 558 5062 si
592 5003 751 5061 verba
784 5005 1118 5064 attendisset,
1153 5003 1311 5056 modo
1336 5018 1364 5056 a
1390 5004 1545 5057 nobis
1572 5003 1825 5064 allata,in

263 5076 455 5148 quibus
478 5085 709 5148 sanctus
732 5073 978 5148 Pontifex
1006 5083 1271 5148 tanquam
1299 5081 1503 5148 certum
1539 5081 1825 5148 ratumque

264 5143 575 5208 constituit,
609 5147 662 5200 in
681 5145 808 5201 Iesu
845 5144 1063 5200 Christo
1097 5158 1202 5196 una
1230 5143 1390 5198 simul
1418 5158 1542 5197 cum
1573 5143 1825 5198 humani-

263 5223 369 5270 tate
398 5217 745 5270 divinitatem
771 5216 1089 5268 inhabitare.

331 5288 480 5354 (100)
523 5285 771 5354 Epistola
797 5285 851 5347 2,
875 5299 994 5353 cap.
1027 5284 1078 5338 1.

331 5355 406 5424 (1)
449 5357 622 5413 lbid..
647 5371 768 5423 cap.
798 5355 850 5408 9.

327 5421 403 5495 (2)
447 5427 572 5479 Hoc
595 5437 698 5487 est,
715 5421 851 5495 cum
877 5432 1021 5477 esset
1046 5423 1202 5495 Deus.
1238 5421 1471 5491 Spiritus
1497 5423 1637 5476 enim
1663 5437 1827 5476 voca-

261 5493 442 5550 bulum
478 5509 634 5564 saepe
655 5494 796 5565 apud
830 5495 1079 5565 antiquos
1100 5493 1334 5565 divinam
1354 5504 1827 5565 naturam_sqt_tare

262 5561 591 5634 pmfatione
619 5561 853 5631 generali
880 5564 932 5615 in
964 5561 1559 5634 novissimampperum
1592 5561 1648 5616 S.
1676 5561 1826 5616 Hila-

260 5631 322 5690 rii
352 5635 571 5689 Pictav.
604 5634 894 5686 editionem
923 5648 1072 5687 num.
1101 5632 1170 5685 62
1191 5639 1244 5685 et
1276 5631 1344 5684 65
1369 5631 1614 5699 pluribus
1643 5648 1827 5687 exem-

262 5708 385 5785 νμε-
411 5707 870 5785 demonstratum
900 5711 1056 5785 estne
1086 5701 1641 5785 Contanti‘omnostro;
1684 5702 1826 5756 unde

263 5768 389 5829 illud
405 5773 712 5845 Augustini
740 5773 896 5843 epist.
925 5772 1043 5835 MO,
1079 5788 1132 5826 n.
1162 5771 1248 5839 ll,
1278 5769 1345 5823 ad
1363 5768 1652 5827 Clementis
1675 5787 1824 5825 men-

1929 4578 2132 4625 teamur
2150 4585 2168 4634 ,'
2202 4571 2256 4622 in
2285 4567 2547 4638 diligendo
2570 4569 2667 4623 alii
2695 4569 2850 4633 alios,
2877 4569 2931 4623 in
2962 4585 3064 4623 non
3108 4568 3478 4635 adulterando,

1922 4729 2028 4776 tem
2047 4723 2218 4792 magis
2231 4722 2690 4792 accommodatum
2703 4723 3088 4777 exscribimns:
3119 4721 3337 4776 Verbum
3355 4741 3479 4778 caro

1923 4794 2119 4863 factum
2150 4791 2246 4857 est,
2276 4801 2324 4846 et
2364 4791 2614 4845 habitavit
2658 4793 2711 4845 in
2743 4792 2927 4854 nobis;
2957 4794 3155 4846 reddite
3199 4796 3374 4858 vicem,
3429 4805 3477 4847 et

1921 4864 2176 4932 cﬁicimini
2207 4863 2434 4930 Spiritus
2473 4873 2519 4917 et
2545 4863 2776 4915 habitate
2811 4865 2864 4915 in
2891 4864 3018 4917 illo:
3049 4865 3202 4932 quasi
3248 4865 3474 4926 diceret,

1937 4933 2155 4988 Verbum
2183 4949 2306 4986 cum
2341 4943 2484 4987 esset
2515 4934 2763 5002 spiritus,
2796 4948 2891 4987 seu
2927 4933 3090 4994 Deus,
3128 4950 3249 4985 caro
3280 4935 3479 5001 factum

1922 5015 2021 5066 est,
2053 5011 2299 5056 naturam
2340 5004 2687 5072 suscipiendo
2713 5003 3039 5068 humanam;
3071 5003 3273 5072 reddite
3297 5004 3476 5066 vicem,

1922 5083 1976 5128 et
2004 5076 2094 5141 qui
2125 5089 2252 5125 caro
2284 5073 2437 5134 estis,
2470 5071 2728 5143 ejﬁcimini
2774 5074 3006 5141 quodam
3037 5072 3197 5124 modo
3247 5071 3476 5143 Spiritus

1924 5158 1987 5197 ac
2026 5145 2187 5206 Deus,
2227 5152 2472 5196 naturam
2499 5141 2792 5198 "induendo
2843 5143 3112 5204 divinam,
3157 5151 3205 5194 et
3248 5141 3478 5195 habitate

1924 5230 1978 5267 ιη
1997 5214 2363 5353 (gfogalutare
2390 5295 2627 5340 nostrum
2654 5282 2949 5353 invenimus?
2972 5278 3154 5353 Iesum
3187 5277 3476 5353 Christum,

1925 5351 2564 5423 Ponti/icemoblationum
2584 5362 2903 5423 nostrarum,
2933 5351 3256 5423 infirmitatis
3283 5361 3480 5423 nostra:

1925 5420 2204 5493 patronum
2226 5434 2273 5477 et
2299 5427 2690 5479 auxiliatorem.
2726 5420 2972 5493 Epist._i_
2998 5420 3195 5486 Cletn.,
3230 5436 3350 5491 cap.
3383 5420 3473 5475 56.

1996 5496 2071 5560 (4)
2115 5495 2229 5548 Lib.
2265 5511 2320 5547 ιιι
2360 5495 2500 5548 Hist.
2525 5493 2729 5554 eccles.,
2758 5505 2879 5559 cap.
2911 5490 2999 5545 58.

1995 5564 2071 5635 (5)
2110 5563 2278 5635 Epist.
2306 5565 2360 5635 2,
2387 5580 2505 5632 cap.
2530 5564 2590 5635 ΔΙ.

1996 5631 2072 5702 (6)
2109 5631 2276 5701 Epist.
2299 5633 2352 5689 2.
2377 5631 2493 5701 cap.
2525 5631 2578 5686 2.

1997 5699 2074 5773 (7)
2114 5699 2282 5757 Clem.
2317 5699 2495 5773 Boni,
2528 5717 2611 5770 ep.
2643 5699 2706 5773 _2,
2739 5713 2855 5770 cap.
2890 5699 2944 5755 2.

1998 5719 2051 5773 ('1
2114 5719 2282 5757 mem.
2317 5719 2495 5764 nom,
2528 5719 2611 5770 ep.
2652 5719 2686 5752 z

1998 5719 2074 5846 (δὲ
2114 5773 2278 5839 Idem,
2308 5770 2461 5837 ibid.,
2495 5787 2614 5841 cap.
2640 5771 2690 5826 5.
