4074 6286
533 333 635 389 163
1645 335 1736 390 AD
1779 335 1838 391 S.
1877 333 2070 391 CLEM]

2164 330 2296 390 TE}!
2335 333 2355 388 Ι
2388 334 2615 392 ΡΑΡΑΜ
3625 339 3724 393 164

531 468 690 521 neque
718 450 1054 507 obtrectando
1083 452 1321 516 invicem,
1351 467 1511 522 neque
1539 449 1866 515 tumulando;
1887 450 1977 505 sed
2002 451 2078 504 υἰ-
2107 455 2150 512 Α
2177 467 2332 520 quam
2361 461 2594 518 cunctos,
2613 451 2701 521 qui
2732 467 2960 521 unquam
2982 451 3118 521 justi
3134 450 3364 520 fuerunt.
3387 450 3721 520 justiﬁcavit.

529 544 688 600 vendo
719 545 772 598 in
803 546 1145 610 continentia,
1183 544 1569 608 misericordia,
1599 551 1649 597 et
1687 544 1943 607 bonitate,
1969 551 2076 598 etc.
2180 539 2412 596 Sanctus
2426 540 2584 596 Pater
2601 541 2765 595 tradit
2781 541 2869 595 hic
2886 540 3214 610 conjunctim
3231 545 3474 612 egregias
3499 549 3609 596 tres
3629 556 3725 597 vc-

531 636 610 706 (9)
644 635 770 690 Ha’c
823 634 1022 706 agendo
1063 646 1394 702 acceptorum
1425 633 1787 703 beneﬁciorum
1830 649 2078 688 memores
2177 632 2394 698 ritates;
2439 634 2614 703 primo
2659 640 2900 688 nostram
2941 632 3284 688 vocationem
3314 631 3729 689 adﬁdem'esse

525 731 720 781 erimus
750 744 882 790 vere,
915 727 1068 781 sicuti
1097 725 1423 781 Christianos
1455 725 1617 780 decet.
2177 724 2468 794 gratuitam
2509 737 2574 778 ex
2607 731 2761 794 parte
2799 723 2915 788 Dei,
2943 739 3067 778 cum
3090 725 3161 780 sit
3195 723 3418 779 eﬁ‘ectus
3455 724 3609 779 bonae
3631 740 3728 778 vo-

596 818 749 872 .Iesus
799 818 1038 873 Christus
1073 835 1171 871 non
1220 819 1321 886 fuit
1359 818 1512 870 homo
1557 816 1939 885 phantasticus,
1988 818 2076 873 sed
2176 817 2400 872 luntatis
2430 831 2562 880 suae,
2591 829 2656 870 ac
2683 815 3070 871 misericordia:
3089 831 3215 886 erga
3243 831 3344 872 nos
3374 835 3388 872 :
3429 817 3538 870 Καὶ
3566 820 3728 888 ἡμεῖς

527 925 697 972 uerus,
727 910 960 981 quamvis
988 926 1090 962 non
1108 920 1298 976 purus.
1320 938 1392 949 —
1416 909 1475 962 In
1506 908 1680 978 prima
1716 923 1814 963 sua
1849 911 2070 978 epistola

2174 904 2266 962 οὖν
2293 908 2379 961 διὰ
2406 907 2702 979 Θελήματος
2729 906 2890 960 αὑτοῦ
2919 907 3222 977 κληθέντες.

528 1008 750 1056 sanctus
776 1000 1025 1056 Clemens
1053 998 1182 1055 Jesu
1209 999 1429 1054 Christo
1460 1014 1700 1063 carnem,
1730 1001 2074 1070 sanguinem,
2243 998 2494 1056 Secundo
2529 1014 2719 1055 omnes
2758 1007 2986 1054 conatus
3015 999 3304 1066 humanos,
3334 1007 3388 1056 et
3416 999 3533 1070 ipsa
3557 1001 3726 1054 etiam

525 1099 580 1146 et
629 1092 864 1145 animam
913 1091 1200 1147 manifeste
1245 1091 1513 1145 attribuit.
1573 1089 1640 1144 In
1683 1090 1956 1156 charitate,
1987 1093 2076 1147 in-
2173 1090 2390 1160 pietatis
2427 1104 2613 1159 opera,
2648 1090 2695 1144 si
2726 1088 2782 1143 in
2805 1104 2865 1144 se
2895 1088 3027 1157 ipsis
3053 1091 3726 1159 spectentur,etsejuncta

524 1183 642 1252 quit
665 1182 800 1251 (10),
829 1184 1110 1252 assumpsit
1139 1200 1232 1236 nos
1262 1181 1520 1236 Dominus
1541 1181 1677 1236 Deus
1699 1192 1875 1238 noster
1900 1200 1964 1238 ea:
1986 1202 2076 1239 νο·
2173 1196 2204 1235 a
2242 1182 2363 1245 ﬁde,
2386 1198 2483 1253 per
2504 1197 2667 1253 quam
2697 1181 3064 1245 viviﬁcantur,
3102 1194 3445 1251 nequaquam
3477 1181 3728 1238 sufﬁcere

527 1273 726 1326 luntate
754 1273 872 1336 Dei,
903 1273 1208 1344 sanguinem
1234 1290 1387 1326 suum
1423 1286 1518 1335 pro
1553 1271 1700 1327 nobis
1751 1274 1993 1341 tradidit,
2026 1285 2076 1330 et
2171 1274 2240 1328 ad
2292 1273 2732 1342 justiﬁeationem
2782 1272 3193 1343 promerendam
3229 1291 3242 1326 :
3286 1273 3361 1326 υύ
3408 1272 3473 1326 δι’
3518 1273 3726 1328 ἑαυτῶν

524 1381 734 1418 carnem
782 1382 874 1435 pro
909 1381 1068 1420 carne
1112 1374 1314 1430 nostra,
1340 1374 1393 1418 et
1423 1366 1653 1419 animam
1678 1380 1773 1434 pro
1801 1367 2070 1424 animabus

2169 1364 2538 1436 δικαιούμεθα,
2566 1366 2684 1420 οὐδὲ
2709 1365 2795 1419 διὰ
2820 1366 2920 1436 τῆς
2949 1366 3221 1437 ἡμετέρας
3251 1364 3460 1436 σοφίας,
3514 1365 3548 1438 ἢ
3601 1383 3726 1420 συν-

523 1457 736 1510 nostris.
2169 1453 2355 1519 έσεως,
2394 1455 2428 1527 ἢ
2464 1455 2767 1519 εὐσεϐείας,
2805 1454 2839 1526 ἣ
2900 1454 3070 1527 ἔργων
3117 1448 3192 1508 ὦν
3250 1453 3723 1526 κατειργασάμεθα

593 1547 834 1602 Christus
887 1565 982 1618 pro
1030 1547 1271 1603 omnibus
1321 1557 1578 1603 mortuus.
1616 1578 1686 1589 —
1742 1546 2070 1623 Sanguinem

2169 1548 2227 1600 ἑν
2255 1547 2486 1619 ὁσιότητι
2512 1549 2754 1620 καρδίας.

519 1638 721 1693 Christi
755 1655 854 1708 pro
885 1641 1053 1695 totius
1085 1639 1271 1694 mundi
1301 1641 1478 1695 salute
1507 1639 1736 1696 effusum
1769 1658 1912 1709 esse,
1940 1645 2070 1714 quin

2238 1635 2424 1691 Tertio
2448 1652 2545 1707 per
2575 1638 2730 1692 ﬁdem
2760 1652 2859 1693 nos
2885 1637 3062 1707 justus
3094 1635 3253 1704 efﬁci,
3293 1648 3347 1694 et
3376 1638 3534 1695 ﬁdem
3579 1638 3723 1694 hanc

522 1731 590 1784 ab
624 1732 722 1784 hac
761 1732 933 1801 gratia
963 1733 1273 1786 mortalium
1298 1733 1441 1786 ullus
1471 1732 1794 1801 excipiatur,
1847 1745 2070 1791 sanctus
2106 1798 2133 1801 ι
2170 1727 2318 1781 omni
2374 1735 2619 1798 ιθπιροτθ
2675 1728 2744 1782 ad
2802 1729 3034 1785 salllbem
3099 1731 3463 1786 necessariam
3518 1731 3718 1799 fuisse;

521 1821 611 1876 llic
641 1798 882 1892 pontifex
924 1824 1125 1878 diserte
1164 1824 1390 1877 afﬁrmat
1432 1798 1760 1894 (H):'Fia:is
1776 1827 1960 1892 oculis,
1990 1844 2070 1882 re-

2171 1815 2372 1884 quippe
2401 1829 2497 1885 per
2525 1815 2665 1870 hanc
2695 1815 2838 1871 Deus
2869 1816 3187 1886 justiﬁcavit
3226 1826 3452 1875 cunctos
3496 1822 3588 1891 qui
3620 1798 3722 1876 un?

519 1913 800 1980 spiciamus
830 1914 882 1967 in
913 1915 1219 1984 sanguinem
1248 1914 1466 1976 Christi,
1499 1931 1887 1987 cernamusque,
1915 1935 2070 1989 quam

2172 1921 2334 1976 quam
2357 1905 2493 1976 justi
2526 1904 2742 1962 fuerunt
2771 1924 2786 1962 :
2853 1906 3014 1960 Ἀλλὰ
3041 1907 3127 1960 διὰ
3153 1908 3252 1978 τῆς
3280 1909 3530 1973 πίστεως,
3559 1910 3625 1964 δι’
3653 1907 3722 1982 ἦς

518 2006 777 2074 pretiosus
806 2006 874 2058 sit
896 2004 1008 2073 ejus
1033 2007 1270 2076 sanguis,
1300 2007 1390 2076 qui
1419 2016 1626 2075 propter
1656 2018 1892 2062 nostram
1922 2010 2072 2063 salu-

519 2106 619 2149 tem
644 2097 840 2165 effusus
871 2099 966 2152 toti
1001 2098 1194 2152 mundo
1222 2100 1536 2166 paenitentia
1563 2101 1793 2170 gratiam
1820 2101 2020 2154 attulit.

584 2187 739 2242 Jesus
807 2189 1049 2244 Christus
1094 2189 1262 2259 judex
1320 2191 1550 2245 vivorum
1608 2199 1658 2245 et
1720 2201 2066 2248 mortuorum.

519 2277 810 2333 zEternitas
839 2281 1214 2348 suppliciorum
1245 2289 1293 2334 et
1323 2283 1676 2350 prwmiorum.
1729 2280 1980 2337 Meritum
2019 2292 2071 2339 et

517 2371 798 2424 necessitas
831 2370 1084 2426 bonarum
1123 2373 1410 2429 actionum.
1441 2403 1510 2414 —
1539 2372 1773 2429 Sanctus
1819 2374 2068 2434 Clemens

515 2460 702 2516 Iesum
739 2462 1020 2518 Christum
1061 2465 1294 2533 appellat
1322 2479 1538 2534 quoque
1558 2464 1789 2533 judicem
1837 2467 2070 2522 vivorum

515 2563 564 2604 et
586 2563 909 2606 mortuorum
931 2553 1065 2622 (12),
1095 2555 1221 2608 item
1267 2568 1551 2624 poenarum
1581 2555 1930 2610 aeternitatem
1958 2558 2070 2612 cla-

517 2643 738 2698 rissimo
785 2645 1098 2699 testimonio
1159 2644 1414 2710 afﬁrmat,
1455 2646 1583 2701 dum
1629 2645 1696 2700 ad
1752 2645 2067 2707 Corinthios

517 2734 709 2789 scribit
734 2734 844 2806 (l3)
874 2749 887 2785 :
914 2733 1187 2789 Facientes
1216 2737 1354 2790 enim
1385 2735 1584 2791 Christi
1611 2737 1951 2804 voluntatem,
1981 2755 2067 2794 re-

513 2830 683 2900 quiem
727 2826 1058 2882 inveniemus.
1089 2827 1186 2882 Sin
1223 2829 1392 2882 minus
1423 2828 1595 2882 :nihil
1621 2844 1714 2883 nos
1757 2828 1821 2882 ab
1875 2840 2068 2886 (eterna

515 2919 770 2990 supplicio
796 2918 998 2986 eripiet,
1033 2919 1080 2971 si
1102 2917 1358 2972 mandata
1389 2920 1535 2974 illius
1563 2930 1955 2976 contemnamus
1975 2937 2064 2986 ;...

514 3009 642 3081 quid
674 3008 815 3064 vobis
849 3007 1089 3065 videtur?
1122 3011 1211 3080 qui
1239 3012 1641 3081 incorruptionis
1673 3022 1932 3068 certamen
1951 3031 2068 3070 cor-

2171 1995 2375 2059 πὰντας
2387 1995 2480 2049 τοῦ
2493 1997 2572 2050 ἀπ
2587 1997 2790 2060 ἀἰῶνος
2801 1996 2830 2049 ὁ
2843 1998 3230 2070 παντοκράτωρ
3249 1997 3378 2062 Θεὸς
3389 1999 3720 2059 ἐδικαίωσεν.

2240 2102 2535 2161 Fatendum
2567 2105 2921 2162 nihilominus
2949 2113 3053 2172 est,
3088 2107 3144 2162 in
3187 2107 3350 2163 allato
3391 2116 3537 2165 textu
3579 2127 3721 2167 non-

2170 2197 2318 2251 nulla
2343 2195 2507 2252 verba
2536 2195 2745 2260 haberi,
2778 2211 2896 2267 qua:
2924 2206 3146 2267 possent
3189 2198 3445 2254 lectorem
3493 2203 3717 2271 morari,

2171 2289 2275 2344 nisi
2307 2287 2545 2358 perfecte
2569 2287 2762 2343 calleat
2799 2303 2929 2344 vera
2960 2288 3136 2345 sancti
3182 2289 3475 2348 Clementis
3515 2293 3720 2364 princi-

2169 2381 2278 2453 pia.
2315 2378 2440 2439 lizec
2488 2387 2669 2452 autem
2713 2379 2879 2434 verba
2927 2380 3073 2435 haud
3110 2382 3184 2435 ita
3221 2385 3504 2454 perspicua
3549 2394 3718 2453 sunt,

2123 2499 2126 2503 -
2167 2489 2288 2545 qua:
2329 2481 2678 2543 sequuntur:
2713 2469 2905 2540 Opera,
2959 2488 3074 2542 qua:
3121 2473 3176 2527 in
3218 2475 3390 2529 cordis
3438 2477 3719 2532 sanctitate

2170 2560 2250 2632 (ἐν
2268 2561 2869 2640 ὁσίοτητιτῆςκαρδίας)
2895 2564 3099 2630 operati
3124 2563 3337 2616 sumus!
3384 2562 3461 2618 Ex
3516 2564 3717 2634 quibus

2168 2653 2370 2709 inferre
2399 2651 2521 2723 quis
2545 2657 2742 2722 potest,
2772 2658 3019 2706 sanctum
3060 2652 3206 2708 hunc
3251 2654 3557 2721 pontiﬁcem
3585 2656 3716 2726 reji-

2168 2759 2292 2801 cere
2333 2743 2584 2798 meritum
2624 2741 2894 2797 bonorum
2939 2757 3185 2812 operum.
3230 2742 3506 2800 Immerito
3535 2755 3715 2802 autem

2165 2836 2307 2892 hanc
2333 2835 2623 2891 illationem
2653 2834 2777 2904 quis
2805 2833 3066 2900 inferret;
3097 2843 3151 2889 et
3181 2834 3282 2890 hoc
3298 2844 3440 2892 esset
3467 2838 3718 2893 recedere

2169 2939 2201 2980 a
2229 2931 2408 2980 mente
2437 2923 2610 2979 sancti
2644 2921 2946 2987 Pontiﬁcis,
2981 2924 3072 2994 qui
3121 2940 3231 2979 non
3273 2926 3328 2980 in
3351 2941 3459 2981 uno
3505 2927 3624 2982 loco
3662 2936 3717 2983 et

2168 3012 2420 3068 meritum
2467 3021 2521 3068 et
2547 3014 2924 3069 necessitatem
2953 3014 3215 3070 bonorum
3242 3029 3464 3086 operum
3495 3017 3714 3076 fatetur.

513 3103 733 3172 ruperit,
758 3100 882 3171 quid
924 3103 1191 3170 patietur?
1219 3103 1295 3157 De
1322 3105 1387 3158 iis
1412 3105 1569 3170 enim,
1598 3106 1687 3176 qui
1713 3107 1944 3178 είρίιιιηη
1965 3124 2067 3162 non
2093 3121 2136 3183 α
2170 3097 2309 3165 Quid
2339 3099 2498 3169 igitur
2523 3098 2795 3166 faciemus,
2816 3100 3054 3170 fratres?
3089 3111 3311 3159 sanctus
3352 3105 3426 3160 ait
3467 3107 3555 3162 ille
3594 3116 3718 3177 post

513 3199 864 3253 servaverunt,
912 3191 986 3246 ait
1027 3208 1042 3246 :
1104 3190 1302 3246 Vermis
1357 3208 1538 3246 eorum
1614 3210 1717 3248 non
1777 3196 2067 3268 exstingue-

516 3291 604 3335 tur
633 3283 697 3336 ".
731 3280 916 3350 Itaque
945 3281 1138 3350 fratres
1161 3283 1284 3346 mei,
1315 3283 1445 3337 alibi
1467 3283 1660 3339 scribit
1686 3284 1822 3357 (14),
1852 3288 2065 3342 omnino

515 3392 578 3429 ne
602 3375 921 3438 oacillemus,
945 3373 1034 3427 sed
1061 3385 1327 3444 sperantes
1353 3377 1726 3442 sustineamus,
1757 3387 1814 3431 ut
1847 3389 1898 3433 et
1926 3395 2067 3434 mero

514 3466 689 3521 cedem
737 3475 1086 3535 reportemus.
1121 3463 1324 3519 Fidelis
1371 3468 1510 3520 enim
1537 3477 1634 3533 est,
1673 3469 1764 3540 qui
1802 3469 2067 3541 pollicitus

512 3567 610 3623 est,
649 3573 704 3612 se
730 3557 1002 3628 unicuique
1031 3557 1406 3612 retributurum
1435 3575 1648 3627 operum
1678 3562 2063 3619 retributiones.

516 3647 576 3704 Si
605 3666 724 3720 ergo
754 3650 1026 3718 fecerimus
1071 3648 1338 3717 justitiam
1370 3666 1551 3704 coram
1595 3651 1727 3718 Deo,
1755 3654 1812 3708 in
1850 3670 2068 3725 regnum

513 3737 881 3810 ingrediemur,
908 3747 958 3792 et
984 3738 1294 3807 accipiemus
1321 3739 1714 3809 promissiones,
1766 3759 1895 3814 quas
1921 3763 1941 3797 ι
1971 3762 2069 3800 au-

513 3831 588 3885 ris
627 3847 732 3886 non
783 3829 1004 3896 audivit,
1030 3846 1121 3885 nec
1145 3831 1327 3887 oculus
1354 3830 1501 3896 vidit,
1528 3849 1744 3905 quisque
1764 3835 1819 3890 in
1849 3852 1939 3893 cor
1969 3837 2064 3894 ho-

513 3923 669 3977 minis
707 3939 812 3977 non
848 3923 1192 3978 ascenderunt
1219 3924 1285 3980 ²³.
1323 3943 1342 3978 s

583 4014 761 4071 Verba
805 4014 1010 4072 faciens
1048 4025 1271 4073 sanctus
1300 4016 1551 4076 Clemens
1580 4017 1648 4076 de
1683 4021 1874 4092 gratiis
1928 4039 2066 4094 quas

511 4113 724 4164 veteres
766 4107 1091 4178 patriarchae
1128 4109 1412 4165 consecuti
1461 4118 1610 4175 sunt,
1660 4121 1846 4184 aperte
1884 4101 2064 4185 docet,

511 4195 612 4252 bas
639 4211 831 4252 omnes
857 4195 1025 4252 Deum
1057 4197 1228 4269 gratis
1269 4199 1522 4270 largitum
1547 4200 1739 4268 fuisse,
1769 4213 1826 4260 et
1871 4205 2066 4262 borum

511 4289 750 4344 virorum
816 4289 1045 4354 meritis,
1103 4303 1168 4344 ac
1219 4290 1381 4347 bonis
1433 4293 1693 4363 operibus
1736 4295 1903 4352 tribui
1957 4314 2067 4355 non

513 4394 690 4448 posse.
725 4378 777 4433 Ii
802 4395 919 4450 ergo
952 4396 1148 4445 omnes,
1187 4381 1264 4434 ait
1284 4381 1372 4438 ille
1401 4382 1532 4456 (15),
1556 4385 1778 4455 gloriam
1807 4397 1858 4442 et
1878 4391 2068 4458 ampli-

2169 3191 2332 3246 allata
2353 3192 2603 3261 superius
2628 3192 2790 3247 verba
2814 3193 2863 3263 (l
2875 3193 2956 3263 7);
2983 3195 3302 3250 cessabimus
3359 3211 3390 3250 a
3420 3195 3567 3251 bonis
3599 3214 3717 3268 ope-

2167 3284 2334 3349 ribus,
2359 3293 2408 3338 et
2437 3283 2743 3339 charitatcm
2785 3271 3237 3355 derelinquemus?
3267 3285 3583 3359 Neutiquam
3623 3291 3718 3346 hoc

2167 3393 2201 3431 a
2228 3375 2374 3432 nobis
2403 3375 2519 3445 fieri
2541 3376 2809 3444 permittat
2839 3375 3126 3441 Dominus;
3161 3377 3250 3432 sed
3277 3393 3393 3432 cum
3447 3379 3717 3451 diligentia

2166 3476 2216 3523 et
2255 3467 2533 3522 alacritate
2573 3466 2874 3536 festinemus
2906 3483 3055 3522 omne
3092 3483 3219 3537 opus
3243 3468 3614 3538 'perﬁcere.....
3643 3474 3720 3526 vi-

2165 3558 2402 3620 deamus,
2433 3557 2570 3626 quod
2590 3557 2646 3610 in
2677 3556 2822 3612 bonis
2848 3558 3088 3628 Operibus
3115 3559 3291 3614 ornati
3315 3561 3510 3629 fuerint
3540 3578 3716 3617 omnes

2157 3650 2314 3721 justi.
2335 3649 2404 3704 Et
2425 3651 2533 3720 ipse
2551 3665 2672 3720 ergo
2695 3648 2973 3716 Dominus,
3002 3667 3120 3705 cum
3147 3668 3200 3707 se
3219 3653 3456 3722 operibus
3481 3653 3720 3710 decoras-

2165 3749 2263 3806 set,
2292 3741 2500 3811 gavisus
2539 3749 2640 3797 est.
2679 3739 2942 3796 Habentes
2977 3742 3154 3813 itaque
3181 3743 3275 3798 hoc
3305 3747 3591 3815 exemplar,
3615 3747 3718 3801 im-

2164 3831 2308 3901 pigre
2335 3829 2405 3884 ad
2425 3829 2743 3884 voluntatem
2767 3828 2881 3898 ejus
2913 3829 3257 3895 accedamus;
3280 3846 3347 3884 ea:
3379 3833 3502 3886 totis
3522 3833 3716 3887 viribus

2166 3921 2360 3976 nostris
2413 3932 2683 3990 operemur
2725 3931 2854 3987 opus
2895 3916 3135 3981 iustitiae.
3185 3917 3253 3973 Et
3278 3921 3466 3991 paucis
3497 3921 3720 3991 interje-

2163 4015 2289 4080 ctis,
2325 4013 2405 4071 sic
2431 4014 2705 4070 concludit
2735 4015 2848 4087 (18)
2875 4033 2888 4071 :
2917 4014 3133 4084 Oportet
3149 4031 3271 4086 ergo
3299 4031 3394 4070 nos
3422 4014 3490 4070 ad
3517 4015 3716 4071 bonum

2137 4105 2468 4163 faciendum
2506 4116 2743 4177 prompto
2771 4107 2946 4162 animo
2968 4123 3079 4162 esse
3104 4120 3122 4162 :
3153 4121 3218 4161 ea:
3236 4106 3332 4163 hoc
3372 4107 3509 4162 enim
3540 4107 3720 4162 omnia

2164 4207 2425 4253 constant.
2476 4196 2753 4254 Sufﬁciunt
2801 4199 2936 4265 haec,
2983 4208 3043 4255 ut
3084 4198 3338 4255 omnibus
3390 4198 3717 4266 innotescat,

2165 4293 2296 4364 quid
2324 4299 2546 4347 sanctus
2577 4291 2827 4350 Clemens
2852 4293 3086 4349 senserit
3118 4293 3187 4348 de
3229 4292 3424 4349 merito
3451 4298 3506 4348 et
3527 4306 3720 4347 neces-

2168 4385 2331 4440 sitate
2368 4384 2634 4439 bonorum
2679 4398 2928 4455 operum.
2974 4385 3246 4441 Caeterum
3292 4385 3514 4455 quando
3558 4384 3717 4452 dicit,

515 4471 745 4525 tudinem
772 4474 1033 4527 consecuti
1061 4483 1202 4539 sunt,
1234 4490 1337 4529 non
1367 4489 1458 4544 per
1487 4493 1541 4530 se
1582 4477 1744 4547 ipsos,
1776 4489 1870 4534 aut
1911 4497 2066 4550 opera
2096 4468 2139 4523 D
2167 4492 2269 4533 nos
2298 4491 2393 4547 per
2416 4477 2558 4531 bona
2585 4491 2750 4546 opera
2789 4492 2896 4532 non
2943 4478 3129 4533 venire
3156 4477 3223 4532 ad
3246 4476 3716 4547 justiﬁeationem,

511 4578 632 4624 sua,
663 4571 755 4616 aut
772 4563 949 4632 justas
978 4566 1227 4629 actiones,
1266 4583 1396 4636 quas
1420 4567 1672 4634 fecerunt,
1709 4571 1797 4624 sed
1838 4587 1930 4640 per
1972 4591 2064 4628 vo-

514 4652 766 4706 luntatem
811 4653 944 4722 ejus.
993 4655 1074 4709 Ex
1119 4657 1319 4727 quibus
1368 4660 1667 4728 praemissis
1717 4661 1857 4719 hanc
1901 4663 2066 4722 infert

513 4746 810 4800 illationem
857 4745 970 4817 (ιε)
1000 4764 1014 4800 :
1067 4745 1135 4801 Et
1165 4765 1259 4802 nos
1290 4750 1454 4819 igitur
1489 4765 1554 4805 ex
1588 4752 1853 4809 voluntate
1897 4756 2064 4827 illius,

513 4838 633 4892 scil.
668 4836 784 4898 Dei,
803 4837 856 4890 in
877 4836 1084 4892 Christo
1108 4837 1234 4892 Iesu
1260 4842 1450 4905 uocati,
1483 4858 1585 4897 non
1613 4858 1703 4912 per
1723 4848 2062 4916 nosmetipsos

506 4927 640 4997 justi
689 4928 968 4998 efﬁcimur;
1008 4945 1166 4999 neque
1193 4945 1282 4998 per
1306 4933 1620 5000 sapientiam
1668 4944 1922 5002 nostram,
1971 4948 2062 4993 aut

512 5019 926 5089 intelligentiam,
955 5027 1046 5072 aut
1071 5019 1332 5085 pietatem,
1379 5031 1472 5075 aut
1504 5037 1680 5090 opera,
1726 5041 1840 5095 qua:
1869 5027 1921 5080 in
1946 5044 2065 5082 cor-

512 5109 593 5164 dis
637 5112 915 5165 sanctitate
957 5111 1158 5179 operati
1211 5127 1422 5178 sumus;
1467 5113 1558 5168 sed
1608 5131 1699 5184 per
1745 5115 1926 5185 ﬁdem,
1972 5135 2064 5190 per

2167 4569 2223 4624 id
2253 4570 2414 4624 unice
2442 4568 2698 4633 intendit,
2725 4568 2869 4625 bona
2911 4568 3126 4639 pietatis
3161 4582 3327 4638 opera
3371 4569 3425 4623 in
3477 4583 3536 4624 se
3581 4568 3721 4639 ipsis

2164 4669 2412 4731 accepta,
2443 4667 2497 4716 et
2527 4659 2650 4716 ﬁdei
2691 4661 2885 4731 spiritu
2915 4658 3201 4724 destituta,
3250 4660 3414 4716 sicuti
3463 4663 3719 4730 superius

2165 4749 2422 4815 diximus,
2471 4751 2686 4820 operari
2712 4766 2820 4805 non
2869 4765 3028 4820 posse
3074 4761 3316 4807 nostram
3365 4751 3718 4822 iustiﬁcatio-

2163 4857 2311 4907 nem,
2348 4851 2403 4898 et
2433 4857 2498 4898 ex
2543 4843 2659 4897 sola
2707 4841 2831 4906 ﬁde,
2861 4857 2970 4912 qua
3013 4856 3177 4912 opera
3221 4850 3408 4898 nostra
3439 4844 3720 4900 viviﬁcan-

2170 4941 2280 4994 tur.
2331 4933 2580 4989 effectum
2626 4932 2770 4987 hunc
2819 4948 2982 5003 posse
3019 4933 3342 5004 exspectari.
3397 4935 3510 4991 lloc
3558 4945 3722 5007 pacto

2169 5035 2389 5081 sanctus
2434 5023 2680 5080 Pontifex
2707 5023 2839 5079 satis
2876 5039 3143 5096 superque
3186 5027 3501 5098 comprobat
3540 5031 3724 5086 excel-

2169 5118 2416 5174 lentiam.
2447 5125 2502 5172 et
2529 5116 2821 5172 efﬁcaciam
2846 5115 2969 5172 ﬁdei
2993 5115 3337 5173 Christianae.

582 5263 627 5294 ί·
658 5261 784 5318 lsai.
836 5279 982 5321 Lm.
1029 5264 1122 5320 24.
1197 5265 1242 5297 ⁸⁸
1270 5263 1394 5321 lsai.
1428 5282 1575 5336 unt,
1628 5269 1684 5339 4;
1714 5270 1823 5332 etil
1853 5272 1980 5331 Cor.
2003 5276 2088 5344 In,
2135 5275 2192 5333 9.

732 5440 902 5517 Clem.
931 5442 1112 5510 Rom.,
1141 5445 1301 5516 epist.
1333 5443 1388 5512 2,
1420 5461 1540 5517 cap.
1564 5449 1615 5504 4.

586 5512 694 5583 (10)
735 5512 901 5583 idem,
923 5530 1009 5583 ep.
1044 5517 1094 5578 1,
1123 5512 1241 5583 cap.
1267 5517 1357 5574 49.

587 5581 695 5655 ll!)
737 5582 900 5655 [dem
927 5581 1077 5655 ibid,
1104 5581 1224 5655 cap.
1253 5587 1304 5641 7.

614 5650 694 5711 12)
739 5651 904 5720 Epist.
937 5653 990 5714 2,
1019 5669 1137 5720 cap.
1173 5650 1225 5709 ’1.

614 5720 696 5783 l3)
737 5721 893 5785 lbid.,
924 5738 1040 5790 cap.
1079 5720 1111 5777 6
1137 5732 1187 5779 et
1222 5726 1270 5779 7.

2238 5455 2348 5526 (14)
2387 5454 2556 5526 Epist.
2579 5457 2634 5516 2.
2666 5470 2785 5525 cap.
2815 5459 2895 5512 11.

2237 5525 2350 5596 (15)
2387 5525 2558 5596 Epist.
2585 5527 2636 5590 1,
2661 5542 2780 5596 cap.
2806 5530 2895 5582 52.

2237 5595 2349 5666 μδ)
2389 5595 2521 5666 ibid-

2239 5663 2350 5735 (l'l)
2389 5663 2546 5726 lbid.,
2577 5679 2696 5735 cap.
2721 5667 2809 5720 37».

2237 5735 2349 5805 (18)
2390 5735 2549 5791 lbid..
2578 5751 2697 5807 cap.
2732 5737 2817 5791 54.
