4074 6286
234 356 331 415 tos

681 473 711 547 δ
751 477 839 532 lll.
883 474 958 530 De
1001 478 1396 532 resurrectione.

309 564 648 626 Resurrectio
680 573 878 627 carnis.
907 601 976 610 —
999 570 1073 626 De
1100 571 1499 628 resurrectione
1530 588 1822 643 corporum

253 663 522 733 expressis
572 665 830 720 terminis
881 663 1127 734 loquitur
1172 671 1396 718 sanctus
1432 663 1706 720 Clemens.
1755 662 1826 718 Ut

260 755 526 823 possimus
567 755 732 810 facile
770 755 985 809 veritati
1016 752 1145 806 huic
1166 753 1323 808 ﬁdem
1349 761 1629 824 praestare,
1655 753 1827 807 utitur

260 855 472 901 sanctus
528 848 620 901 hic
677 847 925 917 pontifex
965 848 1020 901 in
1063 848 1292 914 epistola
1338 848 1512 918 prima
1547 845 1825 915 aliquibus

264 943 737 1007 similitudinibus,
778 958 900 1013 qua:
948 941 1185 996 humiles
1215 949 1361 1004 sunt,
1390 949 1443 994 et
1476 941 1656 994 minus
1689 939 1829 1008 peri-

262 1043 430 1110 torum
462 1041 688 1103 captum
734 1049 844 1088 non
889 1041 1169 1102 superant.
1213 1030 1396 1085 Primo
1428 1029 1482 1084 id
1526 1029 1721 1099 probat
1759 1045 1826 1083 ex

261 1126 369 1196 ipsa
392 1127 800 1181 resurrectione
826 1123 1145 1189 Salvatoris,
1176 1139 1240 1178 ac
1261 1124 1393 1178 dicit
1421 1121 1607 1177 Jesum
1660 1122 1826 1176 Chri-

260 1224 396 1272 stum
415 1219 730 1274 ostendisse
759 1218 916 1274 nobis
942 1219 994 1272 in
1016 1233 1113 1272 sua
1137 1217 1540 1272 resurrectione
1561 1215 1828 1285 primitias

259 1311 684 1367 resurrectionis
730 1318 954 1366 nostra.
994 1310 1249 1364 Secundo
1297 1309 1494 1378 probat
1521 1309 1626 1362 hoc
1663 1309 1826 1363 ducta

257 1406 489 1475 paritate
520 1421 550 1459 a
586 1412 752 1460 nocte
781 1411 835 1458 et
864 1403 954 1458 die
982 1402 1088 1459 sibi
1127 1402 1361 1456 invicem
1405 1402 1828 1458 succedentibus

259 1495 400 1567 (l9);
433 1498 597 1552 tertio
625 1512 688 1551 ex
723 1495 1044 1566 quotidiana
1072 1495 1429 1564 experientia,
1470 1510 1575 1565 qua
1607 1494 1829 1564 conspi—

256 1589 433 1642 cimus
464 1587 640 1651 arida,
674 1597 729 1641 et
758 1585 902 1640 nuda
940 1586 1148 1661 semina
1178 1585 1234 1639 in
1264 1591 1466 1640 terram
1497 1586 1666 1654 jacta,
1712 1599 1828 1638 ma-

254 1695 358 1750 gna
385 1679 744 1750 providentia:
771 1677 989 1733 Domini
1016 1679 1218 1732 virtute
1247 1692 1565 1746 exsurgere,
1609 1690 1674 1729 ac
1713 1675 1830 1730 fru-

252 1777 401 1823 ctum
431 1768 696 1839 proferre.

324 1858 601 1912 Fabulasa
630 1859 854 1912 historia
888 1856 1442 1924 pluenicis.——Quarto
1465 1871 1530 1910 ex
1577 1855 1826 1912 fabulosa

255 1949 486 2003 historia
521 1949 794 2018 pboenicis
824 1947 957 2018 (20).
978 1947 1036 2000 ln
1053 1946 1587 2011 orientalibuslocis,
1616 1948 1826 2002 scilicet

256 2043 308 2096 in
332 2042 749 2103 Arabia,tradit
769 2049 992 2096 sanctus
1023 2040 1296 2104 Clemens,
1317 2048 1401 2096 est
1420 2042 1536 2096 avis
1559 2041 1685 2104 ista,
1707 2056 1827 2110 quae

256 2141 481 2185 vocatur
499 2132 749 2201 pbmnix,
782 2148 902 2202 quae
925 2131 1220 2201 singularis
1249 2139 1303 2186 et
1331 2132 1564 2202 unigena
1586 2133 1827 2188 existens

255 2240 427 2278 annos
447 2225 579 2278 vivit
606 2225 955 2295 quingentos.
982 2224 1117 2279 Cum
1140 2225 1250 2294 jam
1280 2233 1455 2279 morte
1484 2225 1827 2282 dissolvenda

255 2325 354 2380 est,
384 2318 632 2372 iaculum
681 2317 782 2372 sibi
814 2317 1036 2371 coniicit
1078 2334 1108 2372 e
1137 2319 1317 2382 thure,
1363 2319 1584 2389 myrrha
1617 2326 1670 2373 et
1702 2319 1830 2373 reli-

255 2411 376 2479 quis
400 2410 762 2469 aromatibus,
793 2426 954 2480 quem
988 2411 1227 2464 loculum
1276 2412 1545 2480 completo
1586 2418 1829 2481 tempore

258 2501 560 2572 ingreditur
591 2508 645 2555 et
669 2501 805 2556 obit.
835 2500 911 2553 Ex
945 2516 1112 2556 carne
1155 2503 1273 2571 ejus
1299 2501 1599 2571 putrefacta
1627 2503 1828 2558 vermis

259 2595 503 2649 nascitur
528 2593 775 2663 quidam,
808 2593 903 2663 qui
933 2593 1188 2648 animalis
1211 2593 1460 2649 defuncti
1482 2593 1711 2648 humore
1734 2611 1830 2648 nu-

255 2689 420 2742 tritus
440 2687 759 2756 plumescit,
791 2694 845 2740 et
867 2686 970 2739 alia
997 2685 1223 2756 phoenix
1255 2687 1498 2740 omnium
1535 2687 1707 2742 oculis
1729 2703 1827 2758 ap-

258 2789 433 2852 paret.
493 2778 800 2834 Nonnullas
843 2779 978 2831 alias
1009 2778 1178 2833 miras
1207 2779 1652 2833 circumstantias
1686 2779 1829 2832 reci-

257 2877 336 2924 tat
364 2869 434 2924 de
463 2869 716 2938 phoenice
753 2874 980 2922 sanctus
1000 2864 1272 2931 Clemens,
1297 2882 1418 2937 qua:
1454 2866 1618 2920 sicuti
1670 2866 1830 2920 modo

257 2965 438 3017 allata:
485 2962 872 3016 commentitiae
933 2967 1081 3014 sunt.
1143 2958 1354 3014 Erravit
1383 2973 1513 3029 ergo
1557 2957 1825 3022 Pontifex,

255 3057 387 3112 dum
445 3055 758 3124 hujusmodi
803 3053 1047 3108 historia:
1089 3055 1301 3123 plenam
1349 3053 1507 3106 iidem
1547 3051 1824 3117 adhibuit;

255 3157 520 3203 caeterum
548 3147 754 3202 erravit
783 3162 907 3199 eum
951 3146 1229 3216 plerisque
1281 3143 1701 3214 spectatissimis
1731 3158 1829 3196 au-

257 3237 506 3292 ctoribus
525 3237 774 3300 vetustis,
793 3235 1282 3305 Cbristianiszeque
1301 3250 1363 3288 ac
1390 3233 1682 3303 gentilibus
1697 3233 1829 3306 (21).

327 3327 535 3394 Quinto
579 3326 797 3381 tandem
839 3332 1060 3380 sanctus
1094 3323 1344 3378 Pontifex
1369 3322 1561 3392 probat
1590 3336 1836 3377 resurre-

259 3423 493 3477 ctionem
529 3429 866 3474 mortuorum
905 3419 973 3473 iis
1011 3417 1305 3487 Scriptura:
1353 3415 1508 3480 locis,
1543 3415 1598 3468 in
1636 3415 1834 3484 quibus

259 3527 442 3569 anno
465 3519 554 3567 est
581 3512 648 3567 de
677 3511 780 3564 hac
803 3511 1046 3572 veritate,
1079 3510 1256 3578 iisque
1278 3509 1448 3561 utitur
1471 3507 1748 3575 aptissime
1767 3504 1834 3558 ad

259 3607 418 3662 tidem
448 3613 504 3660 et
531 3619 683 3674 spem
711 3618 873 3672 super
909 3602 1058 3656 hunc
1092 3601 1380 3655 articulum
1412 3600 1466 3652 in
1505 3599 1661 3654 nobis
1689 3597 1836 3651 exci-

258 3698 509 3751 tandum.
530 3695 690 3760 Deus,
711 3695 801 3765 qui
824 3711 885 3748 ne
903 3693 1214 3746 mentiamur
1233 3693 1496 3760 prwcepit,
1522 3692 1734 3761 egregie
1757 3693 1834 3744 ait

261 3791 350 3845 ille
374 3789 517 3860 (22),
543 3788 706 3842 multo
735 3788 904 3856 magis
926 3802 1030 3839 non
1056 3785 1322 3838 mentitur.
1347 3782 1495 3837 Nihil
1524 3784 1706 3852 quippe
1729 3782 1836 3837 Deo

260 3882 606 3949 impossibile,
634 3888 982 3950 prwterquam
1016 3877 1245 3931 mentiri.
1279 3875 1643 3930 Exsuscitetur
1663 3877 1838 3945 itaque

261 3972 314 4022 in
343 3970 496 4024 nobis
522 3968 653 4038 fides
675 3969 810 4036 ejus,
836 3967 1116 4023 concludit
1137 3967 1274 4037 ipse,
1304 3975 1353 4020 et
1383 3968 1664 4037 cogitemus
1702 3966 1838 4036 quod

260 4065 439 4116 omnia
468 4063 570 4130 ipsi
615 4062 901 4131 propinqua
948 4068 1074 4117 sint.
1123 4058 1190 4112 In
1235 4059 1387 4113 verba
1438 4059 1839 4130 magniﬁcentiae

261 4169 370 4206 suta
393 4151 669 4206 constituit
702 4151 898 4216 omnia,
933 4158 982 4203 et
1016 4151 1070 4203 in
1103 4149 1251 4203 verbo
1276 4157 1442 4217 potest
1470 4151 1567 4203 illa
1595 4161 1836 4205 evertere.

261 4243 395 4297 Cum
424 4243 615 4306 voluit,
653 4250 806 4310 atque
848 4250 907 4294 ut
956 4241 1140 4303 uoluit,
1179 4241 1355 4294 omnia
1402 4239 1631 4294 condidit
1679 4239 1836 4310 (2'5):

264 4350 422 4402 neque
448 4333 737 4403 quidquam
775 4332 839 4384 ab
865 4349 923 4386 eo
951 4332 1210 4386 decretum
1238 4333 1520 4400 prwtcribit
1549 4346 1567 4385 :
1599 4332 1840 4386 universa

263 4442 444 4478 coram
477 4427 592 4492 ipso
630 4434 770 4487 sunt,
814 4424 1042 4494 nihilque
1080 4424 1355 4477 consilium
1401 4425 1513 4492 ejus
1551 4423 1695 4480 latet.
1727 4423 1841 4478 llac

1481 359 1819 417 ΡΙιοαεΜιΑ
1856 361 2235 422 VAﬂlORUM.

1848 484 1893 540 Α
1920 483 2088 537 altera
2117 500 2247 541 vero
2276 486 2620 556 omnipotens
2649 495 2753 553 est,
2777 495 2835 543 ut
2865 504 2986 560 qua:
3031 493 3299 561 promisit,
3326 493 3506 551 adim-

3400 373 3502 428 166

1924 575 2068 644 pleat
2096 595 2110 632 :
2143 594 2275 649 ergo
2300 580 2504 650 absque
2554 581 2664 634 ulla
2708 587 3079 640 controversia
3125 601 3354 655 corpora
3402 605 3505 644 no-

1925 675 2038 722 stra
2081 681 2385 742 resurgent.
2436 671 2831 745 Argumentum
2882 676 3006 740 hoc,
3054 677 3230 732 dicam
3282 680 3502 749 iterum,

1924 762 2190 832 cujusque
2214 764 2478 819 increduli
2515 768 2878 835 pervicaciam
2907 778 3200 839 expugnat.

1997 853 2062 908 In
2073 858 2285 925 propria
2298 874 2453 911 carne
2467 861 2658 912 mortui
2674 861 3094 930 resurgent.—In
3112 864 3348 918 secunda
3367 881 3504 920 vero

1923 946 2036 1018 (24)
2067 947 2293 1017 epistola
2317 961 2574 1016 expresse
2597 951 2813 1013 asserit,
2847 950 2989 1019 quod
3022 951 3076 1004 in
3099 954 3316 1022 prapria
3341 970 3506 1010 carne

1929 1047 2114 1093 nostra
2141 1055 2507 1110 resurgemus,
2527 1044 2748 1111 proprio
2771 1052 2959 1097 nostro
2981 1059 3209 1113 corpore
3236 1047 3504 1102 bonorum

1924 1143 2154 1199 aperum
2183 1131 2484 1185 mercedem
2510 1133 2853 1202 recipiemus.
2884 1133 2996 1187 Nos
3029 1136 3083 1187 in
3112 1136 3210 1189 hac
3239 1154 3416 1203 carne,
3447 1141 3507 1193 ὲν

1924 1219 2096 1289 ταύτῃ
2138 1221 2204 1290 τῇ
2249 1220 2440 1291 σαρκί,
2472 1221 2756 1275 mercedem
2805 1223 3129 1291 recipiemus.
3186 1223 3408 1278 Summa
3450 1226 3506 1280 in

1925 1327 2094 1382 parvo
2124 1311 2226 1364 hoc
2265 1319 2411 1366 textu
2444 1313 2691 1382 przecisio
2721 1315 3014 1382 reperitur,
3053 1322 3108 1369 et
3157 1316 3289 1369 nulli
3335 1317 3498 1388 tergi-

1928 1400 2222 1456 vcrsationi
2256 1401 2410 1456 locus
2450 1410 2715 1459 remanet.

2235 1490 2262 1562 §
2300 1491 2388 1550 lV.
2421 1492 2499 1545 De
2529 1492 2821 1546 hierarchia
2847 1494 3221 1548 ecclesiastica.

1997 1581 2238 1636 Plurima
2259 1582 2402 1636 haud
2430 1583 2564 1638 levis
2587 1585 3286 1641 momentitraditvetustus
3302 1586 3389 1640 hic
3403 1585 3508 1640 Pa-

1927 1677 2166 1731 tercirca
2188 1676 2618 1730 ecclesiasticum
2645 1677 2912 1731 ordinem.
2971 1677 3152 1733 Primo
3181 1681 3296 1732 vult
3323 1680 3508 1735 omnia

1931 1767 1985 1821 in
2016 1767 2257 1823 Ecclesia
2309 1767 2558 1822 ordinate
2607 1768 2743 1822 ﬁeri.
2778 1766 3001 1832 Cuncta,
3043 1770 3220 1838 inquit
3253 1770 3340 1824 ille
3370 1770 3507 1840 (25),

1928 1860 2110 1914 ordine
2144 1859 2387 1913 debemus
2411 1860 2603 1929 facere,
2638 1876 2753 1928 quia
2787 1877 2880 1913 nos
2917 1859 3173 1914 Dominus
3196 1860 3360 1928 jussit
3389 1880 3508 1931 per—

1927 1967 2120 2021 agere:
2152 1953 2365 2005 statutis
2407 1952 2724 2020 temporibus
2757 1952 3044 2006 oblationes
3087 1961 3135 2005 et
3180 1955 3345 2021 ofﬁcia
3392 1969 3504 2020 per-

1928 2045 2037 2112 ﬁci,
2083 2061 2243 2114 neque
2292 2053 2477 2097 temere
2507 2043 2584 2097 vel
2617 2043 2915 2097 inordinate
2964 2045 3080 2112 ﬁeri
3131 2046 3394 2113 prwcepit,
3419 2046 3510 2100 sed

1926 2138 2204 2205 prwﬁnitis
2234 2135 2550 2205 temporibus
2579 2144 2628 2188 et
2654 2134 2796 2188 horis
2821 2151 2837 2188 :
2861 2135 2949 2188 ubi
2975 2136 3132 2189 etiam
3167 2145 3217 2189 et
3261 2154 3292 2188 a
3323 2136 3510 2206 quibus

1928 2227 2180 2281 celebrari
2207 2228 2335 2292 uult,
2369 2229 2478 2297 ipse
2519 2243 2616 2280 sua
2645 2225 3086 2280 excellentissima
3116 2227 3383 2281 uoluntate
3419 2227 3513 2281 de—

1929 2320 2118 2389 ﬁnivit,
2147 2329 2204 2372 ut
2236 2337 2362 2388 pure
2389 2329 2438 2374 et
2481 2329 2656 2374 sancte
2703 2335 2880 2372 omnia
2909 2319 3052 2387 facta
3081 2321 3136 2375 in
3167 2320 3508 2388 beneplacito,

1929 2421 2139 2480 accepta
2181 2422 2352 2466 essent
2391 2414 2649 2467 uoluntati
2691 2413 2828 2482 ejus.
2875 2413 3099 2482 Semper
3125 2414 3291 2484 igitur
3323 2413 3376 2466 in
3409 2413 3512 2466 Ec.-

1928 2503 2091 2557 clesia
2146 2519 2244 2572 pro
2294 2492 2660 2558 celebratione
2712 2505 2882 2559 divini
2927 2503 3184 2558 sacriﬁcii
3238 2505 3512 2574 assignata

1929 2592 2153 2649 fuerunt
2183 2594 2322 2657 loca,
2351 2603 2596 2664 tempora
2628 2612 2691 2651 ac
2721 2612 2985 2666 personae.

2000 2684 2172 2756 Magis
2201 2693 2380 2740 autem
2423 2687 2612 2754 instat,
2652 2689 2829 2757 quoad
2859 2688 3282 2743 ecclesiasticam
3316 2686 3516 2742 subor-

1929 2774 2261 2830 dinationem
2287 2793 2301 2828 :
2336 2774 2551 2829 Summo
2581 2776 2780 2846 quippe
2806 2776 3087 2839 sacerdoti,
3131 2778 3205 2829 ait
3253 2776 3342 2830 ille
3372 2776 3511 2846 (26),

1929 2884 2027 2921 sua
2056 2869 2238 2920 munia
2286 2867 2485 2920 tributa
2530 2877 2673 2932 sunt,
2723 2877 2771 2921 et
2819 2867 3174 2921 sacerdotibus
3209 2867 3348 2920 locus
3387 2882 3513 2935 pro-

1927 2961 2073 3028 prius
2101 2959 2403 3029 assignatus
2431 2967 2529 3022 est,
2562 2967 2610 3012 et
2645 2959 2809 3013 lenitis
2860 2977 2957 3012 sua
2991 2959 3280 3011 ministeria
3307 2961 3510 3010 incum-

1921 3055 2091 3115 bunt;
2118 3051 2270 3105 homo
2302 3051 2488 3117 laicus,
2512 3051 2693 3114 λαῖκὸς
2725 3051 3027 3122 ἄνθρωπος,
3060 3049 3330 3117 ργαέερεὶε
3362 3049 3512 3103 laicis

1934 3143 2329 3212 constringitur.
2360 3141 2437 3196 Ex
2467 3143 2668 3213 quibus
2714 3142 2988 3196 concludit
3027 3141 3138 3212 (27)
3168 3159 3181 3194 :
3221 3139 3515 3209 Unusquis-

1933 3251 2030 3305 que
2058 3242 2306 3298 vestrum,
2335 3233 2552 3302 fratres,
2576 3235 2630 3286 in
2654 3243 2797 3286 statu
2822 3250 2916 3287 suo
2943 3235 3143 3303 gratias
3170 3231 3276 3286 Deo
3299 3231 3511 3296 habeat,

1933 3326 1989 3380 in
2021 3325 2156 3380 bona
2185 3327 2504 3382 conscientia
2542 3327 2751 3395 degens,
2785 3342 2887 3378 non
2938 3324 3324 3395 transgrediens
3375 3340 3514 3390 pra:-

1934 3417 2185 3486 scriptam
2219 3418 2449 3470 muneris
2475 3417 2557 3470 sui
2581 3415 2834 3485 regulam,
2864 3417 2917 3468 in
2949 3415 3232 3469 honestate.
3259 3413 3514 3468 Conside-

1937 3526 2107 3564 remus
2150 3526 2259 3572 eos,
2308 3507 2468 3560 habet
2513 3505 2630 3575 ipse
2674 3505 2805 3558 alibi
2845 3503 2980 3574 (28).
3012 3503 3100 3574 qui
3164 3501 3256 3555 sub
3294 3501 3514 3558 ducibus

1935 3602 2130 3657 nostris
2175 3607 2393 3663 ruerent,
2425 3614 2584 3668 quam
2622 3596 2884 3660 ordinate,
2907 3613 3064 3665 quam
3095 3604 3323 3656 strenue,
3355 3609 3513 3663 quant

1935 3694 2191 3750 submisse
2214 3693 2473 3762 imperata
2497 3696 2865 3759 exsequantur.
2893 3685 3015 3740 Non
3035 3702 3211 3740 omnes
3231 3694 3350 3738 sunt
3377 3700 3517 3753 pra:-

1936 3787 2078 3856 fecti,
2106 3801 2265 3855 neque
2313 3782 2529 3845 tribuni,
2579 3795 2738 3850 neque
2779 3778 3126 3842 centuriones,
3151 3793 3312 3846 neque
3357 3777 3515 3845 quin-

1936 3881 2188 3952 quaginta
2215 3877 2444 3932 militum
2464 3875 2718 3946 prtefecti,
2758 3889 2918 3943 neque
2947 3871 3365 3940 consequentium
3388 3885 3514 3938 gra-

1937 3972 2133 4034 duum;
2167 3968 2255 4024 sed
2286 3969 2636 4038 unusquisque
2680 3966 2734 4018 in
2768 3980 2862 4018 suo
2898 3962 3078 4016 ordine
3115 3962 3178 4015 ab
3204 3962 3515 4029 imperatore

1937 4073 1986 4118 et
2009 4061 2229 4116 ducibus
2257 4057 2513 4114 mandata
2545 4057 2766 4127 peragit.
2810 4053 2949 4108 Hinc
2981 4053 3305 4122 conjicimus
3334 4051 3514 4122 qualis

1938 4162 2084 4211 esset
2112 4152 2302 4224 primis
2348 4151 2604 4206 Ecclesia:
2640 4147 2977 4217 temporibus
3012 4145 3412 4208 subordinatio,
3453 4144 3509 4199 in

1940 4244 2243 4300 ministerio
2296 4249 2349 4298 et
2405 4239 2793 4297 ecclesiasticis
2834 4237 3222 4306 dignitatibus;
3261 4233 3511 4304 episcopi

1939 4340 2148 4394 scilicet
2177 4336 2487 4393 eminebant
2523 4347 2685 4402 super
2732 4330 3008 4398 Simplices
3052 4327 3384 4390 sacerdotes,
3415 4341 3509 4381 sa-

1941 4428 2188 4482 cerdotes
2217 4440 2345 4481 vero
2391 4438 2554 4494 super
2581 4422 2862 4486 diaconos,
2900 4429 2954 4475 et
2992 4420 3289 4491 generatim
3319 4417 3508 4474 clerici

266 4516 746 4580 doctrina,veritas
801 4517 868 4570 de
894 4532 1001 4585 qua
1025 4516 1255 4586 agimus,
1284 4531 1400 4570 mea
1439 4517 1693 4586 opinione
1725 4517 1840 4571 evi-
1875 4543 1918 4597 Ι)
1943 4531 2105 4584 super
2133 4516 2325 4571 laicos.

268 4610 589 4664 dentissime
626 4610 974 4678 comprobata
1019 4617 1122 4664 cst.
1174 4609 1513 4679 lmpossibile
1557 4618 1640 4665 est
1680 4610 1842 4680 hujus

271 4702 575 4771 argumenti
603 4701 711 4754 vim
737 4717 842 4755 non
872 4702 1106 4767 sentire;
1138 4700 1278 4756 Deus
1308 4701 1363 4754 in
1391 4698 1690 4771 Scripturis
1727 4705 1843 4758 suis

272 4809 561 4863 corporum
596 4794 1051 4849 resurrectionem
1081 4793 1341 4862 spondet;
1375 4792 1470 4848 sed
1512 4793 1654 4849 Deus
1692 4811 1844 4850 men-

273 4886 362 4940 tiri
391 4886 603 4956 nequit,
635 4887 760 4956 quia
796 4886 912 4955 ipse
941 4884 1154 4940 Veritas
1191 4891 1277 4939 est
1313 4900 1378 4939 ex
1409 4900 1515 4940 una
1543 4893 1737 4955 parte;
1777 4902 1844 4943 ex

347 5079 455 5152 (19)
497 5079 620 5134 Dies
649 5088 698 5132 et
719 5079 1008 5152 nonnobis
1055 5077 1488 5152 resurrectionem
1515 5075 1839 5152 declarant:

279 5147 600 5206 cubat'nox?
634 5150 868 5218 exsurgit
895 5149 1042 5209 dies;
1070 5147 1178 5200 dies
1204 5148 1356 5202 abit?
1382 5163 1483 5218 nos:
1505 5147 1734 5218 advenit.
1751 5149 1840 5202 Vi-

277 5221 488 5274 deamus
517 5221 691 5291 fruges
714 5234 733 5291 ξ
759 5217 1038 5273 seminatio
1065 5219 1218 5291 grani
1250 5217 1505 5291 quomodo
1530 5218 1644 5291 ﬁat.
1691 5217 1839 5271 Exiit

281 5287 579 5355 seminator,
608 5287 675 5344 vel
707 5290 836 5358 jecit
880 5305 1049 5342 semen
1088 5289 1140 5358 in
1198 5300 1411 5358 terram,
1449 5287 1713 5357 jactisque
1760 5305 1841 5343 se-

283 5362 520 5431 minibus,
556 5378 672 5431 qua:
712 5357 883 5431 arida
918 5371 967 5412 et
1014 5357 1156 5431 nuda
1196 5357 1489 5431 ceciderunt
1525 5359 1577 5409 in
1621 5369 1838 5431 terram,

281 5428 664 5494 dissolvuntur;
703 5429 887 5483 deinde
909 5447 971 5483 ea
1006 5444 1072 5482 ex
1093 5429 1459 5488 dissolutione,
1493 5444 1687 5497 magna
1730 5428 1840 5482 Do-

285 5504 403 5556 mini
427 5502 771 5572 prouidentia:
800 5509 1026 5566 potestas
1078 5500 1394 5572 resuscitgt;
1444 5508 1597 5572 atque
1635 5513 1698 5551 ex
1736 5516 1841 5572 uno

281 5567 495 5640 fructum
527 5571 776 5642 pluribus
815 5580 1024 5642 auctum
1050 5569 1267 5638 profert.
1302 5567 1473 5638 Epist.
1502 5567 1554 5632 1,
1585 5583 1708 5638 cap.
1748 5570 1838 5625 24.

341 5644 450 5708 420)
486 5640 654 5704 lhid.,
684 5655 811 5708 cap.
844 5640 932 5694 25.

362 5653 429 5699 20
486 5653 654 5704 lbid.,
684 5655 811 5708 cap.
844 5653 932 5694 25.

357 5653 450 5785 2i;
486 5715 826 5785 Tillem‘ont,
872 5717 1000 5764 tom.
1022 5709 1114 5785 ll,_
1138 5708 1414 5785 Hémoires
1441 5709 1768 5785 pourserpir
1809 5709 1842 5762 ὰ

270 5779 538 5844 l‘liistaire
577 5782 756 5840 ecclés
794 5819 810 5845 ,
849 5795 965 5852 pag.
1017 5781 1136 5844 117,
1182 5781 1457 5844 observat,
1488 5779 1543 5834 S.
1579 5780 1838 5851 Cyrillum

2013 4607 2200 4662 Missio
2230 4606 2586 4674 apostolorum
2615 4615 2663 4660 et
2685 4605 3063 4674 episcoporum,
3095 4604 3183 4675 qui
3209 4604 3261 4658 in
3280 4605 3511 4674 {illorum

1943 4701 2114 4754 locum
2138 4700 2343 4768 διεπίεσιὶ
2369 4707 2508 4752 sunt.
2537 4729 2607 4738 —
2631 4697 2895 4764 Quoniam
2926 4697 2991 4751 de
3025 4697 3395 4752 ecclesiastico
3418 4713 3511 4750 or-

1942 4791 2068 4845 dine
2113 4790 2405 4858 loquimur,
2460 4788 2513 4842 id
2561 4789 2615 4842 in
2666 4789 2900 4843 medium
2945 4788 3137 4844 afferre
3183 4804 3505 4860 possumus,

1942 4881 2087 4950 quod
2116 4880 2273 4935 docet
2316 4887 2546 4935 sanctus
2572 4880 2822 4936 Clemens
2850 4880 2996 4934 circa
3029 4879 3341 4934 missionem
3372 4894 3507 4947 apo-

1943 5078 2496 5151 llierasolymitanum
2543 5080 2687 5136 inter
2728 5088 2953 5136 caeteros
2993 5079 3096 5151 hoc
3145 5091 3304 5151 usum
3337 5075 3508 5151 fuisse

1943 5151 2052 5204 divi
2074 5146 2368 5207 Clementis
2403 5152 2556 5217 loco;
2588 5151 2795 5221 absque
2823 5166 2909 5212 eo,
2943 5149 3086 5221 quod
3123 5149 3285 5221 illpm
3301 5146 3508 5221 erroris

1944 5223 2222 5276 insimulet
2251 5239 2262 5274 :
2289 5223 2433 5290 quod
2471 5216 2689 5290 quidem
2708 5216 2928 5291 peregit
2957 5216 3008 5271 in
3043 5234 3140 5273 sua
3168 5216 3388 5272 Cathes.
3418 5217 3506 5272 18.

2036 5292 2126 5356 22)
2161 5291 2332 5359 Epist.
2367 5292 2391 5345 1
2430 5290 2823 5360 Clement.cap.
2854 5290 2941 5343 27.

2034 5363 2124 5423 25)
2155 5357 2376 5427 Quando
2408 5363 2514 5415 vult
2541 5370 2590 5416 et
2614 5357 2864 5426 quomodo
2892 5359 3018 5422 vult,
3050 5357 3226 5412 omnia
3254 5357 3431 5426 faciet.

2014 5432 2127 5567 (24)
2163 5432 2331 5500 Epist.
2359 5432 2413 5494 2,
2441 5447 2560 5500 cap.
2591 5431 2645 5484 9.

2016 5503 2106 5567 (25
2159 5501 2329 5567 Epist.
2363 5504 2414 5565 1,
2441 5517 2560 5567 cap.
2587 5501 2645 5554 40

2016 5501 2127 5570 (25)
2159 5501 2329 5569 Epist.
2363 5504 2414 5565 1,
2441 5517 2560 5570 cap.
2587 5501 2676 5554 40.

2035 5573 2127 5640 26)
2159 5573 2291 5626 Ibid.

2035 5643 2126 5708 27)
2156 5641 2316 5703 lbid.,
2341 5656 2460 5708 cap.
2485 5640 2574 5708 4|.

2013 5704 2127 5787 (28)
2160 5711 2321 5777 lbid.,
2347 5704 2467 5781 cap.
2504 5707 2593 5763 37.
