4074 6286
509 353 609 410 167

1631 343 1720 398 AD
1763 341 1820 398 S.
1858 335 2282 397 CLEMENTEM
2323 334 2344 389 l
2377 336 2606 391 PAPAM

3647 329 3751 386 168

504 470 766 527 stolarum
794 474 848 522 et
875 468 1275 538 episcoporum,
1302 463 1396 534 qui
1428 461 1574 535 ipsos
1608 467 1738 516 sunt
1766 454 2066 514 subsecuti.
2095 457 2146 515 Α
2170 453 2438 522 proprium
2469 470 2656 522 corpus
2707 451 3009 508 seditionem
3061 450 3305 521 facimus,
3345 465 3504 522 eoque
3531 453 3753 506 vesaniae

506 559 645 616 Dicit
689 573 816 630 ergo
867 557 1006 628 quod
1049 555 1277 626 apostoli
1317 553 1465 608 nobis
1510 549 1994 620 eoangelizauerant
2045 559 2080 599 ο

503 651 728 708 Domino
755 651 884 705 Iesu
913 649 1125 704 Christo
1162 649 1333 711 missi,
1361 654 1412 700 et
1445 643 1600 698 Jesus
1630 641 1871 696 Christus
1907 655 1940 691 a
1971 636 2080 692 Deo

503 749 729 811 missus;
765 747 978 824 ideoqu;
1007 754 1092 800 est
1136 745 1327 800 missus
1355 741 1510 796 Jesus
1551 737 1792 794 Christus
1815 753 1848 789 a
1877 733 2005 800 Deo,
2029 741 2082 788 et

503 838 730 909 apostoli
776 855 808 890 a
851 836 1096 899 Christo;
1141 843 1362 904 utraque
1395 839 1572 885 autem
1616 828 1798 882 missio
1826 827 1971 897 facta
2002 833 2081 881 est

502 927 790 982 ordinatim
843 941 908 980 es:
947 926 1211 980 voluntate
1255 921 1374 976 Dei.
1405 920 1632 989 Insuper
1665 916 1811 987 quod
1854 914 2082 987 apostoli

503 1019 726 1089 acceptis
753 1017 1037 1083 mandatis,
1069 1027 1117 1070 et
1164 1025 1304 1069 certo
1349 1014 1588 1084 persuasi
1625 1027 1715 1080 per
1739 1009 2082 1064 resurrectio-

502 1129 618 1166 nem
641 1111 853 1164 Domini
880 1110 1047 1164 nostri
1078 1108 1208 1163 Jesu
1236 1106 1456 1171 Christi,
1487 1114 1536 1160 et
1570 1106 1623 1159 in
1654 1103 1758 1175 fide
1777 1099 2083 1172 conﬁrmati

501 1218 593 1271 per
616 1201 824 1255 verbum
857 1199 974 1266 Dei,
1011 1215 1128 1252 cum
1168 1199 1338 1252 sancti
1386 1195 1618 1265 Spiritus
1653 1192 1976 1262 plenitudine
2018 1207 2082 1244 ac

502 1293 782 1348 securitate
800 1293 996 1362 egressi
1021 1299 1164 1352 sunt,
1197 1290 1568 1343 annuntiantes
1605 1286 1950 1341 adventuram
1970 1297 2083 1337 esse

502 1400 718 1454 regnum
750 1383 846 1436 Dei
875 1398 893 1435 :
925 1381 1268 1452 praedicantes
1303 1380 1487 1450 igitur,
1519 1376 1735 1432 tandem
1780 1373 2079 1439 concludit,

502 1491 594 1543 per
631 1475 862 1545 regiones
901 1483 951 1527 et
987 1471 1162 1537 urbes,
1209 1472 1476 1542 primitias
1513 1486 1695 1525 earum
1735 1469 1923 1538 spiritu
1963 1484 2082 1521 cum

500 1567 831 1635 probassent,
863 1567 915 1619 in
943 1566 1206 1634 episcopos
1233 1573 1284 1618 et
1305 1563 1555 1617 diaconos
1585 1577 1765 1616 eorum
1794 1560 1882 1630 qui
1908 1559 2081 1615 credi-

505 1659 615 1711 turi
665 1667 838 1722 erant,
891 1657 1295 1711 constituerunt.
1343 1653 1524 1724 Neque
1564 1653 1660 1707 hoc
1689 1669 1902 1717 novum,
1931 1651 2082 1706 addit

503 1758 727 1806 sanctus
770 1749 1010 1820 pontifex
1039 1768 1053 1804 :
1084 1766 1117 1802 a
1146 1747 1325 1801 multis
1367 1748 1507 1799 enim
1529 1743 1850 1816 temporibus
1877 1744 1942 1799 de
1967 1742 2082 1811 epi-

503 1842 674 1909 scopis
703 1851 754 1896 et
797 1841 1036 1896 diaconis
1079 1841 1332 1908 scriptum
1354 1838 1666 1907 [uerat;sic
1693 1837 1845 1892 enim.
1878 1835 2081 1890 alicubi

499 1933 630 1988 dicit
659 1933 933 2003 Scriptura
955 1949 974 1987 .'
995 1933 1326 1989 Constituam
1349 1931 1614 2001 episcopos
1637 1947 1818 1984 eorum
1841 1930 1897 1984 in
1915 1929 2083 1999 justi-

503 2025 579 2078 tia
605 2034 656 2079 et
683 2024 935 2080 diaconos
962 2040 1140 2080 eorum
1172 2025 1227 2078 in
1254 2021 1358 2093 ﬁde
1387 2021 1520 2094 (29).
1549 2020 1627 2075 Ex
1656 2020 1810 2077 Isaiae
1831 2035 1965 2102 Jcap.
1988 2035 2079 2085 ιι,

499 2133 663 2174 versu
695 2118 784 2181 l7,
808 2117 1022 2172 videtur
1051 2123 1232 2172 textus
1258 2115 1363 2172 iste
1385 2122 1696 2185 excerptus,
1727 2113 1818 2168 ubi
1840 2113 1973 2183 quid
2005 2113 2082 2168 si-

507 2210 633 2264 mile
668 2209 899 2280 legitur;
931 2209 1024 2263 alii
1054 2214 1236 2263 autem
1265 2207 1517 2262 illumne:
1554 2206 1736 2278 aliquo
1770 2204 2083 2277 apocrypha

502 2299 649 2355 libro
678 2300 1014 2370 cxscriptum
1040 2305 1253 2369 putant.

567 2388 766 2446 Paucis
794 2391 1096 2461 interiectis
1138 2391 1205 2447 de
1243 2389 1466 2462 iniustis
1497 2390 2080 2458 bonorum-pastorum

499 2481 933 2553 depositionibus
965 2482 1114 2537 addit
1158 2490 1381 2539 sanctus
1400 2481 1669 2547 Pontifex,
1693 2480 1831 2553 quod
1858 2481 2085 2551 apostoli

500 2583 865 2644 cognoscentes
892 2590 982 2643 per
1006 2574 1292 2629 Dominum
1317 2583 1555 2629 nostrum
1576 2573 1761 2628 Iesum
1789 2571 2081 2637 Christum,

498 2665 640 2738 quod
673 2666 916 2734 temporis
944 2664 1167 2719 decursu
1199 2674 1332 2720 esset
1373 2666 1630 2720 contentio
1652 2663 1716 2718 de
1743 2665 1953 2719 nomine
1976 2664 2085 2734 epi-

498 2767 783 2827 scopatus;
808 2757 869 2811 ob
893 2774 1008 2812 eam
1034 2774 1253 2812 causam
1293 2767 1507 2828 accepta
1537 2757 1767 2827 perfecta
1794 2756 2086 2827 cognitione

499 2866 824 2904 successores
853 2851 954 2904 sibi
978 2851 1379 2916 constituerunt,
1405 2861 1453 2906 et
1474 2851 1710 2921 deinceps
1742 2850 1935 2920 futurae
1965 2865 2086 2903 suc-

500 2943 754 2996 cessionis
793 2944 1026 3014 regulam
1052 2943 1385 2998 tradiderunt
1410 2944 1522 3015 (50)
1552 2953 1611 2998 ut
1646 2959 1765 2998 cum
1800 2942 1883 2997 illi
1909 2939 2086 2996 deces-

499 3035 715 3098 sissent,
747 3035 1098 3090 ministerium
1121 3052 1302 3090 eorum
1325 3054 1388 3091 ac
1418 3053 1606 3091 munus
1631 3036 1728 3090 alii
1754 3035 1852 3089 viri
1875 3033 2085 3104 probati

2179 545 2495 611 devenimus,
2527 555 2583 599 ut
2607 546 2740 601 alios
2779 545 3005 600 aliorum
3045 543 3278 598 membra
3315 559 3428 597 esse
3473 542 3753 597 oblivisca-

2181 640 2336 694 mur?
2374 636 2737 692 Recordamini
2788 637 3059 692 uerborum
3109 635 3321 690 Domini
3368 635 3536 690 nostri
3586 633 3754 700 Jesu;

2180 727 2318 784 dixit
2346 730 2484 783 enim
2512 744 2532 784 :
2567 747 2586 780 ι
2607 727 2698 782 Vw
2729 727 2927 783 homini
2951 728 3032 782 illi
3055 744 3146 796 per
3164 744 3315 799 quem
3335 726 3645 781 scandalum
3672 741 3756 780 ve—

2183 823 2260 876 nit
2291 821 2336 853 "
2365 821 2379 875 l
2415 819 2604 874 bonum
2632 827 2747 874 erat
2781 821 2849 884 ei,
2888 821 2938 875 si
2966 829 3122 874 natus
3153 837 3255 874 non
3293 819 3477 889 fuisset
3503 819 3570 883 ",
3597 834 3755 889 quam

2183 921 2239 966 ut
2269 929 2430 966 unum
2449 928 2515 966 ex
2552 911 2728 968 electis
2759 913 2885 966 meis
2905 912 3324 966 scandalizaret:
3348 913 3531 966 melius
3555 921 3667 965 erat
3697 917 3756 962 ut

2181 1005 2229 1059 ci
2275 1005 2416 1058 mola
2480 1007 2957 1075 circumponeretur
2993 1013 3042 1058 et
3078 1005 3129 1057 in
3171 1021 3314 1058 mare
3353 1004 3754 1072 demergeretur,

2181 1113 2341 1167 quam
2389 1106 2448 1151 ut
2497 1114 2659 1152 unum
2699 1097 2762 1152 de
2799 1097 3006 1166 pusillis
3045 1098 3171 1151 meis
3211 1096 3595 1151 scandalizaret
3624 1097 3690 1149 ’⁷.
3731 1113 3751 1147 s

2183 1185 2431 1244 Schisma
2458 1199 2689 1245 oestrum
2733 1189 2928 1244 multos
2959 1189 3237 1259 pervertit;
3281 1188 3474 1242 multos
3506 1190 3560 1240 in
3591 1185 3756 1240 animi

2182 1282 2540 1351 dejectionem,
2575 1289 2773 1336 ’omnes
2829 1299 2923 1336 nos
2974 1282 3029 1335 in
3063 1281 3335 1334 tristitiam
3364 1279 3583 1348 conjecit
3618 1278 3754 1349 (5‘2).

2186 1371 2383 1442 Turpia
2429 1382 2572 1437 sunt,
2606 1373 2803 1437 dilecti,
2836 1373 3184 1444 prosequitur
3232 1380 3454 1427 sanctus
3482 1368 3754 1431 Clemens,

2183 1481 2246 1518 ac
2305 1465 2455 1520 ualde
2499 1466 2697 1534 turpia,
2739 1475 2789 1519 et
2819 1464 3126 1520 Christiana
3156 1523 3158 1526 ,
3187 1462 3577 1518 conversatione
3623 1460 3760 1514 indi-

2182 1575 2308 1628 gna,
2359 1558 2537 1610 audiri
2571 1556 2932 1627 ﬁrmissimam
2980 1565 3031 1611 et
3071 1556 3343 1626 antiquam
3364 1553 3758 1608 Corinthiorum

2183 1649 2474 1705 Ecclesium
2499 1659 2710 1720 propter
2736 1664 2901 1703 unum
2922 1658 3014 1702 aut
3036 1649 3261 1702 alterum
3283 1648 3539 1701 hominem
3575 1655 3760 1700 contra

2181 1741 2506 1814 presbyteros
2536 1741 2841 1796 seditionem
2878 1758 3096 1797 movere.
3137 1741 3307 1813 Atque
3353 1742 3398 1796 is
3441 1757 3622 1795 rumor
3657 1758 3759 1795 non

2183 1843 2388 1888 tantum
2416 1832 2485 1887 ad
2502 1849 2603 1888 nos
2630 1834 2878 1902 pervenit,
2908 1833 2999 1888 sed
3021 1833 3090 1887 ad
3111 1850 3200 1888 eos
3221 1849 3421 1906 quoque
3438 1835 3528 1905 qui
3554 1851 3585 1887 a
3609 1833 3757 1888 nobis

2183 1926 2342 1980 alieni
2365 1933 2487 1980 sunt
2512 1926 2690 1981 animo
2710 1936 2759 1980 et
2783 1928 3061 1990 sententia,
3086 1926 3217 1980 adeo
3239 1941 3298 1981 ut
3311 1937 3518 1998 propter
3535 1938 3757 1982 uestram

2181 2019 2539 2088 insipientiam
2551 2019 2712 2073 etiam
2738 2019 3073 2085 blasphemiw
3100 2029 3149 2073 et
3173 2020 3407 2074 convicia
3430 2020 3627 2074 nomini
3650 2020 3759 2073 Do-

2189 2112 2322 2166 mini
2345 2111 2662 2181 infcrantur.
2685 2129 2704 2163 ει
2734 2111 2892 2166 Vobis
2915 2120 3088 2167 autem
3104 2113 3389 2183 periculum
3410 2122 3638 2172 creatur.
3670 2131 3759 2168 oc-

2184 2202 2454 2258 casionem
2465 2203 2607 2257 hisce
2636 2203 2971 2274 blasphemiis
2984 2205 3279 2273 praebendo.
3302 2225 3320 2258 ι
3341 2204 3463 2260 Haec
3475 2213 3558 2262 est
3581 2206 3760 2277 imago

2181 2311 2346 2366 quam
2371 2295 2438 2350 de
2458 2295 2911 2364 schismate,etde
2933 2297 3090 2352 malis
3131 2313 3252 2368 qua:
3268 2296 3393 2353 inde
3414 2313 3760 2369 consequun-

2184 2393 2294 2452 tur,
2320 2399 2542 2445 sanctus
2579 2389 2681 2445 iste
2718 2388 2960 2461 pontifex
2983 2388 3244 2460 depingit.
3278 2388 3571 2448 Videamus
3599 2391 3763 2448 modo

2183 2494 2432 2548 quamam
2457 2480 2695 2536 remedia
2733 2481 3035 2537 Corinthiis
3063 2481 3382 2551 praescribat
3423 2488 3483 2537 ut
3519 2498 3550 2537 a
3595 2483 3762 2555 spiri-

2184 2571 2320 2624 tuali
2361 2571 2464 2624 hac
2495 2572 2820 2642 contagione
2843 2572 3160 2628 liberentur.

2255 2659 2500 2716 Remedia
2529 2674 2715 2718 contra
2735 2665 2984 2720 schisma.
3010 2663 3270 2720 Hortatur
3291 2664 3434 2732 illos,
3453 2674 3515 2720 ut
3535 2665 3760 2721 Domino

2183 2752 2429 2808 occidant
2448 2763 2497 2808 et
2523 2754 2800 2826 plangant,
2837 2765 3046 2810 orantes
3070 2773 3210 2821 eum,
3225 2765 3282 2810 ut
3304 2758 3561 2827 propitius
3585 2758 3758 2826 factus

2181 2846 2545 2900 reconcilietur
2571 2848 2701 2913 illis,
2743 2856 2898 2919 atque
2939 2849 2994 2902 in
3033 2848 3278 2903 decoram
3312 2857 3370 2904 et
3409 2859 3613 2904 castam
3640 2850 3755 2919 fra-

2183 2938 2320 2992 terni
2351 2940 2549 3001 amoris
2589 2941 2723 2994 viam
2770 2941 2890 2995 illos
2926 2941 3144 2996 reducat
3187 2941 3321 3013 (53).
3360 2941 3490 2997 Vult
3517 2943 3682 3013 igitur
3703 2953 3760 2997 ut

2184 3028 2406 3085 humiles
2428 3047 2483 3086 se
2507 3031 2644 3101 ipsos
2670 3032 2938 3101 praebeant
2977 3050 3082 3088 non
3121 3034 3292 3088 solum
3317 3033 3446 3097 Deo,
3469 3035 3558 3089 sed
3586 3043 3635 3089 et
3665 3035 3762 3088 toti

498 3126 788 3194 exciperent
821 3124 952 3196 (3i).
981 3124 1312 3181 Constitutos
1341 3128 1519 3198 itaque
1548 3127 1612 3180 ab
1637 3127 1746 3181 illis
1774 3124 2082 3197 (-prosequi-
2109 3153 2153 3217 ο
2185 3131 2448 3177 terrarum
2486 3123 2637 3189 orbi,
2678 3133 2736 3178 ut
2780 3124 3044 3193 publicam
3088 3127 3373 3180 utilitatem
3411 3126 3761 3196 peculiaribus

497 3226 590 3272 tur
616 3223 838 3271 sanctus
869 3215 1139 3288 Pontifex)
1169 3216 1245 3271 vel
1284 3217 1523 3287 deinceps
1551 3217 1616 3273 ab
1657 3217 1780 3272 aliis
1809 3219 1933 3273 viris
1969 3221 2081 3274 eci-

502 3309 647 3372 miis,
672 3309 1023 3362 consentiente
1048 3326 1109 3362 ac
1133 3309 1502 3378 comprobante
1531 3313 1778 3367 universa
1809 3312 2079 3381 Ecclesia;

501 3401 592 3471 qui
621 3399 885 3469 inculpate
909 3402 1032 3456 ovili
1065 3401 1266 3457 Christi
1296 3404 1728 3460 ministraverunt
1755 3408 2081 3464 cum-humi-

500 3493 670 3556 litate,
704 3493 892 3563 quiete,
923 3510 1014 3548 nec
1046 3494 1400 3560 illiberaliter,
1445 3499 1632 3568 quique
1661 3499 1813 3570 longo
1855 3509 2080 3570 tempore

501 3582 566 3635 ab
594 3582 832 3636 omnibus
867 3585 1221 3639 testimonium
1249 3587 1563 3655 prceclarum
1604 3601 1958 3659 reportarunt,
1986 3593 2078 3648 hos

499 3679 745 3740 putamus
777 3673 941 3742 oﬁicio
988 3674 1181 3744 injuste
1225 3674 1382 3746 dejici
1411 3690 1428 3729 :
1455 3693 1614 3748 neque
1659 3680 1798 3734 enim
1845 3681 1948 3735 leue
1979 3683 2079 3736 erit

497 3771 787 3832 peccatum,
818 3765 864 3817 si
888 3780 974 3818 eos
1000 3767 1089 3835 qui
1117 3766 1254 3819 citra
1275 3767 1540 3838 querelam
1567 3781 1616 3824 et
1638 3780 1816 3827 sancte
1854 3774 2080 3844 o/ferunt

498 3853 660 3919 dona,
691 3856 988 3925 episcopatu
1029 3859 1427 3926 privaverimus.
1461 3859 1639 3917 Habes
1681 3864 1844 3919 modo
1873 3881 1993 3936 quae
2022 3869 2078 3923 in

501 3953 693 4000 sancto
719 3947 997 4003 Clemente
1021 3959 1320 4006 memoratu
1343 3952 1477 4008 mihi
1499 3953 1616 4009 visa
1643 3953 1862 4011 fuerunt
1891 3958 2075 4029 digna,

497 4038 678 4111 quoad
699 4039 945 4094 ordinem
976 4041 1090 4096 sive
1117 4042 1545 4099 ecclesiasticam
1578 4043 1962 4104 hierarchiam.

575 4129 863 4185 lnstructio
893 4129 1141 4186 adversus
1168 4131 1550 4190 schismaticos.
1576 4164 1648 4176 —
1673 4135 1978 4208 Antequam
2009 4137 2079 4194 ad

499 4237 717 4277 morum
773 4222 1068 4290 veritates,
1124 4238 1263 4294 quas
1313 4223 1480 4279 tradit
1529 4234 1754 4283 sanctus
1803 4228 2076 4294 Clemens,

501 4313 727 4383 gradum
747 4312 1029 4378 faciamus,
1051 4316 1334 4381 nonnulla,
1357 4332 1478 4387 quae
1495 4319 1738 4374 schisma
1755 4321 2075 4391 respiciunt,

503 4412 631 4458 sunt
673 4405 762 4459 hic
794 4407 1108 4463 asserenda.
1159 4405 1377 4480 thuid,
1415 4409 1609 4466 scribit
1645 4411 1736 4468 ille
1777 4413 1843 4467 ad
1879 4412 2078 4469 Corin-

2180 3229 2363 3268 eorum
2411 3217 2699 3271 commodis
2729 3217 3034 3287 prtcfcrant,
3068 3233 3129 3271 ac
3160 3219 3466 3273 charitatem
3509 3219 3759 3290 diligant,

2182 3308 2420 3364 divinam
2465 3309 2676 3365 scilicet
2715 3309 2969 3365 virtutem
3011 3310 3179 3374 illam,
3219 3329 3340 3384 quae
3393 3315 3761 3370 essentialiter

2179 3408 2265 3456 est
2311 3399 2530 3455 inimica
2575 3400 2880 3456 schismati.
2933 3400 3035 3456 Vos
3091 3403 3271 3473 igitur,
3319 3403 3451 3458 dicit
3508 3405 3754 3476 insuper,

2179 3490 2270 3561 qui
2298 3489 2566 3546 seditionis
2588 3489 2933 3559 fundamenta
2959 3490 3183 3560 jecistis,
3208 3492 3406 3546 subditi
3444 3503 3606 3548 estote
3641 3511 3759 3564 pre-

2180 3580 2485 3651 sbyteris,et
2508 3583 2564 3636 in
2578 3582 2934 3651 pmnitentiam
2949 3584 3291 3654 corrigimini,
3308 3584 3569 3653 ﬂectentes
3581 3603 3758 3657 genua

2179 3673 2353 3729 cordis
2379 3676 2569 3739 uestri;
2611 3674 2799 3731 discite
2836 3676 3048 3747 subjici,
3070 3678 3379 3747 deponentcs
3422 3691 3759 3750 arrogantem

2177 3777 2231 3822 et
2265 3766 2542 3838 superbam
2573 3768 2764 3838 linguae
2794 3768 3345 3838 uestrwjactantiam;
3387 3773 3575 3826 melius
3597 3773 3761 3841 siqui-

2179 3859 2297 3915 dem
2324 3860 2467 3915 vobis
2491 3870 2590 3926 est,
2620 3862 2676 3914 in
2704 3861 2828 3916 ovili
2854 3859 3052 3916 Christi
3077 3878 3264 3930 parvos
3281 3904 3295 3928 ,
3320 3873 3368 3918 et
3398 3865 3642 3934 probatos
3675 3866 3760 3919 in-

2179 3952 2363 4015 ueniri,
2388 3968 2544 4022 quam
2596 3951 2765 4005 altum
2805 3953 3065 4021 sapientes
3090 3968 3118 4005 e
3145 3968 3232 4021 spe
3257 3954 3403 4009 illius
3431 3954 3603 4024 dejici.
3639 3952 3758 4008 Uti-

2179 4059 2306 4100 nam
2329 4044 2510 4114 gravis
2541 4043 2656 4098 haec
2690 4043 2892 4099 veritas
2928 4045 3038 4099 vim
3072 4045 3294 4102 haberet
3329 4062 3492 4116 super
3539 4047 3753 4101 illorum

2179 4139 2440 4204 animum,
2467 4136 2560 4206 qui
2590 4151 2649 4191 se
2682 4137 2750 4192 ab
2779 4135 3024 4192 Ecclesia
3071 4137 3349 4208 separant!
3377 4139 3640 4195 Caaterum
3688 4155 3754 4194 ex

2179 4228 2330 4284 hisce
2356 4228 2589 4294 eruitur,
2613 4227 2991 4285 schismaticos
3011 4230 3079 4285 ab
3101 4229 3359 4288 Ecclesiae
3379 4246 3608 4302 corpore
3632 4247 3757 4288 esse

2181 4321 2410 4386 divisos,
2439 4321 2590 4375 omni
2620 4321 2871 4391 adempta
2907 4323 3101 4379 salutis
3131 4339 3248 4394 spe,
3264 4323 3505 4395 quandiu
3521 4324 3576 4380 in
3599 4323 3754 4380 dam-

2179 4413 2348 4468 nabili
2377 4413 2480 4468 hac
2509 4413 2781 4469 divisione
2805 4415 3165 4484 perstiterint.

505 4495 646 4550 thios
671 4497 737 4562 “,
760 4497 897 4552 inter
919 4515 1011 4552 nos
1033 4509 1154 4552 sunt
1184 4503 1552 4568 contentiones,
1581 4503 2072 4573 ira’,dissensiones,

2183 4519 2306 4594 ω.
2339 4521 2418 4576 De
2447 4523 2752 4591 poenitentia
2783 4533 2938 4594 atque
2975 4523 3328 4579 observatione
3358 4525 3750 4583 mandatorum.

503 4587 788 4643 schismata
836 4603 887 4643 et
910 4590 1144 4648 bellum?
1169 4609 1336 4648 nonne
1365 4611 1528 4650 unum
1550 4595 1721 4651 Deum
1757 4596 2005 4654 habemus
2028 4608 2078 4654 et

502 4697 664 4733 unum
694 4679 1003 4739 Christum?
1028 4694 1183 4755 atque
1224 4703 1360 4742 unus
1386 4696 1464 4742 est
1488 4685 1717 4758 Spiritus
1748 4691 1956 4762 gratiae,
1988 4693 2078 4762 qui

500 4771 699 4839 eﬁ‘usus
747 4782 824 4826 est
872 4790 1025 4842 super
1072 4793 1165 4830 nos
1214 4776 1301 4848 (en
1353 4779 1608 4850 explicita
1651 4781 1926 4839 confessio
1973 4781 2074 4838 SS.

502 4862 808 4928 Trinitatis.
834 4875 887 4921 et
909 4869 1075 4923 trium
1108 4870 1160 4924 in
1192 4887 1299 4925 una
1330 4880 1523 4928 natura
1546 4874 1924 4931 distinctarum
1949 4875 2080 4932 Per-

501 4971 760 5012 sonarum
788 4959 941 5030 fides)
995 4971 1045 5017 et
1101 4980 1208 5019 una
1260 4967 1460 5020 oocatio
1488 4968 1542 5020 in
1572 4965 1822 5025 Christo?
1879 4987 1974 5024 cur
1992 4970 2076 5025 di-

498 5049 740 5104 ducimus
788 5061 838 5106 ct
880 5051 1224 5110 distrahimus
1269 5058 1502 5111 membra
1547 5057 1770 5126 Christi,
1809 5071 1860 5115 et
1889 5072 2076 5116 contra

2207 4591 2285 4646 De
2299 4595 2622 4663 confessione
2635 4591 2968 4663 peccatorum
2983 4611 3045 4648 ac
3065 4596 3365 4650 earumdem
3390 4597 3719 4654 remissione.

2249 4694 2587 4751 Pmnitentiae
2625 4695 2845 4765 agendae
2894 4704 2948 4752 et
2991 4696 3351 4753 confessionis
3406 4707 3752 4768 peccatorum

2179 4786 2440 4843 faciendae
2467 4803 2683 4861 quoque
2705 4789 3032 4843 mentionem
3058 4789 3220 4844 habet
3248 4789 3308 4846 D.
3334 4781 3607 4855 Clemens,
3639 4807 3747 4846 non

2179 4894 2290 4935 uno
2318 4879 2561 4949 quidem,
2592 4880 2685 4936 sed
2702 4869 2961 4951 pluribus
3000 4881 3158 4947 locis,
3189 4882 3537 4954 potissimum
3567 4891 3748 4940 autem

2179 4973 2421 5027 numeris
2433 4973 2493 5028 51
2513 4973 2644 5028 et52
2661 4989 2749 5045 ep.
2773 4974 2798 5029 1
2819 4973 2954 5046 (54),
2970 4974 3220 5045 hancque
3240 4974 3638 5032 confessionem
3652 4975 3749 5031 Do-

2183 5064 2391 5118 minum
2423 5063 2590 5120 Deum
2630 5068 2846 5136 exigere
2889 5066 3084 5137 probat
3127 5083 3195 5122 ex
3229 5067 3481 5125 adductis
3519 5070 3747 5141 quibus-

567 5164 609 5194 “
642 5161 660 5215 l
691 5163 817 5218 Cor.
847 5179 947 5228 xu,
981 5163 1073 5220 20.
1151 5166 1196 5197 "
1222 5163 1411 5222 Matth.
1443 5183 1599 5236 xviu,
1635 5169 1686 5226 7.
1762 5171 1808 5203 "
1837 5170 2029 5230 Matth.
2069 5174 2326 5239 xxvrﬂd.
2406 5177 2451 5208 ³⁷
2481 5175 2612 5232 Luc.
2646 5192 2778 5246 xvn,
2800 5181 2856 5237 2.

574 5274 686 5340 (29)
717 5275 877 5339 lbid.,
907 5290 1028 5345 cap.
1069 5275 1161 5330 42.

575 5345 696 5425 e9)
716 5345 879 5425 1m.
1055 5348 1145 5425 ιθ.

576 5414 688 5493 (ξι)
716 5414 1068 5493 Videtur_hic
1093 5418 1149 5473 ὃ.
1181 5418 1431 5475 Clemens
1459 5420 1686 5493 innuere
1713 5423 1782 5478 ab
1808 5425 2069 5493 apostolis

506 5486 640 5555 ipsis
662 5486 913 5539 traditam
939 5487 1261 5563 fuisse__earn
1290 5491 1653 5563 successionis
1684 5495 1738 5547 in
1760 5486 2069 5563 episc0patu

505 5570 776 5619 normam,
803 5571 926 5677 quae
955 5559 1227 5627 prioribus
1269 5562 1481 5616 εεουίιε
1511 5559 1847 5629 servabatur,
1876 5559 2071 5618 ut'sci-

508 5627 633 5677 licet
662 5640 755 5677 Der
779 5641 808 5677 c
832 5642 984 5677 erum
1036 5628 1185 5677 ﬁeret
1211 5631 1402 5677 electio
1442 5634 1797 5677 nrmeenlihna
1825 5634 2066 5677 ρίηςήρηι

508 5627 755 5706 licet_per
779 5627 984 5708 clerum
1036 5628 1185 5708 fieret
1211 5631 1402 5708 electio
1438 5634 1797 5708 prmsentibus
1825 5627 2066 5708 ejusdem

507 5698 799 5770 provinciae
826 5698 1118 5770 episcopis,
1141 5701 1254 5768 qui,
1290 5698 1488 5770 populo
1507 5698 1898 5766 consentiente,
1922 5705 2066 5758 illam

505 5763 912 5831 confirmarent,
943 5775 996 5822 et
1016 5763 1243 5824 electum
1284 5763 1730 5841 ine'tropolitanus
1776 5763 2067 5829 consecra-

2175 5300 2275 5342 ret.
2309 5288 2366 5343 ld
2395 5297 2579 5369 tamen
2614 5305 2720 5346 non
2753 5288 2937 5357 ollicit,
2965 5308 3072 5361 quo
3117 5292 3299 5369 minus
3351 5297 3506 5366 lapsu
3537 5305 3747 5369 tempo-

2174 5374 2306 5438 rum_
2327 5361 2681 5438 mutarijlazc
2719 5375 2906 5438 norma
2938 5364 3206 5438 potuerit:
3236 5379 3365 5438 cum?
3401 5361 3463 5422 ea
3511 5383 3631 5438 qua:
3651 5361 3742 5425 'ad

2173 5429 2797 5508 disciplinam_Ecclesiae
2815 5429 3105 5508 pertinent,
3135 5435 3270 5488 citra
3303 5437 3421 5493 fidei
3441 5429 3740 5508 periculum

2174 5499 2460 5553 mutationi
2489 5500 2727 5555 obnoxia
2754 5499 2876 5557 esse
2906 5505 3038 5559 satis
3069 5513 3306 5559 constet.

2245 5568 2358 5643 (ἕξ)
2381 5569 2552 5643 Clem.
2578 5569 2762 5643 Rom.,
2787 5587 2873 5640 ep.
2903 5573 2956 5638 1,
2989 5589 3110 5643 cap.
3139 5574 3228 5630 45.

2245 5638 2358 5712 (ξᾷ)
2387 5638 2560 5712 Epist.
2589 5642 2642 5705 1,
2663 5657 2784 5712 cap.
2813 5638 2901 5698 37.

2245 5707 2356 5776 (54)
2383 5707 2647 5786 Quotquot
2672 5707 2833 5786 igitur
2855 5728 2946 5782 per
2964 5715 3240 5786 quemdam
3279 5717 3571 5772 adversarii
3617 5720 3744 5773 illa-

2171 5793 2323 5849 psum
2360 5779 2922 5849 deliquimus,'veniam
2963 5779 3320 5853 postulentur;
3364 5789 3446 5842 illi
3488 5804 3605 5844 rero
3651 5789 3741 5861 qui
