4068 6274
344 327 451 386 169

1575 319 1917 381 ΡΒΟΈΗΙΑ
1955 318 2337 376 VARIORUM.

3494 318 3596 376 170

341 438 467 493 dam
511 448 683 492 sacrm
724 434 1025 507 Scripturae
1068 434 1202 491 locis
1230 455 1244 490 :
1279 434 1676 506 correptionem
1706 446 1927 505 quoque
1954 435 2001 493 Δ
2028 432 2169 487 stolo
2189 430 2446 496 fundata,
2476 431 2543 485 ad
2573 446 2735 501 quam
2777 431 2879 486 rite
2910 431 3299 488 instituendam
3353 432 3493 488 idem
3527 436 3590 487 D.

341 535 440 582 aut
468 527 649 600 potius
678 525 1079 582 correctionem
1128 524 1424 580 fraternam
1458 538 1490 577 a
1523 523 1792 579 ministris
1822 523 1926 577 Ec-

340 620 527 676 clesite
553 616 954 687 suscipiendam
993 616 1172 673 docet.
1209 615 1308 674 Ast
1352 630 1535 670 nonne
1576 614 1719 670 idem
1757 615 1925 671 etiam

342 710 505 764 docet
528 709 820 762 concilium
850 705 1233 763 Tridentinum
1276 705 1524 762 sessione
1546 705 1635 769 14,
1658 720 1779 775 cap.
1811 705 1845 759 5
1870 712 1929 777 et

341 814 553 856 canone
578 798 649 854 6?

413 888 825 945 Confessionem
856 893 1039 941 autem
1072 884 1376 942 faciendam
1416 900 1540 942 esse
1588 881 1928 956 presbyteris

342 995 405 1035 ex
436 980 732 1036 Clementis
774 979 1019 1049 epistolae
1068 977 1247 1048 capite
1272 976 1341 1032 57
1383 984 1620 1041 constat,
1663 976 1757 1031 ubi
1799 974 1917 1029 ait:

344 1073 553 1129 Subditi
594 1083 762 1128 estote
786 1072 1128 1143 presbyteris,
1152 1080 1204 1126 et
1252 1071 1629 1140 correptionem
1676 1068 1926 1137 suscipite

341 1166 396 1218 in
423 1165 812 1229 paenitentiam;
840 1164 1101 1231 flectentes
1128 1176 1299 1230 genua
1327 1158 1499 1213 cordis
1530 1158 1709 1222 vestri,
1737 1155 1923 1210 discite

340 1255 554 1317 subiici,
581 1254 890 1323 deponentes
934 1262 1270 1324 arrogantem
1313 1261 1363 1305 et
1406 1250 1685 1322 superbam
1730 1250 1924 1319 lingua:

339 1355 526 1399 uestri:
539 1346 951 1415 jactantiam....

413 1435 603 1490 Tradit
647 1450 864 1506 quoque
907 1433 1268 1490 universalem
1299 1448 1422 1488 esse
1458 1436 1806 1502 peccatorum
1834 1442 1922 1483 re-

337 1528 684 1590 missionem,
709 1535 764 1583 et
788 1528 996 1581 nullum
1018 1541 1144 1581 esse
1167 1531 1475 1595 peccatum,
1507 1518 1650 1592 quod
1682 1526 1804 1590 post
1836 1533 1921 1574 se-

337 1620 475 1674 riam
507 1619 882 1690 pmnitentiam
920 1634 1018 1690 per
1045 1617 1251 1673 Christi
1300 1615 1553 1671 meritum
1588 1629 1695 1668 non
1726 1610 1917 1667 remit-

337 1719 486 1765 tatur
514 1711 648 1781 (55).

2027 521 2230 578 Paulus
2254 523 2413 579 binas
2450 522 2674 578 dederat
2704 522 2976 594 Epistolas
3021 522 3235 579 alliante
3278 524 3482 597 Spiritu
3511 527 3597 582 dio

2027 615 2155 670 vino
2178 616 2436 685 scriptas,
2458 629 2579 685 quae
2592 614 2780 669 eodem
2810 612 2921 669 fere
2943 620 3184 684 tempore
3211 614 3367 669 ﬁdem
3388 616 3595 683 Christi

2027 705 2097 760 ab
2120 704 2385 776 apostolis
2418 703 2611 759 edocta
2646 703 2855 768 fuerat,
2897 718 3007 774 quo
3036 703 3283 761 Ecclesia
3314 703 3594 776 Romana;

2026 805 2122 851 aut
2140 810 2263 866 quae
2292 795 2487 866 majori
2528 794 2668 851 forte
2708 795 2930 866 gloriari
2977 803 3189 865 poterat
3236 796 3595 867 antiquitate;

2027 887 2083 942 in
2095 902 2202 958 qua
2215 886 2351 943 adeo
2367 887 2566 942 divites
2588 894 2641 942 et
2659 887 2868 944 nobiles
2886 887 3252 943 versabantur
3272 887 3596 957 Christiani,

2026 986 2085 1034 ut
2107 994 2237 1035 suas
2266 980 2641 1050 eleemosynas
2656 980 2857 1037 exteris
2885 994 3100 1051 quoque
3126 978 3388 1037 Ecclesiis
3414 989 3597 1035 trans-

2026 1071 2340 1139 mitterem;
2372 1067 2639 1135 Ecclesia,
2671 1070 2914 1141 inquam,
2947 1067 3253 1137 Corinthia,
3312 1078 3432 1126 orta
3461 1086 3597 1143 qua-

2026 1162 2150 1218 dam
2182 1165 2469 1229 seditione,
2497 1163 2563 1218 ad
2594 1162 2891 1218 Ecclesiam
2918 1160 3218 1218 Romanam
3248 1162 3512 1235 confugit,
3543 1170 3596 1218 et

2024 1253 2093 1308 ab
2122 1268 2186 1308 ea
2215 1254 2474 1308 auxilium
2507 1255 2661 1324 petit.

2100 1357 2121 1392 ε
2163 1339 2525 1397 Advertamus
2574 1344 2775 1413 pariter
2820 1343 2884 1397 ad
2935 1351 3191 1415 tempus,
3240 1360 3349 1415 quo
3398 1344 3595 1400 seditio

2025 1431 2140 1486 haec
2169 1432 2223 1487 in
2254 1431 2496 1489 Ecclesia
2525 1434 2806 1490 Corinthia
2835 1444 2953 1491 orta
2981 1445 3084 1500 est,
3119 1454 3333 1507 nempe,
3356 1455 3464 1509 quo
3493 1438 3597 1493 Ec-

2022 1523 2188 1580 clesia
2232 1523 2476 1580 Romana
2520 1534 2604 1581 sat
2649 1543 2865 1597 gravem
2917 1530 3229 1585 exantlabat
3256 1532 3584 1600 persecutio-

2024 1630 2147 1670 nem
2171 1634 2185 1684 ;
2216 1633 2324 1687 quo
2353 1618 2576 1688 quidem
2623 1620 2800 1675 adhuc
2829 1621 3083 1678 vivebant
3112 1623 3379 1692 apostoli;
3424 1623 3594 1678 disci.

2024 1706 2133 1774 puli
2163 1722 2296 1762 vero
2330 1706 2533 1763 Christi
2557 1716 2610 1764 et
2655 1711 3025 1781 apostolorum
3058 1713 3465 1783 quamplurimi,
3489 1713 3593 1766 viri

408 1772 550 1857 Alibi
576 1772 737 1856 eliam
769 1802 931 1857 docet
958 1798 1071 1872 (56)
1106 1798 1173 1871 ad
1197 1772 1645 1870 iustiﬁcationcm
1675 1801 1919 1849 nostram
1951 1791 1994 1848 Β
2024 1772 2203 1853 autem
2236 1801 2540 1869 apostolico
2572 1772 2769 1872 spiritu
2810 1803 2957 1859 ducti
2988 1772 3115 1860 vere
3146 1772 3415 1860 innumeri
3436 1772 3461 1870 ;'
3484 1821 3594 1875 quo

334 1909 402 1948 ac
431 1895 809 1951 remissionem
854 1901 1204 1965 peccatorum
1240 1898 1554 1946 nostrorum
1603 1902 1711 1942 non
1762 1884 1920 1940 ﬁdem

333 1996 568 2051 tantum,
595 1986 690 2042 sed
720 1995 775 2042 et
802 1986 1124 2041 charitatem
1150 1984 1376 2055 requiri.

411 2076 599 2132 Multis
616 2079 840 2147 insuper
862 2083 1087 2132 sanctus
1112 2075 1363 2131 Clemens
1386 2073 1629 2129 declarat
1652 2077 1921 2142 praacepta

335 2165 433 2221 Dei
459 2168 643 2221 omnia
671 2175 726 2222 et
756 2182 857 2222 nos
886 2181 1051 2237 posse
1075 2180 1315 2231 servare,
1346 2174 1400 2220 et
1419 2180 1451 2219 a
1484 2163 1644 2218 nobis
1672 2175 1925 2217 necessa-

333 2262 419 2316 rio
447 2259 719 2317 servanda
746 2275 890 2316 esse.
936 2259 1070 2315 Cum
1118 2258 1393 2329 diligentia
1420 2266 1469 2311 et
1502 2255 1803 2319 alacritate,
1842 2252 1923 2307 ait

335 2354 456 2424 ipse
485 2353 620 2425 (57),
653 2353 962 2422 festinemus
991 2368 1141 2406 omne
1171 2368 1299 2421 opus
1337 2349 1528 2405 bonum
1555 2349 1916 2421 perﬁcere.....

336 2444 423 2499 Ea:
452 2446 577 2501 totis
604 2445 799 2500 viribus
837 2460 1108 2516 operemur
1133 2461 1263 2515 opus
1284 2443 1536 2514 justitiaz.

526 2535 555 2609 ᾗ
587 2535 678 2592 Ἦ.
719 2537 796 2592 De
825 2537 1145 2591 auctoritate
1181 2534 1436 2589 Ecclesia:
1459 2532 1734 2586 Romanae.

408 2627 484 2683 De
505 2627 758 2699 dogmate
778 2629 1000 2699 quidem
1025 2626 1315 2689 catholico,
1336 2625 1481 2696 quod
1511 2640 1578 2679 ex
1598 2622 1918 2694 praescripto

334 2716 558 2771 concilii
587 2715 893 2771 Tridentini
926 2716 1087 2771 etiam
1121 2715 1337 2788 publice
1387 2714 1709 2785 proﬁtemur
1741 2730 1753 2765 :
1788 2726 1918 2766 san-

334 2816 484 2861 ctam
516 2807 772 2861 nimirum
796 2806 1121 2860 catholicam
1145 2812 1199 2862 et
1228 2804 1584 2877 apostolicam
1615 2801 1915 2857 Ecclesiam

334 2893 636 2952 Romanam
683 2912 806 2953 esse
859 2898 1101 2953 omnium
1155 2894 1519 2951 Ecclesiarum
1578 2903 1806 2948 matrem
1862 2900 1917 2946 et

335 2990 659 3060 magistram
679 3028 694 3053 ,
729 2989 786 3043 in
815 2990 1048 3059 epistola
1069 3004 1167 3044 sua
1195 2987 1389 3043 nullibi
1417 2985 1731 3057 explicitam
1762 2998 1919 3038 men~

332 3082 544 3135 tionem
575 3080 707 3136 facit
731 3081 892 3137 divus
929 3080 1202 3137 Clemens.
1237 3078 1441 3134 Verum
1473 3077 1520 3133 si
1563 3075 1913 3148 potissimum

335 3189 586 3243 scopum,
619 3174 835 3244 aliaque
864 3173 1032 3243 hujus
1060 3171 1306 3242 epistolae
1334 3169 1637 3225 accidentia
1666 3168 1769 3223 rite
1788 3178 1916 3237 per-

336 3262 663 3334 pendamus,
697 3272 782 3319 sat
812 3263 958 3318 clare
985 3260 1273 3332 prtefatum
1305 3261 1502 3330 dogma
1540 3258 1665 3313 inde
1701 3257 1918 3328 colligi-

334 3365 462 3418 tur,
515 3354 849 3425 deduxitque
901 3354 985 3408 vir
1034 3354 1377 3408 clarissimus
1421 3354 1581 3408 Pater
1630 3350 1917 3406 Conradus

339 3445 503 3501 Ebert
520 3446 907 3502 Benedictinus
930 3454 1298 3501 sacrosancta:
1323 3443 1609 3515 theologia:
1637 3440 1918 3513 professor

336 3536 629 3594 Fuldensis
656 3539 710 3592 in
745 3538 891 3593 hunc
920 3537 1032 3593 fere
1060 3536 1306 3592 modum.
1357 3535 1438 3590 En
1484 3534 1659 3606 ipsius
1700 3534 1867 3589 verba
1899 3553 1913 3590 :

342 3646 364 3679 ι
403 3628 691 3683 Enimvero
731 3629 780 3683 si
824 3636 1272 3699 perscrutemur,
1316 3624 1543 3697 quinam
1574 3625 1652 3680 illi
1682 3623 1915 3687 fuerint,

336 3716 432 3784 qui
458 3716 543 3771 vel
577 3715 775 3771 litteris
803 3724 929 3771 ante
958 3716 1123 3780 datis,
1155 3716 1241 3772 vel
1273 3725 1331 3771 ut
1366 3715 1557 3772 saltem
1589 3714 1919 3786 probabilis-

334 3807 535 3861 simum
566 3806 808 3873 videtur,
838 3807 1108 3878 legatione
1138 3807 1305 3862 missa
1334 3822 1365 3861 a
1392 3804 1640 3861 Romana
1671 3804 1915 3861 Ecclesia

335 3909 464 3968 post
492 3905 643 3953 ortas
673 3898 815 3953 inter
833 3914 893 3954 se
920 3897 1287 3953 contentionis
1316 3898 1509 3953 turbas
1534 3896 1797 3951 auxilium
1821 3913 1918 3969 pe-

334 3990 567 4053 tierunt,
598 3991 645 4043 si
678 3997 914 4061 tempus,
940 4006 1048 4063 quo
1067 4030 1082 4056 ,
1109 3990 1191 4056 si,
1220 3990 1287 4045 ad
1313 4004 1453 4061 quos
1479 3988 1786 4061 confugerit
1816 3988 1917 4043 Ec-

333 4081 507 4136 clesia
540 4081 968 4147 Corinthiorum,
999 4081 1045 4137 si
1075 4096 1160 4146 ea,
1193 4095 1314 4153 quae
1339 4089 1463 4152 post
1491 4076 1749 4151 scriptam
1775 4080 1918 4137 hanc

336 4173 626 4243 epistolam
656 4174 971 4237 evenerint,
1001 4174 1104 4228 rite
1138 4172 1513 4229 examinemus
1534 4213 1549 4237 ,
1582 4174 1738 4244 plura
1769 4184 1917 4229 certe

333 4273 664 4329 occurrent,
702 4281 823 4337 qua:
853 4264 1268 4321 celeberrimum
1308 4265 1413 4321 hoc
1440 4264 1697 4321 Ecclesia:
1728 4265 1918 4319 catho-

336 4359 456 4414 lica:
510 4359 708 4430 dogma
765 4374 929 4431 quam
978 4359 1218 4415 maxime
1275 4359 1551 4415 illustrant
1604 4366 1659 4414 et
1713 4360 1915 4415 conﬁr-

336 4461 509 4507 mant.

419 4563 437 4594 ι
472 4542 718 4598 Ecclesia
746 4542 1025 4597 Corinthia
1051 4558 1081 4597 a
1111 4542 1468 4599 celeberrimo
1496 4544 1735 4616 gentium
1764 4543 1908 4615 Apo-

339 4677 608 4731 seditionis
641 4693 703 4731 ac
726 4677 1068 4732 dissensionis
1096 4676 1253 4731 duces
1298 4686 1347 4730 et
1376 4677 1630 4746 principes
1673 4676 1906 4745 fuerunt,

340 4748 517 4819 debent
548 4763 1041 4819 communemrspem
1078 4746 1799 4819 contemplari......”Melius
1833 4755 1909 4819 est

344 4818 537 4872 homini
576 4820 813 4889 conﬁteri
855 4818 918 4872 de
959 4817 1189 4889 lapsibus
1220 4816 1524 4887 et‘peccatis
1553 4816 1911 4889 (ἐξομολογεῖ-

344 4889 464 4940 σθαι
502 4891 628 4959 περὶ
672 4888 778 4941 τῶν
823 4888 1303 4959 παραπτωμάτων)
1338 4904 1495 4958 quam
1539 4888 1791 4941 indurare
1822 4902 1911 4959 cor

340 4976 520 5021 suum,
554 4956 708 5027 prout
738 4956 1044 5012 induratum
1064 4956 1141 5012 est
1169 4975 1259 5012 cor
1283 4956 1463 5011 eorum
1485 4959 1573 5027 qui
1602 4967 1788 5012 contra
1823 4956 1909 5022 fa—

342 5024 666 5082 mulum'Dei
693 5027 911 5099 Moysen
951 5029 1255 5082 seditionem
1285 5024 1606 5099 fecerunt....
1635 5028 1909 5099 Clemens,

325 5100 580 5172 ,ιερίδιῖίἲ
606 5115 725 5170 cap.
754 5096 815 5155 51
844 5108 898 5172 et
938 5100 1113 5172 capite
1147 5096 1349 5172 52,7ait
1376 5118 1388 5152 :
1425 5096 1641 5172 Nullius
1671 5098 1766 5159 rei,
1799 5098 1912 5172 fra-

341 5167 465 5235 tres,
492 5167 697 5240 indigni
734 5180 811 5223 est
837 5167 1092 5223 Dominus
1121 5171 1374 5233 omnium,
1400 5186 1489 5223 nec
1513 5167 1793 5240 quidquam
1823 5167 1907 5221 de-

344 5240 581 5311 siderata
605 5250 951 5311 praterquam
990 5248 1050 5311 ut
1089 5243 1274 5311 eiiﬁat
1324 5240 1601 5311 confessio.
1640 5240 1731 5311 Ait
1774 5240 1912 5292 enim

336 5310 532 5364 electus
549 5309 784 5364 Dorida
807 5309 1107 5380 Conﬁtebor
1130 5310 1374 5374 Domino,
1406 5320 1455 5364 et
1491 5309 1715 5379 placebit
1744 5311 1791 5362 ei
1818 5325 1910 5362 su-

335 5398 431 5451 per
445 5381 663 5434 vitulum
694 5381 971 5444 novellum,
995 5398 1192 5435 cornua
1212 5381 1575 5451 producentem
1596 5388 1644 5433 et
1663 5381 1910 5451 ungulas.

353 5451 575 5505 Videant
594 5466 843 5520 pauperes
866 5462 916 5505 et
945 5448 1252 5506 laxentur.»
1272 5450 1340 5504 Et
1380 5452 1569 5505 iterum
1595 5465 1611 5503 :
1642 5470 1658 5499 ‹
1687 5448 1914 5503 Immola

337 5521 450 5576 Deo
480 5523 803 5591 sacri/icium
834 5521 1026 5576 laudis.
1068 5520 1119 5575 Ν
1126 5540 1213 5575 ant
1257 5522 1576 5591 sacriﬁcium
1608 5520 1717 5574 Deo
1755 5521 1914 5591 spiri-

335 5603 424 5646 tus
456 5593 862 5647 contribulatus.
903 5611 922 5643 ›

408 5662 522 5733 (55)
561 5663 811 5716 Animam
861 5662 1191 5744 intendamus
1214 5663 1283 5744 in
1330 5662 1639 5744 sanguinem
1689 5658 1910 5744 Christi,

335 5749 715 5803 cernamusque
740 5748 899 5802 quam
924 5735 1179 5802 pretiosus
1206 5733 1308 5788 Deo
1333 5734 1399 5788 sit
1426 5734 1538 5803 ejus
1567 5734 1804 5803 sanguis,
1825 5733 1914 5804 qui
1994 5768 2001 5775 .

665 5826 936 5887 Ριτιιοι.
993 5826 1110 5887 Gn.
1169 5827 1215 5888 1.

2022 1888 2078 1942 in
2104 1887 2232 1944 Asia
2264 1893 2437 1945 multo
2463 1893 2660 1964 magis,
2694 1902 2753 1948 ut
2785 1895 2975 1949 saltem
3007 1894 3237 1948 ominari
3268 1895 3414 1960 licet,
3446 1897 3595 1966 vige-

2020 1980 2115 2035 bat
2141 1981 2454 2037 Christiana
2484 1983 2698 2055 religio,
2730 1999 2793 2040 ac
2818 1985 2873 2039 in
2905 1985 3022 2055 ipsa
3044 1985 3180 2041 urbe
3206 1985 3473 2051 Romana,
3499 1987 3594 2041 ubi

2021 2072 2340 2142 superstitio
2383 2075 2601 2143 gentilis
2650 2074 2765 2131 fere
2806 2077 2987 2131 omnis
3038 2088 3137 2131 sua
3188 2078 3422 2149 templa,
3463 2093 3594 2133 suos

2019 2163 2263 2218 cultores
2324 2162 2600 2233 habebat;
2650 2180 2760 2236 quo
2823 2164 3082 2221 Ecclesia:
3125 2167 3433 2230 columna,
3484 2166 3595 2223 divi

2020 2269 2215 2325 nempe
2243 2257 2475 2325 apostoli
2498 2256 2690 2313 Petrus
2712 2266 2766 2313 et
2795 2256 2997 2313 Paulus
3017 2259 3129 2328 jam
3151 2258 3393 2315 defuncti
3413 2268 3592 2328 erant,

2018 2360 2127 2414 quo
2156 2354 2336 2401 autem
2369 2347 2582 2403 vivebat
2613 2349 2790 2404 adhuc
2810 2389 2825 2416 ,
2858 2356 2918 2404 ut
2946 2354 3012 2406 ex
3044 2349 3279 2407 Eusebio
3306 2352 3591 2416 discimus,

2017 2438 2250 2492 dilectus
2277 2437 2483 2494 Christi
2529 2438 2830 2510 discipulus
2853 2440 3012 2496 divus
3042 2443 3325 2511 apostolus
3352 2451 3405 2499 et
3428 2456 3595 2499 evan-

2015 2529 2211 2598 gelista
2231 2528 2493 2595 Joannes,
2524 2531 2608 2585 vel
2635 2531 2688 2585 in
2717 2531 2891 2587 inSttla
2919 2530 3161 2599 Patmos,
3181 2534 3263 2589 vel
3281 2533 3486 2605 Ephesi
3505 2536 3595 2591 de-

2016 2633 2172 2689 gens.

2088 2711 2168 2766 De
2197 2709 2437 2766 Ecclesia
2468 2711 2827 2768 Romana.—-i
2852 2713 3083 2780 Quinam
3106 2730 3271 2786 porro
3299 2725 3455 2773 erant
3484 2715 3594 2773 Ro-

2018 2803 2189 2867 mani,
2218 2803 2284 2858 ad
2313 2820 2454 2875 quos
2503 2802 2744 2860 Ecclesia
2782 2802 3064 2860 Corinthia
3097 2807 3374 2879 confugit?
3402 2808 3594 2865 Nonne

2020 2896 2072 2950 in
2108 2896 2227 2967 ipsa
2256 2897 2499 2953 Ecclesia
2526 2895 2773 2951 Romana
2796 2897 3106 2954 viventibus
3129 2899 3313 2954 adhuc
3329 2905 3593 2973 apostolis

2017 2985 2179 3043 Petro
2208 2998 2262 3045 et
2290 2986 2459 3044 Paulo
2490 2987 2867 3044 contentiones
2910 2999 3042 3044 ortae
3075 2998 3232 3045 erant
3270 2992 3414 3047 inter
3458 3008 3552 3048 eos
3573 3034 3589 3056 .

2018 3081 2112 3149 qui
2144 3096 2214 3135 ex
2244 3080 2549 3153 Synagoga,
2582 3089 2637 3136 et
2673 3082 2816 3137 inter
2839 3097 2956 3144 eos,
2992 3083 3087 3153 qui
3120 3099 3186 3138 ex
3230 3084 3482 3151 gentibus
3522 3085 3593 3140 ad

2018 3171 2147 3227 Jesu
2179 3172 2383 3229 Christi
2434 3174 2595 3230 ﬁdem
2646 3175 2821 3229 vocati
2878 3184 3070 3242 erant,
3124 3178 3183 3230 ut
3210 3172 3450 3247 Epistola
3479 3177 3593 3233 divi

2018 3261 2173 3318 Pauli
2202 3263 2270 3318 ad
2300 3260 2575 3318 Romanos
2607 3269 2691 3317 sat
2721 3263 2864 3318 clare
2898 3263 3076 3319 docet.
3107 3256 3296 3319 Nonne
3317 3264 3433 3334 jam
3464 3265 3592 3321 bina

2019 3356 2138 3411 vice
2187 3371 2405 3427 gravem
2448 3356 2885 3426 persecutionem
2927 3370 3191 3427 perpessa
3228 3356 3434 3422 fuerat,
3497 3363 3593 3413 aut

2019 3446 2199 3502 adhuc
2221 3450 2351 3502 tunc
2376 3445 2690 3501 exantlabat
2722 3446 2966 3502 Ecclesia
3002 3444 3437 3501 Christianorum
3475 3443 3589 3501 Ro-

2020 3539 2223 3594 mana?
2250 3555 2431 3595 nonne
2461 3541 2609 3595 nulla
2642 3540 2693 3597 ei
2729 3540 2796 3594 ab
2826 3540 3247 3610 imperatoribus
3279 3541 3450 3595 totius
3479 3540 3591 3596 fere

2017 3631 2170 3686 orbis
2198 3630 2433 3687 dominis
2457 3632 2629 3695 salus,
2659 3633 2872 3687 nullum
2898 3632 3073 3688 eidem
3104 3647 3134 3686 a
3165 3640 3378 3699 senatu,
3412 3648 3587 3704 popu-

2014 3722 2179 3794 loque
2207 3722 2451 3779 Romano
2480 3725 2783 3779 auxilium?
2816 3738 2997 3779 nonne
3023 3725 3108 3780 vel
3144 3725 3249 3795 ipsi
3279 3727 3584 3782 nobiliores

2018 3815 2276 3872 Ecclesia:
2303 3815 2583 3885 Romanae,
2611 3818 2697 3873 vel
2718 3820 2775 3871 in
2803 3818 3057 3873 exsilium
3084 3818 3239 3873 missi
3260 3819 3592 3896 erantChri-

2018 3910 2201 3976 stiani,
2237 3910 2409 3964 autin
2436 3911 2651 3982 angulis
2681 3909 3107 3966 delitescebant?
3139 3910 3207 3964 ad
3247 3910 3387 3966 hanc
3421 3894 3590 3982 igitur

2017 4000 2319 4058 Ecclesiam
2354 4003 2707 4059 celeberrima
2737 4002 3151 4058 Corinthiorum
3186 4001 3428 4059 Ecclesia
3456 4021 3590 4060 con-

2019 4092 2175 4165 fugit.

2094 4202 2112 4236 ι
2150 4184 2215 4238 Et
2242 4188 2369 4256 quae
2396 4184 2613 4240 demum
2642 4186 2901 4239 eveniunt
2945 4195 3067 4256 post
3096 4188 3371 4242 obtentam
3401 4201 3431 4240 a
3462 4186 3588 4240 divo

2015 4274 2318 4340 Clemente,
2354 4277 2577 4331 nomine
2608 4275 2864 4331 Ecclesiae
2904 4276 3186 4345 Romanae,
3218 4279 3502 4348 epistolam
3530 4281 3587 4335 in

2018 4365 2261 4422 Ecclesia
2289 4366 2736 4423 Corinthiorum?
2764 4376 2945 4423 cessat
2972 4368 3189 4435 seditio,
3224 4370 3365 4425 redit
3383 4372 3589 4428 sereni-

1944 4471 1987 4525 ι)
2018 4464 2101 4512 tas
2147 4458 2334 4527 pacis,
2378 4464 2438 4511 ut
2488 4470 2556 4513 ex
2600 4456 2802 4513 Irenaeo
2852 4459 3136 4516 discimus.
3186 4460 3427 4531 Epistola
3471 4465 3590 4521 haec

2011 4556 2164 4603 tanto
2187 4549 2454 4619 applausu
2481 4549 2677 4605 ibidem
2703 4550 3019 4622 suscipitur,
3051 4560 3109 4608 ut
3132 4570 3295 4626 porro
3315 4571 3412 4627 per
3429 4558 3588 4629 plura

2011 4688 2221 4759 propter
2240 4689 2476 4759 nostram
2488 4681 2727 4759 salutem
2748 4684 2967 4753 effusus,
2996 4688 3093 4759 toti
3120 4689 3315 4743 mundo
3334 4694 3589 4759 paeniten-

2012 4752 2100 4805 tia:
2127 4753 2328 4831 gratias
2356 4750 2564 4808 obtulit.
2593 4750 2940 4831 Recurramus
2958 4750 2961 4751 ν
2979 4757 3060 4831 ad,
3086 4775 3261 4814 omnes
3296 4750 3590 4831 generatio-

2011 4820 2519 4900 nes,_disc_am_usque
2560 4823 2704 4900 quod
2737 4826 2793 4879 in
2830 4830 3163 4900 generatione
3186 4840 3235 4883 et
3257 4820 3589 4900 generatione

2009 4893 2326 4970 penitentite
2347 4892 2527 4970 locum
2548 4892 2804 4970 Dominus
2831 4892 2982 4970 dedit
3009 4892 3299 4954 volentibus
3321 4902 3391 4954 ad
3415 4904 3589 4970 ipsum

2013 4963 2463 5042 conperit-capite
2496 4963 2527 5018 7
2552 4972 2608 5020 et
2630 4967 2806 5042 capite
2833 4968 2887 5024 8.
2925 4968 3165 5042 Ministri
3189 4971 3378 5026 divina:
3398 4963 3590 5042 gratia:

2010 5048 2101 5099 per
2133 5032 2391 5114 Spiritum
2424 5045 2669 5114 sanctum
2696 5032 2780 5114 _de_
2805 5040 3107 5114 paenitentia
3149 5041 3308 5095 locuti
3340 5032 3589 5114 :ipseque

2014 5103 2249 5156 omnium
2279 5101 2622 5181 D_o.minus_de
2644 5101 2945 5181 paenitentia
2970 5110 3171 5181 locutus
3194 5119 3270 5163 est
3297 5101 3414 5165 cuni
3437 5101 3589 5181 jura-

2015 5183 2226 5227 mento.-
2258 5191 2276 5222 σ
2315 5173 2439 5229 Vivo
2475 5177 2614 5237 enim
2647 5173 2766 5245 ego,
2810 5177 2937 5233 dicit
2968 5180 3251 5245 Dominus,
3291 5183 3414 5236 nolo
3437 5173 3589 5238 'mor-

2016 5253 2119 5298 tem
2142 5247 2453 5311 peccatoris,
2476 5245 2566 5300 sed
2589 5256 2647 5300 ut
2674 5258 3023 5306 convertatur.
3056 5269 3076 5303 ι

2089 5313 2376 5390 (ὅβὶιξεαιὶ
2409 5332 2612 5390 sumus,
2636 5317 2841 5390 dilecti,
2881 5320 2929 5373 si
2974 5329 3231 5390 prtecepta
3272 5321 3490 5378 Domini
3532 5329 3587 5380 in

2016 5384 2288 5458 charitatis
2318 5386 2595 5458 concordia
2638 5387 2931 5455 fecerimus,
2961 5384 3018 5442 ut
3045 5384 3150 5458 per.
3168 5393 3477 5449 charitatcm
3506 5414 3587 5451 re-

2016 5455 2297 5507 mittantur
2315 5456 2462 5530 nobis
2496 5459 3006 5530 peccata,gscrip’tum
3027 5455 3210 5530 quippe
3238 5473 3314 5517 est
3337 5479 3356 5518 :
3384 5484 3404 5515 ε
3434 5467 3587 5521 Beati

2014 5541 2235 5596 quorum
2283 5522 2525 5604 remissa:
2565 5537 2687 5581 sunt
2732 5522 3063 5604 iniquitates;
3099 5522 3159 5586 et'
3194 5550 3415 5604 quorum
3450 5547 3587 5593 tecta

2016 5605 2392 5673 suntpecfata.
2424 5615 2443 5647 ι
2468 5596 2739 5673 Clemens,
2769 5596 2998 5673 epistola
3031 5602 3083 5663 Ι.
3115 5596 3295 5673 capite
3317 5606 3407 5660 50.

2085 5666 2197 5739 (57)
2230 5666 2503 5733 Clemens,
2528 5667 2755 5735 epistola
2788 5666 2839 5733 ἱ,
2873 5673 3050 5742 capite
3072 5675 3161 5730 54.

3285 5832 3325 5894 ϐ
