4100 6278
484 282 577 338 ΠΙ

1585 284 1677 339 AD
1718 287 1775 344 S.
1815 284 2238 342 CLEMENTEM
2276 286 2565 350 LPAPAM

3620 302 3726 357 ΓΗ.

481 406 681 455 siecuta
713 406 865 455 certe
888 409 1129 472 tempore
1156 400 1212 455 in
1245 400 1475 471 publicis
1502 404 1861 460 conventibus
1891 406 2051 460 Chri-
2080 411 2125 466 Α
2152 404 2389 463 Joannes
2427 409 2710 478 apostolus
2740 418 2794 464 et
2815 412 3150 483 evangelista
3170 452 3187 478 ,
3231 412 3470 469 dilectus
3512 413 3721 470 Christi

481 495 786 549 stianorum
811 494 951 548 lecta
981 494 1164 557 fuerit,
1200 501 1362 564 prout
1387 510 1450 549 ex
1480 491 1738 565 Dionysio
1761 496 2051 551 Corinthio

480 592 704 641 enarrat
758 583 1065 653 Eusebius,
1102 592 1157 639 ct
1186 600 1288 649 suo
1331 586 1509 641 adhuc
1550 593 1795 657 tempore
1846 587 2051 642 factum

478 693 604 734 esse
632 678 796 732 divus
822 676 1187 749 Hieronymus
1214 684 1447 734 testatur
1472 697 1486 733 :
1521 679 1841 749 spectabant
1858 695 2052 751 nempe

477 771 749 826 Corinthii
781 770 923 824 hanc
962 770 1247 840 epistolam
1281 780 1537 840 tanquam
1567 770 1925 827 fortissimum
1952 788 2051 827 an-

478 864 713 919 tidotum
759 862 1019 918 adversus
1066 861 1280 916 futuras
1324 862 1650 929 seditiones;
1677 862 2050 932 deprehende-

477 959 610 1014 bant
640 960 793 1030 plura
824 959 876 1013 in
916 975 979 1015 ea
1020 974 1191 1014 sacrae
1229 959 1529 1029 Scriptura:
1565 959 1684 1014 loca
1719 960 1921 1015 clarius
1947 975 2046 1015 ex-

475 1054 680 1125 posita,
713 1062 767 1109 et
799 1055 1042 1110 moribus
1084 1053 1440 1109 emendandis
1485 1052 1716 1109 feliciter
1753 1054 1995 1109 adhibita
2027 1073 2041 1109 :

475 1147 827 1202 inveniebant
879 1145 1210 1216 apostolicas
1252 1145 1574 1201 traditiones
1614 1161 1644 1199 a
1687 1146 2045 1201 celeberrimo

470 1241 845 1310 apostolorum
867 1240 1136 1309 discipulo
1162 1238 1265 1294 sibi
1295 1238 1668 1308 conscriptas;
1700 1239 1949 1309 legebant
1988 1239 2044 1294 in

466 1333 663 1389 eadem
694 1334 840 1404 leges
869 1331 1174 1402 disciplina:
1209 1330 1321 1400 jam
1366 1331 1434 1384 ab
1474 1345 1589 1385 aevo
1633 1330 1932 1399 apostolico
1957 1329 2044 1385 in-

470 1425 789 1494 troductos;
838 1434 1001 1496 atque.
1040 1433 1124 1481 sat
1160 1426 1306 1481 clare
1335 1440 1403 1479 ex
1430 1423 1619 1479 eadem
1649 1422 1911 1478 Romana:
1939 1422 2044 1478 Ec-

468 1521 653 1575 clesiaa
705 1535 872 1591 supra
919 1527 1144 1575 caeteras
1184 1518 1513 1589 colligebant
1561 1517 2039 1588 principalitatem.

466 1612 751 1687 Cur_enim
786 1612 1025 1667 Ecclesia
1054 1610 1336 1667 Corinthia
1365 1600 1438 1664 ad
1462 1608 1762 1664 Romanam
1793 1608 2040 1679 confugit

2152 499 2459 571 discipulus
2482 540 2498 564 ,
2531 503 2622 571 qui
2654 502 2735 573 (ut
2762 503 2950 573 phrasi
2980 504 3241 560 Ecclesiae
3270 505 3485 577 loquar)
3522 506 3725 574 fluenta
3787 556 3797 563 .

2152 588 2426 661 Evangelii
2452 592 2517 646 de
2544 594 2657 660 ipso
2681 612 2835 649 sacro
2871 595 3136 650 Dominici
3157 600 3381 668 pectoris
3412 597 3557 665 [ante
3577 607 3728 666 pota-

2149 682 2221 736 uit
2242 721 2258 747 ,
2301 684 2396 754 qui
2442 698 2607 754 porro
2636 692 2874 741 testante
2897 687 3022 743 divo
3054 672 3386 760 Hieronymo
3424 688 3536 759 (38)
3579 695 3725 743 totas
3760 728 3763 732 -

2148 771 2293 829 Asiae
2333 774 2615 842 fundavit,
2663 778 2917 848 rexitque
2945 776 3226 833 Ecclesias
3259 798 3273 833 :
3307 777 3496 832 Romae
3539 787 3726 835 autem

2145 863 2260 935 jam
2289 868 2552 939 martyrio
2587 867 2821 924 affectos
2848 885 2972 925 esse
3000 870 3157 925 divos
3189 870 3468 941 apostolos
3496 870 3722 925 Petrum

2147 966 2203 1013 et
2231 956 2497 1025 Paulum,
2530 960 2584 1015 id
2620 970 2769 1016 certe
2798 960 3100 1017 Eeclesiam
3130 963 3466 1018 Corinthiam
3497 964 3724 1018 minime

2147 1048 2368 1105 latebat.
2413 1050 2482 1105 Et
2518 1052 2877 1107 nihilominus
2915 1069 3024 1107 non
3062 1054 3387 1124 legationem
3426 1054 3493 1108 ad
3532 1055 3722 1108 divum

2144 1137 2433 1208 Joannem,
2463 1144 2559 1199 sed
2584 1144 2652 1199 ad
2676 1144 2977 1200 Eeelesiam
2994 1145 3295 1200 Romanam
3313 1154 3366 1201 ct
3388 1145 3455 1199 ad
3470 1145 3723 1214 ejusdem

2144 1231 2440 1291 Praasulem
2466 1236 2745 1292 destinant
2767 1237 3052 1293 Corinthii.
3084 1238 3220 1305 Quis
3249 1254 3317 1292 ex
3344 1237 3449 1292 hoc
3474 1252 3582 1305 non
3606 1238 3725 1291 colo

2144 1324 2299 1394 ligat,
2329 1324 2647 1382 Corinthios
2687 1327 2872 1401 divum
2915 1328 3254 1385 Clementem
3289 1343 3390 1383 ceu
3417 1328 3586 1384 totius
3615 1327 3724 1382 Ec-

2144 1416 2328 1472 clesia:
2356 1425 2540 1487 caput,
2566 1426 2620 1473 et
2657 1420 2900 1474 omnium
2928 1419 3368 1476 Christianorum
3425 1427 3634 1491 patrem
3664 1427 3722 1473 et

2144 1508 2427 1565 doctorem
2456 1509 2629 1566 fuisse
2662 1514 2992 1568 veneratos?
3012 1523 3066 1569 et
3086 1530 3185 1585 per
3215 1514 3357 1569 hanc
3378 1517 3552 1583 ipsam
3582 1514 3637 1568 in
3657 1528 3723 1570 re

2143 1602 2316 1657 ardua
2346 1603 2655 1658 cessionem
2691 1620 2754 1658 ac
2782 1605 3171 1671 obedientiam,
3204 1607 3295 1661 ubi
3320 1607 3472 1661 zelus
3500 1606 3722 1661 invidiae

465 1704 798 1773 Ecclesiam;
828 1703 932 1760 nisi
966 1705 1019 1757 in
1048 1703 1149 1757 hac
1179 1702 1297 1773 ipsa
1323 1700 1579 1773 superius
1611 1699 1884 1770 quoddam
1916 1714 2037 1753 ma-
2074 1762 2111 1773 _
2137 1692 2251 1762 jam
2296 1702 2584 1749 exarserat
2615 1705 2764 1757 ante,
2809 1696 2983 1751 fuisse
3035 1696 3323 1753 confessos
3343 1737 3358 1762 ,
3420 1696 3567 1768 quod
3610 1697 3719 1769 ipsi

466 1762 886 1867 gisterium,'aut
914 1762 1324 1851 eminentiorem
1346 1762 1644 1865 quamdam
1661 1792 2037 1847 auctoritatem
2070 1762 2113 1818 Β
2143 1786 2271 1842 divo
2300 1784 2557 1842 Clementi
2583 1788 2635 1841 in
2663 1789 2814 1843 beato
2866 1788 3024 1843 Petro
3071 1789 3359 1859 pascendi,
3410 1799 3475 1843 et-
3507 1789 3720 1860 regendi

464 1889 813 1958 agnovisset?
855 1886 1046 1942 Nonne
1088 1886 1315 1942 aderant
1342 1886 1653 1956 complures
1703 1885 1861 1956 longe
1901 1883 2038 1938 vici-

456 1980 653 2034 rniorcs
697 1979 958 2035 Ecclesiae
998 1980 1203 2050 pariter
1243 1978 1314 2033 ab
1342 1978 1603 2049 apostolis
1645 1976 1883 2032 fundatae
1908 2016 1923 2039 ,
1969 1974 2037 2030 ad

458 2088 602 2142 quas
634 2071 928 2145 confugere
954 2074 1111 2145 longe
1141 2072 1357 2128 facilius
1380 2071 1665 2142 potuisset,
1699 2072 1745 2125 si
1781 2070 2038 2141 agnovis~

461 2167 624 2220 set-in
655 2165 736 2221 eis
762 2165 1024 2235 aequalem
1051 2165 1275 2219 omnino
1312 2178 1435 2219 eum
1458 2161 1703 2217 Romana
1741 2162 2037 2217 auctorita-

458 2258 611 2311 tem?
657 2256 847 2312 Nonne
886 2258 980 2312 illo
1013 2264 1289 2326 tempore,
1322 2271 1432 2326 quo
1461 2254 1707 2310 Ecclesia
1748 2253 2035 2310 Corinthia

455 2349 863 2405 ad-Romanam
900 2345 1165 2417 confugit,
1208 2346 1275 2400 ad
1304 2345 1520 2416 imperii
1564 2345 1777 2400 clavum
1810 2345 2035 2401 sedebat

459 2442 829 2505 Domitianus,
863 2454 1200 2511 persequens
1228 2438 1529 2495 crudeliter
1554 2438 1901 2494 Christianos
1920 2478 1935 2503 ,
1974 2439 2031 2494 in

459 2536 599 2589 urbe
626 2534 872 2587 Romana
903 2531 1248 2603 potissimum
1288 2529 1577 2585 dominans
1604 2537 1657 2584 et
1686 2528 2033 2585 Christianos

460 2627 662 2682 ibidem
685 2626 991 2696 exagitans,
1022 2633 1080 2679 ut
1102 2640 1168 2679 ex
1200 2623 1432 2679 Eusebio
1460 2622 1759 2678 discimus?
1780 2622 1892 2677 Cur
1906 2636 2031 2676 cum

458 2729 613 2773 tanto
661 2718 904 2790 periculo
943 2717 1074 2772 illuc
1114 2716 1321 2788 legatos
1367 2721 1462 2769 aut
1503 2715 1693 2770 saltem
1744 2714 2031 2785 epistolam

459 2811 649 2876 mittit,
689 2810 793 2865 nisi
816 2809 1111 2867 Ecclesiam
1143 2807 1465 2872 Romanam,
1500 2806 1830 2876 reliquarum
1860 2804 2033 2875 magi-

457 2912 630 2959 stram
671 2902 864 2959 fuisset
917 2898 1429 2958 venerata?Nonne
1478 2898 1582 2951 hoc
1628 2898 1746 2967 ipso
1787 2905 2033 2967 tempore

456 2997 725 3052 florebant
770 2994 907 3049 varii
961 2994 1141 3048 adhuc
1188 2991 1477 3062 apostolici
1540 2991 1678 3053 viri,
1737 2996 1792 3044 et
1844 2989 2030 3060 plures

2144 1877 2311 1949 (quod
2344 1879 2650 1948 spiritualia
2680 1880 2897 1951 attinet)
2929 1889 2977 1933 et
3005 1880 3333 1951 gubernandi
3370 1881 3718 1935 uniuersalem

2141 1969 2434 2025 Ecclesium
2459 1971 2613 2041 plena
2637 1982 2867 2041 potestas
2898 1975 2967 2027 sit
2994 1973 3234 2030 tradita?
3263 1993 3281 2026 ι
3305 1972 3582 2029 Hactenus
3604 1974 3720 2027 cla-

2140 2064 2395 2119 rissimus
2426 2062 2713 2120 Fuldensis
2766 2065 3069 2136 theologus.

2693 2174 3093 2231 ARTICULUS
3132 2175 3197 2232 11.

2555 2284 2988 2325 OBSERVATIONES
3027 2283 3292 2325 HORALES.

2141 2359 2169 2433 §
2207 2358 2249 2417 l.
2284 2360 2362 2416 De
2384 2362 2712 2435 humilitate,
2732 2371 2783 2416 et
2808 2362 3088 2428 charitate,
3125 2363 3350 2435 vitioque
3370 2363 3533 2418 eidem
3559 2380 3719 2435 oppo-

2665 2434 2790 2499 sito,
2822 2434 3179 2489 wmulatione.

2210 2524 2527 2580 Humilitas.
2555 2523 2868 2595 Exemplum
2906 2525 3224 2581 humilitatis
3266 2526 3330 2581 ‘in
3366 2536 3553 2580 sancta
3584 2525 3717 2606 Per-

2134 2630 2269 2671 sona
2292 2615 2610 2674 Saluatoris.
2639 2646 2710 2657 —-
2743 2617 2935 2685 Quoad
2966 2620 3228 2675 moralem
3257 2621 3434 2675 sancti
3463 2621 3715 2675 Clemen-

2137 2708 2209 2765 tis
2241 2709 2583 2775 doCtrinam,
2614 2727 2682 2766 en
2720 2711 3033 2781 pulchriora
3064 2713 3182 2768 loca
3202 2753 3217 2774 ,
3250 2729 3371 2783 quae
3405 2730 3470 2768 ex
3500 2714 3716 2770 duabus

2134 2803 2386 2873 epistolis
2402 2812 2659 2873 excerpta
2680 2819 2800 2858 eam
2817 2804 3138 2875 respiciunt.
3159 2804 3427 2876 Loquitur
3452 2807 3630 2876 primo
3645 2808 3715 2862 de

2134 2894 2446 2949 humilitate
2475 2894 2789 2949 Christiana
2810 2936 2825 2960 ,
2860 2897 3090 2966 ejusque
3126 2899 3338 2967 praxim
3371 2907 3594 2954 sanctus
3626 2899 3715 2953 hic

2140 2984 2386 3052 pontifex
2437 2984 2687 3039 fidelibus
2732 2986 3111 3052 commendat;
3149 2989 3369 3043 exhibet
3403 2991 3712 3061 exemplum

456 3088 665 3144 Christi
690 3086 1141 3156 ctapostolorum
1170 3083 1425 3154 discipuli
1450 3084 1473 3135 ?
1502 3082 1567 3137 ad
1598 3096 1736 3152 quos
1767 3082 1927 3150 longe
1948 3078 2029 3133 fa-
2057 3094 2105 3157 ο
2134 3074 2418 3144 ipsiusmet
2444 3073 2574 3130 Jcsu
2599 3076 2841 3141 Christi,
2869 3078 2937 3133 de
2964 3095 3072 3148 quo
3097 3080 3211 3136 haec
3235 3081 3398 3136 habet
3421 3082 3530 3151 (39)
3555 3083 3714 3137 :Sce-

372 3220 379 3223 -
454 3179 617 3234 cilius
654 3178 923 3248 potuisset
952 3175 1249 3231 accedere?
1279 3191 1376 3229 cur
1404 3175 1473 3228 ab
1504 3173 1654 3229 hisce
1701 3188 1810 3227 non
1852 3172 2032 3241 potius

455 3269 721 3326 auxilium
745 3267 924 3337 petit?
966 3266 1073 3321 nisi
1118 3266 1201 3319 vel
1227 3264 1281 3318 hi
1314 3264 1419 3335 ipsi
1448 3279 1476 3317 a
1507 3262 1756 3316 Romana
1786 3261 2030 3317 Ecclesia

456 3359 750 3432 quamdam
786 3357 1203 3428 dependentiam
1256 3355 1488 3412 fuissent
1532 3355 1802 3435 professi;
1849 3368 2032 3409 nonne

460 3455 554 3510 ille
585 3454 719 3524 ipse,
743 3451 800 3505 in
832 3466 992 3521 quem
1038 3450 1357 3505 fundaverat
1382 3466 1536 3506 suam
1574 3448 1875 3503 Ecclesium
1910 3446 2031 3501 Sal-

453 3554 613 3601 vator
644 3551 829 3598 noster
855 3541 1015 3598 Jesus
1046 3543 1320 3605 Christus,
1362 3540 1540 3611 quoad
1562 3556 1851 3611 personam
1870 3554 2027 3604 suam

448 3637 562 3708 jam
612 3636 903 3691 defunctus
950 3641 1068 3689 erat
1122 3649 1244 3687 cum
1295 3632 1422 3689 divo
1467 3633 1637 3688 Paulo
1688 3634 2029 3689 zelosissimo

450 3728 690 3798 gentium
743 3726 1028 3798 apostolo?
1049 3734 1103 3781 et
1135 3726 1489 3781 nihilominus
1520 3726 1588 3781 ab
1615 3726 1804 3781 eadem
1835 3726 2028 3782 Eccle-

450 3820 557 3885 sia,
608 3821 662 3873 in
698 3834 804 3889 qua
837 3817 1041 3872 crudeli
1080 3818 1465 3886 persecutione
1508 3818 1674 3871 vitam
1727 3825 2028 3887 posuerant

450 3912 613 3967 ambo
645 3911 897 3981 apostoli,
931 3908 1234 3965 subsidium
1258 3918 1311 3965 et
1344 3909 1755 3965 instructionem
1784 3917 2028 3981 tempore

452 4002 741 4058 seditionis
765 4008 820 4057 et
859 4003 1226 4056 contentionis
1295 4002 1436 4056 inter
1487 4003 1636 4071 ipsos
1677 4002 2025 4058 Christianos

451 4100 655 4151 exortae
681 4099 814 4164 petit
844 4093 1087 4149 Ecclesia
1127 4093 1443 4149 Corinthia!
1482 4104 1536 4149 et
1571 4110 1670 4149 cur
1702 4094 1833 4148 illud
1860 4136 1873 4157 ,
1916 4094 2023 4151 nisi

450 4187 508 4242 in
535 4187 652 4258 ipsa
670 4186 912 4242 Ecclesia
942 4185 1187 4242 Romana
1220 4188 1552 4257 potestatem
1596 4187 1706 4242 divi
1752 4186 1899 4242 Petri
1928 4189 2024 4243 ad-

450 4281 560 4337 huc
600 4291 713 4335 tum
742 4281 928 4351 vigere
956 4280 1239 4337 novisset?
1259 4286 1314 4335 et
1344 4280 1584 4344 demum,
1620 4280 1788 4346 unde,
1813 4296 2020 4351 quaeso,

448 4382 640 4429 tantus
687 4374 815 4428 huic
857 4374 1102 4445 epistolae
1143 4372 1473 4440 Clementis,
1515 4380 1609 4427 aut
1648 4372 2021 4429 Romanorum

2136 3176 2314 3237 ptrum
2338 3169 2636 3239 majestatis
2655 3169 2772 3233 Dei,
2800 3170 3057 3227 Dominus
3074 3183 3250 3228 uoster
3268 3174 3424 3229 Jesus
3443 3175 3708 3239 Christus,

2135 3277 2241 3314 non
2275 3262 2411 3315 venit
2454 3262 2507 3315 in
2536 3263 2806 3331 jactantia
2838 3267 3159 3336 arrogantia:
3182 3307 3197 3331 ,
3246 3284 3405 3338 neque
3431 3269 3708 3336 superbiat,

2134 3369 2254 3406 cum
2277 3363 2458 3422 potens
2483 3356 2554 3407 sit
2597 3357 2731 3418 ;sed
2786 3356 2841 3409 in
2891 3357 3218 3423 humilitate,
3268 3360 3709 3429 quemadmodum

2134 3441 2368 3513 Spiritus
2403 3455 2619 3499 sanctus
2653 3446 2717 3500 de
2743 3448 2856 3517 ipso
2901 3449 3104 3504 locutus
3143 3459 3242 3505 est.
3276 3450 3541 3522 Deinceps
3585 3461 3710 3523 post

2133 3535 2368 3590 adducta
2400 3536 2490 3592 illa
2521 3538 2801 3608 prophetae
2827 3537 2981 3594 Isaia:
3008 3542 3127 3596 loca
3149 3582 3162 3606 ,
3195 3544 3248 3596 in
3273 3544 3473 3613 quibus
3499 3546 3566 3600 de
3594 3553 3711 3599 tor-

2132 3628 2334 3683 mentis
2365 3635 2419 3683 et
2450 3630 2852 3699 abjectionibus
2898 3631 3198 3690 Salvatoris
3239 3644 3322 3690 est
3366 3652 3582 3700 sermo,
3631 3638 3708 3692 ita

2132 3721 2445 3781 concludit.
2487 3725 2553 3778 ad
2593 3725 2906 3781 Corinthios
2960 3742 3272 3783 sermonem
3332 3739 3702 3785 convertens:

2129 3811 2380 3880 Cernitis,
2409 3817 2508 3870 viri
2539 3817 2708 3881 chari,
2742 3819 2879 3889 quod
2909 3823 3177 3889 exentplar
3206 3823 3353 3877 nobis
3383 3823 3566 3877 datum
3594 3825 3661 3879 sit
3680 3828 3707 3883 2

2128 3922 2253 3959 nam
2292 3908 2339 3962 si
2368 3908 2627 3965 Dominus
2673 3911 2803 3966 adeo
2830 3912 3101 3967 humiliter
3136 3931 3190 3968 se
3223 3917 3423 3985 gessit,
3478 3917 3601 3986 quid
3626 3919 3709 3987 fa-

2127 3997 2324 4052 ciemus
2353 4016 2470 4064 nos,
2504 4002 2596 4081 qui
2611 4002 2705 4055 sub
2723 4004 2914 4073 jugum
2936 4005 3129 4073 gratia:
3159 4005 3271 4075 ejus
3305 4022 3398 4075 per
3430 4007 3598 4075 ipsum
3621 4024 3706 4063 ve-

2125 4090 2298 4144 nimus
2317 4093 2342 4147 ?

2195 4181 2323 4234 Alia
2343 4183 2582 4253 exempla
2604 4184 2926 4240 humilitatis
2962 4187 3015 4240 in
3046 4189 3368 4256 patriarchis
3399 4198 3448 4245 et
3483 4191 3706 4260 prophe-

2124 4274 2215 4329 tis.
2241 4306 2311 4314 —
2332 4274 2463 4330 Post
2491 4275 2735 4331 divinum
2759 4277 2864 4333 hoc
2893 4278 3236 4345 humilitatis,
3271 4281 3703 4351 abjectionisque

2123 4367 2435 4437 exctnplar,
2478 4378 2701 4423 sanctus
2748 4369 2998 4426 Pontifex
3037 4372 3195 4427 nobis
3225 4375 3294 4428 ob
3322 4374 3510 4429 oculos
3552 4376 3706 4444 ponit

449 4464 694 4530 effectus,
727 4473 786 4519 ut
819 4466 874 4520 in
903 4466 1147 4522 Ecclesia
1173 4465 1460 4521 Corinthia
1488 4467 1870 4522 contentiones
1900 4482 2023 4525 ces-

2135 4458 2427 4527 pcrfectam
2491 4459 2853 4517 humilitatem
2928 4473 3243 4518 sanctorum
3311 4466 3701 4533 prophetarum

450 4565 594 4627 sent,
623 4557 909 4613 seditionis
934 4558 1075 4628 ignis
1102 4558 1499 4629 exstinguatur,
1532 4572 1637 4629 pax
1667 4559 1902 4614 redeat?
1926 4574 2027 4614 cur

448 4647 560 4704 divi
581 4647 873 4703 Clementis
892 4648 1121 4718 epistola
1149 4655 1300 4703 tanta
1330 4651 1681 4706 veneratione
1702 4650 2021 4722 suscipitur,

450 4749 514 4797 ut
538 4741 866 4813 quantocius
887 4741 1071 4797 cuncti
1100 4740 1275 4797 eidem
1304 4742 1603 4797 obediant?
1637 4757 1737 4797 cur
1766 4751 1916 4798 tanta
1944 4743 2025 4798 ei-

447 4833 570 4888 dem
602 4830 861 4886 tribuitur
883 4832 1205 4893 reverentia,
1244 4838 1305 4885 ut
1335 4837 1458 4902 post
1483 4832 1638 4901 plura
1669 4831 1868 4887 saecula
1897 4845 2017 4885 eam

447 4924 505 4978 in
528 4923 884 4979 conventibus
910 4922 1142 4993 publicis
1174 4922 1377 4993 legant,
1404 4923 1511 4978 nisi
1539 4923 1725 4978 divum
1764 4922 2019 4979 Clemen-

445 5026 555 5072 tem
588 5031 687 5070 ceu
710 5015 887 5070 sancti
914 5013 1061 5070 Petri
1092 5015 1462 5086 aposwlorum
1497 5013 1770 5084 Principis
1796 5029 2020 5070 succes—

445 5123 629 5164 sorem
671 5108 907 5164 fuissent
945 5110 1228 5173 venerati,
1280 5107 1385 5163 nisi
1426 5122 1537 5178 prae
1579 5106 1806 5177 reliquis
1852 5107 2017 5162 etiam

447 5201 814 5257 sanctissimis
840 5199 977 5255 viris
1005 5200 1269 5269 majorem
1313 5200 1604 5270 quamdam
1634 5199 2017 5255 auctoritatem

446 5295 623 5348 eidem
664 5293 1027 5348 tribuissent?
1067 5292 1180 5348 Hoc
1221 5294 1341 5364 ipso
1385 5307 1519 5347 sane
1548 5299 1831 5363 tempore,
1862 5300 1922 5347 ut
1950 5308 2019 5347 ex

448 5381 684 5443 Eusebio
731 5384 1030 5450 discimus,
1086 5385 1301 5440 vivebat
1368 5384 1548 5439 adhuc
1604 5382 1808 5456 Ephesi
1858 5384 2019 5441 divus

522 5546 568 5576 "
598 5544 733 5601 Gen.
785 5563 944 5610 xvur,
975 5547 1065 5601 27.
1120 5548 1186 5633 7"
1216 5546 1318 5601 Job
1345 5563 1455 5612 xlv,
1485 5547 1542 5603 4.
1618 5546 1663 5579 ³⁸
1688 5544 1860 5602 Exod.
1882 5558 1963 5613 nt,
1983 5544 2070 5602 li.

521 5680 634 5751 (38)
677 5680 741 5753 ρ.
761 5681 1089 5753 llieronym.
1120 5681 1199 5735 De
1225 5682 1406 5751 script.
1437 5682 1621 5741 cccles.
1656 5683 1710 5739 in
1740 5682 2017 5752 Catalogo.

523 5754 634 5823 βυ)
677 5750 846 5823 Epist.
884 5753 938 5818 i,
970 5750 1091 5823 cap.
1125 5753 1218 5809 l6.
1334 5750 1339 5751 γ
1651 5756 1657 5763 ’

2129 4549 2538 4615 Eliae,Elis;eiet
2560 4551 2880 4608 Ezechielis.
2912 4553 3143 4607 Abraha:
3158 4550 3517 4609 humilitatem
3551 4571 3703 4610 com-

2127 4644 2350 4699 mendat
2393 4645 2506 4716 (40)
2558 4644 2615 4699 in
2662 4646 2786 4701 istis
2829 4645 3079 4715 ejusdem
3107 4644 3433 4715 patriarchae.
3462 4648 3644 4703 verbis
3680 4668 3699 4709 :

2127 4736 2239 4809 Ego
2271 4748 2447 4792 autem
2495 4755 2613 4793 sum
2654 4749 2796 4794 terra
2834 4748 2883 4793 et
2932 4741 3065 4794 cinis
3096 4741 3173 4808 ’3;
3206 4740 3561 4795 humilitatem
3595 4740 3701 4799 Job

2124 4832 2185 4887 in
2225 4832 2513 4887 verissima
2567 4833 2690 4901 hac,
2743 4849 2911 4903 quam
2947 4833 3144 4898 tradit,
3187 4834 3419 4888 veritate
3466 4854 3479 4890 :
3530 4833 3699 4892 Nemo

2124 4922 2351 4977 mundus
2382 4940 2415 4977 a
2445 4923 2598 4978 sorde
2616 4964 2632 4990 ,
2662 4934 2711 4978 et
2735 4925 2782 4979 si
2813 4904 2968 4979 unius
2993 4924 3097 4979 diei
3125 4927 3193 4980 sit
3221 4927 3327 4980 vita
3354 4927 3466 4996 ejus
3496 4929 3570 4996 ";
3597 4930 3700 4985 hu-

2125 5014 2412 5070 militatem
2443 5014 2645 5085 Moysis
2684 5017 2760 5085 in,
2782 5017 3067 5073 aversione
3088 5057 3102 5081 ,
3131 5031 3291 5087 quam
3321 5015 3434 5072 Deo
3463 5026 3698 5075 testatus

2127 5116 2235 5169 est,
2269 5124 2301 5162 a
2329 5107 2599 5163 sumendo
2627 5108 2892 5179 regimine
2934 5111 3120 5180 p0puli
3158 5109 3446 5166 lsraelitici
3481 5112 3562 5168 "z
3597 5113 3700 5167 hu-

2126 5202 2415 5257 militatem
2448 5200 2671 5258 Davidis
2691 5242 2708 5267 ,
2740 5219 2861 5274 qua:
2891 5205 3127 5257 maxime
3155 5203 3208 5258 in
3234 5204 3444 5274 psalmo
3476 5220 3506 5260 ι.
3536 5220 3694 5274 repe-

2124 5293 2288 5363 ritur,
2315 5295 2408 5350 ubi
2441 5309 2606 5350 verus
2638 5296 2726 5350 hic
2777 5296 3051 5367 ptenitens
3096 5296 3458 5353 humilitatem
3512 5297 3693 5352 cordis

2127 5386 2212 5441 sui
2242 5384 2553 5441 manifestat
2577 5385 2711 5457 (il).

2202 5676 2316 5748 (40)
2352 5675 2513 5748 ibid,
2544 5691 2666 5747 cap.
2708 5676 2797 5748 l7.

2197 5746 2310 5814 (VM)
2351 5746 2449 5813 Ep.
2484 5747 2537 5813 l,
2568 5746 2687 5813 cap.
2724 5747 2810 5804 18.
