4068 6274
332 354 426 408 I75

1546 338 1887 398 PROtEMIA
1926 334 2308 393 VARIORUM.

3444 344 3544 397 ιτς

400 464 633 520 pulchra;
664 462 933 517 εεηιεηηω
965 461 1029 516 de
1054 461 1366 516 humilitate,
1390 491 1459 500 _
1490 459 1880 529 Splendidissi-
1910 457 1956 513 Α
1985 453 2279 507 schismata
2320 470 2511 509 eorum
2555 438 2723 511 causa
2761 457 2990 515 excitari
3039 458 3540 528 deprehenderunt.

328 556 431 608 mis
453 554 599 608 hisce
628 550 952 607 humilitatis
972 549 1297 605 Christiana:
1328 549 1594 619 exemplis
1635 547 1880 617 adiungit

328 656 540 701 sanctus
568 644 821 700 Clemens
846 644 1140 699 nonnullas
1167 643 1361 699 breues
1404 642 1706 697 sententias
1733 640 1880 694 circa

330 736 463 788 hanc
485 732 730 789 eamdem
750 734 1029 789 virtutem.
1059 732 1203 788 Laus
1233 742 1439 797 nostra,
1467 732 1663 802 inquit,
1685 732 1741 783 in
1772 728 1880 782 Deo

328 829 413 887 sit.
437 824 484 881 et
525 844 629 881 non
660 844 694 881 ιι
736 826 886 882 nobis
927 827 1056 897 ipsis
1081 824 1216 899 (42).
1264 826 1501 891 Etenim,
1548 824 1698 879 addit
1727 824 1877 893 ipse,

332 920 459 972 Deus
476 919 585 972 odit
604 936 690 974 eos
734 918 1139 989 quisemetipsds
1160 917 1469 987 prazdicant.
1505 916 1882 971 Testimonium

325 1013 437 1065 boni
464 1013 633 1080 operis
663 1011 833 1066 nostri
866 1009 931 1064 ab
956 1010 1080 1064 aliis
1103 1008 1368 1063 tribuatur
1396 1007 1575 1075 nobis,
1596 1008 1754 1061 sicuti
1790 1021 1883 1060 ea:-

323 1102 536 1155 hibitum
562 1111 641 1156 est
672 1100 924 1156 Patribus
972 1102 1189 1156 nostris.
1224 1099 1541 1163 Temeritas,
1575 1097 1882 1167 arrogantia

320 1208 366 1251 et
402 1198 652 1261 audacia,
696 1197 987 1251 maledictis
1028 1213 1061 1249 a
1111 1196 1249 1260 Deo;
1294 1196 1584 1251 moderatio
1620 1204 1794 1248 autem
1828 1203 1882 1247 et

322 1287 595 1341 humilitas
618 1298 666 1341 et
692 1285 1033 1340 mansuetudo
1050 1285 1190 1354 apud
1216 1286 1363 1350 illos,
1400 1290 1489 1356 qui
1527 1303 1559 1337 a
1592 1285 1699 1338 Deo
1733 1283 1883 1337 bene-

320 1379 447 1432 dicti
479 1388 599 1433 sunt
642 1420 655 1432 .
700 1418 715 1431 .
760 1419 775 1431 .
819 1375 1214 1447 Unusquisque,
1241 1377 1403 1432 habet
1436 1377 1566 1431 alibi
1593 1376 1735 1447 (45),
1760 1388 1885 1443 pro-

320 1468 464 1521 ximo
482 1484 576 1521 suo
604 1465 920 1535 subjiciatur
961 1507 974 1519 .
1020 1502 1038 1520 .
1079 1504 1093 1519 .
1136 1464 1350 1518 humilis
1373 1481 1477 1518 non
1502 1464 1603 1517 sibi
1644 1465 1883 1518 testimo-

321 1560 465 1613 nium
493 1558 649 1627 ferat,
673 1557 763 1611 sed
793 1557 955 1619 sinat,
982 1565 1040 1608 ut
1069 1555 1204 1609 alter
1231 1555 1332 1625 ipsi
1350 1553 1615 1623 perhibeat
1648 1554 1885 1609 testimo-

323 1651 465 1703 nium
497 1664 516 1701 :
536 1650 625 1719 qui
640 1666 795 1703 carne
813 1657 990 1703 castus
1016 1656 1114 1712 est,
1136 1664 1198 1701 ne
1220 1647 1517 1712 insolescat,
1535 1649 1700 1702 sciens
1717 1647 1883 1701 alium

321 1756 446 1802 esse,
482 1743 570 1811 qui
593 1742 642 1794 ei
666 1741 1040 1795 continentiam
1059 1739 1247 1794 donat.
1275 1738 1588 1809 Reputemus
1606 1756 1748 1809 ergo,
1773 1738 1885 1809 fra-

320 1844 440 1897 tres,
478 1848 543 1886 επ
577 1849 682 1903 qua
710 1832 934 1885 materia
956 1832 1119 1885 creati
1143 1832 1347 1895 simus;
1369 1832 1496 1902 qui,
1544 1841 1595 1885 et
1615 1830 1795 1902 quales
1826 1833 1881 1885 in

318 1925 571 1979 mundum
602 1925 824 1995 ingressi
847 1926 1035 1988 simus,
1066 1933 1316 1995 tanquam
1341 1940 1369 1978 e
1390 1924 1627 1993 sepulcro
1647 1933 1697 1979 et
1738 1933 1882 1979 tene—

318 2017 450 2082 bris;
502 2027 693 2071 auctor
713 2027 762 2071 et
788 2018 961 2086 opifex
1001 2026 1176 2072 noster
1207 2018 1263 2070 in
1307 2015 1560 2070 mundum
1595 2032 1749 2070 suum
1788 2033 1881 2071 nos

318 2109 633 2173 introduxit,
665 2111 1001 2179 preparatis,
1036 2118 1316 2180 antequam
1348 2119 1699 2173 nasceremur,
1728 2108 1881 2162 bene-

318 2201 468 2269 factis
500 2201 638 2254 suis.
668 2200 751 2255 Sit
783 2201 975 2271 aliquis
1005 2199 1198 2269 ﬁdelis,
1223 2202 1291 2254 sit
1312 2210 1492 2268 potens
1514 2200 1569 2253 in
1582 2199 1882 2253 enarranda

318 2292 611 2361 cognitione
651 2334 663 2346 .
706 2334 720 2346 .
767 2334 779 2346 .
824 2301 968 2345 tanto
991 2292 1240 2345 humilior
1260 2305 1373 2344 esse
1390 2288 1557 2353 debet,
1585 2306 1687 2359 quo
1711 2289 1883 2358 major

316 2399 420 2437 esse
453 2383 665 2437 videtur
690 2384 840 2455 (2H);
869 2384 992 2455 quia
1012 2423 1027 2446 ,
1058 2391 1116 2436 ut
1146 2383 1254 2437 alio
1279 2383 1401 2437 loco
1421 2382 1554 2436 dicit
1609 2380 1720 2451 (45)
1740 2422 1754 2441 ,
1780 2397 1882 2450 quo

318 2475 505 2543 majori
560 2475 851 2546 cognitione
894 2474 1039 2546 digni
1078 2490 1259 2529 sumus
1301 2474 1504 2538 habiti,
1552 2489 1611 2528 eo
1650 2473 1881 2541 periculo

316 2569 544 2636 graviori
570 2567 781 2621 obnoxii
805 2584 1005 2622 sumus.

383 2658 459 2713 De
478 2660 769 2716 eharitate.
794 2658 1138 2715 Characteres
1193 2658 1493 2714 charitatis.
1527 2690 1597 2699 -—
1625 2657 1779 2724 Quod
1814 2659 1882 2713 de

316 2748 584 2804 charitate
614 2749 771 2804 docet
801 2758 1025 2806 sanctus
1049 2750 1319 2814 Pontifex,
1352 2759 1406 2805 et
1430 2750 1496 2804 ad
1523 2752 1773 2819 pietatem
1803 2748 1883 2802 al-

316 2840 455 2902 licit,
486 2850 547 2895 et
579 2856 797 2896 omnem
839 2850 1083 2897 nostram
1116 2849 1459 2912 promeretur
1504 2832 1879 2896 attentionem.

319 2932 521 2989 Divina:
561 2934 727 3003 hujus
749 2935 971 2990 virtutis
1004 2936 1350 2991 characteres
1375 2943 1504 2989 sunt
1534 2942 1828 3005 sequentes
1863 2956 1877 2990 :

315 3023 568 3080 Charitas
596 3038 692 3080 nos
718 3024 826 3081 Deo
854 3026 1170 3097 agglutinat,
1220 3044 1239 3077 ‹
1278 3027 1511 3081 charitas
1551 3027 1715 3095 operit
1742 3028 1882 3082 mul-

1982 544 2239 601 Dicamus
2268 548 2427 601 etiam
2451 587 2466 610 ,
2516 562 2709 601 omnes
2740 536 3022 605 ministros
3062 549 3275 603 Domini
3312 548 3544 618 idipsum

1981 638 2037 691 in
2067 637 2261 691 iisdem
2285 637 2717 694 circumstantiis
2748 655 3010 712 peragere
3031 642 3264 708 debere;
3296 643 3548 698 ﬁdelibus

1980 727 2122 781 enim
2154 728 2393 797 praebere
2415 737 2671 785 tenentur
2693 733 2940 802 exempla
2969 732 3273 796 charitatis,
3309 750 3430 802 quae
3449 752 3550 805 pu-

1982 820 2201 875 rissima
2234 822 2325 884 sit,
2357 829 2411 876 et
2436 823 2722 878 commoda
2758 839 2867 878 non
2898 834 3123 895 quierat.
3166 824 3248 880 Ne
3275 838 3550 882 vereantur

1966 912 2143 982 igitur
2169 911 2225 965 id
2251 912 2452 981 agendo
2479 916 2780 968 necessaria
2814 918 3055 970 amittere
3084 932 3102 967 :
3142 917 3247 983 Qui
3284 919 3424 971 enim
3452 918 3549 972 hoc

1984 1006 2234 1067 fecerit...
2270 1005 2572 1075 percptime
2598 1006 2673 1061 ait
2696 1017 2920 1065 sanctus
2946 1008 3345 1082 PontifexMS),
3378 1013 3549 1065 omnis

1983 1097 2126 1150 locus
2145 1114 2264 1151 eum
2291 1100 2535 1169 suscipiet
2565 1115 2584 1154 :
2615 1099 2827 1156 Domini
2851 1103 2989 1156 enim
3015 1113 3094 1157 est
3116 1113 3275 1168 terra,
3306 1115 3355 1158 et
3378 1105 3550 1174 pleni-

1984 1191 2107 1243 tudo
2129 1191 2261 1258 ejus.

2055 1282 2125 1337 Ut
2145 1284 2400 1338 ostendat
2427 1293 2652 1341 sanctus
2675 1284 2958 1354 Clemens,
3006 1289 3348 1359 impossibile
3379 1292 3553 1345 haud-

1983 1387 2256 1442 quaquam
2286 1388 2432 1439 esse,
2463 1375 2609 1444 quod
2639 1376 2894 1445 superius
2923 1378 3130 1442 docuit,
3152 1381 3400 1448 exempla
3427 1395 3553 1449 pro-

1985 1462 2088 1519 fert
2122 1464 2389 1531 gentium,
2422 1480 2487 1520 ac
2526 1476 2735 1533 narrat,
2767 1469 2970 1524 multos
2996 1484 3152 1540 reges
3177 1485 3241 1523 ac
3275 1472 3549 1540 principes

1982 1555 2260 1611 exstitisse
2283 1571 2347 1610 ex
2391 1557 2672 1624 gentibus,
2707 1561 2800 1629 qui
2830 1576 2890 1615 se
2925 1561 3075 1630 ipsos
3115 1563 3278 1616 morti
3311 1562 3565 1617 tradide-

1984 1652 2147 1710 runt,
2180 1655 2239 1701 ut
2278 1646 2427 1701 cives
2454 1648 2556 1702 suo
2584 1636 2852 1719 sanguine
2897 1650 3214 1707 liberarent.
3258 1652 3347 1705 Ait
3397 1651 3553 1706 insu-

1985 1752 2081 1806 per
2112 1737 2224 1811 (49)
2253 1758 2267 1792 :
2300 1737 2498 1794 Multos
2528 1740 2666 1795 inter
2699 1758 2792 1795 nos
2820 1743 3151 1812 cognovimus
3171 1781 3187 1808 ,
3232 1744 3321 1813 qui
3350 1744 3550 1812 seipsos

1984 1832 2041 1885 in
2074 1831 2282 1885 vincula
2301 1831 2667 1901 conjecerunt,
2699 1843 2757 1886 ut
2783 1835 2917 1887 alios
2942 1833 3274 1890 redimerent.
3308 1833 3468 1889 Hulti
3497 1853 3553 1890 se

1984 1924 2122 1991 ipsos
2147 1924 2200 1977 in
2224 1918 2524 1977 servitulem
2552 1923 2808 1979 dederunt
2833 1966 2848 1991 ,
2894 1935 2944 1980 et
2987 1936 3196 1996 accepto
3223 1928 3387 1995 pretio
3427 1931 3548 1990 sui,

1984 2014 2118 2068 alios
2137 2014 2398 2070 cibarunt.
2419 2013 2644 2085 Egregia
2671 2014 2785 2068 haec
2808 2016 3060 2084 perfecta:
3079 2017 3361 2073 charitatis
3377 2034 3554 2073 exem-

1984 2105 2070 2173 pla
2099 2121 2208 2175 prce
2228 2105 2403 2161 oculis
2433 2105 2668 2160 habeant
2693 2103 2954 2161 Ecclesia:
2978 2108 3238 2174 ministri,
3262 2124 3327 2164 ac
3351 2118 3553 2167 attente

1981 2197 2345 2253 considerent.

2053 2288 2131 2342 De
2152 2289 2512 2343 aemulatione.
2556 2288 2791 2358 Eﬂectus
2825 2290 3200 2346 mmulationis.
3232 2322 3303 2332 —
3333 2288 3552 2347 Tertius

1983 2381 2246 2435 articulus
2282 2378 2462 2451 quoad
2497 2394 2715 2445 mores,
2744 2396 2906 2450 quem
2952 2382 3006 2436 in
3053 2392 3246 2440 sancto
3272 2383 3555 2439 Clemente

1983 2473 2240 2527 observat
2272 2472 2343 2528 el.
2372 2472 2646 2528 Marechal
2670 2471 2734 2528 Ο.
2761 2473 2819 2528 S.
2845 2473 2931 2538 Β..
2957 2481 3041 2529 est
3070 2475 3220 2529 circa
3248 2476 3507 2531 invidiam
3533 2517 3551 2542 ,

1984 2577 2081 2616 seu
2113 2563 2535 2618 aemulationem.
2587 2562 2936 2618 Demonstrat
2981 2563 3322 2627 Corinthiis,
3368 2568 3511 2637 quod
3534 2607 3551 2627 .

1984 2661 2275 2733 postquam
2311 2655 2441 2709 huic
2466 2656 2710 2725 passioni
2743 2672 2803 2711 se
2832 2666 2947 2712 toto
2987 2658 3171 2713 animo
3190 2658 3515 2714 dediderunt
3535 2700 3553 2723 ,

1982 2744 2173 2814 procul
2217 2744 2361 2799 absit
2383 2745 2600 2815 justitia
2623 2752 2677 2801 et
2712 2761 2818 2814 pax
2856 2764 2870 2800 :
2906 2745 3273 2816 Unusquisque
3314 2749 3554 2802 timorem

1981 2838 2081 2892 Dei
2105 2837 2320 2902 deserit,
2352 2848 2401 2892 et
2425 2839 2480 2892 in
2509 2838 2614 2907 ﬁde
2642 2839 2788 2893 illius
2818 2842 3029 2894 ctecutit
3048 2879 3065 2906 ,
3102 2858 3193 2895 nec
3218 2843 3273 2894 in
3296 2843 3555 2896 institutis

1982 2940 2360 3002 prceceptorum
2380 2932 2496 3002 ejus
2519 2931 2789 2997 ambulat,
2815 2948 2905 2986 nec
2937 2930 3148 2987 Christo
3169 2932 3407 2986 decenter
3430 2951 3557 2987 con-

1983 3034 2251 3090 versatur;
2280 3026 2371 3080 sed
2400 3027 2752 3096 unusquisque
2780 3025 3063 3079 secundum
3083 3041 3273 3095 pravas
3295 3027 3555 3095 cupidita—

316 3112 596 3171 titudinem
624 3121 957 3185 peccatorum
980 3119 1023 3149 ³¹
1047 3133 1066 3171 :
1088 3119 1321 3173 charitas
1344 3121 1520 3171 omnia
1549 3119 1739 3172 tolerat
1764 3119 1830 3182 3',
1857 3138 1877 3171 ι
1909 3137 1951 3194 C
1987 3127 2059 3172 tes
2101 3135 2227 3173 suas
2284 3119 2499 3173 incedit.
2559 3116 2767 3173 Deinde
2824 3118 3089 3172 nonnulla
3140 3134 3208 3173 ex
3253 3117 3570 3188 Scripturis‘

315 3210 486 3263 omnia
514 3226 669 3279 (equo
695 3210 796 3279 fert
814 3212 992 3264 animo
1015 3227 1034 3272 ;
1061 3212 1115 3264 in
1138 3212 1394 3267 charitate
1414 3211 1544 3265 nihil
1586 3211 1881 3279 sordidum,

320 3300 449 3354 nihil
470 3300 796 3369 superbum,
838 3300 1073 3355 videlicet
1106 3302 1513 3357 moderationem
1556 3303 1611 3355 in
1638 3301 1881 3357 omnibus

315 3397 502 3455 servat,
537 3384 776 3446 charitas
796 3393 1037 3446 .schisma
1066 3410 1169 3447 non
1200 3393 1382 3459 habet,
1414 3394 1651 3448 charitas
1674 3395 1885 3450 seditio-

315 3499 425 3536 nem
449 3500 562 3537 ποτε
586 3484 842 3548 concitat,
870 3486 1103 3538 charitas
1135 3486 1312 3537 omnia
1330 3485 1460 3554 facit
1488 3487 1543 3538 in
1559 3488 1840 3542 concordia
1863 3503 1882 3541 :

314 3577 366 3629 in
393 3577 658 3631 charitate
682 3586 859 3631 amnes
891 3578 986 3632 Dei
1006 3580 1157 3633 electi
1187 3579 1402 3647 perfecti
1428 3588 1571 3634 sunt.
1607 3580 1734 3637 Sine
1757 3583 1882 3638 clm-

314 3668 467 3722 ritate
491 3669 631 3723 nihil
661 3679 927 3738 acceptum
952 3680 1031 3723 est
1063 3669 1169 3723 Deo
1198 3668 1335 3741 (i6).

381 3758 766 3816 Pulcherrimo
796 3761 924 3815 huic
953 3762 1243 3816 charitatis
1270 3763 1466 3834 elogio.
1496 3763 1744 3834 ejusdem
1772 3767 1884 3821 vir-

310 3852 443 3907 tutis
478 3853 797 3923 exemplum
844 3853 994 3907 addit
1040 3853 1595 3923 sanctus'Pontilex,
1641 3857 1883 3929 illudque

309 3945 777 4001 considerandum
815 3946 1068 4015 proponit
1098 3947 1153 4000 in
1191 3947 1408 4019 Moyse,
1454 3951 1549 4021 qui
1595 3952 1723 4007 olim
1753 3970 1882 4010 suas

311 4035 377 4089 ad
413 4035 591 4090 Deum
629 4033 769 4088 fudit
795 4051 1021 4107 preces,
1060 4043 1120 4091 ut
1149 4050 1241 4091 aut
1271 4037 1570 4097 dimitteret
1597 4054 1881 4114 peccatum

312 4128 491 4197 populi
522 4126 649 4192 sui,
676 4135 770 4180 aut
810 4127 1014 4182 deleret
1047 4143 1169 4183 eum
1205 4129 1274 4184 de
1314 4131 1454 4187 libro
1486 4134 1782 4192 viventium
1813 4138 1878 4194 ³⁸.

312 4216 449 4281 Quis
480 4226 611 4288 ergo
652 4217 787 4270 inter
828 4233 917 4271 vos
958 4220 1282 4287 generosus?
1337 4223 1615 4278 concludit
1656 4235 1881 4285 sanctus

312 4300 564 4366 Clemens
594 4309 732 4381 (47),
746 4311 861 4380 quis
886 4310 1184 4364 misericors
1202 4315 1227 4366 ?
1246 4314 1361 4383 quis
1381 4313 1637 4371 charitate
1655 4319 1839 4387 plenus
1856 4323 1882 4376 .9

311 4398 500 4454 dicat:
536 4402 604 4455 Si
638 4412 847 4471 propter
886 4419 966 4457 me
991 4403 1181 4458 seditio
1215 4414 1333 4459 orta
1358 4416 1435 4461 est
1456 4417 1539 4471 ,et
1578 4409 1875 4477 discordia,

1985 3213 2228 3282 exempla
2259 3211 2442 3275 allen,
2473 3210 2671 3280 quibus
2696 3224 2910 3264 morum
2937 3210 3378 3280 depravationem
3406 3213 3555 3266 omni

1984 3312 2230 3375 tempore
2260 3305 2315 3358 in
2347 3304 2660 3358 hominibus
2678 3303 2959 3357 inductam
2983 3303 3228 3357 ostendit
3255 3317 3321 3358 ex
3354 3303 3458 3357 hoc
3482 3304 3557 3359 vi-

1984 3399 2062 3451 tio
2089 3417 2102 3452 :
2138 3397 2290 3463 Quod
2309 3407 2521 3466 propter
2543 3396 2955 3460 cemulationem,
2988 3396 3065 3449 ait
3094 3395 3186 3449 hic
3205 3402 3429 3450 sanctus
3450 3395 3556 3451 Pa-

1983 3500 2066 3545 ter
2098 3489 2234 3562 (50),
2260 3488 2615 3559 fratricidium
2629 3489 2674 3520 ³⁵
2694 3490 3030 3543 commissum
3047 3489 3123 3542 sit
3143 3499 3354 3558 propter
3384 3505 3552 3543 temu-

1985 3580 2232 3633 lationem
2252 3577 2416 3631 Pater
2434 3588 2611 3633 noster
2628 3577 2796 3631 Iacob
2839 3596 2872 3631 a
2909 3577 3044 3646 facie
3067 3576 3253 3647 fratris
3284 3576 3429 3631 Esau
3454 3594 3550 3631 auv

1987 3672 2120 3743 fugit
2141 3672 2210 3734 ³⁸;
2235 3670 2505 3725 temulatio
2531 3671 2724 3740 effecit,
2755 3680 2813 3725 ut
2833 3669 3029 3739 Ioseph
3057 3671 3127 3725 ad
3149 3680 3368 3725 mortem
3392 3688 3555 3743 usque
3591 3736 3602 3749 ,

1982 3765 2391 3832 persecutionem
2410 3766 2691 3819 sustineret
2721 3765 2766 3796 ³⁸
2787 3773 2837 3818 et
2871 3765 2928 3818 in
2957 3766 3258 3819 servitutem
3287 3765 3557 3819 addicere-

1988 3868 2092 3913 tur.
2146 3856 2448 3912 Αἰιηιιιαιίο
2503 3855 2737 3928 Moysem
2786 3872 2819 3909 a
2875 3857 3011 3926 [acie
3061 3855 3358 3911 Pharaonis
3416 3859 3553 3928 regis

1994 3949 2215 4021 Ai'ggpti
2244 3950 2421 4021 fugere
2451 3950 2702 4018 compulit
2767 3963 2886 4002 cum
2953 3950 3257 4019 popularem
3286 3967 3441 4004 suum
3466 3951 3556 4004 di-

1984 4053 2182 4097 centem
2206 4042 2411 4096 audiret
2436 4056 2455 4095 :
2488 4040 2619 4107 Quis
2654 4051 2704 4095 te
2731 4042 3006 4095 constituit
3034 4042 3320 4110 principem
3342 4050 3392 4095 et
3401 4041 3556 4109 judi-

1983 4151 2092 4189 cem
2119 4150 2275 4203 super
2295 4137 2429 4190 nos?
2451 4132 2685 4204 nunquid
2717 4142 2772 4185 tu
2795 4134 2869 4187 vis
2904 4150 2985 4187 me
3012 4134 3273 4199 occidere,
3303 4132 3555 4205 quemad-

1990 4223 2206 4277 modum
2235 4223 2474 4275 occidisti
2494 4221 2606 4273 heri
2621 4219 2695 4272 1E
2698 4220 2935 4289 gyptium
2956 4220 2999 4251 ³⁷
3020 4220 3043 4273 ?
3073 4219 3299 4285 Propter
3314 4280 3319 4283 τ
3333 4214 3553 4270 tumula—

1990 4315 2181 4367 tionem
2202 4316 2381 4367 Aaron
2402 4322 2450 4365 et
2489 4309 2666 4364 Maria
2692 4310 2734 4342 ³³
2753 4321 2905 4363 extra
2926 4319 3103 4363 castra
3120 4307 3377 4378 segregati
3403 4307 3555 4359 habi-

1984 4410 2190 4456 tarunt.
2225 4398 2527 4455 zEmulatio
2549 4399 2763 4455 Dathan
2793 4408 2843 4453 et
2878 4400 3077 4453 Abiron
3108 4400 3153 4431 ³⁸
3188 4400 3329 4453 vivos
3369 4400 3437 4453 ad
3472 4397 3577 4454 in-i

311 4499 358 4542 et
402 4492 724 4556 schismata,
753 4491 984 4556 discedo,
1024 4494 1161 4548 abeo
1224 4511 1527 4566 quocunque
1567 4500 1878 4568 volueritis;
1911 4483 1956 4538 Ῑ)
1986 4495 2126 4564 feros
2155 4496 2403 4557 detrusit,
2425 4493 2563 4563 quod
2591 4509 2710 4546 cum
2740 4490 2924 4562 Moyse
2945 4491 3042 4547 Dei
3076 4491 3279 4561 famulo
3304 4492 3558 4547 seditione

310 4588 359 4630 et
390 4579 535 4649 facio
587 4597 708 4652 quia
728 4598 761 4635 a
781 4581 926 4651 plebe
950 4583 1311 4650 mandantur;
1336 4587 1507 4641 solum
1528 4591 1659 4645 ovile
1684 4592 1885 4650 Christi

313 4672 365 4724 in
387 4687 515 4741 pace
539 4673 722 4745 degat,
753 4691 871 4728 cum
894 4677 1195 4732 constitutis
1223 4678 1561 4749 presbyteris.
1591 4683 1718 4740 Haec
1750 4702 1882 4745 sane

312 4770 393 4817 est
417 4764 671 4835 perfecta
699 4765 939 4821 charitas
959 4808 975 4833 ,
1004 4783 1125 4838 qute
1175 4770 1327 4824 nullo
1362 4773 1588 4841 privata“:
1629 4776 1882 4834 utilitatis

312 4855 493 4911 studio
544 4858 804 4926 ducitur;
834 4859 1064 4930 ejusque
1101 4859 1326 4916 ductum
1352 4868 1528 4919 secuti
1574 4876 1702 4923 sunt
1745 4886 1883 4926 non-

313 4948 445 5001 nulli
504 4948 687 5004 sancti
742 4948 1026 5021 episcopi,
1077 4952 1298 5023 quando
1347 4954 1758 5024 dissensiones,
1818 4977 1882 5016 ac

1982 4591 2369 4651 contenderent.
2429 4587 2508 4643 0b
2550 4588 2943 4643 wmulationem
2986 4587 3159 4642 David
3205 4605 3309 4643 non
3350 4598 3556 4644 tantum

1983 4687 2287 4758 alienigenis
2316 4686 2540 4747 invisus,
2572 4683 2662 4738 sed
2694 4683 2856 4737 etiam
2891 4699 2925 4736 a
2960 4680 3095 4738 Saul
3137 4700 3253 4754 rege
3304 4684 3478 4739 Israel
3508 4684 3555 4717 ⁸⁸

1981 4784 2087 4853 fuit
2128 4789 2366 4835 vexatus.
2421 4775 2524 4830 Sed
2573 4785 2629 4829 ut
2672 4786 2846 4830 vetera
2890 4774 3130 4844 exempla
3165 4776 3551 4846 relinquamus,

1983 4872 2334 4946 prosequitur
2350 4876 2575 4924 sanctus
2589 4866 2839 4923 Pontifex
2855 4867 2941 4938 (st
2951 4867 2991 4937 ),
3006 4870 3274 4922 ueniamus
3288 4868 3357 4922 ad
3370 4869 3552 4938 proxie

1987 4985 2098 5021 mos
2134 4964 2380 5026 athletas,
2404 4971 2452 5015 et
2483 4961 2666 5016 sa'culi
2694 4962 2865 5015 nostri
2891 4978 3143 5031 generosa
3165 4961 3401 5028 exempla
3430 4978 3553 5029 pro-

383 5150 426 5227 '_‘
450 5149 573 5206 Jac.
603 5168 657 5216 v,
694 5151 787 5219 20;
811 5150 999 5227 lgetr.
1037 5168 1113 5227 ly,
1136 5153 1190 5209 8.
1245 5153 1314 5227 ᾼ³ί²
1342 5154 1513 5227 lCor.
1537 5172 1656 5224 xm,
1690 5160 1748 5215 4.
1822 5163 1870 5196 ³³
1899 5162 2072 5220 Exod.
2114 5179 2297 5227 xxxu,
2323 5161 2411 5217 52.
2491 5160 2538 5192 “
2558 5158 2698 5215 Gen.
2722 5158 2935 5221 “1.3.8.
3011 5158 3058 5192 ³⁸
3086 5156 3222 5214 Gen.
3254 5174 3428 5227 xxvu,
3457 5162 3547 5218 41.

241 5183 250 5203 τ
450 5183 573 5206 σαν.
609 5183 657 5216 v,
698 5183 787 5219 au,
812 5183 999 5207 ιισιι.
1037 5183 1113 5220 Iv,
1136 5183 1190 5209 ο.
1270 5183 1313 5186 ⁷-
1342 5183 1504 5211 ιυυΓ.
1538 5183 1656 5224 ᾺΙΙΙ,
1690 5183 1748 5215 4.
1822 5183 1863 5196 ’“

311 5219 359 5252 ³⁸
383 5220 523 5277 Gen.
554 5238 773 5279 xxxvu.
847 5222 890 5255 ³⁷
924 5221 1095 5280 Exod.
1145 5238 1209 5291 ιι,
1236 5225 1327 5285 14.
1402 5226 1449 5259 ³⁸
1470 5225 1633 5285 Νυιιι.
1665 5246 1770 5304 xn,
1809 5235 1863 5290 4.

380 5444 496 5515 με)
536 5444 638 5516 Ep.
673 5446 727 5509 i,
757 5460 879 5516 cap.
912 5447 1001 5504 30.

376 5514 495 5587 με)
535 5514 699 5587 ιω,
722 5514 846 5587 cap:
878 5516 966 5573 δε.

376 5518 473 5583 (45
535 5518 699 5582 lbid.,
722 5532 846 5587 cap.
878 5518 966 5573 38.

375 5518 495 5667 uti
536 5584 697 5667 eis.
729 5602 834 5658 cap
879 5588 972 5667 is.

374 5655 496 5724 (ss)
534 5654 840 5726 lbid.,cap.
865 5657 953 5712 ti.

378 5727 500 5799 (is)
532 5724 693 5792 lbid.,
725 5724 845 5796 cap.
876 5728 965 5783 49.

1964 5233 2012 5265 ³⁸
2042 5232 2205 5289 Nutu.
2233 5248 2344 5298 xw,
2364 5235 2454 5289 55.
2528 5238 2573 5266 ⁵ο
2607 5235 2781 5306 llteg.
2812 5250 2971 5302 xvm,
2994 5240 3048 5290 8.

2058 5449 2169 5517 (4⁸7)
2211 5446 2384 5517 Epist.
2420 5446 2472 5517 l,
2498 5458 2618 5513 cap.
2644 5441 2734 5496 54.

2058 5452 2169 5586 (47)
2211 5452 2384 5517 Epist.
2420 5452 2461 5505 1η

2057 5519 2146 5588 (48
2199 5517 2300 5588 ld.,
2332 5516 2461 5569 ibid.

2056 5583 2169 5655 (49)
2198 5586 2357 5647 lbid.,
2380 5600 2502 5654 cap.
2534 5583 2623 5655 55.

2080 5652 2167 5723 50)
2204 5657 2365 5718 lbid.,
2395 5652 2516 5724 ca'p.
2548 5652 2603 5706 ι.

2080 5660 2167 5723 50)
2204 5660 2365 5718 lbid.,
2395 5670 2516 5724 cap.
2548 5660 2603 5706 ι.

2056 5660 2170 5803 liii)
2204 5727 2373 5798 Epist.
2403 5725 2453 5787 1,
2480 5740 2529 5777 c.
2560 5724 2610 5777 5.
