4068 6274
480 280 585 336 Πδ

1582 279 1674 334 no
1716 280 1776 341 s.
1814 252 2240 339 occasurum
2281 283 2299 337 ι
2338 282 2570 342 psmn

3618 294 3721 351 £76

473 410 750 467 ponamus.
784 392 1007 461 Propter
1029 390 1419 447 inmutationem
1445 400 1493 446 et
1522 393 1797 457 invidiam,
1823 396 1912 463 qui
1948 393 2049 448 Ec-
2077 402 2125 457 Α
2152 398 2403 465 thalinm,
2436 402 2636 472 quibus
2670 416 2790 456 eam
2839 405 3267 461 maculavimusf
3315 405 3450 472 Nos,
3497 408 3600 463 nisi
3626 410 3721 466 ba-

473 489 647 543 clesia:
667 496 818 541 erant
848 485 1030 555 ﬁdeles
1059 494 1110 539 et
1131 485 1451 553 justissima:
1489 485 1746 540 columnw
1766 525 1780 549 ,
1808 488 1879 541 ad
1906 502 2047 540 mor-

474 591 576 635 tem
604 596 765 650 usque
793 579 1037 633 acerbam
1058 578 1467 646 persecutionem
1505 578 1651 647 passi
1690 587 1835 633 sunt.
1867 576 2048 633 Pona-

470 687 589 725 mus
631 669 779 724 nobis
826 677 948 723 ante
994 668 1174 722 oculos
1228 676 1439 723 sanctos
1483 669 1773 737 apostolos.
1820 666 2047 737 Propter

474 763 863 820 cumulationem
885 762 1121 832 iniquam
1144 760 1334 815 Petrus
1363 777 1467 815 non
1495 777 1660 815 unum
1683 771 1776 814 aut
1796 761 2041 827 alterum,

472 855 562 909 sed
590 855 763 923 plures
788 852 992 907 labores
1015 852 1253 914 sustulit,
1284 860 1440 920 atque
1470 852 1550 904 ita
1572 852 1888 921 martyrium
1918 868 2045 921 pas-

468 964 559 1001 sus
587 949 642 1001 in
667 946 899 1001 debitum
920 945 1107 1016 gloria'
1135 944 1308 997 locum
1340 943 1597 998 ascendit.
1631 941 1854 1011 Propter
1884 960 2043 998 temu-

469 1040 716 1094 lationem
760 1036 971 1092 Paulus
1011 1037 1278 1106 patientiae
1323 1037 1598 1105 prcemiunt
1637 1035 1891 1097 obtinuit,
1921 1053 2039 1091 cum

466 1142 678 1187 catenas
707 1132 892 1199 septies
914 1136 1200 1199 portasset,
1232 1131 1555 1196 vapulasset,
1578 1128 1846 1195 lapidatus
1875 1137 2039 1183 esset:

465 1239 638 1293 praeco
668 1220 920 1290 factusin
944 1218 1155 1274 Oriente
1199 1260 1212 1273 .
1260 1259 1273 1273 .
1318 1259 1332 1272 .
1377 1226 1541 1271 totum
1575 1218 1826 1271 mundum
1847 1220 2038 1275 docens

454 1316 748 1384 justitiam,
787 1321 837 1367 et
867 1311 936 1366 ad
971 1310 1267 1367 Occidentis
1301 1312 1580 1364 terminum
1608 1310 1834 1374 veniens,
1862 1321 1910 1365 et
1941 1311 2036 1366 sub

456 1407 783 1479 principibus
812 1407 1131 1477 martyrium
1153 1419 1362 1474 passus,
1387 1404 1464 1457 ita
1494 1420 1522 1457 c
1544 1402 1735 1459 mundo
1767 1404 2033 1474 migravit,

459 1511 614 1573 atque
636 1500 689 1554 in
703 1499 873 1554 locum
885 1507 1126 1553 sanctum
1148 1495 1299 1555 abiit.
1312 1496 1581 1565 patientia:
1597 1512 1845 1566 maguum
1857 1513 2034 1553 exem-

454 1596 577 1665 plar
608 1593 804 1663 factus.
856 1591 1038 1646 Locus
1074 1591 1179 1645 iste
1222 1595 1431 1643 attenta
1476 1588 1918 1645 consideratione
1951 1591 2035 1645 di-

449 1703 596 1758 gnus
623 1694 708 1742 est
727 1703 741 1753 ;
761 1685 936 1756 primo
956 1683 1100 1739 enim
1118 1698 1181 1738 ex
1191 1696 1460 1752 pressum,
1479 1689 1533 1735 et
1550 1680 1696 1735 omni
1718 1683 2034 1753 exceptione

454 1780 633 1849 majus
663 1778 906 1834 continet
930 1775 1307 1832 testimonium
1344 1772 1593 1844 martyrii
1619 1773 1853 1829 duorum
1878 1770 2030 1844 prin-

450 1872 633 1941 cipum
663 1869 1054 1940 apostolorum,
1082 1864 1185 1921 SS.
1218 1880 1296 1920 se.
1326 1863 1469 1920 Petri
1494 1872 1549 1919 et
1578 1864 1753 1922 Pauli.
1777 1864 2030 1922 Secundo

452 1961 657 2026 tradit,
692 1970 1025 2032 postremum
1061 1959 1207 2013 hunc
1252 1957 1558 2027 apostolum
1592 1956 1660 2011 ad
1692 1956 1828 2013 lines
1856 1973 2031 2028 usque

446 2054 765 2110 Occidentis
792 2054 1100 2123 migrasse;
1130 2050 1331 2121 quibus
1360 2049 1571 2113 verbis,
1604 2057 1664 2103 ut
1686 2048 2028 2105 animadver-

444 2147 517 2200 tit
541 2146 709 2201 abbas
741 2122 1039 2216 Fleury',et
1062 2150 1185 2213 post
1216 2156 1338 2196 eum
1368 2140 1862 2195 reverendissimus
1885 2140 2028 2196 Ceil-

450 2240 571 2305 lier,
597 2236 885 2310 designari
909 2243 1095 2307 posset
1122 2237 1299 2289 sancti
1340 2232 1508 2302 hujus
1551 2232 1779 2302 apostoli
1824 2232 1928 2287 iter
1970 2234 2026 2288 in

448 2331 788 2402 Hispaniam.
826 2329 901 2384 De
932 2329 1036 2382 hoc
1080 2332 1259 2381 autem
1300 2324 1569 2395 judicium
1612 2324 1754 2394 apud
1803 2324 2027 2381 criticos

447 2436 597 2482 esto:
640 2425 692 2479 id
730 2423 875 2478 enim
921 2421 1256 2491 perpendere
1310 2419 1367 2473 in
1409 2420 1572 2474 linem
1616 2419 1778 2475 nobis
1828 2420 1935 2475 isto
1968 2420 2025 2474 in

444 2534 610 2588 opere
642 2514 982 2585 prepositum
1017 2528 1125 2565 non
1154 2510 1352 2566 tendit.

698 2607 724 2678 §
757 2605 821 2661 ll.
857 2604 933 2659 De
963 2603 1144 2673 ofﬁciis
1173 2602 1618 2667 Christianorum,
1664 2610 1773 2660 etc.
1928 2676 1931 2679 _

518 2700 593 2754 De
641 2698 833 2754 sa'culo
865 2697 1111 2767 prwsenti
1142 2705 1194 2751 et
1244 2695 1446 2765 futuro.
1488 2695 1825 2765 Contemptus
1868 2695 2023 2765 hujus

446 2793 649 2857 strculi,
682 2800 730 2846 et
758 2807 909 2844 amor
940 2789 1130 2858 futuri.
1164 2786 1287 2841 Non
1307 2804 1584 2856 possumus
1614 2786 1890 2842 amborum
1911 2804 2024 2843 esse

446 2885 624 2939 amici.
646 2914 715 2925 —-
740 2883 818 2937 En
844 2882 1026 2952 aliqua
1060 2886 1178 2935 loca
1202 2881 1257 2935 in
1290 2879 1532 2936 secunda
1563 2881 1791 2950 epistola
1818 2881 1885 2935 ad
1910 2879 2021 2935 Co-

442 2978 697 3041 rinthios,
730 2990 851 3046 qua:
882 2973 949 3028 ad
981 2988 1163 3028 mores
1195 2972 1491 3042 pertinent.
1526 2971 1730 3026 Auctor
1755 2972 1845 3028 hic
1884 2972 2018 3028 hor-

440 3079 589 3127 tatur
608 3050 954 3129 Corinthios,
1004 3073 1064 3119 ut
1107 3072 1326 3119 terrena
1366 3064 1550 3118 omnia
1590 3063 1914 3133 despiciant,
1965 3071 2021 3119 et

440 3162 683 3217 coelestia
699 3157 1041 3215 solummodo
1056 3156 1447 3224 concupiscant
1464 3171 1478 3220 ;
1497 3154 2020 3225 validissima,quam

441 3255 617 3316 all‘ert,
643 3252 808 3313 ratio,
840 3258 898 3303 ut
924 3249 1047 3302 illos
1070 3247 1136 3301 ad
1164 3247 1217 3301 id
1244 3247 1613 3317 peragendum
1644 3253 2015 3311 moveat,est:

437 3348 564 3417 quia
596 3346 722 3398 dum
748 3343 846 3397 illa
883 3339 1147 3410 possidere
1174 3340 1603 3407 concupiscimus
1637 3340 1879 3411 (terrena
1908 3341 2018 3397 sci-

440 3436 915 3510 licet),excidimus
940 3451 973 3486 η
1009 3433 1095 3486 via
1122 3432 1277 3502 justa
1314 3431 1459 3503 (52);
1497 3431 1623 3487 inde
1654 3447 1784 3487 vero
1828 3430 2014 3497 infert,

440 3528 586 3600 quod
618 3541 848 3595 prwsens
879 3524 1131 3579 saxulum
1150 3532 1200 3577 et
1231 3521 1470 3591 futurum
1502 3531 1624 3576 sunt
1653 3520 1757 3576 duo
1784 3522 2015 3595 inimici;

438 3619 565 3690 quia
592 3616 843 3672 saxulum
890 3630 1121 3684 praesens
1158 3611 1416 3683 prtedicat
1447 3612 1789 3679 adulterium,
1828 3630 2015 3669 corru-

436 3713 653 3782 ptelam,
709 3707 989 3763 avaritiam
1020 3715 1071 3761 et
1113 3704 1394 3775 fraudem;
1440 3704 1679 3773 futurum
1722 3721 1851 3762 vero
1892 3707 2011 3762 istis

448 3803 741 3857 renuntiat.
784 3799 956 3854 Porro
988 3798 1083 3852 hoc
1118 3797 1373 3852 sarculum
1404 3807 1455 3851 et
1482 3796 1721 3866 futurum
1756 3806 1879 3853 sunt
1906 3799 2011 3853 duo

434 3894 704 3949 inimici...
735 3892 856 3946 Non
884 3908 1004 3962 ergo
1027 3906 1328 3955 possumus,
1360 3889 1635 3944 concludit
1658 3890 1792 3961 ipse,
1829 3891 2010 3946 ambo-

434 4004 552 4041 rum
581 3987 739 4039 amici
779 4001 913 4039 esse.
952 3983 1168 4052 Oportet
1199 3991 1397 4045 autem,
1427 3990 1486 4034 ut
1515 3981 1857 4037 valedicentes
1903 3984 2006 4053 illi,

433 4080 529 4133 hoc
558 4089 773 4134 utamur
804 4076 937 4148 (5'5).
971 4074 1191 4131 Veritas
1240 4074 1357 4128 hinc
1415 4074 1550 4129 satis
1606 4074 1762 4128 lirma
1811 4085 1894 4131 est
1942 4092 2008 4135 ac

432 4171 783 4243 gravissima;
836 4175 889 4223 et
942 4168 987 4224 si
1033 4165 1448 4237 probationibus
1497 4165 1785 4235 indigeret,
1837 4182 2005 4222 unum

430 4263 701 4319 sulliceret
756 4261 813 4315 in
856 4258 1092 4315 medium
1123 4256 1316 4312 all‘erre
1349 4254 1648 4310 Salvatoris
1682 4256 2001 4311 oraculum:

433 4353 604 4409 Nemo
637 4363 804 4422 potest
832 4350 1036 4404 duobus
1064 4348 1292 4403 dominis
1323 4349 1515 4402 servire
1538 4348 1603 4402 ³⁸.
1634 4347 1825 4414 Quoad
1853 4348 1994 4403 lutu-

2113 483 2342 559 'ptisma
2389 509 2577 562 purum
2613 504 2663 548 et
2712 497 3115 553 immaculatum
3157 500 3531 555 servaverimus
3555 542 3571 570 ,
3617 520 3720 572 qua

2148 584 2466 652 confidentia
2488 586 2805 643 intrabimus
2830 589 2885 641 in
2913 591 3111 659 regiam
3135 589 3232 645 Dei
3291 592 3437 663 (54)?

2215 675 2260 727 A
2294 676 2525 731 terribili
2585 676 2687 731 hac
2735 677 2981 747 veritate,
3035 696 3156 750 quas
3202 681 3482 738 evidenter
3526 686 3723 754 probat

2145 764 2526 820 necessitatem
2585 768 2967 836 perseverandi
3027 769 3084 823 in
3128 768 3442 827 Christiana
3478 773 3717 844 justitia.

2144 865 2361 928 sumpta
2384 859 2676 915 occasione
2704 860 2956 917 stimulos
2985 861 3143 917 nobis
3172 863 3341 927 addit,
3360 873 3421 919 ut
3439 874 3719 923 certamen

2142 950 2392 1006 ineamus
2435 966 2558 1005 cum
2603 952 2854 1007 hostibus
2897 960 3100 1008 nostra:
3148 956 3362 1011 salutis.
3398 956 3513 1013 Nos
3552 942 3720 1029 igitur

2140 1051 2420 1107 certemus,
2454 1043 2531 1096 ait
2575 1043 2831 1117 ille(55),
2862 1053 2920 1098 ut
2964 1061 3141 1099 omnes
3182 1063 3433 1102 coronam
3476 1060 3714 1120 reporte-

2139 1151 2325 1190 ntus...
2356 1145 2406 1188 et
2437 1137 2617 1191 sinon
2660 1153 2938 1207 possumus
2985 1154 3162 1193 omnes
3205 1142 3471 1204 coronari,
3525 1144 3715 1199 saltem

2137 1241 2295 1295 prope
2316 1242 2562 1281 coronam
2591 1228 2778 1282 simus.
2800 1227 3080 1284 Postrema
3106 1231 3220 1285 lucc
3235 1231 3399 1285 verba
3422 1234 3713 1289 maximam

2138 1319 2331 1375 aﬂ‘erre
2372 1320 2571 1375 debent
2612 1322 3044 1377 consolationem
3076 1323 3144 1378 iis
3172 1324 3323 1395 haud
3367 1327 3500 1380 satis
3544 1326 3714 1384 [inanis

2136 1410 2487 1474 Christianis,
2513 1412 2606 1481 qui
2638 1413 2930 1483 perfectam
2961 1423 3240 1486 nequeunt
3270 1416 3337 1471 de
3375 1417 3712 1474 vehementi-

2136 1504 2240 1558 bus
2264 1503 2615 1573 passionibns
2646 1504 2925 1561 victoriam
2955 1515 3255 1577 reportare,
3288 1507 3415 1567 licet
3445 1509 3595 1563 omni
3616 1525 3711 1564 co-

2136 1602 2269 1650 natu
2294 1595 2349 1649 in
2374 1594 2426 1649 id
2449 1594 2694 1651 tendant.

2209 1688 2339 1743 Post
2364 1687 2499 1741 hanc
2534 1689 2696 1742 vitam
2728 1688 2932 1749 nullum
2958 1690 3273 1759 poenitentia:
3302 1698 3521 1759 tempus.
3542 1720 3615 1731 -—
3637 1689 3708 1745 Ut

2132 1787 2314 1835 autem
2351 1778 2625 1835 elIicacius
2655 1780 2722 1835 ad
2750 1780 2853 1837 hoc
2891 1789 3166 1837 certamen
3200 1796 3303 1836 nos
3327 1792 3561 1844 moveat,
3593 1788 3708 1835 tra—

2131 1871 2231 1936 dit,
2261 1870 2407 1941 quod
2436 1870 2579 1929 Deus
2608 1872 2872 1927 concedat
2892 1872 3053 1933 nobis
3081 1873 3396 1943 temporalis
3427 1872 3589 1942 hujus
3619 1874 3704 1926 vi-

2130 1969 2196 2017 tae
2228 1971 2462 2032 tempus,
2516 1969 2576 2016 ut
2615 1963 2935 2031 pwnitentia
2981 1962 3268 2017 ducamur.
3311 1960 3521 2037 Quippe
3567 1972 3708 2031 past—

2127 2070 2285 2124 quam
2313 2071 2340 2108 e
2361 2053 2556 2111 mundo
2578 2056 2857 2121 eicivimus,
2891 2054 2967 2110 ait
3008 2055 3123 2124 ipse
3148 2054 3284 2127 (56),
3329 2072 3434 2109 nou
3477 2055 3702 2125 amplius

2126 2161 2405 2215 possumus
2430 2146 2505 2203 ibi
2525 2147 2785 2215 conﬁteri,
2812 2155 2904 2199 aut
2930 2147 3289 2216 paenitentiam
3320 2145 3497 2201 adhuc
3530 2163 3701 2217 agere.

2130 2233 2257 2288 Vult
2284 2249 2436 2305 ergo,
2469 2242 2528 2289 ut
2565 2233 2810 2305 quandiu
2834 2235 2888 2289 id
2913 2235 3072 2289 nobis
3096 2233 3240 2289 Deus
3268 2234 3542 2299 tribuerit,
3572 2236 3702 2290 totis

2126 2325 2337 2381 viribus
2392 2342 2654 2382 conemur
2693 2326 2869 2381 nostri
2917 2326 3172 2397 baptismi
3216 2327 3535 2382 munditiem
3584 2343 3703 2383 ser-

2125 2430 2282 2483 vare,
2333 2427 2429 2479 aut
2487 2418 2730 2477 maculas
2784 2434 2881 2488 per
2936 2426 3159 2489 peccata
3213 2418 3468 2476 inductas
3520 2421 3701 2475 deter-

2123 2523 2270 2581 gere.

2195 2600 2636 2663 Christianorum
2694 2601 2868 2658 oﬂicia
2926 2608 3151 2659 sanctus
3199 2600 3451 2657 Pontifex
3509 2602 3698 2674 paucis

2122 2696 2442 2767 complexus
2468 2702 2553 2752 est
2575 2696 2782 2760 omnia,
2805 2696 2933 2749 dum
2959 2695 3034 2749 ait
3061 2693 3487 2764 Corinthiosque
3515 2695 3696 2749 admo-

2121 2797 2216 2844 net
2247 2788 2385 2859 (57),
2406 2797 2465 2841 ut
2507 2786 2794 2843 Dominum
2849 2785 3033 2860 Jesum
3072 2785 3341 2844 Christum
3369 2797 3692 2854 venerentur,

2120 2882 2429 2952 prwpositos
2479 2893 2831 2945 revereautur,
2884 2881 3110 2941 seniores
3155 2879 3428 2945 honorent,
3477 2880 3694 2950 juvenes

2127 2973 2352 3028 doceant
2382 2973 2726 3042 disciplinam
2753 2972 2959 3026 timoris
2988 2971 3126 3030 Dei:
3153 2986 3343 3026 uxores
3376 2988 3499 3026 suas
3529 2972 3598 3025 ad
3638 2970 3693 3024 id

2123 3063 2261 3135 quod
2290 3063 2482 3118 bonum
2519 3074 2598 3117 est
2623 3063 2912 3125 inducant;
2943 3060 3194 3135 amabiles
3221 3063 3487 3117 castitatis
3524 3079 3691 3117 mores

2124 3156 2424 3219 ostendant,
2457 3155 2746 3224 simplicem
2772 3170 2833 3207 ac
2853 3154 3111 3208 sincerum
3134 3153 3551 3207 mansuetudinis
3581 3170 3692 3207 sua:

2122 3247 2441 3303 voluntatem
2486 3246 2859 3309 demonstrent,
2908 3244 3319 3300 moderationem
3358 3245 3549 3316 lingua:
3578 3262 3692 3300 sua:

2106 3342 2330 3397 silentio
2363 3340 2702 3409 manifestam
2739 3338 2971 3408 faciant;
3019 3337 3331 3392 charitatem
3369 3354 3523 3393 suam
3584 3356 3690 3394 non

2118 3433 2403 3490 secundum
2450 3432 2616 3487 animi
2656 3431 3045 3501 propensiones,
3091 3429 3183 3485 sed
3234 3430 3473 3485 omnibus
3516 3430 3688 3486 Deum

2116 3535 2300 3581 sancte
2340 3524 2640 3580 timentibus
2678 3522 2931 3593 wqualem
2971 3522 3259 3592 praebeant.
3294 3522 3467 3577 Liberi
3518 3526 3689 3580 nostri

2114 3620 2411 3691 disciplina:
2459 3617 2660 3674 Christi
2689 3619 2967 3686 participes
3012 3619 3150 3683 sint,
3179 3616 3387 3675 discant
3438 3618 3563 3688 quid
3587 3620 3687 3671 hu-

2113 3713 2315 3768 militas
2344 3710 2484 3781 apud
2515 3711 2681 3765 Deum
2713 3710 2907 3771 valeat,
2940 3708 3066 3779 quid
3091 3718 3241 3762 casta
3280 3708 3513 3764 Charitas
3544 3710 3684 3780 apud

2110 3807 2281 3864 Deum
2300 3806 2485 3875 possit,
2514 3804 2772 3875 quomodo
2806 3804 2965 3857 timor
2982 3805 3096 3873 ejus
3125 3802 3384 3874 (Domini)
3411 3802 3573 3860 bonus
3603 3814 3683 3860 est

2110 3917 2174 3956 ac
2212 3914 2433 3969 magnus
2457 3906 2506 3952 et
2528 3912 2740 3950 servans
2779 3910 2954 3953 omnes
3000 3895 3089 3965 qui
3114 3894 3171 3949 in
3192 3895 3304 3964 ipso
3326 3906 3598 3950 versantur
3625 3898 3682 3952 in

2107 4010 2244 4064 pm
2268 4002 2454 4046 mem
2636 4054 3029 4111 ARTlCULUS
3061 4056 3149 4112 ιιι.

2247 4172 2314 4211 DE
2343 4168 2574 4209 Ειιιιιιτιε
2596 4166 2755 4207 νιῖιιε
2780 4166 2881 4204 νει.
2913 4166 3095 4205 FALSIS
3127 4166 3174 4206 S.
3210 4167 3533 4208 CLEIENTIS.

2180 4249 2319 4316 Quid
2366 4246 2586 4301 Photius
2632 4244 2687 4297 in
2720 4242 2839 4296 divo
2885 4239 3149 4296 Clemente
3200 4243 3570 4312 reprehendat.
3606 4273 3676 4284 —-

2106 4341 2235 4395 Tria
2266 4341 2320 4395 in
2361 4338 2528 4409 priori
2574 4336 2641 4390 ad
2674 4334 2991 4392 Corinthios
3020 4335 3248 4405 cpistola
3279 4333 3505 4391 Photius
3560 4335 3674 4406 (58)

429 4461 552 4500 rum
580 4444 837 4498 saeculum
871 4450 1062 4494 auctor
1090 4440 1192 4494 iste
1227 4437 1393 4493 tradit
1420 4438 1495 4501 id,
1527 4453 1637 4507 quo
1678 4437 2000 4495 deberemus
2032 4453 2076 4508 υ
2106 4432 2472 4507 reprehendit.
2517 4428 2783 4491 Primum,
2837 4427 2982 4497 quod
3023 4435 3215 4481 auctor
3262 4427 3494 4483 mundos
3535 4428 3674 4485 alios

428 4535 902 4591 vehementissime
924 4532 1290 4595 commoveri,
1339 4530 1569 4595 scilicet,
1613 4532 1757 4600 quod
1788 4548 1891 4586 non
1919 4533 2001 4586 in-

430 4628 685 4681 trabimus
718 4626 772 4679 in
791 4640 1003 4695 regnum
1029 4623 1145 4688 Dei,
1174 4624 1281 4677 nisi
1308 4638 1498 4693 purum
1520 4630 1571 4675 et
1602 4622 1999 4681 immaculatum

425 4720 801 4776 servaverimus
851 4726 1088 4771 nostrum
1129 4715 1425 4783 baptisma,
1470 4714 1576 4770 hoc
1617 4716 1852 4778 est,nisi
1896 4730 2000 4769 no-

428 4820 598 4868 stram
632 4808 889 4881 baptismi
925 4806 1292 4862 innocentiam
1318 4804 1741 4869 servaverimus,
1772 4811 1866 4859 aut
1894 4803 1999 4860 nisi

426 4919 524 4973 per
560 4898 935 4973 pmnitentiam
982 4896 1453 4967 impetraverimus
1500 4894 1881 4951 remissionem
1924 4897 2003 4951 le-

499 5039 542 5071 “
576 5037 872 5105 MatthVVI,
908 5032 1001 5087 24.

401 5171 411 5227 ῗ
499 5172 611 5242 (52)
638 5171 810 5242 Epist.
846 5168 904 5233 2,
919 5181 1041 5235 cap.
1060 5166 1113 5219 5.

520 5241 609 5307 55)
641 5241 799 5304 Ihid.,
842 5255 962 5307 cap.
997 5242 1049 5290 li.

497 5252 611 5385 liii
641 5252 774 5385 iiii:

500 5380 613 5452 (55‘,
644 5383 800 5440 Ibid.
826 5380 1030 5452 cap._'l.

501 5442 612 5526 (56)
648 5453 703 5506 S.
735 5442 908 5526 Clem:
949 5447 1128 5526 Ιξυιιιη
1156 5462 1242 5526 cp.
1270 5446 1305 5498 2
1337 5445 1402 5500 ad
1430 5443 1702 5526 Corinth,
1737 5458 1895 5523 num.
1939 5442 1993 5495 8.

428 5513 564 5579 lliin:
588 5513 926 5594 praevertitur
952 5513 1207 5594 Origenis
1230 5534 1405 5580 error,
1430 5515 1658 5594 ejusque
1682 5513 1994 5594 sequacium

427 5586 807 5650 InoJei'norum
868 5586 1204 5659 theista‘rum,
1225 5604 1354 5659 quo,
1388 5595 1444 5641 ut
1477 5586 1714 5657 loquitur
1735 5586 1992 5659 Justinia-

426 5683 551 5730 nus,
590 5674 722 5717 tom.
760 5661 792 5713 κ·
840 5660 1040 5715 Concil.
1096 5657 1384 5720 Labﬁ666,
1416 5661 1658 5712 omnium
1698 5657 1985 5730 impiorum

423 5725 703 5794 hominum
716 5747 762 5788 et
782 5740 1039 5803 praiterea
1052 5730 1352 5782 (laenionum
1367 5742 1582 5798 pinnam
1599 5729 1755 5781 linem
1772 5725 1987 5779 habitu-

2107 4527 2249 4581 ultra
2300 4536 2566 4580 oceanum
2614 4535 2735 4576 esse
2782 4520 3096 4574 existimare
3144 4518 3410 4572 videatur.
3468 4516 3674 4574 Deinde

2104 4614 2247 4685 quod
2280 4611 2347 4666 ad
2368 4625 2655 4680 corporum
2673 4609 3123 4665 resurrectionem
3155 4606 3487 4677 probandam
3518 4607 3673 4678 plne-

2103 4707 2245 4763 nieis
2277 4702 2682 4773 comparatione
2730 4707 2934 4764 utatur,
2986 4705 3144 4771 quasi
3192 4699 3308 4754 avis
3349 4700 3441 4755 illa
3482 4716 3671 4757 revera

2104 4800 2381 4860 existeret,
2426 4802 2484 4850 et
2508 4809 2594 4871 ea,
2620 4807 2742 4863 qua:
2770 4792 2837 4861 de
2865 4792 2957 4846 illa
2995 4792 3263 4861 feruntur,
3287 4808 3416 4848 vera
3445 4794 3669 4849 omnino

2108 4889 2305 4944 forent.
2336 4887 2640 4950 Postremo,
2685 4882 2855 4955 quod,
2882 4883 2974 4937 ubi
3000 4882 3073 4945 de,
3101 4882 3231 4941 Jesu
3275 4882 3496 4941 Christo
3534 4887 3665 4956 agit,

2096 5174 2207 5211 ram
2263 5172 2406 5218 esse,
2457 5156 2880 5226 restitutumque
2920 5155 2985 5210 iri
3038 5163 3151 5211 tum
3194 5155 3390 5224 impios
3419 5155 3666 5214 homines

2095 5239 2207 5281 tum
2238 5227 2510 5280 dmmones
2547 5230 2598 5280 in
2632 5228 2923 5295 pristinum
2943 5227 3191 5281 ordinem
3228 5241 3388 5279 suum
3427 5229 3660 5284 censuit.

2097 5299 2222 5352 Haec
2245 5299 2388 5352 enim
2420 5298 2536 5351 sine
2560 5297 2758 5367 prievia
2787 5298 3104 5366 poenitentia
3127 5296 3336 5367 admitti
3365 5307 3659 5367 nequeunt.

2093 5368 2444 5436 Rursumque
2470 5366 2599 5437 dum
2617 5382 2842 5423 numero
2868 5367 3115 5437 sequenti
3144 5366 3425 5432 docemur,
3451 5366 3662 5427 nullum

2096 5448 2219 5509 post
2251 5440 2389 5493 hanc
2431 5436 2596 5509 vitam
2645 5452 2930 5509 superesse
2955 5436 3201 5507 tempus,
3248 5438 3303 5491 in
3336 5455 3445 5509 quo
3479 5438 3660 5493 sanari

2097 5508 2395 5571 valeamus,
2433 5509 2523 5561 illa
2562 5508 2616 5560 in
2670 5508 2957 5576 pristinum
3002 5509 3251 5563 ordinem
3282 5524 3441 5567 suum
3481 5522 3662 5562 rever-

2099 5580 2245 5632 tendi
2278 5596 2402 5648 spes
2433 5577 2614 5645 impiis
2638 5592 2861 5648 prprsus
2899 5580 3166 5633 aufertur.

2169 5651 2279 5719 (5'7)
2311 5646 2369 5701 Β.
2404 5648 2656 5701 Clemens
2689 5646 2868 5719 Βοιιιη
2901 5664 2987 5718 ep.
3027 5650 3050 5704 1
3085 5651 3151 5704 ad
3193 5648 3345 5715 Cor.,
3385 5662 3533 5702 num.
3563 5646 3657 5703 2i.

2167 5722 2277 5791 (ὃὸ)
2307 5718 2550 5780 Photius,
2584 5718 2770 5773 codice
2794 5734 2975 5774 cxxvn.
