  <div class='ocr_page' id='page_1' title='image "/cluster/home/n/w/nwhite01/storage/ocr_20150623/1/mdp.39015014764065/098.png"; bbox 0 0 2050 3139; ppageno 0'>
   <div class='ocr_carea' id='block_1_1' title="bbox 170 232 221 260">
    <p class='ocr_par' dir='ltr' id='par_1_1' title="bbox 170 232 221 260">
     <span class='ocr_line' id='line_1_1' title="bbox 170 232 221 260; baseline 0 0"><span class='ocrx_word' id='word_1_1' title='bbox 170 232 221 260; x_wconf 80' lang='grc'><strong>17⁸1</strong></span> 
     </span>
    </p>
   </div>
   <div class='ocr_carea' id='block_1_2' title="bbox 782 208 1165 259">
    <p class='ocr_par' dir='ltr' id='par_1_2' title="bbox 782 208 1165 259">
     <span class='ocr_line' id='line_1_2' title="bbox 782 208 1165 259; baseline -0.003 0"><span class='ocrx_word' id='word_1_2' title='bbox 782 208 953 259; x_wconf 58' lang='grc' dir='ltr'><strong>ρηοπήιιλ</strong></span> <span class='ocrx_word' id='word_1_3' title='bbox 973 229 1165 258; x_wconf 66' lang='lat' dir='ltr'><strong>vsmonun.</strong></span> 
     </span>
    </p>
   </div>
   <div class='ocr_carea' id='block_1_3' title="bbox 1734 229 1785 258">
    <p class='ocr_par' dir='ltr' id='par_1_3' title="bbox 1734 229 1785 258">
     <span class='ocr_line' id='line_1_3' title="bbox 1734 229 1785 258; baseline -0.02 0"><span class='ocrx_word' id='word_1_4' title='bbox 1734 229 1785 258; x_wconf 69' lang='grc'><strong>173</strong></span> 
     </span>
    </p>
   </div>
   <div class='ocr_carea' id='block_1_4' title="bbox 167 288 1781 325">
    <p class='ocr_par' dir='ltr' id='par_1_4' title="bbox 167 288 1781 325">
     <span class='ocr_line' id='line_1_4' title="bbox 167 288 1781 325; baseline -0.001 -6"><span class='ocrx_word' id='word_1_5' title='bbox 167 298 246 320; x_wconf 80' lang='lat' dir='ltr'><strong>voces</strong></span> <span class='ocrx_word' id='word_1_6' title='bbox 267 291 328 325; x_wconf 81' lang='lat' dir='ltr'><strong>ejus</strong></span> <span class='ocrx_word' id='word_1_7' title='bbox 341 293 449 317; x_wconf 84' lang='lat' dir='ltr'><strong>tantum</strong></span> <span class='ocrx_word' id='word_1_8' title='bbox 466 289 662 317; x_wconf 75' lang='lat' dir='ltr'><strong>humanitatem</strong></span> <span class='ocrx_word' id='word_1_9' title='bbox 686 289 861 325; x_wconf 77' lang='lat' dir='ltr'><strong>designantes</strong></span> <span class='ocrx_word' id='word_1_10' title='bbox 872 289 950 315; x_wconf 89' lang='lat' dir='ltr'><strong>adhi-</strong></span> <span class='ocrx_word' id='word_1_11' title='bbox 966 289 988 317; x_wconf 81' lang='grc' dir='ltr'><strong>Δ</strong></span> <span class='ocrx_word' id='word_1_12' title='bbox 1002 288 1163 316; x_wconf 85' lang='lat' dir='ltr'><strong>Cotelerius.</strong></span> <span class='ocrx_word' id='word_1_13' title='bbox 1182 288 1314 324; x_wconf 84' lang='lat' dir='ltr'><strong>Superius</strong></span> <span class='ocrx_word' id='word_1_14' title='bbox 1325 289 1425 325; x_wconf 89' lang='lat' dir='ltr'><strong>quippe</strong></span> <span class='ocrx_word' id='word_1_15' title='bbox 1442 296 1555 316; x_wconf 87' lang='lat' dir='ltr'><strong>numero</strong></span> <span class='ocrx_word' id='word_1_16' title='bbox 1569 288 1614 321; x_wconf 71' lang='grc'><strong>40,</strong></span> <span class='ocrx_word' id='word_1_17' title='bbox 1631 294 1727 324; x_wconf 65' lang='lat' dir='ltr'><strong>praeter</strong></span> <span class='ocrx_word' id='word_1_18' title='bbox 1740 297 1781 318; x_wconf 78' lang='lat' dir='ltr'><strong>sa-</strong></span> 
     </span>
    </p>
   </div>
   <div class='ocr_carea' id='block_1_5' title="bbox 167 334 951 369">
    <p class='ocr_par' dir='ltr' id='par_1_5' title="bbox 167 334 951 369">
     <span class='ocr_line' id='line_1_5' title="bbox 167 334 951 369; baseline -0.008 -3"><span class='ocrx_word' id='word_1_19' title='bbox 167 338 237 369; x_wconf 79' lang='lat' dir='ltr'><strong>beat,</strong></span> <span class='ocrx_word' id='word_1_20' title='bbox 253 343 316 364; x_wconf 86' lang='lat' dir='ltr'><strong>eum</strong></span> <span class='ocrx_word' id='word_1_21' title='bbox 337 343 474 363; x_wconf 86' lang='lat' dir='ltr'><strong>summum</strong></span> <span class='ocrx_word' id='word_1_22' title='bbox 497 334 655 363; x_wconf 76' lang='lat' dir='ltr'><strong>Pontiﬁcem</strong></span> <span class='ocrx_word' id='word_1_23' title='bbox 670 339 698 362; x_wconf 89' lang='lat' dir='ltr'><strong>et.</strong></span> <span class='ocrx_word' id='word_1_24' title='bbox 722 338 805 369; x_wconf 85' lang='lat' dir='ltr'><strong>caput</strong></span> <span class='ocrx_word' id='word_1_25' title='bbox 827 338 951 361; x_wconf 89' lang='lat' dir='ltr'><strong>nostrum</strong></span> 
     </span>
    </p>
   </div>
   <div class='ocr_carea' id='block_1_6' title="bbox 167 379 952 419">
    <p class='ocr_par' dir='ltr' id='par_1_6' title="bbox 167 379 952 419">
     <span class='ocr_line' id='line_1_6' title="bbox 167 379 952 419; baseline -0.006 -8"><span class='ocrx_word' id='word_1_26' title='bbox 167 383 321 419; x_wconf 81' lang='lat' dir='ltr'><strong>appellans;</strong></span> <span class='ocrx_word' id='word_1_27' title='bbox 344 381 413 409; x_wconf 86' lang='lat' dir='ltr'><strong>nihil</strong></span> <span class='ocrx_word' id='word_1_28' title='bbox 427 387 492 409; x_wconf 89' lang='lat' dir='ltr'><strong>vero</strong></span> <span class='ocrx_word' id='word_1_29' title='bbox 516 382 646 408; x_wconf 85' lang='lat' dir='ltr'><strong>eximium</strong></span> <span class='ocrx_word' id='word_1_30' title='bbox 662 385 744 416; x_wconf 80' lang='lat' dir='ltr'><strong>atque</strong></span> <span class='ocrx_word' id='word_1_31' title='bbox 765 380 880 408; x_wconf 83' lang='lat' dir='ltr'><strong>sublime</strong></span> <span class='ocrx_word' id='word_1_32' title='bbox 902 379 952 406; x_wconf 85' lang='lat' dir='ltr'><strong>ba-</strong></span> 
     </span>
    </p>
   </div>
   <div class='ocr_carea' id='block_1_7' title="bbox 166 426 950 464">
    <p class='ocr_par' dir='ltr' id='par_1_7' title="bbox 166 426 950 464">
     <span class='ocr_line' id='line_1_7' title="bbox 166 426 950 464; baseline -0.008 -6"><span class='ocrx_word' id='word_1_33' title='bbox 166 430 226 458; x_wconf 77' lang='lat' dir='ltr'><strong>beat</strong></span> <span class='ocrx_word' id='word_1_34' title='bbox 238 449 246 461; x_wconf 84' lang='lat'><strong>,</strong></span> <span class='ocrx_word' id='word_1_35' title='bbox 259 436 314 464; x_wconf 85' lang='lat' dir='ltr'><strong>quo</strong></span> <span class='ocrx_word' id='word_1_36' title='bbox 335 428 397 463; x_wconf 86' lang='lat' dir='ltr'><strong>ejus</strong></span> <span class='ocrx_word' id='word_1_37' title='bbox 415 427 547 455; x_wconf 73' lang='lat' dir='ltr'><strong>divinitas</strong></span> <span class='ocrx_word' id='word_1_38' title='bbox 563 427 742 463; x_wconf 76' lang='lat' dir='ltr'><strong>signiﬁcetur.</strong></span> <span class='ocrx_word' id='word_1_39' title='bbox 754 426 789 453; x_wconf 83' lang='lat' dir='ltr'><strong>At</strong></span> <span class='ocrx_word' id='word_1_40' title='bbox 802 426 950 454; x_wconf 84' lang='lat' dir='ltr'><strong>secundam</strong></span> 
     </span>
    </p>
   </div>
   <div class='ocr_carea' id='block_1_8' title="bbox 165 472 950 509">
    <p class='ocr_par' dir='ltr' id='par_1_8' title="bbox 165 472 950 509">
     <span class='ocr_line' id='line_1_8' title="bbox 165 472 950 509; baseline -0.008 -6"><span class='ocrx_word' id='word_1_41' title='bbox 165 483 196 503; x_wconf 75' lang='lat' dir='ltr'><strong>ac</strong></span> <span class='ocrx_word' id='word_1_42' title='bbox 223 475 333 503; x_wconf 86' lang='lat' dir='ltr'><strong>tertiam</strong></span> <span class='ocrx_word' id='word_1_43' title='bbox 362 473 603 509; x_wconf 81' lang='lat' dir='ltr'><strong>reprehensionem</strong></span> <span class='ocrx_word' id='word_1_44' title='bbox 632 473 687 508; x_wconf 87' lang='lat' dir='ltr'><strong>jam</strong></span> <span class='ocrx_word' id='word_1_45' title='bbox 712 472 839 507; x_wconf 81' lang='lat' dir='ltr'><strong>superius</strong></span> <span class='ocrx_word' id='word_1_46' title='bbox 867 472 950 499; x_wconf 88' lang='lat' dir='ltr'><strong>dilui-</strong></span> 
     </span>
    </p>
   </div>
   <div class='ocr_carea' id='block_1_9' title="bbox 164 517 949 557">
    <p class='ocr_par' dir='ltr' id='par_1_9' title="bbox 164 517 949 557">
     <span class='ocr_line' id='line_1_9' title="bbox 164 517 949 557; baseline -0.006 -8"><span class='ocrx_word' id='word_1_47' title='bbox 164 529 224 549; x_wconf 77' lang='lat' dir='ltr'><strong>mus</strong></span> <span class='ocrx_word' id='word_1_48' title='bbox 239 521 315 557; x_wconf 83' lang='lat'><strong>(59);</strong></span> <span class='ocrx_word' id='word_1_49' title='bbox 331 521 365 548; x_wconf 90' lang='lat' dir='ltr'><strong>ad</strong></span> <span class='ocrx_word' id='word_1_50' title='bbox 380 520 497 556; x_wconf 78' lang='lat' dir='ltr'><strong>primam</strong></span> <span class='ocrx_word' id='word_1_51' title='bbox 517 527 582 547; x_wconf 84' lang='lat' dir='ltr'><strong>vero</strong></span> <span class='ocrx_word' id='word_1_52' title='bbox 596 519 741 554; x_wconf 86' lang='lat' dir='ltr'><strong>respondet</strong></span> <span class='ocrx_word' id='word_1_53' title='bbox 762 518 803 546; x_wconf 91' lang='lat' dir='ltr'><strong>Cl.</strong></span> <span class='ocrx_word' id='word_1_54' title='bbox 824 517 857 546; x_wconf 88' lang='lat' dir='ltr'><strong>V.</strong></span> <span class='ocrx_word' id='word_1_55' title='bbox 871 517 949 545; x_wconf 79' lang='lat' dir='ltr'><strong>Remi</strong></span> 
     </span>
    </p>
   </div>
   <div class='ocr_carea' id='block_1_10' title="bbox 162 564 950 603">
    <p class='ocr_par' dir='ltr' id='par_1_10' title="bbox 162 564 950 603">
     <span class='ocr_line' id='line_1_10' title="bbox 162 564 950 603; baseline -0.005 -8"><span class='ocrx_word' id='word_1_56' title='bbox 162 567 273 596; x_wconf 87' lang='lat' dir='ltr'><strong>Ceillier</strong></span> <span class='ocrx_word' id='word_1_57' title='bbox 288 567 357 603; x_wconf 83' lang='lat'><strong>(60),</strong></span> <span class='ocrx_word' id='word_1_58' title='bbox 374 566 493 594; x_wconf 85' lang='lat' dir='ltr'><strong>mundos</strong></span> <span class='ocrx_word' id='word_1_59' title='bbox 505 566 578 597; x_wconf 83' lang='lat' dir='ltr'><strong>illos.</strong></span> <span class='ocrx_word' id='word_1_60' title='bbox 604 572 674 601; x_wconf 88' lang='lat' dir='ltr'><strong>quos</strong></span> <span class='ocrx_word' id='word_1_61' title='bbox 695 568 808 592; x_wconf 83' lang='lat' dir='ltr'><strong>sanctus</strong></span> <span class='ocrx_word' id='word_1_62' title='bbox 824 564 950 591; x_wconf 87' lang='lat' dir='ltr'><strong>Clemens</strong></span> 
     </span>
    </p>
   </div>
   <div class='ocr_carea' id='block_1_11' title="bbox 161 604 948 647">
    <p class='ocr_par' dir='ltr' id='par_1_11' title="bbox 161 604 948 647">
     <span class='ocr_line' id='line_1_11' title="bbox 161 604 948 647; baseline -0.005 -6"><span class='ocrx_word' id='word_1_63' title='bbox 161 614 234 641; x_wconf 86' lang='lat' dir='ltr'><strong>ultra</strong></span> <span class='ocrx_word' id='word_1_64' title='bbox 253 620 386 641; x_wconf 85' lang='lat' dir='ltr'><strong>oceanum</strong></span> <span class='ocrx_word' id='word_1_65' title='bbox 400 620 462 641; x_wconf 86' lang='lat' dir='ltr'><strong>esse</strong></span> <span class='ocrx_word' id='word_1_66' title='bbox 480 613 528 644; x_wconf 85' lang='lat' dir='ltr'><strong>ait,</strong></span> <span class='ocrx_word' id='word_1_67' title='bbox 544 604 687 647; x_wconf 74' lang='lat' dir='ltr'><strong>antipodas</strong></span> <span class='ocrx_word' id='word_1_68' title='bbox 700 619 771 644; x_wconf 87' lang='lat' dir='ltr'><strong>esse,</strong></span> <span class='ocrx_word' id='word_1_69' title='bbox 787 618 856 646; x_wconf 89' lang='lat' dir='ltr'><strong>quos</strong></span> <span class='ocrx_word' id='word_1_70' title='bbox 870 618 948 638; x_wconf 87' lang='lat' dir='ltr'><strong>reve-</strong></span> 
     </span>
    </p>
   </div>
   <div class='ocr_carea' id='block_1_12' title="bbox 161 656 948 693">
    <p class='ocr_par' dir='ltr' id='par_1_12' title="bbox 161 656 948 693">
     <span class='ocr_line' id='line_1_12' title="bbox 161 656 948 693; baseline -0.006 -5"><span class='ocrx_word' id='word_1_71' title='bbox 161 668 191 688; x_wconf 84' lang='lat' dir='ltr'><strong>ra</strong></span> <span class='ocrx_word' id='word_1_72' title='bbox 205 660 323 688; x_wconf 79' lang='lat' dir='ltr'><strong>existere</strong></span> <span class='ocrx_word' id='word_1_73' title='bbox 337 668 432 688; x_wconf 88' lang='lat' dir='ltr'><strong>omnes</strong></span> <span class='ocrx_word' id='word_1_74' title='bbox 448 659 528 686; x_wconf 82' lang='lat' dir='ltr'><strong>hodie</strong></span> <span class='ocrx_word' id='word_1_75' title='bbox 545 659 682 691; x_wconf 80' lang='lat' dir='ltr'><strong>fatentur;</strong></span> <span class='ocrx_word' id='word_1_76' title='bbox 699 667 751 693; x_wconf 92' lang='lat' dir='ltr'><strong>qua</strong></span> <span class='ocrx_word' id='word_1_77' title='bbox 768 658 801 685; x_wconf 89' lang='lat' dir='ltr'><strong>de</strong></span> <span class='ocrx_word' id='word_1_78' title='bbox 818 666 845 684; x_wconf 88' lang='lat' dir='ltr'><strong>re</strong></span> <span class='ocrx_word' id='word_1_79' title='bbox 859 656 948 683; x_wconf 85' lang='lat' dir='ltr'><strong>Photii</strong></span> 
     </span>
    </p>
   </div>
   <div class='ocr_carea' id='block_1_13' title="bbox 161 704 948 739">
    <p class='ocr_par' dir='ltr' id='par_1_13' title="bbox 161 704 948 739">
     <span class='ocr_line' id='line_1_13' title="bbox 161 704 948 739; baseline -0.004 -7"><span class='ocrx_word' id='word_1_80' title='bbox 161 710 242 734; x_wconf 63' lang='lat' dir='ltr'><strong>atate</strong></span> <span class='ocrx_word' id='word_1_81' title='bbox 258 705 383 732; x_wconf 78' lang='lat' dir='ltr'><strong>fortassis</strong></span> <span class='ocrx_word' id='word_1_82' title='bbox 408 713 462 731; x_wconf 91' lang='lat' dir='ltr'><strong>non</strong></span> <span class='ocrx_word' id='word_1_83' title='bbox 488 705 607 739; x_wconf 84' lang='lat' dir='ltr'><strong>liquebat</strong></span> <span class='ocrx_word' id='word_1_84' title='bbox 624 705 691 739; x_wconf 84' lang='grc'>(61).</span> <span class='ocrx_word' id='word_1_85' title='bbox 711 704 779 736; x_wconf 88' lang='lat' dir='ltr'><strong>Quia</strong></span> <span class='ocrx_word' id='word_1_86' title='bbox 795 708 885 730; x_wconf 85' lang='lat' dir='ltr'><strong>tamen</strong></span> <span class='ocrx_word' id='word_1_87' title='bbox 906 711 948 730; x_wconf 90' lang='lat' dir='ltr'><strong>re-</strong></span> 
     </span>
    </p>
   </div>
   <div class='ocr_carea' id='block_1_14' title="bbox 160 748 949 786">
    <p class='ocr_par' dir='ltr' id='par_1_14' title="bbox 160 748 949 786">
     <span class='ocr_line' id='line_1_14' title="bbox 160 748 949 786; baseline -0.006 -7"><span class='ocrx_word' id='word_1_88' title='bbox 160 756 250 779; x_wconf 79' lang='lat' dir='ltr'><strong>motas</strong></span> <span class='ocrx_word' id='word_1_89' title='bbox 265 757 296 777; x_wconf 79' lang='lat' dir='ltr'><strong>ac</strong></span> <span class='ocrx_word' id='word_1_90' title='bbox 309 751 385 786; x_wconf 89' lang='lat' dir='ltr'><strong>prius</strong></span> <span class='ocrx_word' id='word_1_91' title='bbox 404 750 557 785; x_wconf 79' lang='lat' dir='ltr'><strong>incognitas</strong></span> <span class='ocrx_word' id='word_1_92' title='bbox 576 750 669 776; x_wconf 85' lang='lat' dir='ltr'><strong>mundi</strong></span> <span class='ocrx_word' id='word_1_93' title='bbox 691 754 792 784; x_wconf 83' lang='lat' dir='ltr'><strong>partes,</strong></span> <span class='ocrx_word' id='word_1_94' title='bbox 810 753 874 783; x_wconf 89' lang='lat' dir='ltr'><strong>puta</strong></span> <span class='ocrx_word' id='word_1_95' title='bbox 890 748 949 774; x_wconf 85' lang='lat' dir='ltr'><strong>Bri-</strong></span> 
     </span>
    </p>
   </div>
   <div class='ocr_carea' id='block_1_15' title="bbox 160 795 947 830">
    <p class='ocr_par' dir='ltr' id='par_1_15' title="bbox 160 795 947 830">
     <span class='ocr_line' id='line_1_15' title="bbox 160 795 947 830; baseline -0.004 -6"><span class='ocrx_word' id='word_1_96' title='bbox 160 798 287 824; x_wconf 87' lang='lat' dir='ltr'><strong>tannicas</strong></span> <span class='ocrx_word' id='word_1_97' title='bbox 303 796 420 827; x_wconf 81' lang='lat' dir='ltr'><strong>Insulas.</strong></span> <span class='ocrx_word' id='word_1_98' title='bbox 435 796 507 823; x_wconf 77' lang='lat' dir='ltr'><strong>Julio</strong></span> <span class='ocrx_word' id='word_1_99' title='bbox 524 796 636 824; x_wconf 61' lang='lat' dir='ltr'><strong>Caesari.</strong></span> <span class='ocrx_word' id='word_1_100' title='bbox 651 795 775 830; x_wconf 79' lang='lat' dir='ltr'><strong>Virgilio,</strong></span> <span class='ocrx_word' id='word_1_101' title='bbox 799 796 913 829; x_wconf 78' lang='lat' dir='ltr'><strong>aliisque</strong></span> <span class='ocrx_word' id='word_1_102' title='bbox 933 803 947 821; x_wconf 87' lang='lat' dir='ltr'><strong>a</strong></span> 
     </span>
    </p>
   </div>
   <div class='ocr_carea' id='block_1_16' title="bbox 160 841 948 875">
    <p class='ocr_par' dir='ltr' id='par_1_16' title="bbox 160 841 948 875">
     <span class='ocr_line' id='line_1_16' title="bbox 160 841 948 875; baseline -0.004 -5"><span class='ocrx_word' id='word_1_103' title='bbox 160 842 298 870; x_wconf 87' lang='lat' dir='ltr'><strong>Cotelerio</strong></span> <span class='ocrx_word' id='word_1_104' title='bbox 318 842 423 872; x_wconf 74' lang='lat' dir='ltr'><strong>relatis.</strong></span> <span class='ocrx_word' id='word_1_105' title='bbox 444 850 523 868; x_wconf 84' lang='lat' dir='ltr'><strong>nouos</strong></span> <span class='ocrx_word' id='word_1_106' title='bbox 550 842 624 868; x_wconf 81' lang='lat' dir='ltr'><strong>orbes</strong></span> <span class='ocrx_word' id='word_1_107' title='bbox 650 848 807 875; x_wconf 89' lang='lat' dir='ltr'><strong>nuncupare</strong></span> <span class='ocrx_word' id='word_1_108' title='bbox 828 841 948 867; x_wconf 79' lang='lat' dir='ltr'><strong>solemne</strong></span> 
     </span>
    </p>
   </div>
   <div class='ocr_carea' id='block_1_17' title="bbox 160 884 947 922">
    <p class='ocr_par' dir='ltr' id='par_1_17' title="bbox 160 884 947 922">
     <span class='ocr_line' id='line_1_17' title="bbox 160 884 947 922; baseline -0.006 -7"><span class='ocrx_word' id='word_1_109' title='bbox 160 892 214 920; x_wconf 88' lang='lat' dir='ltr'><strong>est,</strong></span> <span class='ocrx_word' id='word_1_110' title='bbox 225 887 363 922; x_wconf 80' lang='lat' dir='ltr'><strong>ambigere</strong></span> <span class='ocrx_word' id='word_1_111' title='bbox 376 888 439 914; x_wconf 88' lang='lat' dir='ltr'><strong>licet</strong></span> <span class='ocrx_word' id='word_1_112' title='bbox 461 896 524 914; x_wconf 92' lang='lat' dir='ltr'><strong>num</strong></span> <span class='ocrx_word' id='word_1_113' title='bbox 533 887 658 914; x_wconf 86' lang='lat' dir='ltr'><strong>Clemens</strong></span> <span class='ocrx_word' id='word_1_114' title='bbox 673 886 811 913; x_wconf 74' lang='lat' dir='ltr'><strong>Romanus</strong></span> <span class='ocrx_word' id='word_1_115' title='bbox 823 884 947 911; x_wconf 78' lang='lat' dir='ltr'><strong>Pontifex</strong></span> 
     </span>
    </p>
   </div>
   <div class='ocr_carea' id='block_1_18' title="bbox 160 933 946 968">
    <p class='ocr_par' dir='ltr' id='par_1_18' title="bbox 160 933 946 968">
     <span class='ocr_line' id='line_1_18' title="bbox 160 933 946 968; baseline -0.008 -6"><span class='ocrx_word' id='word_1_116' title='bbox 160 934 194 962; x_wconf 87' lang='lat' dir='ltr'><strong>de</strong></span> <span class='ocrx_word' id='word_1_117' title='bbox 209 934 321 961; x_wconf 88' lang='lat' dir='ltr'><strong>remotis</strong></span> <span class='ocrx_word' id='word_1_118' title='bbox 337 933 430 960; x_wconf 76' lang='lat' dir='ltr'><strong>mundi</strong></span> <span class='ocrx_word' id='word_1_119' title='bbox 451 933 572 968; x_wconf 84' lang='lat' dir='ltr'><strong>partibus</strong></span> <span class='ocrx_word' id='word_1_120' title='bbox 586 933 655 959; x_wconf 88' lang='lat' dir='ltr'><strong>ultra</strong></span> <span class='ocrx_word' id='word_1_121' title='bbox 678 939 820 963; x_wconf 80' lang='lat' dir='ltr'><strong>oceanum,</strong></span> <span class='ocrx_word' id='word_1_122' title='bbox 838 939 891 958; x_wconf 91' lang='lat' dir='ltr'><strong>non</strong></span> <span class='ocrx_word' id='word_1_123' title='bbox 907 935 946 957; x_wconf 84' lang='lat' dir='ltr'><strong>ta-</strong></span> 
     </span>
    </p>
   </div>
   <div class='ocr_carea' id='block_1_19' title="bbox 160 956 985 1011">
    <p class='ocr_par' dir='ltr' id='par_1_19' title="bbox 160 956 985 1011">
     <span class='ocr_line' id='line_1_19' title="bbox 161 956 868 968; baseline -0.006 -6"><span class='ocrx_word' id='word_1_124' title='bbox 161 956 193 962; x_wconf 64' lang='grc' dir='ltr'>..ν</span> <span class='ocrx_word' id='word_1_125' title='bbox 210 956 321 961; x_wconf 53' lang='grc' dir='ltr'><strong>.-.ην-ω</strong></span> <span class='ocrx_word' id='word_1_126' title='bbox 337 956 430 960; x_wconf 63' lang='lat'><strong>..._..-.</strong></span> <span class='ocrx_word' id='word_1_127' title='bbox 452 956 571 968; x_wconf 52' lang='grc' dir='ltr'><strong>,νη-.--ν</strong></span> <span class='ocrx_word' id='word_1_128' title='bbox 587 956 655 959; x_wconf 46' lang='grc' dir='ltr'>-.η</span> <span class='ocrx_word' id='word_1_129' title='bbox 804 956 820 963; x_wconf 38' lang='grc' dir='ltr'><strong>ν,</strong></span> 
     </span>
     <span class='ocr_line' id='line_1_20' title="bbox 160 956 985 1011; baseline -0.006 -6"><span class='ocrx_word' id='word_1_130' title='bbox 160 986 222 1005; x_wconf 87' lang='lat' dir='ltr'><strong>men</strong></span> <span class='ocrx_word' id='word_1_131' title='bbox 238 978 266 1004; x_wconf 91' lang='lat' dir='ltr'><strong>in</strong></span> <span class='ocrx_word' id='word_1_132' title='bbox 283 978 398 1004; x_wconf 81' lang='lat' dir='ltr'><strong>adversa</strong></span> <span class='ocrx_word' id='word_1_133' title='bbox 414 978 492 1004; x_wconf 87' lang='lat' dir='ltr'><strong>nobis</strong></span> <span class='ocrx_word' id='word_1_134' title='bbox 511 976 667 1011; x_wconf 86' lang='lat' dir='ltr'><strong>parte-sitis</strong></span> <span class='ocrx_word' id='word_1_135' title='bbox 690 976 825 1010; x_wconf 86' lang='lat' dir='ltr'><strong>loquatur.</strong></span> <span class='ocrx_word' id='word_1_136' title='bbox 843 974 948 1002; x_wconf 88' lang='lat' dir='ltr'><strong>Viderit</strong></span> <span class='ocrx_word' id='word_1_137' title='bbox 963 956 985 985; x_wconf 65' lang='grc' dir='ltr'><strong>Β</strong></span> 
     </span>
    </p>
   </div>
   <div class='ocr_carea' id='block_1_20' title="bbox 159 1019 949 1057">
    <p class='ocr_par' dir='ltr' id='par_1_20' title="bbox 159 1019 949 1057">
     <span class='ocr_line' id='line_1_21' title="bbox 159 1019 949 1057; baseline -0.004 -8"><span class='ocrx_word' id='word_1_138' title='bbox 159 1023 241 1049; x_wconf 86' lang='lat' dir='ltr'><strong>etiam</strong></span> <span class='ocrx_word' id='word_1_139' title='bbox 271 1023 399 1057; x_wconf 82' lang='lat' dir='ltr'><strong>quisque,</strong></span> <span class='ocrx_word' id='word_1_140' title='bbox 424 1030 488 1049; x_wconf 91' lang='lat' dir='ltr'><strong>num</strong></span> <span class='ocrx_word' id='word_1_141' title='bbox 511 1021 736 1049; x_wconf 72' lang='lat' dir='ltr'><strong>subscribendum</strong></span> <span class='ocrx_word' id='word_1_142' title='bbox 757 1024 831 1055; x_wconf 86' lang='lat' dir='ltr'><strong>putet</strong></span> <span class='ocrx_word' id='word_1_143' title='bbox 854 1019 949 1054; x_wconf 79' lang='lat' dir='ltr'><strong>Orige-</strong></span> 
     </span>
    </p>
   </div>
   <div class='ocr_carea' id='block_1_21' title="bbox 161 1067 948 1103">
    <p class='ocr_par' dir='ltr' id='par_1_21' title="bbox 161 1067 948 1103">
     <span class='ocr_line' id='line_1_22' title="bbox 161 1067 948 1103; baseline -0.005 -7"><span class='ocrx_word' id='word_1_144' title='bbox 161 1069 187 1096; x_wconf 85' lang='lat' dir='ltr'><strong>ni</strong></span> <span class='ocrx_word' id='word_1_145' title='bbox 208 1069 264 1103; x_wconf 73' lang='grc'>(62)</span> <span class='ocrx_word' id='word_1_146' title='bbox 277 1075 358 1103; x_wconf 87' lang='lat' dir='ltr'><strong>atque</strong></span> <span class='ocrx_word' id='word_1_147' title='bbox 369 1068 432 1095; x_wconf 85' lang='lat' dir='ltr'><strong>divo</strong></span> <span class='ocrx_word' id='word_1_148' title='bbox 448 1067 611 1103; x_wconf 80' lang='lat' dir='ltr'><strong>Hieronymo</strong></span> <span class='ocrx_word' id='word_1_149' title='bbox 628 1067 684 1102; x_wconf 77' lang='grc'>(65)</span> <span class='ocrx_word' id='word_1_150' title='bbox 703 1067 749 1101; x_wconf 90' lang='lat' dir='ltr'><strong>qui</strong></span> <span class='ocrx_word' id='word_1_151' title='bbox 765 1067 857 1101; x_wconf 85' lang='lat' dir='ltr'><strong>plures</strong></span> <span class='ocrx_word' id='word_1_152' title='bbox 870 1073 948 1092; x_wconf 88' lang='lat' dir='ltr'><strong>mun-</strong></span> 
     </span>
    </p>
   </div>
   <div class='ocr_carea' id='block_1_22' title="bbox 157 1112 947 1142">
    <p class='ocr_par' dir='ltr' id='par_1_22' title="bbox 157 1112 947 1142">
     <span class='ocr_line' id='line_1_23' title="bbox 157 1112 947 1142; baseline -0.005 0"><span class='ocrx_word' id='word_1_153' title='bbox 157 1115 209 1142; x_wconf 81' lang='lat' dir='ltr'><strong>dos</strong></span> <span class='ocrx_word' id='word_1_154' title='bbox 235 1123 249 1142; x_wconf 85' lang='lat' dir='ltr'><strong>a</strong></span> <span class='ocrx_word' id='word_1_155' title='bbox 271 1115 335 1142; x_wconf 90' lang='lat' dir='ltr'><strong>divo</strong></span> <span class='ocrx_word' id='word_1_156' title='bbox 349 1115 488 1142; x_wconf 84' lang='lat' dir='ltr'><strong>Clemente</strong></span> <span class='ocrx_word' id='word_1_157' title='bbox 504 1114 548 1140; x_wconf 91' lang='lat' dir='ltr'><strong>hic</strong></span> <span class='ocrx_word' id='word_1_158' title='bbox 564 1113 650 1140; x_wconf 85' lang='lat' dir='ltr'><strong>asseri</strong></span> <span class='ocrx_word' id='word_1_159' title='bbox 675 1114 853 1139; x_wconf 88' lang='lat' dir='ltr'><strong>arbitrantur.</strong></span> <span class='ocrx_word' id='word_1_160' title='bbox 882 1112 947 1139; x_wconf 85' lang='lat' dir='ltr'><strong>Mihi</strong></span> 
     </span>
    </p>
   </div>
   <div class='ocr_carea' id='block_1_23' title="bbox 157 1159 947 1196">
    <p class='ocr_par' dir='ltr' id='par_1_23' title="bbox 157 1159 947 1196">
     <span class='ocr_line' id='line_1_24' title="bbox 157 1159 947 1196; baseline -0.003 -8"><span class='ocrx_word' id='word_1_161' title='bbox 157 1169 224 1188; x_wconf 82' lang='lat' dir='ltr'><strong>vero</strong></span> <span class='ocrx_word' id='word_1_162' title='bbox 238 1161 318 1196; x_wconf 77' lang='lat' dir='ltr'><strong>longe</strong></span> <span class='ocrx_word' id='word_1_163' title='bbox 333 1160 583 1195; x_wconf 85' lang='lat' dir='ltr'><strong>probabilissimum</strong></span> <span class='ocrx_word' id='word_1_164' title='bbox 600 1159 719 1190; x_wconf 76' lang='lat' dir='ltr'><strong>videtur,</strong></span> <span class='ocrx_word' id='word_1_165' title='bbox 732 1159 857 1194; x_wconf 79' lang='lat' dir='ltr'><strong>cognitas</strong></span> <span class='ocrx_word' id='word_1_166' title='bbox 872 1159 947 1186; x_wconf 88' lang='lat' dir='ltr'><strong>orbis</strong></span> 
     </span>
    </p>
   </div>
   <div class='ocr_carea' id='block_1_24' title="bbox 158 1204 945 1241">
    <p class='ocr_par' dir='ltr' id='par_1_24' title="bbox 158 1204 945 1241">
     <span class='ocr_line' id='line_1_25' title="bbox 158 1204 945 1241; baseline -0.003 -8"><span class='ocrx_word' id='word_1_167' title='bbox 158 1210 330 1241; x_wconf 78' lang='lat' dir='ltr'><strong>partes,qu:e</strong></span> <span class='ocrx_word' id='word_1_168' title='bbox 346 1206 422 1241; x_wconf 90' lang='lat' dir='ltr'><strong>prius</strong></span> <span class='ocrx_word' id='word_1_169' title='bbox 434 1206 564 1235; x_wconf 82' lang='lat' dir='ltr'><strong>latebant.</strong></span> <span class='ocrx_word' id='word_1_170' title='bbox 585 1209 662 1232; x_wconf 77' lang='lat' dir='ltr'><strong>extra</strong></span> <span class='ocrx_word' id='word_1_171' title='bbox 683 1212 816 1231; x_wconf 80' lang='lat' dir='ltr'><strong>0::eanum</strong></span> <span class='ocrx_word' id='word_1_172' title='bbox 835 1204 945 1231; x_wconf 77' lang='lat' dir='ltr'><strong>mundos</strong></span> 
     </span>
    </p>
   </div>
   <div class='ocr_carea' id='block_1_25' title="bbox 157 1252 946 1288">
    <p class='ocr_par' dir='ltr' id='par_1_25' title="bbox 157 1252 946 1288">
     <span class='ocr_line' id='line_1_26' title="bbox 157 1252 946 1288; baseline -0.004 -7"><span class='ocrx_word' id='word_1_173' title='bbox 157 1254 190 1281; x_wconf 74' lang='lat' dir='ltr'><strong>ab</strong></span> <span class='ocrx_word' id='word_1_174' title='bbox 202 1262 235 1281; x_wconf 89' lang='lat' dir='ltr'><strong>eo</strong></span> <span class='ocrx_word' id='word_1_175' title='bbox 248 1254 391 1288; x_wconf 86' lang='lat' dir='ltr'><strong>appellari,</strong></span> <span class='ocrx_word' id='word_1_176' title='bbox 407 1260 521 1287; x_wconf 81' lang='lat' dir='ltr'><strong>eamque</strong></span> <span class='ocrx_word' id='word_1_177' title='bbox 541 1253 706 1279; x_wconf 88' lang='lat' dir='ltr'><strong>locutionem</strong></span> <span class='ocrx_word' id='word_1_178' title='bbox 725 1252 846 1286; x_wconf 85' lang='lat' dir='ltr'><strong>antiquis</strong></span> <span class='ocrx_word' id='word_1_179' title='bbox 859 1253 946 1279; x_wconf 82' lang='lat' dir='ltr'><strong>usita—</strong></span> 
     </span>
    </p>
   </div>
   <div class='ocr_carea' id='block_1_26' title="bbox 158 1298 946 1333">
    <p class='ocr_par' dir='ltr' id='par_1_26' title="bbox 158 1298 946 1333">
     <span class='ocr_line' id='line_1_27' title="bbox 158 1298 946 1333; baseline 0 -8"><span class='ocrx_word' id='word_1_180' title='bbox 158 1303 211 1326; x_wconf 88' lang='lat' dir='ltr'><strong>tam</strong></span> <span class='ocrx_word' id='word_1_181' title='bbox 229 1298 315 1325; x_wconf 87' lang='lat' dir='ltr'><strong>fuisse</strong></span> <span class='ocrx_word' id='word_1_182' title='bbox 330 1298 393 1325; x_wconf 81' lang='lat' dir='ltr'><strong>Julii</strong></span> <span class='ocrx_word' id='word_1_183' title='bbox 422 1298 548 1330; x_wconf 68' lang='lat' dir='ltr'><strong>Czesaris,</strong></span> <span class='ocrx_word' id='word_1_184' title='bbox 561 1298 676 1333; x_wconf 78' lang='lat' dir='ltr'><strong>Virgilii,</strong></span> <span class='ocrx_word' id='word_1_185' title='bbox 692 1298 802 1325; x_wconf 74' lang='lat' dir='ltr'><strong>Seneca:</strong></span> <span class='ocrx_word' id='word_1_186' title='bbox 816 1299 946 1325; x_wconf 82' lang='lat' dir='ltr'><strong>aliorum-</strong></span> 
     </span>
    </p>
   </div>
   <div class='ocr_carea' id='block_1_27' title="bbox 157 1343 945 1379">
    <p class='ocr_par' dir='ltr' id='par_1_27' title="bbox 157 1343 945 1379">
     <span class='ocr_line' id='line_1_28' title="bbox 157 1343 945 1379; baseline -0.003 -7"><span class='ocrx_word' id='word_1_187' title='bbox 157 1353 188 1372; x_wconf 83' lang='lat' dir='ltr'><strong>ve</strong></span> <span class='ocrx_word' id='word_1_188' title='bbox 204 1345 364 1372; x_wconf 85' lang='lat' dir='ltr'><strong>testimonia</strong></span> <span class='ocrx_word' id='word_1_189' title='bbox 373 1352 388 1370; x_wconf 88' lang='lat' dir='ltr'><strong>a</strong></span> <span class='ocrx_word' id='word_1_190' title='bbox 402 1346 460 1371; x_wconf 90' lang='lat' dir='ltr'><strong>viro</strong></span> <span class='ocrx_word' id='word_1_191' title='bbox 472 1345 632 1371; x_wconf 81' lang='lat' dir='ltr'><strong>doctissimo</strong></span> <span class='ocrx_word' id='word_1_192' title='bbox 644 1343 749 1371; x_wconf 82' lang='lat' dir='ltr'><strong>Joanne</strong></span> <span class='ocrx_word' id='word_1_193' title='bbox 760 1344 880 1379; x_wconf 86' lang='lat' dir='ltr'><strong>Baptista</strong></span> <span class='ocrx_word' id='word_1_194' title='bbox 892 1345 945 1371; x_wconf 90' lang='lat' dir='ltr'><strong>Co-</strong></span> 
     </span>
    </p>
   </div>
   <div class='ocr_carea' id='block_1_28' title="bbox 157 1390 564 1425">
    <p class='ocr_par' dir='ltr' id='par_1_28' title="bbox 157 1390 564 1425">
     <span class='ocr_line' id='line_1_29' title="bbox 157 1390 564 1425; baseline -0.002 -7"><span class='ocrx_word' id='word_1_195' title='bbox 157 1391 254 1418; x_wconf 77' lang='lat' dir='ltr'><strong>telerio</strong></span> <span class='ocrx_word' id='word_1_196' title='bbox 269 1390 325 1425; x_wconf 69' lang='grc'>(64)</span> <span class='ocrx_word' id='word_1_197' title='bbox 341 1391 424 1417; x_wconf 84' lang='lat' dir='ltr'><strong>relata</strong></span> <span class='ocrx_word' id='word_1_198' title='bbox 441 1391 564 1424; x_wconf 87' lang='lat' dir='ltr'><strong>probant.</strong></span> 
     </span>
    </p>
   </div>
   <div class='ocr_carea' id='block_1_29' title="bbox 194 1436 945 1470">
    <p class='ocr_par' dir='ltr' id='par_1_29' title="bbox 194 1436 945 1470">
     <span class='ocr_line' id='line_1_30' title="bbox 194 1436 945 1470; baseline 0 -7"><span class='ocrx_word' id='word_1_199' title='bbox 194 1437 267 1464; x_wconf 68' lang='lat' dir='ltr'><strong>Nlm</strong></span> <span class='ocrx_word' id='word_1_200' title='bbox 285 1437 314 1463; x_wconf 91' lang='lat' dir='ltr'><strong>S.</strong></span> <span class='ocrx_word' id='word_1_201' title='bbox 336 1436 456 1463; x_wconf 82' lang='lat' dir='ltr'><strong>Clemens</strong></span> <span class='ocrx_word' id='word_1_202' title='bbox 479 1436 652 1462; x_wconf 71' lang='lat' dir='ltr'><strong>hieran/tiam</strong></span> <span class='ocrx_word' id='word_1_203' title='bbox 673 1444 706 1463; x_wconf 73' lang='lat' dir='ltr'><strong>ea:</strong></span> <span class='ocrx_word' id='word_1_204' title='bbox 723 1437 860 1468; x_wconf 79' lang='lat' dir='ltr'><strong>episcopis.</strong></span> <span class='ocrx_word' id='word_1_205' title='bbox 886 1445 945 1470; x_wconf 78' lang='lat' dir='ltr'><strong>pre-</strong></span> 
     </span>
    </p>
   </div>
   <div class='ocr_carea' id='block_1_30' title="bbox 157 1482 943 1517">
    <p class='ocr_par' dir='ltr' id='par_1_30' title="bbox 157 1482 943 1517">
     <span class='ocr_line' id='line_1_31' title="bbox 157 1482 943 1517; baseline -0.001 -8"><span class='ocrx_word' id='word_1_206' title='bbox 157 1483 281 1517; x_wconf 69' lang='lat' dir='ltr'><strong>sbyteris,</strong></span> <span class='ocrx_word' id='word_1_207' title='bbox 299 1490 329 1508; x_wconf 88' lang='lat' dir='ltr'><strong>ac</strong></span> <span class='ocrx_word' id='word_1_208' title='bbox 346 1483 473 1508; x_wconf 75' lang='lat' dir='ltr'><strong>ministris</strong></span> <span class='ocrx_word' id='word_1_209' title='bbox 489 1487 650 1508; x_wconf 83' lang='lat' dir='ltr'><strong>constantem</strong></span> <span class='ocrx_word' id='word_1_210' title='bbox 663 1482 801 1508; x_wconf 78' lang='lat' dir='ltr'><strong>crediderit</strong></span> <span class='ocrx_word' id='word_1_211' title='bbox 813 1484 865 1509; x_wconf 81' lang='lat'><strong>?—</strong></span> <span class='ocrx_word' id='word_1_212' title='bbox 875 1483 943 1509; x_wconf 82' lang='lat' dir='ltr'><strong>Fue-</strong></span> 
     </span>
    </p>
   </div>
   <div class='ocr_carea' id='block_1_31' title="bbox 158 1527 941 1562">
    <p class='ocr_par' dir='ltr' id='par_1_31' title="bbox 158 1527 941 1562">
     <span class='ocr_line' id='line_1_32' title="bbox 158 1527 941 1562; baseline -0.001 -7"><span class='ocrx_word' id='word_1_213' title='bbox 158 1536 186 1555; x_wconf 85' lang='lat' dir='ltr'><strong>re</strong></span> <span class='ocrx_word' id='word_1_214' title='bbox 206 1528 334 1555; x_wconf 87' lang='lat' dir='ltr'><strong>nonnulli</strong></span> <span class='ocrx_word' id='word_1_215' title='bbox 360 1527 459 1558; x_wconf 83' lang='lat' dir='ltr'><strong>critici,</strong></span> <span class='ocrx_word' id='word_1_216' title='bbox 486 1528 530 1562; x_wconf 93' lang='lat' dir='ltr'><strong>qui</strong></span> <span class='ocrx_word' id='word_1_217' title='bbox 548 1535 580 1554; x_wconf 81' lang='lat' dir='ltr'><strong>ex</strong></span> <span class='ocrx_word' id='word_1_218' title='bbox 605 1528 719 1561; x_wconf 86' lang='lat' dir='ltr'><strong>cpistola</strong></span> <span class='ocrx_word' id='word_1_219' title='bbox 743 1528 826 1562; x_wconf 79' lang='lat' dir='ltr'><strong>priori</strong></span> <span class='ocrx_word' id='word_1_220' title='bbox 856 1529 941 1554; x_wconf 79' lang='lat' dir='ltr'><strong>sancti</strong></span> 
     </span>
    </p>
   </div>
   <div class='ocr_carea' id='block_1_32' title="bbox 157 1573 941 1607">
    <p class='ocr_par' dir='ltr' id='par_1_32' title="bbox 157 1573 941 1607">
     <span class='ocr_line' id='line_1_33' title="bbox 157 1573 941 1607; baseline -0.001 -8"><span class='ocrx_word' id='word_1_221' title='bbox 157 1573 298 1601; x_wconf 78' lang='lat' dir='ltr'><strong>Pontificis</strong></span> <span class='ocrx_word' id='word_1_222' title='bbox 323 1573 409 1600; x_wconf 90' lang='lat' dir='ltr'><strong>nostri</strong></span> <span class='ocrx_word' id='word_1_223' title='bbox 425 1573 559 1599; x_wconf 78' lang='lat' dir='ltr'><strong>conficere</strong></span> <span class='ocrx_word' id='word_1_224' title='bbox 581 1576 685 1607; x_wconf 82' lang='lat' dir='ltr'><strong>putant.</strong></span> <span class='ocrx_word' id='word_1_225' title='bbox 709 1573 778 1599; x_wconf 88' lang='lat' dir='ltr'><strong>duos</strong></span> <span class='ocrx_word' id='word_1_226' title='bbox 794 1577 897 1599; x_wconf 88' lang='lat' dir='ltr'><strong>tantttm</strong></span> <span class='ocrx_word' id='word_1_227' title='bbox 915 1574 941 1599; x_wconf 91' lang='lat' dir='ltr'><strong>in</strong></span> 
     </span>
    </p>
   </div>
   <div class='ocr_carea' id='block_1_33' title="bbox 1002 331 1782 369">
    <p class='ocr_par' dir='ltr' id='par_1_33' title="bbox 1002 331 1782 369">
     <span class='ocr_line' id='line_1_34' title="bbox 1002 331 1782 369; baseline 0.005 -11"><span class='ocrx_word' id='word_1_228' title='bbox 1002 331 1126 359; x_wconf 82' lang='lat' dir='ltr'><strong>cerdotes</strong></span> <span class='ocrx_word' id='word_1_229' title='bbox 1150 336 1179 359; x_wconf 85' lang='lat' dir='ltr'><strong>et</strong></span> <span class='ocrx_word' id='word_1_230' title='bbox 1201 332 1299 361; x_wconf 85' lang='lat' dir='ltr'><strong>levitas</strong></span> <span class='ocrx_word' id='word_1_231' title='bbox 1327 340 1462 360; x_wconf 92' lang='lat' dir='ltr'><strong>summum</strong></span> <span class='ocrx_word' id='word_1_232' title='bbox 1492 333 1660 361; x_wconf 82' lang='lat' dir='ltr'><strong>sacerdotem</strong></span> <span class='ocrx_word' id='word_1_233' title='bbox 1690 335 1782 369; x_wconf 59' lang='lat' dir='ltr'><strong>praedi-</strong></span> 
     </span>
    </p>
   </div>
   <div class='ocr_carea' id='block_1_34' title="bbox 1001 378 1781 415">
    <p class='ocr_par' dir='ltr' id='par_1_34' title="bbox 1001 378 1781 415">
     <span class='ocr_line' id='line_1_35' title="bbox 1001 378 1781 415; baseline 0.004 -10"><span class='ocrx_word' id='word_1_234' title='bbox 1001 383 1046 405; x_wconf 88' lang='lat' dir='ltr'><strong>cat</strong></span> <span class='ocrx_word' id='word_1_235' title='bbox 1060 378 1160 415; x_wconf 77' lang='lat' dir='ltr'><strong>(66),et</strong></span> <span class='ocrx_word' id='word_1_236' title='bbox 1175 380 1290 408; x_wconf 76' lang='lat' dir='ltr'><strong>interius</strong></span> <span class='ocrx_word' id='word_1_237' title='bbox 1305 388 1418 408; x_wconf 87' lang='lat' dir='ltr'><strong>numero</strong></span> <span class='ocrx_word' id='word_1_238' title='bbox 1431 380 1477 412; x_wconf 62' lang='lat' dir='ltr'><strong>4L,</strong></span> <span class='ocrx_word' id='word_1_239' title='bbox 1492 388 1554 408; x_wconf 92' lang='lat' dir='ltr'><strong>cum</strong></span> <span class='ocrx_word' id='word_1_240' title='bbox 1567 380 1715 409; x_wconf 86' lang='lat' dir='ltr'><strong>Corinthiis</strong></span> <span class='ocrx_word' id='word_1_241' title='bbox 1735 389 1781 408; x_wconf 83' lang='lat' dir='ltr'><strong>ex-</strong></span> 
     </span>
    </p>
   </div>
   <div class='ocr_carea' id='block_1_35' title="bbox 1001 426 1782 462">
    <p class='ocr_par' dir='ltr' id='par_1_35' title="bbox 1001 426 1782 462">
     <span class='ocr_line' id='line_1_36' title="bbox 1001 426 1782 462; baseline 0.004 -10"><span class='ocrx_word' id='word_1_242' title='bbox 1001 426 1132 460; x_wconf 84' lang='lat' dir='ltr'><strong>postulat,</strong></span> <span class='ocrx_word' id='word_1_243' title='bbox 1148 427 1219 461; x_wconf 90' lang='lat' dir='ltr'><strong>quod</strong></span> <span class='ocrx_word' id='word_1_244' title='bbox 1242 426 1340 461; x_wconf 75' lang='lat' dir='ltr'><strong>deiecti</strong></span> <span class='ocrx_word' id='word_1_245' title='bbox 1362 426 1396 454; x_wconf 90' lang='lat' dir='ltr'><strong>ab</strong></span> <span class='ocrx_word' id='word_1_246' title='bbox 1410 426 1444 454; x_wconf 80' lang='lat' dir='ltr'><strong>iis</strong></span> <span class='ocrx_word' id='word_1_247' title='bbox 1464 427 1521 454; x_wconf 79' lang='lat' dir='ltr'><strong>sint</strong></span> <span class='ocrx_word' id='word_1_248' title='bbox 1536 427 1697 462; x_wconf 83' lang='lat' dir='ltr'><strong>presbyteri,</strong></span> <span class='ocrx_word' id='word_1_249' title='bbox 1713 435 1782 462; x_wconf 75' lang='lat' dir='ltr'><strong>quos</strong></span> 
     </span>
    </p>
   </div>
   <div class='ocr_carea' id='block_1_36' title="bbox 1001 471 1783 508">
    <p class='ocr_par' dir='ltr' id='par_1_36' title="bbox 1001 471 1783 508">
     <span class='ocr_line' id='line_1_37' title="bbox 1001 471 1783 508; baseline 0.004 -11"><span class='ocrx_word' id='word_1_250' title='bbox 1001 471 1117 504; x_wconf 85' lang='lat' dir='ltr'><strong>apostoli</strong></span> <span class='ocrx_word' id='word_1_251' title='bbox 1145 471 1224 498; x_wconf 85' lang='lat' dir='ltr'><strong>aliive</strong></span> <span class='ocrx_word' id='word_1_252' title='bbox 1242 472 1336 499; x_wconf 74' lang='lat' dir='ltr'><strong>eximii</strong></span> <span class='ocrx_word' id='word_1_253' title='bbox 1359 472 1412 499; x_wconf 84' lang='lat' dir='ltr'><strong>viri</strong></span> <span class='ocrx_word' id='word_1_254' title='bbox 1435 472 1609 500; x_wconf 86' lang='lat' dir='ltr'><strong>ordinassent</strong></span> <span class='ocrx_word' id='word_1_255' title='bbox 1621 472 1688 508; x_wconf 86' lang='lat'><strong>(67),</strong></span> <span class='ocrx_word' id='word_1_256' title='bbox 1713 472 1783 501; x_wconf 84' lang='lat' dir='ltr'><strong>forte</strong></span> 
     </span>
    </p>
   </div>
   <div class='ocr_carea' id='block_1_37' title="bbox 1000 515 1781 551">
    <p class='ocr_par' dir='ltr' id='par_1_37' title="bbox 1000 515 1781 551">
     <span class='ocr_line' id='line_1_38' title="bbox 1000 515 1781 551; baseline 0.001 -9"><span class='ocrx_word' id='word_1_257' title='bbox 1000 515 1082 542; x_wconf 86' lang='lat' dir='ltr'><strong>etiam</strong></span> <span class='ocrx_word' id='word_1_258' title='bbox 1098 517 1243 551; x_wconf 85' lang='lat' dir='ltr'><strong>episcopos</strong></span> <span class='ocrx_word' id='word_1_259' title='bbox 1256 520 1360 543; x_wconf 88' lang='lat' dir='ltr'><strong>tantum</strong></span> <span class='ocrx_word' id='word_1_260' title='bbox 1382 524 1414 543; x_wconf 87' lang='lat' dir='ltr'><strong>ac</strong></span> <span class='ocrx_word' id='word_1_261' title='bbox 1437 516 1566 544; x_wconf 83' lang='lat' dir='ltr'><strong>diaconos</strong></span> <span class='ocrx_word' id='word_1_262' title='bbox 1582 517 1626 543; x_wconf 89' lang='lat' dir='ltr'><strong>hic</strong></span> <span class='ocrx_word' id='word_1_263' title='bbox 1646 520 1781 549; x_wconf 84' lang='lat' dir='ltr'><strong>recenset,</strong></span> 
     </span>
    </p>
   </div>
   <div class='ocr_carea' id='block_1_38' title="bbox 999 561 1784 598">
    <p class='ocr_par' dir='ltr' id='par_1_38' title="bbox 999 561 1784 598">
     <span class='ocr_line' id='line_1_39' title="bbox 999 561 1784 598; baseline 0.003 -10"><span class='ocrx_word' id='word_1_264' title='bbox 999 567 1110 597; x_wconf 90' lang='lat' dir='ltr'><strong>propter</strong></span> <span class='ocrx_word' id='word_1_265' title='bbox 1119 561 1195 590; x_wconf 69' lang='lat' dir='ltr'><strong>Isaiae</strong></span> <span class='ocrx_word' id='word_1_266' title='bbox 1207 562 1295 589; x_wconf 89' lang='lat' dir='ltr'><strong>locum</strong></span> <span class='ocrx_word' id='word_1_267' title='bbox 1307 570 1369 590; x_wconf 83' lang='lat' dir='ltr'><strong>mox</strong></span> <span class='ocrx_word' id='word_1_268' title='bbox 1385 562 1418 589; x_wconf 87' lang='lat' dir='ltr'><strong>ab</strong></span> <span class='ocrx_word' id='word_1_269' title='bbox 1432 570 1466 590; x_wconf 90' lang='lat' dir='ltr'><strong>eo</strong></span> <span class='ocrx_word' id='word_1_270' title='bbox 1479 562 1602 595; x_wconf 85' lang='lat' dir='ltr'><strong>citatum,</strong></span> <span class='ocrx_word' id='word_1_271' title='bbox 1616 563 1643 589; x_wconf 94' lang='lat' dir='ltr'><strong>in</strong></span> <span class='ocrx_word' id='word_1_272' title='bbox 1659 570 1713 597; x_wconf 93' lang='lat' dir='ltr'><strong>quo</strong></span> <span class='ocrx_word' id='word_1_273' title='bbox 1729 562 1784 598; x_wconf 91' lang='lat' dir='ltr'><strong>epi-</strong></span> 
     </span>
    </p>
   </div>
   <div class='ocr_carea' id='block_1_39' title="bbox 1000 607 1784 645">
    <p class='ocr_par' dir='ltr' id='par_1_39' title="bbox 1000 607 1784 645">
     <span class='ocr_line' id='line_1_40' title="bbox 1000 607 1784 645; baseline 0.003 -11"><span class='ocrx_word' id='word_1_274' title='bbox 1000 608 1074 642; x_wconf 80' lang='lat' dir='ltr'><strong>scopi</strong></span> <span class='ocrx_word' id='word_1_275' title='bbox 1089 611 1116 635; x_wconf 88' lang='lat' dir='ltr'><strong>et</strong></span> <span class='ocrx_word' id='word_1_276' title='bbox 1129 607 1236 635; x_wconf 87' lang='lat' dir='ltr'><strong>diaconi</strong></span> <span class='ocrx_word' id='word_1_277' title='bbox 1251 608 1410 635; x_wconf 88' lang='lat' dir='ltr'><strong>nominatim</strong></span> <span class='ocrx_word' id='word_1_278' title='bbox 1421 608 1681 645; x_wconf 76' lang='lat' dir='ltr'><strong>memorantur(68).</strong></span> <span class='ocrx_word' id='word_1_279' title='bbox 1698 608 1784 636; x_wconf 82' lang='lat' dir='ltr'><strong>Acce-</strong></span> 
     </span>
    </p>
   </div>
   <div class='ocr_carea' id='block_1_40' title="bbox 1000 652 1783 689">
    <p class='ocr_par' dir='ltr' id='par_1_40' title="bbox 1000 652 1783 689">
     <span class='ocr_line' id='line_1_41' title="bbox 1000 652 1783 689; baseline 0.003 -10"><span class='ocrx_word' id='word_1_280' title='bbox 1000 653 1039 680; x_wconf 92' lang='lat' dir='ltr'><strong>dit</strong></span> <span class='ocrx_word' id='word_1_281' title='bbox 1048 652 1119 687; x_wconf 88' lang='lat' dir='ltr'><strong>quod</strong></span> <span class='ocrx_word' id='word_1_282' title='bbox 1137 653 1288 680; x_wconf 57' lang='lat' dir='ltr'><strong>numeroﬁl</strong></span> <span class='ocrx_word' id='word_1_283' title='bbox 1297 653 1417 687; x_wconf 72' lang='lat' dir='ltr'><strong>epistola:</strong></span> <span class='ocrx_word' id='word_1_284' title='bbox 1425 653 1450 685; x_wconf 89' lang='grc'><strong>1,</strong></span> <span class='ocrx_word' id='word_1_285' title='bbox 1458 657 1551 687; x_wconf 77' lang='lat' dir='ltr'><strong>aperte</strong></span> <span class='ocrx_word' id='word_1_286' title='bbox 1564 654 1737 689; x_wconf 81' lang='lat' dir='ltr'><strong>presbyteros</strong></span> <span class='ocrx_word' id='word_1_287' title='bbox 1749 654 1783 682; x_wconf 88' lang='lat' dir='ltr'><strong>ab</strong></span> 
     </span>
    </p>
   </div>
   <div class='ocr_carea' id='block_1_41' title="bbox 999 693 1783 733">
    <p class='ocr_par' dir='ltr' id='par_1_41' title="bbox 999 693 1783 733">
     <span class='ocr_line' id='line_1_42' title="bbox 999 693 1783 733; baseline 0.003 -9"><span class='ocrx_word' id='word_1_288' title='bbox 999 693 1135 732; x_wconf 83' lang='lat' dir='ltr'><strong>episcopis</strong></span> <span class='ocrx_word' id='word_1_289' title='bbox 1150 697 1302 731; x_wconf 88' lang='lat' dir='ltr'><strong>discernat;</strong></span> <span class='ocrx_word' id='word_1_290' title='bbox 1321 698 1359 724; x_wconf 91' lang='lat' dir='ltr'><strong>ait</strong></span> <span class='ocrx_word' id='word_1_291' title='bbox 1376 698 1466 725; x_wconf 87' lang='lat' dir='ltr'><strong>enim:</strong></span> <span class='ocrx_word' id='word_1_292' title='bbox 1489 697 1660 733; x_wconf 69' lang='lat' dir='ltr'><strong>Presbytero:</strong></span> <span class='ocrx_word' id='word_1_293' title='bbox 1678 703 1783 726; x_wconf 79' lang='lat' dir='ltr'><strong>nostros</strong></span> 
     </span>
    </p>
   </div>
   <div class='ocr_carea' id='block_1_42' title="bbox 1000 743 1781 775">
    <p class='ocr_par' dir='ltr' id='par_1_42' title="bbox 1000 743 1781 775">
     <span class='ocr_line' id='line_1_43' title="bbox 1000 743 1781 775; baseline 0.004 -5"><span class='ocrx_word' id='word_1_294' title='bbox 1000 751 1180 775; x_wconf 77' lang='lat' dir='ltr'><strong>revercamur;</strong></span> <span class='ocrx_word' id='word_1_295' title='bbox 1206 744 1322 771; x_wconf 72' lang='lat' dir='ltr'><strong>seniores</strong></span> <span class='ocrx_word' id='word_1_296' title='bbox 1351 748 1455 771; x_wconf 72' lang='grc' dir='ltr'><strong>ποεινοε</strong></span> <span class='ocrx_word' id='word_1_297' title='bbox 1478 743 1643 772; x_wconf 79' lang='lat' dir='ltr'><strong>Itonorcmus.</strong></span> <span class='ocrx_word' id='word_1_298' title='bbox 1673 744 1781 773; x_wconf 53' lang='grc' dir='ltr'><strong>(ἓνεκα</strong></span> 
     </span>
    </p>
   </div>
   <div class='ocr_carea' id='block_1_43' title="bbox 998 790 1783 826">
    <p class='ocr_par' dir='ltr' id='par_1_43' title="bbox 998 790 1783 826">
     <span class='ocr_line' id='line_1_44' title="bbox 998 790 1783 826; baseline 0.003 -10"><span class='ocrx_word' id='word_1_299' title='bbox 998 790 1068 822; x_wconf 80' lang='grc' dir='ltr'>Τοὺς</span> <span class='ocrx_word' id='word_1_300' title='bbox 1081 791 1300 826; x_wconf 79' lang='grc' dir='ltr'><strong>προηγουμένους</strong></span> <span class='ocrx_word' id='word_1_301' title='bbox 1317 790 1395 825; x_wconf 77' lang='grc' dir='ltr'><strong>ἡμῶν</strong></span> <span class='ocrx_word' id='word_1_302' title='bbox 1405 790 1651 825; x_wconf 78' lang='grc' dir='ltr'><strong>αἱδεσθῶμεν,τοὺς</strong></span> <span class='ocrx_word' id='word_1_303' title='bbox 1664 791 1783 826; x_wconf 77' lang='grc' dir='ltr'><strong>πρεσϐυ-</strong></span> 
     </span>
    </p>
   </div>
   <div class='ocr_carea' id='block_1_44' title="bbox 997 834 1783 872">
    <p class='ocr_par' dir='ltr' id='par_1_44' title="bbox 997 834 1783 872">
     <span class='ocr_line' id='line_1_45' title="bbox 997 834 1783 872; baseline 0.004 -11"><span class='ocrx_word' id='word_1_304' title='bbox 997 835 1092 871; x_wconf 77' lang='grc' dir='ltr'>τέρους</span> <span class='ocrx_word' id='word_1_305' title='bbox 1105 836 1184 871; x_wconf 83' lang='grc' dir='ltr'><strong>ἡμῶν</strong></span> <span class='ocrx_word' id='word_1_306' title='bbox 1203 834 1372 872; x_wconf 77' lang='grc' dir='ltr'><strong>τιμήσωμεν.</strong></span> <span class='ocrx_word' id='word_1_307' title='bbox 1389 835 1455 868; x_wconf 86' lang='lat' dir='ltr'><strong>Quis</strong></span> <span class='ocrx_word' id='word_1_308' title='bbox 1476 840 1567 863; x_wconf 88' lang='lat' dir='ltr'><strong>autem</strong></span> <span class='ocrx_word' id='word_1_309' title='bbox 1590 836 1708 871; x_wconf 73' lang='lat' dir='ltr'><strong>ignorat,</strong></span> <span class='ocrx_word' id='word_1_310' title='bbox 1724 837 1783 872; x_wconf 87' lang='lat' dir='ltr'><strong>epi-</strong></span> 
     </span>
    </p>
   </div>
   <div class='ocr_carea' id='block_1_45' title="bbox 999 881 1798 918">
    <p class='ocr_par' dir='ltr' id='par_1_45' title="bbox 999 881 1798 918">
     <span class='ocr_line' id='line_1_46' title="bbox 999 881 1798 918; baseline 0.003 -11"><span class='ocrx_word' id='word_1_311' title='bbox 999 888 1097 916; x_wconf 85' lang='lat' dir='ltr'><strong>scopos</strong></span> <span class='ocrx_word' id='word_1_312' title='bbox 1112 881 1268 915; x_wconf 88' lang='lat' dir='ltr'><strong>frequenter</strong></span> <span class='ocrx_word' id='word_1_313' title='bbox 1284 882 1434 917; x_wconf 85' lang='lat' dir='ltr'><strong>appellatos</strong></span> <span class='ocrx_word' id='word_1_314' title='bbox 1447 881 1532 909; x_wconf 83' lang='lat' dir='ltr'><strong>fuisse</strong></span> <span class='ocrx_word' id='word_1_315' title='bbox 1544 882 1798 918; x_wconf 63' lang='lat' dir='ltr'><strong>ﬁpo&#39;q‘fouttévou;?‘</strong></span> 
     </span>
    </p>
   </div>
   <div class='ocr_carea' id='block_1_46' title="bbox 999 926 1783 963">
    <p class='ocr_par' dir='ltr' id='par_1_46' title="bbox 999 926 1783 963">
     <span class='ocr_line' id='line_1_47' title="bbox 999 926 1783 963; baseline 0.003 -10"><span class='ocrx_word' id='word_1_316' title='bbox 999 926 1067 955; x_wconf 82' lang='lat' dir='ltr'><strong>Vide</strong></span> <span class='ocrx_word' id='word_1_317' title='bbox 1084 926 1125 954; x_wconf 90' lang='lat' dir='ltr'><strong>Cl.</strong></span> <span class='ocrx_word' id='word_1_318' title='bbox 1151 927 1343 963; x_wconf 72' lang='lat' dir='ltr'><strong>Binghamutn.</strong></span> <span class='ocrx_word' id='word_1_319' title='bbox 1358 927 1494 962; x_wconf 78' lang='lat' dir='ltr'><strong>Originum</strong></span> <span class='ocrx_word' id='word_1_320' title='bbox 1510 928 1601 956; x_wconf 68' lang='lat' dir='ltr'><strong>coclea.</strong></span> <span class='ocrx_word' id='word_1_321' title='bbox 1624 932 1644 955; x_wconf 90' lang='lat' dir='ltr'><strong>t.</strong></span> <span class='ocrx_word' id='word_1_322' title='bbox 1670 928 1690 960; x_wconf 87' lang='grc' dir='ltr'><strong>Ι,</strong></span> <span class='ocrx_word' id='word_1_323' title='bbox 1711 936 1736 955; x_wconf 95' lang='lat' dir='ltr'><strong>c.</strong></span> <span class='ocrx_word' id='word_1_324' title='bbox 1753 928 1783 961; x_wconf 77' lang='lat'><strong>2,</strong></span> 
     </span>
    </p>
   </div>
   <div class='ocr_carea' id='block_1_47' title="bbox 1000 973 1058 1009">
    <p class='ocr_par' dir='ltr' id='par_1_47' title="bbox 1000 973 1058 1009">
     <span class='ocr_line' id='line_1_48' title="bbox 1000 973 1058 1009; baseline 0 -9"><span class='ocrx_word' id='word_1_325' title='bbox 1000 973 1058 1009; x_wconf 64' lang='grc' dir='ltr'><strong>εδ.</strong></span> 
     </span>
    </p>
   </div>
   <div class='ocr_carea' id='block_1_48' title="bbox 1034 1018 1783 1055">
    <p class='ocr_par' dir='ltr' id='par_1_48' title="bbox 1034 1018 1783 1055">
     <span class='ocr_line' id='line_1_49' title="bbox 1034 1018 1783 1055; baseline 0 -9"><span class='ocrx_word' id='word_1_326' title='bbox 1034 1019 1101 1046; x_wconf 89' lang='lat' dir='ltr'><strong>Illud</strong></span> <span class='ocrx_word' id='word_1_327' title='bbox 1110 1024 1184 1047; x_wconf 86' lang='lat' dir='ltr'><strong>certo</strong></span> <span class='ocrx_word' id='word_1_328' title='bbox 1195 1023 1314 1051; x_wconf 87' lang='lat' dir='ltr'><strong>constat,</strong></span> <span class='ocrx_word' id='word_1_329' title='bbox 1327 1024 1452 1047; x_wconf 87' lang='lat' dir='ltr'><strong>sanctum</strong></span> <span class='ocrx_word' id='word_1_330' title='bbox 1466 1018 1630 1047; x_wconf 73' lang='lat' dir='ltr'><strong>Clementem</strong></span> <span class='ocrx_word' id='word_1_331' title='bbox 1645 1019 1705 1046; x_wconf 86' lang='lat' dir='ltr'><strong>loca</strong></span> <span class='ocrx_word' id='word_1_332' title='bbox 1713 1027 1783 1055; x_wconf 66' lang='lat' dir='ltr'><strong>qua:-</strong></span> 
     </span>
    </p>
   </div>
   <div class='ocr_carea' id='block_1_49' title="bbox 998 1065 1796 1101">
    <p class='ocr_par' dir='ltr' id='par_1_49' title="bbox 998 1065 1796 1101">
     <span class='ocr_line' id='line_1_50' title="bbox 998 1065 1796 1101; baseline 0 -9"><span class='ocrx_word' id='word_1_333' title='bbox 998 1065 1062 1092; x_wconf 88' lang='lat' dir='ltr'><strong>dam</strong></span> <span class='ocrx_word' id='word_1_334' title='bbox 1078 1065 1200 1097; x_wconf 85' lang='lat' dir='ltr'><strong>laudare,</strong></span> <span class='ocrx_word' id='word_1_335' title='bbox 1216 1073 1276 1101; x_wconf 66' lang='lat' dir='ltr'><strong>qua:</strong></span> <span class='ocrx_word' id='word_1_336' title='bbox 1300 1066 1327 1092; x_wconf 94' lang='lat' dir='ltr'><strong>in</strong></span> <span class='ocrx_word' id='word_1_337' title='bbox 1343 1065 1486 1100; x_wconf 83' lang='lat' dir='ltr'><strong>Scriptura</strong></span> <span class='ocrx_word' id='word_1_338' title='bbox 1499 1065 1595 1093; x_wconf 80' lang='lat' dir='ltr'><strong>iisdem</strong></span> <span class='ocrx_word' id='word_1_339' title='bbox 1614 1065 1706 1093; x_wconf 83' lang='lat' dir='ltr'><strong>verbis</strong></span> <span class='ocrx_word' id='word_1_340' title='bbox 1727 1073 1796 1093; x_wconf 51' lang='lat' dir='ltr'><strong>non.</strong></span> 
     </span>
    </p>
   </div>
   <div class='ocr_carea' id='block_1_50' title="bbox 996 1111 1793 1147">
    <p class='ocr_par' dir='ltr' id='par_1_50' title="bbox 996 1111 1793 1147">
     <span class='ocr_line' id='line_1_51' title="bbox 996 1111 1793 1147; baseline 0 -8"><span class='ocrx_word' id='word_1_341' title='bbox 996 1115 1124 1143; x_wconf 76' lang='lat' dir='ltr'><strong>exstant;</strong></span> <span class='ocrx_word' id='word_1_342' title='bbox 1140 1119 1234 1139; x_wconf 87' lang='lat' dir='ltr'><strong>eorum</strong></span> <span class='ocrx_word' id='word_1_343' title='bbox 1243 1115 1333 1139; x_wconf 90' lang='lat' dir='ltr'><strong>tamen</strong></span> <span class='ocrx_word' id='word_1_344' title='bbox 1349 1112 1438 1147; x_wconf 84' lang='lat' dir='ltr'><strong>aliqua</strong></span> <span class='ocrx_word' id='word_1_345' title='bbox 1452 1111 1541 1146; x_wconf 82' lang='lat' dir='ltr'><strong>quoad</strong></span> <span class='ocrx_word' id='word_1_346' title='bbox 1556 1112 1717 1139; x_wconf 87' lang='lat' dir='ltr'><strong>sententiam</strong></span> <span class='ocrx_word' id='word_1_347' title='bbox 1730 1112 1793 1139; x_wconf 75' lang='lat' dir='ltr'><strong>ibi--</strong></span> 
     </span>
    </p>
   </div>
   <div class='ocr_carea' id='block_1_51' title="bbox 996 1157 1799 1195">
    <p class='ocr_par' dir='ltr' id='par_1_51' title="bbox 996 1157 1799 1195">
     <span class='ocr_line' id='line_1_52' title="bbox 996 1157 1799 1195; baseline 0.002 -10"><span class='ocrx_word' id='word_1_348' title='bbox 996 1157 1057 1186; x_wconf 90' lang='lat' dir='ltr'><strong>dem</strong></span> <span class='ocrx_word' id='word_1_349' title='bbox 1074 1158 1210 1194; x_wconf 72' lang='lat' dir='ltr'><strong>leguntur.</strong></span> <span class='ocrx_word' id='word_1_350' title='bbox 1233 1157 1280 1185; x_wconf 90' lang='lat' dir='ltr'><strong>Sic</strong></span> <span class='ocrx_word' id='word_1_351' title='bbox 1303 1159 1385 1186; x_wconf 87' lang='lat' dir='ltr'><strong>verba</strong></span> <span class='ocrx_word' id='word_1_352' title='bbox 1397 1158 1454 1185; x_wconf 66' lang='lat' dir='ltr'><strong>haec</strong></span> <span class='ocrx_word' id='word_1_353' title='bbox 1481 1157 1564 1186; x_wconf 80' lang='lat' dir='ltr'><strong>refert</strong></span> <span class='ocrx_word' id='word_1_354' title='bbox 1588 1158 1644 1194; x_wconf 82' lang='lat'><strong>(69)</strong></span> <span class='ocrx_word' id='word_1_355' title='bbox 1655 1159 1734 1195; x_wconf 85' lang='lat' dir='ltr'><strong>quasi</strong></span> <span class='ocrx_word' id='word_1_356' title='bbox 1753 1159 1799 1187; x_wconf 79' lang='lat' dir='ltr'><strong>in.</strong></span> 
     </span>
    </p>
   </div>
   <div class='ocr_carea' id='block_1_52' title="bbox 997 1203 1782 1240">
    <p class='ocr_par' dir='ltr' id='par_1_52' title="bbox 997 1203 1782 1240">
     <span class='ocr_line' id='line_1_53' title="bbox 997 1203 1782 1240; baseline -0.001 -8"><span class='ocrx_word' id='word_1_357' title='bbox 997 1203 1147 1240; x_wconf 88' lang='lat' dir='ltr'><strong>Scripturis</strong></span> <span class='ocrx_word' id='word_1_358' title='bbox 1160 1208 1267 1232; x_wconf 83' lang='lat' dir='ltr'><strong>essent:</strong></span> <span class='ocrx_word' id='word_1_359' title='bbox 1288 1203 1381 1231; x_wconf 72' lang='lat' dir='ltr'><strong>Miseri</strong></span> <span class='ocrx_word' id='word_1_360' title='bbox 1399 1209 1471 1235; x_wconf 81' lang='lat' dir='ltr'><strong>sunt,</strong></span> <span class='ocrx_word' id='word_1_361' title='bbox 1488 1205 1533 1239; x_wconf 64' lang='lat' dir='ltr'><strong>qui</strong></span> <span class='ocrx_word' id='word_1_362' title='bbox 1554 1205 1641 1231; x_wconf 85' lang='lat' dir='ltr'><strong>animo</strong></span> <span class='ocrx_word' id='word_1_363' title='bbox 1656 1210 1717 1232; x_wconf 85' lang='lat' dir='ltr'><strong>sunt</strong></span> <span class='ocrx_word' id='word_1_364' title='bbox 1731 1204 1782 1232; x_wconf 79' lang='lat' dir='ltr'><strong>du-</strong></span> 
     </span>
    </p>
   </div>
   <div class='ocr_carea' id='block_1_53' title="bbox 994 1250 1793 1286">
    <p class='ocr_par' dir='ltr' id='par_1_53' title="bbox 994 1250 1793 1286">
     <span class='ocr_line' id='line_1_54' title="bbox 994 1250 1793 1286; baseline 0 -10"><span class='ocrx_word' id='word_1_365' title='bbox 994 1250 1074 1284; x_wconf 71' lang='lat' dir='ltr'><strong>plices</strong></span> <span class='ocrx_word' id='word_1_366' title='bbox 1085 1254 1110 1277; x_wconf 87' lang='lat' dir='ltr'><strong>et</strong></span> <span class='ocrx_word' id='word_1_367' title='bbox 1130 1251 1232 1282; x_wconf 83' lang='lat' dir='ltr'><strong>incerti.</strong></span> <span class='ocrx_word' id='word_1_368' title='bbox 1244 1251 1289 1286; x_wconf 86' lang='lat' dir='ltr'><strong>qui</strong></span> <span class='ocrx_word' id='word_1_369' title='bbox 1304 1251 1413 1277; x_wconf 86' lang='lat' dir='ltr'><strong>dicunt:</strong></span> <span class='ocrx_word' id='word_1_370' title='bbox 1427 1250 1492 1278; x_wconf 77' lang='lat' dir='ltr'><strong>Htec</strong></span> <span class='ocrx_word' id='word_1_371' title='bbox 1507 1251 1654 1278; x_wconf 75' lang='lat' dir='ltr'><strong>audiuimus</strong></span> <span class='ocrx_word' id='word_1_372' title='bbox 1667 1252 1748 1278; x_wconf 84' lang='lat' dir='ltr'><strong>etiam</strong></span> <span class='ocrx_word' id='word_1_373' title='bbox 1764 1260 1793 1278; x_wconf 54' lang='grc' dir='ltr'><strong>αλ</strong></span> 
     </span>
    </p>
   </div>
   <div class='ocr_carea' id='block_1_54' title="bbox 994 1294 1782 1329">
    <p class='ocr_par' dir='ltr' id='par_1_54' title="bbox 994 1294 1782 1329">
     <span class='ocr_line' id='line_1_55' title="bbox 994 1294 1782 1329; baseline 0.004 -8"><span class='ocrx_word' id='word_1_374' title='bbox 994 1294 1117 1329; x_wconf 74' lang='lat' dir='ltr'><strong>patribus</strong></span> <span class='ocrx_word' id='word_1_375' title='bbox 1137 1297 1244 1327; x_wconf 79' lang='lat' dir='ltr'><strong>nostris,</strong></span> <span class='ocrx_word' id='word_1_376' title='bbox 1265 1300 1289 1322; x_wconf 82' lang='lat' dir='ltr'><strong>et</strong></span> <span class='ocrx_word' id='word_1_377' title='bbox 1302 1304 1359 1323; x_wconf 81' lang='lat' dir='ltr'><strong>cccc</strong></span> <span class='ocrx_word' id='word_1_378' title='bbox 1373 1296 1555 1323; x_wconf 80' lang='lat' dir='ltr'><strong>consenuimus</strong></span> <span class='ocrx_word' id='word_1_379' title='bbox 1568 1300 1593 1322; x_wconf 83' lang='lat' dir='ltr'><strong>et</strong></span> <span class='ocrx_word' id='word_1_380' title='bbox 1609 1296 1674 1323; x_wconf 82' lang='lat' dir='ltr'><strong>nihil</strong></span> <span class='ocrx_word' id='word_1_381' title='bbox 1688 1296 1782 1324; x_wconf 78' lang='lat' dir='ltr'><strong>horum</strong></span> 
     </span>
    </p>
   </div>
   <div class='ocr_carea' id='block_1_55' title="bbox 995 1341 1782 1378">
    <p class='ocr_par' dir='ltr' id='par_1_55' title="bbox 995 1341 1782 1378">
     <span class='ocr_line' id='line_1_56' title="bbox 995 1341 1782 1378; baseline 0.004 -10"><span class='ocrx_word' id='word_1_382' title='bbox 995 1342 1069 1368; x_wconf 80' lang='lat' dir='ltr'><strong>nobis</strong></span> <span class='ocrx_word' id='word_1_383' title='bbox 1083 1342 1188 1370; x_wconf 87' lang='lat' dir='ltr'><strong>accidit.</strong></span> <span class='ocrx_word' id='word_1_384' title='bbox 1203 1341 1333 1370; x_wconf 82' lang='lat' dir='ltr'><strong>Eutndem</strong></span> <span class='ocrx_word' id='word_1_385' title='bbox 1348 1343 1438 1370; x_wconf 90' lang='lat' dir='ltr'><strong>locum</strong></span> <span class='ocrx_word' id='word_1_386' title='bbox 1454 1343 1537 1369; x_wconf 87' lang='lat' dir='ltr'><strong>altera</strong></span> <span class='ocrx_word' id='word_1_387' title='bbox 1548 1350 1656 1378; x_wconf 89' lang='lat' dir='ltr'><strong>quoque</strong></span> <span class='ocrx_word' id='word_1_388' title='bbox 1666 1343 1782 1378; x_wconf 84' lang='lat' dir='ltr'><strong>epistola</strong></span> 
     </span>
    </p>
   </div>
   <div class='ocr_carea' id='block_1_56' title="bbox 994 1387 1782 1424">
    <p class='ocr_par' dir='ltr' id='par_1_56' title="bbox 994 1387 1782 1424">
     <span class='ocr_line' id='line_1_57' title="bbox 994 1387 1782 1424; baseline 0.004 -10"><span class='ocrx_word' id='word_1_389' title='bbox 994 1387 1092 1414; x_wconf 80' lang='lat' dir='ltr'><strong>recitat</strong></span> <span class='ocrx_word' id='word_1_390' title='bbox 1103 1387 1175 1423; x_wconf 86' lang='lat'><strong>(70);</strong></span> <span class='ocrx_word' id='word_1_391' title='bbox 1190 1388 1254 1414; x_wconf 88' lang='lat' dir='ltr'><strong>licet</strong></span> <span class='ocrx_word' id='word_1_392' title='bbox 1265 1388 1360 1415; x_wconf 90' lang='lat' dir='ltr'><strong>nullibi</strong></span> <span class='ocrx_word' id='word_1_393' title='bbox 1373 1388 1400 1415; x_wconf 92' lang='lat' dir='ltr'><strong>in</strong></span> <span class='ocrx_word' id='word_1_394' title='bbox 1412 1388 1507 1416; x_wconf 83' lang='lat' dir='ltr'><strong>Bibliis</strong></span> <span class='ocrx_word' id='word_1_395' title='bbox 1522 1388 1559 1415; x_wconf 88' lang='lat' dir='ltr'><strong>ita</strong></span> <span class='ocrx_word' id='word_1_396' title='bbox 1572 1389 1687 1424; x_wconf 79' lang='lat' dir='ltr'><strong>legatur.</strong></span> <span class='ocrx_word' id='word_1_397' title='bbox 1703 1389 1782 1423; x_wconf 85' lang='lat' dir='ltr'><strong>Quod</strong></span> 
     </span>
    </p>
   </div>
   <div class='ocr_carea' id='block_1_57' title="bbox 994 1432 1792 1470">
    <p class='ocr_par' dir='ltr' id='par_1_57' title="bbox 994 1432 1792 1470">
     <span class='ocr_line' id='line_1_58' title="bbox 994 1432 1792 1470; baseline 0.003 -10"><span class='ocrx_word' id='word_1_398' title='bbox 994 1434 1018 1460; x_wconf 88' lang='lat' dir='ltr'><strong>si</strong></span> <span class='ocrx_word' id='word_1_399' title='bbox 1037 1433 1097 1460; x_wconf 80' lang='lat' dir='ltr'><strong>loca</strong></span> <span class='ocrx_word' id='word_1_400' title='bbox 1123 1434 1200 1468; x_wconf 90' lang='lat' dir='ltr'><strong>plura</strong></span> <span class='ocrx_word' id='word_1_401' title='bbox 1215 1433 1298 1461; x_wconf 84' lang='lat' dir='ltr'><strong>variis</strong></span> <span class='ocrx_word' id='word_1_402' title='bbox 1321 1432 1469 1468; x_wconf 66' lang='lat' dir='ltr'><strong>Scriptura:</strong></span> <span class='ocrx_word' id='word_1_403' title='bbox 1484 1434 1561 1461; x_wconf 87' lang='lat' dir='ltr'><strong>libris</strong></span> <span class='ocrx_word' id='word_1_404' title='bbox 1581 1433 1637 1469; x_wconf 87' lang='grc'>(71)</span> <span class='ocrx_word' id='word_1_405' title='bbox 1658 1435 1792 1470; x_wconf 77' lang='lat' dir='ltr'><strong>dispersa.</strong></span> 
     </span>
    </p>
   </div>
   <div class='ocr_carea' id='block_1_58' title="bbox 993 1480 1779 1516">
    <p class='ocr_par' dir='ltr' id='par_1_58' title="bbox 993 1480 1779 1516">
     <span class='ocr_line' id='line_1_59' title="bbox 993 1480 1779 1516; baseline 0.003 -9"><span class='ocrx_word' id='word_1_406' title='bbox 993 1480 1166 1515; x_wconf 80' lang='lat' dir='ltr'><strong>colligamus,</strong></span> <span class='ocrx_word' id='word_1_407' title='bbox 1193 1480 1356 1508; x_wconf 88' lang='lat' dir='ltr'><strong>sententiam</strong></span> <span class='ocrx_word' id='word_1_408' title='bbox 1385 1480 1508 1508; x_wconf 87' lang='lat' dir='ltr'><strong>eamdem</strong></span> <span class='ocrx_word' id='word_1_409' title='bbox 1536 1481 1779 1516; x_wconf 87' lang='lat' dir='ltr'><strong>deprehendemus.</strong></span> 
     </span>
    </p>
   </div>
   <div class='ocr_carea' id='block_1_59' title="bbox 993 1525 1793 1562">
    <p class='ocr_par' dir='ltr' id='par_1_59' title="bbox 993 1525 1793 1562">
     <span class='ocr_line' id='line_1_60' title="bbox 993 1525 1793 1562; baseline 0.004 -10"><span class='ocrx_word' id='word_1_410' title='bbox 993 1525 1083 1552; x_wconf 80' lang='lat' dir='ltr'><strong>Alium</strong></span> <span class='ocrx_word' id='word_1_411' title='bbox 1097 1526 1179 1554; x_wconf 84' lang='lat' dir='ltr'><strong>etiam</strong></span> <span class='ocrx_word' id='word_1_412' title='bbox 1191 1527 1280 1554; x_wconf 89' lang='lat' dir='ltr'><strong>locum</strong></span> <span class='ocrx_word' id='word_1_413' title='bbox 1298 1530 1410 1554; x_wconf 87' lang='lat' dir='ltr'><strong>sanctus</strong></span> <span class='ocrx_word' id='word_1_414' title='bbox 1429 1526 1555 1555; x_wconf 87' lang='lat' dir='ltr'><strong>Clemens</strong></span> <span class='ocrx_word' id='word_1_415' title='bbox 1571 1527 1653 1554; x_wconf 87' lang='lat' dir='ltr'><strong>altera</strong></span> <span class='ocrx_word' id='word_1_416' title='bbox 1666 1528 1793 1562; x_wconf 63' lang='lat' dir='ltr'><strong>epistola.</strong></span> 
     </span>
    </p>
   </div>
   <div class='ocr_carea' id='block_1_60' title="bbox 993 1572 1783 1608">
    <p class='ocr_par' dir='ltr' id='par_1_60' title="bbox 993 1572 1783 1608">
     <span class='ocr_line' id='line_1_61' title="bbox 993 1572 1783 1608; baseline 0.003 -10"><span class='ocrx_word' id='word_1_417' title='bbox 993 1572 1100 1605; x_wconf 82' lang='lat' dir='ltr'><strong>recitat,</strong></span> <span class='ocrx_word' id='word_1_418' title='bbox 1119 1580 1198 1607; x_wconf 90' lang='lat' dir='ltr'><strong>quem</strong></span> <span class='ocrx_word' id='word_1_419' title='bbox 1221 1572 1346 1601; x_wconf 89' lang='lat' dir='ltr'><strong>Clemens</strong></span> <span class='ocrx_word' id='word_1_420' title='bbox 1364 1573 1563 1601; x_wconf 78' lang='lat' dir='ltr'><strong>Alexandrinus</strong></span> <span class='ocrx_word' id='word_1_421' title='bbox 1578 1572 1634 1608; x_wconf 76' lang='grc'>(72)</span> <span class='ocrx_word' id='word_1_422' title='bbox 1644 1581 1676 1601; x_wconf 87' lang='lat' dir='ltr'><strong>ex</strong></span> <span class='ocrx_word' id='word_1_423' title='bbox 1694 1573 1783 1601; x_wconf 80' lang='lat' dir='ltr'><strong>Evan-</strong></span> 
     </span>
    </p>
   </div>
   <div class='ocr_carea' id='block_1_61' title="bbox 157 1618 1789 1662">
    <p class='ocr_par' dir='ltr' id='par_1_61' title="bbox 157 1618 1789 1662">
     <span class='ocr_line' id='line_1_62' title="bbox 157 1618 1789 1662; baseline 0.001 -16"><span class='ocrx_word' id='word_1_424' title='bbox 157 1620 230 1646; x_wconf 84' lang='lat' dir='ltr'><strong>clero</strong></span> <span class='ocrx_word' id='word_1_425' title='bbox 242 1618 365 1648; x_wconf 88' lang='lat' dir='ltr'><strong>ordines.</strong></span> <span class='ocrx_word' id='word_1_426' title='bbox 378 1619 522 1652; x_wconf 84' lang='lat' dir='ltr'><strong>episcopos</strong></span> <span class='ocrx_word' id='word_1_427' title='bbox 539 1618 641 1644; x_wconf 74' lang='lat' dir='ltr'><strong>scilicet</strong></span> <span class='ocrx_word' id='word_1_428' title='bbox 658 1621 685 1643; x_wconf 85' lang='lat' dir='ltr'><strong>et</strong></span> <span class='ocrx_word' id='word_1_429' title='bbox 701 1619 830 1645; x_wconf 79' lang='lat' dir='ltr'><strong>diaconos</strong></span> <span class='ocrx_word' id='word_1_430' title='bbox 847 1626 860 1644; x_wconf 88' lang='lat' dir='ltr'><strong>a</strong></span> <span class='ocrx_word' id='word_1_431' title='bbox 876 1618 939 1645; x_wconf 83' lang='lat' dir='ltr'><strong>Clc—</strong></span> <span class='ocrx_word' id='word_1_432' title='bbox 954 1633 974 1662; x_wconf 76' lang='lat' dir='ltr'>c</span> <span class='ocrx_word' id='word_1_433' title='bbox 991 1619 1063 1654; x_wconf 75' lang='lat' dir='ltr'><strong>gelio</strong></span> <span class='ocrx_word' id='word_1_434' title='bbox 1083 1619 1234 1647; x_wconf 86' lang='lat' dir='ltr'><strong>secundum</strong></span> <span class='ocrx_word' id='word_1_435' title='bbox 1255 1618 1397 1655; x_wconf 62' lang='lat' dir='ltr'><strong>Agyptios</strong></span> <span class='ocrx_word' id='word_1_436' title='bbox 1414 1623 1555 1654; x_wconf 86' lang='lat' dir='ltr'><strong>acceptum</strong></span> <span class='ocrx_word' id='word_1_437' title='bbox 1575 1627 1645 1651; x_wconf 81' lang='lat' dir='ltr'><strong>esse,</strong></span> <span class='ocrx_word' id='word_1_438' title='bbox 1668 1620 1717 1646; x_wconf 89' lang='lat' dir='ltr'><strong>ait.</strong></span> <span class='ocrx_word' id='word_1_439' title='bbox 1733 1619 1789 1647; x_wconf 50' lang='lat' dir='ltr'><strong>Est:</strong></span> 
     </span>
    </p>
   </div>
   <div class='ocr_carea' id='block_1_62' title="bbox 156 1663 939 1698">
    <p class='ocr_par' dir='ltr' id='par_1_62' title="bbox 156 1663 939 1698">
     <span class='ocr_line' id='line_1_63' title="bbox 156 1663 939 1698; baseline -0.004 -7"><span class='ocrx_word' id='word_1_440' title='bbox 156 1669 247 1691; x_wconf 86' lang='lat' dir='ltr'><strong>mente</strong></span> <span class='ocrx_word' id='word_1_441' title='bbox 262 1663 389 1698; x_wconf 78' lang='lat' dir='ltr'><strong>agnosci;</strong></span> <span class='ocrx_word' id='word_1_442' title='bbox 403 1663 465 1697; x_wconf 86' lang='lat' dir='ltr'><strong>quia</strong></span> <span class='ocrx_word' id='word_1_443' title='bbox 481 1663 518 1688; x_wconf 85' lang='lat' dir='ltr'><strong>ait</strong></span> <span class='ocrx_word' id='word_1_444' title='bbox 540 1663 573 1689; x_wconf 87' lang='lat' dir='ltr'><strong>ab</strong></span> <span class='ocrx_word' id='word_1_445' title='bbox 594 1663 722 1696; x_wconf 76' lang='lat' dir='ltr'><strong>apostolis</strong></span> <span class='ocrx_word' id='word_1_446' title='bbox 744 1663 887 1697; x_wconf 83' lang='lat' dir='ltr'><strong>episcopos</strong></span> <span class='ocrx_word' id='word_1_447' title='bbox 912 1666 939 1689; x_wconf 86' lang='lat' dir='ltr'><strong>et</strong></span> 
     </span>
    </p>
   </div>
   <div class='ocr_carea' id='block_1_63' title="bbox 157 1708 940 1743">
    <p class='ocr_par' dir='ltr' id='par_1_63' title="bbox 157 1708 940 1743">
     <span class='ocr_line' id='line_1_64' title="bbox 157 1708 940 1743; baseline -0.004 -7"><span class='ocrx_word' id='word_1_448' title='bbox 157 1710 288 1737; x_wconf 84' lang='lat' dir='ltr'><strong>diaconos</strong></span> <span class='ocrx_word' id='word_1_449' title='bbox 305 1709 445 1736; x_wconf 87' lang='lat' dir='ltr'><strong>ordinatos</strong></span> <span class='ocrx_word' id='word_1_450' title='bbox 461 1708 555 1739; x_wconf 81' lang='lat' dir='ltr'><strong>fuisse,</strong></span> <span class='ocrx_word' id='word_1_451' title='bbox 573 1709 645 1734; x_wconf 86' lang='lat' dir='ltr'><strong>nulla</strong></span> <span class='ocrx_word' id='word_1_452' title='bbox 659 1708 692 1734; x_wconf 88' lang='lat' dir='ltr'><strong>de</strong></span> <span class='ocrx_word' id='word_1_453' title='bbox 710 1708 874 1743; x_wconf 66' lang='lat' dir='ltr'><strong>presbyteris</strong></span> <span class='ocrx_word' id='word_1_454' title='bbox 892 1708 940 1734; x_wconf 82' lang='lat' dir='ltr'><strong>ad-</strong></span> 
     </span>
    </p>
   </div>
   <div class='ocr_carea' id='block_1_64' title="bbox 155 1754 938 1790">
    <p class='ocr_par' dir='ltr' id='par_1_64' title="bbox 155 1754 938 1790">
     <span class='ocr_line' id='line_1_65' title="bbox 155 1754 938 1790; baseline -0.001 -8"><span class='ocrx_word' id='word_1_455' title='bbox 155 1756 226 1790; x_wconf 81' lang='lat' dir='ltr'><strong>jecta</strong></span> <span class='ocrx_word' id='word_1_456' title='bbox 241 1755 380 1782; x_wconf 86' lang='lat' dir='ltr'><strong>mentione</strong></span> <span class='ocrx_word' id='word_1_457' title='bbox 392 1754 457 1790; x_wconf 79' lang='lat'><strong>(65).</strong></span> <span class='ocrx_word' id='word_1_458' title='bbox 469 1754 521 1781; x_wconf 86' lang='lat' dir='ltr'><strong>Sed</strong></span> <span class='ocrx_word' id='word_1_459' title='bbox 534 1755 657 1789; x_wconf 87' lang='lat' dir='ltr'><strong>pluribus</strong></span> <span class='ocrx_word' id='word_1_460' title='bbox 671 1755 783 1782; x_wconf 89' lang='lat' dir='ltr'><strong>revincit</strong></span> <span class='ocrx_word' id='word_1_461' title='bbox 799 1763 846 1782; x_wconf 87' lang='lat' dir='ltr'><strong>eos</strong></span> <span class='ocrx_word' id='word_1_462' title='bbox 861 1763 886 1781; x_wconf 89' lang='lat' dir='ltr'><strong>v.</strong></span> <span class='ocrx_word' id='word_1_463' title='bbox 901 1755 938 1782; x_wconf 85' lang='lat' dir='ltr'><strong>cl.</strong></span> 
     </span>
    </p>
   </div>
   <div class='ocr_carea' id='block_1_65' title="bbox 191 1842 941 1879">
    <p class='ocr_par' dir='ltr' id='par_1_65' title="bbox 191 1842 941 1879">
     <span class='ocr_line' id='line_1_66' title="bbox 191 1842 941 1879; baseline -0.004 -8"><span class='ocrx_word' id='word_1_464' title='bbox 191 1844 249 1879; x_wconf 83' lang='lat'><strong>(59)</strong></span> <span class='ocrx_word' id='word_1_465' title='bbox 262 1842 326 1869; x_wconf 81' lang='lat' dir='ltr'><strong>Vid.</strong></span> <span class='ocrx_word' id='word_1_466' title='bbox 337 1850 398 1876; x_wconf 85' lang='lat' dir='ltr'><strong>cap.</strong></span> <span class='ocrx_word' id='word_1_467' title='bbox 410 1842 440 1879; x_wconf 68' lang='grc'>2.</span> <span class='ocrx_word' id='word_1_468' title='bbox 456 1842 551 1879; x_wconf 17' lang='lat' dir='ltr'><strong>art.r‘2.r</strong></span> <span class='ocrx_word' id='word_1_469' title='bbox 559 1850 633 1869; x_wconf 93' lang='lat' dir='ltr'><strong>num.</strong></span> <span class='ocrx_word' id='word_1_470' title='bbox 644 1842 726 1879; x_wconf 24' lang='grc' dir='ltr'><strong>-1Δ1,οι</strong></span> <span class='ocrx_word' id='word_1_471' title='bbox 741 1842 765 1868; x_wconf 95' lang='lat' dir='ltr'><strong>in</strong></span> <span class='ocrx_word' id='word_1_472' title='bbox 775 1842 941 1879; x_wconf 48' lang='lat' dir='ltr'><strong>analysipoc</strong></span> 
     </span>
    </p>
   </div>
   <div class='ocr_carea' id='block_1_66' title="bbox 157 1877 941 1911">
    <p class='ocr_par' dir='ltr' id='par_1_66' title="bbox 157 1877 941 1911">
     <span class='ocr_line' id='line_1_67' title="bbox 157 1877 941 1911; baseline -0.004 -5"><span class='ocrx_word' id='word_1_473' title='bbox 157 1877 209 1906; x_wconf 87' lang='lat' dir='ltr'><strong>tam</strong></span> <span class='ocrx_word' id='word_1_474' title='bbox 227 1877 341 1905; x_wconf 85' lang='lat' dir='ltr'><strong>inferius</strong></span> <span class='ocrx_word' id='word_1_475' title='bbox 360 1878 484 1911; x_wconf 87' lang='lat' dir='ltr'><strong>positam.</strong></span> <span class='ocrx_word' id='word_1_476' title='bbox 503 1878 608 1910; x_wconf 78' lang='lat' dir='ltr'><strong>Quibus</strong></span> <span class='ocrx_word' id='word_1_477' title='bbox 619 1877 697 1907; x_wconf 81' lang='lat' dir='ltr'><strong>adde,</strong></span> <span class='ocrx_word' id='word_1_478' title='bbox 711 1877 782 1911; x_wconf 87' lang='lat' dir='ltr'><strong>quod</strong></span> <span class='ocrx_word' id='word_1_479' title='bbox 799 1878 820 1904; x_wconf 89' lang='lat' dir='ltr'><strong>si</strong></span> <span class='ocrx_word' id='word_1_480' title='bbox 839 1878 866 1903; x_wconf 75' lang='grc' dir='ltr'><strong>δ.</strong></span> <span class='ocrx_word' id='word_1_481' title='bbox 880 1877 941 1904; x_wconf 88' lang='lat' dir='ltr'><strong>Cle-</strong></span> 
     </span>
    </p>
   </div>
   <div class='ocr_carea' id='block_1_67' title="bbox 157 1912 940 1946">
    <p class='ocr_par' dir='ltr' id='par_1_67' title="bbox 157 1912 940 1946">
     <span class='ocr_line' id='line_1_68' title="bbox 157 1912 940 1946; baseline -0.003 -5"><span class='ocrx_word' id='word_1_482' title='bbox 157 1923 233 1941; x_wconf 87' lang='lat' dir='ltr'><strong>mens</strong></span> <span class='ocrx_word' id='word_1_483' title='bbox 244 1914 277 1940; x_wconf 87' lang='lat' dir='ltr'><strong>de</strong></span> <span class='ocrx_word' id='word_1_484' title='bbox 292 1912 393 1940; x_wconf 87' lang='lat' dir='ltr'><strong>Christi</strong></span> <span class='ocrx_word' id='word_1_485' title='bbox 408 1912 575 1940; x_wconf 82' lang='lat' dir='ltr'><strong>humanitate</strong></span> <span class='ocrx_word' id='word_1_486' title='bbox 587 1912 755 1946; x_wconf 88' lang='lat' dir='ltr'><strong>frequentius</strong></span> <span class='ocrx_word' id='word_1_487' title='bbox 770 1912 895 1943; x_wconf 72' lang='lat' dir='ltr'><strong>disserat,</strong></span> <span class='ocrx_word' id='word_1_488' title='bbox 914 1913 940 1939; x_wconf 90' lang='lat' dir='ltr'><strong>iu</strong></span> 
     </span>
    </p>
   </div>
   <div class='ocr_carea' id='block_1_68' title="bbox 156 1947 940 1983">
    <p class='ocr_par' dir='ltr' id='par_1_68' title="bbox 156 1947 940 1983">
     <span class='ocr_line' id='line_1_69' title="bbox 156 1947 940 1983; baseline -0.004 -7"><span class='ocrx_word' id='word_1_489' title='bbox 156 1958 188 1976; x_wconf 82' lang='lat' dir='ltr'><strong>co</strong></span> <span class='ocrx_word' id='word_1_490' title='bbox 202 1949 390 1983; x_wconf 87' lang='lat' dir='ltr'><strong>apostolorum</strong></span> <span class='ocrx_word' id='word_1_491' title='bbox 411 1951 530 1974; x_wconf 80' lang='lat' dir='ltr'><strong>sectatur</strong></span> <span class='ocrx_word' id='word_1_492' title='bbox 550 1947 717 1977; x_wconf 84' lang='lat' dir='ltr'><strong>methodum,</strong></span> <span class='ocrx_word' id='word_1_493' title='bbox 734 1947 790 1981; x_wconf 87' lang='lat' dir='ltr'><strong>qui,</strong></span> <span class='ocrx_word' id='word_1_494' title='bbox 815 1952 844 1973; x_wconf 90' lang='lat' dir='ltr'><strong>ut</strong></span> <span class='ocrx_word' id='word_1_495' title='bbox 868 1952 909 1974; x_wconf 86' lang='lat' dir='ltr'><strong>cst</strong></span> <span class='ocrx_word' id='word_1_496' title='bbox 925 1956 940 1973; x_wconf 86' lang='lat' dir='ltr'><strong>a</strong></span> 
     </span>
    </p>
   </div>
   <div class='ocr_carea' id='block_1_69' title="bbox 157 1983 942 2018">
    <p class='ocr_par' dir='ltr' id='par_1_69' title="bbox 157 1983 942 2018">
     <span class='ocr_line' id='line_1_70' title="bbox 157 1983 942 2018; baseline -0.003 -7"><span class='ocrx_word' id='word_1_497' title='bbox 157 1985 184 2012; x_wconf 88' lang='lat' dir='ltr'><strong>S.</strong></span> <span class='ocrx_word' id='word_1_498' title='bbox 197 1983 497 2018; x_wconf 79' lang='lat' dir='ltr'><strong>Athanasio(Athanas.</strong></span> <span class='ocrx_word' id='word_1_499' title='bbox 509 1983 545 2008; x_wconf 80' lang='lat' dir='ltr'><strong>De</strong></span> <span class='ocrx_word' id='word_1_500' title='bbox 556 1983 699 2016; x_wconf 72' lang='lat' dir='ltr'><strong>Dionysiis,</strong></span> <span class='ocrx_word' id='word_1_501' title='bbox 712 1990 772 2017; x_wconf 77' lang='lat' dir='ltr'><strong>pag.</strong></span> <span class='ocrx_word' id='word_1_502' title='bbox 785 1983 846 2018; x_wconf 76' lang='grc'><strong>555)</strong></span> <span class='ocrx_word' id='word_1_503' title='bbox 855 1983 942 2009; x_wconf 85' lang='lat' dir='ltr'><strong>anitu-</strong></span> 
     </span>
    </p>
   </div>
   <div class='ocr_carea' id='block_1_70' title="bbox 155 2017 942 2053">
    <p class='ocr_par' dir='ltr' id='par_1_70' title="bbox 155 2017 942 2053">
     <span class='ocr_line' id='line_1_71' title="bbox 155 2017 942 2053; baseline -0.004 -7"><span class='ocrx_word' id='word_1_504' title='bbox 155 2021 314 2050; x_wconf 80' lang='lat' dir='ltr'><strong>adversum,</strong></span> <span class='ocrx_word' id='word_1_505' title='bbox 339 2018 436 2052; x_wconf 69' lang='lat' dir='ltr'><strong>saepius</strong></span> <span class='ocrx_word' id='word_1_506' title='bbox 451 2017 484 2045; x_wconf 83' lang='lat' dir='ltr'><strong>tle</strong></span> <span class='ocrx_word' id='word_1_507' title='bbox 508 2017 659 2045; x_wconf 82' lang='lat' dir='ltr'><strong>Serratoris</strong></span> <span class='ocrx_word' id='word_1_508' title='bbox 676 2018 842 2053; x_wconf 79' lang='lat' dir='ltr'><strong>humanitate</strong></span> <span class='ocrx_word' id='word_1_509' title='bbox 861 2026 942 2053; x_wconf 86' lang='lat' dir='ltr'><strong>quam</strong></span> 
     </span>
    </p>
   </div>
   <div class='ocr_carea' id='block_1_71' title="bbox 157 2052 941 2088">
    <p class='ocr_par' dir='ltr' id='par_1_71' title="bbox 157 2052 941 2088">
     <span class='ocr_line' id='line_1_72' title="bbox 157 2052 941 2088; baseline -0.004 -7"><span class='ocrx_word' id='word_1_510' title='bbox 157 2055 300 2082; x_wconf 73' lang='lat' dir='ltr'><strong>divinitate</strong></span> <span class='ocrx_word' id='word_1_511' title='bbox 330 2054 454 2088; x_wconf 75' lang='lat' dir='ltr'><strong>agebant,</strong></span> <span class='ocrx_word' id='word_1_512' title='bbox 481 2054 561 2086; x_wconf 83' lang='lat' dir='ltr'><strong>idque</strong></span> <span class='ocrx_word' id='word_1_513' title='bbox 583 2058 692 2088; x_wconf 84' lang='lat' dir='ltr'><strong>propter</strong></span> <span class='ocrx_word' id='word_1_514' title='bbox 720 2052 877 2082; x_wconf 48' lang='lat' dir='ltr'><strong>hmrcticos;</strong></span> <span class='ocrx_word' id='word_1_515' title='bbox 896 2053 941 2088; x_wconf 86' lang='lat' dir='ltr'><strong>qui</strong></span> 
     </span>
    </p>
   </div>
   <div class='ocr_carea' id='block_1_72' title="bbox 157 2088 943 2124">
    <p class='ocr_par' dir='ltr' id='par_1_72' title="bbox 157 2088 943 2124">
     <span class='ocr_line' id='line_1_73' title="bbox 157 2088 943 2124; baseline -0.001 -8"><span class='ocrx_word' id='word_1_516' title='bbox 157 2090 252 2124; x_wconf 85' lang='lat' dir='ltr'><strong>primis</strong></span> <span class='ocrx_word' id='word_1_517' title='bbox 266 2089 320 2115; x_wconf 92' lang='lat' dir='ltr'><strong>illis</strong></span> <span class='ocrx_word' id='word_1_518' title='bbox 336 2089 504 2123; x_wconf 86' lang='lat' dir='ltr'><strong>temporibus</strong></span> <span class='ocrx_word' id='word_1_519' title='bbox 521 2089 603 2115; x_wconf 85' lang='lat' dir='ltr'><strong>Deum</strong></span> <span class='ocrx_word' id='word_1_520' title='bbox 619 2088 754 2114; x_wconf 84' lang='lat' dir='ltr'><strong>hominem</strong></span> <span class='ocrx_word' id='word_1_521' title='bbox 770 2088 869 2114; x_wconf 84' lang='lat' dir='ltr'><strong>factum</strong></span> <span class='ocrx_word' id='word_1_522' title='bbox 882 2096 943 2115; x_wconf 80' lang='lat' dir='ltr'><strong>csse</strong></span> 
     </span>
    </p>
   </div>
   <div class='ocr_carea' id='block_1_73' title="bbox 157 2126 303 2157">
    <p class='ocr_par' dir='ltr' id='par_1_73' title="bbox 157 2126 303 2157">
     <span class='ocr_line' id='line_1_74' title="bbox 157 2126 303 2157; baseline 0 -6"><span class='ocrx_word' id='word_1_523' title='bbox 157 2126 303 2157; x_wconf 73' lang='lat' dir='ltr'><strong>negabant.</strong></span> 
     </span>
    </p>
   </div>
   <div class='ocr_carea' id='block_1_74' title="bbox 189 2159 941 2195">
    <p class='ocr_par' dir='ltr' id='par_1_74' title="bbox 189 2159 941 2195">
     <span class='ocr_line' id='line_1_75' title="bbox 189 2159 941 2195; baseline 0 -10"><span class='ocrx_word' id='word_1_524' title='bbox 189 2160 249 2195; x_wconf 82' lang='grc'>(60)</span> <span class='ocrx_word' id='word_1_525' title='bbox 267 2159 384 2186; x_wconf 81' lang='lat' dir='ltr'><strong>Histoire</strong></span> <span class='ocrx_word' id='word_1_526' title='bbox 400 2159 520 2193; x_wconf 82' lang='lat' dir='ltr'><strong>généralc</strong></span> <span class='ocrx_word' id='word_1_527' title='bbox 538 2159 583 2186; x_wconf 67' lang='lat' dir='ltr'><strong>dos</strong></span> <span class='ocrx_word' id='word_1_528' title='bbox 601 2163 707 2185; x_wconf 80' lang='lat' dir='ltr'><strong>auteurs</strong></span> <span class='ocrx_word' id='word_1_529' title='bbox 730 2160 806 2191; x_wconf 69' lang='grc' dir='ltr'>πει..</span> <span class='ocrx_word' id='word_1_530' title='bbox 830 2165 896 2187; x_wconf 91' lang='lat' dir='ltr'><strong>tom.</strong></span> <span class='ocrx_word' id='word_1_531' title='bbox 921 2159 941 2191; x_wconf 91' lang='lat' dir='ltr'><strong>l,</strong></span> 
     </span>
    </p>
   </div>
   <div class='ocr_carea' id='block_1_75' title="bbox 155 2195 569 2230">
    <p class='ocr_par' dir='ltr' id='par_1_75' title="bbox 155 2195 569 2230">
     <span class='ocr_line' id='line_1_76' title="bbox 155 2195 569 2230; baseline -0.002 -8"><span class='ocrx_word' id='word_1_532' title='bbox 155 2196 235 2230; x_wconf 81' lang='lat' dir='ltr'><strong>chap.</strong></span> <span class='ocrx_word' id='word_1_533' title='bbox 260 2195 304 2226; x_wconf 76' lang='lat'><strong>10,</strong></span> <span class='ocrx_word' id='word_1_534' title='bbox 321 2199 373 2221; x_wconf 91' lang='lat' dir='ltr'><strong>art.</strong></span> <span class='ocrx_word' id='word_1_535' title='bbox 386 2195 412 2225; x_wconf 85' lang='grc'><strong>5,</strong></span> <span class='ocrx_word' id='word_1_536' title='bbox 429 2195 442 2229; x_wconf 68' lang='grc' dir='ltr'>ς</span> <span class='ocrx_word' id='word_1_537' title='bbox 459 2195 485 2225; x_wconf 72' lang='grc'><strong>4,</strong></span> <span class='ocrx_word' id='word_1_538' title='bbox 500 2203 527 2221; x_wconf 89' lang='lat' dir='ltr'><strong>n.</strong></span> <span class='ocrx_word' id='word_1_539' title='bbox 542 2197 569 2221; x_wconf 72' lang='grc'>2.</span> 
     </span>
    </p>
   </div>
   <div class='ocr_carea' id='block_1_76' title="bbox 189 2229 943 2266">
    <p class='ocr_par' dir='ltr' id='par_1_76' title="bbox 189 2229 943 2266">
     <span class='ocr_line' id='line_1_77' title="bbox 189 2229 943 2266; baseline -0.003 -9"><span class='ocrx_word' id='word_1_540' title='bbox 189 2230 247 2266; x_wconf 91' lang='grc'>(61)</span> <span class='ocrx_word' id='word_1_541' title='bbox 261 2230 368 2257; x_wconf 84' lang='lat' dir='ltr'><strong>Plinius</strong></span> <span class='ocrx_word' id='word_1_542' title='bbox 391 2230 417 2255; x_wconf 92' lang='lat' dir='ltr'><strong>in</strong></span> <span class='ocrx_word' id='word_1_543' title='bbox 436 2230 503 2256; x_wconf 87' lang='lat' dir='ltr'><strong>libro</strong></span> <span class='ocrx_word' id='word_1_544' title='bbox 519 2234 621 2266; x_wconf 69' lang='lat' dir='ltr'><strong>sexto,</strong></span> <span class='ocrx_word' id='word_1_545' title='bbox 638 2237 697 2264; x_wconf 85' lang='lat' dir='ltr'><strong>cap.</strong></span> <span class='ocrx_word' id='word_1_546' title='bbox 772 2234 897 2261; x_wconf 67' lang='lat' dir='ltr'><strong>testatur,</strong></span> <span class='ocrx_word' id='word_1_547' title='bbox 912 2238 943 2256; x_wconf 77' lang='lat' dir='ltr'><strong>ca</strong></span> 
     </span>
    </p>
   </div>
   <div class='ocr_carea' id='block_1_77' title="bbox 155 2265 942 2299">
    <p class='ocr_par' dir='ltr' id='par_1_77' title="bbox 155 2265 942 2299">
     <span class='ocr_line' id='line_1_78' title="bbox 155 2265 942 2299; baseline -0.003 -6"><span class='ocrx_word' id='word_1_548' title='bbox 155 2266 186 2293; x_wconf 89' lang='lat' dir='ltr'><strong>de</strong></span> <span class='ocrx_word' id='word_1_549' title='bbox 201 2274 231 2292; x_wconf 84' lang='lat' dir='ltr'><strong>re</strong></span> <span class='ocrx_word' id='word_1_550' title='bbox 247 2267 382 2299; x_wconf 71' lang='lat' dir='ltr'><strong>insignem</strong></span> <span class='ocrx_word' id='word_1_551' title='bbox 398 2265 462 2291; x_wconf 90' lang='lat' dir='ltr'><strong>olim</strong></span> <span class='ocrx_word' id='word_1_552' title='bbox 481 2265 577 2299; x_wconf 82' lang='lat' dir='ltr'><strong>vulgus</strong></span> <span class='ocrx_word' id='word_1_553' title='bbox 594 2266 663 2291; x_wconf 86' lang='lat' dir='ltr'><strong>inter</strong></span> <span class='ocrx_word' id='word_1_554' title='bbox 675 2272 706 2290; x_wconf 85' lang='lat' dir='ltr'><strong>ac</strong></span> <span class='ocrx_word' id='word_1_555' title='bbox 724 2265 855 2292; x_wconf 84' lang='lat' dir='ltr'><strong>litteratos</strong></span> <span class='ocrx_word' id='word_1_556' title='bbox 868 2266 942 2292; x_wconf 89' lang='lat' dir='ltr'><strong>viros</strong></span> 
     </span>
    </p>
   </div>
   <div class='ocr_carea' id='block_1_78' title="bbox 156 2300 384 2336">
    <p class='ocr_par' dir='ltr' id='par_1_78' title="bbox 156 2300 384 2336">
     <span class='ocr_line' id='line_1_79' title="bbox 156 2300 384 2336; baseline -0.004 -9"><span class='ocrx_word' id='word_1_557' title='bbox 156 2309 276 2336; x_wconf 64' lang='lat' dir='ltr'><strong>pugnant</strong></span> <span class='ocrx_word' id='word_1_558' title='bbox 290 2300 384 2336; x_wconf 84' lang='lat' dir='ltr'><strong>luisse.</strong></span> 
     </span>
    </p>
   </div>
   <div class='ocr_carea' id='block_1_79' title="bbox 190 2335 802 2369">
    <p class='ocr_par' dir='ltr' id='par_1_79' title="bbox 190 2335 802 2369">
     <span class='ocr_line' id='line_1_80' title="bbox 190 2335 802 2369; baseline -0.002 -6"><span class='ocrx_word' id='word_1_559' title='bbox 190 2336 248 2369; x_wconf 79' lang='grc'>(6-2)</span> <span class='ocrx_word' id='word_1_560' title='bbox 261 2335 404 2368; x_wconf 72' lang='lat' dir='ltr'><strong>Origenes,</strong></span> <span class='ocrx_word' id='word_1_561' title='bbox 419 2336 466 2362; x_wconf 90' lang='lat' dir='ltr'><strong>lib.</strong></span> <span class='ocrx_word' id='word_1_562' title='bbox 479 2343 497 2362; x_wconf 96' lang='lat' dir='ltr'><strong>ll</strong></span> <span class='ocrx_word' id='word_1_563' title='bbox 511 2335 692 2369; x_wconf 63' lang='lat' dir='ltr'><strong>Periure/mu,</strong></span> <span class='ocrx_word' id='word_1_564' title='bbox 702 2343 761 2369; x_wconf 89' lang='lat' dir='ltr'><strong>cap.</strong></span> 
     </span>
    </p>
   </div>
   <div class='ocr_carea' id='block_1_80' title="bbox 189 2368 855 2404">
    <p class='ocr_par' dir='ltr' id='par_1_80' title="bbox 189 2368 855 2404">
     <span class='ocr_line' id='line_1_81' title="bbox 189 2368 855 2404; baseline -0.002 -6"><span class='ocrx_word' id='word_1_565' title='bbox 189 2371 247 2401; x_wconf 79' lang='lat'><strong>(63)</strong></span> <span class='ocrx_word' id='word_1_566' title='bbox 263 2370 293 2397; x_wconf 89' lang='lat' dir='ltr'><strong>D.</strong></span> <span class='ocrx_word' id='word_1_567' title='bbox 310 2369 479 2404; x_wconf 86' lang='lat' dir='ltr'><strong>ilieronym.,</strong></span> <span class='ocrx_word' id='word_1_568' title='bbox 495 2371 521 2397; x_wconf 82' lang='lat' dir='ltr'><strong>in</strong></span> <span class='ocrx_word' id='word_1_569' title='bbox 535 2370 628 2403; x_wconf 84' lang='lat' dir='ltr'><strong>Ep/tes.</strong></span> <span class='ocrx_word' id='word_1_570' title='bbox 644 2368 693 2403; x_wconf 85' lang='lat' dir='ltr'><strong>Ep.</strong></span> <span class='ocrx_word' id='word_1_571' title='bbox 705 2368 764 2404; x_wconf 82' lang='lat' dir='ltr'><strong>cap.</strong></span> <span class='ocrx_word' id='word_1_572' title='bbox 783 2379 812 2399; x_wconf 82' lang='lat' dir='ltr'><strong>it,</strong></span> <span class='ocrx_word' id='word_1_573' title='bbox 829 2371 855 2397; x_wconf 73' lang='lat'><strong>2.</strong></span> 
     </span>
    </p>
   </div>
   <div class='ocr_carea' id='block_1_81' title="bbox 189 2405 941 2441">
    <p class='ocr_par' dir='ltr' id='par_1_81' title="bbox 189 2405 941 2441">
     <span class='ocr_line' id='line_1_82' title="bbox 189 2405 941 2441; baseline 0.001 -9"><span class='ocrx_word' id='word_1_574' title='bbox 189 2405 246 2440; x_wconf 68' lang='grc'>(64)</span> <span class='ocrx_word' id='word_1_575' title='bbox 258 2405 379 2432; x_wconf 90' lang='lat' dir='ltr'><strong>Consule</strong></span> <span class='ocrx_word' id='word_1_576' title='bbox 397 2406 524 2441; x_wconf 79' lang='lat' dir='ltr'><strong>Cotelcrii</strong></span> <span class='ocrx_word' id='word_1_577' title='bbox 542 2411 619 2432; x_wconf 86' lang='lat' dir='ltr'><strong>notas</strong></span> <span class='ocrx_word' id='word_1_578' title='bbox 640 2406 666 2431; x_wconf 94' lang='lat' dir='ltr'><strong>in</strong></span> <span class='ocrx_word' id='word_1_579' title='bbox 687 2409 767 2439; x_wconf 88' lang='lat' dir='ltr'><strong>caput</strong></span> <span class='ocrx_word' id='word_1_580' title='bbox 787 2406 821 2432; x_wconf 76' lang='lat' dir='ltr'><strong>2t)</strong></span> <span class='ocrx_word' id='word_1_581' title='bbox 840 2406 941 2441; x_wconf 85' lang='lat' dir='ltr'><strong>cpisto-</strong></span> 
     </span>
    </p>
   </div>
   <div class='ocr_carea' id='block_1_82' title="bbox 157 2440 667 2473">
    <p class='ocr_par' dir='ltr' id='par_1_82' title="bbox 157 2440 667 2473">
     <span class='ocr_line' id='line_1_83' title="bbox 157 2440 667 2473; baseline -0.002 -5"><span class='ocrx_word' id='word_1_582' title='bbox 157 2441 212 2468; x_wconf 68' lang='lat' dir='ltr'><strong>latl</strong></span> <span class='ocrx_word' id='word_1_583' title='bbox 237 2441 268 2468; x_wconf 90' lang='lat' dir='ltr'><strong>D.</strong></span> <span class='ocrx_word' id='word_1_584' title='bbox 283 2441 432 2467; x_wconf 88' lang='lat' dir='ltr'><strong>Clementis</strong></span> <span class='ocrx_word' id='word_1_585' title='bbox 448 2440 456 2466; x_wconf 98' lang='grc'><strong>1</strong></span> <span class='ocrx_word' id='word_1_586' title='bbox 472 2441 550 2468; x_wconf 85' lang='lat' dir='ltr'><strong>Rom.</strong></span> <span class='ocrx_word' id='word_1_587' title='bbox 571 2441 667 2473; x_wconf 88' lang='lat' dir='ltr'><strong>pontil&#39;.</strong></span> 
     </span>
    </p>
   </div>
   <div class='ocr_carea' id='block_1_83' title="bbox 189 2475 940 2537">
    <p class='ocr_par' dir='ltr' id='par_1_83' title="bbox 189 2475 940 2537">
     <span class='ocr_line' id='line_1_84' title="bbox 189 2475 940 2537; baseline -0.001 -34"><span class='ocrx_word' id='word_1_588' title='bbox 189 2477 248 2537; x_wconf 51' lang='lat'><strong>(’65)</strong></span> <span class='ocrx_word' id='word_1_589' title='bbox 269 2475 450 2503; x_wconf 74' lang='lat' dir='ltr'><strong>Prwdicantes</strong></span> <span class='ocrx_word' id='word_1_590' title='bbox 466 2476 602 2511; x_wconf 88' lang='lat' dir='ltr'><strong>(apostoli)</strong></span> <span class='ocrx_word' id='word_1_591' title='bbox 623 2477 704 2511; x_wconf 84' lang='lat' dir='ltr'><strong>igitur</strong></span> <span class='ocrx_word' id='word_1_592' title='bbox 722 2484 766 2509; x_wconf 72' lang='lat' dir='ltr'><strong>per</strong></span> <span class='ocrx_word' id='word_1_593' title='bbox 781 2478 895 2511; x_wconf 71' lang='lat' dir='ltr'><strong>regiones</strong></span> <span class='ocrx_word' id='word_1_594' title='bbox 916 2482 940 2504; x_wconf 87' lang='lat' dir='ltr'><strong>ct</strong></span> 
     </span>
     <span class='ocr_line' id='line_1_85' title="bbox 204 2510 940 2537; baseline 0 0"><span class='ocrx_word' id='word_1_595' title='bbox 204 2520 242 2537; x_wconf 80' lang='lat' dir='ltr'><strong>es.</strong></span> <span class='ocrx_word' id='word_1_596' title='bbox 268 2511 399 2537; x_wconf 76' lang='lat' dir='ltr'><strong>primitias</strong></span> <span class='ocrx_word' id='word_1_597' title='bbox 417 2519 508 2537; x_wconf 81' lang='lat' dir='ltr'><strong>carum</strong></span> <span class='ocrx_word' id='word_1_598' title='bbox 526 2512 621 2537; x_wconf 76' lang='lat' dir='ltr'><strong>spiritu</strong></span> <span class='ocrx_word' id='word_1_599' title='bbox 642 2520 699 2537; x_wconf 78' lang='lat' dir='ltr'><strong>cum</strong></span> <span class='ocrx_word' id='word_1_600' title='bbox 727 2510 888 2537; x_wconf 71' lang='lat' dir='ltr'><strong>probassent.</strong></span> <span class='ocrx_word' id='word_1_601' title='bbox 914 2513 940 2537; x_wconf 89' lang='lat' dir='ltr'><strong>in</strong></span> 
     </span>
    </p>
   </div>
   <div class='ocr_carea' id='block_1_84' title="bbox 156 2510 941 2546">
    <p class='ocr_par' dir='ltr' id='par_1_84' title="bbox 156 2510 941 2546">
     <span class='ocr_line' id='line_1_86' title="bbox 156 2510 941 2546; baseline 0.003 -10"><span class='ocrx_word' id='word_1_602' title='bbox 156 2510 242 2542; x_wconf 81' lang='lat' dir='ltr'><strong>urbes,</strong></span> <span class='ocrx_word' id='word_1_603' title='bbox 268 2511 399 2546; x_wconf 77' lang='lat' dir='ltr'><strong>primitias</strong></span> <span class='ocrx_word' id='word_1_604' title='bbox 417 2510 508 2537; x_wconf 75' lang='lat' dir='ltr'><strong>carum</strong></span> <span class='ocrx_word' id='word_1_605' title='bbox 526 2512 621 2545; x_wconf 77' lang='lat' dir='ltr'><strong>spiritu</strong></span> <span class='ocrx_word' id='word_1_606' title='bbox 642 2520 699 2538; x_wconf 80' lang='lat' dir='ltr'><strong>cum</strong></span> <span class='ocrx_word' id='word_1_607' title='bbox 726 2510 888 2545; x_wconf 79' lang='lat' dir='ltr'><strong>probassent,</strong></span> <span class='ocrx_word' id='word_1_608' title='bbox 914 2513 941 2538; x_wconf 85' lang='lat' dir='ltr'><strong>in</strong></span> 
     </span>
    </p>
   </div>
   <div class='ocr_carea' id='block_1_85' title="bbox 156 2545 941 2581">
    <p class='ocr_par' dir='ltr' id='par_1_85' title="bbox 156 2545 941 2581">
     <span class='ocr_line' id='line_1_87' title="bbox 156 2545 941 2581; baseline 0.001 -9"><span class='ocrx_word' id='word_1_609' title='bbox 156 2547 285 2579; x_wconf 68' lang='lat' dir='ltr'><strong>episcopos</strong></span> <span class='ocrx_word' id='word_1_610' title='bbox 302 2550 327 2572; x_wconf 78' lang='lat' dir='ltr'><strong>ct</strong></span> <span class='ocrx_word' id='word_1_611' title='bbox 342 2545 466 2573; x_wconf 83' lang='lat' dir='ltr'><strong>diaconos</strong></span> <span class='ocrx_word' id='word_1_612' title='bbox 482 2555 580 2578; x_wconf 80' lang='lat' dir='ltr'><strong>eorum,</strong></span> <span class='ocrx_word' id='word_1_613' title='bbox 596 2547 640 2581; x_wconf 86' lang='lat' dir='ltr'><strong>qui</strong></span> <span class='ocrx_word' id='word_1_614' title='bbox 651 2547 775 2575; x_wconf 81' lang='lat' dir='ltr'><strong>credituri</strong></span> <span class='ocrx_word' id='word_1_615' title='bbox 789 2553 941 2580; x_wconf 81' lang='lat' dir='ltr'><strong>crant,con-</strong></span> 
     </span>
    </p>
   </div>
   <div class='ocr_carea' id='block_1_86' title="bbox 155 2581 620 2615">
    <p class='ocr_par' dir='ltr' id='par_1_86' title="bbox 155 2581 620 2615">
     <span class='ocr_line' id='line_1_88' title="bbox 155 2581 620 2615; baseline 0.004 -8"><span class='ocrx_word' id='word_1_616' title='bbox 155 2582 306 2609; x_wconf 69' lang='lat' dir='ltr'><strong>stituerunt.</strong></span> <span class='ocrx_word' id='word_1_617' title='bbox 319 2581 418 2613; x_wconf 89' lang='lat' dir='ltr'><strong>Clem.,</strong></span> <span class='ocrx_word' id='word_1_618' title='bbox 434 2589 477 2615; x_wconf 85' lang='lat' dir='ltr'><strong>ep.</strong></span> <span class='ocrx_word' id='word_1_619' title='bbox 495 2583 520 2613; x_wconf 73' lang='lat' dir='ltr'><strong>l.</strong></span> <span class='ocrx_word' id='word_1_620' title='bbox 535 2590 562 2608; x_wconf 94' lang='lat' dir='ltr'><strong>n.</strong></span> <span class='ocrx_word' id='word_1_621' title='bbox 576 2582 620 2609; x_wconf 70' lang='grc'><strong>42.</strong></span> 
     </span>
    </p>
   </div>
   <div class='ocr_carea' id='block_1_87' title="bbox 190 2617 941 2652">
    <p class='ocr_par' dir='ltr' id='par_1_87' title="bbox 190 2617 941 2652">
     <span class='ocr_line' id='line_1_89' title="bbox 190 2617 941 2652; baseline -0.001 -8"><span class='ocrx_word' id='word_1_622' title='bbox 190 2617 247 2652; x_wconf 73' lang='lat'><strong>(66)</strong></span> <span class='ocrx_word' id='word_1_623' title='bbox 269 2617 378 2652; x_wconf 77' lang='lat' dir='ltr'><strong>Summo</strong></span> <span class='ocrx_word' id='word_1_624' title='bbox 401 2617 493 2651; x_wconf 86' lang='lat' dir='ltr'><strong>quippe</strong></span> <span class='ocrx_word' id='word_1_625' title='bbox 515 2618 643 2644; x_wconf 82' lang='lat' dir='ltr'><strong>sacerdoti</strong></span> <span class='ocrx_word' id='word_1_626' title='bbox 667 2627 715 2645; x_wconf 84' lang='lat' dir='ltr'><strong>sua</strong></span> <span class='ocrx_word' id='word_1_627' title='bbox 731 2618 820 2645; x_wconf 82' lang='lat' dir='ltr'><strong>munia</strong></span> <span class='ocrx_word' id='word_1_628' title='bbox 843 2618 941 2644; x_wconf 76' lang='lat' dir='ltr'><strong>tributa</strong></span> 
     </span>
    </p>
   </div>
   <div class='ocr_carea' id='block_1_88' title="bbox 155 2651 939 2688">
    <p class='ocr_par' dir='ltr' id='par_1_88' title="bbox 155 2651 939 2688">
     <span class='ocr_line' id='line_1_90' title="bbox 155 2651 939 2688; baseline 0.003 -11"><span class='ocrx_word' id='word_1_629' title='bbox 155 2657 232 2688; x_wconf 77' lang='lat' dir='ltr'><strong>sunt:</strong></span> <span class='ocrx_word' id='word_1_630' title='bbox 246 2658 271 2679; x_wconf 77' lang='lat' dir='ltr'><strong>et</strong></span> <span class='ocrx_word' id='word_1_631' title='bbox 285 2651 468 2679; x_wconf 80' lang='lat' dir='ltr'><strong>sacerdotibus</strong></span> <span class='ocrx_word' id='word_1_632' title='bbox 481 2652 553 2678; x_wconf 87' lang='lat' dir='ltr'><strong>locus</strong></span> <span class='ocrx_word' id='word_1_633' title='bbox 570 2654 690 2687; x_wconf 82' lang='lat' dir='ltr'><strong>proprius</strong></span> <span class='ocrx_word' id='word_1_634' title='bbox 707 2654 869 2688; x_wconf 74' lang='lat' dir='ltr'><strong>pra&#39;stitutus</strong></span> <span class='ocrx_word' id='word_1_635' title='bbox 881 2659 918 2679; x_wconf 81' lang='lat' dir='ltr'><strong>est</strong></span> <span class='ocrx_word' id='word_1_636' title='bbox 931 2661 939 2679; x_wconf 80' lang='lat'><strong>.&#39;</strong></span> 
     </span>
    </p>
   </div>
   <div class='ocr_carea' id='block_1_89' title="bbox 156 2686 940 2722">
    <p class='ocr_par' dir='ltr' id='par_1_89' title="bbox 156 2686 940 2722">
     <span class='ocr_line' id='line_1_91' title="bbox 156 2686 940 2722; baseline 0.001 -9"><span class='ocrx_word' id='word_1_637' title='bbox 156 2686 239 2714; x_wconf 71' lang='lat' dir='ltr'><strong>lenitis</strong></span> <span class='ocrx_word' id='word_1_638' title='bbox 255 2695 355 2722; x_wconf 84' lang='lat' dir='ltr'><strong>quoque</strong></span> <span class='ocrx_word' id='word_1_639' title='bbox 376 2695 425 2713; x_wconf 80' lang='lat' dir='ltr'><strong>sua</strong></span> <span class='ocrx_word' id='word_1_640' title='bbox 443 2688 588 2714; x_wconf 79' lang='lat' dir='ltr'><strong>ministeria</strong></span> <span class='ocrx_word' id='word_1_641' title='bbox 604 2686 772 2715; x_wconf 78' lang='lat' dir='ltr'><strong>incumbunt:</strong></span> <span class='ocrx_word' id='word_1_642' title='bbox 795 2688 870 2713; x_wconf 84' lang='lat' dir='ltr'><strong>ltomo</strong></span> <span class='ocrx_word' id='word_1_643' title='bbox 890 2689 940 2714; x_wconf 84' lang='lat' dir='ltr'><strong>lai—</strong></span> 
     </span>
    </p>
   </div>
   <div class='ocr_carea' id='block_1_90' title="bbox 155 2722 869 2757">
    <p class='ocr_par' dir='ltr' id='par_1_90' title="bbox 155 2722 869 2757">
     <span class='ocr_line' id='line_1_92' title="bbox 155 2722 869 2757; baseline 0 -8"><span class='ocrx_word' id='word_1_644' title='bbox 155 2729 200 2749; x_wconf 73' lang='lat' dir='ltr'><strong>cus</strong></span> <span class='ocrx_word' id='word_1_645' title='bbox 215 2723 350 2757; x_wconf 73' lang='lat' dir='ltr'><strong>prwceptis</strong></span> <span class='ocrx_word' id='word_1_646' title='bbox 366 2722 442 2748; x_wconf 68' lang='lat' dir='ltr'><strong>laici;</strong></span> <span class='ocrx_word' id='word_1_647' title='bbox 458 2723 656 2757; x_wconf 78' lang='lat' dir='ltr'><strong>constringitur.</strong></span> <span class='ocrx_word' id='word_1_648' title='bbox 675 2724 758 2753; x_wconf 76' lang='lat' dir='ltr'><strong>Idem.</strong></span> <span class='ocrx_word' id='word_1_649' title='bbox 776 2732 803 2749; x_wconf 94' lang='lat' dir='ltr'><strong>n.</strong></span> <span class='ocrx_word' id='word_1_650' title='bbox 823 2723 869 2749; x_wconf 67' lang='grc'><strong>40.</strong></span> 
     </span>
    </p>
   </div>
   <div class='ocr_carea' id='block_1_91' title="bbox 191 2757 939 2792">
    <p class='ocr_par' dir='ltr' id='par_1_91' title="bbox 191 2757 939 2792">
     <span class='ocr_line' id='line_1_93' title="bbox 191 2757 939 2792; baseline 0.001 -9"><span class='ocrx_word' id='word_1_651' title='bbox 191 2758 247 2791; x_wconf 84' lang='grc'>(67)</span> <span class='ocrx_word' id='word_1_652' title='bbox 263 2757 323 2784; x_wconf 72' lang='lat' dir='ltr'><strong>Non</strong></span> <span class='ocrx_word' id='word_1_653' title='bbox 335 2758 403 2784; x_wconf 77' lang='lat' dir='ltr'><strong>enim</strong></span> <span class='ocrx_word' id='word_1_654' title='bbox 418 2757 470 2784; x_wconf 74' lang='lat' dir='ltr'><strong>leve</strong></span> <span class='ocrx_word' id='word_1_655' title='bbox 480 2759 528 2784; x_wconf 84' lang='lat' dir='ltr'><strong>erit</strong></span> <span class='ocrx_word' id='word_1_656' title='bbox 549 2763 692 2791; x_wconf 84' lang='lat' dir='ltr'><strong>peccatum,</strong></span> <span class='ocrx_word' id='word_1_657' title='bbox 705 2760 727 2786; x_wconf 84' lang='lat' dir='ltr'><strong>si</strong></span> <span class='ocrx_word' id='word_1_658' title='bbox 742 2768 796 2789; x_wconf 78' lang='lat' dir='ltr'><strong>eos,</strong></span> <span class='ocrx_word' id='word_1_659' title='bbox 810 2759 854 2792; x_wconf 82' lang='lat' dir='ltr'><strong>qui</strong></span> <span class='ocrx_word' id='word_1_660' title='bbox 872 2759 939 2784; x_wconf 84' lang='lat' dir='ltr'><strong>citra</strong></span> 
     </span>
    </p>
   </div>
   <div class='ocr_carea' id='block_1_92' title="bbox 154 2793 940 2829">
    <p class='ocr_par' dir='ltr' id='par_1_92' title="bbox 154 2793 940 2829">
     <span class='ocr_line' id='line_1_94' title="bbox 154 2793 940 2829; baseline 0.003 -12"><span class='ocrx_word' id='word_1_661' title='bbox 154 2794 295 2825; x_wconf 82' lang='lat' dir='ltr'><strong>querelam.</strong></span> <span class='ocrx_word' id='word_1_662' title='bbox 314 2798 339 2820; x_wconf 86' lang='lat' dir='ltr'><strong>et</strong></span> <span class='ocrx_word' id='word_1_663' title='bbox 351 2799 442 2829; x_wconf 70' lang='lat' dir='ltr'><strong>sancte</strong></span> <span class='ocrx_word' id='word_1_664' title='bbox 457 2793 567 2829; x_wconf 74' lang='lat' dir='ltr'><strong>o/ferunt</strong></span> <span class='ocrx_word' id='word_1_665' title='bbox 584 2793 666 2827; x_wconf 77' lang='lat' dir='ltr'><strong>dona,</strong></span> <span class='ocrx_word' id='word_1_666' title='bbox 681 2795 713 2820; x_wconf 84' lang='lat' dir='ltr'><strong>ab</strong></span> <span class='ocrx_word' id='word_1_667' title='bbox 733 2795 883 2829; x_wconf 69' lang='lat' dir='ltr'><strong>episcopatu</strong></span> <span class='ocrx_word' id='word_1_668' title='bbox 900 2803 940 2820; x_wconf 80' lang='lat' dir='ltr'><strong>rc-</strong></span> 
     </span>
    </p>
   </div>
   <div class='ocr_carea' id='block_1_93' title="bbox 157 2828 938 2864">
    <p class='ocr_par' dir='ltr' id='par_1_93' title="bbox 157 2828 938 2864">
     <span class='ocr_line' id='line_1_95' title="bbox 157 2828 938 2864; baseline 0.001 -11"><span class='ocrx_word' id='word_1_669' title='bbox 157 2829 323 2864; x_wconf 62' lang='lat' dir='ltr'><strong>ntovcrimus.</strong></span> <span class='ocrx_word' id='word_1_670' title='bbox 345 2828 588 2864; x_wconf 66' lang='lat' dir='ltr'><strong>Beatipresbyteri,</strong></span> <span class='ocrx_word' id='word_1_671' title='bbox 603 2830 648 2863; x_wconf 81' lang='lat' dir='ltr'><strong>qui</strong></span> <span class='ocrx_word' id='word_1_672' title='bbox 661 2830 729 2856; x_wconf 84' lang='lat' dir='ltr'><strong>uiam</strong></span> <span class='ocrx_word' id='word_1_673' title='bbox 742 2830 815 2864; x_wconf 81' lang='lat' dir='ltr'><strong>prius</strong></span> <span class='ocrx_word' id='word_1_674' title='bbox 831 2830 938 2859; x_wconf 77' lang='lat' dir='ltr'><strong>emensi,</strong></span> 
     </span>
    </p>
   </div>
   <div class='ocr_carea' id='block_1_94' title="bbox 156 2863 938 2896">
    <p class='ocr_par' dir='ltr' id='par_1_94' title="bbox 156 2863 938 2896">
     <span class='ocr_line' id='line_1_96' title="bbox 156 2863 938 2896; baseline 0.003 -8"><span class='ocrx_word' id='word_1_675' title='bbox 156 2863 318 2893; x_wconf 78' lang='lat' dir='ltr'><strong>fructuosam</strong></span> <span class='ocrx_word' id='word_1_676' title='bbox 330 2872 361 2889; x_wconf 83' lang='lat' dir='ltr'><strong>ac</strong></span> <span class='ocrx_word' id='word_1_677' title='bbox 370 2863 511 2896; x_wconf 73' lang='lat' dir='ltr'><strong>perfectum</strong></span> <span class='ocrx_word' id='word_1_678' title='bbox 523 2865 650 2891; x_wconf 84' lang='lat' dir='ltr'><strong>consecuti</strong></span> <span class='ocrx_word' id='word_1_679' title='bbox 661 2870 718 2891; x_wconf 83' lang='lat' dir='ltr'><strong>sunt</strong></span> <span class='ocrx_word' id='word_1_680' title='bbox 728 2864 938 2891; x_wconf 75' lang='lat' dir='ltr'><strong>dissolutionem.</strong></span> 
     </span>
    </p>
   </div>
   <div class='ocr_carea' id='block_1_95' title="bbox 156 2896 938 2928">
    <p class='ocr_par' dir='ltr' id='par_1_95' title="bbox 156 2896 938 2928">
     <span class='ocr_line' id='line_1_97' title="bbox 156 2896 938 2928; baseline 0.003 -5"><span class='ocrx_word' id='word_1_681' title='bbox 156 2896 239 2928; x_wconf 69' lang='lat' dir='ltr'><strong>Iule-ii,</strong></span> <span class='ocrx_word' id='word_1_682' title='bbox 253 2907 280 2925; x_wconf 81' lang='grc' dir='ltr'><strong>ιι.</strong></span> <span class='ocrx_word' id='word_1_683' title='bbox 295 2899 341 2926; x_wconf 69' lang='grc'><strong>44.</strong></span> <span class='ocrx_word' id='word_1_684' title='bbox 367 2897 449 2924; x_wconf 78' lang='lat' dir='ltr'><strong>Notat</strong></span> <span class='ocrx_word' id='word_1_685' title='bbox 468 2898 495 2924; x_wconf 91' lang='lat' dir='ltr'><strong>in</strong></span> <span class='ocrx_word' id='word_1_686' title='bbox 512 2898 581 2925; x_wconf 89' lang='lat' dir='ltr'><strong>hunc</strong></span> <span class='ocrx_word' id='word_1_687' title='bbox 591 2897 739 2927; x_wconf 80' lang='lat' dir='ltr'><strong>Clementis</strong></span> <span class='ocrx_word' id='word_1_688' title='bbox 758 2901 845 2926; x_wconf 82' lang='lat' dir='ltr'><strong>locum</strong></span> <span class='ocrx_word' id='word_1_689' title='bbox 863 2908 887 2925; x_wconf 75' lang='grc' dir='ltr'>γ.</span> <span class='ocrx_word' id='word_1_690' title='bbox 902 2901 938 2925; x_wconf 72' lang='grc' dir='ltr'>(τι.</span> 
     </span>
    </p>
   </div>
   <div class='ocr_carea' id='block_1_96' title="bbox 158 2932 938 2969">
    <p class='ocr_par' dir='ltr' id='par_1_96' title="bbox 158 2932 938 2969">
     <span class='ocr_line' id='line_1_98' title="bbox 158 2932 938 2969; baseline 0.003 -11"><span class='ocrx_word' id='word_1_691' title='bbox 158 2932 223 2966; x_wconf 76' lang='lat' dir='ltr'><strong>Epp.</strong></span> <span class='ocrx_word' id='word_1_692' title='bbox 239 2933 311 2961; x_wconf 78' lang='lat' dir='ltr'><strong>Rom.</strong></span> <span class='ocrx_word' id='word_1_693' title='bbox 335 2933 429 2968; x_wconf 74' lang='grc' dir='ltr'><strong>ροηιηῖ</strong></span> <span class='ocrx_word' id='word_1_694' title='bbox 443 2933 636 2962; x_wconf 83' lang='lat' dir='ltr'><strong>Coustantius:</strong></span> <span class='ocrx_word' id='word_1_695' title='bbox 652 2935 718 2962; x_wconf 89' lang='lat' dir='ltr'><strong>Dum</strong></span> <span class='ocrx_word' id='word_1_696' title='bbox 735 2935 813 2969; x_wconf 80' lang='lat' dir='ltr'><strong>patilo</strong></span> <span class='ocrx_word' id='word_1_697' title='bbox 827 2934 938 2961; x_wconf 79' lang='lat' dir='ltr'><strong>inferius</strong></span> 
     </span>
    </p>
   </div>
   <div class='ocr_carea' id='block_1_97' title="bbox 990 1665 1780 1700">
    <p class='ocr_par' dir='ltr' id='par_1_97' title="bbox 990 1665 1780 1700">
     <span class='ocr_line' id='line_1_99' title="bbox 990 1665 1780 1700; baseline -0.001 -7"><span class='ocrx_word' id='word_1_698' title='bbox 990 1670 1079 1693; x_wconf 85' lang='lat' dir='ltr'><strong>autem</strong></span> <span class='ocrx_word' id='word_1_699' title='bbox 1092 1665 1265 1699; x_wconf 74' lang='lat' dir='ltr'><strong>huiusmodi:</strong></span> <span class='ocrx_word' id='word_1_700' title='bbox 1278 1665 1344 1693; x_wconf 87' lang='lat' dir='ltr'><strong>Cum</strong></span> <span class='ocrx_word' id='word_1_701' title='bbox 1355 1666 1407 1693; x_wconf 86' lang='lat' dir='ltr'><strong>duo</strong></span> <span class='ocrx_word' id='word_1_702' title='bbox 1426 1670 1501 1693; x_wconf 86' lang='lat' dir='ltr'><strong>erunt</strong></span> <span class='ocrx_word' id='word_1_703' title='bbox 1512 1673 1604 1697; x_wconf 87' lang='lat' dir='ltr'><strong>unum,</strong></span> <span class='ocrx_word' id='word_1_704' title='bbox 1620 1669 1645 1692; x_wconf 84' lang='lat' dir='ltr'><strong>et</strong></span> <span class='ocrx_word' id='word_1_705' title='bbox 1657 1665 1725 1700; x_wconf 87' lang='lat' dir='ltr'><strong>quod</strong></span> <span class='ocrx_word' id='word_1_706' title='bbox 1738 1666 1780 1700; x_wconf 80' lang='lat' dir='ltr'><strong>fo-</strong></span> 
     </span>
    </p>
   </div>
   <div class='ocr_carea' id='block_1_98' title="bbox 990 1711 1800 1746">
    <p class='ocr_par' dir='ltr' id='par_1_98' title="bbox 990 1711 1800 1746">
     <span class='ocr_line' id='line_1_100' title="bbox 990 1711 1800 1746; baseline 0 -8"><span class='ocrx_word' id='word_1_707' title='bbox 990 1711 1028 1738; x_wconf 72' lang='lat' dir='ltr'><strong>ris</strong></span> <span class='ocrx_word' id='word_1_708' title='bbox 1047 1716 1076 1738; x_wconf 80' lang='lat' dir='ltr'><strong>ut</strong></span> <span class='ocrx_word' id='word_1_709' title='bbox 1097 1711 1167 1746; x_wconf 75' lang='lat' dir='ltr'><strong>quod</strong></span> <span class='ocrx_word' id='word_1_710' title='bbox 1187 1712 1269 1744; x_wconf 80' lang='lat' dir='ltr'><strong>intus,</strong></span> <span class='ocrx_word' id='word_1_711' title='bbox 1287 1716 1312 1739; x_wconf 84' lang='lat' dir='ltr'><strong>ct</strong></span> <span class='ocrx_word' id='word_1_712' title='bbox 1325 1711 1473 1738; x_wconf 79' lang='lat' dir='ltr'><strong>masculum</strong></span> <span class='ocrx_word' id='word_1_713' title='bbox 1495 1720 1555 1739; x_wconf 70' lang='lat' dir='ltr'><strong>cum</strong></span> <span class='ocrx_word' id='word_1_714' title='bbox 1574 1711 1682 1746; x_wconf 78' lang='lat' dir='ltr'><strong>femina,</strong></span> <span class='ocrx_word' id='word_1_715' title='bbox 1701 1720 1800 1746; x_wconf 59' lang='lat' dir='ltr'><strong>neque»</strong></span> 
     </span>
    </p>
   </div>
   <div class='ocr_carea' id='block_1_99' title="bbox 991 1757 1331 1793">
    <p class='ocr_par' dir='ltr' id='par_1_99' title="bbox 991 1757 1331 1793">
     <span class='ocr_line' id='line_1_101' title="bbox 991 1757 1331 1793; baseline 0.009 -10"><span class='ocrx_word' id='word_1_716' title='bbox 991 1765 1048 1784; x_wconf 73' lang='lat' dir='ltr'><strong>nias</strong></span> <span class='ocrx_word' id='word_1_717' title='bbox 1059 1765 1139 1793; x_wconf 83' lang='lat' dir='ltr'><strong>neque</strong></span> <span class='ocrx_word' id='word_1_718' title='bbox 1153 1757 1250 1792; x_wconf 83' lang='lat' dir='ltr'><strong>femina</strong></span> <span class='ocrx_word' id='word_1_719' title='bbox 1265 1758 1331 1793; x_wconf 74' lang='lat'><strong>(75).</strong></span> 
     </span>
    </p>
   </div>
   <div class='ocr_carea' id='block_1_100' title="bbox 992 1846 1779 1881">
    <p class='ocr_par' dir='ltr' id='par_1_100' title="bbox 992 1846 1779 1881">
     <span class='ocr_line' id='line_1_102' title="bbox 992 1846 1779 1881; baseline 0.003 -8"><span class='ocrx_word' id='word_1_720' title='bbox 992 1846 1132 1881; x_wconf 65' lang='lat' dir='ltr'><strong>praemittit</strong></span> <span class='ocrx_word' id='word_1_721' title='bbox 1142 1846 1278 1878; x_wconf 84' lang='lat' dir='ltr'><strong>Clemens.</strong></span> <span class='ocrx_word' id='word_1_722' title='bbox 1289 1846 1313 1874; x_wconf 82' lang='lat' dir='ltr'><strong>si</strong></span> <span class='ocrx_word' id='word_1_723' title='bbox 1323 1854 1366 1873; x_wconf 78' lang='lat' dir='ltr'><strong>cos</strong></span> <span class='ocrx_word' id='word_1_724' title='bbox 1378 1846 1410 1873; x_wconf 87' lang='lat' dir='ltr'><strong>ab</strong></span> <span class='ocrx_word' id='word_1_725' title='bbox 1422 1846 1572 1880; x_wconf 74' lang='lat' dir='ltr'><strong>episcopatu</strong></span> <span class='ocrx_word' id='word_1_726' title='bbox 1583 1848 1779 1880; x_wconf 73' lang='lat' dir='ltr'><strong>rlmnverimus,</strong></span> 
     </span>
    </p>
   </div>
   <div class='ocr_carea' id='block_1_101' title="bbox 992 1881 1778 1917">
    <p class='ocr_par' dir='ltr' id='par_1_101' title="bbox 992 1881 1778 1917">
     <span class='ocr_line' id='line_1_103' title="bbox 992 1881 1778 1917; baseline 0.004 -9"><span class='ocrx_word' id='word_1_727' title='bbox 992 1889 1025 1909; x_wconf 88' lang='lat' dir='ltr'><strong>ac</strong></span> <span class='ocrx_word' id='word_1_728' title='bbox 1039 1881 1146 1917; x_wconf 77' lang='lat' dir='ltr'><strong>deinde</strong></span> <span class='ocrx_word' id='word_1_729' title='bbox 1170 1882 1293 1916; x_wconf 81' lang='lat' dir='ltr'><strong>proxime</strong></span> <span class='ocrx_word' id='word_1_730' title='bbox 1314 1882 1437 1916; x_wconf 83' lang='lat' dir='ltr'><strong>subjicit.</strong></span> <span class='ocrx_word' id='word_1_731' title='bbox 1454 1881 1530 1908; x_wconf 81' lang='lat' dir='ltr'><strong>Beati</strong></span> <span class='ocrx_word' id='word_1_732' title='bbox 1544 1882 1705 1917; x_wconf 74' lang='lat' dir='ltr'><strong>presbyteri.</strong></span> <span class='ocrx_word' id='word_1_733' title='bbox 1723 1888 1778 1912; x_wconf 90' lang='lat' dir='ltr'><strong>etc.</strong></span> 
     </span>
    </p>
   </div>
   <div class='ocr_carea' id='block_1_102' title="bbox 994 1916 1780 1953">
    <p class='ocr_par' dir='ltr' id='par_1_102' title="bbox 994 1916 1780 1953">
     <span class='ocr_line' id='line_1_104' title="bbox 994 1916 1780 1953; baseline 0.004 -10"><span class='ocrx_word' id='word_1_734' title='bbox 994 1916 1046 1944; x_wconf 84' lang='lat' dir='ltr'><strong>sibi</strong></span> <span class='ocrx_word' id='word_1_735' title='bbox 1061 1925 1114 1953; x_wconf 86' lang='lat' dir='ltr'><strong>non</strong></span> <span class='ocrx_word' id='word_1_736' title='bbox 1127 1924 1218 1953; x_wconf 84' lang='lat' dir='ltr'><strong>secus,</strong></span> <span class='ocrx_word' id='word_1_737' title='bbox 1235 1921 1317 1952; x_wconf 90' lang='lat' dir='ltr'><strong>atque</strong></span> <span class='ocrx_word' id='word_1_738' title='bbox 1332 1917 1443 1948; x_wconf 69' lang='lat' dir='ltr'><strong>lrenaao,</strong></span> <span class='ocrx_word' id='word_1_739' title='bbox 1460 1917 1611 1952; x_wconf 87' lang='lat' dir='ltr'><strong>presbyteri</strong></span> <span class='ocrx_word' id='word_1_740' title='bbox 1624 1916 1710 1953; x_wconf 53' lang='lat' dir='ltr'><strong>:atque</strong></span> <span class='ocrx_word' id='word_1_741' title='bbox 1721 1919 1780 1953; x_wconf 89' lang='lat' dir='ltr'><strong>epi-</strong></span> 
     </span>
    </p>
   </div>
   <div class='ocr_carea' id='block_1_103' title="bbox 993 1951 1779 1988">
    <p class='ocr_par' dir='ltr' id='par_1_103' title="bbox 993 1951 1779 1988">
     <span class='ocr_line' id='line_1_105' title="bbox 993 1951 1779 1988; baseline 0.003 -9"><span class='ocrx_word' id='word_1_742' title='bbox 993 1951 1069 1986; x_wconf 85' lang='lat' dir='ltr'><strong>scopi</strong></span> <span class='ocrx_word' id='word_1_743' title='bbox 1091 1952 1210 1988; x_wconf 87' lang='lat' dir='ltr'><strong>nomina_</strong></span> <span class='ocrx_word' id='word_1_744' title='bbox 1230 1951 1380 1988; x_wconf 87' lang='lat' dir='ltr'><strong>synonyma</strong></span> <span class='ocrx_word' id='word_1_745' title='bbox 1399 1959 1471 1988; x_wconf 77' lang='lat' dir='ltr'><strong>esse,</strong></span> <span class='ocrx_word' id='word_1_746' title='bbox 1494 1951 1580 1988; x_wconf 80' lang='lat' dir='ltr'><strong>eaque</strong></span> <span class='ocrx_word' id='word_1_747' title='bbox 1599 1952 1632 1979; x_wconf 90' lang='lat' dir='ltr'><strong>ad</strong></span> <span class='ocrx_word' id='word_1_748' title='bbox 1657 1951 1779 1982; x_wconf 76' lang='lat' dir='ltr'><strong>eamdem</strong></span> 
     </span>
    </p>
   </div>
   <div class='ocr_carea' id='block_1_104' title="bbox 993 1986 1778 2049">
    <p class='ocr_par' dir='ltr' id='par_1_104' title="bbox 993 1986 1778 2049">
     <span class='ocr_line' id='line_1_106' title="bbox 993 1986 1778 2049; baseline 0.004 -35"><span class='ocrx_word' id='word_1_749' title='bbox 993 1994 1050 2049; x_wconf 61' lang='lat' dir='ltr'><strong>regi</strong></span> <span class='ocrx_word' id='word_1_750' title='bbox 1064 1986 1269 2021; x_wconf 82' lang='lat' dir='ltr'><strong>enuntiandam,</strong></span> <span class='ocrx_word' id='word_1_751' title='bbox 1282 1986 1436 2022; x_wconf 77' lang='lat' dir='ltr'><strong>premiscue</strong></span> <span class='ocrx_word' id='word_1_752' title='bbox 1451 1987 1502 2014; x_wconf 88' lang='lat' dir='ltr'><strong>hoc</strong></span> <span class='ocrx_word' id='word_1_753' title='bbox 1516 1987 1576 2014; x_wconf 89' lang='lat' dir='ltr'><strong>loco</strong></span> <span class='ocrx_word' id='word_1_754' title='bbox 1591 1995 1725 2024; x_wconf 88' lang='lat' dir='ltr'><strong>usurpare</strong></span> <span class='ocrx_word' id='word_1_755' title='bbox 1738 1997 1778 2021; x_wconf 81' lang='lat' dir='ltr'><strong>se.</strong></span> 
     </span>
     <span class='ocr_line' id='line_1_107' title="bbox 993 2026 1107 2049; baseline 0.009 -1"><span class='ocrx_word' id='word_1_756' title='bbox 993 2029 1021 2048; x_wconf 85' lang='lat' dir='ltr'><strong>tn</strong></span> <span class='ocrx_word' id='word_1_757' title='bbox 1043 2026 1107 2049; x_wconf 79' lang='lat' dir='ltr'><strong>teat.</strong></span> 
     </span>
    </p>
   </div>
   <div class='ocr_carea' id='block_1_105' title="bbox 993 2026 1107 2050">
    <p class='ocr_par' dir='ltr' id='par_1_105' title="bbox 993 2026 1107 2050">
     <span class='ocr_line' id='line_1_108' title="bbox 993 2026 1107 2050; baseline 0.009 -2"><span class='ocrx_word' id='word_1_758' title='bbox 993 2026 1107 2050; x_wconf 82' lang='lat' dir='ltr'><strong>indicat.</strong></span> 
     </span>
    </p>
   </div>
   <div class='ocr_carea' id='block_1_106' title="bbox 1028 2057 1781 2093">
    <p class='ocr_par' dir='ltr' id='par_1_106' title="bbox 1028 2057 1781 2093">
     <span class='ocr_line' id='line_1_109' title="bbox 1028 2057 1781 2093; baseline 0.003 -9"><span class='ocrx_word' id='word_1_759' title='bbox 1028 2057 1084 2093; x_wconf 83' lang='lat'><strong>(68)</strong></span> <span class='ocrx_word' id='word_1_760' title='bbox 1097 2057 1186 2093; x_wconf 77' lang='lat' dir='ltr'><strong>Neque</strong></span> <span class='ocrx_word' id='word_1_761' title='bbox 1205 2057 1253 2085; x_wconf 84' lang='lat' dir='ltr'><strong>hoc</strong></span> <span class='ocrx_word' id='word_1_762' title='bbox 1270 2066 1348 2090; x_wconf 80' lang='lat' dir='ltr'><strong>noue;</strong></span> <span class='ocrx_word' id='word_1_763' title='bbox 1365 2066 1381 2084; x_wconf 90' lang='lat' dir='ltr'><strong>a</strong></span> <span class='ocrx_word' id='word_1_764' title='bbox 1397 2058 1486 2085; x_wconf 87' lang='lat' dir='ltr'><strong>multis</strong></span> <span class='ocrx_word' id='word_1_765' title='bbox 1497 2059 1566 2086; x_wconf 77' lang='lat' dir='ltr'><strong>enim</strong></span> <span class='ocrx_word' id='word_1_766' title='bbox 1578 2059 1735 2092; x_wconf 76' lang='lat' dir='ltr'><strong>temporibus</strong></span> <span class='ocrx_word' id='word_1_767' title='bbox 1749 2059 1781 2087; x_wconf 78' lang='lat' dir='ltr'><strong>de</strong></span> 
     </span>
    </p>
   </div>
   <div class='ocr_carea' id='block_1_107' title="bbox 994 2092 1779 2128">
    <p class='ocr_par' dir='ltr' id='par_1_107' title="bbox 994 2092 1779 2128">
     <span class='ocr_line' id='line_1_110' title="bbox 994 2092 1779 2128; baseline 0.001 -9"><span class='ocrx_word' id='word_1_768' title='bbox 994 2092 1120 2128; x_wconf 84' lang='lat' dir='ltr'><strong>episcopis</strong></span> <span class='ocrx_word' id='word_1_769' title='bbox 1135 2099 1159 2120; x_wconf 89' lang='lat' dir='ltr'><strong>et</strong></span> <span class='ocrx_word' id='word_1_770' title='bbox 1170 2093 1288 2120; x_wconf 86' lang='lat' dir='ltr'><strong>diaconis</strong></span> <span class='ocrx_word' id='word_1_771' title='bbox 1300 2094 1434 2128; x_wconf 73' lang='lat' dir='ltr'><strong>scripturn</strong></span> <span class='ocrx_word' id='word_1_772' title='bbox 1446 2093 1543 2127; x_wconf 81' lang='lat' dir='ltr'><strong>fuerat.</strong></span> <span class='ocrx_word' id='word_1_773' title='bbox 1558 2092 1602 2120; x_wconf 88' lang='lat' dir='ltr'><strong>Sic</strong></span> <span class='ocrx_word' id='word_1_774' title='bbox 1618 2094 1686 2120; x_wconf 84' lang='lat' dir='ltr'><strong>enim</strong></span> <span class='ocrx_word' id='word_1_775' title='bbox 1702 2094 1779 2121; x_wconf 86' lang='lat' dir='ltr'><strong>Scri-</strong></span> 
     </span>
    </p>
   </div>
   <div class='ocr_carea' id='block_1_108' title="bbox 993 2127 1779 2163">
    <p class='ocr_par' dir='ltr' id='par_1_108' title="bbox 993 2127 1779 2163">
     <span class='ocr_line' id='line_1_111' title="bbox 993 2127 1779 2163; baseline 0.003 -9"><span class='ocrx_word' id='word_1_776' title='bbox 993 2132 1073 2162; x_wconf 81' lang='lat' dir='ltr'><strong>ptura</strong></span> <span class='ocrx_word' id='word_1_777' title='bbox 1092 2128 1190 2155; x_wconf 76' lang='lat' dir='ltr'><strong>alicubi</strong></span> <span class='ocrx_word' id='word_1_778' title='bbox 1210 2128 1290 2155; x_wconf 77' lang='lat' dir='ltr'><strong>Isaia&#39;</strong></span> <span class='ocrx_word' id='word_1_779' title='bbox 1300 2133 1345 2159; x_wconf 70' lang='lat' dir='ltr'><strong>1.x,</strong></span> <span class='ocrx_word' id='word_1_780' title='bbox 1358 2128 1401 2158; x_wconf 84' lang='grc'><strong>17,</strong></span> <span class='ocrx_word' id='word_1_781' title='bbox 1417 2127 1502 2154; x_wconf 84' lang='lat' dir='ltr'><strong>dicit:</strong></span> <span class='ocrx_word' id='word_1_782' title='bbox 1518 2138 1527 2153; x_wconf 73' lang='grc' dir='ltr'>ι</span> <span class='ocrx_word' id='word_1_783' title='bbox 1545 2128 1713 2155; x_wconf 84' lang='lat' dir='ltr'><strong>Coustituam</strong></span> <span class='ocrx_word' id='word_1_784' title='bbox 1725 2131 1779 2163; x_wconf 75' lang='lat' dir='ltr'><strong>epi-</strong></span> 
     </span>
    </p>
   </div>
   <div class='ocr_carea' id='block_1_109' title="bbox 994 2162 1776 2198">
    <p class='ocr_par' dir='ltr' id='par_1_109' title="bbox 994 2162 1776 2198">
     <span class='ocr_line' id='line_1_112' title="bbox 994 2162 1776 2198; baseline 0.005 -10"><span class='ocrx_word' id='word_1_785' title='bbox 994 2170 1085 2198; x_wconf 74' lang='lat' dir='ltr'><strong>scopos</strong></span> <span class='ocrx_word' id='word_1_786' title='bbox 1099 2171 1189 2190; x_wconf 86' lang='lat' dir='ltr'><strong>eorum</strong></span> <span class='ocrx_word' id='word_1_787' title='bbox 1202 2164 1230 2190; x_wconf 80' lang='lat' dir='ltr'><strong>in</strong></span> <span class='ocrx_word' id='word_1_788' title='bbox 1238 2164 1356 2197; x_wconf 85' lang='lat' dir='ltr'><strong>justitia,</strong></span> <span class='ocrx_word' id='word_1_789' title='bbox 1369 2167 1394 2189; x_wconf 85' lang='lat' dir='ltr'><strong>ct</strong></span> <span class='ocrx_word' id='word_1_790' title='bbox 1404 2162 1529 2190; x_wconf 73' lang='lat' dir='ltr'><strong>diaconos</strong></span> <span class='ocrx_word' id='word_1_791' title='bbox 1548 2171 1636 2198; x_wconf 75' lang='lat' dir='ltr'><strong>eorum</strong></span> <span class='ocrx_word' id='word_1_792' title='bbox 1649 2164 1676 2190; x_wconf 89' lang='lat' dir='ltr'><strong>in</strong></span> <span class='ocrx_word' id='word_1_793' title='bbox 1688 2162 1749 2198; x_wconf 71' lang='lat' dir='ltr'><strong>fide.</strong></span> <span class='ocrx_word' id='word_1_794' title='bbox 1766 2175 1776 2191; x_wconf 73' lang='grc' dir='ltr'>ι</span> 
     </span>
    </p>
   </div>
   <div class='ocr_carea' id='block_1_110' title="bbox 995 2197 1780 2234">
    <p class='ocr_par' dir='ltr' id='par_1_110' title="bbox 995 2197 1780 2234">
     <span class='ocr_line' id='line_1_113' title="bbox 995 2197 1780 2234; baseline 0.004 -10"><span class='ocrx_word' id='word_1_795' title='bbox 995 2197 1099 2234; x_wconf 75' lang='lat' dir='ltr'><strong>§imilis</strong></span> <span class='ocrx_word' id='word_1_796' title='bbox 1120 2202 1163 2226; x_wconf 89' lang='lat' dir='ltr'><strong>est</strong></span> <span class='ocrx_word' id='word_1_797' title='bbox 1187 2198 1470 2234; x_wconf 59' lang='lat' dir='ltr'><strong>ChrysostOInijibro</strong></span> <span class='ocrx_word' id='word_1_798' title='bbox 1491 2198 1568 2234; x_wconf 79' lang='lat' dir='ltr'><strong>Quod</strong></span> <span class='ocrx_word' id='word_1_799' title='bbox 1576 2233 1579 2234; x_wconf 22' lang='grc' dir='ltr'><em>ν</em></span> <span class='ocrx_word' id='word_1_800' title='bbox 1594 2197 1717 2234; x_wconf 62' lang='lat' dir='ltr'><strong>Christus</strong></span> <span class='ocrx_word' id='word_1_801' title='bbox 1744 2201 1780 2227; x_wconf 85' lang='lat' dir='ltr'><strong>sit</strong></span> 
     </span>
    </p>
   </div>
   <div class='ocr_carea' id='block_1_111' title="bbox 995 2232 1776 2267">
    <p class='ocr_par' dir='ltr' id='par_1_111' title="bbox 995 2232 1776 2267">
     <span class='ocr_line' id='line_1_114' title="bbox 995 2232 1776 2267; baseline 0.004 -8"><span class='ocrx_word' id='word_1_802' title='bbox 995 2232 1077 2265; x_wconf 71' lang='lat' dir='ltr'><strong>Deus,</strong></span> <span class='ocrx_word' id='word_1_803' title='bbox 1094 2239 1160 2261; x_wconf 88' lang='lat' dir='ltr'><strong>tom.</strong></span> <span class='ocrx_word' id='word_1_804' title='bbox 1174 2233 1207 2265; x_wconf 76' lang='grc' dir='ltr'><strong>ν,</strong></span> <span class='ocrx_word' id='word_1_805' title='bbox 1224 2232 1250 2260; x_wconf 68' lang='lat' dir='ltr'><strong>c.</strong></span> <span class='ocrx_word' id='word_1_806' title='bbox 1266 2233 1292 2265; x_wconf 86' lang='lat' dir='ltr'><strong>&#39;I,</strong></span> <span class='ocrx_word' id='word_1_807' title='bbox 1309 2241 1335 2267; x_wconf 88' lang='lat' dir='ltr'><strong>p.</strong></span> <span class='ocrx_word' id='word_1_808' title='bbox 1353 2232 1581 2267; x_wconf 79' lang='lat' dir='ltr'><strong>757,hujusmodi</strong></span> <span class='ocrx_word' id='word_1_809' title='bbox 1603 2233 1776 2263; x_wconf 87' lang='lat' dir='ltr'><strong>observatio:</strong></span> 
     </span>
    </p>
   </div>
   <div class='ocr_carea' id='block_1_112' title="bbox 997 2267 1779 2303">
    <p class='ocr_par' dir='ltr' id='par_1_112' title="bbox 997 2267 1779 2303">
     <span class='ocr_line' id='line_1_115' title="bbox 997 2267 1779 2303; baseline 0.003 -8"><span class='ocrx_word' id='word_1_810' title='bbox 997 2267 1031 2294; x_wconf 83' lang='lat' dir='ltr'><strong>Et</strong></span> <span class='ocrx_word' id='word_1_811' title='bbox 1043 2277 1123 2303; x_wconf 73' lang='lat' dir='ltr'><strong>neque</strong></span> <span class='ocrx_word' id='word_1_812' title='bbox 1135 2269 1221 2303; x_wconf 83' lang='lat' dir='ltr'><strong>ipsum</strong></span> <span class='ocrx_word' id='word_1_813' title='bbox 1236 2268 1402 2295; x_wconf 71' lang='lat' dir='ltr'><strong>sacerdotum</strong></span> <span class='ocrx_word' id='word_1_814' title='bbox 1414 2276 1517 2303; x_wconf 76' lang='lat' dir='ltr'><strong>nomen,</strong></span> <span class='ocrx_word' id='word_1_815' title='bbox 1534 2276 1713 2303; x_wconf 76' lang='lat' dir='ltr'><strong>episcoporum</strong></span> <span class='ocrx_word' id='word_1_816' title='bbox 1731 2279 1779 2297; x_wconf 87' lang='lat' dir='ltr'><strong>no-</strong></span> 
     </span>
    </p>
   </div>
   <div class='ocr_carea' id='block_1_113' title="bbox 956 2302 1779 2339">
    <p class='ocr_par' dir='ltr' id='par_1_113' title="bbox 956 2302 1779 2339">
     <span class='ocr_line' id='line_1_116' title="bbox 956 2302 1779 2339; baseline 0.005 -10"><span class='ocrx_word' id='word_1_817' title='bbox 956 2302 978 2330; x_wconf 88' lang='lat' dir='ltr'><strong>D</strong></span> <span class='ocrx_word' id='word_1_818' title='bbox 992 2311 1050 2330; x_wconf 72' lang='lat' dir='ltr'><strong>men</strong></span> <span class='ocrx_word' id='word_1_819' title='bbox 1056 2302 1124 2335; x_wconf 83' lang='lat' dir='ltr'><strong>dico,</strong></span> <span class='ocrx_word' id='word_1_820' title='bbox 1137 2302 1245 2330; x_wconf 77' lang='lat' dir='ltr'><strong>obticuit</strong></span> <span class='ocrx_word' id='word_1_821' title='bbox 1259 2306 1347 2339; x_wconf 81' lang='lat' dir='ltr'><strong>(vetus</strong></span> <span class='ocrx_word' id='word_1_822' title='bbox 1360 2303 1425 2338; x_wconf 85' lang='lat' dir='ltr'><strong>lex);</strong></span> <span class='ocrx_word' id='word_1_823' title='bbox 1436 2313 1445 2329; x_wconf 75' lang='grc' dir='ltr'><strong><em>ι</em></strong></span> <span class='ocrx_word' id='word_1_824' title='bbox 1456 2302 1623 2332; x_wconf 76' lang='lat' dir='ltr'><strong>Constituam</strong></span> <span class='ocrx_word' id='word_1_825' title='bbox 1630 2305 1779 2339; x_wconf 83' lang='lat' dir='ltr'><strong>cnimprin-</strong></span> 
     </span>
    </p>
   </div>
   <div class='ocr_carea' id='block_1_114' title="bbox 991 2338 1776 2402">
    <p class='ocr_par' dir='ltr' id='par_1_114' title="bbox 991 2338 1776 2402">
     <span class='ocr_line' id='line_1_117' title="bbox 992 2338 1776 2374; baseline 0.004 -9"><span class='ocrx_word' id='word_1_826' title='bbox 992 2339 1060 2373; x_wconf 67' lang='lat' dir='ltr'><strong>cipe:</strong></span> <span class='ocrx_word' id='word_1_827' title='bbox 1076 2344 1133 2366; x_wconf 86' lang='lat' dir='ltr'><strong>tuos</strong></span> <span class='ocrx_word' id='word_1_828' title='bbox 1139 2340 1166 2365; x_wconf 88' lang='lat' dir='ltr'><strong>in</strong></span> <span class='ocrx_word' id='word_1_829' title='bbox 1173 2347 1236 2373; x_wconf 86' lang='lat' dir='ltr'><strong>pace</strong></span> <span class='ocrx_word' id='word_1_830' title='bbox 1247 2338 1339 2370; x_wconf 70' lang='lat' dir='ltr'><strong>rdicit,</strong></span> <span class='ocrx_word' id='word_1_831' title='bbox 1348 2348 1358 2364; x_wconf 84' lang='grc'><strong><em>‹</em></strong></span> <span class='ocrx_word' id='word_1_832' title='bbox 1368 2343 1392 2365; x_wconf 83' lang='lat' dir='ltr'><strong>et</strong></span> <span class='ocrx_word' id='word_1_833' title='bbox 1403 2340 1534 2374; x_wconf 78' lang='lat' dir='ltr'><strong>episcopos</strong></span> <span class='ocrx_word' id='word_1_834' title='bbox 1541 2344 1599 2367; x_wconf 76' lang='lat' dir='ltr'><strong>tuos</strong></span> <span class='ocrx_word' id='word_1_835' title='bbox 1606 2341 1633 2366; x_wconf 88' lang='lat' dir='ltr'><strong>in</strong></span> <span class='ocrx_word' id='word_1_836' title='bbox 1634 2338 1753 2374; x_wconf 80' lang='lat' dir='ltr'><strong>justitia.</strong></span> <span class='ocrx_word' id='word_1_837' title='bbox 1765 2351 1776 2368; x_wconf 71' lang='grc' dir='ltr'><strong><em>ι</em></strong></span> 
     </span>
     <span class='ocr_line' id='line_1_118' title="bbox 991 2373 1776 2402; baseline 0.003 -2"><span class='ocrx_word' id='word_1_838' title='bbox 991 2373 1126 2401; x_wconf 77' lang='lat' dir='ltr'><strong>Nimirum</strong></span> <span class='ocrx_word' id='word_1_839' title='bbox 1153 2374 1248 2401; x_wconf 71' lang='lat' dir='ltr'><strong>Graece</strong></span> <span class='ocrx_word' id='word_1_840' title='bbox 1262 2374 1333 2402; x_wconf 79' lang='lat' dir='ltr'><strong>apud</strong></span> <span class='ocrx_word' id='word_1_841' title='bbox 1358 2373 1453 2401; x_wconf 86' lang='lat' dir='ltr'><strong>Isaiam</strong></span> <span class='ocrx_word' id='word_1_842' title='bbox 1469 2375 1590 2402; x_wconf 69' lang='lat' dir='ltr'><strong>letterat:</strong></span> <span class='ocrx_word' id='word_1_843' title='bbox 1606 2375 1776 2402; x_wconf 76' lang='grc' dir='ltr'><strong>Καταστήσω</strong></span> 
     </span>
    </p>
   </div>
   <div class='ocr_carea' id='block_1_115' title="bbox 991 2377 1778 2471">
    <p class='ocr_par' dir='ltr' id='par_1_115' title="bbox 991 2377 1778 2471">
     <span class='ocr_line' id='line_1_119' title="bbox 991 2377 1778 2411; baseline 0.001 -10"><span class='ocrx_word' id='word_1_844' title='bbox 991 2377 1126 2401; x_wconf 73' lang='lat' dir='ltr'><strong>Nimirum</strong></span> <span class='ocrx_word' id='word_1_845' title='bbox 1153 2377 1248 2401; x_wconf 75' lang='lat' dir='ltr'><strong>Graece</strong></span> <span class='ocrx_word' id='word_1_846' title='bbox 1262 2377 1333 2408; x_wconf 86' lang='lat' dir='ltr'><strong>apud</strong></span> <span class='ocrx_word' id='word_1_847' title='bbox 1358 2377 1453 2401; x_wconf 86' lang='lat' dir='ltr'><strong>Isaiam</strong></span> <span class='ocrx_word' id='word_1_848' title='bbox 1470 2377 1590 2410; x_wconf 74' lang='lat' dir='ltr'><strong>legerat:</strong></span> <span class='ocrx_word' id='word_1_849' title='bbox 1606 2377 1778 2411; x_wconf 75' lang='grc' dir='ltr'><strong>Καταστήσω</strong></span> 
     </span>
     <span class='ocr_line' id='line_1_120' title="bbox 991 2409 1778 2471; baseline 0.001 -35"><span class='ocrx_word' id='word_1_850' title='bbox 991 2409 1046 2445; x_wconf 82' lang='grc' dir='ltr'><strong>γὰρ</strong></span> <span class='ocrx_word' id='word_1_851' title='bbox 1067 2410 1130 2441; x_wconf 85' lang='grc' dir='ltr'>τοὺς</span> <span class='ocrx_word' id='word_1_852' title='bbox 1153 2409 1285 2471; x_wconf 58' lang='grc' dir='ltr'><strong>ἄρξον-τάς</strong></span> <span class='ocrx_word' id='word_1_853' title='bbox 1311 2418 1357 2453; x_wconf 48' lang='grc' dir='ltr'>σοι)</span> <span class='ocrx_word' id='word_1_854' title='bbox 1384 2410 1412 2436; x_wconf 82' lang='grc' dir='ltr'><strong>ἐν</strong></span> <span class='ocrx_word' id='word_1_855' title='bbox 1430 2410 1535 2445; x_wconf 74' lang='grc' dir='ltr'><strong>εἰρήνῃ,</strong></span> <span class='ocrx_word' id='word_1_856' title='bbox 1555 2410 1602 2437; x_wconf 74' lang='grc' dir='ltr'><strong>καὶ</strong></span> <span class='ocrx_word' id='word_1_857' title='bbox 1626 2411 1689 2442; x_wconf 77' lang='grc' dir='ltr'><strong>τοὺς</strong></span> <span class='ocrx_word' id='word_1_858' title='bbox 1716 2411 1778 2437; x_wconf 75' lang='grc' dir='ltr'><strong>ἑπι-</strong></span> 
     </span>
     <span class='ocr_line' id='line_1_121' title="bbox 993 2444 1777 2471; baseline 0 0"><span class='ocrx_word' id='word_1_859' title='bbox 993 2444 1108 2471; x_wconf 75' lang='grc' dir='ltr'><strong>σχὸπουε</strong></span> <span class='ocrx_word' id='word_1_860' title='bbox 1130 2453 1176 2471; x_wconf 78' lang='grc' dir='ltr'>σου</span> <span class='ocrx_word' id='word_1_861' title='bbox 1206 2454 1220 2471; x_wconf 87' lang='grc' dir='ltr'><strong><em>ν</em></strong></span> <span class='ocrx_word' id='word_1_862' title='bbox 1238 2445 1403 2471; x_wconf 80' lang='grc' dir='ltr'><strong>δικαιοσυνη.</strong></span> <span class='ocrx_word' id='word_1_863' title='bbox 1426 2444 1480 2471; x_wconf 87' lang='lat' dir='ltr'><strong>Pro</strong></span> <span class='ocrx_word' id='word_1_864' title='bbox 1496 2446 1580 2471; x_wconf 85' lang='lat' dir='ltr'><strong>verbo</strong></span> <span class='ocrx_word' id='word_1_865' title='bbox 1597 2446 1777 2471; x_wconf 75' lang='grc' dir='ltr'><strong>καταστήσω.</strong></span> 
     </span>
    </p>
   </div>
   <div class='ocr_carea' id='block_1_116' title="bbox 993 2444 1777 2481">
    <p class='ocr_par' dir='ltr' id='par_1_116' title="bbox 993 2444 1777 2481">
     <span class='ocr_line' id='line_1_122' title="bbox 993 2444 1777 2481; baseline 0.001 -10"><span class='ocrx_word' id='word_1_866' title='bbox 993 2444 1108 2476; x_wconf 80' lang='grc' dir='ltr'><strong>σχὸπους</strong></span> <span class='ocrx_word' id='word_1_867' title='bbox 1130 2444 1403 2481; x_wconf 23' lang='grc' dir='ltr'><strong>σουῗξγγβικαιοσρνῃ.</strong></span> <span class='ocrx_word' id='word_1_868' title='bbox 1426 2444 1480 2472; x_wconf 84' lang='lat' dir='ltr'><strong>Pro</strong></span> <span class='ocrx_word' id='word_1_869' title='bbox 1496 2444 1580 2479; x_wconf 77' lang='lat' dir='ltr'><strong>verbo</strong></span> <span class='ocrx_word' id='word_1_870' title='bbox 1597 2446 1777 2481; x_wconf 64' lang='grc' dir='ltr'><strong>κατᾳστήσω,</strong></span> 
     </span>
    </p>
   </div>
   <div class='ocr_carea' id='block_1_117' title="bbox 992 2479 1788 2515">
    <p class='ocr_par' dir='ltr' id='par_1_117' title="bbox 992 2479 1788 2515">
     <span class='ocr_line' id='line_1_123' title="bbox 992 2479 1788 2515; baseline 0.003 -9"><span class='ocrx_word' id='word_1_871' title='bbox 992 2484 1082 2507; x_wconf 83' lang='lat' dir='ltr'><strong>exstat</strong></span> <span class='ocrx_word' id='word_1_872' title='bbox 1093 2481 1163 2515; x_wconf 86' lang='lat' dir='ltr'><strong>apud</strong></span> <span class='ocrx_word' id='word_1_873' title='bbox 1178 2479 1248 2507; x_wconf 75' lang='lat' dir='ltr'><strong>LXX</strong></span> <span class='ocrx_word' id='word_1_874' title='bbox 1258 2481 1306 2507; x_wconf 77' lang='grc' dir='ltr'><strong>καὶ</strong></span> <span class='ocrx_word' id='word_1_875' title='bbox 1320 2479 1397 2507; x_wconf 81' lang='grc' dir='ltr'><strong>δὼσὼ</strong></span> <span class='ocrx_word' id='word_1_876' title='bbox 1410 2488 1417 2512; x_wconf 89' lang='grc'>;</span> <span class='ocrx_word' id='word_1_877' title='bbox 1433 2487 1502 2514; x_wconf 90' lang='lat' dir='ltr'><strong>quos</strong></span> <span class='ocrx_word' id='word_1_878' title='bbox 1516 2484 1628 2508; x_wconf 84' lang='lat' dir='ltr'><strong>secutus</strong></span> <span class='ocrx_word' id='word_1_879' title='bbox 1647 2479 1788 2512; x_wconf 41' lang='lat' dir='ltr'><strong>Iron-(eus...</strong></span> 
     </span>
    </p>
   </div>
   <div class='ocr_carea' id='block_1_118' title="bbox 992 2515 1778 2550">
    <p class='ocr_par' dir='ltr' id='par_1_118' title="bbox 992 2515 1778 2550">
     <span class='ocr_line' id='line_1_124' title="bbox 992 2515 1778 2550; baseline -0.001 -8"><span class='ocrx_word' id='word_1_880' title='bbox 992 2515 1041 2542; x_wconf 91' lang='lat' dir='ltr'><strong>lib.</strong></span> <span class='ocrx_word' id='word_1_881' title='bbox 1056 2524 1092 2547; x_wconf 85' lang='lat' dir='ltr'><strong>Iv.</strong></span> <span class='ocrx_word' id='word_1_882' title='bbox 1107 2523 1132 2542; x_wconf 91' lang='lat' dir='ltr'><strong>c.</strong></span> <span class='ocrx_word' id='word_1_883' title='bbox 1148 2516 1193 2546; x_wconf 68' lang='grc'><strong>44.</strong></span> <span class='ocrx_word' id='word_1_884' title='bbox 1212 2515 1310 2543; x_wconf 88' lang='lat' dir='ltr'><strong>scribit</strong></span> <span class='ocrx_word' id='word_1_885' title='bbox 1325 2525 1330 2542; x_wconf 93' lang='lat'>:</span> <span class='ocrx_word' id='word_1_886' title='bbox 1351 2515 1428 2543; x_wconf 72' lang='lat' dir='ltr'><strong>Tales</strong></span> <span class='ocrx_word' id='word_1_887' title='bbox 1440 2515 1701 2550; x_wconf 25' lang='lat' dir='ltr'><strong>presbyteros‘nutrit</strong></span> <span class='ocrx_word' id='word_1_888' title='bbox 1725 2515 1778 2542; x_wconf 82' lang='lat' dir='ltr'><strong>Ec-</strong></span> 
     </span>
    </p>
   </div>
   <div class='ocr_carea' id='block_1_119' title="bbox 992 2548 1778 2586">
    <p class='ocr_par' dir='ltr' id='par_1_119' title="bbox 992 2548 1778 2586">
     <span class='ocr_line' id='line_1_125' title="bbox 992 2548 1778 2586; baseline 0 -9"><span class='ocrx_word' id='word_1_889' title='bbox 992 2549 1083 2582; x_wconf 74' lang='lat' dir='ltr'><strong>clesia,</strong></span> <span class='ocrx_word' id='word_1_890' title='bbox 1096 2550 1128 2577; x_wconf 88' lang='lat' dir='ltr'><strong>de</strong></span> <span class='ocrx_word' id='word_1_891' title='bbox 1142 2551 1235 2586; x_wconf 79' lang='lat' dir='ltr'><strong>quibus</strong></span> <span class='ocrx_word' id='word_1_892' title='bbox 1251 2555 1275 2578; x_wconf 78' lang='lat' dir='ltr'><strong>et</strong></span> <span class='ocrx_word' id='word_1_893' title='bbox 1291 2550 1416 2585; x_wconf 83' lang='lat' dir='ltr'><strong>prop/tcta</strong></span> <span class='ocrx_word' id='word_1_894' title='bbox 1428 2548 1465 2577; x_wconf 79' lang='lat' dir='ltr'><strong>ait</strong></span> <span class='ocrx_word' id='word_1_895' title='bbox 1478 2561 1488 2579; x_wconf 89' lang='lat'><strong><em>:</em></strong></span> <span class='ocrx_word' id='word_1_896' title='bbox 1505 2548 1525 2575; x_wconf 62' lang='grc' dir='ltr'><strong><em>ί</em></strong></span> <span class='ocrx_word' id='word_1_897' title='bbox 1536 2549 1571 2586; x_wconf 75' lang='grc' dir='ltr'><strong>Ει</strong></span> <span class='ocrx_word' id='word_1_898' title='bbox 1596 2548 1664 2586; x_wconf 82' lang='lat' dir='ltr'><strong>dabo</strong></span> <span class='ocrx_word' id='word_1_899' title='bbox 1675 2551 1778 2585; x_wconf 82' lang='lat' dir='ltr'><strong>princi-</strong></span> 
     </span>
    </p>
   </div>
   <div class='ocr_carea' id='block_1_120' title="bbox 992 2585 1792 2621">
    <p class='ocr_par' dir='ltr' id='par_1_120' title="bbox 992 2585 1792 2621">
     <span class='ocr_line' id='line_1_126' title="bbox 992 2585 1792 2621; baseline 0 -10"><span class='ocrx_word' id='word_1_900' title='bbox 992 2593 1036 2620; x_wconf 83' lang='lat' dir='ltr'><strong>pes</strong></span> <span class='ocrx_word' id='word_1_901' title='bbox 1051 2591 1108 2612; x_wconf 87' lang='lat' dir='ltr'><strong>tuos</strong></span> <span class='ocrx_word' id='word_1_902' title='bbox 1124 2585 1153 2613; x_wconf 81' lang='lat' dir='ltr'><strong>in</strong></span> <span class='ocrx_word' id='word_1_903' title='bbox 1161 2594 1234 2621; x_wconf 83' lang='lat' dir='ltr'><strong>pace,</strong></span> <span class='ocrx_word' id='word_1_904' title='bbox 1244 2591 1268 2613; x_wconf 84' lang='lat' dir='ltr'><strong>et</strong></span> <span class='ocrx_word' id='word_1_905' title='bbox 1283 2586 1416 2620; x_wconf 79' lang='lat' dir='ltr'><strong>episcopos</strong></span> <span class='ocrx_word' id='word_1_906' title='bbox 1433 2592 1490 2613; x_wconf 80' lang='lat' dir='ltr'><strong>tuos</strong></span> <span class='ocrx_word' id='word_1_907' title='bbox 1506 2586 1533 2612; x_wconf 83' lang='lat' dir='ltr'><strong>in</strong></span> <span class='ocrx_word' id='word_1_908' title='bbox 1547 2585 1665 2619; x_wconf 76' lang='lat' dir='ltr'><strong>justitia.</strong></span> <span class='ocrx_word' id='word_1_909' title='bbox 1687 2595 1696 2611; x_wconf 85' lang='lat' dir='ltr'><strong>I</strong></span> <span class='ocrx_word' id='word_1_910' title='bbox 1716 2586 1777 2619; x_wconf 86' lang='lat' dir='ltr'><strong>Quo</strong></span> <span class='ocrx_word' id='word_1_911' title='bbox 1790 2608 1792 2611; x_wconf 78' lang='lat'>,</span> 
     </span>
    </p>
   </div>
   <div class='ocr_carea' id='block_1_121' title="bbox 992 2620 1776 2657">
    <p class='ocr_par' dir='ltr' id='par_1_121' title="bbox 992 2620 1776 2657">
     <span class='ocr_line' id='line_1_127' title="bbox 992 2620 1776 2657; baseline 0.004 -11"><span class='ocrx_word' id='word_1_912' title='bbox 992 2622 1023 2647; x_wconf 86' lang='lat' dir='ltr'><strong>in</strong></span> <span class='ocrx_word' id='word_1_913' title='bbox 1052 2622 1112 2648; x_wconf 88' lang='lat' dir='ltr'><strong>loco</strong></span> <span class='ocrx_word' id='word_1_914' title='bbox 1134 2620 1252 2649; x_wconf 78' lang='lat' dir='ltr'><strong>tremens</strong></span> <span class='ocrx_word' id='word_1_915' title='bbox 1274 2620 1425 2657; x_wconf 86' lang='lat' dir='ltr'><strong>presbyteri</strong></span> <span class='ocrx_word' id='word_1_916' title='bbox 1447 2621 1623 2657; x_wconf 76' lang='lat' dir='ltr'><strong>episcopique</strong></span> <span class='ocrx_word' id='word_1_917' title='bbox 1644 2622 1776 2649; x_wconf 84' lang='lat' dir='ltr'><strong>vocabula</strong></span> 
     </span>
    </p>
   </div>
   <div class='ocr_carea' id='block_1_122' title="bbox 992 2656 1586 2692">
    <p class='ocr_par' dir='ltr' id='par_1_122' title="bbox 992 2656 1586 2692">
     <span class='ocr_line' id='line_1_128' title="bbox 992 2656 1586 2692; baseline 0.002 -9"><span class='ocrx_word' id='word_1_918' title='bbox 992 2657 1147 2692; x_wconf 80' lang='lat' dir='ltr'><strong>promiscue</strong></span> <span class='ocrx_word' id='word_1_919' title='bbox 1159 2657 1268 2692; x_wconf 83' lang='lat' dir='ltr'><strong>accipit,</strong></span> <span class='ocrx_word' id='word_1_920' title='bbox 1283 2664 1316 2683; x_wconf 87' lang='lat' dir='ltr'><strong>ac</strong></span> <span class='ocrx_word' id='word_1_921' title='bbox 1329 2656 1482 2692; x_wconf 69' lang='lat' dir='ltr'><strong>synonyma</strong></span> <span class='ocrx_word' id='word_1_922' title='bbox 1496 2656 1586 2684; x_wconf 84' lang='lat' dir='ltr'><strong>habet.</strong></span> 
     </span>
    </p>
   </div>
   <div class='ocr_carea' id='block_1_123' title="bbox 1039 2690 1494 2727">
    <p class='ocr_par' dir='ltr' id='par_1_123' title="bbox 1039 2690 1494 2727">
     <span class='ocr_line' id='line_1_129' title="bbox 1039 2690 1494 2727; baseline 0.002 -9"><span class='ocrx_word' id='word_1_923' title='bbox 1039 2691 1083 2727; x_wconf 85' lang='lat'><strong>69)</strong></span> <span class='ocrx_word' id='word_1_924' title='bbox 1098 2691 1184 2727; x_wconf 83' lang='lat' dir='ltr'><strong>Clem.</strong></span> <span class='ocrx_word' id='word_1_925' title='bbox 1201 2690 1291 2724; x_wconf 79' lang='lat' dir='ltr'><strong>Rom.,</strong></span> <span class='ocrx_word' id='word_1_926' title='bbox 1307 2690 1352 2727; x_wconf 68' lang='lat' dir='ltr'><strong>ep.</strong></span> <span class='ocrx_word' id='word_1_927' title='bbox 1366 2692 1392 2722; x_wconf 81' lang='grc'><strong>1,</strong></span> <span class='ocrx_word' id='word_1_928' title='bbox 1405 2690 1433 2719; x_wconf 66' lang='grc' dir='ltr'><strong>η’.</strong></span> <span class='ocrx_word' id='word_1_929' title='bbox 1449 2690 1494 2719; x_wconf 71' lang='grc'><strong>25.</strong></span> 
     </span>
    </p>
   </div>
   <div class='ocr_carea' id='block_1_124' title="bbox 1039 2726 1390 2762">
    <p class='ocr_par' dir='ltr' id='par_1_124' title="bbox 1039 2726 1390 2762">
     <span class='ocr_line' id='line_1_130' title="bbox 1039 2726 1390 2762; baseline 0 -9"><span class='ocrx_word' id='word_1_930' title='bbox 1039 2727 1082 2760; x_wconf 90' lang='grc'>70)</span> <span class='ocrx_word' id='word_1_931' title='bbox 1096 2726 1179 2759; x_wconf 89' lang='lat' dir='ltr'><strong>Idem,</strong></span> <span class='ocrx_word' id='word_1_932' title='bbox 1195 2726 1331 2762; x_wconf 38' lang='grc' dir='ltr'><strong>(ζμ-ειη.</strong></span> <span class='ocrx_word' id='word_1_933' title='bbox 1347 2727 1390 2754; x_wconf 86' lang='grc'><strong>11.</strong></span> 
     </span>
    </p>
   </div>
   <div class='ocr_carea' id='block_1_125' title="bbox 1040 2760 1775 2800">
    <p class='ocr_par' dir='ltr' id='par_1_125' title="bbox 1040 2760 1775 2800">
     <span class='ocr_line' id='line_1_131' title="bbox 1040 2760 1775 2800; baseline 0.004 -13"><span class='ocrx_word' id='word_1_934' title='bbox 1040 2762 1082 2797; x_wconf 89' lang='grc'><strong>71)</strong></span> <span class='ocrx_word' id='word_1_935' title='bbox 1098 2760 1221 2800; x_wconf 70' lang='lat' dir='ltr'><strong>Consule</strong></span> <span class='ocrx_word' id='word_1_936' title='bbox 1233 2760 1364 2800; x_wconf 48' lang='grc' dir='ltr'><strong>⁸Ιεεῃτέιὶν,</strong></span> <span class='ocrx_word' id='word_1_937' title='bbox 1378 2761 1553 2800; x_wconf 69' lang='lat' dir='ltr'><strong>_l9;F_Jccl_es.</strong></span> <span class='ocrx_word' id='word_1_938' title='bbox 1574 2768 1602 2794; x_wconf 84' lang='lat' dir='ltr'><strong>v,</strong></span> <span class='ocrx_word' id='word_1_939' title='bbox 1623 2762 1635 2789; x_wconf 86' lang='grc'><strong>1</strong></span> <span class='ocrx_word' id='word_1_940' title='bbox 1656 2766 1683 2790; x_wconf 90' lang='lat' dir='ltr'><strong>et</strong></span> <span class='ocrx_word' id='word_1_941' title='bbox 1698 2771 1775 2800; x_wconf 70' lang='lat' dir='ltr'><strong>seq,;</strong></span> 
     </span>
    </p>
   </div>
   <div class='ocr_carea' id='block_1_126' title="bbox 990 2795 1527 2832">
    <p class='ocr_par' dir='ltr' id='par_1_126' title="bbox 990 2795 1527 2832">
     <span class='ocr_line' id='line_1_132' title="bbox 990 2795 1527 2832; baseline 0.002 -8"><span class='ocrx_word' id='word_1_942' title='bbox 990 2795 1048 2824; x_wconf 80' lang='lat' dir='ltr'><strong>Jac.</strong></span> <span class='ocrx_word' id='word_1_943' title='bbox 1063 2795 1081 2827; x_wconf 59' lang='grc' dir='ltr'><strong>ιζ</strong></span> <span class='ocrx_word' id='word_1_944' title='bbox 1098 2798 1125 2826; x_wconf 85' lang='lat'><strong>8.</strong></span> <span class='ocrx_word' id='word_1_945' title='bbox 1137 2801 1164 2825; x_wconf 90' lang='lat' dir='ltr'><strong>et</strong></span> <span class='ocrx_word' id='word_1_946' title='bbox 1179 2806 1214 2828; x_wconf 78' lang='lat' dir='ltr'><strong>tv.</strong></span> <span class='ocrx_word' id='word_1_947' title='bbox 1230 2797 1263 2832; x_wconf 73' lang='lat'><strong>8;</strong></span> <span class='ocrx_word' id='word_1_948' title='bbox 1277 2795 1299 2822; x_wconf 90' lang='lat' dir='ltr'><strong>ll</strong></span> <span class='ocrx_word' id='word_1_949' title='bbox 1314 2796 1386 2832; x_wconf 83' lang='lat' dir='ltr'><strong>Petri</strong></span> <span class='ocrx_word' id='word_1_950' title='bbox 1398 2804 1438 2828; x_wconf 84' lang='lat' dir='ltr'><strong>Ill.</strong></span> <span class='ocrx_word' id='word_1_951' title='bbox 1454 2797 1481 2828; x_wconf 76' lang='lat'><strong>3,</strong></span> <span class='ocrx_word' id='word_1_952' title='bbox 1499 2798 1527 2825; x_wconf 78' lang='grc'>4.</span> 
     </span>
    </p>
   </div>
   <div class='ocr_carea' id='block_1_127' title="bbox 991 2831 1790 2895">
    <p class='ocr_par' dir='ltr' id='par_1_127' title="bbox 991 2831 1790 2895">
     <span class='ocr_line' id='line_1_133' title="bbox 991 2831 1790 2895; baseline 0.006 -36"><span class='ocrx_word' id='word_1_953' title='bbox 991 2832 1081 2895; x_wconf 70' lang='grc' dir='ltr'><strong>ίὶι(72)</strong></span> <span class='ocrx_word' id='word_1_954' title='bbox 1096 2833 1223 2860; x_wconf 82' lang='lat' dir='ltr'><strong>Clemens</strong></span> <span class='ocrx_word' id='word_1_955' title='bbox 1251 2831 1442 2865; x_wconf 82' lang='lat' dir='ltr'><strong>Alexandrin.,</strong></span> <span class='ocrx_word' id='word_1_956' title='bbox 1466 2833 1512 2861; x_wconf 90' lang='lat' dir='ltr'><strong>lib.</strong></span> <span class='ocrx_word' id='word_1_957' title='bbox 1537 2841 1567 2861; x_wconf 93' lang='lat' dir='ltr'><strong>Ill</strong></span> <span class='ocrx_word' id='word_1_958' title='bbox 1591 2835 1703 2867; x_wconf 86' lang='lat' dir='ltr'><strong>Strom..</strong></span> <span class='ocrx_word' id='word_1_959' title='bbox 1724 2836 1790 2866; x_wconf 67' lang='lat' dir='ltr'><strong>sub.</strong></span> 
     </span>
     <span class='ocr_line' id='line_1_134' title="bbox 1019 2876 1082 2894; baseline -0.016 0"><span class='ocrx_word' id='word_1_960' title='bbox 1019 2876 1082 2894; x_wconf 71' lang='grc'><strong>10111.</strong></span> 
     </span>
    </p>
   </div>
   <div class='ocr_carea' id='block_1_128' title="bbox 1019 2876 1082 2894">
    <p class='ocr_par' dir='ltr' id='par_1_128' title="bbox 1019 2876 1082 2894">
     <span class='ocr_line' id='line_1_135' title="bbox 1019 2876 1082 2894; baseline -0.016 0"><span class='ocrx_word' id='word_1_961' title='bbox 1019 2876 1082 2894; x_wconf 72' lang='lat' dir='ltr'><strong>Icili.</strong></span> 
     </span>
    </p>
   </div>
   <div class='ocr_carea' id='block_1_129' title="bbox 1025 2901 1669 2938">
    <p class='ocr_par' dir='ltr' id='par_1_129' title="bbox 1025 2901 1669 2938">
     <span class='ocr_line' id='line_1_136' title="bbox 1025 2901 1669 2938; baseline 0.006 -9"><span class='ocrx_word' id='word_1_962' title='bbox 1025 2903 1080 2938; x_wconf 75' lang='grc'>(75)</span> <span class='ocrx_word' id='word_1_963' title='bbox 1096 2902 1124 2930; x_wconf 86' lang='lat' dir='ltr'><strong>S.</strong></span> <span class='ocrx_word' id='word_1_964' title='bbox 1141 2902 1227 2931; x_wconf 85' lang='lat' dir='ltr'><strong>Clem.</strong></span> <span class='ocrx_word' id='word_1_965' title='bbox 1243 2901 1335 2934; x_wconf 80' lang='lat' dir='ltr'><strong>Rom.,</strong></span> <span class='ocrx_word' id='word_1_966' title='bbox 1353 2910 1396 2938; x_wconf 82' lang='lat' dir='ltr'><strong>ep.</strong></span> <span class='ocrx_word' id='word_1_967' title='bbox 1413 2902 1442 2935; x_wconf 74' lang='lat'><strong>2.</strong></span> <span class='ocrx_word' id='word_1_968' title='bbox 1458 2911 1485 2931; x_wconf 92' lang='lat' dir='ltr'><strong>n.</strong></span> <span class='ocrx_word' id='word_1_969' title='bbox 1505 2904 1548 2938; x_wconf 75' lang='lat' dir='ltr'><strong>l2,</strong></span> <span class='ocrx_word' id='word_1_970' title='bbox 1564 2905 1591 2933; x_wconf 92' lang='lat' dir='ltr'><strong>in</strong></span> <span class='ocrx_word' id='word_1_971' title='bbox 1608 2905 1669 2933; x_wconf 88' lang='lat' dir='ltr'><strong>line.</strong></span> 
     </span>
    </p>
   </div>
  </div>
