4068 6274
466 434 569 488 179

1561 429 1651 484 AD
1692 429 1749 485 S.
1791 428 2214 486 CLEMENTEM
2255 430 2274 484 Ι
2310 429 2539 486 ΡΑΡΑΜ

3605 442 3713 498 180

540 545 677 601 Usus
698 548 801 616 fuit
846 548 1081 602 versione
1121 545 1274 600 LXX
1317 542 1675 614 interpretum.
1705 580 1773 589 —
1801 546 2036 603 Sanctus
2066 555 2109 610 Α
2141 548 2341 604 fatetur
2368 550 2422 604 in
2458 548 2800 620 praefatione.
2831 559 2888 606 et
2911 550 3124 609 litteras
3148 558 3423 609 vetustate
3477 568 3669 611 exesas
3693 597 3712 620 ,

463 638 720 699 Clemens
752 639 1105 709 Septuaginta
1154 637 1514 710 lnterpretum
1546 641 1798 696 versione
1835 640 1891 694 in
1923 640 2031 709 epi-

465 730 625 783 stolis
668 730 785 785 suis
839 730 1035 797 utitur;
1090 745 1280 785 verum
1333 732 1658 801 plerumque
1713 732 2039 786 sententiam

398 874 407 883 ,ν
465 823 670 892 potius,
694 837 857 893 quam
886 823 1049 879 verba
1082 823 1199 893 ipsa
1227 831 1600 893 reprazsentat.
1628 822 1889 877 Invidiam
1912 838 2041 877 vero

466 927 904 969 commemorans
940 913 996 968 in
1027 913 1293 969 Aaronem
1309 914 1379 969 ob
1402 913 1767 970 sacerdotium
1798 912 2041 966 concita-

466 1010 603 1067 tam,
636 1004 916 1073 complura
941 1002 1129 1067 refert,
1158 1018 1278 1072 qua:
1307 1002 1362 1057 in
1389 1002 1747 1057 Numerorum
1778 1000 1918 1055 libro
1934 1015 2042 1055 non

467 1097 745 1166 leguntur.
777 1093 964 1165 itaque
992 1110 1024 1150 e
1049 1094 1357 1149 Judaeornm
1395 1093 1687 1149 traditione
1719 1093 1789 1147 ab
1808 1107 1875 1148 eo
1894 1106 2046 1146 acce-

469 1198 559 1259 pta
588 1187 757 1243 fuisse
787 1186 1198 1252 existimamus;
1227 1185 1685 1256 quemadmodum
1719 1192 1771 1239 et
1799 1183 1945 1255 quod
1978 1182 2045 1237 de

467 1282 661 1336 Bahab
678 1282 875 1344 habet,
908 1296 1027 1337 eam
1059 1281 1126 1336 de
1163 1280 1570 1350 exploratorum
1617 1278 1705 1333 via
1729 1277 1840 1349 (74)
1872 1277 2044 1332 inter-

470 1381 745 1444 rogatam,
779 1374 937 1443 longe
986 1374 1147 1426 aliam
1181 1373 1590 1429 demonstrasse
1620 1370 1689 1425 ab
1715 1385 1804 1434 ea,
1834 1385 1940 1439 qua
1969 1369 2046 1423 illi

470 1466 703 1521 redituri
739 1474 922 1531 erant;
968 1464 1115 1535 quod
1161 1464 1220 1519 in
1268 1463 1410 1519 libro
1457 1461 1644 1526 Iosue,
1683 1461 1778 1517 ubi
1816 1461 2048 1516 historia

471 1559 589 1612 haec
622 1557 970 1622 describitur,
1007 1558 1233 1612 minime
1277 1556 1541 1613 occurrit.
1587 1552 1864 1610 Hactenus
1892 1570 1945 1609 v.
1974 1554 2045 1607 cl.

472 1649 630 1706 Remi
661 1648 899 1705 Ceillier.
938 1648 1139 1704 Verum
1165 1648 1308 1719 quod
1339 1648 1406 1703 de
1433 1648 1522 1703 via
1551 1646 1831 1703 contraria
1861 1643 2049 1714 explo-

471 1745 752 1801 ratoribus
790 1760 821 1798 a
860 1743 1051 1799 Bahab
1077 1743 1472 1805 demonstrata,
1517 1756 1585 1796 ex
1629 1753 1858 1796 erronea
1899 1735 2050 1791 Junii

473 1838 709 1893 lectione
739 1837 904 1907 hujus
933 1835 1259 1892 Clementini
1292 1833 1398 1889 loci
1431 1831 1807 1903 deprompsit;
1850 1827 2049 1890 Junius

2142 641 2338 709 spatiis
2376 650 2431 696 et
2485 641 2794 700 interstitiis
2824 644 3240 700 accuratissime
3282 644 3549 702 dimensis
3579 662 3713 717 sup-

2143 731 2331 800 plevit,
2362 739 2417 788 et
2457 733 2629 788 minio
2658 734 2826 788 rubro
2861 734 3106 801 notavit;
3130 749 3197 790 eo
3236 735 3498 790 nimirum
3530 738 3718 794 consi-

2144 823 2219 877 lio
2242 864 2257 887 ,
2290 831 2349 878 ut
2378 841 2499 895 qua:
2532 827 2587 880 in
2618 827 2824 889 laceris
2840 828 3176 885 membranis
3202 828 3470 898 temporis
3513 829 3718 900 injuria

2144 925 2471 987 consumpta
2498 917 2977 982 desiderabantur,
3003 919 3073 973 ab
3101 919 3190 984 iis,
3228 934 3348 988 qua:
3381 919 3587 983 addita,
3632 921 3720 975 vel

2147 1010 2391 1077 suppleta
2418 1008 2638 1073 fuerint,
2668 1009 2900 1066 lectores
2930 1009 3148 1072 facilius
3173 1020 3547 1068 secernerent.
3585 1011 3721 1078 Qua:

2146 1097 2364 1164 quidem
2394 1100 2769 1169 supplementa
2802 1097 3041 1164 Juniana
3073 1100 3407 1170 posteriores
3449 1101 3718 1167 editores,

2148 1200 2209 1244 ut
2236 1191 2512 1247 uncinulis
2547 1192 2735 1247 clausa
2771 1193 2916 1263 typis
2967 1192 3435 1262 imprimerentur,
3484 1192 3720 1261 diligen-

2147 1287 2233 1335 ter
2265 1290 2549 1337 curarunt.
2586 1282 2779 1352 Magna
2834 1285 3135 1348 enimvero,
3180 1292 3234 1338 et
3278 1283 3545 1338 laudanda
3572 1280 3721 1346 Junii

2150 1377 2397 1441 solertia,
2428 1377 2474 1432 si
2510 1377 2643 1433 fides
2667 1378 2770 1448 ipsi
2802 1378 3132 1438 adhibenda.
3169 1376 3366 1433 Verum
3398 1392 3560 1433 secus
3602 1392 3724 1437 sen-

2151 1469 2296 1523 tiunt
2320 1470 2387 1524 de
2416 1485 2502 1533 eo,
2532 1469 2707 1540 deque
2738 1470 2859 1539 ejus
2890 1471 3077 1527 labore
3121 1471 3176 1524 in
3204 1468 3568 1525 describendo
3609 1484 3719 1523 nis.

2150 1560 2520 1616 Alexandrino
2545 1562 2649 1615 viri
2681 1562 2838 1632 longe
2866 1560 3173 1623 doctissimi
3200 1559 3492 1622 Wottonus
3524 1557 3578 1611 in
3610 1557 3723 1627 pri-

2152 1654 2277 1718 mis,
2307 1652 2510 1708 Millius
2534 1663 2589 1709 et
2606 1652 2841 1707 Grabius
2865 1652 3002 1724 ('76),
3024 1659 3083 1706 ut
3109 1650 3342 1722 proinde
3371 1650 3553 1703 minus
3578 1659 3725 1704 recte

2152 1746 2428 1803 censuerit
2455 1744 2635 1799 Fellus
2665 1743 2775 1814 (77)
2815 1761 2827 1796 :
2866 1762 2884 1793 ι
2908 1743 3127 1804 Actum,
3169 1742 3401 1805 scilicet,
3443 1740 3599 1793 irrito
3638 1755 3731 1796 co-

2154 1847 2285 1898 natu
2352 1845 2602 1891 acturum
2662 1836 2834 1891 fuisse
2886 1836 3059 1897 illum,
3088 1833 3179 1903 qui
3213 1843 3336 1902 post
3386 1832 3606 1893 Junium
3656 1830 3724 1885 ad

473 1929 619 1984 enim
651 1926 797 1998 quod
837 1927 927 1982 hic
965 1926 1021 1980 in
1071 1925 1369 1996 archetypo
1394 1922 1759 1985 desideratur.
1824 1920 2052 1991 ειυάεηε
2085 1907 2125 1962 Β
2153 1927 2431 1997 exemplar
2468 1925 2897 1981 Alexandrinum
2938 1924 3121 1979 omnia
3155 1914 3390 1993 denique
3416 1923 3718 1994 exegisset:

474 2020 750 2090 supplere,
767 2019 1011 2075 ediderat
1032 2017 1188 2091 (ὁδὸν)
1207 2016 1627 2070 ὑποδεικνύουσα
1654 2014 1838 2091 αὐτοῖς
1867 2012 2053 2079 uvam-

474 2113 640 2183 τίαν),
655 2120 709 2167 et
733 2111 925 2167 Latine
952 2129 967 2165 :
994 2110 1132 2164 viam
1157 2108 1431 2164 ostendens
1444 2108 1519 2162 eis
1534 2088 1879 2161 contrariam.
1898 2101 2055 2169 Quod

474 2219 602 2259 cum
637 2202 943 2257 Cotelerius
970 2199 1430 2255 animadverteret
1458 2209 1763 2266 repugnare
1802 2192 2057 2248 Historia:

476 2309 668 2358 sacra},
708 2308 829 2362 quae
859 2291 1233 2360 exploratores
1265 2304 1296 2343 e
1336 2288 1500 2342 domo
1544 2285 1733 2340 Rahab
1764 2294 1881 2339 tum
1913 2299 2054 2338 non-

475 2386 606 2445 dum
643 2384 861 2445 exiisse,
882 2381 977 2437 sed
1010 2381 1064 2434 in
1092 2396 1155 2433 ea
1176 2379 1356 2433 adhuc
1383 2379 1599 2432 latitare
1628 2376 1815 2443 docet;
1845 2376 1943 2446 οὐχ
1960 2391 2057 2444 pro

473 2480 613 2541 ὁδὸν,
654 2477 936 2547 ὲ(κείνους)
984 2489 1082 2544 pro
1120 2472 1410 2543 ἐ(νσ.ντίαν)
1458 2471 1760 2526 substituit.
1809 2468 1921 2524 Nec
1956 2468 2059 2523 du-

475 2571 652 2632 bium,
698 2567 830 2635 quin
873 2565 994 2634 ejus
1035 2563 1305 2618 correctio
1333 2562 1582 2617 Juniana:
1612 2563 1683 2617 sit
1720 2558 2059 2629 praeferenda

476 2661 731 2717 lectioni:
771 2659 1003 2712 maxime
1044 2672 1168 2711 cum
1201 2657 1341 2711 hanc
1370 2656 1437 2710 ad
1462 2656 1837 2725 exploratores
1869 2651 2057 2716 Josue,

477 2753 680 2823 quibus
712 2751 835 2806 nnis
860 2749 1049 2804 Bahab
1079 2749 1220 2802 viam
1249 2749 1583 2803 contrariam
1614 2748 1922 2803 ostendisse
1946 2760 2061 2800 me-

478 2853 755 2909 moratur,
799 2842 991 2898 referri
1033 2841 1305 2897 orationis
1341 2841 1513 2897 series
1546 2856 1654 2894 non
1688 2841 1852 2894 sinat.
1886 2838 2060 2894 Antea

477 2938 642 2993 etiam
673 2937 814 2991 forte
840 2935 1124 3007 legendum
1170 2935 1264 2987 καὶ
1294 2931 1395 2987 ποῦ
1418 2931 1757 3003 πορεύονται,
1793 2931 1894 2983 οὐκ
1920 2924 2058 2992 οῖδα,

2156 2023 2444 2092 siquidem,
2461 2023 2666 2089 subdit,
2688 2037 2751 2077 ea
2773 2023 3002 2078 habetur
3021 2023 3087 2078 de
3111 2021 3439 2085 eruditione,
3457 2021 3722 2076 industria

2156 2123 2211 2170 et
2244 2114 2347 2169 fide
2372 2113 2434 2168 D.
2469 2113 2615 2179 Junii
2644 2118 2785 2185 apud
2821 2130 3013 2170 omnes
3044 2114 3211 2176 fama,
3248 2121 3307 2166 ut
3332 2112 3580 2168 eamdem
3630 2129 3725 2168 su-

2158 2206 2411 2274 spicione
2428 2206 2609 2276 aliqua
2642 2206 2971 2262 labefactare
3000 2222 3110 2261 non
3136 2206 3354 2261 incivile
3379 2204 3540 2260 modo
3566 2245 3582 2271 ,
3633 2205 3729 2260 sed

2158 2298 2406 2365 iniquum
2437 2313 2664 2367 prorsus
2698 2297 2965 2352 videatur.
3009 2319 3027 2348 ι

2229 2386 2299 2439 At
2331 2387 2569 2456 pretium
2597 2387 2760 2443 fuerit
2779 2405 2960 2458 opera:
2991 2389 3080 2443 hic
3107 2388 3162 2442 in
3196 2388 3431 2443 medium
3458 2388 3707 2458 proferre

2159 2494 2281 2549 qua:
2306 2480 2358 2532 in
2381 2476 2616 2539 Jtmiana
2639 2479 3101 2535 Clementinarutn
3120 2481 3472 2551 epistolarum
3494 2481 3740 2535 editione

2160 2568 2314 2624 fuere
2347 2570 2415 2623 ab
2434 2568 2554 2638 ipso
2581 2568 3048 2640 Grabio(78-100)
3062 2569 3319 2624 adnotata
3338 2569 3443 2629 :sic
3466 2578 3644 2624 autem
3672 2586 3736 2624 se

2161 2661 2397 2715 habent:
2422 2680 2440 2710 ι
2463 2661 2595 2726 Quae
2627 2676 2693 2714 ex
2726 2661 3018 2722 collatione
3045 2676 3148 2715 ms.
3180 2660 3387 2716 codicis
3406 2661 3733 2716 Alexandri--

2162 2752 2219 2807 ni
2245 2750 2682 2805 emendationem
2715 2752 2979 2821 prmbent,
3013 2750 3081 2804 ad
3125 2751 3241 2806 haec
3280 2751 3396 2805 fere
3433 2753 3611 2821 capita
3645 2768 3733 2807 re-

2161 2843 2457 2898 ducuntur.
2486 2840 2670 2895 Primo
2692 2841 2951 2907 nonnulla
2978 2841 3037 2896 in
3060 2840 3222 2895 editis
3240 2840 3588 2901 omittuntur,
3612 2852 3739 2908 quae

2164 2932 2222 2987 in
2251 2939 2542 3002 prototypo
2572 2937 2814 2996 exstant,
2849 2940 2908 2985 ut
2935 2947 3002 2987 ex
3040 2931 3303 2995 versione
3356 2930 3550 2987 Latina
3600 2945 3735 2993 con-

476 3040 654 3100 etquo
681 3039 899 3099 pergant
929 3028 1123 3091 nescio,
1152 3025 1422 3095 coniectat
1457 3041 1509 3085 ν.
1538 3023 1607 3079 cl.
1633 3022 1978 3086 Coutantius.
2007 3027 2064 3073 at
2165 3032 2304 3092 stat;
2338 3024 2583 3079 secundo
2614 3023 2761 3077 haud
2789 3039 2961 3092 pauca
2996 3024 3260 3083 vocabula
3306 3024 3505 3077 litteris
3536 3023 3733 3075 minia-

480 3136 795 3193 perperam;
842 3134 968 3173 nam
1002 3119 1168 3188 hujus
1211 3115 1573 3187 supplementi
1617 3129 1785 3184 capax
1822 3129 1931 3180 non
1980 3123 2065 3168 est
2165 3117 2237 3172 tis
2261 3117 2523 3179 eduntur,
2572 3131 2694 3185 qua:
2724 3115 2779 3169 in
2811 3116 2998 3173 codice
3035 3124 3294 3178 exstant,
3344 3115 3488 3184 quod
3532 3113 3741 3175 factum

478 3213 839 3282 manuscripti
856 3213 1072 3265 lacuna.

1016 3319 1415 3377 ARTICULUS
1438 3317 1527 3374 ιν.

515 3431 693 3475 nunc
725 3430 1013 3472 EDITIONES
1051 3430 1427 3471 EPISTOLARUI
1463 3428 1511 3467 s.
1544 3404 1848 3466 ccsnsnrts
1887 3425 2021 3465 non.

1097 3502 1421 3542 PONTIFICIS.

554 3583 853 3638 Clementis
875 3579 1109 3634 Romani
1136 3577 1205 3633 ad
1227 3577 1544 3633 Corinthios
1563 3578 1830 3648 epistolae.
1855 3585 2062 3647 quanto

486 3677 717 3747 reliquis
741 3676 846 3749 sub
877 3673 998 3743 ejus
1028 3672 1251 3735 nomine
1277 3670 1515 3739 vulgatis
1542 3670 1880 3733 sinceriores
1909 3676 2059 3731 sunt,

486 3778 543 3843 et
566 3786 595 3824 a
620 3770 875 3839 priuiaava
903 3765 1266 3839 simplicitate
1296 3764 1482 3835 minus
1512 3764 1724 3831 alienae,
1755 3770 1911 3818 tanto
1940 3763 2064 3833 plus

488 3878 668 3934 opera:
690 3862 880 3929 iisdem
896 3858 1144 3931 edendis,
1172 3857 1226 3912 in
1253 3856 1388 3913 alias
1407 3855 1622 3927 linguas
1646 3854 2061 3919 transferendis,

488 3966 546 4009 ct
578 3952 920 4009 illustrandis
951 3950 1334 4020 impenderunt
1358 3949 1460 4003 viri
1492 3948 1844 4016 antiquitatis
1883 3945 2066 4020 eccle-

489 4050 728 4110 siasticae
748 4042 998 4115 studiosi.
1028 4017 1307 4113 Laudatur
1339 4031 1442 4084 hoc
1471 4024 1690 4081 nomine
1724 4022 1775 4075 in
1805 4017 2053 4077 Gallandi

488 4123 897 4213 Prolegomenis
921 4114 1180 4187 Patritius
1203 4124 1399 4181 Junius
1432 4119 1627 4213 Scotus
1671 4114 1808 4213 (75),
1839 4114 2054 4167 hetero-

489 4208 676 4295 doxus
710 4231 953 4302 quidem.
990 4235 1075 4280 ast
1107 4219 1377 4290 eruditus,
1406 4221 1460 4271 et
1482 4208 1861 4278 antiquitatum
1897 4218 2053 4302 seru-

490 4344 637 4388 tator
663 4296 966 4384 indefessus
992 4338 1007 4384 ;
1039 4319 1133 4389 qui
1166 4313 1381 4383 insigne
1408 4308 1511 4363 hoc
1538 4302 1712 4359 aetatis
1738 4296 2053 4369 apostolica:

491 4426 904 4478 monumentum
952 4411 1043 4464 diu
1086 4402 1325 4465 tenebris
1363 4392 1736 4465 consepultum
1762 4430 1777 4455 ,
1828 4404 1859 4443 e
1894 4396 2051 4441 vetu-

487 4516 733 4576 stissimo
762 4524 866 4576 ms.
898 4503 1085 4567 codice
1109 4492 1494 4556 Alexandrino,
1530 4497 1878 4576 quem
1910 4478 2053 4576 The-

488 4570 589 4659 ;iae
618 4572 816 4655 nobilis
845 4571 1058 4651 feminae
1092 4585 1359 4658 Egyptiaa
1386 4582 1532 4635 circa
1568 4573 1783 4649 concilii
1808 4570 2006 4626 Nicaeni
2034 4586 2050 4623 ι

487 4662 731 4761 tempora
769 4694 1072 4757 exaratum,
1121 4676 1359 4748 Cyl-illus
1400 4668 1625 4726 Lucaris
1650 4708 1665 4731 ,
1711 4680 1778 4719 ex
1820 4663 2055 4761 Ait‘ii-m-

488 4749 649 4838 dritio
694 4752 1331 4839 Constantinopolitanus
1383 4757 1723 4832 patriarcha,
1779 4769 1873 4824 per
1914 4749 2054 4804 Tlio—

490 4852 634 4931 mam
669 4844 942 4929 [tomento
976 4881 1042 4919 ex
1071 4860 1291 4926 Oriente
1320 4855 1569 4920 reducem
1594 4889 1610 4913 ,
1642 4846 1841 4911 Carolo
1872 4845 1911 4905 Ι,
1942 4842 2053 4895 An-

487 4969 608 5040 glia:
633 4964 744 5037 regi
776 4964 923 5017 dono
949 4958 1190 5015 miserat,
1231 4965 1374 5005 anno
1406 4946 1574 5009 l63'5,
1619 4940 1812 5040 Quonii
1844 4937 2055 5040 primus

488 5029 853 5130 Ediditjin-ilj’
903 5052 1090 5130 Graece
1145 5061 1209 5100 ac
1273 5041 1505 5117 Latine:
1559 5035 1791 5105 priorem
1833 5029 2051 5130 quidem

489 5121 776 5225 epistolam
828 5121 1010 5201 addita
1064 5139 1256 5203 Latina
1304 5132 1582 5225 versione,
1632 5126 1884 5225 notisque
1932 5121 2055 5173 illu-

486 5215 750 5303 stratam;
804 5232 1127 5309 posterioris
1188 5244 1317 5283 vero
1356 5220 1614 5292 reliquias
1675 5215 1860 5270 Graece
1928 5222 2049 5275 tana

510 5353 600 5391 um
644 5335 711 5389 ad
747 5332 948 5387 calcem
993 5324 1244 5393 reiectas.
1288 5317 1407 5384 Quo
1462 5325 1591 5366 vero
1618 5320 1777 5361 suum
1822 5317 2053 5372 pensum

487 5432 588 5486 lite
613 5425 923 5481 absolveret
958 5396 1156 5479 editor,
1199 5426 1357 5465 voces
1380 5403 1708 5475 depcrditas.
1737 5406 1798 5452 ut
1826 5398 2062 5471 ipsemet

558 5583 674 5657 (in
707 5582 766 5657 _S_-
794 5575 1377 5657 Cleuas
1412 5569 1473 5657 ιτ,
1499 5581 1648 5657 ηξιῐης
1681 5561 1767 5657 εξ-

894 5648 917 5703 ι
950 5647 1090 5727 Βίὺέ.
1248 5634 1655 5727 Ῥᾱινιξτζι,ῐςέᾖ.
1683 5634 1768 5727 if.

561 5701 675 5797 iis
704 5701 1379 5797 ίκῖτὶἷιέτῖι--ι..ἓῗνοιεεθηξοη
1404 5701 1687 5797 aenei.
1725 5701 2060 5797 νίέἐξιεκὶίὲλκ

486 5770 732 5865 satis;
750 5770 876 5864 {si
896 5770 1146 5855 {minus
1175 5770 2051 5865 apud-Rufe!rictlitiggmapbo;

488 5838 636 5936 δεῖ,
660 5838 714 5922 ἶ
730 5838 792 5927 ιῖ
810 5838 1060 5936 illiti—ii,
1089 5838 1339 5925 pag.'236
1361 5870 1374 5917 ;
1410 5838 1586 5921 Grabc
1607 5886 1631 5929 ,ί
1653 5838 1959 5935 Prolegom.
1979 5838 2048 5915 ad

2088 3238 2134 3301 C
2164 3224 2288 3264 esse
2330 3224 2361 3262 a
2417 3208 2713 3279 typothetis
2753 3210 3047 3264 verisimile
3091 3218 3208 3275 est;
3238 3209 3399 3263 tertio
3442 3217 3569 3262 sunt
3592 3206 3743 3273 haud

2165 3315 2358 3372 pauca,
2390 3316 2511 3371 qua:
2554 3316 2663 3355 non
2723 3310 2872 3357 recte
2924 3302 3219 3371 exscripsit
3262 3301 3475 3367 editor;
3538 3310 3746 3370 quarto.

2163 3394 2428 3449 nonnulla
2450 3394 2609 3449 aliter
2638 3394 2842 3464 scripta
2869 3402 3019 3454 sunt.
3035 3409 3201 3464 quam
3226 3392 3404 3447 editor
3428 3406 3739 3462 repraesen-

2163 3487 2302 3541 tavit
2326 3502 2393 3542 ex
2429 3488 2695 3558 singulari
2722 3487 2957 3558 quadam
2986 3487 3107 3557 ejus
3134 3487 3433 3558 opinione;
3488 3501 3594 3556 qua
3640 3485 3740 3552 ad.-

2165 3576 2292 3633 duci
2357 3594 2468 3633 non
2526 3580 2734 3649 potuit,
2763 3587 2825 3633 ut
2883 3579 3235 3651 scriptionem
3286 3585 3527 3634 veterem
3580 3578 3747 3643 aliter,

2163 3671 2466 3736 exhiberet,
2489 3687 2653 3741 quam
2677 3671 2979 3727 secundum
3007 3673 3285 3743 vulgarem
3306 3669 3583 3727 scribendi
3617 3685 3735 3738 mo—

2164 3780 2307 3829 rem;
2339 3768 2531 3836 quinto
2550 3781 2692 3835 saepe
2714 3780 2840 3820 cum
2874 3766 2991 3836 ipse
3020 3764 3161 3819 male
3190 3764 3567 3834 exscripserit,
3600 3780 3727 3835 cor-

2167 3858 2470 3914 rectionem
2508 3872 2575 3911 ex
2606 3856 2925 3925 conjectura
2953 3854 3105 3909 addit
3133 3853 3201 3907 ad
3230 3857 3562 3925 marginem;
3618 3868 3739 3923 quae

2167 3948 2438 4009 correctio
2466 3948 2522 4001 in
2552 3947 2673 4016 ipso
2698 3947 2888 4002 codice
2915 3948 3209 4018 reperitur.
3245 3966 3263 3998 ›
3293 3945 3570 4001 Hactenus
3601 3944 3739 4001 Gra-

2168 4042 2312 4098 bius.
2343 4040 2553 4107 Quibus
2570 4054 2700 4111 ergo
2734 4039 2883 4093 vitiis
2913 4039 3166 4092 laborant
3185 4038 3457 4094 editiones
3481 4038 3593 4092 fere
3617 4053 3745 4097 om-,

2172 4150 2294 4207 nes,
2337 4139 2525 4203 utpote
2546 4146 2667 4202 quae
2698 4130 2851 4185 fuere
2889 4130 2957 4185 ad
2987 4129 3281 4184 Junianam
3310 4140 3535 4187 exactte.
3584 4128 3747 4185 Eame

2170 4225 2292 4281 dem
2308 4223 2596 4295 Junianam
2620 4221 2913 4278 editionem
2934 4220 3469 4276 Helmstadiensibus
3487 4221 3629 4293 typis
3649 4236 3743 4275 ex-

2172 4318 2341 4389 primi
2378 4317 2592 4372 curavit
2642 4313 2962 4369 Joachimus
3001 4313 3241 4369 Joannes
3292 4312 3547 4369 Maderus
3603 4328 3756 4367 anno

2175 4409 2340 4479 1654,
2393 4418 2448 4464 et
2479 4423 2619 4463 nova
2656 4405 2977 4477 praefatione
3037 4404 3223 4458 addita
3270 4404 3568 4473 genuinum
3623 4419 3755 4458 esse

2179 4503 2326 4558 hunc
2356 4501 2655 4558 Clementis
2689 4499 2880 4565 fetum,
2911 4506 3104 4553 contra
3145 4496 3434 4567 quemdam
3480 4494 3751 4549 Luthera-

2107 4580 2151 4636 D
2183 4610 2265 4648 na:
2287 4591 2693 4657 communionis
2722 4590 3033 4659 theologum
3064 4585 3484 4643 demonstravit.
3506 4583 3760 4645 Joannes~

2179 4685 2363 4742 Fellus
2392 4682 2785 4755 Oxoniensium
2857 4679 3085 4749 antistes
3133 4692 3276 4731 anno
3309 4675 3449 4730 1669
3472 4674 3667 4731 Oxonii
3695 4683 3749 4727 et

2179 4776 2317 4831 i687
2361 4773 2597 4830 Londini
2634 4771 2777 4835 iii-8°
2799 4778 3086 4839 utramque
3125 4767 3423 4834 Clementis
3455 4765 3523 4819 ad
3552 4763 3750 4819 Corin-

2180 4871 2323 4925 thios
2352 4867 2664 4939 epistolam.
2700 4864 2901 4918 minori
2945 4861 3166 4933 quidem
3216 4859 3412 4925 forma,
3449 4858 3541 4913 sed
3603 4856 3751 4909 notis

2178 4977 2290 5017 non
2316 4961 2499 5014 minus
2532 4958 2709 5013 doctis
2742 4954 3097 5024 conspicuam
3128 4949 3563 5021 repraesentavit.
3594 4947 3750 5001 Prior

2180 5055 2247 5127 ad
2269 5052 2586 5125 Corinthios
2628 5048 2858 5120 epistola
2887 5045 3079 5119 Latine
3113 5044 3379 5106 duntaxat
3401 5042 3545 5096 inter
3586 5039 3753 5110 Fran-

2179 5148 2312 5202 cisci
2336 5146 2486 5201 ltous
2514 5145 2677 5199 Mella
2698 5143 2920 5197 Patrum
2952 5139 3181 5194 Londini
3206 5136 3348 5191 in-8°
3378 5136 3516 5191 1650
3538 5135 3753 5204 conspi-

2180 5240 2345 5314 citur.
2366 5239 2525 5294 Anno
2553 5237 2838 5314 1672,11”
2864 5233 3124 5305 epistolas
3142 5245 3280 5285 nova
3304 5228 3762 5300 interpretatione.

2182 5306 2452 5400 novisque
2492 5306 2639 5393 notis
2674 5328 2971 5398 adornatas
3019 5322 3196 5377 Paris.
3249 5320 3434 5377 in-fol.
3476 5322 3530 5376 in
3578 5322 3750 5375 lucent

2185 5403 2372 5480 emisit
2401 5423 2564 5482 Joan.
2589 5420 2897 5486 Cotelerius
2939 5417 3135 5481 doctor
3159 5412 3425 5483 Sorbonze
3481 5414 3537 5468 in
3592 5426 3753 5483 Opere

2182 5577 2487 5633 versionem
2504 5576 2641 5631 LXX
2659 5576 2955 5637 seniorum,
2980 5586 3100 5642 cap.
3129 5570 3184 5632 2.
3224 5570 3251 5640 ᾗ
3284 5571 3335 5625 1.

2239 5647 2367 5735 (17)
2402 5645 2620 5701 Praafat.
2654 5647 2720 5701 ad
2751 5636 3098 5716 epistolam-‘1
3145 5636 3343 5707 Clem,
3375 5638 3508 5695 edit.
3534 5636 3712 5693 Oxon.
3739 5676 3752 5696 .

2185 5718 2904 5858 ibiy'gi-l00)Grabius,apud
2932 5785 3275 5857 Wottonum.
3305 5781 3371 5837 ad
3391 5780 3595 5847 carccm
3634 5776 3752 5858 Elii.

2186 5850 2336 5942 stulte
2383 5850 2671 5922 Cleincnt.,
2783 5850 2909 5933 1-01.,
3226 5854 3230 5857 ’
3695 5850 3705 5865 ⁵
