4068 6274
1592 421 1883 479 ρηοωιίι
1896 421 1933 477 λ
1971 419 2350 478 VARIORUM.

3491 425 3595 480 182

351 540 711 600 celeberrimo
759 540 828 595 de
880 538 1137 595 Patribns
1180 537 1517 609 apostolicis.
1559 536 1667 591 Eas
1702 550 1921 606 quoque
1949 538 1998 595 Α
2029 552 2253 606 parasse
2282 546 2581 603 asseverat,
2618 547 2673 595 et
2703 541 2905 611 passim
2926 557 2993 598 ex
3020 555 3086 599 eo
3106 542 3413 598 accuratior
3438 543 3593 598 reddi

349 633 626 692 recensuit
672 647 738 687 ac
785 640 1040 686 notarum
1085 629 1426 701 spicileginm
1458 628 1679 699 collegit
1714 626 1918 681 Paulus

349 723 689 781 Colomesius
712 736 858 775 anno
880 721 1016 774 1687
1038 718 1270 774 Londini
1295 720 1348 772 in
1364 719 1460 782 -8°,
1479 733 1600 787 qum
1624 717 1790 771 editio
1814 718 1918 770 ite-

350 828 467 873 rata
499 832 564 872 ac
578 815 870 871 emendata
898 813 1100 883 prodiit
1128 812 1309 867 denuo
1334 809 1473 865 1694
1504 809 1728 864 ibidem.
1762 808 1921 863 Cote-

349 911 464 966 lerii
496 906 1008 977 interpretationem
1037 903 1269 972 adjectis
1300 903 1416 957 suis
1452 902 1656 956 notulis
1693 900 1919 970 evulga-

342 1005 422 1058 vit
466 999 715 1057 Clericus
757 997 1087 1066 Antwerpiaa
1132 1012 1229 1051 seu
1291 994 1473 1050 verius
1511 992 1917 1050 Amstielodami

342 1108 490 1149 anno
520 1091 661 1146 1698
686 1090 741 1143 in
770 1088 1095 1143 collectione
1122 1085 1344 1139 Patrum
1376 1084 1830 1154 apostolicorum,
1864 1088 1918 1137 et

347 1184 570 1238 auctius
596 1181 777 1236 adhuc
800 1194 946 1233 anno
971 1177 1110 1232 1724
1143 1176 1342 1231 ibidem
1380 1175 1563 1231 in-l‘ol.
1595 1172 1916 1228 Collectioni

341 1277 573 1346 insuper
622 1272 982 1328 conciliorum
1020 1285 1145 1325 cum
1184 1268 1486 1324 Labbeame
1524 1275 1640 1321 tum
1680 1266 1917 1321 Mansia—

340 1388 450 1433 me.
502 1386 566 1424 ac
612 1368 791 1441 primo
820 1365 1088 1422 volumini
1160 1358 1518 1431 Epistolarum
1549 1358 1905 1413 Romanorum

336 1461 649 1531 pontiﬁcum
745 1458 1023 1514 Coutantii
1099 1455 1346 1525 epistola:
1408 1453 1645 1523 praefatae
1695 1453 1916 1506 insertae

339 1562 493 1607 sunt.
532 1551 691 1604 Anno
742 1548 912 1612 1718,
955 1545 1422 1615 Cantabrigiensis
1461 1544 1595 1599 satis
1634 1542 1912 1596 luculenta

340 1647 537 1699 harum
569 1643 925 1713 epistolarum
957 1639 1125 1694 editio
1151 1639 1205 1692 in
1234 1638 1429 1707 vulgus
1460 1636 1663 1707 prodiit
1703 1650 1915 1691 summa

336 1752 476 1793 cura
521 1734 741 1790 Henrici
785 1731 1026 1786 Wottoni
1071 1730 1379 1794 elaborata;
1424 1743 1543 1781 eam
1578 1730 1721 1782 enim
1769 1727 1913 1782 haud

337 1827 510 1884 semel
536 1826 760 1896 exigens
793 1841 843 1879 v.
886 1822 955 1878 cl.
993 1822 1060 1876 ad
1093 1822 1250 1876 Iidem
1298 1836 1404 1875 ms.
1444 1820 1651 1875 codicis
1683 1820 1915 1874 Alexan-

2023 629 2192 684 editio
2221 632 2482 701 potuerit,
2516 638 2658 687 teste
2686 631 2993 689 Gallandio.

2094 721 2279 792 Nuper
2313 723 2531 778 tandem
2560 740 2613 779 v.
2632 725 2709 780 cl.
2738 724 2988 780 Andreas
3018 724 3336 779 Gallandius
3367 726 3595 796 presby-

2023 822 2105 868 ter
2124 816 2569 886 congregationis
2592 816 2829 873 Oratorii
2854 816 2912 871 S.
2940 815 3175 887 Philippi
3198 815 3598 879 Nerii,antece.-

2020 907 2266 963 dentium
2321 908 2564 962 omnium
2613 909 2916 963 editionum
2976 906 3226 962 subsidio
3261 906 3591 968 instructus,

2020 999 2499 1056 emendatissimas
2536 1006 2592 1054 et
2617 1000 3073 1072 castigatissimas
3103 998 3267 1054 edere
3296 997 3445 1053 omni
3474 1004 3594 1052 stu-

2019 1092 2109 1146 dio
2144 1106 2209 1146 ac
2237 1107 2399 1163 opere
2442 1091 2667 1147 adnisus
2707 1100 2791 1147 est
2822 1093 2986 1147 hasce
3012 1091 3306 1146 Clementis
3334 1089 3593 1159 epistolas

2021 1183 2075 1237 in
2108 1198 2207 1237 sua
2266 1182 2587 1239 Bibliotheca
2608 1193 2832 1239 veterum
2857 1183 3081 1239 Patrum
3154 1197 3319 1251 opere
3370 1182 3447 1235 uti
3498 1196 3594 1235 ex-

2019 1274 2445 1339 cellentissimo,
2480 1282 2536 1329 et
2585 1275 2854 1338 utilitatis,
2905 1289 3068 1343 quam
3112 1273 3466 1329 scientiarum
3500 1287 3592 1327 cc-

2020 1367 2453 1424 clesiasticarum
2481 1367 2746 1423 studiosis
2772 1367 3031 1422 omnibus
3063 1365 3251 1421 all'erat
3273 1366 3592 1421 cumulatis—

2019 1457 2236 1521 simam,
2264 1458 2423 1513 laude
2452 1458 2922 1527 praestantissimo;
2959 1459 3032 1512 ita
3056 1466 3399 1527 sumptuoso,
3428 1460 3590 1512 char-

2019 1552 2088 1598 tae
2144 1546 2364 1615 insuper
2389 1546 2569 1603 nitore
2618 1555 2671 1601 et
2700 1548 3074 1603 characterem
3115 1556 3402 1604 venustate
3431 1549 3593 1604 undi-

2019 1652 2125 1704 que
2153 1638 2394 1707 expolito
2423 1654 2490 1692 ex
2546 1640 2904 1710 typographia
2935 1638 3051 1694 Joa.
3076 1639 3304 1694 Albrizii
3349 1638 3594 1695 Venetiis

2021 1726 2180 1782 1765.
2215 1728 2492 1794 Quantum
2521 1745 2650 1784 vero
2681 1730 2886 1786 laboris
2923 1746 2986 1785 ac
3020 1731 3315 1802 diligentiae
3341 1732 3397 1785 in
3428 1732 3590 1786 ador-

2020 1821 2202 1876 nanda
2225 1821 2329 1876 hac
2351 1822 2591 1877 editione
2619 1824 2966 1893 impenderit,
2994 1825 3242 1894 pluribus
3272 1827 3492 1895 exponit
3532 1827 3595 1881 in

334 1921 510 1982 drini.
551 1919 797 1974 adhibito
837 1917 998 1971 etiam
1037 1914 1185 1968 Junii
1236 1914 1384 1968 edil0
1426 1927 1551 1967 cum
1584 1911 1775 1966 eodem
1817 1926 1912 1964 co—
1947 1908 1990 1963 Β
2019 1913 2467 1985 Prolegomenis,
2528 1924 2692 1986 atque
2749 1917 2912 1972 simul
2969 1919 3168 1973 ibidem
3228 1920 3608 1989 epistolarum'

335 2013 507 2068 dicea
528 2011 697 2064 Millio
720 2016 885 2078 atque
909 2006 1109 2061 Grabio
1122 2006 1346 2071 collato,
1366 2003 1661 2058 Iunianum
1680 2009 1911 2069 textum,

332 2119 501 2174 quem
548 2103 731 2157 czeteri
778 2100 1015 2155 editores
1059 2107 1186 2154 sunt
1232 2098 1429 2162 secuti,
1460 2097 1702 2167 octogies
1730 2112 1914 2151 emen-

333 2197 490 2251 davit
513 2194 912 2265 supplevitque;
947 2208 1067 2263 quae
1092 2207 1223 2247 vero
1262 2192 1488 2246 aberant
1520 2206 1549 2243 a
1580 2205 1684 2245 ms.
1724 2204 1911 2244 exem-

333 2292 479 2362 plari
506 2298 670 2361 atque
704 2303 735 2341 a
767 2285 932 2340 Junio
965 2286 1161 2339 litteris
1188 2283 1430 2338 miniatis
1458 2282 1909 2353 designabantur,

333 2380 732 2437 minutioribus
778 2379 919 2449 typis
961 2376 1323 2446 imprimenda
1377 2376 1612 2438 curavit,
1652 2375 1913 2430 lectiones

329 2482 386 2529 et
442 2473 816 2543 conjecturas,
846 2468 1020 2532 Junii,
1053 2467 1242 2537 Boisii,
1285 2465 1564 2529 Cotelerii,
1607 2465 1761 2530 Felli,
1807 2464 1914 2522 Co—

333 2566 551 2622 lomesii
612 2579 677 2620 ac
729 2561 929 2618 Clerici
984 2562 1128 2616 inter
1181 2560 1461 2615 variantes
1510 2558 1773 2612 lectiones
1814 2571 1914 2627 po-

331 2660 470 2715 suit.
519 2654 673 2710 Hanc
727 2660 913 2708 autem
971 2651 1385 2707 Wottonianam
1425 2649 1722 2704 editionem
1784 2649 1912 2703 licet

331 2749 582 2805 omnium
640 2744 1113 2801 accuratissimam
1148 2782 1164 2808 ,
1243 2744 1339 2813 qui
1396 2742 1656 2811 deinceps
1708 2741 1912 2810 episto-

332 2842 418 2897 las
472 2838 844 2894 Clementinas
898 2836 1041 2907 typis
1104 2836 1466 2901 excuderunt,
1520 2834 1625 2887 viri
1683 2834 1907 2899 eruditi,

329 2914 378 2988 si
418 2929 757 2986 Richardum
809 2927 1123 2983 Russelium
1156 2934 1211 2981 et
1248 2925 1595 2981 Gallandium
1640 2926 1905 2997 excipias,

335 3024 652 3097 prmtcriere
714 3022 1109 3077 inconsultam.
1170 3019 1327 3085 Quod
1392 3019 1617 3089 quidem
1672 3019 1906 3083 mirum,

329 3121 418 3173 sin
480 3117 663 3171 minus
715 3114 783 3170 de
836 3113 1104 3184 reliquis,
1172 3112 1365 3179 saltem
1411 3110 1480 3167 de
1525 3109 1758 3175 Clerico,
1813 3113 1907 3181 qui

327 3213 581 3269 eamdem
628 3226 739 3282 pra;
772 3210 1027 3264 manibus
1074 3208 1303 3274 habuit;
1355 3225 1423 3264 ex
1473 3223 1537 3264 ea
1578 3208 1723 3264 enim
1762 3208 1902 3264 sele-
1933 3244 1976 3302 ο

326 3308 540 3361 ctiores
568 3304 735 3359 Boisii
765 3303 1148 3358 adnotationes
1168 3317 1200 3355 a
1230 3301 1490 3358 Wottono
1524 3311 1638 3357 tum
1664 3303 1904 3374 primum

329 3397 836 3467 alitasdescripsit,
868 3410 1008 3465 quas
1032 3395 1085 3448 in
1112 3394 1409 3449 secundam
1425 3393 1909 3450 Amstaclodamcm

329 3507 451 3548 sem
502 3488 722 3544 Patrum
779 3488 1206 3557 apostolicorum
1263 3487 1555 3541 editionem
1608 3486 1909 3542 Coteleria-

330 3598 462 3640 nam
491 3581 799 3636 transtulit.
822 3579 892 3633 At
926 3594 991 3634 eo
1024 3580 1078 3632 in
1113 3579 1308 3649 primis
1331 3579 1548 3632 nomine
1579 3578 1725 3632 illam
1754 3580 1908 3635 insu—

326 3691 430 3746 per
468 3672 731 3727 habuisse
758 3671 976 3725 videtur
1005 3668 1279 3735 Clericus,
1303 3670 1453 3740 quod
1485 3669 1663 3725 editor
1701 3670 1905 3726 Canta-

329 3765 631 3836 brigiensis
680 3777 797 3817 tum
844 3761 1081 3816 Eduardi
1128 3760 1390 3815 Bernardi
1432 3762 1669 3824 notulas,
1708 3762 1907 3831 quibus

327 3862 582 3933 epistolae
612 3860 803 3931 primae
837 3857 1125 3912 αὐθεντίαν
1161 3859 1375 3912 elevare
1407 3864 1638 3910 conatus
1665 3864 1749 3911 est
1768 3896 1781 3919 ,
1812 3871 1908 3910 ex-

328 3953 586 4017 sumarit,
624 3961 739 4006 tum
774 3951 1068 4021 ipsummet
1095 3949 1366 4004 Clericum
1417 3949 1712 4004 identidem
1761 3949 1908 4003 haud

329 4043 610 4099 immerito
638 4041 940 4113 castigarit.
992 4039 1150 4094 Anno
1191 4040 1349 4103 1742,
1388 4038 1548 4095 Joan.
1594 4038 1908 4099 Ludovicus

329 4135 468 4209 Frey
510 4135 782 4205 epistolas
820 4134 1041 4187 Patrum
1073 4134 1504 4202 apostolicorum
1526 4133 1671 4204 typis
1702 4133 1908 4191 Basile-

327 4231 560 4286 ensibus
590 4227 952 4295 consignavit,
986 4226 1396 4281 Wottonianum
1425 4228 1733 4298 exemplar,
1759 4229 1907 4299 quod

329 4323 553 4393 quidem
607 4322 934 4390 emptabat,
998 4322 1232 4391 primum
1283 4320 1557 4388 obtinuit,
1612 4336 1736 4376 cum
1791 4322 1905 4392 jam

329 4410 621 4485 epistola!
671 4409 968 4466 Clementis
1020 4427 1052 4466 c
1109 4412 1263 4482 prelo
1312 4412 1609 4480 evasisset;
1664 4420 1722 4466 ut
1778 4429 1908 4485 pro-

332 4506 456 4561 inde
493 4504 849 4575 posteriorem
873 4502 1249 4558 tantummodo
1276 4504 1439 4573 paulo
1475 4503 1903 4561 emendatiorem

2018 2008 2248 2065 istarum
2272 2010 2668 2079 praestantiam,
2703 2010 3094 2083 integritatem,
3128 2028 3192 2067 ac
3211 2014 3589 2071 sinceritatem.

2017 2100 2239 2155 invictis
2266 2102 2608 2167 argumentis
2650 2110 2858 2167 tuetur,
2887 2119 2950 2157 ac
2979 2104 3220 2159 vindicat
3250 2122 3264 2172 ;
3297 2106 3461 2175 cujus
3505 2108 3588 2160 la-

2015 2194 2150 2249 bore
2177 2210 2276 2249 nos
2300 2211 2517 2264 quoque
2551 2196 2846 2267 plurimum
2880 2212 3010 2252 usos
3040 2197 3229 2263 fuisse,
3269 2199 3325 2253 in
3369 2200 3591 2271 signum

2012 2287 2368 2359 gratitudinis
2398 2289 2577 2358 palam
2608 2286 2860 2341 fatemur.

2085 2377 2312 2448 Anglice
2329 2377 2626 2434 Clementis
2657 2377 2890 2435 Romani
2913 2379 3158 2451 epistola:
3178 2383 3245 2437 ad
3266 2382 3593 2439 Corinthios

2016 2486 2114 2541 per
2150 2466 2295 2526 Guil.
2342 2470 2690 2535 Burtonium,
2717 2487 2841 2526 cum
2892 2473 3041 2529 notis
3069 2475 3309 2543 copiosis
3343 2491 3406 2530 ac
3438 2474 3599 2531 Gnil-

2014 2564 2176 2619 Cavei
2212 2563 2424 2634 judicio
2467 2563 2704 2619 Londini
2746 2565 2905 2629 1647,
2970 2574 3133 2637 atque
3190 2567 3384 2622 iterum
3437 2569 3582 2625 Guil.

2014 2653 2237 2710 Wakaio
2267 2655 2587 2725 interprete,
2624 2672 2729 2710 una
2761 2672 2883 2711 cum
2909 2656 3194 2725 Barnabae,
3232 2659 3446 2730 lgnatii,
3481 2660 3587 2715 Pol»

2013 2748 2224 2819 lycarpi
2273 2749 2523 2818 epistolis
2570 2755 2734 2819 atque
2772 2747 2985 2805 Hermas
3033 2746 3484 2808 Pastore'itidem
3531 2755 3591 2808 in

2013 2855 2322 2896 sermonem
2340 2839 2627 2911 Anglicum
2654 2841 2935 2896 conversis
2963 2842 3066 2897 sub
3084 2843 3241 2897 titulo
3264 2863 3277 2898 :
3299 2844 3586 2915 «Epistola:

2013 2934 2267 3005 genuinae
2307 2932 2530 2987 Patrum
2562 2934 2996 3003 apostolicorum
3041 2935 3094 2988 in
3125 2936 3413 3006 Anglicum
3459 2954 3583 2993 ser-

2012 3042 2229 3081 monem
2281 3026 2558 3081 translatae
2592 3024 2823 3081 Londini
2858 3024 3015 3093 1695,
3038 3046 3056 3080 ›
3094 3027 3269 3095 iii-8°;
3302 3035 3356 3083 et
3387 3029 3604 3085 iterum.

2012 3117 2211 3172 ibidem
2244 3117 2382 3172 1710
2412 3116 2755 3187 prodierunt.
2787 3116 2846 3170 In
2875 3115 3141 3171 Gallicam
3173 3118 3413 3189 linguam
3464 3134 3598 3171 am-.

2009 3209 2093 3266 ba:
2138 3226 2169 3264 a
2224 3208 2413 3264 Gratio
2460 3208 2695 3265 Oratorii
2736 3208 2951 3276 sodale,
2973 3224 3251 3266 conversas
3306 3210 3479 3275 fuere,
3530 3220 3590 3266 ct

2010 3312 2208 3375 quarto
2233 3302 2566 3358 Gallicorum
2612 3301 2912 3356 Bibliorum
2944 3308 3117 3368 tomo,
3153 3318 3298 3359 anno
3327 3304 3465 3358 1717
3497 3305 3585 3359 ξη-

2011 3395 2106 3450 fol.
2140 3393 2368 3449 Parisiis
2398 3392 2639 3447 insertae.
2671 3390 2903 3446 Easdem
2938 3392 2991 3445 in
3026 3391 3228 3445 ldioma
3283 3389 3583 3446 Germano-

2011 3504 2135 3543 rum
2166 3484 2450 3541 transtulit
2478 3482 2707 3539 .lo.Otto
2731 3480 2961 3554 Glusing
2982 3481 3282 3554 Hamburgi
3304 3482 3464 3552 i723,
3497 3484 3587 3538 in-
3614 3508 3623 3519 ο

2008 3582 2084 3644 8⁸.
2117 3595 2242 3635 cum
2268 3566 2519 3649 epistolis
2537 3586 2591 3632 et
2612 3575 2831 3646 scriptis
2863 3575 3107 3630 virorum
3125 3575 3578 3645 apostolicorum.

2007 3671 2298 3742 Antiquior
2324 3669 2504 3723 adhuc
2532 3667 2761 3723 habetur
2787 3666 3075 3722 conversio
3104 3665 3158 3718 in
3207 3664 3401 3722 Bibliis
3449 3664 3575 3721 Ger-

2010 3762 2243 3818 manicis
2271 3758 2571 3832 Hambnrgi
2601 3759 2766 3815 editis
2794 3772 2940 3814 anno
2987 3756 3147 3813 1710.
3178 3755 3385 3812 Nostra
3424 3764 3599 3813 aetate,

2007 3866 2297 3925 utramque
2326 3854 2500 3910 edidit
2529 3851 2854 3908 Germanice
2885 3850 3076 3905 Simon
3107 3849 3374 3921 Grynaeus
3426 3850 3579 3905 Basi-

2008 3951 2106 4005 leaz
2144 3948 2284 4003 1782
2324 3949 2467 4003 iii-8°
2511 3963 2635 4001 cum
2696 3946 2819 4001 aliis
2877 3944 3098 3999 Patrum
3148 3944 3580 4016 apostolicorum

2008 4041 2400 4104 monumentis,
2429 4038 2696 4110 appositis
2732 4037 3063 4108 quibusdam
3082 4036 3288 4092 notulis
3315 4035 3493 4090 dubia:
3518 4034 3583 4092 iis

2007 4135 2130 4191 dei:
2158 4133 2284 4187 inde
2313 4131 2539 4193 factum,
2560 4141 2618 4185 ut
2646 4129 2708 4186 P.
2724 4128 2917 4185 Vitalis
2940 4127 3111 4183 Moesi
3125 4129 3427 4182 monachus
3444 4126 3576 4182 0rd.

2012 4225 2071 4282 S.
2088 4223 2368 4280 Benedicti
2400 4220 2703 4292 Salisburgi
2720 4221 2787 4275 ad
2802 4220 2860 4275 S.
2876 4220 3125 4285 Petrum,
3144 4235 3254 4289 quo
3278 4219 3579 4276 faciliorem

2009 4329 2173 4391 atque
2203 4316 2538 4374 securiorem
2556 4314 2856 4369 Catholicis
2882 4314 3047 4368 etiam
3067 4312 3292 4367 Patrum
3309 4314 3577 4383 apostolil-

2007 4427 2198 4468 corum
2230 4410 2518 4464 lectionem
2562 4406 2835 4469 redderet,
2868 4404 3352 4477 eamdem,paucis
3384 4416 3583 4465 contra

2010 4506 2170 4561 iidem
2196 4502 2520 4557 catholicam
2551 4499 2935 4565 militantibus,
2962 4498 3284 4563 immutatis,
3317 4500 3580 4571 Augusta:

328 4596 658 4653 exhibuerit.
720 4595 1163 4665 Qualemcunque
1204 4602 1386 4649 tamen
1436 4594 1600 4664 hujus
1638 4595 1897 4653 editionis
1929 4610 1976 4666 ι)
2012 4595 2424 4654 Vindelicorum
2456 4592 2596 4646 1774
2628 4591 2809 4646 denuo
2841 4591 3246 4662 procudendam
3276 4593 3505 4648 curarit.

331 4687 614 4760 Freyanai,
648 4687 893 4757 alioquin
945 4687 1079 4742 satis
1103 4686 1310 4750 nitidae,
1343 4685 1617 4741 delectum
1648 4689 1905 4759 supplere

331 4781 561 4835 annisus
582 4787 669 4832 est
689 4777 772 4830 vir
790 4777 1038 4833 eruditus
1072 4776 1342 4832 Antonius
1364 4777 1575 4834 Birrius
1603 4779 1659 4832 in
1684 4778 1903 4832 Publica

332 4872 615 4937 xpecimine
666 4866 853 4923 itidem
908 4867 1135 4924 Basilea:
1183 4869 1328 4923 anno
1359 4870 1496 4924 1744
1539 4871 1711 4936 edito,
1739 4882 1904 4943 atquc

330 4960 665 5029 conjecturis
692 4959 837 5013 haud
870 4961 1204 5030 pmnitendis
1232 4962 1300 5015 ad
1351 4970 1559 5016 textum
1610 4962 1905 5019 Clementi-

331 5066 460 5107 num
480 5052 739 5106 editionis
762 5051 1130 5109 Wottoniana:
1162 5054 1392 5110 ulterius
1412 5055 1590 5110 adhuc
1617 5056 1903 5126 detergens

328 5147 457 5200 dum
482 5144 702 5201 referto.
738 5145 1027 5201 Russelius
1065 5147 1118 5200 in
1138 5147 1256 5201 suis
1299 5145 1527 5202 Patrum
1564 5150 1903 5217 apostolico~

328 5252 450 5291 rum
505 5239 765 5307 operibus
795 5239 1048 5310 genuinis
1078 5236 1313 5295 Londini
1359 5255 1506 5297 anno
1572 5240 1710 5295 1746
1744 5242 1901 5296 evul-

324 5330 492 5397 gatis,
523 5328 935 5385 Wottonianam
961 5330 1262 5387 editionem
1284 5348 1394 5402 prae
1432 5332 1781 5388 caeterissibi
1822 5349 1904 5388 se-

326 5420 598 5488 quendam
624 5421 752 5489 jure
785 5423 1034 5490 censuit;
1080 5426 1172 5493 qui
1202 5432 1255 5478 et
1288 5426 1354 5479 ad
1397 5427 1606 5479 calcem
1644 5428 1902 5482 secunda:

329 5509 506 5578 partis
532 5511 829 5566 voluminis
857 5512 1020 5583 primi
1068 5513 1327 5568 laudabili
1370 5514 1601 5569 consilio
1641 5506 1901 5585 pleraque

334 5590 574 5671 subjecit
624 5603 886 5660 adnotata
916 5620 981 5659 ex
1014 5603 1134 5660 Joa.
1194 5605 1347 5659 Millii
1385 5607 1700 5677 apographo
1739 5623 1902 5664 accu-

327 5701 449 5747 rate
470 5695 541 5748 ad
569 5711 675 5752 ms.
724 5697 933 5753 codicis
975 5697 1205 5753 Alexan.
1234 5699 1404 5753 iidem-
1439 5709 1633 5753 exacto
1688 5699 1899 5755 deseri-

330 5792 457 5851 pta;
493 5803 609 5853 qua:
631 5789 847 5857 quidem
881 5790 1137 5851 adnotata
1164 5789 1457 5845 Wottonns
1515 5792 1895 5859 prmtermisit,

332 5876 586 5942 Quamvis
609 5887 663 5933 et
705 5879 818 5949 ipse
846 5873 1552 5950 apograplnnuMillianum
1606 5881 1710 5936 sibi
1744 5898 1895 5935 cont-

2090 4687 2513 4761 Rccognitionum
2561 4684 2684 4741 libri
2714 4699 2745 4737 a
2774 4682 2969 4744 Ruﬁno
3000 4684 3190 4741 Latine
3232 4685 3433 4742 redditi
3482 4686 3583 4740 Ba-

2008 4785 2158 4842 sileaa
2186 4796 2309 4835 cum
2341 4776 2957 4848 pseudo-decretalibus.
2980 4793 3126 4834 anno
3151 4777 3310 4843 1526,
3351 4778 3536 4834 in-fol.
3557 4820 3573 4844 ,

2006 4888 2060 4933 et
2080 4874 2242 4931 subin
2266 4870 2492 4925 Parisiis
2525 4868 2654 4923 1541
2687 4875 2740 4922 et
2769 4867 2928 4933 1568,
2954 4868 3197 4925 Colonia:
3227 4868 3385 4923 1569.
3431 4867 3575 4938 Lug-

2006 4967 2139 5023 duni
2171 4965 2226 5018 in
2266 4962 2385 5019 PP.
2414 4962 2738 5018 Bibliotheca
2781 4974 2925 5013 anno
2968 4959 3105 5015 1677
3158 4968 3285 5016 sinit
3314 4960 3571 5029 evnlgati.

2004 5056 2351 5115 Coloniensis
2406 5053 2574 5108 editio
2627 5060 2823 5121 praeter
2891 5051 3343 5124 Recogjtitionum.
3403 5052 3596 5107 libros.

2004 5149 2357 5208 Clementina
2394 5162 2631 5216 quoque,
2658 5153 2712 5199 et
2738 5143 2795 5199 S.
2825 5142 2965 5196 Petri
2997 5151 3272 5212 gestorum
3303 5161 3575 5205 summam

2007 5261 2036 5297 a
2060 5242 2312 5298 Perionio
2339 5253 2658 5296 conversam
2690 5252 2815 5292 cum
2860 5237 3004 5291 notis
3052 5233 3303 5290 Venradii
3334 5240 3576 5308 complep

2004 5336 2194 5389 ctitur.

2074 5423 2291 5479 Primus
2322 5423 2610 5477 Turnebus
2638 5420 2881 5474 eamdem
2910 5417 3094 5473 Graece
3123 5426 3179 5473 et
3215 5418 3408 5476 Latine
3455 5424 3577 5478 edi-

2004 5516 2082 5569 dit
2107 5514 2336 5570 Parisiis
2366 5530 2509 5568 anno
2548 5513 2683 5567 1554
2714 5509 2862 5566 ἰπὶ-4⁸.
2904 5508 3227 5564 Clementiae
3256 5522 3309 5567 et
3338 5511 3580 5580 Epilome

2004 5611 2096 5664 illa
2119 5615 2338 5665 exstant
2362 5608 2525 5662 etiam
2556 5607 2609 5659 in
2631 5602 2972 5659 Coteleriana
2998 5602 3341 5669 collectione;
3373 5604 3442 5659 de
3469 5623 3575 5679 qua

2002 5700 2258 5770 superius
2284 5698 2487 5751 mentio
2515 5712 2547 5751 a
2578 5697 2734 5750 nobis
2763 5696 3015 5750 instituta
3041 5702 3147 5758 est,
3171 5711 3295 5750 cum
3308 5700 3573 5767 supposi-

2004 5792 2139 5851 titiis
2176 5790 2349 5845 sancti
2381 5790 2676 5847 Clementis
2708 5787 2903 5842 litteris
2936 5787 3004 5841 ad
3032 5795 3280 5847 sanctum
3312 5788 3580 5849 Jacobuiu.

2001 5887 2316 5953 episcopum
2348 5881 2940 5953 llierosolyymitanuma
