4100 6278
476 388 482 401 ⁸
519 385 620 441 183

1623 390 1715 445 Al)
1738 380 2281 448 ’δίνωιΕΜΕΝΤΕΜ
2323 393 2339 446 l
2382 394 2613 451 PAPAM

3646 404 3752 459 ’186

861 520 874 541 ἲ

517 600 3729 647 ____._______________________________________________

700 766 848 854 DE
952 766 1414 858 DUABUS

1518 767 2151 863 EP-ISTOLIS
2256 773 2937 866 CLEMENTIS

3038 776 3546 871 ROMANI.

1258 961 1491 1023 (Hart-11.3,
1517 963 1725 1013 Patrum
1754 962 2133 1026 apostolicorum
2157 966 2338 1029 Opera,
2364 967 2621 1031 Tubingze,
2645 967 2784 1027 1842,
2807 968 2976 1031 in-8°.)

571 1263 611 1318 Ι,
642 1262 973 1317 Clementem
1018 1262 1323 1320 Romanum
1365 1264 1617 1319 eumdem
1646 1279 1771 1320 esse
1819 1279 1943 1320 cum
1975 1281 2062 1330 eo,
2091 1272 2140 1327 Α
2166 1264 2322 1321 daica
2350 1281 2475 1322 esse
2508 1265 2736 1322 editum.
2785 1264 2889 1336 Ipsi
2936 1264 3169 1336 primum
3219 1266 3458 1321 accessit
3484 1263 3734 1323 Coutan-

497 1369 657 1425 quem
702 1351 760 1408 S.
792 1352 994 1409 Paulus
1021 1355 1076 1409 in
1117 1354 1215 1426 Ep.
1241 1355 1310 1410 ad
1353 1353 1586 1424 Philipp.
1613 1369 1689 1419 tv,
1729 1355 1784 1423 5,
1816 1355 2070 1410 laudibus

495 1445 647 1502 clfert
681 1446 787 1517 (l),
812 1445 923 1517 jam
964 1447 1223 1518 Origenes
1246 1446 1324 1519 (2)
1344 1489 1359 1514 ,
1388 1445 1652 1502 Eusebius
1693 1448 1800 1517 (5),
1832 1447 2072 1520 Epipha-

493 1540 619 1593 nius
637 1537 734 1609 (4),
768 1536 1125 1610 Hieronymus
1146 1538 1220 1609 (5)
1247 1545 1301 1593 et
1329 1538 1418 1592 alii
1443 1544 1683 1593 veterum
1710 1538 2065 1594 allirmarunt.

491 1630 649 1696 Quod
674 1632 719 1687 si
753 1647 843 1686 res
867 1636 941 1688 ita
973 1647 1032 1687 se
1056 1631 1237 1692 habet,
1262 1629 1422 1686 lacile
1456 1638 1701 1701 apparet,
1727 1629 2066 1686 Clementem

494 1718 555 1777 S.
592 1719 774 1785 Pauli,
818 1720 1081 1792 Philippis
1125 1722 1181 1776 in
1223 1719 1541 1777 Macedonia
1589 1722 1832 1779 secundo
1873 1722 2066 1778 itinere

492 1813 791 1881 apostolico
833 1832 882 1871 a.
912 1814 1078 1870 55-55
1107 1813 1231 1887 (cl‘r.
1251 1815 1371 1872 Act.
1400 1815 1514 1884 xw)
1543 1812 1894 1886 Evangelium
1925 1828 2066 1884 pree-

490 1905 749 1971 dicantis,
788 1906 997 1961 socium
1039 1922 1102 1962 ac
1144 1907 1520 1978 coadjutorem
1563 1907 1768 1977 optime
1806 1906 2062 1962 meritum

485 2001 682 2062 fuisse.

555 2093 981 2166 Chrysostomus
1056 2093 1111 2148 in
1181 2094 1593 2150 Commentario
1640 2093 1707 2148 ad
1754 2091 1777 2148 ι
1816 2090 2056 2146 Timoth.

419 2200 425 2207 '
485 2186 819 2256 suspicatur,
843 2185 1200 2250 Clementem,
1234 2188 1437 2254 pariter
1465 2200 1530 2240 ac
1558 2185 1761 2239 Lucam
1787 2190 1841 2238 et
1869 2181 2061 2236 Timo-

484 2277 692 2341 theum,
708 2284 1029 2348 perpetuum
1046 2275 1260 2331 itineris
1274 2276 1528 2330 comitem
1552 2274 1662 2329 divi
1691 2272 1844 2327 Pauli
1862 2272 2052 2328 fuisse.

554 2366 684 2422 Mihi
722 2375 903 2421 autem
953 2366 1207 2423 Clemens
1258 2366 1386 2421 civis
1442 2364 1587 2420 urbis
1635 2364 2058 2447 Philjppensium

487 2458 659 2514 fuisse
710 2459 942 2522 videtur,
987 2457 1083 2528 qui
1139 2472 1169 2511 a
1216 2455 1417 2521 Paulo,
1466 2455 1732 2527 Philippis
1779 2461 2055 2519 morante,

484 2565 797 2613 conversus,
827 2551 945 2620 ipse
984 2564 1291 2621 prmeonem
1329 2548 1605 2620 Evangelii
1638 2549 1694 2603 in
1724 2562 1889 2618 Opere
1919 2562 2057 2617 apo-

2172 1359 2281 1415 tius
2311 1359 2367 1414 in
2406 1359 2763 1414 celeberrima
2794 1373 2893 1413 sua
2930 1357 3170 1413 editione
3234 1356 3591 1426 Epistolarum
3633 1357 3738 1411 Ro-

2166 1467 2441 1508 manorum
2466 1454 2769 1522 pontiﬁcum
2798 1495 2813 1520 ,
2839 1461 2881 1509 t.
2943 1448 2987 1513 1,
3030 1465 3085 1520 p.
3123 1450 3218 1517 11;
3255 1457 3447 1521 postea
3487 1466 3620 1506 vero
3664 1453 3737 1522 (l.

2167 1556 2218 1597 c.
2248 1558 2303 1613 p.
2326 1543 2418 1613 41)
2450 1543 2535 1597 vir
2561 1540 2916 1597 doctissimus
2946 1555 3101 1627 suam
3128 1541 3361 1597 mutavit
3383 1543 3734 1597 sententiam.

2165 1629 2498 1688 Tillemontii
2546 1630 2875 1687 sententiam
2941 1629 3226 1699 amplexus
3273 1635 3360 1684 est
3420 1627 3610 1684 Herm.
3633 1627 3740 1679 Ve-

2165 1739 2346 1789 nema,
2372 1732 2430 1779 ut
2458 1722 2655 1779 exinde
2682 1732 3062 1794 argumentum
3095 1722 3392 1777 deduceret
3415 1731 3607 1777 contra
3619 1722 3736 1792 epi~

2164 1815 2358 1872 stolam
2384 1815 2762 1887 posteriorem,
2786 1813 2947 1883 cujus
2976 1813 3213 1883 scriptor
3231 1814 3443 1885 origine
3482 1814 3735 1883 gentilem

2164 1916 2351 1979 aperte
2379 1924 2439 1963 se
2468 1907 2667 1977 prodit.

2231 1999 2609 2056 Tillemontius
2640 1998 2845 2054 addere
2882 2004 3115 2068 poterat,
3144 1996 3478 2052 Clementem
3504 2013 3616 2052 non
3641 2015 3736 2054 so-

2162 2091 2273 2147 lum
2303 2107 2424 2163 cap.
2449 2091 2507 2157 6,
2539 2091 2634 2147 sed
2659 2099 2713 2146 et
2741 2104 2862 2161 cap.
2893 2090 2956 2145 51
2992 2088 3041 2161 (ὁ
3068 2088 3250 2161 πατὴρ
3270 2088 3428 2160 ἡμῶν
3463 2089 3733 2162 Ἀϐραάμ)

2159 2182 2527 2254 patriarcham
2558 2179 2867 2236 Iudaeorum
2892 2191 3097 2250 patrem
3126 2190 3364 2235 nostrum
3389 2181 3691 2251 appellare.

2228 2272 2493 2330 Praeterea
2513 2273 2765 2330 Clemens
2800 2288 2853 2329 c.
2879 2272 2949 2328 55
2991 2273 3060 2327 de
3091 2286 3280 2326 amore
3319 2286 3450 2343 erga
3501 2274 3736 2343 patriam

2155 2366 2464 2437 disputans,
2502 2365 2767 2436 exemplis
2811 2364 3045 2434 gentium
3079 2363 3330 2434 prolatis,
3375 2363 3442 2417 ad
3481 2365 3738 2433 exempla

2155 2475 2343 2515 eorum
2375 2459 2642 2530 procedit,
2681 2473 2843 2528 quos,
2876 2464 2939 2511 ut
2983 2456 3141 2521 dicit,
3176 2457 3316 2510 inter
3342 2471 3436 2509 nos
3474 2456 3734 2527 cognovi-

2155 2568 2300 2607 mus.
2326 2552 2537 2619 Quibus
2569 2566 2693 2606 cum
2714 2549 2966 2620 judaicas
3006 2549 3291 2614 mulieres,
3324 2548 3512 2603 Judith
3543 2558 3598 2604 et
3628 2548 3732 2604 Es-

484 2641 679 2695 ⁸ῑ⁰¹ίθο
707 2617 912 2711 οβιίῐέιθ
941 2617 1172 2712 αδὶυνίῑν
1203 2641 1374 2697 Pallio
1396 2617 1578 2696 al“le
1619 2617 1875 2703 abeutlw.
1904 2637 2050 2694 domi
2083 2617 2126 2672 Β
2154 2646 2297 2710 ther,
2328 2617 2604 2702 ascribere
2633 2617 2906 2708 videatur,
2936 2644 3055 2714 ipse
3093 2642 3148 2697 in
3176 2649 3335 2698 ortus
3362 2642 3569 2713 judaici
3636 2659 3733 2700 su-

485 2732 771 2797 remansit,
794 2733 937 2789 inter
968 2750 1099 2790 suos
1123 2732 1329 2790 Christi
1359 2748 1582 2788 causam
1616 2747 1803 2802 agens.

550 2823 807 2882 Pluribus
830 2825 1147 2896 conjectura
1168 2834 1359 2880 nostra
1388 2823 1609 2895 probari
1639 2830 1837 2893 potest.

552 2917 605 2987 a)
645 2915 782 2972 Cum
826 2915 1030 2972 Paulus
1064 2916 1347 2988 Philippos
1393 2921 1731 2985 properaret,
1775 2912 2050 2968 neminem

654 3009 760 3063 nisi
812 3005 1014 3074 Silam,
1062 3008 1410 3067 Timotheum
1450 3013 1505 3061 et
1544 3005 1749 3061 Lucam
1796 3005 2051 3060 comitem

653 3101 913 3160 habuisse
941 3102 1178 3157 videtur.
1205 3100 1323 3155 Cfr.
1355 3100 1477 3154 Act.
1501 3114 1615 3153 xvr.

550 3194 607 3265 ιδ)
645 3194 845 3251 Nullibi
879 3211 1037 3250 sacra
1087 3193 1371 3264 Scriptura
1421 3191 1722 3248 Clementis
1769 3189 2045 3254 meminit,

656 3287 963 3356 apostolum
990 3284 1219 3339 Paulum
1248 3284 1303 3340 in
1330 3282 1617 3340 itineribus
1640 3283 1975 3338 comitantis.

550 3375 609 3446 c),
643 3375 725 3433 Est
778 3375 1011 3447 Philipp.
1050 3392 1125 3440 iv,
1169 3376 1240 3441 5,
1292 3379 1442 3431 clare
1488 3383 1748 3447 apparet,
1804 3382 2049 3445 tempore

655 3469 843 3539 primm
870 3470 1023 3527 Pauli
1051 3470 1381 3543 captivitatis
1417 3468 1675 3526 Romanae
1713 3468 2049 3527 Clementem

657 3561 921 3633 Philippis
952 3561 1188 3634 degisse.

551 3654 617 3727 ἀ),
644 3653 878 3726 Philipp.
905 3672 979 3719 tv,
1003 3655 1057 3721 3,
1086 3653 1384 3710 Clementis
1411 3670 1522 3709 non
1550 3654 1707 3711 aliter
1734 3652 1791 3707 llt
1818 3653 2041 3719 mentio,

656 3763 721 3802 ac
746 3764 958 3813 eorum,
987 3749 1079 3819 qui
1113 3749 1261 3804 cives
1289 3747 1667 3820 Philippenses
1698 3748 1905 3819 absque
1940 3748 2044 3803 du-

653 3841 742 3902 bio
763 3841 1002 3899 fuerunt.

2153 2732 2450 2804 spicionem
2471 2733 2722 2790 incurrit.

2225 2828 2333 2885 Sed
2372 2844 2484 2884 non
2513 2826 2671 2882 valde
2699 2828 2884 2898 gravia
2915 2826 3029 2881 haec
3071 2834 3202 2882 sunt
3239 2833 3583 2897 argumenta.
3619 2824 3731 2879 No-

2150 2932 2265 2979 tum
2294 2921 2441 2976 enim
2466 2928 2571 2984 est,
2594 2928 2649 2976 et
2673 2920 2810 2975 alios
2838 2917 3048 2982 Patres,
3074 2934 3213 2989 quos
3239 2934 3269 2974 e
3296 2919 3552 2990 gentibus
3574 2927 3731 2975 ortos

2149 3025 2273 3067 esse
2301 3024 2460 3065 nemo
2487 3010 2689 3073 nescit,
2724 3009 2905 3080 justas
2942 3008 3158 3064 Veteris
3201 3007 3537 3064 Testamenti
3586 3025 3721 3080 per»

2151 3117 2317 3157 sonas
2358 3101 2477 3157 suis
2525 3101 2804 3157 ascribere
2833 3099 3160 3170 majoribus.
3189 3098 3249 3154 E.
3291 3115 3343 3170 g.
3384 3098 3731 3169 Theophilus

2150 3194 2247 3248 lib.
2272 3207 2335 3246 ιιι
2381 3191 2449 3246 ad
2474 3192 2685 3256 Autol.,
2724 3206 2781 3248 η.
2813 3191 2913 3255 24,
2964 3190 3157 3245 scribit
3191 3208 3205 3245 :
3253 3189 3504 3261 Ἀϐραὰμ
3546 3191 3577 3243 ὁ
3620 3207 3729 3244 πα-

2147 3282 2413 3356 τριάρχης
2465 3282 2645 3354 ἡμῶν,
2675 3298 2731 3336 n.
2761 3281 2878 3336 97:
2930 3280 3179 3353 Ἀδραὰμ
3222 3278 3316 3335 τοῦ
3381 3280 3731 3352 προπάτορος

2147 3377 2182 3447 ἡ
2192 3375 2329 3447 μῶν,
2352 3385 2409 3429 et
2437 3390 2495 3429 ιι.
2525 3373 2597 3429 94
2630 3392 2644 3429 :
2675 3373 2837 3426 Δασιδ
2863 3375 2892 3426 ὁ
2920 3373 3186 3445 πρόγονος
3210 3370 3386 3443 ἡμῶν.

2217 3467 2374 3534 Quod
2422 3473 2607 3521 autem
2637 3473 2939 3521 memorata
2968 3466 3169 3536 capitis
3210 3465 3279 3521 55
3311 3463 3560 3534 exempla
3591 3465 3721 3520 atti-

2146 3566 2263 3622 net,
2297 3557 2633 3613 monendum
2671 3564 2956 3628 praeterea,
2980 3556 3319 3612 Clementem
3350 3553 3591 3611 fortasse
3617 3555 3731 3626 pri«

2146 3662 2295 3703 mum
2326 3662 2359 3703 e
2399 3647 2673 3717 gentibus,
2712 3654 2825 3703 tum
2850 3661 2897 3709 .e
2924 3645 3277 3709 Christianis,
3300 3643 3535 3716 denique
3569 3660 3601 3701 c
3626 3642 3725 3701 Ju-

2145 3738 2280 3795 dmis
2307 3738 2557 3809 exempla
2585 3738 2795 3793 amoris
2823 3738 3015 3808 patria:
3045 3738 3363 3807 protulisse.

2212 3829 2570 3893 Clementem,
2600 3829 2973 3900 apostolorum
3002 3828 3354 3898 discipulum,
3382 3845 3414 3885 a
3440 3828 3727 3885 Clemente

549 3930 796 3995 Quando,
826 3931 917 3985 ubi
947 3938 1000 3985 et
1034 3944 1283 4023 quonam-
1299 3942 1495 3999 genere
1524 3936 1681 3982 ortus
1721 3926 1881 3983 fuerit
1918 3926 2047 4023 Cle:
2066 3957 2116 4023 ο
2143 3921 2514 4023 Alexandrino
2546 3920 2787 4023 Apostoli
2825 3920 3044 3975 nomine
3100 3921 3422 3991 insignitum
3457 3922 3566 3993 (6),
3608 3921 3719 3977 Ro-

486 4027 644 4069 mens
679 4021 883 4079 noster,
908 4010 1202 4069 nescimus.
1250 4011 1409 4069 Liber
1436 4014 1759 4085 pontiﬁcalis
1777 4056 1792 4082 ,
1820 4010 2116 4084 catalog'l'
2144 4029 2316 4067 manu:
2346 4010 2599 4067 Ecclesia:
2639 4010 2803 4080 fuisse
2830 4012 3148 4079 episcopum,
3178 4013 3465 4067 unanimes
3494 4015 3725 4069 tradunt

483 4105 858 4160 Romanorum
887 4106 1224 4175 pontiﬁcum,
1265 4106 1324 4161 S.
1375 4104 1679 4161 Eucherius
1720 4103 2049 4175 Lugdunen-

483 4200 573 4256 sis.
603 4207 658 4254 et
698 4198 1027 4254 Breviarium
1070 4200 1366 4257 Romanum
1405 4214 1472 4256 ex
1514 4196 1970 4269 Recognitionibus
1993 4206 2048 4251 ct

478 4293 721 4348 homiliis
752 4292 1303 4362 pseudoclementinis
1323 4293 1625 4355 fabulosam
1648 4292 1794 4346 illam
1828 4304 2047 4359 recepe-

477 4391 609 4437 runt
632 4384 1031 4448 narrationem,
1080 4399 1204 4453 qua:
1222 4384 1499 4440 Clementi
1532 4399 1708 4456 genus
1738 4384 1924 4439 Romae
1953 4401 2042 4440 se-

475 4475 774 4540 natorium,
833 4483 1149 4546 patremque
1202 4475 1525 4533 Faustinum
1554 4493 1622 4533 ex
1657 4478 1829 4548 stirpe
1852 4476 2039 4535 Caesa-

474 4582 597 4625 rum
631 4566 893 4623 vindicat.
925 4567 1077 4629 Talia
1108 4568 1436 4625 refutatione
1464 4586 1573 4633 non
1604 4571 1870 4641 indigent.

546 4654 923 4711 Tillemontius
952 4656 1253 4728 (Mémoires
1283 4658 1347 4722 ll,
1376 4676 1430 4730 p.
1459 4662 1586 4727 119)
1612 4678 1680 4717 ex
1709 4663 1883 4734 prima
1915 4662 2039 4719 Cle-

470 4752 675 4807 mentis
711 4750 972 4821 epistola,
1017 4768 1137 4824 cap.
1167 4755 1203 4809 4
1246 4755 1451 4827 (πατὴρ
1474 4756 1634 4827 ἡμῶν
1675 4757 1892 4826 Ἰακώϐ)
1926 4759 2043 4812 col-

470 4844 629 4915 legit,
676 4843 852 4898 virum
896 4853 1143 4900 nostrum
1192 4848 1553 4917 apostolicum
1601 4865 1668 4906 ex
1714 4851 1888 4921 stirpe
1934 4850 2050 4905 hu.

540 5021 617 5093 (l)
637 5024 766 5106 .Ka}
791 5022 981 5106 ἐρῳτῶ
1008 5027 1102 5106 xui
1130 5028 1210 5106 es:
1242 5027 1448 5106 σςᾶζυγς
1472 5030 2038 5106 γνήσιεξμσυλλαμὸἀη

470 5108 561 5182 pou
585 5094 1027 5182 ριὺτᾳῖςζέοεῖτινες
1054 5098 1113 5149 ὲν
1137 5098 1214 5182 τῷ
1235 5094 1533 5182 conﬁdite
1557 5094 2034 5182 auvﬁﬁknqdv'pOL,

469 5161 740 5249 θετὰᾶαὶ,
762 5161 1573 5249 Κλήμεντρςμκαῖῌτῷφλοιπῶν
1604 5161 1878 5245 συξιερίίῶν
1909 5161 2034 5248 pou,

466 5232 639 5309 Quid:
655 5232 897 5309 ρνόματξί
917 5237 975 5289 ὲν
1000 5236 1169 5309 βίϐλῳ
1189 5237 1350 5309 ζωῆς.

540 5301 617 5368 (‘2)
658 5302 717 5358 In
744 5301 901 5360 Joan.
929 5322 969 5368 1,

540 5372 618 5437 (5)
652 5371 725 5430 Η.
745 5372 817 5428 Ε.
842 5392 928 5437 ut,
954 5379 1044 5434 15.

657 5442 978 5521 Hieres.\26,
1008 5466 1065 5505 n.
1089 5450 1142 5506 6.

540 5510 595 5577 (Ξ)
659 5516 837 5577 Catal.
865 5518 1044 5579 script.
1071 5535 1142 5574 cci

470 5579 482 5592 -
540 5510 616 5579 (δ)
659 5510 1231 5597 δαίαίο,ὶενῖρι.εεει.,
1309 5537 1361 5577 c.
1392 5522 1477 5577 15.
1511 5521 1831 5595 Opinionem
1887 5526 2029 5583 hanc

465 5585 1285 5708 mtriltf‘t‘ﬁzftf'sn‘sif‘i:
1308 5592 1811 5708 errressr-
1838 5594 1877 5660 "
1898 5596 2036 5665 ιε’».

1460 5681 1490 5708 ⁸⁵
1543 5682 1571 5708 ⁵⁵
1623 5683 1654 5708 Ι-
1687 5679 1716 5708 Ω
1790 5682 2023 5708 nunrnm

469 5659 715 5719 huerike,
733 5659 949 5735 ﬂandb.
980 5659 1036 5713 d.
1060 5659 1125 5715 K.
1150 5660 1214 5716 ϐ.
1242 5662 1285 5728 Ι,
1316 5663 1418 5717 167
1460 5672 1516 5721 et
1543 5659 1659 5727 alii:
1687 5666 1753 5720 ad
1790 5659 2025 5735 quorum

793 5722 1187 5812 dubitationem
1222 5748 1476 5812 magnum
1500 5735 1843 5812 Jacobsonus
1869 5753 2025 5812 ac,ce-_

468 5787 597 5846 dere
630 5798 781 5861 putat
812 5797 1023 5866 pondus
1060 5814 1128 5858 et
1154 5816 1239 5868 eo,
1269 5787 2039 5880 quodf'n‘e..1.ts{ansigna.

2143 4112 2390 4171 veteres;
2422 4103 2520 4161 sed
2549 4111 2753 4175 quotus
2782 4104 2977 4159 ordine
3003 4102 3306 4160 Romanam
3334 4105 3599 4162 insederit
3631 4122 3719 4161 ca-

2141 4199 2417 4261 thedram,
2444 4206 2601 4252 vetus
2629 4206 2683 4252 et
2709 4196 2889 4251 adhuc
2921 4196 3025 4252 sub
3050 4195 3237 4266 judice
3267 4197 3333 4251 lis
3362 4204 3466 4251 est.

2215 4293 2266 4349 1.
2306 4291 2640 4351 Clementem
2694 4290 3068 4347 immediatum
3132 4288 3282 4346 Petri
3336 4305 3721 4345 successorem

2144 4383 2337 4448 fuisse,
2370 4384 2617 4455 plerique
2638 4382 2959 4439 Latinorum
2989 4383 3189 4454 priscis
3208 4383 3322 4452 jam
3353 4384 3711 4452 temporibus,

2140 4487 2279 4533 teste
2307 4476 2639 4549 Hieronymo
2664 4475 2765 4548 (Ἰ),
2787 4477 3147 4532 allirmarunt.

2215 4569 2350 4623 Eum
2379 4585 2410 4623 a
2434 4567 2596 4625 Petro
2620 4570 2740 4640 ipso
2770 4569 2944 4626 fuisse
2970 4569 3306 4630 ordinatum,
3333 4568 3715 4623 Tertullianus

2139 4660 2290 4715 addit
2318 4660 2417 4729 (8).
2468 4659 2835 4733 Hieronymus
2882 4663 3018 4731 ipse,
3063 4661 3314 4731 quamvis
3360 4661 3414 4714 in
3450 4654 3719 4731 Catalogo

2138 4752 2470 4808 Clementem
2502 4751 2640 4807 Lino
2686 4760 2742 4809 et
2773 4751 3035 4807 Anacleto
3075 4752 3474 4822 postposuerit,
3520 4761 3713 4820 postea
3748 4804 3753 4813 ,

2138 4845 2466 4910 sententiam
2494 4853 2763 4910 mutasse,
2804 4845 3127 4915 exterisque
3155 4842 3363 4901 Latinis
3405 4843 3719 4902 accessisse

2138 5041 2297 5099 laude
2326 5043 2659 5098 Clementem
2688 5051 2935 5099 nostrum
2965 5045 3227 5107 cumulat,
3252 5045 3319 5099 de
3342 5045 3433 5099 tali
3458 5061 3520 5101 ac
3550 5054 3711 5102 tanto

2139 5115 2457 5187 testimonio
2490 5113 2747 5185 (Philipp.
2774 5132 2847 5182 tv,
2876 5113 2935 5186 5)
2971 5131 3040 5170 ne
3069 5118 3295 5173 verbum
3340 5116 3561 5187 quidem
3610 5118 3713 5175 has

2136 5183 2290 5323 belli.)
2324 5252 2526 5309 Slrom.
2553 5269 2626 5311 Iv.
2661 5255 2747 5320 17,
2783 5255 2984 5324 p.609,
3010 5256 3095 5310 ed.
3130 5254 3270 5312 Pott.

1068 5348 1083 5374 ,
1114 5290 1256 5380 Opp.
1276 5290 1350 5365 1t.
1373 5308 1462 5375 IV,
1491 5326 1545 5380 p.
1575 5311 1698 5377 155,
1727 5313 1816 5368 ed.
1882 5316 1988 5373 BB.

2209 5290 2290 5393 ἰ
2732 5290 2984 5386 25217fo
3006 5290 3107 5381 Ῐ
3132 5290 3449 5401 Clymene...
3481 5340 3712 5401 quartus.

2130 5405 2249 5467 post
2293 5394 2512 5467 Petrum
2563 5395 2738 5467 Romae
2785 5400 3085 5465 episcopus;
3128 5398 3387 5467 siquidem
3438 5394 3703 5456 secundus

959 5463 1176 5540 ἕλιξί,
1317 5537 1334 5540 Α
1397 5522 1458 5540 η
1513 5521 1554 5540 Α
1596 5523 1606 5535 '
1656 5524 1698 5540 ._
1887 5526 1901 5540 _
2129 5463 2639 5540 Linusfuit,t_ertius
2660 5463 2965 5540 Anqcletus,
2995 5463 3203 5521 tametsi
3220 5469 3451 5540 plerique
3479 5471 3696 5524 Latino-

659 5516 837 5577 Catal.
859 5516 1044 5597 script.
1071 5520 1231 5587 θεῖαι.ι
1309 5537 1361 5577 c.
1511 5521 1831 5595 Opinionem
1887 5526 2042 5583 hanc.
2272 5516 2564 5587 secundum
2592 5516 2707 5602 post

660 5591 790 5658 nant
807 5585 1063 5658 Gieseler,
1087 5588 1285 5651 Lehrb.
1308 5592 1363 5647 d.
1388 5592 1811 5658 lurchengesch.
1838 5594 1877 5658 Ι,
1898 5596 2021 5658 121,
2130 5601 2465 5658 Clementem.

2197 5613 2443 5656 ementem
2454 5645 2465 5656 .

2199 5672 2279 5749 l8)
2301 5674 2390 5749 De
2405 5671 2715 5749 Iprazscript.
2758 5674 2911 5749 Intra,
2942 5692 2993 5733 c.
3022 5677 3093 5732 52
3120 5697 3132 5733 :
3169 5679 3527 5734 Romanorum
3559 5682 3695 5749 (Ec-

2130 5743 2318 5813 clesia)
2350 5740 2668 5797 Clementem
2698 5762 2735 5795 η-
2762 5740 2923 5801 μου-ο
2954 5748 3258 5805 ordinatum
3284 5751 3410 5805 edit.
