4068 6274
324 430 423 485 185

321 638 437 700 post
478 626 691 680 Petrum
722 624 1017 679 Romanam
1063 621 1359 679 Ecclesium
1392 624 1553 688 rexit,
1598 624 1783 678 scribit
1813 622 1882 676 ad

320 721 614 778 Corinthios

389 814 442 867 2.
481 812 814 867 Clementem
842 816 1095 863 nostrum
1126 803 1263 863 Lino
1286 804 1505 865 domum
1548 807 1886 863 successisse

320 911 543 960 censent
576 900 916 972 Augustinus
950 896 1088 970 (10),
1106 895 1341 966 Optatos
1370 896 1717 954 Milevitanus
1746 896 1883 966 (11),

322 997 736 1054 Constitutiones
762 990 1120 1063 apostolorum
1144 989 1260 1059 (12)
1281 997 1336 1045 et
1363 985 1655 1058 Catalogus
1681 985 1884 1045 Roma-

321 1090 515 1145 noru'm
547 1087 891 1157 pontiﬁcum,
919 1101 951 1140 a
978 1081 1322 1140 Bollandistis
1348 1080 1402 1135 in
1425 1079 1704 1152 Propyleo
1725 1096 1879 1139 men.

322 1183 400 1239 sis
434 1180 564 1235 Mali
597 1180 902 1250 evulgatus.

391 1272 447 1327 5.
490 1270 732 1338 Denique
762 1283 871 1324 non
895 1266 1091 1322 Linum
1123 1265 1323 1327 solum,
1352 1261 1446 1319 sed
1473 1270 1529 1315 et
1548 1260 1756 1317 Cletum
1779 1277 1878 1319 seu

321 1363 641 1418 Anacletum
659 1369 785 1416 ante
799 1360 1129 1416 Clementem
1145 1365 1393 1411 nostrum
1415 1352 1669 1407 Romana:
1697 1353 1879 1411 Eccle-

320 1445 418 1498 siae
464 1444 827 1514 gubernacula
865 1445 1126 1508 tenuisse,
1180 1442 1415 1501 lrenseus
1448 1440 1559 1513 (15)
1591 1441 1888 1499 contendit:

311 1535 749 1605 θεμελιώσαντες
783 1534 876 1591 οὖν
917 1540 1009 1592 καὶ
1039 1538 1486 1611 οἰκοδομήσαντες
1527 1537 1578 1591 οἱ
1626 1537 1882 1609 μακάριοι

324 1626 632 1681 Ἀπόστολοι
661 1628 1105 1702 τὴνἘκκλησίαν,
1133 1630 1280 1701 Λίνῳ
1306 1629 1407 1702 τὴν
1450 1629 1547 1700 τῆς
1577 1629 1884 1700 ἐπισκοπῆς

310 1717 648 1791 λειτουργίαν
665 1720 1018 1791 ἐνεχείρισαν.
1049 1720 1250 1776 Τούτου
1278 1718 1373 1774 τοῦ
1396 1719 1558 1774 Λίνου
1586 1718 1800 1783 Παῦλος
1824 1720 1882 1773 ὲν

274 1864 284 1876 ,
307 1814 425 1876 ταῖς
456 1812 595 1883 πρὸς
614 1811 878 1884 Τιμόθεον
890 1812 1226 1877 Ἐπιστολαῖς
1256 1811 1562 1883 μέμνηται·
1583 1811 1881 1882 διαδέχεται

306 1903 361 1958 δὲ
387 1905 553 1957 αὐτὸν
608 1903 988 1976 Ἀνέγκλητος·
1029 1903 1168 1977 μετὰ
1210 1903 1399 1981 τοῦτον
1439 1902 1496 1956 δὲ
1538 1903 1708 1973 τρίτῳ
1733 1902 1883 1977 τόπῳ

307 1998 411 2051 ἀπὸ
436 1998 550 2051 τῶν
591 1997 925 2053 Ἀποστόλων
952 1997 1051 2069 τὴν
1078 1997 1383 2068 ἐπισκοπὴν
1416 1994 1711 2066 κληροῦται
1739 1994 1885 2067 Κλή-

290 2108 432 2162 μης,
462 2094 494 2146 ὁ
521 2091 620 2145 καὶ
641 2088 902 2161 ἑωρακὼς
917 2090 1043 2153 τοὺς
1060 2090 1367 2162 μακαρίους
1398 2086 1770 2151 Ἀποστόλους,
1791 2088 1885 2140 κα)⁸

307 2181 699 2253 συμϐεϐληκὼς
740 2182 944 2245 αὐτοῖς,
997 2182 1092 2234 καὶ
1134 2180 1214 2233 ἔτι
1255 2179 1474 2233 ἔναυλον
1514 2178 1576 2231 τὸ
1624 2179 1884 2249 κήρυγμα

304 2276 407 2327 τῶν
448 2273 816 2339 Ἀποστόλων,
852 2273 946 2329 καὶ
987 2272 1087 2343 τὴν
1124 2272 1417 2344 παράδοσιν
1447 2271 1554 2343 πρὸ
1590 2269 1883 2341 ὀφθαλμῶν

306 2366 435 2437 ἔχων
464 2385 521 2422 κ.
553 2384 604 2420 τ.
644 2366 695 2420 λ.
1051 2407 1054 2410 .

375 2456 517 2513 Cum
546 2453 891 2511 [renato-stat
906 2449 1172 2506 Eusebius
1194 2448 1291 2519 (Η.
1313 2447 1381 2505 Ε.
1402 2464 1486 2514 ιιι,
1518 2449 1605 2514 15,
1642 2449 1730 2512 15,
1758 2451 1875 2519 Si),

312 2547 534 2611 docens,
558 2545 752 2599 Linum
772 2545 841 2598 ab
873 2556 1016 2597 anno
1043 2541 1112 2596 68
1151 2555 1325 2611 usque
1349 2541 1417 2596 ad
1450 2556 1543 2595 an.
1569 2540 1658 2608 80,
1693 2540 1874 2597 Anen-

308 2640 504 2695 cletum
534 2636 728 2703 80-92,
750 2634 1083 2691 Cloinentem
1114 2631 1309 2689 92-101
1356 2646 1410 2702 p.
1465 2630 1568 2686 Cb.
1603 2646 1659 2685 n.
1688 2631 1872 2687 sedem

308 2730 611 2806 Romanam
641 2728 904 2784 tenuisse.

377 2821 639 2877 Eamdem
692 2817 1015 2875 sententiam
1088 2814 1451 2886 Hieronymus
1502 2813 1555 2867 in
1612 2811 1871 2883 Catalogo

307 2916 625 2984 scriptorum
653 2910 1124 2966 ecclesiasticarum
1155 2924 1204 2964 c.
1230 2908 1296 2962 15
1324 2907 1593 2972 tuebatur,
1618 2915 1675 2960 ut
1703 2920 1869 2976 supra

306 3007 539 3065 vidimus
573 3006 707 3075 (14).

369 3089 421 3142 4.
463 3087 662 3143 Varias
704 3087 803 3142 has
849 3086 1152 3145 sententias
1201 3087 1276 3143 ita
1322 3089 1727 3160 componebant
1773 3090 1876 3146 viri

1568 418 1907 479 PROCEMIA
1945 418 2330 479 VARIORUM.

189 578 196 585 .
250 518 253 519 ν
320 540 551 595 videtur.
585 534 877 589 scribens:
916 530 986 585 Et
1015 530 1274 595 Clemens,
1304 533 1384 586 vir
1420 532 1763 600 apostolicus,
1791 530 1883 602 qui
1908 537 1959 594 Α
2038 588 2043 591 τ

1915 1871 1960 1933 Β

305 3182 442 3236 docti
488 3192 551 3237 et
591 3182 900 3253 priscorum
930 3188 986 3237 et
1026 3184 1392 3238 recentiorum
1444 3191 1778 3255 temporum,
1814 3195 1875 3240 ut
1904 3215 1947 3272 α

304 3274 675 3345 conjicerent,
728 3274 920 3334 Linum
973 3280 1028 3330 et
1077 3277 1285 3335 Cletum
1338 3276 1649 3332 viventibus
1698 3278 1881 3333 adhuc

304 3366 567 3436 apostolis
593 3364 765 3421 Paulo
783 3373 838 3423 et
858 3365 1018 3421 Petro
1041 3365 1411 3421 Romanorum
1443 3366 1683 3423 ﬁdelium
1711 3369 1882 3425 fuisse

307 3457 579 3512 antistites
597 3473 614 3522 ;
629 3452 955 3512 Clementem
973 3462 1176 3517 autem,
1196 3454 1307 3511 illis
1334 3453 1565 3513 lortasse
1587 3458 1880 3528 defunctis,

304 3560 393 3601 seu
427 3545 540 3601 sub
568 3543 782 3599 Nerone
812 3544 1075 3625 martyrio
1114 3547 1391 3602 coronatis
1445 3548 1583 3617 (15),
1635 3565 1665 3603 a
1694 3549 1878 3615 Petro,

305 3637 364 3691 ad
395 3644 630 3693 mortem
675 3646 1021 3707 properante,
1060 3636 1323 3694 Romanae
1354 3638 1612 3697 Ecclesiae
1666 3639 1882 3711 episco-

303 3742 425 3802 pum
452 3746 584 3786 esse
614 3729 949 3787 ordinatum.

370 3820 525 3877 Hanc
556 3822 882 3878 sententiam
918 3822 1043 3876 tuiti
1076 3835 1207 3879 sunt
1244 3825 1247 3829 ’

365 3915 420 3981 α)
460 3913 700 3969 Rufinus
750 3912 939 3984 (Praei.
989 3914 1045 3968 in
1096 3911 1152 3969 S.
1189 3914 1487 3972 Clementis
1528 3914 1827 3989 Recoynit.)
1861 3937 1877 3977 :

470 4005 647 4074 Cujus
676 4005 752 4058 rei
790 4005 926 4058 hanc
957 4007 1251 4075 accepimus
1280 4024 1393 4062 esse
1423 4008 1706 4075 rationem,
1737 4012 1878 4081 quod

468 4096 643 4150 Linus
680 4105 729 4151 et
761 4095 940 4151 Cletus
975 4095 1189 4165 [uerunt
1230 4097 1440 4167 quidem
1485 4109 1607 4153 ante
1635 4099 1878 4156 Clemen-

470 4202 578 4243 tem
602 4189 827 4257 episcopi
853 4190 909 4242 in
931 4188 1056 4242 urbe
1072 4188 1258 4255 Roma,
1284 4191 1374 4245 sed
1395 4193 1671 4260 superstite
1695 4192 1875 4260 Petro,

465 4281 730 4345 ridelicet,
762 4290 820 4333 ut
857 4281 940 4335 illi
986 4283 1318 4351 episcopatus
1374 4300 1558 4337 curam
1605 4295 1875 4355 gererent,

470 4375 583 4442 ipse
627 4389 744 4426 vero
792 4374 1119 4441 apostolatus
1165 4375 1401 4444 impleret
1446 4376 1688 4445 oﬁicium.
1726 4378 1877 4433 Sicut

472 4464 743 4518 invenitur
791 4466 955 4519 etiam
992 4464 1133 4534 apud
1174 4464 1473 4521 Caesaream
1523 4468 1737 4537 fecisse;
1785 4468 1877 4525 ubi

2159 533 2636 602 comprehenderis,
2662 552 2767 589 non
2795 534 2897 590 sibi
2926 552 3151 590 consone
3178 538 3558 605 respondebunt

2166 624 2293 678 anni
2344 626 2659 694 pontiﬁcum
2707 610 3067 679 Romanorum
3123 626 3277 678 annis
3329 626 3557 697 impera-

2164 723 2355 771 torum.

2057 805 2113 876 γ)
2155 804 2300 860 Beda
2351 806 2707 870 venerabilis,
2758 805 3044 872 Rabanus,
3095 805 3304 879 Haymo
3353 816 3406 864 et
3442 810 3557 867 alii.

2162 897 2278 955 Cir.
2303 897 2540 952 Coteler.
2574 897 2662 953 ed.
2740 896 2856 952 PP.
2884 909 3080 965 apost.,
3108 908 3152 955 t.
3184 901 3202 954 1
3233 940 3250 967 ,
3283 917 3339 971 p.
3369 902 3475 955 492
3503 912 3557 959 ct

2160 1002 2216 1056 p.
2250 986 2378 1042 387.

2053 1079 2399 1148 Conjecturte
2436 1077 2564 1134 huic
2608 1078 2878 1136 Eusebius
2918 1083 3131 1147 obstat,
3171 1084 3397 1149 docens,
3432 1077 3558 1143 Cle-

1983 1174 2221 1225 mentem
2252 1182 2397 1222 anno
2420 1167 2637 1223 demum
2668 1169 2737 1224 92
2767 1171 2949 1227 sedem
2976 1172 3342 1244 episcopalem
3370 1192 3561 1232 ascen-

1984 1260 2154 1324 disse,
2186 1259 2256 1314 24
2290 1258 2452 1317 annis
2485 1276 2514 1314 a
2546 1268 2722 1316 morte
2751 1260 2809 1317 S.
2832 1261 2977 1317 Petri
3011 1267 3397 1337 praeterlapsis,
3427 1285 3561 1340 quo-

1982 1366 2106 1406 rum
2136 1350 2204 1405 12
2230 1350 2389 1416 Lino,
2425 1358 2481 1406 et
2529 1351 2734 1422 pariter
2763 1354 2830 1407 12
2855 1354 3154 1415 Anencleto
3182 1360 3555 1431 assignantur.

1985 1443 2093 1500 Sed
2127 1444 2217 1499 vix
2245 1443 2484 1508 credam,
2516 1443 2813 1501 Eusebium
2848 1448 2923 1515 id,
2955 1449 3300 1509 documentis
3336 1452 3553 1517 fultum,

1983 1536 2297 1607 scripsisse.
2336 1536 2593 1594 Fortasse
2627 1556 2724 1610 per
2757 1544 3108 1600 traditionem
3153 1545 3255 1616 ipsi
3300 1548 3556 1603 innotue-

1981 1635 2089 1689 rat.
2122 1627 2319 1683 Linum
2347 1637 2402 1685 et
2431 1631 2787 1687 Anencletum
2827 1634 2894 1688 12
2937 1652 3111 1693 annos
3142 1635 3439 1692 Romanam
3469 1654 3557 1694 re-

1981 1720 2130 1775 xisse
2175 1718 2498 1779 Ecclesiam.
2565 1722 2702 1777 Cum
2745 1734 2923 1781 autem
2956 1727 3135 1797 ipsum
3174 1729 3385 1793 lateret,
3432 1730 3557 1786 illos

1985 1810 2330 1878 conjunctos,
2367 1828 2473 1865 una
2503 1829 2621 1865 cum
2651 1815 2848 1869 vivente
2876 1816 3044 1871 adhuc
3077 1818 3257 1884 Petro,
3287 1820 3557 1891 guberna-

1985 1902 2107 1955 cula
2138 1908 2411 1970 tenuisse;
2460 1903 2575 1958 ﬁeri
2618 1913 2854 1975 poterat,
2888 1917 2977 1973 ut,
3009 1908 3328 1981 Catalogum
3367 1910 3556 1969 lrenmi

1984 1995 2307 2065 respiciens,
2351 2012 2564 2051 summa
2596 1997 2796 2052 ﬁducia
2827 2015 2982 2055 suam
3026 2001 3183 2057 nobis
3226 2012 3557 2075 proponeret

1984 2084 2464 2153 computationem.

2054 2176 2108 2234 5.
2148 2176 2258 2232 Nec
2300 2177 2369 2232 de
2402 2177 2692 2248 Epiphanii
2740 2180 3057 2251 conjectura
3109 2190 3412 2249 taceamus,
3459 2183 3557 2255 qui

1984 2262 2004 2317 l
2037 2264 2232 2329 Clem.,
2262 2281 2313 2321 c.
2347 2266 2416 2321 54
2436 2306 2453 2333 ,
2485 2269 2627 2324 male
2671 2270 3082 2341 interpretatus,
3125 2272 3489 2343 Clementem,
3520 2290 3555 2331 ι

1983 2356 2145 2412 Petro
2173 2358 2508 2426 ordinatum,
2542 2362 2695 2432 pacis
2722 2378 2888 2419 causa
2932 2364 3169 2420 cessisse
3214 2363 3352 2420 Lino
3393 2375 3557 2420 autu-

1982 2456 2125 2515 mat;
2172 2448 2308 2504 Lino
2340 2458 2521 2506 autem
2565 2455 2904 2511 successisse
2950 2456 3162 2511 Cletum
3185 2442 3215 2522 ,’
3243 2457 3397 2512 Cleto
3431 2458 3557 2514 Cle-

1982 2550 2218 2595 mentem
2251 2550 2532 2612 resumpto
2563 2544 2910 2613 pontiﬁcatu,
2941 2548 3242 2602 arbitratur
3268 2549 3403 2622 (16).
3440 2550 3557 2606 Nos

1981 2628 2124 2684 hanc
2150 2632 2506 2701 quaestionem
2551 2634 2747 2690 iterum
2795 2637 3149 2709 attingemus,
3177 2640 3244 2695 de
3286 2649 3551 2711 tempore,

1981 2737 2092 2791 quo
2138 2720 2158 2774 i
2205 2721 2501 2780 Clementis
2560 2726 2793 2796 epistola.
2850 2730 3052 2801 scripta
3103 2732 3306 2798 fuerit,
3360 2731 3556 2804 dispu-

1980 2818 2181 2865 tantes.

2049 2898 2168 2954 Jam
2207 2900 2276 2955 de
2304 2912 2473 2970 morte
2507 2902 2804 2962 Clementis
2835 2907 2999 2962 verba
3053 2908 3335 2968 faciamus.
3382 2912 3556 2969 Euse-

1978 2987 2103 3043 hius
2149 2991 2450 3056 contendit,
2494 2992 2829 3051 Clementem
2878 3014 3054 3052 novem
3102 3016 3278 3056 annos
3324 3018 3556 3061 munero

1979 3081 2277 3154 episcopali
2303 3083 2572 3149 functum,
2600 3087 2764 3141 tertio
2786 3086 3010 3159 Trajani
3036 3106 3182 3145 anno
3204 3092 3323 3163 (101
3349 3108 3399 3162 p.
3424 3092 3504 3149 Ch
3532 3096 3551 3166 )

1980 3179 2212 3229 mortem
2245 3175 2467 3231 obiisse.
2500 3175 2582 3231 Ad
2613 3192 2674 3231 ea
2708 3186 2915 3246 autem,
2947 3197 3067 3251 quae
3097 3190 3259 3253 ‘supra
3291 3183 3552 3253 diximus,

1984 3275 2039 3321 et
2069 3265 2209 3321 iul'ra
2238 3268 2500 3336 dicemus,
2541 3271 2906 3339 attendentes,
2937 3290 3116 3329 novem
3145 3277 3362 3347 quidem
3411 3280 3554 3349 regi-

1984 3361 2147 3416 minis
2187 3377 2363 3419 annos
2406 3364 2674 3419 Clementi
2721 3366 3013 3423 tribuimus
3064 3368 3150 3438 (a.
3193 3369 3382 3443 68-77)
3427 3386 3553 3426 cum

1981 3454 2180 3521 Caveo,
2217 3455 2514 3521 Dodwello,
2544 3456 2761 3514 Fleurio
2792 3466 2847 3515 et
2888 3459 3039 3527 aliis;
3070 3474 3193 3514 eum
3225 3470 3405 3517 autem
3427 3461 3553 3533 'jam

1982 3548 2087 3601 sub
2116 3545 2457 3617 Vespasiano
2483 3548 2802 3604 defunctum
2833 3567 2957 3607 esse
2988 3560 3259 3622 putamus.
3289 3551 3390 3618 Qui
3421 3569 3556 3609 vero

1981 3635 2215 3693 Eusebio
2251 3638 2408 3694 ﬁdem
2442 3640 2644 3695 habere
2684 3642 2834 3705 velit,
2869 3658 2993 3696 cum
3032 3644 3151 3713 ipso
3180 3645 3367 3699 credat
3395 3660 3556 3715 opor-

1980 3734 2078 3793 tet,
2128 3728 2276 3784 brevi
2309 3736 2574 3800 tempore,
2623 3750 2673 3787 a.
2710 3732 2967 3798 101-155,
3001 3748 3114 3787 non
3162 3734 3344 3789 minus
3388 3749 3553 3804 quam

1981 3826 2186 3891 septem
2217 3836 2313 3875 seu
2340 3828 2466 3875 octo
2496 3823 2778 3892 pontiﬁces
2806 3823 2989 3879 sedem
3027 3823 3327 3879 Romanam
3359 3839 3556 3881 ascen-

1979 3910 2147 3980 disse,
2170 3913 2418 3983 quamvis
2442 3930 2550 3968 una
2576 3921 2786 3969 tantum
2824 3915 3132 3986 persecutio
3155 3916 3259 3971 hoc
3289 3916 3553 3987 temporis

1979 4004 2213 4076 Spatium
2245 4008 2641 4075 perturbassct.

2052 4094 2318 4151 Eusebius
2341 4108 2394 4153 et
2431 4098 2796 4171 Hieronymus
2830 4101 2890 4170 (1.
2916 4100 2954 4155 ι.
2979 4116 3029 4154 c.
3056 4100 3133 4169 c.)
3167 4107 3396 4154 mortem
3426 4098 3553 4154 Cle-

1977 4189 2175 4245 mentis
2204 4191 2353 4245 nulla
2394 4191 2462 4245 de
2494 4192 2759 4262 martyrio
2802 4194 3076 4248 mentione
3115 4193 3361 4245 instituta
3400 4207 3552 4245 com-

1976 4287 2303 4336 memorant.
2335 4280 2571 4353 Irenams
2617 4298 2835 4351 quoque
2866 4282 2978 4352 (ill,
3010 4283 3087 4352 3),
3136 4282 3423 4353 pontilices
3455 4297 3550 4336 us-

1976 4384 2082 4439 que
2112 4370 2181 4423 ad
2215 4352 2585 4425 Eleutherium
2621 4386 2937 4434 recensens,
2981 4352 3169 4425 eorum
3217 4386 3547 4440 quemquam

1974 4463 2298 4532 martyrium
2322 4478 2544 4531 passum
2572 4471 2767 4532 praeter
2790 4461 3181 4533 Telesphorum
3215 4461 3359 4516 haud
3386 4462 3548 4533 signi-

470 4573 594 4609 cum
626 4557 732 4625 ipse
787 4567 919 4613 esset
952 4574 1205 4627 praesens,
1237 4558 1519 4614 Zaclueum
1550 4570 1725 4617 tamen
1752 4580 1785 4617 a
1821 4582 1877 4619 δε
1907 4568 1952 4623 1)
1982 4553 2125 4611 ﬁcat.
2171 4554 2215 4608 A
2264 4554 2464 4609 Ruﬁno
2506 4571 2637 4610 vero
2680 4566 2734 4609 et
2788 4556 3008 4612 Zosimo
3056 4555 3311 4611 Clemens
3359 4564 3548 4609 noster

471 4649 786 4703 ordinatum
836 4648 1060 4704 habebat
1106 4652 1427 4721 episcopum.
1475 4651 1544 4705 Et
1574 4653 1669 4707 hoc
1716 4654 1870 4709 modo
1974 4657 2180 4718 martyr
2206 4648 2508 4717 appellatur
2541 4648 2676 4718 (17).

472 4754 757 4812 utrumque
790 4757 963 4796 verum
993 4740 1254 4795 videbitur
1276 4756 1294 4791 :
1328 4751 1385 4795 ut
1413 4754 1462 4797 et
1492 4744 1575 4800 illi
1604 4755 1723 4800 ante
1760 4744 1874 4802 Cle-

470 4844 698 4889 mentem
726 4844 1067 4889 numerentur
1110 4835 1369 4905 episcopi,
1415 4843 1464 4890 et
1494 4824 1746 4893 Clemens~
1785 4849 1871 4895 ta—

471 4944 591 4981 men
611 4936 728 4993 post
744 4926 944 4981 obitum
961 4926 1104 4980 Petri
1127 4926 1345 4981 docendi
1362 4930 1646 4996 susceperit
1675 4928 1867 4985 sedem.

375 5018 423 5087 β)
460 5017 777 5073 Clironicon
803 5016 1021 5076 Damasi
1049 5036 1063 5072 :
1098 5016 1221 5072 Nisi
1256 5029 1487 5086 tempora
1530 5021 1870 5090 pontiﬁcatus

477 5106 602 5161 Lini
629 5117 782 5179 atque
806 5106 942 5163 Cleti
971 5107 1067 5163 sub
1088 5109 1261 5179 spatio
1284 5110 1601 5179 praesulatus
1634 5109 1696 5169 Β.
1722 5110 1871 5166 Petri

374 5261 451 5331 (9)
491 5264 548 5318 Ιιι
580 5263 707 5318 Isai.
757 5280 806 5320 c.
834 5281 928 5320 LII.
1834 5302 1839 5307 ·

378 5334 487 5399 (10)
533 5334 629 5404 Ep.
656 5336 726 5390 55
753 5336 819 5390 ad
865 5334 1126 5392 Generos.
1158 5354 1171 5390 :
1208 5335 1365 5391 Petro
1396 5342 1645 5393 successit
1674 5337 1866 5403 Linus,

309 5405 436 5460 Livio
459 5404 719 5466 Clemens,
753 5406 1006 5459 Clementi
1033 5406 1335 5461 Anacletus.

370 5474 481 5547 (11)
520 5474 637 5528 Lib.
669 5489 749 5547 ιιι
782 5475 1048 5547 Catliedra
1076 5494 1181 5531 una
1208 5487 1315 5539 est;
1347 5478 1639 5547 seditprior
1654 5477 1868 5540 Petrus,

306 5544 389 5593 cui
407 5548 656 5598 successit
671 5545 854 5609 Linus,
869 5546 1001 5599 Lino
1016 5547 1274 5604 Clemens.
1290 5544 1540 5602 Clementi
1564 5548 1868 5605 Anacletus.

379 5614 491 5676 (1‘2)
527 5614 643 5689 Lib.
667 5631 766 5689 vit,
800 5632 850 5689 c.
875 5617 949 5689 46
982 5633 994 5669 :
1037 5618 1147 5689 Τῆς
1178 5614 1873 5689 δὲῬωμαίωνἘκκλησίας

308 5679 460 5760 ξεῖνος
494 5684 591 5760 μὲν
624 5687 651 5737 ὁ
684 5686 951 5760 Κλαυδίας
970 5679 1183 5760 mnia;
1218 5679 1595 5760 miluinam
1632 5679 1871 5760 Minui

306 5747 358 5800 δὲ
382 5747 521 5820 μετᾶ
540 5755 628 5829 τρν
654 5758 814 5810 Λίνου
850 5747 1075 5812 Θάνατον
1104 5747 1194 5811 in?
1229 5756 1363 5828 ἐμοῦ
1393 5747 1598 5828 Πέτρου
1625 5747 1872 5829 δεύτὲρὸξ

310 5824 765 5901 κιχειροτόντσαις

2044 4737 2121 4792 Ex
2152 4738 2304 4792 Actis
2335 4740 2601 4810 martyrii,
2631 4738 2750 4794 sine
2773 4739 2940 4794 dubio
2974 4740 3361 4809 supposititiis,
3387 4738 3549 4792 Lum-

1972 4846 2136 4901 perus
2189 4831 2471 4886 historiam
2516 4833 2762 4903 martyrii
2797 4831 2853 4888 S.
2898 4833 3196 4888 Clementis
3243 4833 3329 4886 his
3359 4830 3555 4886 verbis.

1971 4922 2173 4978 refert:
2206 4941 2224 4974 ι
2254 4923 2609 4988 Clementem,
2640 4941 2669 4977 a
2703 4923 3045 4986 Mamertino,
3080 4925 3235 4978 urbis
3259 4921 3536 4992 praefecto,

1973 5014 2097 5070 ﬁdei
2128 5030 2293 5070 causa
2325 5024 2673 5080 accusatum,
2727 5016 2998 5091 Trajanus
3030 5018 3084 5071 in
3134 5013 3542 5070 Chersonesum

1973 5103 2113 5158 ultra
2158 5102 2391 5159 Pontum
2437 5105 2708 5161 Euxinum
2751 5107 3033 5177 relegavit.
3068 5104 3279 5159 Invenit
3308 5119 3437 5174 vero
3465 5103 3547 5160 ibi

2044 5263 2159 5387 (:55)
2210 5262 2339 5319 Adv.
2364 5265 2531 5329 been,
2557 5265 2593 5318 Ι.
2622 5281 2706 5332 ιιι,
2738 5282 2787 5321 c.
2816 5267 2884 5332 '5,
2935 5265 3081 5335 apud
3144 5262 3340 5318 Euseb.
3370 5261 3440 5317 Η.
3462 5262 3545 5323 E._

1984 5361 2041 5399 ν,
2070 5361 2125 5387 υ.

2042 5403 2154 5474 (14η)
2194 5401 2310 5474 Cir.
2344 5417 2508 5473 supra
2531 5414 2644 5474 not.
2690 5403 2789 5474 (7).

2043 5472 2155 5542 (15)
2195 5472 2473 5545 [udicnliis
2530 5472 2709 5545 Rom,
2738 5474 2936 5530 Pontif.
2981 5490 3145 5545 supra
3181 5483 3536 5541 memoratus,

1971 5542 2163 5619 Linum
2189 5542 2456 5619 Capitone
2495 5552 2549 5598 et
2577 5543 2722 5597 Rufo
2765 5560 2913 5601 coss.
2941 5547 3001 5616 (i.
3026 5542 3075 5601 θ’.
3129 5564 3176 5600 a.
3201 5547 3292 5613 67,
3325 5562 3378 5617 p.
3400 5546 3529 5619 Cli.)

1971 5631 2004 5670 e
2034 5615 2174 5702 vivis
2196 5614 2516 5702 decessisse
2548 5623 2793 5702 annotat.
2874 5635 2891 5660 ο

2042 5685 2158 5826 {iil

2068 5825 2156 5885 16.

2196 5682 2400 5738 Haeres.
2424 5700 2597 5747 xxvii,
2632 5701 2688 5740 ιι.
2711 5687 2763 5740 6.

2197 5752 2458 5827 Lumper,
2502 5754 2743 5811 Historia
2775 5754 3292 5826 theologica-critica,
3378 5764 3419 5812 t.
3469 5753 3537 5826 Ι,

1977 5842 2031 5903 p.
