4068 6274
506 382 605 439 H7

1601 375 1693 429 AD
1734 372 1791 429 S.
1830 364 2252 428 CLEMENTEM
2292 364 2312 418 l
2351 363 2582 419 PAPAM

3644 363 3743 418 l88

502 501 644 555 ultra
666 498 777 555 duo
800 496 969 551 millia
995 494 1460 557 Christianorum.
1485 490 1596 559 iam
1615 489 1707 543 di“
1735 490 1801 542 ad
1832 482 2071 541 “Edendi
2101 488 2148 542 Α
2177 500 2344 573 plevit
2364 508 2420 556 et
2447 500 2618 554 minio
2642 496 2871 552 notavit.
2898 494 3004 550 Sed
3038 495 3214 567 ipsius
3239 496 3426 558 editio,
3452 502 3507 549 et
3532 511 3745 564 omnes,

502 591 792 646 marmoris
819 605 957 659 Opus
998 588 1403 642 damnatorum.
1436 583 1583 639 Inter
1606 583 1841 637 maxima
1890 586 2071 634 autem

503 683 699 737 horum
741 680 979 734 lidelium
1020 677 1365 733 incommoda
1398 675 1530 730 illud
1562 682 1703 739 erat,
1729 672 1874 743 quod
1916 678 2071 727 sexto

500 771 757 827 milliario
786 785 980 839 aquam
1015 769 1260 824 humeris
1292 768 1410 822 suis
1452 767 1743 837 deportare
1787 762 2069 817 deberent.

496 861 747 919 Pontifex
796 869 975 917 autem
1034 876 1226 916 eorum
1283 859 1636 915 miseratione
1688 863 1906 921 tactus,
1943 868 2070 909 cum

497 957 621 1027 agni
659 954 949 1024 cujusdam
983 955 1174 1017 ductu,
1208 952 1299 1008 ubi
1332 952 1456 1007 fons
1500 956 1667 1015 esset,
1700 948 2067 1019 cognovisset,

494 1064 639 1111 eam,
675 1056 733 1100 ut
755 1046 1072 1111 eli'oderent,
1099 1044 1429 1101 Christianis
1457 1042 1715 1099 ostendit.
1748 1042 1958 1108 Quibus
1981 1057 2073 1097 ne-

493 1138 792 1210 quidquam
822 1139 1198 1193 laborantibus
1229 1136 1289 1192 S.
1314 1136 1566 1193 Clemens
1596 1138 1713 1206 ipse
1738 1152 1862 1191 eum
1888 1135 2068 1189 locum

496 1231 599 1285 levi
633 1232 740 1285 ictu
780 1231 1075 1300 percussit,
1106 1237 1161 1284 et
1208 1229 1330 1285 fons
1362 1228 1508 1282 illico
1536 1228 1759 1284 exsiliit.
1791 1228 1872 1282 Ad
1903 1228 2070 1282 mira-

494 1327 604 1380 culi
642 1326 807 1395 hujus
854 1326 1050 1380 lamam
1087 1335 1199 1380 tota
1250 1325 1529 1395 provincia
1564 1333 1904 1391 accurrente,
1933 1343 2070 1381 cun-

494 1416 707 1484 ctisque
747 1417 812 1471 ad
848 1415 1007 1471 ﬁdem
1048 1416 1317 1470 traductis
1344 1424 1399 1470 et
1425 1416 1738 1486 baptizatis,
1767 1416 1909 1471 intra
1939 1418 2067 1473 anni

494 1507 732 1581 spatium
793 1506 1136 1577 septuaginta
1200 1492 1465 1561 ecclesia:-
1509 1514 1870 1572 constructae,
1922 1507 2066 1575 idola

490 1607 675 1666 omnia
726 1606 1039 1671 confracta,
1093 1609 1294 1677 templa
1349 1603 1792 1673 circumjecentis
1829 1600 2067 1670 regionis

488 1699 695 1765 diruta,
726 1715 1027 1771 omnesque
1075 1701 1179 1755 luci
1211 1715 1385 1769 usque
1417 1697 1482 1752 ad
1524 1703 1769 1752 trecenta
1808 1694 2066 1749 milliaria

490 1792 546 1851 in
576 1793 807 1847 circuitu
836 1793 1042 1848 concisi
1072 1793 1242 1847 fuere.
1277 1791 1550 1861 Trajanus
1580 1804 1731 1853 vero,
1764 1797 1821 1842 ut
1848 1794 2062 1841 tantum
2098 1831 2141 1886 Β

489 1884 568 1942 rei
599 1883 924 1939 Christiame
948 1900 1299 1956 progressum
1332 1884 1571 1945 sisteret,
1600 1881 1938 1936 Clementem
1969 1894 2068 1932 an-

486 1977 654 2032 chora
684 1978 749 2030 ad
782 1978 984 2032 collum
1019 1978 1180 2047 ligata
1212 1977 1267 2031 in
1301 1991 1451 2031 mare
1495 1974 1735 2044 demergi
1766 1971 2063 2028 mandavit.

486 2068 556 2121 At
586 2070 720 2123 mari
754 2086 927 2139 usque
955 2070 1023 2123 ad
1063 2070 1264 2132 locum,
1304 2082 1414 2135 quo
1440 2064 1723 2120 Pontiﬁcis
1758 2079 1959 2133 corpus
1980 2062 2067 2133 ja-

485 2160 680 2222 ccbat,
732 2159 1050 2225 recedente,
1103 2159 1238 2214 illud
1276 2157 1488 2211 tumulo
1543 2169 1709 2209 saxeo
1751 2154 1806 2207 in
1866 2155 2065 2226 templo

483 2251 718 2324 quodam
771 2267 1080 2305 marmoreo
1134 2249 1421 2305 conditum
1482 2246 1783 2304 Christiani
1838 2247 2062 2303 invene-

484 2354 613 2401 runt
644 2344 780 2417 (l8).
806 2364 824 2396 ι

554 2436 619 2492 ll.
660 2436 954 2491 Clementis
1002 2435 1340 2504 temporibus
1393 2448 1518 2491 cum
1565 2431 1894 2503 gravissima
1943 2430 2060 2485 dis-

484 2530 671 2585 sensio
703 2528 952 2585 Corinthi
978 2535 1168 2581 exorta
1213 2534 1359 2581 esset
1389 2527 1532 2581 inter
1564 2525 1761 2579 lratres
1786 2523 1924 2594 (l9),
1958 2523 2061 2578 Ec-

482 2622 649 2676 clesia
692 2619 939 2674 Romana
991 2619 1479 2674 luculentissimam
1527 2618 1814 2689 epistolam
1864 2616 2031 2672 Corin

482 2711 615 2766 tliiis
656 2712 908 2780 scripsit,
950 2725 1058 2780 qua
1106 2726 1201 2765 eos
1240 2710 1307 2763 ad
1353 2725 1542 2781 pacem
1597 2708 2061 2778 concordiamque

470 2811 795 2873 revocaret,
839 2814 892 2859 et
944 2804 1101 2858 ﬁdem
1148 2804 1398 2867 illorum,
1432 2811 1486 2859 et
1535 2818 1700 2874 quam
1746 2817 1941 2857 recens
1989 2801 2059 2857 ab

494 2897 760 2967 apostolis
790 2905 1151 2967 susceperant
1196 2896 1547 2951 traditionem
1600 2904 1950 2951 renovarent.
1980 2893 2057 2949 lta

480 2987 716 3043 lremeus
753 2989 886 3059 (20).
912 2988 1063 3044 Hanc
1093 2990 1381 3060 epistolam
1412 2988 1634 3043 nomine
1660 2986 1920 3043 Ecclesiae
1949 2986 2059 3041 Ro-

481 3097 657 3135 mana:
684 3079 1018 3137 Clementem
1063 3089 1314 3135 nostrum
1352 3080 1644 3149 scripsisse
1683 3077 1851 3133 refert
1885 3078 2057 3134 Euse-

2176 594 2241 647 ad
2273 590 2566 646 Junianam
2613 598 2840 654 exactaz,
2885 588 3032 644 vitiis
3079 588 3330 644 laborant
3373 605 3482 643 non
3533 590 3744 660 paucis.

2173 684 2293 752 Quo
2347 683 2548 738 factum
2599 690 2716 746 est,
2761 690 2823 737 ut
2874 680 3147 739 Henricus
3199 682 3743 749 Wottonus,eColl.

2174 776 2233 834 S.
2265 776 2424 831 Joan.
2468 775 2673 845 Evang.
2713 774 2779 830 A.
2823 773 2892 828 Μ.
2939 774 3187 829 codicem
3238 784 3439 829 mstum
3485 776 3554 830 de
3602 789 3747 829 novo

2172 877 2427 923 accurate
2456 867 2775 939 inspiceret,
2819 873 2873 921 et
2902 873 3111 921 textum
3153 865 3451 921 Iunianum
3498 868 3745 938 octogies

2172 959 2485 1016 emendaret
2500 968 2555 1015 et
2580 959 2879 1032 suppleret.
2901 957 2993 1013 Sic
3012 957 3214 1028 prodiit
3228 959 3366 1015 1718
3377 958 3745 1030 Cantabrigia:

2170 1052 2336 1108 editio
2352 1051 2725 1117 Wottoniana,
2748 1052 2805 1106 in
2830 1066 2959 1121 qua,
2976 1065 3098 1119 quae
3112 1052 3339 1106 aberant
3352 1068 3381 1104 a
3398 1060 3543 1107 msto
3567 1067 3748 1106 exem-

2170 1143 2331 1214 plari,
2370 1143 2755 1198 minutioribus
2797 1142 2940 1213 typis
2994 1141 3263 1211 impressa
3309 1141 3542 1197 invenis.
3594 1140 3748 1195 Hanc

2170 1235 2463 1289 editionem
2505 1233 2826 1289 Gallandius
2857 1234 2963 1290 sibi
2994 1233 3331 1304 sequendam
3384 1248 3597 1288 summo
3621 1233 3749 1301 jure

2169 1329 2416 1394 censuit,
2456 1327 2552 1399 qui
2600 1328 2825 1396 insuper
2866 1328 3014 1383 notis
3042 1334 3098 1381 et
3132 1326 3467 1395 conjecturis
3510 1327 3743 1380 aliorum

2169 1420 2415 1475 virorum
2464 1419 2826 1484 eruditorum,
2862 1420 3039 1485 Millii,
3076 1417 3229 1485 Birii,
3260 1417 3462 1490 Freyii,
3510 1425 3642 1481 etc...
3687 1420 3744 1474 in

2169 1512 2626 1568 elaborauda‘sua
2668 1512 2906 1568 editione
2936 1520 3021 1567 est
3052 1527 3209 1566 usus.
3240 1510 3485 1579 Denique
3524 1524 3578 1564 a.
3604 1510 3741 1564 l859

2168 1604 2366 1660 Oxonii
2395 1621 2427 1660 e
2454 1604 2825 1676 typographeo
2869 1603 3180 1659 academico
3212 1602 3415 1673 prodiit
3444 1601 3612 1656 editio
3640 1603 3745 1656 ele-

2169 1696 2493 1767 gantissima
2528 1695 2805 1750 Guilielmi
2849 1693 3166 1759 Jacobsoni,
3211 1694 3308 1763 qui
3341 1692 3585 1747 codicem
3617 1692 3744 1747 Ale-

2167 1788 2498 1843 xandrinum
2535 1788 2731 1843 iterum
2772 1787 3001 1851 evolvit,
3050 1793 3259 1840 textum
3307 1784 3513 1855 passim
3558 1799 3761 1849 emet»,

2167 1881 2337 1949 davit,
2368 1879 2714 1949 conjecturas
2758 1879 2951 1934 doctas
2981 1876 3294 1948 proposuit,
3341 1884 3395 1929 et
3437 1876 3743 1927 annotatio-

2167 1973 2331 2028 nibus
2362 1973 2595 2027 aliorum
2625 1988 2756 2028 suas
2796 1972 2995 2040 adjecit
3034 1968 3171 2042 (24).

2236 2064 2347 2121 Nos
2375 2081 2498 2121 cum
2528 2064 2813 2119 Gallandio
2850 2073 2903 2119 et
2946 2062 3276 2124 Jacobsono,
3309 2075 3394 2127 ea,
3439 2075 3559 2131 qum
3599 2059 3741 2129 apud

2168 2155 2513 2221 Wottonum,
2546 2165 2691 2211 ms’to
2721 2156 2898 2212 codici
2932 2157 3090 2226 plane
3118 2154 3506 2217 adhaerentem,
3545 2152 3742 2207 vitioso

2164 2251 2250 2305 vel
2296 2250 2546 2306 obsoleto
2586 2266 2741 2305 more
2773 2249 2978 2319 scripta
3021 2248 3461 2310 inveniebantur,
3507 2246 3741 2299 mutavi-

2163 2356 2321 2413 nius;
2343 2358 2506 2398 voces
2530 2350 2585 2397 et
2614 2342 2849 2405 litteras,
2882 2357 3004 2411 quae
3038 2340 3092 2395 in
3124 2339 3311 2394 codice
3338 2338 3557 2401 desunt,
3583 2339 3742 2393 uncis

2162 2432 2524 2502 inclusimus,
2568 2445 2621 2491 et
2658 2433 3025 2489 Jacobsonum
3070 2432 3316 2502 aliosque
3358 2430 3506 2485 viros
3549 2428 3741 2485 doctos

2161 2523 2332 2581 duces
2369 2527 2683 2583 habuimus.

2235 2618 2317 2673 Ill.
2362 2616 2695 2673 Clementem
2741 2616 3049 2672 Romanum
3088 2617 3157 2671 ad
3199 2615 3519 2670 Corinthios
3566 2617 3740 2684 scrip-

2161 2714 2335 2780 sisse,
2374 2726 2534 2766 nemo
2570 2711 2808 2781 negabit.
2851 2709 3025 2765 Fuere
3073 2717 3279 2774 tamen,
3317 2707 3409 2777 qui
3453 2708 3737 2777 epistolam

2159 2814 2404 2861 nostram
2452 2819 2561 2858 non
2604 2803 2888 2874 genuinam
2919 2810 3179 2873 putarent
3224 2818 3327 2856 nec
3358 2802 3504 2855 illam
3546 2816 3738 2856 cense-

2158 2907 2302 2965 rent,
2334 2912 2499 2969 quam
2533 2899 2745 2968 antiqui
2776 2896 2970 2953 Patres
3006 2896 3300 2951 laudarunt
3328 2906 3384 2952 et
3413 2896 3734 2967 allegarunt.

2156 2991 2466 3048 Praisertim
2487 2990 2572 3047 Jo.
2598 2990 2876 3047 Tolandus
2900 2991 3036 3063 (25),
3059 2991 3265 3046 Christ.
3296 2990 3434 3062 Aug.
3452 2988 3597 3061 Salig
3626 2989 3740 3060 (26)

2157 3094 2213 3141 et
2245 3085 2531 3142 Gishertus
2566 3084 2819 3150 Voetius,
2896 3084 3062 3140 theol.
3102 3083 3382 3155 professor
3429 3083 3484 3137 in
3527 3083 3738 3139 Acade-

482 3172 762 3240 liiustil);
795 3174 1061 3244 multique
1090 3173 1181 3227 alii
1208 3180 1451 3227 veterum
1486 3171 1649 3241 hujus
1676 3171 1921 3241 epistola:
1950 3188 2056 3227 me-
2082 3196 2124 3254 ο
2157 3178 2265 3233 mia
2311 3177 2671 3247 Ultrajectina
2703 3178 2817 3249 (27)
2856 3179 3195 3234 authentiam
3246 3178 3495 3248 epistola
3530 3183 3736 3232 nostra

479 3264 778 3319 minerunt.
814 3263 920 3319 Sed
952 3274 1077 3320 ante
1105 3279 1231 3320 srec.
1260 3280 1370 3318 xvii
1398 3279 1591 3319 omnes
1626 3265 1788 3320 medii
1830 3275 1883 3321 et
1921 3266 2053 3322 infe-

480 3356 644 3412 rioris
670 3358 769 3412 aevi
805 3357 1041 3428 theologi
1075 3356 1217 3412 hanc
1244 3357 1424 3412 Patris
1449 3357 1735 3427 apostolici
1764 3358 2052 3430 epistolam

478 3447 811 3519 deperditam
842 3450 1118 3521 lugebant.

553 3542 709 3595 Anno
749 3549 929 3597 autem
974 3541 1114 3596 1652
1156 3541 1396 3614 Cyrillus
1444 3542 1695 3606 Lucaris,
1738 3542 2048 3613 patriarcha

475 3632 1139 3703 Constantinopolitanus,
1171 3633 1468 3705 Anglorum
1518 3636 1636 3706 regi
1670 3636 1870 3692 Carolo
1899 3635 1921 3689 l
1951 3652 2052 3694 an-

476 3723 847 3793 tiquissimum
882 3722 946 3780 V.
986 3733 1042 3777 et
1076 3723 1142 3779 N.
1179 3723 1243 3780 Τ.
1291 3726 1535 3781 codicem
1579 3726 1724 3781 dono
1766 3729 1951 3797 misit;
1997 3738 2052 3786 et

476 3829 626 3879 ecce,
659 3814 724 3868 ad
757 3815 962 3870 calcem
1000 3818 1438 3886 praestantissimi
1486 3818 1650 3886 hujus
1698 3819 1905 3874 codicis
1924 3822 2047 3880 Ale-

477 3902 730 3958 xandrini
756 3903 987 3974 epistola
1018 3906 1106 3960 illa
1136 3905 1453 3971 Clementis,
1480 3908 1685 3962 dudum
1713 3908 2046 3976 desiderata,

476 3992 987 4065 inveniebaturﬁﬁ)
1007 4013 1132 4051 cum
1161 3997 1465 4069 fragmento
1487 4001 1713 4056 alterius
1736 4002 2045 4072 libri,quem

475 4087 758 4157 catalogus
787 4088 961 4143 codici
990 4091 1240 4159 praeﬁxas
1276 4093 1358 4148 his
1388 4094 1584 4149 litteris
1616 4094 1795 4165 signat
1821 4115 1833 4147 :

478 4197 721 4243 ....εντο;
742 4181 928 4251 ὲ....>.η
953 4183 1011 4234 Β.
1044 4182 1155 4253 (‘25)
1180 4185 1230 4238 id
1260 4194 1344 4239 cst
1366 4186 1675 4258 Κλήμεντος
1704 4188 1956 4259 ἐπιστολὴ
1979 4189 2042 4258 β’.

550 4270 843 4342 Utramque
884 4273 1023 4328 hanc
1046 4274 1342 4332 Clementis
1373 4277 1657 4347 epistolam
1689 4295 1753 4333 ex
1791 4283 2046 4335 vetustis-

472 4362 612 4415 simo
642 4363 734 4415 illo
763 4363 955 4418 codice
988 4366 1199 4434 primus
1221 4368 1465 4421 omnium
1491 4368 1687 4425 Oxonii
1712 4371 1851 4426 1655
1873 4372 2045 4427 edidit

472 4445 742 4504 Patricius
781 4450 999 4517 Junius,
1030 4457 1173 4525 regis
1212 4456 1509 4527 Anglorum
1559 4461 2039 4530 bibliothecarius;

2155 3281 2444 3343 negarunt,
2478 3273 2557 3326 illi
2582 3272 2875 3343 imperiose
2905 3272 3054 3326 nulla
3075 3270 3365 3326 allerentes
3390 3278 3733 3340 argumenta,

2152 3363 2244 3419 hic
2274 3364 2758 3421 hallucinationem
2785 3364 2986 3435 potius,
3014 3378 3176 3434 quam
3209 3363 3734 3419 demonstrationem

2153 3455 2457 3530 proferens.
2491 3457 2667 3524 Quam
2701 3458 2841 3512 male
2885 3464 3261 3526 praeconcepta
3296 3456 3558 3527 opinione
3592 3457 3733 3512 dus-

2153 3554 2245 3603 tus
2276 3548 2330 3603 id
2366 3550 2556 3620 egerit,
2588 3549 2736 3604 audi.
2768 3548 3134 3614 Admiramur,
3170 3547 3366 3618 inquit,
3408 3549 3731 3619 singularem

2158 3638 2396 3695 divinam
2426 3643 2829 3712 providentiam,
2861 3659 2979 3714 qua:
3009 3644 3232 3707 curavit,
3264 3652 3324 3695 ut
3355 3644 3420 3695 ab
3462 3644 3731 3711 apostolo-

2153 3750 2271 3788 rum
2298 3735 2595 3804 discipulis,
2642 3736 2871 3805 virisque
2903 3735 3234 3805 apostolicis,
3277 3744 3324 3788 et
3366 3735 3730 3798 apostolorum

2151 3827 2345 3882 sucula
2374 3828 2653 3897 proximis,
2683 3836 2775 3880 aut
2809 3827 2941 3881 nihil
2972 3828 3309 3890 scriberetur,
3336 3835 3429 3880 aut
3454 3827 3588 3880 nihil
3609 3844 3731 3881 can-

2148 3931 2447 3973 servaretur
2472 3928 2520 3973 et
2552 3918 2621 3971 ad
2647 3927 2882 3987 posteros
2913 3927 3175 3982 manaret,
3211 3926 3304 3972 aut
3366 3920 3556 3974 saltem
3594 3917 3729 3971 nihil

2150 4011 2215 4063 ab
2244 4012 2397 4065 initia
2428 4009 2679 4065 Ecclesiae
2704 4027 2865 4079 usque
2906 4012 2961 4064 in
2992 4010 3129 4063 hunc
3158 4009 3298 4064 diem
3323 4020 3631 4079 superesset,
3661 4009 3728 4064 de

2146 4118 2247 4173 quo
2273 4120 2373 4156 non
2395 4102 2751 4165 dubitaretur,
2775 4111 2867 4154 aut
2894 4101 3036 4171 quod
3065 4119 3157 4171 per
3200 4104 3371 4155 tineas
3402 4102 3727 4174 blattasque,

2149 4203 2242 4247 aut
2267 4195 2435 4248 alium
2464 4196 2692 4265 quemvis
2726 4193 2823 4248 Dei
2850 4196 3138 4248 exercitum
3171 4196 3473 4249 mutilatum
3508 4214 3610 4250 non
3640 4215 3727 4251 es-

2145 4296 2224 4339 set
2246 4303 2265 4339 :
2297 4297 2355 4340 ut
2385 4287 2488 4343 soli
2514 4286 2803 4356 Scriptura:
2834 4295 2983 4341 tanto
3017 4288 3306 4341 evidentius
3330 4304 3430 4340 sua
3457 4298 3725 4344 constaret

2146 4382 2470 4444 auctoritas,
2505 4380 2687 4450 illique
2715 4380 2817 4434 soli
2845 4390 2979 4435 esset
3005 4381 3223 4450 propria
3243 4380 3727 4449 incorruptibilitas

2146 4481 2196 4526 et
2229 4473 2521 4527 azternitas.

471 4554 635 4636 voces
662 4540 971 4636 deperditas
993 4551 1048 4598 et
1076 4545 1283 4601 litteras
1311 4556 1582 4604 vetustate
1608 4566 1823 4615 exesas,
1851 4552 2042 4621 spatiis
2074 4573 2119 4628 ι)
2216 4564 2327 4619 Nos
2356 4565 2634 4629 eamdem,
2667 4580 2828 4636 quam
2862 4566 3115 4620 Clemens
3147 4565 3463 4635 scripserit,
3518 4566 3721 4623 habere

473 4638 530 4687 ct
563 4630 874 4687 iuterstitiis
903 4644 1177 4701 accurate,
1216 4648 1274 4691 ut
1314 4640 1558 4708 putabat,
1589 4641 1873 4710 dimensis,
1907 4661 2039 4716 sup-

701 4769 939 4852 !‘listpria
959 4772 1114 4852 theol.
1162 4775 1310 4840 erit.,
1344 4784 1383 4832 t.
1411 4778 1451 4841 l,
1477 4795 1531 4848 p.
1555 4780 1625 4834 5‘2
1654 4798 1735 4852 sq.

545 4840 659 4925 (19)
703 4840 911 4925 §cditio
938 4850 1090 4925 mota
1132 4855 1309 4925 iuerat
1365 4840 1562 4925 contra
1589 4840 1936 4925 presbyteros
1963 4857 2035 4925 (c.

581 4951 595 4973 ,
620 4908 731 4989 “qui
785 4910 989 4989 injuste
1031 4916 1358 4989 muneribus
1387 4919 1502 4989 suis
1532 4908 1932 4989 dejicieﬁantur
1962 4908 2034 4989 (é.

470 4979 581 5061 is).
618 4979 978 5061 Si-henltelius
1024 4981 1101 5061 (in
1138 4979 1814 5061 UllmanniStud.'etlt'rit.
1875 4979 2036 5061 isti,

471 5048 703 5135 fasci,
738 5068 792 5121 p.
819 5052 889 5107 55
911 5048 1063 5135 _sqq.)_
1090 5058 1679 5135 autumat,_laetionem
1709 5048 1895 5135 illam,
1917 5048 2039 5135 qua;

467 5120 674 5200 Christi
705 5120 828 5178 esse
872 5120 1233 5200 gloriabatur,
1268 5128 1553 5189 revixisse,
1593 5139 1646 5182 et
1676 5132 1817 5186 sicut
1846 5120 2039 5191 aucto;

471 5196 688 5246 ritatem
728 5196 1308 5276 apostolorumnitanct
1335 5201 1715 5276 auctoritatem
1749 5206 2035 5276 presbyte-

470 5266 800 5344 rorumhqui
830 5265 901 5344 ahb
932 5265 1197 5344 appstoiis
1225 5266 1439 5344 fuerant
1473 5265 2038 5344 instituti,jsprevis$e

468 5345 535 5383 ac
548 5333 823 5402 rejeciSse.
843 5334 948 5390 Sed
962 5333 1212 5392 Clemens
1225 5338 1339 5405 ipse
1354 5349 1707 5397 recentiorem
1719 5333 2036 5403 Corinthio-

470 5416 598 5480 tum
613 5405 935 5480 seditionem
960 5408 1028 5462 ab
1058 5407 1149 5461 illa
1181 5408 1350 5476 priori
1377 5408 1512 5480 bene
1532 5412 1841 5480 distinguit,
1866 5434 1916 5473 c.
1941 5419 2029 5474 47.

544 5472 660 5594 ἓὲο)
695 5475 827 5530 Adv.
854 5480 982 5530 hwr.
1022 5490 1120 5539 ut,
1153 5472 1205 5532 δ’.
1250 5480 1403 5550 Apud
1434 5479 1660 5548 Euseb.,
1695 5472 1840 5538 Hist;
1882 5472 2034 5557 each,

470 5556 523 5606 v,
544 5556 597 5595 ο.

540 5612 652 5681 (2|)
690 5614 759 5667 ll.
790 5614 854 5668 E.
891 5632 971 5679 ιιι,
1004 5616 1066 5669 ιδ
1092 5626 1143 5670 et
1172 5618 1260 5671 58.
1534 5664 1537 5667 .
1574 5670 1581 5675 .

541 5682 879 5766 βὲλςὶοιίεξ.
911 5702 1011 5739 IIIS.
1030 5687 1388 5766 _epigra_p_het1
1402 5700 1685 5766 praestat}
1718 5694 2031 5766 Κλήμεντος

469 5753 605 5826 πρὸς
657 5756 973 5825 Κορινθίους
1026 5753 1300 5829 irtus-10M.
1348 5753 1463 5815 Cl‘r.
1511 5753 2027 5831 JacobSOII,"l’nti'es

469 5835 663 5879 αυοδι..
700 5837 736 5879 ι.
766 5823 805 5879 Ι.
837 5842 887 5879 n.
920 5826 1044 5879 205.

466 5837 665 5896 apost.,
700 5837 736 5879 ι.
766 5837 805 5887 l,
836 5842 887 5899 p.
920 5837 1044 5880 τως).

2140 4658 2455 4728 epistolam,
2493 4658 2688 4713 exinde
2731 4658 2863 4713 satis
2890 4659 3169 4727 probatur,
3195 4656 3321 4726 quia
3346 4672 3434 4721 ea,
3474 4674 3595 4727 quae
3625 4675 3719 4714 ve-

2213 4791 2332 4874 (25)_
2350 4792 2465 4873 Cir.
2482 4792 2787 4874 lacobsonl.
2800 4808 2871 4855 c..
2886 4808 2936 4862 p.
2951 4809 3020 4849 XI.
3042 4791 3424 4874 inscriptionis
3450 4793 3506 4847 in
3538 4795 3718 4874 fronte

2140 4865 2384 4947 epistolae
2408 4864 2581 4947 ipsius
2608 4883 2671 4947 ne
2704 4869 2939 4947 litterpm
2964 4864 3182 4947 quidem
3213 4865 3477 4935 integram
3511 4870 3717 4934 prmbet

2140 4929 2277 4986 Cod.
2308 4929 2484 4986 mstus
2515 4929 2784 4986 lacobson
2809 4969 2823 4991 ,
2854 4934 2889 4989 ι.
2917 4929 3056 5003 αἰ).
3080 4934 3206 4989 214.
3330 4929 3351 4935 ⁷
3511 4929 3527 4934 ’

2213 5002 2430 5081 (eius.
2455 5002 2749 5056 Clemenlis
2774 5001 3035 5081 iiomani,
3070 5003 3127 5058 S.
3154 5004 3345 5074 lgnatii
3375 5013 3430 5059 et
3471 5005 3529 5059 S.
3550 5005 3711 5081 Poly-

2139 5072 3020 5152 c_arpi‘Patruui.apostglicorum,
3041 5091 3161 5144 quae
3186 5072 3508 5152 supersunt.
3539 5072 3710 5131 Acce-

2138 5141 2274 5215 dunt
2295 5141 2351 5195 S.
2379 5141 2565 5212 lgnatii
2590 5152 2644 5215 et
2664 5141 3011 5215 S.Polycarpi
3034 5141 3408 5215 martyria.Ad
3440 5148 3595 5202 ﬁdem
3617 5164 3710 5199 co-

2138 5212 2319 5266 dieum
2354 5213 2647 5272 recensuit,
2679 5212 3126 5269 adnotationibus
3166 5212 3443 5271 variorum
3491 5228 3549 5272 ct.
3590 5220 3714 5273 suis

2153 5277 2459 5339 illustravit.
2515 5280 2783 5335 indicibus
2811 5281 3066 5334 instruxit
3088 5280 3410 5336 Guilie-lmus
3441 5280 3706 5335 Jacousmi

2146 5346 2501 5420 A._M.,a_nl:c
2542 5349 2598 5401 lt.
2636 5349 2817 5403 Maria:
2858 5349 3183 5416 Magdalenae
3231 5351 3705 5420 vice-principalis,

2146 5417 2355 5485 collegii
2389 5418 2707 5472 Exoniousis
2731 5435 2899 5486 nuper
2923 5423 3125 5473 socius.
3162 5420 3202 5472 ll
3236 5417 3391 5475 tomi'.

2217 5487 2326 5561 (25)
2367 5487 2423 5541 in
2472 5487 3037 5561 Catalogo_lilu-orum
3086 5491 3306 5546 Christo
3347 5500 3409 5546 et
3446 5506 3548 5561 apo

2143 5559 2500 5630 ascriptorum
2531 5578 2579 5611 c.
2612 5560 2692 5613 l8.
2727 5558 2788 5611 Τ.
2826 5559 2840 5611 l
2868 5560 3028 5628 0pp.,
3060 5577 3111 5630 p.
3145 5562 3269 5616 599..

2214 5626 2345 5704 (‘2_6)_
2367 5626 2439 5680 De
2461 5630 2719 5704 (tiptychis
2754 5626 2975 5704 umerum
2996 5673 3010 5693 ,
3048 5626 3120 5704 _c.
3142 5632 3195 5697 5,
3230 5634 3257 5704 ᾗ
3285 5633 3351 5697 4,
3384 5649 3435 5702 p.
3472 5632 3559 5687 59.
3585 5629 3700 5683 Cl‘r.

2145 5695 2426 5768 Illosliein).
2464 5695 2639 5751 lnstit.
2674 5701 2919 5768 majores,
2956 5716 3008 5768 p.
3037 5702 3160 5754 215.

2216 5766 2327 5840 (Ξῖ)
2361 5765 2547 5840 Select.
2602 5765 2801 5840 dispnt.
2829 5810 2843 5830 ,
2898 5765 2969 5840 ιι(
2994 5786 3007 5823 I
3035 5814 3047 5834 ,
3082 5788 3131 5840 ν.
3191 5771 3320 5828 105..
3355 5771 3467 5827 Clr.
3515 5768 3705 5831 Grabii

2143 5836 2414 5908 θηραθείη
2448 5847 2484 5891 ι.
2512 5837 2547 5903 I,
2579 5855 2630 5909 p.
2655 5839 2779 5893 250.
2900 5836 2911 5840 ’
3084 5836 3093 5840 ·
3256 5858 3259 5859 ν

3553 5490 3713 5545 stolis
