4068 6274
321 413 422 470 189

318 630 504 674 nostra
534 623 902 691 reperiuntur.
976 646 979 649 <

318 730 401 800 (a)
434 727 548 784 Jam
579 730 637 785 S.
658 729 1015 804 Polycarpus,
1043 742 1103 789 ut
1128 735 1448 794 Gallandius
1475 739 1707 804 monuit,
1732 755 1884 795 eam-

455 822 578 877 dem
614 822 1012 880 Clementinam
1041 830 1324 899 epistolam
1353 847 1518 887 manu
1550 833 1809 897 versavit,
1832 840 1883 887 et

453 915 719 970 nonnulla
771 931 837 971 ex
875 928 939 972 ea
984 935 1123 990 pene
1158 923 1486 980 verbotenus
1534 925 1591 980 in
1625 940 1781 982 suam
1814 926 1884 981 ad

454 1005 835 1079 Pbilippenses
857 1012 1144 1083 epistolam
1166 1016 1460 1073 transtulit.

477 1188 651 1261 Epist.
677 1190 695 1245 l
722 1190 894 1248 Clem.
1281 1194 1453 1268 Epist.
1484 1196 1670 1269 Polyc.

381 1370 443 1427 C.
470 1372 521 1425 1.
545 1372 794 1437 Γυναιξίν
811 1390 937 1427 τε...
957 1392 1066 1427 πα-
1206 1376 1268 1432 C.
1302 1378 1354 1432 4.
1377 1381 1752 1453 Διδάξωμεν...
1783 1381 1883 1445 τὰς

294 1466 635 1537 ’ρηγγέλλετε
659 1507 675 1531 ν
736 1468 1069 1540 στεργούσας
1138 1483 1400 1543 γυναῖκας
1442 1477 1664 1547 ὑμῶν...
1726 1492 1883 1546 στερ-

304 1559 659 1629 καθηκόντως
700 1562 828 1623 τοὺς
869 1560 1069 1632 ἄνδρας
1138 1572 1340 1641 γούσας
1377 1570 1504 1632 τοὺς
1541 1566 1749 1621 ἑαυτῶν
1789 1566 1882 1620 ἀν-

305 1654 605 1707 ἐαυααῖιν....
654 1654 794 1709 πάνυ
852 1672 1066 1728 σωφρος-
1137 1664 1269 1735 δρας
1328 1663 1388 1714 ἐν
1447 1660 1596 1732 πάσῃ
1654 1656 1881 1728 ἀληθείᾳ

302 1753 521 1815 νούσαςο
1134 1755 1269 1810 καὶ..
1281 1794 1293 1807 .
1309 1755 1366 1806 ἐν
1393 1752 1539 1825 πάσῃ
1564 1750 1873 1823 ἐγκρατείᾳ.

374 1842 436 1896 C.
491 1841 543 1895 5.
592 1840 864 1911 Πέτρος...
920 1841 1063 1896 οὓτω

1570 421 1910 479 ριιοοειιιΑ
1948 413 2335 484 νΑιιιοιιυιι.

322 540 466 582 teres
486 517 748 581 Ecclesiae
766 526 956 585 Patres
968 544 1035 586 ex
1057 530 1450 604 dictafepistola
1478 533 1802 606 allegarunt,
1829 534 1885 589 in
1913 539 1962 601 Α

3467 433 3569 489 190

2129 545 2258 593 strae
2276 537 2538 607 epistolae.
2572 537 2653 593 En
2693 540 2857 596 verba
2889 542 3049 612 ejus:
3092 545 3214 599 Ἐπὶ
3239 545 3427 600 τούτου
3470 543 3566 608 οὖν

2123 628 2218 682 τοῦ
2248 629 2581 701 Κλήμεντος,
2614 630 2854 696 στάσεως
2880 635 2978 687 οὐκ
2995 634 3183 707 ὀλίγης
3221 640 3332 700 τοίς
3360 639 3416 691 ἐν
3458 640 3566 693 Κοι-

2127 721 2293 793 ρξνθῳ
2313 724 2609 794 γενομένης
2636 724 2901 795 ἀδελφοῖς,
2917 727 3225 781 ἐπέστειλεν
3241 731 3276 797 ή
3290 731 3348 783 ἐν
3379 731 3564 806 Ῥώμῃ

2135 813 2424 885 Ἐκκλησία
2455 817 2788 890 ἱκανωτάτην
2816 819 3032 892 γραφὴν
3071 823 3182 884 τοῖς
3224 822 3561 893 Κορινθίοις,

2122 907 2209 970 είς
2234 906 2480 974 εἰρήνην
2498 928 2501 931 ·
2519 906 2964 977 συμϐιϐἀζόυσα
3001 912 3241 979 αὐτοὺς,
3287 913 3383 968 καὶ
3420 917 3564 970 ἀνα.

2119 997 2344 1052 νεοῦσα
2370 998 2484 1068 τὴν
2509 1002 2719 1055 πίστιν
2744 1001 2963 1067 αὐτῶν,
2985 1003 3083 1056 καὶ
3102 1001 3415 1071 ἣννεωστί
3442 1008 3560 1062 ἀπὸ

2120 1086 2238 1142 τῶν
2278 1090 2655 1147 Ἀποστόλων
2682 1093 3015 1163 παράδοσιν
3040 1094 3291 1165 εἰλήφει.

1987 1272 2062 1344 (c)
2099 1276 2351 1334 Clemens
2367 1274 2766 1333 Alexandrinus
2807 1283 3010 1331 multos
3032 1276 3276 1347 epistolae
3315 1275 3557 1332 Clemen-

2127 1365 2259 1421 tinse
2281 1367 2430 1423 locos
2453 1368 2657 1436 laudat,
2681 1369 2775 1440 qui
2806 1369 2987 1423 adhuc
3017 1370 3073 1424 in
3104 1370 3332 1441 epistola
3366 1379 3555 1427 nostra

2120 1461 2486 1530 reperiuntur.

2051 1571 2255 1629 Strom.
2290 1590 2329 1639 I,
2367 1591 2420 1630 c.
2463 1576 2513 1642 7,
2552 1591 2607 1646 p.
2646 1576 2751 1631 359
2777 1596 2790 1631 :
2821 1577 3026 1630 Αὐτίκα
3056 1580 3084 1631 6
3113 1578 3342 1650 Κλήμης
3387 1581 3446 1632 ἐν
3483 1583 3553 1652 τῇ

1980 1664 2116 1736 πρὸς
2144 1665 2466 1735 Κορινθίους
2495 1668 2750 1739 ἐπιστολῇ
2780 1668 2920 1722 κατὰ
2951 1669 3093 1733 λέξιν
3135 1671 3286 1741 φησὶ,
3317 1669 3414 1734 τὰς
3439 1671 3554 1724 δια-

1978 1756 2151 1829 φορὰς
2175 1756 2516 1828 ἐκτιθέμενος
2536 1759 2643 1811 τῶν
2666 1759 2913 1833 κατάτήν
2928 1761 3248 1833 Ἐκκλησίαν
3277 1762 3511 1834 δοκίμων
3528 1777 3550 1798 ο

1203 1845 1264 1900 C.
1288 1848 1340 1902 9.
1374 1846 1579 1944 Πέτρος
1606 1844 1707 1944 καὶ,
1730 1842 1876 1895 Παῦ-
1905 1887 1949 1944 Β
1984 1849 2137 1903 Ἤτω
2154 1867 2245 1914 τις
2263 1850 2493 1915 πιστὸς,
2515 1850 2635 1918 ἤτω
2651 1850 2907 1918 δυνατός
2924 1870 3013 1918 τις
3031 1854 3256 1922 γνῶσιν
3270 1855 3548 1920 ἐξειπεῖν,

301 1933 663 2015 μαρτυρήσας
682 1933 949 2004 ἐπορεύθη
984 1937 1063 1996 είς
1132 1937 1286 2019 λος...
1318 1939 1396 2000 είς
1424 1935 1515 1988 τὸν
1534 1934 1872 2006 ὀφειλόμενον
1905 1933 1947 1944 ”
1975 1940 2095 2009 ἤτω
2122 1942 2313 2010 σοφὸς
2337 1942 2407 1994 ἐν
2432 1941 2722 2011 διακρίσει
2750 1945 2967 2013 λόγων,
2989 1944 3108 2013 ἤτω
3134 1948 3344 2015 γοργὸς
3370 1949 3440 1999 ἐν
3465 1948 3552 2015 ἐρ-

297 2010 390 2079 τὸν
417 2026 762 2098 ὀφειλόμενον
781 2028 943 2081 τόπον
965 2030 1061 2100 τῆς
1132 2010 1313 2092 αὐτοῖς
1359 2030 1520 2081 τόπον
1577 2028 1683 2090 εἰσὶ
1720 2026 1873 2098 παρὰ

294 2120 476 2192 δόξης.
1125 2126 1203 2196 τῷ
1228 2123 1438 2196 Κυρίῳ.

364 2214 429 2267 C.
464 2214 517 2266 7.
552 2214 641 2267 Διὸ
658 2214 1041 2285 ἀπολείπωμεν
1193 2216 1254 2272 C.
1292 2216 1344 2269 7.
1390 2215 1480 2269 Διὸ
1504 2213 1872 2278 ἀπολιπόντες

293 2305 394 2370 τὰς
458 2307 622 2371 κενὰς
677 2309 772 2361 καὶ
817 2309 1053 2379 ματαίας
1120 2310 1221 2380 τὴν
1250 2307 1581 2379 ματαιότητα
1610 2305 1717 2358 τῶν
1743 2304 1871 2357 πολ-

296 2399 624 2469 φροντίδας,
673 2400 767 2452 καὶ
808 2399 1049 2467 ἔλθωμεν
1119 2401 1243 2454 λῶν.
1277 2441 1290 2454 .
1341 2401 1433 2453 ἐπὶ
1470 2400 1560 2452 τὸν
1593 2398 1653 2462 ἐξ
1697 2398 1870 2470 ἀρχῆς

254 2557 260 2563 ο
294 2494 386 2546 ἐπὶ
416 2494 513 2547 τὸν
554 2494 748 2566 εὐκλεῆ
787 2496 881 2548 καὶ
924 2478 1053 2566 σεμ-
1124 2495 1254 2564 ἡμῖν
1295 2492 1664 2564 παραδοθέντα
1710 2490 1867 2555 λόγον

293 2591 381 2644 νὸν
445 2593 545 2663 τῆς
592 2592 754 2661 ἁγίας
810 2593 1052 2665 κλήσεως

296 2684 330 2752 ἡ
337 2684 458 2753 μῶν
486 2684 707 2737 κανόνα.

363 2776 429 2827 (Σ.
488 2776 540 2830 9.
598 2776 688 2829 Διὸ
726 2775 1049 2829 ὑπακούσω-

301 2889 397 2942 μεν
428 2874 497 2943 τῇ
524 2872 931 2944 μεγαλοπρεπεῖ
953 2873 1047 2926 καὶ

296 2964 492 3036 ἐνδόξῳ
571 2964 730 3036 βουλή
738 2983 817 3018 σει
880 2965 1045 3019 αὐτοῦ

296 3055 545 3127 (Θεοῦ)...
568 3057 919 3120 ἀπολιπόντες
949 3057 1047 3129 τὴν

298 3152 711 3233 ματαιοπονίαν,
732 3152 831 3223 τήν
850 3169 911 3205 τε
931 3151 1067 3223 ἔριν,

296 3266 349 3301 κ.
381 3265 431 3300 τ.
457 3247 513 3300 λ.

362 3343 427 3398 C.
454 3344 546 3397 15.
576 3344 771 3415 Μεμνη
780 3342 927 3415 μένοι
942 3342 1049 3396 τῶν

296 3433 464 3502 λόγων
488 3434 584 3488 τοῦ
606 3435 812 3506 Κυρίου
847 3433 1041 3506 Ἰησοῦ,

296 3526 386 3590 οὓς
402 3527 665 3598 ἐλάλησεν
684 3526 990 3581 διδάσκων.
1023 3567 1036 3580 .

297 3609 341 3684 ᾧ
363 3618 550 3690 μέτρῳ
575 3621 842 3690 μετρεῖτε,
866 3618 924 3670 ἐν
947 3618 1044 3671 αὒ-

297 3712 371 3783 τῷ
394 3714 798 3785 μετρηθήσεται
828 3713 978 3783 ὑμῖν.

372 3823 434 3877 C.
485 3822 577 3876 21.
624 3820 882 3891 Ἴδωμεν,
932 3818 1049 3881 πῶς

297 3916 462 3986 ἐγγύς
510 3915 658 3966 ἐστιν
710 3912 758 3981 (ὁ
799 3908 1045 3981 Κύριος),

296 4010 387 4075 καὶ
412 4010 497 4062 ὅτι
525 4004 678 4058 οὐδὲν
708 4000 929 4073 λέληθεν
948 4001 1045 4052 αὐ-

297 4098 383 4152 τδν
430 4095 543 4150 τῶν
600 4091 817 4145 ἐννοιῶν
866 4089 1042 4163 ἡμῶν,

297 4189 409 4244 οὐδὲ
427 4186 541 4240 τῶν
560 4181 943 4252 διαλογισμῶν,
969 4175 1045 4245 ὧν

297 4273 617 4346 ποιούμεθα.
719 4268 1045 4341 Ἐρευνητὴς

298 4367 400 4448 γάρ
418 4368 572 4419 ἐστιν
593 4361 810 4417 ἐννοιῶν
840 4360 933 4415 καὶ
961 4360 1048 4412 eve-

300 4455 608 4527 θυμήσεων.

363 4568 502 4625 Ibid.
552 4568 694 4631 Τοὺς
732 4565 884 4627 νέους
926 4581 1051 4631 παι-

300 4658 572 4730 δεύσωμεν
640 4657 740 4727 τὴν
806 4652 1051 4708 παιδείαν

302 4748 388 4801 τοῦ
416 4749 585 4819 φόϐου
612 4746 707 4800 τοῦ
754 4743 911 4809 Θεοῦ,
954 4742 1053 4807 τὰς

305 4843 563 4907 γυναῖκας
621 4834 777 4907 ἡμῶν
831 4834 925 4886 ἐπὶ
991 4833 1054 4887 τὸ

307 4929 503 4998 ἀγαθὸν
520 4925 962 5000 διορθωσώμεθα.
980 4926 1052 4979 Τὸ

307 5020 672 5091 ἀξιαγάπητον
703 5019 803 5090 τῆς
831 5017 1052 5087 ἁγνείας

305 5106 427 5183 ἦθος
453 5111 880 5177 ἐνδειξάσθωσαν
898 5128 912 5140 ’
1014 5151 1047 5164 ..

304 5206 396 5277 τήν
410 5206 631 5276 ἀγάπην
650 5203 829 5257 αὐτῶν
853 5203 927 5275 μὴ
951 5220 1050 5257 κα-

304 5300 371 5354 τὰ
397 5300 768 5373 προσ-κλίσεις,
782 5296 924 5367 ἀλλὰ,
943 5299 1050 5351 πᾶ-

306 5407 387 5445 σιν
414 5397 524 5457 τοῖς
557 5390 912 5463 φοσουμένοις
959 5390 1050 5450 τὸν

304 5483 433 5538 Θεὸν
459 5486 642 5550 ὁσίως,
675 5484 799 5555 ίσην
819 5482 1047 5563 παρεχέ-

305 5592 504 5630 τωσαν.

1124 2585 1553 2657 ἐπιστρέψωμεν.

1190 2786 1251 2841 C.
1267 2787 1319 2841 2.
1339 2786 1428 2839 Διὸ
1456 2784 1864 2856 ἀναζωσάμενοι

1116 2881 1215 2944 τὰς
1253 2880 1458 2955 ὀσφύας
1474 2919 1489 2943 ,
1547 2876 1866 2932 δουλεύσατε

1117 2973 1197 3044 τῷ
1224 2972 1341 3044 Θεῷ
1361 2973 1418 3024 ἐν
1438 2971 1585 3042 φόϐῳ
1610 2971 1705 3025 καὶ
1732 2970 1865 3040 ἀλη-

1118 3063 1259 3134 θεία,
1288 3064 1640 3127 ἀπολιπόντες
1656 3063 1755 3134 τὴν
1776 3078 1867 3114 κε-

1116 3150 1214 3221 νὴν
1245 3151 1643 3221 ματαιολογίαν,
1658 3151 1752 3203 καὶ
1765 3149 1863 3220 τὴν

1116 3240 1225 3293 τῶν
1266 3240 1474 3294 πολλῶν
1502 3240 1732 3311 πλάνην.

1188 3332 1250 3387 C.
1291 3333 1345 3386 2.
1383 3334 1504 3404 Μνη
1513 3333 1866 3401 μονεύσαντες

1115 3425 1170 3479 δέ
1198 3420 1274 3479 ὧν
1301 3420 1452 3478 εἶπεν
1472 3412 1866 3498 όΚύριοςδιδά-

1114 3529 1291 3566 σκων·
1491 3516 1551 3568 ἐν
1593 3509 1639 3584 ᾧ
1682 3515 1866 3588 μέτρῳ

1119 3611 1389 3678 μετρεῖτε,
1405 3609 1867 3681 ἀντιμετρηθήσε-

1118 3718 1209 3755 ται
1238 3703 1389 3772 ὑμῖν.

1188 3812 1249 3865 C.
1281 3810 1334 3864 4.
1369 3810 1668 3866 Γινώσκ....
1700 3814 1780 3866 ὅτι
1817 3814 1865 3884 (ό

1119 3902 1268 3973 Θεὸς)
1286 3903 1462 3957 πάντα
1475 3905 1507 3974 ἡ
1516 3904 1630 3975 μῶν
1647 3909 1863 3958 σκοπεῖ-

1114 4012 1227 4059 ται,
1272 3998 1365 4049 καὶ
1416 3996 1636 4068 λέληθεν
1698 4000 1861 4051 αὐτὸν

1115 4086 1283 4150 οὐδὲν,
1300 4087 1421 4141 οὔτε
1434 4089 1726 4161 λογισμῶν,
1741 4089 1864 4142 οὔτε

1116 4180 1353 4245 ἐννοιιῖιν,
1376 4180 1498 4234 οὔτε
1524 4199 1577 4234 τι
1597 4182 1704 4234 τῶν
1727 4200 1863 4255 κρυ-

1119 4271 1275 4336 πτῶν
1302 4273 1400 4343 τῆς
1428 4271 1672 4343 καρδίας.

1199 4568 1333 4627 Ibid.
1364 4571 1736 4643 Διδάξωμεν...
1768 4553 1943 4633 τάςυ

1122 4668 1385 4734 γυναῖκας
1430 4666 1583 4736 ὑμῶν
1618 4662 1867 4736 (πορεύεσ-

1126 4757 1269 4830 σθαι)
1284 4760 1341 4812 ἐν
1354 4763 1420 4831 τῇ
1440 4759 1652 4832 δοθείσῃ
1674 4761 1865 4823 αὐταῖς

1125 4852 1306 4905 πίστει
1363 4852 1456 4905 καὶ
1520 4851 1706 4922 ἀγάπῃ
1771 4851 1867 4904 καὶ

1122 4943 1379 5015 ἁγνείᾳ...
1426 4943 1520 4997 καὶ
1566 4940 1865 5011 ἀγαπώσας

1122 5032 1329 5096 πάντας
1359 5031 1418 5097 ἐξ
1475 5034 1589 5085 ἴσου
1622 5032 1685 5084 ἐν
1717 5030 1868 5103 πάσῃ

1122 5126 1436 5198 ἐγκρατείᾳ
1473 5126 1568 5179 καὶ
1605 5125 1673 5178 τὰ
1699 5126 1865 5179 τέκνα

1120 5219 1392 5273 παιδεύειν
1460 5218 1560 5290 τὴν
1619 5219 1867 5273 παιδείαν

1120 5310 1213 5363 τοῦ
1231 5310 1395 5380 φόϐου
1422 5309 1516 5363 τοῦ
1538 5308 1692 5364 Θεοῦ,

309 5706 385 5781 ib)
413 5706 543 5775 Quze
576 5707 814 5766 lrenaeus
850 5708 919 5763 de
950 5708 1177 5779 epistola
1217 5706 1477 5762 Romame
1514 5705 1769 5762 Ecclesia:
1801 5708 1869 5761 ad

451 5799 769 5870 Corinthios
785 5800 972 5867 refert,
991 5803 1196 5883 optime
1219 5801 1552 5881 respondent
1569 5800 1735 5865 indon
1765 5817 1865 5857 no-

1972 2050 2117 2103 γοις.
2151 2032 2351 2088 Eadem
2375 2034 2562 2102 verba,
2592 2051 2661 2091 ex
2690 2034 2711 2088 Ι
2747 2036 2921 2095 Clem.
2952 2052 3004 2092 (ι.
3029 2038 3099 2092 48
3126 2038 3435 2111 desumpta,
3461 2056 3549 2097 re-

1975 2126 2108 2194 petit
2144 2122 2546 2181 Alexandrinus
2576 2125 2780 2187 Strom.
2805 2127 2894 2193 Vl,
2935 2144 2987 2186 c.
3011 2130 3067 2195 8,
3092 2146 3146 2201 p.
3174 2131 3298 2190 775.

2044 2238 2246 2296 Strom.
2288 2238 2378 2303 Ν,
2426 2256 2477 2295 c.
2527 2242 2618 2305 17,
2651 2242 2867 2312 p.609,
2913 2243 3197 2298 ϐ1οεΝαὶ
3244 2246 3349 2317 μὴν
3395 2248 3455 2300 ἐν
3480 2249 3548 2320 τῇ

1974 2333 2111 2404 πρὸς
2139 2332 2460 2404 Κορινθίους
2487 2334 2742 2405 ἐπιστολῇ
2770 2338 2799 2389 6
2864 2336 3155 2400 ἀπόστολος
3174 2338 3422 2410 Κλήμης,
3455 2341 3550 2394 καὶ

1969 2424 2132 2489 αὐτὸς
2163 2426 2293 2495 ἡμῖν
2321 2424 2489 2478 τύπον
2516 2426 2636 2479 τινὰ
2660 2426 2753 2479 τοῦ
2773 2427 3074 2495 γνωστικοῦ
3103 2430 3432 2500 ὑπογράφων
3460 2431 3547 2486 λέ-

1968 2535 2086 2586 γει·
2124 2520 2219 2584 Τίς
2261 2519 2372 2587 γὰρ
2417 2519 2912 2589 παρεπιδημήσας
2953 2521 3102 2589 πρὸς
3136 2521 3373 2591 ὑμᾶς,κ.
3413 2541 3462 2575 τ.
3494 2523 3544 2578 λ.

1969 2608 2069 2664 Hic
2104 2610 2505 2665 Alexandrinus
2546 2612 2790 2682 epistolae
2827 2621 3026 2667 nostra:
3064 2620 3240 2683 capita
3284 2615 3336 2678 1,
3368 2615 3421 2678 9,
3455 2616 3551 2685 10,

1977 2702 2066 2766 11,
2100 2701 2190 2768 12,
2231 2702 2320 2767 17,
2364 2703 2457 2765 18,
2486 2703 2579 2771 21,
2611 2705 2701 2771 22,
2721 2705 2810 2771 56,
2846 2705 2936 2770 58,
2961 2705 3053 2772 40,
3094 2705 3185 2771 41,
3218 2706 3308 2771 48,
3335 2707 3427 2773 49,
3452 2708 3545 2773 50,

1981 2793 2072 2858 5|,
2097 2794 2187 2859 55,
2213 2793 2504 2863 excerpsit.

2041 2906 2246 2965 Strom.
2271 2907 2336 2973 V,
2364 2925 2414 2964 c.
2444 2910 2532 2975 12,
2579 2926 2634 2980 p.
2667 2909 2773 2965 695
2807 2927 2820 2961 :
2876 2910 3033 2964 Ἀλλά
3053 2912 3153 2964 κάν
3181 2914 3245 2983 τῇ
3277 2913 3412 2984 πρὸς
3440 2915 3553 2966 Κοη

1969 3001 2203 3084 ρινθίους
2242 3002 2524 3073 Ῥωμαίων
2554 3004 2809 3074 ἐπιστολῇ
2842 3020 2856 3034 ⁸
2902 3004 3177 3069 Ὠκεανὸς
3206 3004 3538 3072 ἀπέραντος

1965 3094 2293 3161 ἀνθρώποις
2330 3094 2662 3165 γέγραπται,
2693 3095 2792 3149 καὶ
2834 3097 2904 3153 οι.
2911 3096 3051 3165 μετ’-
3083 3096 3269 3149 αὐτὸν
3310 3097 3543 3165 κόσμοι.

1889 3220 1935 3287 c
1966 3187 2078 3243 Cl‘r.
2122 3188 2142 3241 l
2172 3189 2346 3245 Clem.
2379 3205 2429 3245 c.
2468 3190 2559 3247 20.

2038 3303 2240 3366 Strom.
2278 3303 2368 3367 V'I,
2402 3320 2451 3360 c.
2483 3305 2539 3368 8,
2576 3320 2632 3374 p.
2675 3304 2778 3359 7'75
2808 3323 2823 3359 :
2860 3306 3127 3375 Τοσούτῳ
3171 3304 3281 3373 γὰρ
3303 3302 3549 3373 μᾶλλον

1966 3396 2450 3473 ταπεινοφρονεῖν
2480 3397 2705 3465 ὀφείλει
2728 3436 2744 3460 ,
2775 3396 2899 3463 ὅσῳ
2943 3395 3110 3449 δοκεῖ
3141 3394 3393 3469 μᾶλλον
3417 3395 3551 3465 μείς

1966 3486 2077 3547 ζων
2102 3488 2275 3551 εἶναι,
2303 3490 2331 3540 6
2360 3486 2589 3559 Κλήμης
2632 3489 2691 3541 ἐν
2736 3490 2802 3559 τῇ
2846 3488 2982 3560 πρὸς
3026 3488 3343 3559 Κορινθίους
3387 3489 3539 3559 φησί.

1965 3578 2080 3642 Cir.
2107 3580 2131 3632 1
2171 3578 2371 3643 Clem.,
2393 3595 2444 3633 c.
2468 3579 2557 3635 18.

2038 3694 2242 3749 Strom.
2274 3709 2314 3759 l,
2355 3710 2405 3750 c.
2441 3695 2495 3759 7,
2526 3710 2580 3764 ι).
2618 3694 2759 3749 559:
2806 3694 2930 3748 Ἐὰν
2958 3694 3012 3748 δὲ
3041 3694 3140 3767 τὴν
3175 3694 3456 3766 βασιλικήν
3483 3712 3543 3747 τε

1966 3789 2060 3843 καὶ
2089 3786 2409 3856 αὑθεντικὴν
2430 3788 2629 3841 εἴσοδον
2648 3786 2835 3859 ζητῇς,
2858 3787 3066 3859 ἀκούσῃ
3090 3804 3103 3817 ο
3131 3790 3285 3855 Αὕτη
3308 3789 3345 3855 ὴ
3375 3789 3539 3855 πύλη

1963 3880 2070 3933 τοῦ
2094 3881 2338 3948 Κυρίου,
2369 3879 2584 3940 δίκαιοι
2611 3882 3059 3936 εἰσελεύσονται
3085 3880 3155 3934 ἐν
3181 3879 3353 3948 αὐτῇ.
3384 3883 3540 3934 Πολ-

1962 3970 2089 4037 λῶν
2118 3973 2326 4026 τοίνυν
2364 3972 2750 4042 ἀνεῳγμένων
2798 3970 3008 4027 πυλῶν
3052 3971 3122 4025 ἐν
3167 3971 3541 4041 δικαιοσύνῃ,

1965 4066 2119 4134 αὕτη
2151 4066 2234 4136 ἦν
2263 4065 2333 4119 ἐν
2361 4064 2610 4134 Χριστῷ.
2643 4065 2757 4121 Cfr.
2781 4064 2801 4119 ι
2823 4065 3019 4130 Clem.,
3044 4079 3092 4118 c.
3118 4065 3206 4119 48.

1967 4226 2046 4301 (d)
2067 4225 2349 4297 Origenes,
2372 4224 2449 4281 De
2465 4223 2756 4295 principiis,
2781 4237 2841 4292 ιι,
2865 4239 2915 4277 c.
2946 4223 3001 4289 '5,
3040 4237 3098 4276 n.
3138 4220 3202 4291 6,
3222 4229 3265 4280 t.
3298 4218 3339 4285 l,
3367 4235 3421 4289 p.
3446 4218 3541 4282 82,

2107 4321 2195 4376 ed.
2246 4321 2395 4377 BB.:
2453 4316 2690 4371 Meminit
2720 4332 2847 4370 sane
2889 4314 3126 4368 Clemens
3178 4312 3543 4380 apostolorum

2106 4409 2397 4480 discipulus
2440 4409 2599 4463 etiam
2632 4423 2833 4471 eorum,
2874 4422 3003 4475 quos
3027 4403 3342 4475 ἀντίχθονας
3370 4401 3547 4459 Crwci

2108 4503 2470 4565 nominarunt,
2499 4509 2653 4565 atque
2699 4500 2836 4552 alias
2864 4506 3039 4566 partes
3082 4496 3223 4551 orbis
3268 4506 3441 4561 terrae,
3469 4497 3544 4557 ad

2107 4611 2238 4664 quas
2264 4610 2422 4664 neque
2444 4601 2746 4647 nostrorum
2770 4592 3046 4661 quisquam
3076 4589 3319 4644 accedere
3350 4599 3539 4659 potest,

2103 4702 2265 4756 neque
2283 4700 2347 4738 ea:
2369 4684 2499 4749 illis,
2522 4684 2612 4753 qui
2638 4684 2710 4737 ibi
2737 4692 2880 4745 sunt,
2917 4682 3193 4752 quisquam
3222 4684 3447 4735 transire
3470 4695 3538 4733 aa

2106 4796 2236 4841 nos;
2271 4796 2399 4850 quos
2427 4786 2477 4832 et
2518 4779 2656 4846 ipsos
2685 4775 2904 4831 mundos
2931 4775 3234 4844 appellarit.
3273 4792 3391 4829 cum
3424 4774 3538 4826 ait:

2111 4890 2130 4925 ι
2171 4870 2411 4928 Oceanus
2439 4868 2889 4925 intransmeabilis
2916 4879 2993 4922 est
3024 4868 3354 4929 hominibus,
3382 4880 3431 4918 et
3459 4864 3544 4929 In",

2111 4982 2131 5015 ‹
2166 4965 2257 5034 qui
2288 4973 2435 5017 trans
2482 4964 2655 5036 ipsum
2691 4971 2813 5016 sunt
2852 4961 3055 5023 mundi,
3101 4961 3190 5029 qui
3228 4959 3306 5011 liis
3341 4956 3538 5010 eisdem

2114 5075 2132 5109 ι
2163 5056 2513 5121 dominatori:
2536 5055 2633 5109 Dei
2653 5053 3089 5125 dispositionibus
3104 5052 3480 5121 gubernantur.
3513 5071 3537 5104 ι

2109 5150 2222 5206 Cfr.
2250 5148 2273 5204 l
2303 5150 2475 5208 Clem.
2502 5165 2552 5205 c.
2580 5148 2671 5204 20.

2045 5332 2195 5404 Orig.
2226 5333 2283 5387 in
2324 5330 2523 5386 Ezech.
2558 5343 2610 5384 c.
2643 5326 2680 5382 8
2702 5366 2718 5391 ,
2748 5334 2791 5381 t.
2832 5323 2932 5389 lll,
2972 5339 3026 5393 p.
3066 5322 3173 5377 422
3207 5338 3219 5373 :
3250 5322 3390 5393 Φησὶ
3425 5322 3481 5385 δὲ
3511 5327 3553 5383 ὀ.

1966 5427 2202 5498 Κλήμης
2223 5442 2238 5455 ο
2285 5423 2563 5488 Ὠκεανὸς
2604 5419 2935 5487 ἀπέραντος
2968 5414 3318 5482 ἀνθρώποις,
3365 5415 3463 5468 καί
3489 5418 3545 5471 ct

1964 5517 2087 5589 μετ’
2118 5516 2305 5571 αὐτὸν
2344 5518 2558 5585 κόσμοι
2605 5512 2925 5576 τοσαύταις
2963 5508 3266 5578 διαταγαῖς
3307 5507 3412 5562 τοῦ
3442 5511 3545 5562 Δε-

1971 5616 2201 5670 σπότου
2232 5610 2615 5666 διοικοῦνται.
2646 5607 2759 5662 Cir.
2785 5605 2805 5659 l
2834 5607 3005 5661 Clem.
3044 5620 3097 5661 c.
3124 5604 3216 5660 20.

2041 5705 2186 5761 Idem
2214 5706 2271 5759 in
2300 5702 2497 5759 Joann.
2523 5701 2565 5765 l,
2605 5698 2696 5763 29,
2720 5705 2764 5754 t.
2796 5696 2887 5764 ιν,
2915 5714 2971 5769 p,
3006 5697 3138 5752 l53;
3174 5696 3550 5768 Μεμαρτύρη-ν

1975 5818 2063 5858 ται
2090 5799 2147 5854 δέ
2176 5797 2273 5861 καὶ
2298 5793 2449 5869 παρά
2474 5795 2585 5860 τοῖς
2614 5793 2843 5859 ἔθνεσιν,
2873 5792 2955 5855 ὅτι
2995 5789 3175 5846 πολλοί
3205 5804 3347 5853 τινες
3374 5786 3551 5853 itaque
