4100 6278
507 387 602 445 Illi

1617 392 1707 446 AD
1743 388 1805 446 Β.
1845 387 2270 447 ῦιιιιιΕΝτΕιι
2309 390 2329 445 1
2367 392 2601 450 PAPAM

3646 396 3754 454 I39

482 505 615 560 κῶν
659 500 1043 577 ὲνσκηψάντων
1081 508 1402 580 νοσημάτων
1430 509 1654 572 ἑαυτοὺς
1682 508 1888 578 σφάγια
1926 506 2069 577 ,ὑπὲρ

2182 514 2224 563 ι.
2253 507 2344 574 III,
2367 526 2421 581 p.
2445 511 2537 578 6t,
2576 512 2667 570 ed.
2705 513 2766 570 Β.
2794 515 2855 573 Β,
2882 517 3109 573 scribit:
3156 514 3316 571 Ἀλλὰ
3341 516 3437 570 καὶ
3462 518 3490 570 ὁ
3518 516 3751 591 Κλήμης

496 595 595 652 τοῦ
651 598 829 653 κοινοῦ
870 600 1285 671 παραδεδώκασι
1308 619 1322 633 ·
1367 604 1461 657 καὶ
1505 603 1867 675 παραδέχεται
1919 600 2073 656 ταῦθ’

498 693 673 757 οὕτως
698 694 976 763 γεγονέναι
1004 686 1105 750 οὐκ
1133 696 1345 766 ἀλόγως
1357 695 1651 760 πιστεύσας
1664 698 1784 760 ταῖς
1813 695 2075 767 ἱστορίαις

497 787 528 839 ὁ
557 787 749 852 πιστὸς
775 788 1027 861 Κλήμης,
1052 790 1156 844 ὑπὸ
1172 791 1381 869 Παύλου
1403 789 1863 864 μαρτυρούμενος,
1892 788 2075 861 λέγον-

495 892 607 942 τος·
653 880 815 934 Μετὰ
840 881 1268 951 Κλήμεντος,κ.
1289 900 1340 936 τ.
1370 883 1420 937 λ.
1443 882 1557 940 Cfr’.
1583 881 1606 936 ι
1635 884 1807 941 Clem.
1833 899 1885 940 c.
1910 884 1998 941 55.

497 968 575 1043 (ε)
614 970 899 1034 Eusebium
928 974 1176 1030 eamdem
1215 991 1336 1046 quae
1371 992 1520 1032 nunc
1552 983 1755 1042 exstat,
1776 976 2073 1035 Clementis

638 1065 926 1135 epistolam
956 1074 1083 1123 ante
1112 1069 1306 1124 oculos
1338 1068 1623 1135 habuisse,
1647 1069 1815 1126 verba
1838 1070 1959 1141 ejus
1983 1086 2074 1126 sa-

636 1157 706 1210 tis
731 1158 1133 1216 demonstrant:

569 1244 711 1304 Hist.
735 1251 871 1306 eccl.
897 1250 985 1313 III,
1020 1252 1087 1307 I6
1120 1273 1133 1309 :
1166 1253 1367 1308 Τούτου
1406 1254 1470 1327 δὴ
1515 1249 1609 1308 οὗν
1633 1253 1729 1308 τοῦ
1760 1254 2073 1327 Κλήμεντος

493 1341 897 1417 ὁμολογουμένη
944 1346 1041 1418 μία
1070 1348 1324 1420 ἐπιστολὴ
1365 1347 1587 1421 φέρεται
1606 1388 1621 1412 ,
1656 1347 1862 1420 μεγάλη
1890 1365 1951 1401 τε
1979 1350 2073 1402 καὶ

496 1432 795 1505 θαυμασία,
840 1438 906 1508 ἢν
935 1438 1011 1502 ὡς
1053 1440 1160 1492 ἀπὸ
1187 1440 1285 1511 τῆς
1325 1440 1607 1511 Ῥωμαίων
1649 1440 1971 1510 Ἐκκλησίας
2004 1445 2071 1513 τῇ

496 1526 802 1598 Κορινθίων
827 1528 1219 1597 διετυπώσατο,
1252 1532 1494 1597 στάσεως
1519 1534 1773 1604 τηνικάδε
1803 1534 1947 1589 κατὰ
1972 1536 2073 1607 τὴν

493 1619 758 1690 Κόρινθον
787 1624 1103 1694 γενομένης.

564 1711 701 1769 Ibid.
739 1713 842 1780 III,
866 1716 936 1770 58
978 1734 994 1773 :
1044 1716 1152 1769 Τοῦ
1196 1717 1509 1790 Κλήμεντος
1546 1719 1607 1773 ἐν
1633 1722 1698 1791 τῇ
1727 1720 2073 1793 ἀνωμολογη-

436 1859 440 1867 ,
495 1803 814 1906 μένῃ-παρὰ
860 1811 1044 1874 πᾶσιν,
1098 1810 1165 1882 ἢν
1211 1812 1276 1864 ἐκ
1318 1811 1608 1884 προσώπου
1648 1814 1749 1885 τῆς
1787 1814 2070 1886 Ῥωμαίων
2101 1847 2146 1906 Β

502 1896 701 1970 Ἐκκλη
710 1899 829 1963 σίας
842 1904 908 1972 τῇ
927 1903 1227 1974 Κορινθίων
1240 1904 1626 1959 διετυπώσατο.
1659 1907 1745 1959 Ἐν
1818 1908 1916 1978 τῆς
1934 1906 2071 1978 πρὸς

501 1988 788 2061 Ἐϐραίους
815 1993 987 2047 πολλὰ
1012 1998 1258 2068 νοήματα
1287 1997 1573 2070 παραθεὶς,
1590 1998 1689 2069 ἥδη
1709 1999 1765 2052 δὲ
1791 2000 1884 2053 καὶ
1910 1982 2071 2053 αὐτο-

488 2078 631 2160 λεξεὶ
663 2085 844 2154 ῥητοῖς
871 2084 930 2150 ἐξ
948 2087 1118 2159 αὐτῆς
1145 2088 1574 2161 χρησάμενος,κ.
1600 2107 1652 2143 τ.
1682 2090 1732 2144 λ.

562 2175 858 2246 Epistolam
883 2188 1129 2236 nostram
1158 2198 1303 2253 saepe
1326 2183 1521 2239 iisdem
1545 2185 1729 2239 verbis
1747 2179 1849 2248 uti,
1866 2199 1988 2255 qua
2013 2185 2068 2240 in

490 2266 734 2339 Episto'la
765 2273 832 2327 ad
856 2272 1113 2330 Hebraeos
1141 2276 1518 2343 inveniuntur,
1538 2292 1698 2332 nemo
1725 2278 1904 2333 nescit
1933 2278 2065 2350 (28).

489 2362 556 2435 (ί)
600 2364 837 2434 Cyrillus
861 2366 1400 2438 Hierosolymitanus,
1417 2370 1639 2427 Catech.
1667 2371 1821 2427 I8.c.
1845 2372 1899 2438 8,
1919 2371 2071 2427 labu-

634 2458 741 2511 lam
770 2456 839 2513 de
870 2460 1123 2528 phoenice
1161 2461 1204 2533 (I
1228 2460 1398 2518 Clem.
1430 2462 1546 2535 25),
1578 2471 1640 2519 ιιι
1666 2465 1783 2535 ipse
1812 2473 2065 2532 testatur,

632 2568 700 2606 ex
730 2554 968 2614 epistola
991 2553 1288 2612 Clementis
1318 2556 1547 2627 profert.

490 2642 566 2713 (ε)
600 2646 929 2718 Epiphanius
962 2648 1093 2703 haer.
1122 2648 1214 2714 27,
1241 2665 1298 2704 n.
1323 2650 1356 2704 6
1379 2669 1391 2704 :
1414 2650 1585 2720 Λέγει
1614 2653 1727 2721 τὰρ
1751 2651 2058 2724 (Clemens)

630 2737 700 2789 ἐν
722 2737 831 2807 μιᾷ
880 2739 999 2793 τῶν
1024 2741 1363 2796 ἐπιστολῶν
1409 2743 1626 2797 αὐτοῦ·
1667 2762 1685 2795 ι
1738 2744 2065 2814 Ἀναχωρῶ,

637 2832 863 2902 ἄπειμι,
892 2831 1237 2901 ἐνσταθήτω
1283 2836 1317 2888 ό
1343 2833 1493 2901 λαὸς
1522 2833 1628 2889 τοῦ
1680 2835 1848 2891 Θεοῦ.
1889 2854 1907 2887 ι
1949 2835 2064 2893 Cfr.

630 2927 649 2981 1
677 2928 876 2993 Clem.,
908 2942 959 2982 c.
989 2925 1078 2982 54.

491 3020 572 3091 (li)
609 3016 971 3091 Hieronymus
1011 3016 1186 3073 Catal.
1224 3020 1406 3087 script.
1438 3022 1563 3074 eccl.
1605 3034 1657 3074 c.
1687 3012 1792 3075 I5:
1837 3012 2066 3090 Scripsit

633 3112 930 3181 (Clemens)
952 3125 1017 3166 ea:
1042 3126 1266 3180 persona
1296 3110 1549 3166 Romana:
1578 3098 1830 3167 Ecclesia:
1865 3113 1934 3167 ad
1962 3112 2065 3167 Ee-

2175 602 2576 678 ὰρχαῖκώτερον
2604 605 2666 675 (f.
2698 609 3122 682 ἀρχαϊκώτερος)
3142 627 3157 641 ⁵
3175 609 3284 678 zﬁ.
3315 610 3500 680 φησὶν,
3526 613 3561 663 δ
3585 610 3753 684 Θεὸς,

2174 695 2273 750 καὶ
2300 699 2562 766 ὀΚύριος
2602 701 2837 768 Ἰησοῦς
2879 702 3153 771 Χριστὸς,
3185 703 3284 758 καὶ
3326 702 3391 757 τὸ
3416 702 3658 773 Πνεῦμα
3685 702 3755 757 τὸ

2173 787 2343 860 ἅγιον
2371 788 2505 863 (se).

2248 881 2357 939 Sed
2409 883 2595 940 futiles
2634 893 2764 940 sunt
2800 885 3018 941 illorum
3050 888 3316 956 rationes,
3367 889 3464 959 qui
3494 889 3639 943 hanc
3678 887 3751 942 ob

2174 990 2399 1032 causam
2430 978 2767 1033 authentiam
2799 978 3048 1048 epistolae
3075 988 3280 1036 nostras
3307 982 3749 1054 [impugnarunt;

2174 1066 2413 1124 fortasse
2450 1070 2595 1124 enim
2627 1085 2817 1125 omnes
2862 1070 2917 1124 hi
2959 1071 3087 1134 loci,
3136 1089 3371 1143 quorum
3418 1089 3621 1145 parvus
3662 1081 3754 1131 est

2173 1174 2456 1225 numerus,
2486 1161 2617 1215 olim
2643 1170 2765 1232 post
2788 1170 2951 1233 caput
2976 1163 3045 1218 57
3070 1164 3411 1234 legebantur,
3435 1166 3526 1221 ubi
3556 1166 3747 1221 folium

2173 1249 2445 1322 integrum
2460 1253 2680 1309 excidit.
2706 1254 2866 1310 Certe
2884 1254 3068 1324 ῥῆσις
3085 1256 3178 1310 illa
3204 1256 3413 1318 Basilii.
3440 1267 3501 1311 ut
3520 1257 3748 1331 Freyius

2173 1345 2406 1409 monuit,
2441 1354 2848 1417 peropportune
2880 1348 2957 1401 illi
2989 1348 3110 1405 loco
3141 1350 3425 1414 convenit,
3449 1361 3503 1405 et
3532 1365 3747 1405 accom-

2172 1439 2382 1493 modari
2415 1446 2592 1509 potest
2622 1439 2676 1494 in
2702 1440 2931 1509 epistola
2962 1441 3031 1496 ad
3058 1441 3217 1497 linem
3249 1442 3601 1499 decurrente.

2244 1530 2308 1585 V.
2335 1529 2454 1586 Iam
2479 1532 2547 1586 de
2571 1533 2869 1602 integritate
2890 1532 3181 1589 dicendum
3213 1543 3319 1590 est.

2173 1622 2250 1695 (a)
2281 1622 2482 1678 Eodem
2517 1638 2661 1677 anno
2693 1623 2853 1690 1655,
2885 1640 2996 1695 quo
3026 1626 3261 1694 primum
3289 1626 3517 1695 epistola
3556 1634 3745 1682 nostra

2312 1715 2456 1786 typis
2482 1715 2833 1785 vulgabatur,
2866 1714 3087 1770 Hieron.
3112 1714 3427 1785 Bignonius,
3452 1716 3603 1775 lctus
3638 1719 3743 1773 Pa-

2314 1808 2541 1873 risinus,
2574 1809 2937 1880 integritatem
2983 1810 3105 1878 ejus
3151 1810 3207 1864 in
3240 1810 3462 1866 dubium
3504 1813 3743 1878 vocavit,

2310 1890 2801 1975 plures‘clausulas
2822 1909 2886 1965 (et
2909 1915 3071 1955 voces
3097 1901 3343 1972 epistolae
3371 1905 3618 1973 genuina:
3648 1904 3743 1959 ad-

2310 1994 2455 2049 ditas
2466 2009 2589 2049 esse
2604 2002 2821 2064 putans.
2837 1990 3144 2048 Praesertim
3163 1993 3279 2049 viro
3290 1994 3604 2051 doctissimo
3626 1997 3744 2053 dis-

2305 2085 2540 2156 plicebat

2240 2177 2323 2248 (α)
2358 2178 2607 2237 narratio
2627 2177 2695 2234 de
2730 2176 2985 2249 phoenice
3015 2191 3067 2231 c.
3099 2177 3191 2232 25.

2238 2269 2316 2340 (β)
2353 2270 2669 2341 frequentia
2709 2271 3103 2343 epithetorum.

2236 2366 2317 2434 (γ)
2351 2380 2458 2419 vox
2486 2364 2672 2428 λαῖκός
2700 2380 2750 2420 c.
2783 2365 2854 2419 40
2878 2375 2932 2419 et

2239 2457 2310 2529 (δ)
2346 2458 2500 2513 locus
2546 2458 2743 2529 capitis
2767 2458 2835 2513 47
2862 2477 2875 2514 :
2926 2456 3017 2513 ubi
3048 2456 3296 2514 Ecclesia
3326 2459 3741 2517 Corinthiorum

2164 2550 2370 2622 ἀρχαία
2398 2561 2643 2607 vocatur.

2237 2643 2344 2715 Ipsi
2389 2644 2671 2715 respondit
2703 2642 2858 2715 Hugo
2879 2641 3120 2715 Grotius,
3144 2646 3284 2716 (30),
3310 2648 3456 2701 inter
3485 2647 3592 2701 alia
3618 2662 3739 2699 mo-

2164 2754 2305 2796 nens
2331 2739 2666 2795 Clementem
2697 2741 2817 2796 sine
2844 2741 3011 2795 dubio
3034 2756 3189 2811 aeque
3216 2756 3280 2795 ac
3306 2749 3592 2796 auctorem
3612 2741 3734 2810 Epi-

2166 2832 2323 2888 stolas
2369 2832 2438 2886 ad
2470 2831 2727 2889 Hebraeos
2756 2831 3004 2888 Graecum
3048 2848 3358 2888 sermonem
3404 2849 3472 2887 ex
3505 2833 3741 2890 eruditis

2165 2926 2483 2983 auctoribus
2500 2926 2770 2990 hausisse,
2790 2925 3021 2996 ideoque
3037 2924 3285 2981 liberiori
3315 2924 3576 2989 dictione,
3606 2940 3741 2992 non,

2165 3025 2227 3073 ut
2278 3017 2647 3091 ἑϐραῒζουσιν,
2692 3018 2750 3072 in
2783 3017 3044 3073 minutias
3088 3017 3334 3085 concisa,
3385 3016 3482 3072 sed
3534 3016 3743 3087 largius

2166 3108 2376 3177 fluenti,
2408 3126 2570 3166 usum
2602 3126 2750 3165 esse.

632 3206 846 3260 clesiam
896 3202 1293 3259 Corinthiorum
1339 3202 1489 3258 valde
1535 3204 1716 3259 utilem
1755 3206 2055 3275 epistolam,
2082 3205 2129 3267 α
2228 3202 2383 3268 Quod
2414 3203 2784 3257 narrationem
2820 3201 2888 3257 de
2934 3200 3184 3272 phcenice
3227 3202 3436 3266 attinet,
3483 3202 3574 3256 alii
3600 3217 3740 3272 quo-

634 3313 753 3367 qua?
805 3306 855 3350 et
894 3296 949 3348 in
987 3293 1253 3351 nonnullis
1286 3293 1416 3350 locis
1456 3294 1660 3365 publice
1701 3298 1911 3368 legitur,
1946 3316 2062 3370 quae

632 3391 762 3445 mihi
792 3390 995 3446 videtur
1024 3391 1322 3446 characteri
1350 3390 1607 3460 epistola,
1641 3409 1760 3462 quae
1782 3395 1876 3448 sub
1902 3394 2063 3449 Pauli

633 3488 844 3539 nomine
875 3485 943 3539 ad
998 3485 1251 3542 Hebraeos
1295 3487 1485 3558 fertur,
1531 3488 1821 3543 convenire.
1868 3487 1978 3544 Sed
2017 3500 2067 3545 et

631 3580 812 3632 multis
835 3578 898 3633 de
918 3580 1097 3634 eadem
1119 3582 1364 3650 epistola,
1379 3600 1483 3637 non
1501 3582 1671 3637 solum
1695 3582 1955 3649 sensibus,
1974 3582 2063 3638 sed

625 3674 786 3741 juxta
808 3671 1080 3727 verborum
1101 3690 1303 3745 quoque
1336 3675 1572 3730 ordinem
1595 3677 1852 3731 abutitur.

564 3765 707 3819 Idem
754 3765 850 3820 lib.
913 3779 1006 3820 Ilv
1067 3764 1864 3838 Comment.in!sai.,c.ut,l5
1895 3786 1907 3822 :
1939 3766 2064 3823 Cle-

493 3875 659 3919 mens,
690 3858 771 3911 vir
810 3857 1151 3925 apostolicus,
1183 3858 1274 3929 qui
1310 3867 1427 3925 post
1458 3857 1677 3912 Petrum
1716 3860 1852 3912 rexit
1886 3858 2066 3914 Eccle-

491 3949 846 4013 sitm,scribit
875 3947 942 4002 ad
957 3946 1259 4004 Corinthios
1283 3965 1301 4002 :
1321 3969 1339 4000 ι
1365 3948 1637 4018 Seeptrum
1665 3950 1780 4013 Dei,
1812 3951 2066 4006 Dominus

489 4043 646 4097 Jesus
674 4040 944 4105 Christus,
976 4059 1079 4096 non
1104 4043 1240 4096 venit
1273 4044 1328 4096 in
1347 4044 1618 4111 jactantia
1643 4040 1919 4111 superbiae,
1947 4059 2066 4097 cum

489 4138 653 4207 possit
685 4136 884 4200 omnia,
904 4134 993 4190 sed
1023 4137 1077 4189 in
1103 4135 1420 4191 humilitate.
1448 4156 1466 4189 ι
1493 4134 1607 4190 Cfr.
1634 4134 1653 4188 l
1683 4135 1947 4199 Clem.,c.
1977 4135 2063 4191 I6.

565 4230 709 4287 Idem
742 4230 839 4285 lib.
883 4243 901 4284 ι
933 4229 1311 4285 Comment.in
1329 4227 1424 4299 Ep.
1443 4233 1511 4286 ad
1528 4230 1746 4300 Eph.,c.
1765 4228 1874 4295 “,2
1901 4247 1914 4285 :
1944 4226 2067 4284 Cle-

491 4340 657 4387 mens,
684 4326 738 4379 in
772 4322 997 4393 epistola
1026 4339 1125 4376 sua
1150 4322 1371 4376 scribit:
1397 4319 1636 4377 Oceanus
1661 4327 1711 4374 et
1740 4318 1945 4386 mundi,
1978 4321 2069 4392 qui

493 4427 642 4471 trans
667 4417 839 4487 ipsum
870 4425 1015 4470 sunt.
1047 4413 1161 4469 Cfr.
1191 4413 1213 4467 Ι
1241 4413 1411 4470 Clem.
1443 4430 1495 4469 c.
1525 4412 1617 4469 ΞΟ.

564 4509 708 4565 Idem
738 4509 871 4564 ibid.
928 4509 1023 4563 lib.
1067 4525 1126 4572 ιι,
1170 4507 1237 4562 ad
1266 4524 1406 4567 c.Iv.
1435 4507 1515 4602 li
1557 4505 1722 4578 Cujus
1754 4508 1827 4561 rei
1858 4515 1906 4561 et
1940 4504 2059 4563 Cle-
2086 4540 2138 4602 υ

491 4619 636 4659 mens
666 4600 733 4654 ad
765 4599 1063 4656 Corinthios
1088 4600 1233 4653 testis
1265 4611 1341 4653 est
1367 4614 1384 4652 :
1414 4618 1433 4650 ι
1474 4597 1752 4654 Vinculum
1775 4599 2055 4657 charitatis

490 4695 591 4757 Dei
611 4694 726 4765 quis
755 4694 944 4763 poterit
973 4695 1262 4747 enarrare?
1302 4712 1320 4743 ι
1354 4690 1469 4747 Cfr.
1503 4690 1711 4749 lClem.
1735 4707 1786 4747 c.
1815 4692 1907 4750 49.

562 4784 900 4843 Testimonia
932 4785 1294 4856 posteriorum
1328 4791 1628 4840 taceamus.

562 4877 650 4933 IV.
680 4876 939 4932 Nonnulli
969 4886 1214 4931 veterum
1258 4872 1407 4929 locos
1436 4875 1679 4946 epistolae
1707 4876 2059 4935 Clementinaa

490 4973 739 5039 laudant,
770 4972 863 5044 qui
890 4972 944 5025 in
986 4971 1192 5025 nostris
1216 4969 1625 5039 exemplaribus
1647 4985 1755 5024 non
1779 4970 2056 5042 leguntur.

493 5067 556 5125 Ε.
588 5084 642 5139 g.
675 5066 936 5129 Basilius,
970 5065 1063 5119 lib.
1099 5063 1167 5119 de
1209 5062 1415 5133 Spiritu
1446 5073 1637 5118 sancto
1659 5078 1710 5119 c.
1742 5062 1833 5128 29,
1878 5080 1934 5118 ιι.
1967 5063 2058 5128 72,

495 5289 614 5363 (28)
648 5287 801 5363 Multi
844 5294 1223 5363 autumat-unt.
1245 5295 1339 5339 aut
1367 5284 1700 5363 Clementem
1736 5285 1919 5357 ipsum
1943 5287 2062 5356 epi-

635 5361 832 5415 stolam
877 5359 944 5413 ad
992 5356 1248 5413 Hebraeos
1281 5356 1592 5425 scripsisse,
1632 5365 1727 5410 aut
1758 5356 1908 5412 Certe
1941 5373 2059 5414 eam

634 5432 688 5485 iu
727 5445 827 5484 sua
853 5428 1143 5484 scribenda
1174 5438 1300 5498 ante
1338 5427 1838 5498 ocu_los:hahui_sse.
1879 5426 2063 5498 Longe

520 5498 523 5501 ’
636 5502 795 5554 aliter
823 5499 1059 5569 conjicit
1074 5497 1346 5569 7Dr.lllack
1390 5491 1845 5569 (Tubing._thcol.
1884 5491 2061 5569 Qua}.

643 5565 1124 5649 talschriﬂ'1858,
1193 5567 1327 5624 fasc.
1391 5584 1484 5632 ιιι,
1532 5584 1584 5647 p_.
1649 5567 1755 5623 385
1790 5569 1961 5691 8311.),
2008 5566 2062 5622 id

643 5655 827 5691 naeus.
871 5648 929 5691 ut
966 5638 1127 5691 nobis
1159 5644 1438 5691 ostendat.
1483 5638 1772 5691 epistolam
1866 5639 2062 5691 lenien-

638 5655 827 5708 agens,
864 5638 929 5693 ἰιι
966 5638 1127 5708 nobis
1159 5644 1438 5708 ostendat,
1483 5638 1772 5708 epistolam
1819 5638 2063 5693 Clemen-

639 5706 964 5776 tisEpistola
988 5707 1055 5761 ad
1087 5706 1344 5777 IIebt-azos
1367 5706 1537 5762 fuisse
1567 5707 1823 5777 priorem,
1852 5718 1906 5763 et
1924 5708 2065 5762 hanc

640 5778 705 5833 ad
739 5778 1038 5848 Clementis
1068 5776 1354 5848 epistolam
1394 5778 1532 5832 bene
1568 5776 1716 5848 apud
1747 5777 2063 5843 Corinthios

644 5845 1114 5913 introduccndam’
1149 5845 1475 5912 confectam,
1534 5857 1587 5903 ct
1611 5845 1740 5903 Vuna
1768 5863 1891 5903 cum
1938 5848 2060 5904 Cle—

486 5946 529 5966 ob

2164 3309 2272 3364 que
2308 3302 2576 3360 veterum,
2604 3310 2654 3350 e.
2686 3310 2738 3365 ς.
2772 3293 2995 3349 Tacitus
3029 3293 3248 3365 (Annal.
3283 3310 3356 3355 v1.
3401 3294 3498 3363 28)
3531 3304 3583 3348 et
3628 3293 3739 3348 Pli-

2164 3386 2292 3442 nius
2321 3385 2426 3458 (Η.
2450 3384 2523 3439 Ν.
2544 3399 2641 3453 vn,
2672 3386 2742 3441 49
2778 3402 2796 3453 ;
2826 3399 2943 3450 xm,
2974 3384 3006 3439 9
3037 3401 3053 3452 ;
3084 3400 3231 3451 χχιιι,
3262 3380 3314 3455 9)
3343 3384 3519 3440 eidem
3540 3384 3741 3441 fabulae

2165 3479 2325 3533 iidem
2362 3477 2653 3535 habebant.

2235 3567 2535 3624 Ecclesiam
2584 3569 2997 3625 Corinthiorum
3039 3568 3151 3639 jam
3201 3582 3231 3621 a
3289 3564 3602 3633 Clemente,
3650 3585 3739 3624 rc-

2167 3671 2355 3733 spectu
2386 3663 2614 3717 aliarum
2642 3661 3035 3725 Ecclesiarum,
3068 3659 3302 3733 ἀρχαίαν
3332 3661 3595 3731 appellari
3635 3677 3724 3732 po-

2165 3755 2360 3819 tuisse,
2390 3771 2551 3810 nemo
2580 3757 2817 3826 negabit.

2238 3846 2479 3919 Denique
2500 3849 2567 3904 de
2591 3866 2723 3904 voce
2747 3852 2957 3917 λατκός
2979 3865 3101 3920 qua:
3117 3849 3351 3905 dicenda
3379 3856 3529 3916 sunt,
3558 3850 3612 3904 in
3639 3866 3740 3905 no-

2168 3940 2240 3995 tis
2269 3941 2336 3994 ad
2365 3957 2415 3996 c.
2442 3942 2512 3997 40
2538 3943 2801 4013 reperies.

2170 4034 2249 4105 (b)
2281 4034 2457 4105 Supra
2490 4036 2605 4105 jam
2633 4035 2894 4101 diximus,
2926 4036 3259 4093 Clementem
3305 4036 3740 4093 Alexandrinum

2310 4128 2476 4182 multa
2493 4130 2738 4199 epistolae
2768 4138 2971 4185 nostra:
3000 4130 3181 4201 capita
3210 4131 3285 4197 (I.
3309 4130 3505 4185 9—12.
3524 4130 3610 4184 I7.
3648 4130 3737 4185 18.

2304 4220 2395 4275 21.
2442 4220 2533 4278 22.
2564 4221 2652 4276 56.
2687 4222 2775 4276 '58.
2809 4222 2899 4277 40.
2946 4223 3035 4277 41.
3069 4223 3159 4278 48.
3201 4223 3420 4279 49.“50.
3466 4224 3553 4279 51.
3596 4223 3736 4293 53.),

2309 4320 2452 4367 tecto
2494 4312 2723 4367 Romani
2754 4313 3052 4370 Clementis
3084 4318 3323 4380 nomine,
3357 4315 3735 4385 excerpsisse,

2307 4415 2360 4461 et
2410 4406 2729 4461 abbreviata
2786 4408 2930 4462 libro
2992 4417 3188 4477 quarto
3246 4405 3582 4462 Stromatum
3652 4407 3740 4462 iu-

2312 4500 2551 4557 texuisse
2579 4499 2715 4571 (51).
2742 4497 3027 4555 Eduardus
3054 4515 3181 4555 vero
3195 4498 3501 4554 Bernartius
3535 4509 3587 4554 ct
3613 4496 3737 4553 Cle-

2304 4592 2455 4648 ricus
2489 4592 2544 4645 in
2587 4600 2822 4662 utraque
2852 4591 3360 4647 Amstmlodamensi
3390 4590 3737 4647 Coteleriana

2298 4687 2535 4742 editione
2565 4684 2786 4740 Patrum
2816 4686 3261 4755 apostolicorum,
3303 4685 3737 4755 suspicabantur

2303 4796 2496 4836 omnes
2524 4778 2625 4835 hos
2657 4780 2805 4835 locos
2851 4777 3277 4833 Alexandrinum
3311 4777 3491 4848 ipsum
3530 4776 3737 4833 habere

2303 4881 2604 4937 auctorem,
2633 4888 2664 4927 e
2691 4872 2851 4942 cujus
2883 4872 3022 4926 libro
3059 4870 3444 4941 interpolatam
3480 4886 3606 4927 esse
3630 4887 3759 4929 ιιοοη

2302 4976 2467 5022 stram
2494 4967 2780 5038 epistolam
2807 4964 3161 5020 Contendunt.

2232 5059 2345 5116 Illis
2376 5060 2615 5116 accessit
2641 5057 2963 5116 Laurentius
2977 5056 3236 5114 Mosheim
3261 5054 3329 5112 γ.
3361 5056 3424 5111 C.
3463 5057 3598 5128 (52).
3624 5056 3731 5129 Ipsi

2304 5287 2505 5342 mentis
2526 5285 2758 5356 epistola
2781 5284 2960 5356 datam
2983 5297 3107 5356 esse
3125 5281 3191 5356 ad
3218 5282 3554 5356 Corinthios.
3584 5283 3730 5335 Mac-

2301 5358 2451 5434 ltium
2505 5347 2982 5434 inipugnayﬂitnwn
3021 5347 3084 5401 F-
3125 5352 3301 5433 Iliuck
3344 5353 3747 5434 inMUllmanni

2301 5427 2455 5484 Stud.
2483 5439 2531 5483 et
2554 5419 2694 5483 Κηῖ.
2756 5425 2922 5482 1859,
2957 5419 3090 5478 fasc.
3148 5422 3229 5486 iv,
3258 5441 3309 5494 p.
3342 5422 3477 5478 1002
3502 5439 3583 5492 sq.

2235 5499 2348 5621 ($9)
2391 5499 2650 5622 Rﬂiquos
2710 5497 2859 5551 locos
2909 5495 3152 5565 reperies
3193 5493 3529 5550 in’Callantl.
3586 5493 3733 5549 Bibl.

2291 5608 2305 5622 .
2340 5582 2395 5622 ι).
2518 5584 2601 5622 su.
3652 5598 3655 5599 ν

2195 5579 2235 5625 t.
2265 5568 2305 5628 1,
2340 5582 2395 5628 ι).
2428 5568 2495 5622 Η
2518 5584 2601 5628 so.
3652 5598 3655 5599 ν

2267 5582 2305 5628 1.
2340 5582 2395 5637 p.
2428 5582 2495 5622 44
2518 5584 2601 5636 sq.

2236 5638 2347 5706 (50)
2379 5635 2515 5691 Vide
2548 5652 2735 5706 supra.
2770 5636 2876 5689 col.
2906 5635 2995 5689 47.

2235 5704 2346 5777 (51)
2383 5707 2497 5777 Cfr.
2527 5704 2650 5760 Nol.
2683 5707 2717 5758 2
2747 5706 2812 5777 ad
2845 5720 2893 5759 c.
2925 5706 2980 5759 9.
3096 5714 3101 5717 “

2238 5771 2355 5852 (3'2)
2389 5775 2566 5835 lnstit.
2593 5779 2716 5834 hist.
2742 5775 2853 5833 chr.
2876 5777 3137 5848 majores,
3187 5790 3242 5839 ι).
3273 5771 3399 5827 ειι.
3430 5786 3515 5842 sq.
