4100 6278
315 341 416 396 195

312 560 542 618 quorum
577 544 726 598 nulla
753 550 836 598 est
865 558 988 596 cum
1016 543 1272 606 consilio,
1303 542 1618 596 Corinthios
1648 542 1715 600 ad
1743 556 1875 595 con-

311 638 553 694 cordiam
584 636 841 698 vocandi,
891 636 1165 705 cognatio.
1197 635 1414 698 Priora,
1462 635 1660 702 inquit,
1706 633 1881 686 decem

309 732 483 800 capita
527 728 771 798 quwdam
817 726 1007 780 habent
1035 728 1248 797 vestigia
1291 744 1481 783 manus
1523 726 1759 795 fallacis,
1791 725 1880 779 sed

312 842 413 877 non
447 826 524 877 ita
559 822 729 876 multa
755 836 773 874 :
801 821 1130 889 persequitur
1160 829 1346 873 auctor
1374 830 1678 875 constanter
1709 821 1883 874 consi-

312 919 440 971 lium
467 933 642 970 suum.
686 916 754 970 At
785 916 955 984 capite
985 913 1070 967 XI
1098 923 1148 967 et
1186 913 1305 968 XII
1339 914 1407 967 ad
1449 914 1604 982 ﬁdem
1630 923 1679 968 et
1708 913 1885 982 hospi-

311 1011 568 1062 talitatem
598 1005 1068 1062 commendandam
1099 1006 1318 1070 accedit,
1348 1008 1404 1061 in
1433 1023 1534 1078 quo
1553 1007 1702 1061 nulla
1728 1008 1884 1077 plane

309 1111 526 1167 apparet
557 1101 873 1153 cohaerentia
902 1114 1021 1152 cum
1042 1097 1473 1168 praecedentibus.
1496 1099 1758 1164 Quocirca
1785 1114 1880 1167 pa-

309 1209 427 1243 rum
452 1193 620 1256 abest,
661 1193 787 1260 quin
828 1192 938 1244 lucc
960 1191 1136 1256 capita
1175 1190 1467 1244 existimem
1502 1191 1710 1244 intrusa
1749 1207 1879 1246 esse.

308 1284 464 1338 Redit
508 1285 575 1336 ad
620 1285 923 1337 institutum
967 1283 1206 1337 Clemens
1237 1285 1406 1351 capite
1439 1282 1618 1346 XIII,
1662 1292 1710 1338 et
1737 1284 1794 1336 in
1823 1300 1880 1337 eo

306 1379 479 1447 pergit
513 1377 578 1436 ad
599 1394 648 1431 c.
678 1375 873 1431 XXII.
909 1375 1024 1429 Hoc
1046 1392 1164 1430 vero
1189 1377 1358 1445 capite
1381 1385 1604 1445 repente,
1629 1375 1779 1429 nulla
1803 1376 1882 1443 ip-

307 1487 431 1521 sum
445 1470 646 1522 ratione
668 1469 940 1533 invitante,
963 1467 1031 1521 ad
1049 1477 1411 1538 argumentum
1429 1468 1576 1537 longe
1592 1467 1738 1520 aliud
1759 1483 1882 1536 pro-

306 1571 482 1628 perat,
520 1559 590 1612 ad
625 1561 1062 1614 resurrectionem
1114 1577 1396 1629 corporum
1425 1569 1776 1622 mortuorum,
1817 1564 1881 1613 de

306 1671 414 1722 qua
439 1653 505 1705 ad
528 1663 681 1720 caput
699 1669 863 1720 usque
889 1652 992 1705 XX
1007 1651 1150 1706 VIII
1165 1651 1400 1707 disserit.
1418 1651 1603 1722 Capite
1620 1652 1723 1705 XX
1739 1651 1880 1706 VIII

306 1747 544 1800 instituti
570 1747 654 1798 sui
677 1744 947 1799 recordari
965 1744 1167 1799 videtur
1191 1745 1415 1807 iterum;
1443 1754 1596 1814 atque
1614 1744 1768 1813 hujus
1790 1761 1880 1798 ca-

304 1839 435 1906 pitis
459 1838 670 1891 initiunt
696 1837 821 1891 bene
844 1838 1075 1892 concinit
1100 1839 1196 1906 ﬁni
1229 1839 1420 1906 capitis
1448 1836 1611 1900 XXI,
1635 1837 1883 1906 difﬁcilli-

306 1947 389 1983 me
418 1947 534 1983 vero
556 1947 674 1983 cum
700 1931 848 1983 exitu
868 1930 1061 1998 capitis
1085 1928 1192 1992 XX
1206 1929 1314 1983 VH
1343 1930 1496 2000 jungi
1516 1939 1706 1998 potest.
1735 1931 1883 1997 Qua-

305 2033 520 2089 propter
543 2037 660 2091 que
683 2022 746 2075 de
772 2021 1084 2076 cadaverum
1112 2023 1165 2075 in
1191 2023 1353 2075 vitam
1377 2022 1548 2076 reditu
1572 2023 1884 2091 prazcipiun-

307 2123 395 2166 tur
427 2130 516 2167 sea:
545 2115 833 2183 capitibus,
865 2114 1099 2182 subjecta
1138 2114 1376 2167 videntur
1403 2131 1513 2169 esse
1553 2113 1878 2170 Clementi...

309 2205 358 2259 Ν
365 2224 494 2277 eque
517 2208 704 2261 melius
726 2208 971 2261 existimo
999 2206 1062 2260 de
1086 2207 1346 2276 capitibus
1371 2206 1466 2260 XL
1485 2237 1554 2250 -η
1569 2206 1663 2260 XL
1681 2208 1718 2261 V
1747 2219 1795 2262 et
1819 2208 1882 2264 de

307 2300 480 2364 capite
513 2299 608 2352 LV
652 2299 840 2369 quibus
885 2316 948 2352 ea
983 2298 1150 2364 legas,
1182 2315 1299 2367 qua:
1345 2299 1479 2352 nulli
1507 2309 1788 2368 potuerunt
1828 2303 1883 2355 in

308 2400 532 2444 mentem
577 2392 748 2445 venire
785 2391 888 2444 nisi
931 2390 1150 2457 homini,
1196 2392 1274 2444 rei
1301 2408 1461 2460 quam
1507 2393 1638 2462 agit,
1665 2408 1882 2461 prorsus

311 2483 624 2537 immemori.

377 2575 536 2640 Quod
559 2575 820 2630 Bernardi
836 2585 889 2630 et
908 2577 1102 2633 Clerici
1120 2579 1311 2632 attinet
1331 2578 1880 2648 argumentationem,

311 2668 447 2722 bene
475 2667 760 2723 Wottonus
804 2669 918 2739 (55)
953 2671 1025 2724 ita
1065 2671 1290 2726 disserit
1324 2688 1338 2722 :
1371 2671 1525 2725 Irriti
1558 2681 1733 2727 tamen
1762 2682 1886 2726 sunt

313 2761 468 2830 hujus
508 2772 750 2817 conatus.
810 2763 915 2828 Qui
969 2765 1106 2816 enim
1155 2764 1250 2819 hoc
1315 2765 1471 2841 modo
1507 2781 1572 2819 ea:
1622 2765 1887 2820 Clemente

255 2927 274 2934 _
314 2855 678 2908 Alexandrino
720 2857 918 2924 arguit,
947 2868 1037 2910 aut
1076 2873 1194 2911 eum
1243 2875 1347 2912 non
1399 2858 1558 2927 probe
1602 2860 1762 2923 novit,
1793 2869 1887 2912 aut

313 2950 455 3001 mala
481 2948 584 3016 [ide
613 2950 739 3017 agit.
767 2947 964 3003 Eadem
989 2951 1125 3002 enim
1154 2952 1356 3004 ratione
1385 2960 1564 3006 actum
1584 2954 1684 3006 erit
1709 2952 1770 3006 de
1789 2969 1887 3008 au-

315 3041 511 3094 thentia
540 3051 590 3094 et
608 3041 710 3109 ﬁde
727 3059 908 3095 eorum
926 3045 1177 3104 omnium,
1196 3044 1286 3114 qui
1313 3061 1346 3097 a
1372 3043 1635 3099 Clemente
1657 3045 1888 3099 Alexan-

311 3133 466 3186 drino
505 3152 727 3204 usquam
760 3137 1011 3198 citantur,
1046 3139 1378 3204 scriptorum.
1413 3137 1582 3192 Nemo
1609 3140 1747 3193 enim
1778 3138 1888 3194 Pa-
1913 3155 1956 3214 ο

318 3236 454 3278 trum
474 3227 677 3295 majore
710 3227 919 3281 licentia
944 3245 1072 3281 usus
1102 3240 1176 3282 est
1203 3230 1256 3282 in
1286 3231 1514 3284 citandis
1556 3232 1882 3296 auctoribus,

316 3319 418 3371 sive
449 3322 644 3383 sacris,
675 3320 780 3373 sive
811 3321 1062 3383 ethnicis;
1090 3338 1204 3374 cum
1236 3323 1284 3374 ei
1305 3323 1358 3376 in
1390 3337 1532 3377 more
1561 3325 1651 3386 sit,
1677 3341 1779 3378 non
1804 3325 1888 3378 in-

315 3420 460 3480 tegra
492 3423 774 3465 auctorum
803 3413 956 3466 verba
981 3430 1184 3482 semper
1217 3415 1463 3478 recitare,
1501 3415 1590 3468 sed
1621 3432 1716 3485 pro
1743 3417 1888 3470 arbi-

315 3507 416 3558 trio
457 3523 556 3558 suo
584 3523 720 3559 nunc
750 3507 1074 3572 contrahere,
1102 3525 1238 3563 nunc
1267 3509 1330 3564 de
1358 3527 1454 3563 suo
1493 3511 1740 3576 inserere,
1777 3512 1888 3566 alia

309 3599 576 3661 omittere,
603 3600 712 3651 alia
742 3600 904 3653 variis
929 3600 1098 3655 modis
1127 3612 1352 3656 mutare.

385 3711 688 3766 bloshemio
720 3711 955 3783 denique
988 3714 1062 3768 ita
1096 3715 1530 3785 respondeamus
1560 3735 1573 3772 :

312 3826 392 3892 ta)
425 3827 598 3896 Capp.
634 3825 704 3880 XI
739 3837 794 3883 et
832 3827 926 3882 XII
966 3829 1214 3899 epistolae
1248 3837 1455 3886 nostra:
1497 3847 1624 3886 cum
1662 3842 1884 3891 antece-

455 3919 716 3975 dentibus
749 3920 886 3975 bene
921 3922 1219 3985 cohterent,
1253 3925 1455 3994 quippe
1485 3941 1607 3996 qua:
1637 3926 1885 3984 eamdem

455 4029 584 4065 cum
612 4013 696 4068 his
730 4015 1010 4068 materiam
1053 4023 1308 4080 tractent,
1344 4017 1555 4073 invidia:
1581 4019 1890 4074 Corinthio-

458 4121 580 4158 rum
598 4108 847 4176 exempla
874 4106 1274 4175 hospitalitatis,
1306 4109 1524 4179 pietatis
1551 4118 1604 4166 et
1634 4110 1759 4166 fidei
1790 4127 1889 4183 0p-

459 4206 698 4266 ponant,
733 4198 1006 4270 simulque
1049 4215 1238 4268 poenas
1279 4200 1618 4258 dissensionis
1664 4201 1748 4274 (c.
1784 4202 1888 4275 Xl)

459 4289 772 4346 ostendant.
1086 4283 1113 4308 ⁸

315 4405 392 4475 (β)
427 4405 542 4461 Nec
569 4409 751 4476 capita
779 4405 1236 4464 XXliI—XXVIII
1262 4426 1291 4464 a
1323 4411 1556 4465 consilio
1591 4410 1888 4470 Clementis

1528 333 1870 389 ΡΒΟαΞΜΙΑ
1911 332 2294 390 VARIORUM.

310 454 454 512 enim
485 453 541 506 in
585 451 815 520 epistola
862 457 1050 504 nostra
1104 449 1271 504 multa
1307 450 1537 519 proferri
1587 448 1876 511 videntur,
1908 449 1953 507 Α

3450 339 3549 395 193

2120 445 2419 502 Clementis
2438 452 2788 520 respondent,
2811 449 3084 522 simulque
3105 451 3412 508 arctissime
3427 469 3553 511 cum

2124 539 2394 609 capitibus
2420 542 2488 594 57
2518 550 2571 596 et
2594 544 2662 598 58
2690 545 2985 602 cohazrent.

1984 625 2053 698 (6)
2111 630 2288 699 Caput
2311 630 2545 702 denique
2568 633 2654 686 LV
2689 638 2763 688 nil
2791 637 2894 690 nisi
2937 637 3184 706 exempla
3226 637 3346 706 ejus
3375 638 3557 694 chari-

2123 722 2250 776 tatis
2287 724 2516 792 profert,
2549 726 2616 781 de
2644 743 2751 796 qua
2788 729 2966 798 capite
2999 729 3343 784 antecedenti
3388 733 3556 784 verba

2125 812 2342 868 ﬁebant.

1984 900 2056 974 (ε)
2128 902 2296 958 Porro
2326 909 2586 963 nonnulla
2618 913 2818 981 capita,
2853 910 3154 967 Moshemio
3184 913 3551 982 displicentia,

2120 995 2229 1064 iam
2262 1013 2292 1050 a
2330 996 2620 1056 Veteribus
2644 1004 2936 1056 laudantur
2961 1013 3015 1058 et
3045 1006 3305 1068 citantur,
3331 1023 3380 1059 e.
3421 1024 3472 1077 g.
3499 1024 3552 1068 c.

2123 1087 2234 1141 LIV
2268 1092 2335 1144 ab
2366 1091 2601 1164 Origene
2633 1097 2684 1149 in
2712 1095 2913 1152 Joann.
2940 1113 2980 1162 ι,
3011 1097 3119 1166 29;
3146 1116 3196 1155 c.
3230 1099 3371 1154 XXV
3396 1117 3426 1154 a
3447 1100 3561 1171 (ly--

2124 1182 2246 1234 rillo
2276 1181 2489 1240 llicros.
2524 1186 2748 1242 Catech.
2778 1189 2866 1251 18,
2895 1189 2948 1243 8.

1983 1268 2058 1341 (ξ)
2133 1272 2326 1329 Omnia
2359 1279 2538 1347 capita
2582 1280 2633 1333 in
2676 1280 2899 1336 dubium
2929 1292 3120 1336 vocata
3150 1284 3207 1338 in
3237 1284 3556 1353 antiquissio

2125 1381 2212 1420 mo
2242 1367 2334 1419 illo
2367 1369 2554 1424 codice
2583 1371 2950 1427 Alexandrino
2974 1376 3340 1443 reperiuntur.

1985 1457 2063 1529 (η)
2137 1458 2315 1525 Quum
2355 1463 2582 1530 epistola
2628 1465 2922 1521 Clementis
2967 1467 3180 1535 publice
3211 1469 3263 1521 in
3291 1467 3559 1527 Ecelesiis

2125 1554 2526 1623 piatiegeretur,
2574 1557 2663 1610 vix
2714 1558 2829 1613 ﬁeri
2875 1567 3110 1629 poterat,
3142 1569 3198 1614 ut
3229 1563 3296 1616 ab
3337 1561 3557 1618 homine

2127 1645 2374 1715 improbo
2401 1647 2718 1703 fmdaretur.

1988 1734 2064 1806 (θ)
2140 1735 2278 1806 Styli
2310 1752 2373 1791 ac
2398 1741 2668 1794 orationis
2691 1741 2985 1797 diversitas
3009 1744 3204 1799 nullibi
3238 1745 3292 1799 in
3322 1745 3558 1816 epistola

2122 1838 2311 1884 nostra
2334 1841 2416 1890 est
2444 1834 2783 1902 reperienda.

2053 1919 2139 1975 Vl.
2173 1920 2557 1978 Recentiorum
2595 1936 2898 1996 temporum
2924 1931 3027 1985 viri
3062 1930 3210 1985 docti
3252 1939 3307 1986 et
3334 1931 3558 1984 authen-

1985 2015 2113 2068 tiam
2143 2024 2196 2070 et
2223 2016 2574 2085 integritatem
2615 2021 2802 2090 primae
2848 2021 3145 2079 Clementis
3192 2025 3435 2094 cpistola:
3487 2027 3556 2080 ad

1985 2123 2152 2162 unum
2183 2124 2373 2164 omnes
2406 2121 2728 2181 agnoscunt,
2757 2121 2812 2168 et
2836 2116 2987 2168 nulla
3021 2116 3135 2185 jam
3165 2118 3382 2186 gravior
3398 2116 3559 2170 dubi-

1984 2202 2238 2256 tatiohac
2259 2204 2326 2256 de
2359 2219 2415 2258 re
2448 2214 2715 2260 movetur.
2746 2206 2920 2272 Quem
2948 2209 3275 2264 enimlateat
3302 2208 3559 2277 priniaava

1985 2293 2329 2363 simplicitas,
2353 2311 2460 2365 qua
2499 2302 2749 2362 ornatur,
2779 2300 3092 2369 evangelica
3135 2300 3423 2370 sapientia,
3452 2314 3559 2368 qua

1985 2386 2220 2449 excellit,
2247 2388 2545 2457 apostolica
2571 2390 2903 2459 praedicatio,
2934 2406 3096 2463 quam
3119 2393 3410 2447 sonathtec
3436 2389 3558 2446 Cle-

1985 2478 2184 2532 mentis
2223 2480 2484 2549 epistula?
2516 2481 2707 2538 Nonne
2733 2485 2852 2538 viro
2887 2485 3186 2554 apostolico
3229 2500 3293 2539 ea
3328 2501 3386 2540 se
3422 2498 3561 2552 prte-

1986 2569 2077 2624 bet
2102 2570 2516 2642 dignissimam?
2539 2573 2734 2629 Omnia
2766 2592 2899 2632 sane
2929 2576 2980 2632 ei
3015 2579 3314 2634 authentia:
3354 2578 3558 2633 indicia

1989 2661 2210 2717 adsunt.
2245 2663 2387 2718 Audi
2415 2664 2738 2722 Wottonum
2775 2669 2886 2740 (54)
2921 2686 2936 2724 :
2978 2669 3042 2723 In
3073 2671 3191 2735 illa,
3226 2670 3423 2741 inquit,
3456 2686 3560 2723 non

1987 2754 2213 2808 violatur
2243 2757 2486 2827 temporis
2518 2760 2680 2823 ratio,
2709 2760 2842 2815 nihil
2870 2772 3058 2816 contra
3089 2762 3416 2835 (antiquam)
3455 2763 3557 2816 Ec-

1988 2843 2162 2899 clesiae
2205 2846 2545 2917 disciplinam
2583 2852 2914 2916 instituitur;
2959 2854 3093 2907 nihil
3133 2864 3318 2908 contra
3361 2855 3562 2908 doctri-

1989 2953 2112 2990 nam
2146 2937 2509 2994 Christianam
2547 2943 2884 3011 prtecipitur;
2915 2945 3082 3015 stylus
3113 2962 3176 2998 ac
3213 2946 3419 3000 dicendi
3453 2963 3562 3000 me-

1990 3029 2176 3084 thodus
2216 3033 2453 3099 proxime
2501 3036 2753 3088 accedunt
2790 3036 2859 3088 ad
2891 3035 3099 3090 Novum
3147 3037 3561 3106 Testamentum,

1989 3138 2151 3194 neque
2181 3125 2402 3194 aliquid,
2443 3125 2580 3195 quod
2610 3144 2713 3179 non
2743 3137 2820 3180 est
2852 3129 3218 3182 maximeviro
3267 3131 3560 3197 apostolico

1991 3217 2226 3286 dignum,
2261 3217 2315 3270 in
2343 3235 2406 3271 ea
2437 3220 2714 3287 reperitur.
2740 3219 2804 3272 Et
2830 3221 2936 3274 alio
2962 3221 3082 3274 loco
3101 3221 3244 3291 (55):
3278 3221 3388 3276 Illa
3416 3223 3490 3276 vis
3510 3231 3562 3276 et

1988 3311 2238 3381 ἐνέργεια
2266 3310 2443 3365 divina
2469 3311 2658 3382 ubique
2687 3313 2741 3365 in
2761 3329 2820 3365 eo
2846 3312 3164 3384 (Clemente)
3188 3315 3428 3386 refulget,
3445 3333 3563 3385 qua:

1989 3421 2084 3457 suo
2112 3403 2316 3473 fulgore
2346 3403 2580 3472 percellit
2611 3406 2849 3457 animum
2877 3406 3123 3476 legentis;
3146 3399 3296 3474 adeo,
3327 3417 3384 3460 ut
3415 3424 3562 3476 pwne

1989 3495 2184 3558 dicam,
2218 3494 2480 3562 Spiritum
2513 3495 2632 3562 Dei,
2662 3513 2770 3550 non
2799 3497 3058 3551 hominem
3100 3500 3155 3552 in
3174 3516 3233 3554 eo
3271 3500 3562 3570 loquentem

1989 3588 2210 3643 sentias.

2060 3680 2214 3751 Hugo
2241 3681 2462 3736 Grotius
2479 3680 2594 3752 (56)
2615 3697 2723 3737 non
2749 3681 3018 3738 simulatae
3045 3683 3333 3740 vetustatis
3358 3682 3562 3738 indicia

1991 3775 2048 3830 in
2085 3775 2316 3846 cpistola
2352 3783 2540 3831 nostra
2591 3777 2821 3844 reperiri
2864 3777 3144 3832 contendit
3177 3793 3190 3830 :
3227 3777 3302 3832 De
3349 3775 3562 3833 Christo

1990 3882 2188 3935 semper
2218 3867 2468 3937 loquitur,
2496 3884 2600 3921 non
2627 3878 2682 3920 ut
2715 3870 3030 3936 posteriores
3055 3868 3563 3940 πλατωνικώτερον,

1989 3962 2078 4014 sed
2113 3958 2418 4028 simpliciter
2462 3959 2647 4028 plane,
2679 3969 2728 4014 et
2757 3969 2813 4014 ut
2857 3959 3063 4014 Paulus
3093 3961 3378 4031 Apostolus
3407 3962 3564 4017 solet.

1988 4053 2113 4110 Alia
2140 4069 2337 4124 quoque
2357 4052 2630 4123 dogmata,
2654 4064 2836 4122 postea
2859 4054 3110 4108 subtilius
3138 4056 3420 4124 explicata,
3451 4064 3564 4108 tra-

1989 4155 2096 4202 ctat
2127 4146 2502 4216 ἀφελέστερον,
2532 4155 2582 4200 et
2614 4147 2819 4200 vocibus
2847 4146 3110 4218 κλήσεως,
3141 4145 3377 4217 κλητῶν,
3411 4145 3564 4197 ἐκλε-

1989 4239 2153 4302 κτῶν,
2179 4256 2332 4294 sensu
2359 4239 2514 4307 plane
2552 4237 2777 4292 Paulino
2807 4238 2998 4294 utitur.

2059 4329 2174 4387 Vll.
2204 4331 2397 4401 Magna
2420 4330 2523 4385 fuit
2549 4330 2691 4400 apud
2733 4336 2946 4383 veteres
2969 4328 3216 4398 epistolae
3237 4335 3443 4383 nostra:
3464 4342 3566 4382 au-

1989 4423 2416 4493 ctoritas,quam
2447 4420 2683 4476 lrenaaus
2703 4420 3038 4492 ἱκανωτάτην
3066 4421 3284 4492 γραφήν
3314 4420 3564 4493 (57),Ειιο

463 4507 669 4552 remota
697 4509 844 4554 sunt.
876 4500 1316 4558 Resurrectionis
1341 4504 1486 4558 enim
1506 4503 1761 4562 Clemens
1793 4514 1887 4562 aut

1993 4517 2178 4570 sebius
2211 4515 2450 4586 μεγάλην
2476 4532 2536 4567 τι
2564 4515 2658 4569 καὶ
2685 4513 2994 4584 Θαυμασίαν
3027 4513 3138 4585 (58)
3171 4514 3425 4584 appellat.
3453 4513 3564 4569 Pu-

462 4591 587 4645 ideo
613 4593 880 4657 meminit,
910 4594 1035 4664 quia
1065 4594 1380 4650 testelCor.
1409 4595 1500 4658 15,
1524 4596 1614 4661 12,
1638 4598 1887 4653 nonnulli

455 4684 870 4740 Corinthiorum
909 4689 1367 4744 resurrectionem
1414 4701 1753 4746 mortuorum
1784 4708 1887 4748 ne—

457 4779 696 4848 gabant;
730 4788 823 4833 aut
862 4780 1020 4846 ideo,
1059 4789 1230 4845 utea,
1271 4798 1393 4853 qua:
1430 4782 1624 4839 Noster
1652 4801 1704 4841 c.
1731 4785 1796 4840 21
1834 4793 1889 4841 et

460 4873 532 4926 22
559 4875 626 4929 de
669 4876 847 4944 pcenis
880 4874 1252 4945 improborum
1295 4876 1542 4941 dixerat,
1586 4877 1888 4946 probaren-

463 4973 571 5021 tur.

323 5057 399 5128 (γ)
423 5057 616 5128 Capita
637 5058 942 5114 XL—XLV
967 5069 1151 5131 aperte
1169 5059 1220 5115 id
1249 5069 1435 5132 agunt,
1467 5069 1525 5115 ut
1548 5061 1885 5128 Corinthios,

463 5158 653 5204 contra
684 5152 888 5206 clerum
937 5153 1266 5208 rebellantes
1287 5194 1303 5220 ,
1340 5153 1408 5207 ad
1442 5153 1792 5208 concordiam
1836 5165 1890 5209 et

464 5243 848 5310 subiectionem
872 5255 1209 5300 revocarent.
1235 5244 1448 5315 Optime
1473 5246 1637 5318 igitur
1656 5247 1889 5303 consilio

417 5421 506 5489 55)
537 5424 592 5476 In
626 5423 777 5478 Notis
808 5424 874 5477 ad
899 5423 918 5476 l
941 5425 1137 5487 Clem.,
1161 5439 1211 5481 c.
1239 5423 1290 5479 9.

419 5494 505 5561 54)
532 5492 690 5548 Prtel'.
721 5510 774 5561 p.
806 5510 944 5550 cert.

397 5563 507 5630 (55)
541 5563 594 5616 In
627 5563 866 5618 lled;cat.

394 5633 508 5700 (56)
546 5636 600 5688 In
630 5634 799 5702 Epist.
839 5634 904 5688 ad
938 5634 1282 5700 Bignonium,
1314 5635 1454 5703 apud
1509 5635 1766 5702 Coteler.,
1790 5633 1878 5692 ed.

335 5702 486 5777 I’at_r_.
511 5717 710 5777 apost.,
737 5714 772 5756 t.
798 5703 836 5766 Ι,
872 5705 1065 5777 v.15}.
1095 5703 1314 5775 (Sup'a,
1350 5702 1453 5762 ecl.
1489 5707 1603 5777 47.)

393 5775 510 5845 (37)
536 5775 668 5828 Adv.
689 5775 842 5840 hrum,
873 5789 956 5839 III,
991 5775 1040 5828 5.

1991 4609 2130 4664 blicc
2155 4623 2299 4670 eam.
2336 4607 2637 4678 praesertim
2676 4606 2870 4662 diebus
2893 4607 3211 4671 Dominicis,
3243 4608 3297 4661 in
3326 4609 3564 4662 nonnul-

1991 4703 2061 4757 lis
2078 4700 2337 4756 Eeclesiis
2367 4700 2538 4756 fuisse
2563 4699 2897 4769 praelectam,
2926 4698 3220 4771 Dionysius
3244 4701 3562 4756 Corinthius

1993 4793 2126 4863 (59),
2147 4792 2416 4847 Eusebius
2436 4791 2571 4863 (40),
2589 4790 2952 4862 Hieronymus
2980 4791 3114 4862 (41),
3139 4800 3191 4847 et
3206 4791 3433 4848 Photius
3450 4793 3560 4864 (42)

1993 4894 2283 4941 testantur.

2061 4979 2286 5033 Minoris
2317 4993 2435 5033 eam
2467 4977 2698 5034 Phntius
2742 4977 2858 5048 ipse
2895 4979 3222 5045 aestimabat,
3265 4979 3410 5047 quod
3439 4979 3563 5034 Cle-

1990 5086 2144 5126 mens
2176 5070 2410 5126 mundos
2442 5081 2596 5126 trans
2655 5086 2920 5125 oceanum
2954 5071 3188 5124 existere
3231 5082 3563 5139 supponeret

1992 5162 2063 5232 (c.
2088 5163 2204 5232 20),
2237 5162 2509 5232 phmnicis
2542 5161 2660 5216 avis
2701 5161 2950 5230 exemplo
2981 5169 3240 5230 tanquam
3271 5162 3563 5216 verissimo

1989 5263 2233 5308 uteretur
2262 5253 2336 5328 (c.
2379 5253 2494 5323 25),
2525 5253 2778 5324 quodque
2813 5251 3128 5306 Pontiﬁcem
3158 5253 3563 5327 Praesideinquc

2062 5419 2174 5489 (58)
2211 5421 2284 5480 Η.
2319 5421 2384 5477 Ε.
2417 5441 2496 5486 In,
2526 5424 2612 5479 16.

2064 5492 2175 5563 (59)
2209 5495 2361 5560 Apud
2390 5495 2587 5548 Euseb.
2622 5493 2694 5548 II.
2733 5493 2796 5547 Ε.
2826 5511 2898 5563 ιν,
2934 5498 3026 5552 55.

2061 5562 2169 5627 (in)
2210 5563 2279 5616 11.
2314 5563 2375 5616 Ε.
2417 5582 2491 5622 ιιι..
2524 5566 2606 5619 lli.

2059 5632 2166 5698 (41)
2197 5635 2367 5685 (ΣιιιαΙ.
2408 5648 2588 5700 scrtpl.
2621 5634 2746 5686 eccl.
2774 5649 2826 5687 C.
2870 5635 2957 5690 15.

2064 5703 2171 5772 (l2)
2212 5704 2456 5756 Biblioth.
2480 5705 2600 5758 eod.
2623 5720 2777 5758 exui.
