4100 6278
492 307 594 366 195

484 422 775 476 Dominum
860 432 1110 479 nostrum
1174 421 1361 479 Iesum
1435 421 1718 476 Christum
1788 422 2068 491 appellans
2097 427 2143 484 Α

485 514 558 585 (c.
590 514 707 585 36),
743 514 867 571 illas
886 513 998 569 Deo
1028 515 1418 570 convenientes
1448 529 1511 569 ac
1530 512 1880 571 sublimiores
1909 511 1977 568 de
1997 527 2065 568 eo

486 623 653 663 voces
686 622 794 661 non
828 607 1166 677 protulisset.

556 697 693 754 Vill.
723 698 843 753 Iam
884 698 951 754 de
982 706 1247 767 tempore,
1280 712 1393 768 quo
1421 696 1598 767 prima
1626 695 1928 752 Clementis
1947 695 2064 768 epi-

484 792 623 845 stola
658 792 863 861 scripta
888 790 1073 853 fuerit,
1106 790 1470 860 disputemus.
1701 805 1705 808 ‘

553 881 828 953 Scriptam
854 892 971 937 eam
996 897 1118 937 esse
1151 882 1298 937 brevi
1340 887 1466 951 post
1493 880 1929 952 persecutionem
1961 879 2059 935 ali-

481 991 666 1045 quant,
700 981 920 1029 constat
948 988 1011 1028 ex
1040 972 1161 1043 ipsa
1181 971 1436 1042 epistola,
1465 986 1516 1027 c.
1540 970 1579 1026 l.
1613 970 1751 1027 Esse
1778 972 1861 1026 vel
1889 970 2064 1028 Nero-

483 1068 572 1123 nis
602 1069 686 1122 vel
710 1065 1003 1119 Domitiani
1034 1064 1467 1134 persecutionem
1499 1079 1660 1117 nemo
1675 1063 1906 1117 dubitat.
1926 1061 2062 1119 Gra-

484 1157 867 1229 hius,Pagius,
898 1155 1115 1222 Orsius,
1142 1155 1485 1220 Gallandius,
1516 1153 1812 1211 Wottonus
1834 1155 2057 1227 aliique,

484 1249 714 1307 Neronis
733 1248 1121 1320 persecutione
1154 1247 1462 1313 desinente,
1490 1248 1738 1318 proxime
1765 1254 1888 1318 post
1910 1247 2060 1317 Apo-

483 1343 749 1395 stolorum
795 1339 945 1395 Petri
998 1346 1053 1394 et
1103 1338 1260 1393 Pauli
1294 1339 1653 1411 martyrium,
1697 1340 1845 1395 circa
1890 1339 1956 1396 Α.
1990 1339 2059 1396 68

483 1433 747 1502 scriptam
778 1448 899 1488 eam
928 1447 1054 1487 esse
1095 1432 1459 1487 contendunt.
1500 1430 1808 1489 Cotelerius
1851 1441 2057 1499 autem,

481 1523 864 1581 Tillemontius
892 1532 947 1580 et
976 1525 1313 1596 Lumperus,
1340 1516 1631 1582 Domitiani
1680 1526 2059 1596 persecutione

480 1618 784 1683 desinente,
831 1620 976 1673 circa
1017 1633 1072 1675 a.
1110 1619 1179 1674 96
1214 1619 1298 1674 vel
1332 1619 1411 1674 '97
1447 1635 1568 1675 eam
1598 1627 1878 1675 exaratam
1910 1620 2059 1675 arbi-

479 1718 720 1766 trantur.

1609 308 1701 364 AD
1739 308 1796 362 S.
1834 304 2259 362 CLEMENTEM
2297 305 2319 360 Ι
2357 303 2588 363 PAPAM

3640 321 3746 378 {96

2309 420 2621 479 Lardnerus
2649 430 2701 479 et
2734 422 2826 477 alii
2856 426 3164 496 exemplum
3183 426 3403 500 Iosephi
3424 428 3592 488 Flavii
3617 450 3748 504 pro—

2305 512 2570 577 ferebant,
2608 514 2700 583 qui
2743 532 2801 571 a.
2828 514 2899 570 95
2928 532 2981 586 p.
3008 516 3110 572 Ch.
3143 535 3198 575 n.
3224 520 3293 575 de
3322 520 3613 578 sacriﬁciis
3637 540 3749 581 non

2306 605 2464 659 aliter
2505 605 2829 676 disputavit,
2867 622 2935 662 ac
2974 608 3021 664 si
3069 611 3332 681 templum
3369 612 3551 669 adhuc
3575 616 3750 671 exsti-

2305 697 2463 752 tisset
2505 698 2640 768 (to).

2234 786 2342 842 Sed
2365 804 2454 844 res
2482 797 2738 860 utraque,
2767 788 2992 862 Iosephi
3021 802 3076 849 et
3098 793 3419 859 Clementis,
3445 797 3605 869 longe
3637 798 3751 854 dis-

2162 879 2359 938 similis
2409 891 2513 938 est.
2544 880 2837 953 Iosephus,
2876 900 3066 941 sacros
3098 887 3285 957 populi
3321 890 3407 944 sui
3462 891 3601 945 ritus
3643 892 3746 948 de—

2162 974 2436 1039 scribens,
2478 989 2576 1045 per
2611 975 2862 1044 ﬁguram,
2915 977 3196 1034 historicis
3238 994 3348 1034 non
3400 982 3743 1048 inusitatam,

2162 1064 2439 1134 praesenti,
2468 1064 2617 1134 quod
2646 1063 2903 1131 dicimus,
2946 1065 3213 1121 historico
3253 1069 3443 1124 utitur.
3486 1069 3746 1125 Clemens

2162 1163 2367 1219 autem,
2390 1164 2452 1211 ut
2484 1156 2806 1212 Corinthios
2833 1157 2903 1211 ad
2931 1158 3182 1213 ordinem
3212 1158 3541 1214 servandum
3575 1161 3747 1217 addu-

2160 1256 2330 1313 ceret,
2355 1248 2652 1306 lectoribus
2672 1249 2921 1305 ordinem
2941 1249 3157 1307 Iudaici
3188 1252 3372 1307 cultus
3399 1261 3527 1308 ante
3548 1255 3741 1312 oculos

2158 1340 2335 1411 ponit.
2368 1340 2523 1406 Quod
2559 1341 2607 1397 si
2638 1348 2818 1397 autem
2853 1344 3115 1414 templum
3149 1344 3263 1415 jam
3305 1343 3501 1401 fuisset
3522 1344 3741 1401 destru-

2157 1435 2332 1494 ctum,
2355 1437 2470 1485 tota
2501 1428 2558 1485 S.
2604 1429 2784 1489 Patris
2828 1434 3227 1504 argumentatio
3264 1433 3459 1491 fuisset
3500 1435 3738 1501 inﬁrma,

2160 1516 2387 1589 ipsaque
2433 1518 2778 1577 adversarios
2825 1522 3130 1589 invitasset,
3190 1531 3250 1579 ut
3294 1524 3543 1579 dicerent
3583 1544 3598 1581 :
3644 1541 3737 1590 en,

2159 1611 2445 1667 eversione
2485 1612 2673 1682 templi
2707 1611 3191 1684 Hierosolymitani
3230 1614 3376 1671 Deus
3416 1615 3531 1686 ipse
3571 1625 3740 1672 testa-

2164 1710 2253 1760 tus
2280 1713 2387 1769 est,
2436 1705 2600 1761 talem
2630 1705 2878 1763 ordinem
2930 1707 3034 1763 sibi
3073 1724 3185 1764 non
3230 1724 3355 1766 esse
3398 1720 3735 1781 exoptatum.

550 1804 687 1859 Tota
729 1806 844 1861 hac
888 1806 1117 1876 quaestio
1176 1782 1435 1860 facillime
1474 1812 1661 1875 posset
1706 1805 1958 1869 dissolvi,
2011 1806 2059 1861 si
2091 1785 2133 1841 Β
2231 1796 2311 1851 Ex
2340 1798 2427 1854 his
2456 1797 2786 1869 colligimus,
2831 1800 3121 1871 epistolam
3164 1808 3411 1856 nostram
3451 1803 3738 1859 desinente

478 1898 694 1966 tempus
755 1897 1080 1952 Clementini
1147 1897 1499 1967 episcopatus
1550 1898 1711 1967 plane
1759 1904 2053 1953 constaret.

476 1985 555 2041 Ex
583 2004 751 2059 supra
784 1987 948 2046 dictis
977 1999 1158 2046 autem
1192 1990 1582 2054 intelleximus,
1621 1990 2056 2047 ecclesiasticum

474 2076 775 2135 Clementis
803 2080 1048 2150 regimen
1084 2087 1180 2134 aut
1202 2080 1366 2135 annis
1406 2079 1643 2147 68—77,
1682 2088 1776 2135 aut
1809 2079 2052 2136 92—101

473 2188 598 2230 esse
625 2172 997 2229 tribuendum.

545 2264 726 2331 Quum
754 2279 888 2319 vero
924 2278 1014 2319 res
1060 2262 1136 2319 ita
1178 2277 1238 2318 se
1282 2263 1503 2329 habeat,
1544 2264 1833 2336 epistolam
1882 2267 2055 2338 ipsam

474 2356 857 2427 inspiciamus,
892 2355 1155 2425 temporis
1182 2356 1385 2411 indicia
1409 2357 1813 2428 investigaturi.

473 2449 551 2519 (a)
586 2447 1120 2518 Clemens-martyrii
1154 2448 1548 2518 Apostolorum
1591 2448 1741 2504 Petri
1783 2458 1839 2506 et
1897 2450 2055 2508 Pauli

615 2539 795 2610 capite
814 2538 848 2593 5
868 2541 1203 2595 mentionem
1231 2538 1439 2595 faciens
1479 2539 1555 2594 ait
1584 2554 1600 2594 :
1655 2541 1935 2614 Ἕλθωμεν
1962 2544 2056 2598 ἐπὶ

611 2629 753 2696 τοὺς
777 2631 1023 2700 ἔγγιστα
1064 2633 1385 2703 γενομένους
1427 2630 1682 2704 ἀθλητάς.
1715 2632 1845 2688 lnde
1882 2650 2052 2705 appa-

611 2729 713 2785 ret,
747 2722 1033 2793 epistolam
1055 2731 1297 2778 nostram
1320 2739 1430 2777 non
1461 2725 1632 2778 multo
1651 2734 1775 2794 post
1798 2740 2054 2794 persecu-

614 2813 815 2869 tionem
841 2812 1074 2870 Neronis
1104 2823 1384 2870 exaratam
1413 2830 1555 2871 esse.

471 2901 552 2974 (b)
588 2903 779 2974 Capite
814 2903 847 2958 6
890 2906 1199 2975 persecutio
1245 2920 1423 2976 nuper
1473 2907 1823 2978 praeterlapsa
1859 2907 1932 2979 (c.
1972 2907 2048 2981 l),

610 2997 746 3051 adeo
786 3004 1035 3062 cruenta,
1091 3004 1145 3053 et
1199 2998 1496 3053 multitudo
1550 3010 1854 3072 martyrum
1898 3008 2050 3058 tanta

607 3091 970 3153 describitur.
1017 3100 1077 3146 ut
1116 3091 1372 3157 Neronis,
1423 3109 1533 3149 non
1574 3093 1871 3149 Domitiani
1910 3101 2049 3149 tem-
2073 3127 2115 3185 ο

609 3197 739 3251 pora
780 3184 1112 3239 iudicentur.
1150 3183 1422 3255 Ingentem
1457 3187 1603 3242 enim
1653 3185 2045 3240 multitudinem

609 3274 715 3330 sub
753 3274 969 3332 Nerone
1008 3278 1307 3332 cruciatam
1342 3279 1534 3346 fuisse,
1571 3277 1795 3334 Tacitus
1834 3277 2045 3339 (eadem

606 3379 740 3419 sane
769 3366 976 3435 phrasi,
1001 3384 1109 3438 qua
1138 3369 1308 3423 utitur
1348 3368 1406 3425 S.
1437 3370 1620 3436 Pater,
1654 3370 1788 3423 πολὺ
1821 3369 2043 3441 πλῆθος)

605 3455 766 3511 nobis
806 3456 977 3512 refert
1002 3459 1145 3529 (45);
1175 3459 1242 3515 de
1276 3460 1588 3517 Domitiano
1614 3469 1795 3517 autem
1825 3459 2044 3516 Tertul-

606 3552 789 3607 lianus
812 3552 885 3606 ita
921 3550 1168 3621 loquitur
1203 3571 1216 3607 :
1252 3552 1566 3607 Tentaverat
1599 3562 1649 3606 et
1680 3552 2040 3617 Domitianus,

604 3645 776 3705 portio
814 3642 1044 3697 Neronis
1069 3642 1132 3697 de
1168 3644 1501 3708 crudelitate,
1534 3644 1625 3699 sed
1662 3662 1767 3715 qua
1793 3655 1843 3699 et
1865 3645 2041 3710 homo,

602 3736 761 3806 facile
797 3746 1018 3803 cleptum
1061 3737 1330 3805 repressit,
1373 3737 1635 3791 restitutis
1691 3739 1853 3791 etiam
1912 3753 2041 3809 quos

604 3830 921 3901 relegaverat
947 3830 1061 3901 (44)

463 3921 539 3993 (c)
590 3922 761 3994 Capp.
807 3923 841 3977 5
876 3931 931 3979 et
966 3923 1021 3987 6,
1068 3923 1253 3979 nullus
1287 3929 1367 3977 tot
1398 3922 1690 3979 illustrium
1715 3931 2040 3995 martyrum,

602 4016 695 4086 qui
728 4017 829 4071 sub
856 4015 1161 4071 Domitiano
1184 4015 1332 4086 passi
1358 4023 1506 4080 sunt,
1542 4017 1854 4071 nominatur
1886 4034 1899 4070 :
1930 4030 2041 4069 non

601 4106 820 4164 Flavius
867 4108 1142 4171 Clemens,
1194 4121 1305 4161 non
1379 4107 1587 4161 Acilius
1636 4104 1880 4172 Glabrio,
1929 4122 2039 4161 non

599 4201 782 4256 Flavia
805 4201 1098 4266 Domitilla,
1122 4214 1230 4255 non
1245 4198 1483 4256 Ioannes
1506 4198 1878 4271 Evangelista;
1903 4214 2036 4270 quo-

601 4307 720 4346 rum
759 4292 1018 4361 aliquem,
1064 4299 1124 4344 ut
1165 4288 1473 4345 Cardinalis
1504 4286 1630 4344 Orsi
1686 4287 1799 4359 (45)
1831 4297 2034 4354 monet,

601 4385 794 4440 saltem
829 4390 1187 4439 memorasset
1217 4380 1276 4437 S.
1320 4381 1504 4447 Pater,
1535 4381 1582 4437 si
1609 4391 1733 4453 post
1775 4379 2038 4435 Domitia-

596 4488 753 4526 neam
785 4474 1216 4543 persecutionem
1252 4472 1584 4542 scripsisset.

458 4562 541 4635 (d)
580 4563 719 4616 Ante
750 4561 1042 4619 Domitiani
1072 4572 1339 4634 tempora,
1375 4572 1431 4617 et
1457 4563 1620 4633 paulo
1650 4570 1777 4633 post
1808 4560 2037 4619 Neronis

598 4658 1029 4728 persecutionem
1051 4657 1339 4727 epistolam
1356 4665 1596 4711 nostram
1613 4655 1875 4725 scriptam
1890 4671 2031 4721 esse,

597 4746 794 4801 suadet
815 4746 998 4801 cultus
1017 4744 1232 4800 Iudaici
1256 4745 1482 4810 mentio,
1516 4745 1570 4799 in
1605 4745 1809 4813 templo
1837 4742 2031 4798 Hiero-

595 4834 923 4906 solymitano
948 4842 1080 4889 tunc
1112 4834 1293 4889 adhuc
1334 4842 1515 4889 stante
1561 4833 1817 4904 vigentis.
1857 4833 2026 4904 Capp.

594 4927 667 4982 40
702 4936 759 4982 et
791 4926 884 4982 41.
931 4926 1015 4981 Ad
1057 4924 1430 4982 enervandum
1482 4926 1591 4981 hoc
1644 4934 2027 4996 argumentum

520 5098 633 5167 (ὦ)
661 5097 858 5153 Annal.
887 5112 977 5163 xv,
1009 5112 1060 5151 c.
1093 5096 1279 5151 ιιι-44.

520 5168 632 5238 (44)
668 5169 912 5238 Αμυιυθ..
946 5186 995 5220 tr.
1027 5168 1080 5221 5,

523 5230 637 5307 (45)
669 5230 1002 5301 nionem,
1034 5247 1073 5291 t.
1095 5234 1136 5301 Ι,
1167 5251 1220 5305 p.
1249 5232 1374 5288 M2.
1407 5232 1560 5304 Apud
1580 5231 1829 5289 Galland.
1852 5230 2019 5302 Bibl”

450 5316 492 5362 ι.
532 5309 569 5362 Ι.
600 5309 839 5362 Proles!“
872 5324 923 5362 tt.
974 5324 1047 5361 tx.

476 5346 492 5363 .
532 5324 569 5366 I.
600 5324 839 5376 t'roteg.,
872 5324 923 5376 ι).
974 5324 1047 5361 tx.

532 5324 569 5366 I.
600 5324 839 5376 t'roteg.,
872 5324 923 5377 ι).
974 5324 1047 5361 tx.

525 5380 636 5449 (tu)
671 5379 935 5449 Antiqua.
960 5392 1055 5449 tu,
1077 5391 1127 5449 c.
1156 5375 1251 5449 to.

522 5443 635 5519 (47)
669 5449 779 5503 ατ.
809 5443 992 5503 Craltii
1017 5446 1231 5519 Spicil.,
1261 5456 1301 5500 t.
1336 5446 1471 5519 l,_p.
1502 5443 1629 5519 ess.

522 5514 636 5585 (l8)
674 5520 917 5572 Historia
956 5514 1114 5571 tlteol.
1139 5518 1285 5579 crit.,
1310 5527 1348 5569 t.
1386 5515 1509 5582 lup.
1547 5514 1737 5569 56-99..

526 5591 635 5661 με»)
667 5588 1310 5661 InCtuumcntatiouihus
1337 5588 1404 5640 de
1440 5585 1659 5640 Patrum
1684 5585 2015 5656 apostolico-

452 5658 572 5714 rtttu
606 5659 870 5725 theologia
892 5658 1103 5711 morali.

524 5732 635 5801 (5οι
669 5727 939 5797 Patrolog.
976 5738 1012 5780 ι.
1042 5727 1083 5795 Ι,
1113 5746 1163 5798 p.
1195 5728 1254 5779 (il
1293 5744 1409 5795 sqq.

2158 1888 2391 1945 Neronis
2415 1891 2798 1960 persecutione
2824 1899 2880 1947 et
2904 1898 3029 1948 ante
3045 1893 3322 1948 excidium
3345 1892 3736 1966 Hierosolyma:

2159 1984 2248 2055 (A.
2272 1983 2467 2055 68-70)
2496 1998 2621 2040 esse
2642 1985 2931 2056 scriptam,
2958 1985 3017 2042 ὃ.
3046 1988 3385 2044 Clementem
3426 1996 3607 2045 autem
3641 1990 3739 2045 im-

2157 2076 2394 2132 mediate
2424 2075 2481 2131 S.
2512 2075 2677 2133 Petro
2702 2079 3063 2144 successisse,

2226 2167 2359 2235 Quae
2381 2184 2412 2223 a
2436 2168 2710 2245 Cotelerio
2736 2171 2968 2241 aliisque
2998 2172 3356 2241 objiciuntur,
3381 2174 3584 2229 nullius
3607 2182 3735 2230 sunt

2156 2260 2436 2331 ponderis.
2470 2262 2599 2317 Inde
2619 2263 2788 2329 enim,
2812 2264 2957 2337 quod
2985 2264 3261 2332 Clemens;
3299 2281 3351 2321 c.
3392 2267 3483 2331 47,
3510 2266 3732 2330 referat,

2154 2353 2385 2423 primani
2434 2353 2845 2411 Corinthiorum
2883 2356 3282 2414 dissensionem
3337 2359 3395 2411 ἐν
3448 2359 3591 2431 ἀρχῇ
3636 2359 3735 2413 τοῦ

2162 2443 2491 2514 Εὐαγγελιου
2513 2447 2807 2504 excitatam
2849 2462 3006 2515 esse,
3051 2451 3306 2506 concludi
3357 2467 3469 2506 non
3517 2460 3730 2522 potest.

2155 2530 2374 2603 longius
2416 2536 2679 2605 temporis
2710 2537 2946 2608 spatium
2980 2538 3048 2593 ab
3069 2540 3165 2594 illa
3186 2542 3361 2611 prima
3385 2541 3733 2599 dissensione

2153 2639 2279 2681 esse
2328 2627 2766 2698 praaterlapsum.
2828 2628 3075 2702 Namque
3133 2630 3193 2689 S.
3245 2648 3466 2703 quoque
3511 2631 3718 2690 Paulus

2154 2730 2346 2770 novem
2370 2716 2594 2773 circiter
2622 2719 2785 2775 annis
2808 2730 2931 2789 post
2958 2720 3241 2776 fundatam
3268 2722 3570 2778 Ecclesiam
3601 2723 3731 2780 Phi-

2154 2807 2479 2879 lippensem,
2520 2812 2578 2866 in
2613 2810 2858 2882 Epistula
2893 2813 2961 2869 ad
2987 2813 3371 2888 Philippenses
3418 2816 3509 2882 ιν,
3544 2820 3631 2885 15,
3658 2819 3728 2875 de

2152 2902 2293 2974 ἀρχῇ
2326 2904 2418 2958 τοῦ
2430 2904 2762 2973 Εὐαγγελίου
2794 2906 3059 2977 loquitur,
3092 2908 3317 2964 minime
3336 2910 3593 2977 innuens,
3624 2910 3729 2967 Ec-

2151 2991 2374 3047 clesiam
2408 2990 2814 3064 Philippensem
2853 3004 2981 3052 ante
3020 2997 3223 3061 multos
3256 2996 3370 3068 jam
3399 3015 3572 3057 annos
3602 3017 3725 3057 esse

2152 3084 2455 3141 fundatam.

2220 3175 2330 3231 Nec
2359 3177 2413 3230 id
2443 3192 2542 3233 nos
2568 3186 2767 3243 movet,
2793 3177 2939 3251 quod
2963 3177 3025 3236 8.
3060 3178 3312 3237 Clemens
3332 3197 3383 3236 c.
3412 3182 3503 3247 42,
3537 3182 3724 3239 Eccle-

2149 3270 2289 3327 siam
2329 3269 2738 3325 Corinthiorum
2764 3272 2996 3344 ἀρχαίαν
3056 3274 3425 3344 appellaverit.
3496 3279 3725 3349 Ἀρχαία,

2148 3363 2293 3417 enim
2314 3362 2580 3427 Ecclesia,
2630 3373 2692 3437 ut
2749 3364 2889 3419 bene
2929 3351 3313 3421 animadvertit
3372 3365 3718 3431 Dodwellus.

2147 3455 2353 3524 optimo
2384 3455 2509 3525 jure
2550 3470 2614 3510 ea
2651 3464 2999 3526 nuncupatur
3026 3472 3146 3535 qua:
3177 3458 3235 3510 ὲν
3263 3458 3405 3531 ἀρχῇ
3438 3459 3531 3535 τᾳῦ
3547 3458 3720 3528 Εὐαγ-

2146 3547 2347 3616 γελίου,
2382 3549 2433 3600 id
2470 3555 2556 3602 est
2595 3548 2789 3617 primis
2831 3527 3111 3620 praedicati
3150 3527 3429 3623 Evangelii
3465 3527 3723 3621 {empori-

2142 3640 2270 3702 bus.
2302 3648 2386 3696 est
2415 3640 2636 3695 fundata
2667 3639 2803 3713 (47).
3063 3706 3069 3713 ,
3583 3693 3587 3696 .

2215 3731 2307 3787 IX.
2368 3731 2443 3787 De
2495 3732 2746 3787 doctrina
2805 3731 2862 3788 S.
2899 3732 3196 3789 Clementis
3259 3728 3714 3807 Lumperusﬂs),

2141 3814 2434 3887 Heynsius,
2450 3817 2646 3878 Iunius
2686 3839 2751 3879 ac
2773 3816 2888 3877 Van
2898 3818 3047 3879 Gllse
3070 3823 3183 3897 (49)
3205 3832 3259 3880 et
3275 3823 3581 3882 Machlerus
3600 3829 3715 3900 (50)

2122 3926 2123 3929 ‘
2144 3916 2516 3985 disputarunt.

2211 4008 2282 4064 Χ.
2322 4007 2579 4063 Secunda:
2630 4007 2914 4065 Clementis
2953 4010 3188 4079 epistola:
3235 4025 3266 4066 a
3310 4012 3717 4070 neminemnti—

2141 4103 2531 4174 quissimorum
2579 4102 2801 4157 Patrum
2843 4102 2901 4156 fit
2954 4102 3179 4159 ruentia.
3218 4102 3353 4159 Nam
3399 4105 3535 4161 duas
3585 4101 3747 4163 αισι·

2140 4194 2340 4249 mentis
2364 4193 2624 4263 epistolas
2654 4192 2767 4262 jam
2794 4193 3021 4277 secundo
3056 4202 3178 4265 post
3215 4193 3492 4251 Christum
3525 4200 3713 4253 seculo

2140 4284 2393 4340 ﬁdelibus
2415 4292 2574 4339 notas
2606 4282 2795 4343 fuisse.
2831 4286 2984 4340 nullo
3005 4286 3167 4341 modo
3190 4304 3221 4343 e
3246 4289 3426 4344 verbis
3449 4278 3709 4363 Dionysii.

2140 4375 2551 4430 Corinthiorum
2599 4375 2864 4446 episcopi,
2909 4378 3109 4446 conjici
3154 4387 3334 4448 potest
3371 4382 3505 4452 (51).
3530 4380 3708 4449 Quum

2069 4467 2283 4535 Denim
2305 4467 2579 4538 egregiam
2619 4467 2788 4533 illam,
2818 4469 2885 4523 de
2928 4484 3035 4539 qua
3074 4485 3241 4539 supra
3282 4470 3705 4543 disputavimus,

2135 4558 2434 4616 Clementis
2467 4560 2755 4632 epistolam
2787 4563 3059 4634 προτέραν
3106 4565 3476 4634 appellaverit.
3510 4567 3564 4621 id
3597 4585 3707 4624 non

2135 4662 2387 4724 respectu
2416 4654 2669 4709 secundae
2703 4655 2992 4724 cujusdam
3031 4656 3386 4713 Clementium
3433 4661 3703 4731 epistolae,

2131 4746 2229 4801 sed
2282 4746 2525 4816 epistola:
2576 4746 2803 4812 Soteris,
2848 4747 3075 4803 Romani
3128 4752 3433 4817 pontificis,
3498 4757 3706 4826 pariter

2130 4837 2276 4907 apud
2320 4837 2636 4895 Corinthios
2682 4839 2897 4909 publice
2934 4842 3226 4911 praelecta,
3275 4844 3485 4903 dixisse
3526 4854 3706 4905 maui-

2130 4928 2328 4984 festum
2356 4938 2460 4985 est.

2196 5110 2566 5197 (élLDionys.
2593 5110 2721 5197 Cor:
2756 5112 3414 5197 _apttdhl:3useb:_H._E:.iv
3457 5120 3529 5175 2⁸5
3554 5138 3570 5197 _:
3611 5123 3699 5197 Ἐν

2120 5180 2355 5305 noema:
2392 5180 2566 5254 ταύτῃ
2596 5180 2860 5253 (epistola
2912 5184 3153 5259 Dionysii
3185 5188 3252 5242 ad
3290 5188 3568 5253 Soterem)
3605 5196 3697 5247 καὶ

2120 5252 2218 5305 τῆς
2298 5251 2559 5305 λήμεντος
2600 5254 2737 5305 πρὸς
2779 5256 3098 5305 Κορινθίους
3139 5259 3409 5305 μέμνηται
3452 5260 3695 5305 (nium-

2119 5251 2564 5336 τῇςΚλήμεντρξ
2600 5251 2764 5375 Ὑὸς-
2779 5251 3098 5378 Κῗινθίοῦς
3137 5259 3203 5329 μέ
3252 5277 3409 5330 νηται
3452 5251 3695 5334 (Diony-

2119 5322 2620 5412 siuslfrttssogmsL
2640 5324 2804 5412 riunt
2849 5398 2860 5412 '
2884 5325 3129 5412 νξκαθεν,
3172 5277 3248 5412 ἐξ
3272 5331 3497 5412 ἀρχαίου
3524 5333 3694 5412 ξεξους

2117 5392 2813 5484 ξτεῑεῆεεξξξημείειςέεὴγ
2837 5395 3140 5484 avaram
3187 5392 3687 5484 αρτῆέζποιῖ-ῖῖθαιῖ

2117 5412 2211 5444 em
2237 5412 2335 5463 της
2362 5412 2656 5514 ξκκΑξίΞιας
2698 5412 2795 5465 την
2837 5412 3140 5484 αναχνωσιν
3187 5412 3355 5484 aut-qq
3402 5412 3687 5456 ποιεῖσθαι.

2116 5462 2278 5544 ρέγεξ
2304 5477 2455 5528 γουν·
2471 5479 2514 5544 ε.
2549 5480 2618 5544 ηε
2645 5466 2881 5544 σῄμερᾳν
2901 5467 3458 5544 ουνΚυριαΞιὴν-αχίαν
3480 5474 3690 5544 ἡμέραν

2114 5530 2556 5617 ξιηγᾴγςομενηὲν
2662 5530 3046 5617 ἀυεή‹τ›ῃαμεν
3285 5530 3557 5617 (Soletis)
3590 5530 3690 5617 ὶὴν

2113 5600 2400 5678 ἐπισςοξιήν
2418 5618 2430 5631 ο
2448 5603 2530 5678 ,ἠν
2570 5600 2779 5678 ἕξομεν
2803 5607 2889 5659 ἀεί
2921 5600 3048 5660 cross
3088 5600 3551 5678 ἀὶραγινῶσκοντεέ
3577 5600 3691 5667 vou-

2114 5670 2507 5792 geniegggatLCF
2546 5675 2637 5728 καὶ
2663 5670 2761 5745 ίτὴν
2790 5679 3060 5749 προτέραν
3103 5670 3232 5751 ἡμῖῦ
3257 5681 3345 5735 διὰ
3378 5670 3689 5755 Κλήμὲντος

2113 5757 2430 5811 τραφεισαν.
2462 5763 2479 5793 ι
