2034 3137
187 165 238 193 I91

801 167 970 196 PROUEMIA
989 168 1181 198 VAIllOllUM.

1761 174 1812 210 ius

222 223 323 251 Secuto
336 228 427 252 autem
440 224 516 252 tertio
532 225 681 253 secundam
700 225 850 255 Clementis
870 228 971 262 episto-
986 234 1007 260 Α
1021 227 1175 256 Wocherus
1198 225 1286 257 tenuit
1305 229 1331 256 in
1351 230 1476 257 versione
1499 239 1547 259 sua
1569 232 1668 267 prior.s
1687 233 1807 267 cpistola

187 269 242 296 lam
256 268 284 296 in
301 277 353 296 usu
376 275 403 297 et
424 272 586 299 auctoritate
609 272 704 304 fuisse,
724 280 758 300 ex
779 274 973 308 Apostolorum

187 322 293 343 canone
310 314 346 342 85
359 316 546 344 demonstrare
561 321 676 344 conatus
683 321 725 345 est
739 317 971 354 Gallandius(52).

188 358 243 387 Sed
270 360 374 387 erravit
394 360 438 387 vir
455 361 641 390 doctissimus.
663 362 730 389 Nam
751 370 905 398 postremus
922 364 973 391 iste

186 413 274 433 canon
286 413 341 433 non
357 412 421 434 ante
436 407 514 434 linem
536 409 622 436 seculi
644 409 733 443 quinti
752 404 970 441 confectus'est,

186 457 217 479 ut
225 453 331 487 egregie
343 453 438 480 docuit
448 454 494 481 Dr.
507 453 685 482 Sebastianus
697 455 731 482 de
743 455 812 491 Drey
823 455 854 482 V.
862 455 893 482 C.
902 454 969 490 (55).

219 497 337 530 Primus,
353 499 400 533 qui
419 500 545 527 secundae
564 499 712 527 Clementis
731 501 852 535 epistola:
875 501 971 528 memi-

185 542 236 573 nit,
253 541 388 571 Eusebius
410 548 461 575 est,
483 551 606 576 monens,
627 548 654 571 et
681 545 794 572 alteram
822 545 971 573 Clementis

184 588 328 622 epistolam
344 589 480 623 proferri;
497 590 544 617 sed
566 598 626 617 eam
646 599 700 618 non
720 591 832 626 perinde
847 598 879 618 ac
897 592 971 626 prio-

185 641 242 661 rem
266 639 357 661 notam
376 642 448 667 esse,
471 636 600 670 quoniam
615 644 666 664 nec
680 642 785 665 veteres
800 645 832 665 ea
852 637 895 665 usi
911 637 970 665 fue-

183 680 240 706 rint
251 680 318 715 (54).

220 737 320 765 Deinde
334 738 405 766 inest
417 739 472 767 haec
483 741 596 776 epistola
608 740 785 769 celeberrimo
800 741 838 768 illi
852 740 970 769 Alexan—

183 782 264 809 driuo
280 784 378 816 codici,
396 785 422 812 in
445 786 537 814 Museo
554 787 711 815 Britannico
733 786 899 814 Londinensi
923 796 969 815 as-

184 834 302 857 servato.
320 829 419 858 Secnlo
434 832 517 867 igitur
529 832 561 859 IV
576 836 603 860 et
623 832 645 859 V
659 833 786 861 Clemens
804 833 887 868 hujus
910 834 969 869 epi-

184 874 262 901 stolae
282 880 377 903 auctor
395 884 411 903 a
432 878 524 905 multis
543 879 700 913 putabatur.
718 878 777 912 Quo
792 879 865 913 jure,
878 880 966 907 nesci-

183 926 257 947 mus.
285 920 390 949 Pariler
416 931 466 950 nos
487 923 567 957 latet,
592 924 693 959 quibus
715 924 770 951 nixi
799 926 967 959 argumentis

182 964 366 1001 Hieronymus
381 968 437 1004 (55)
451 973 479 996 et
492 968 607 997 Photius
623 969 679 1005 (56)
692 970 764 997 hanc
789 971 935 1005 epistolam
950 979 966 999 a

181 1011 321 1039 veteribus
335 1013 507 1047 reprobatam
521 1015 728 1048 contenderim;
744 1023 806 1042 nam
832 1015 967 1044 Eusebius

180 1056 248 1082 talia
262 1064 317 1084 non
332 1058 446 1092 profert,
458 1060 627 1095 antiquiores
644 1064 735 1088 autem
754 1068 869 1096 prorsus
886 1061 920 1089 de
933 1068 966 1089 ea

181 1101 274 1128 silent.
296 1101 355 1130 Non
383 1110 476 1131 errare
501 1108 528 1132 te
551 1109 655 1141 putem,
678 1105 702 1133 si
724 1105 918 1142 Hieronymum
939 1111 967 1134 et

179 1144 309 1174 Photium
333 1147 443 1176 Eusebii
461 1149 543 1177 verba
564 1150 656 1178 minus
677 1156 751 1178 recte
772 1151 965 1186 interpretatos

179 1199 243 1219 esse
257 1193 446 1222 contenderes.
461 1194 530 1230 Ergo
544 1199 666 1223 veterum
680 1196 837 1224 testimonia
854 1197 968 1224 authen-

179 1239 245 1265 tiam
261 1239 343 1274 hujus
361 1240 485 1275 epistolae
499 1249 554 1269 non
568 1246 663 1277 aperte
680 1249 788 1278 negare,
804 1242 965 1278 antiquissi-

179 1291 287 1312 morum
315 1289 405 1313 autem
432 1286 543 1315 Patrum
565 1288 704 1316 silentium
728 1292 883 1324 suspectam
903 1296 964 1317 eam

178 1330 304 1363 reddere,
317 1331 390 1359 clare
401 1333 581 1368 perspicimus
597 1334 665 1371 (57).

213 1396 279 1431 Quae
292 1407 376 1434 quum
390 1400 427 1428 ita
443 1401 507 1435 sint,
527 1402 669 1437 epistolam
686 1403 784 1438 ipsam.
803 1411 852 1432 seu
873 1404 964 1440 potius

180 1442 371 1478 fragmentum,
383 1447 455 1482 quod
468 1448 556 1475 adhuc
567 1453 691 1484 superest
703 1450 730 1477 in
741 1450 835 1478 codice
846 1450 965 1478 Alexan—

174 1489 269 1522 drino,
285 1491 415 1520 adeamus
427 1497 543 1528 oportet,
556 1494 763 1530 investigantes,
776 1505 841 1523 num
856 1497 963 1525 interna

173 1534 203 1561 vei
215 1534 299 1562 insint
314 1536 424 1570 indicia,
441 1539 540 1573 quibus
550 1539 676 1568 Clemens
687 1545 780 1569 noster
792 1542 851 1576 ejus
867 1547 963 1570 auctor

174 1581 288 1623 probari
311 1584 409 1617 possit.
431 1584 581 1613 Audiamus
608 1586 767 1615 Wottonum
784 1589 851 1624 (58).
867 1581 962 1623 Quoad

177 1620 287 1661 sty'htm,
311 1629 409 1664 inquit,
437 1636 463 1657 et
482 1632 585 1659 dicendi
608 1634 758 1660 met/tadum
780 1620 905 1670 (“epistola
928 1635 961 1672 ll)

175 1678 216 1699 est
231 1674 296 1701 adeo
310 1675 448 1704 dissimilis
462 1685 478 1703 a
494 1677 582 1712 priore
595 1686 626 1705 ac
644 1678 806 1712 indubitata,
821 1685 850 1707 ut
868 1682 961 1708 merito

176 1722 295 1748 dubitari
309 1723 402 1755 possit,
423 1731 457 1749 an
476 1723 510 1750 sit
532 1732 589 1751 vere
612 1724 764 1753 Clementis.
781 1725 880 1754 Eadem
903 1727 960 1762 jam

176 1767 296 1795 Joannes
303 1767 582 1802 Morinusmonuerat,
594 1770 689 1798 dicens
697 1771 752 1807 (59)
763 1781 770 1799 :
783 1770 863 1799 Illius
875 1773 960 1808 διεβίω

176 1817 205 1838 ιιι
218 1813 315 1846 prioris
330 1821 381 1840 non
394 1818 433 1840 est
443 1814 562 1848 simplex,
578 1815 623 1842 sed
637 1817 775 1851 argutulus
783 1825 794 1850 ;
808 1827 860 1845 non
871 1825 961 1852 sponte

175 1856 272 1889 ﬂuens,
298 1857 343 1884 sed
365 1865 413 1892 pro
432 1860 547 1886 auctoris
564 1866 641 1895 captu
662 1861 779 1889 studiose
792 1863 959 1897 elaéoratus;

176 1912 229 1930 non
243 1904 414 1939 ἀπεριοδικὺς
427 1910 451 1932 et
465 1914 659 1942 nonnumquam
679 1908 899 1942 ἀνανταπύδατος,
914 1911 960 1938 sed

175 1949 313 1976 verborum
328 1950 464 1983 ambitum,
477 1952 617 1980 antitheses
631 1961 773 1989 earumque
788 1955 959 1984 redditionem

175 1996 314 2023 ambitiose
342 1996 458 2032 affectat.
490 1998 596 2027 Morino
623 2001 774 2028 assentitur
799 2002 957 2030 criticorum

176 2042 304 2077 princeps
321 2042 476 2072 Richardus
488 2044 584 2073 Simon
600 2045 668 2081 (60),
685 2054 765 2081 quem
778 2048 901 2083 plerique
915 2056 959 2076 se-

173 2088 232 2114 cuti
244 2093 318 2116 sunt.
331 2089 458 2117 Eamdem
472 2095 580 2126 partem
606 2093 764 2121 novissimis
790 2094 958 2129 temporibus

215 2154 273 2203 s22
287 2154 365 2203 se;
378 2155 462 2203 ιίςέεγ-
477 2158 529 2203 Pr:
582 2158 602 2192 ιν
617 2159 769 2203 ηψπ-,ρ-
790 2171 835 2203 {v-

215 2189 273 2225 (55)
292 2190 365 2230 Aleae
389 2189 620 2230 Untersucliungen
645 2189 767 2224 iiber'die
787 2189 966 2228 Constitutio-

1023 274 1171 302 Clementis
1183 275 1250 310 (6i).
1267 275 1438 311 Quicumque
1449 279 1597 304 secundant:
1610 279 1690 306 istam
1708 281 1808 315 cpisto-

1023 319 1075 346 lam
1090 324 1191 348 attente
1204 321 1327 356 legerint,
1339 330 1438 357 negare
1453 330 1507 350 non
1526 328 1662 358 pou-runt,
1683 334 1809 361 magnam

1023 365 1096 392 inter
1111 365 1197 401 ipsam
1210 371 1237 394 et
1255 367 1375 402 priorem
1395 368 1458 404 styli
1479 368 1665 398 diversitatem
1691 371 1809 400 interce-

1022 410 1097 439 dere.

1056 455 1159 483 Praeter
1183 457 1321 485 silentium
1356 458 1610 493 antiquissimorum
1635 458 1748 487 Patrum
1776 469 1809 488 ac

1022 502 1085 536 styli
1096 501 1282 529 diversitatem
1297 503 1322 530 id
1338 504 1420 531 etiam
1435 504 1619 539 suspicionem
1641 507 1809 540 suppositio—

1021 547 1065 574 nis
1079 548 1159 575 nobis
1179 548 1276 583 injicit,
1291 550 1363 583 quod
1375 550 1489 577 dimidia
1504 558 1568 585 pars
1580 551 1678 586 capitis
1698 552 1733 579 25
1752 553 1808 587 pri-

1021 599 1072 618 mae
1082 592 1203 626 epistola:
1218 593 1244 620 in
1259 594 1407 621 secundam
1422 602 1531 630 quoque
1545 599 1587 623 est
1601 600 1709 631 recepta
1721 605 1745 623 c.
1762 597 1805 624 Η.

1052 634 1123 662 Bene
1149 636 1223 663 addit
1244 635 1362 665 Grabius
1377 638 1444 675 (62),
1460 639 1533 666 haud
1548 640 1669 675 epistola:
1690 641 1805 669 formam

1019 679 1119 707 habere
1132 680 1223 713 istam,
1237 689 1297 717 quae
1311 683 1430 710 secunda
1443 683 1590 712 Clementis
1605 685 1638 712 ad
1649 684 1808 714 Corinthios

1020 725 1130 757 dicitur,
1153 726 1265 762 ipsaque
1296 727 1475 763 inscriptione
1494 737 1556 757 cum
1577 734 1641 758 voto
1663 731 1756 765 juncta
1778 733 1805 760 in

1020 769 1193 805 frontispicio
1204 779 1309 804 carere,
1326 773 1415 808 qualis
1433 780 1523 802 tamen
1543 775 1570 801 in
1590 776 1718 804 omnibus
1733 777 1806 811 Apo-

1019 816 1151 842 stolorum
1182 824 1214 843 ac
1245 818 1367 845 virorum
1400 820 1614 854 apostolicorum
1644 821 1743 849 litteris
1770 823 1805 850 ad

1019 861 1197 896 particular-es
1215 862 1351 891 Ecclesias
1370 864 1451 896 datis,
1473 865 1554 900 inque
1568 866 1626 900 ipsa
1642 866 1728 901 prima
1744 867 1805 895 Cle-

983 902 1004 929 B
1018 906 1126 938 mentis,
1143 908 1222 942 plane
1238 911 1337 936 exstat.
1354 908 1479 937 Homilia:
1493 911 1584 945 potius
1604 919 1685 946 quam
1700 912 1803 947 episto—

1018 951 1050 978 la:
1068 952 1183 979 similem
1205 957 1280 981 recte
1293 954 1427 988 judicavit
1452 955 1631 988 Vendelinus.
1650 957 1696 992 qui
1712 962 1804 986 tamen

1019 996 1110 1024 minus
1130 1002 1204 1026 recte
1224 999 1275 1034 ipsi
1294 999 1427 1027 Clementi
1441 1008 1500 1028 eam
1520 1001 1678 1037 adscripsit,
1697 1007 1724 1029 et
1743 1008 1804 1036 post

1016 1048 1078 1068 eum
1099 1042 1252 1072 Dodwellus
1267 1044 1381 1072 Dissert.
1402 1042 1415 1069 1
1455 1046 1482 1072 in
1501 1045 1663 1083 lrcnacum,§
1680 1047 1716 1075 29
1735 1049 1801 1083 (65).

1016 1086 1146 1115 Clementi
1164 1094 1260 1118 nostro
1276 1090 1346 1118 hanc
1361 1091 1505 1125 epistolam
1522 1091 1664 1120 vindicare
1689 1094 1803 1121 studue-

1015 1136 1079 1159 runt
1085 1133 1237 1163 Cotelerius
1249 1135 1565 1173 (64),Coutantius(65),
1573 1137 1733 1167 Gallandius
1744 1139 1803 1176 (66)

1014 1181 1042 1205 et
1058 1178 1210 1214 Lumperus
1227 1180 1295 1217 (67).
1312 1181 1366 1209 Sed
1379 1182 1424 1209 vix
1436 1182 1464 1209 in
1475 1187 1567 1217 partes
1581 1191 1645 1211 suas
1657 1188 1682 1212 te
1694 1185 1804 1212 trahent

1014 1224 1066 1252 viri
1077 1225 1239 1258 doctissimi,
1254 1234 1317 1254 cum
1332 1227 1454 1262 ipsorum
1473 1233 1634 1263 argumenta
1650 1230 1704 1257 sint
1720 1230 1801 1264 levia,

1013 1268 1121 1305 ipsique
1133 1271 1221 1305 magis
1236 1270 1436 1306 objectionibus
1451 1273 1566 1300 aliorum
1583 1272 1683 1301 bellum
1696 1274 1801 1302 indixe-

1015 1314 1081 1347 rint,
1094 1322 1176 1349 quam
1190 1323 1268 1342 suam
1283 1316 1439 1351 opinionem
1453 1318 1639 1352 probaverint.
1656 1319 1724 1346 lllud
1738 1320 1802 1348 abs-

966 1374 970 1377 -
991 1375 995 1377 »
1014 1367 1067 1394 que
1089 1361 1164 1387 omni
1188 1361 1271 1388 dubio
1296 1361 1405 1390 facilius
1424 1367 1498 1396 erat;
1517 1371 1578 1390 nam
1605 1365 1739 1392 neminem
1760 1366 1801 1392 fu—

1013 1405 1077 1440 giet,
1091 1404 1277 1433 Hermannum
1289 1405 1437 1435 Venemam
1454 1408 1512 1443 (68)
1528 1408 1652 1443 aliosque
1665 1417 1801 1437 nonnum-

1013 1457 1095 1486 quam
1110 1451 1225 1480 leviores
1237 1456 1333 1480 contra
1347 1453 1515 1480 authentiam
1528 1454 1609 1489 hujus
1623 1455 1743 1490 epistolae
1756 1458 1800 1484 ob-

1010 1497 1143 1532 jectiones
1157 1506 1219 1526 esse
1231 1507 1323 1527 ausos.
1338 1498 1392 1526 Sed
1412 1500 1514 1527 nemini
1530 1500 1702 1528 defensorum
1719 1503 1800 1536 hujus

1013 1543 1135 1578 epistolae
1148 1544 1225 1571 firma
1239 1549 1398 1581 argumenta
1408 1553 1459 1581 pro
1467 1545 1607 1574 Clemente
1617 1551 1728 1576 auctore
1737 1557 1800 1584 pro-

976 1574 998 1604 ο
1013 1574 1085 1618 ferre
1095 1591 1220 1626 contigit.

1043 1635 1135 1664 Placet
1151 1637 1230 1664 nobis
1243 1636 1336 1665 Grahii
1350 1638 1496 1671 sententia,
1509 1646 1524 1665 a
1541 1638 1679 1668 Moehlero
1693 1649 1799 1676 quoque

1011 1685 1118 1716 recepta
1134 1680 1202 1716 (69),
1218 1681 1299 1709 istaut
1319 1682 1401 1717 vulgo
1418 1678 1519 1711 dictam
1535 1685 1679 1719 epistolam
1700 1695 1799 1714 secun-

1010 1726 1073 1752 dam
1088 1725 1237 1754 Clementis
1249 1726 1332 1755 fuisse
1343 1736 1424 1755 unam
1434 1736 1465 1756 ex
1478 1729 1598 1759 homiliis
1609 1732 1695 1759 eidem
1708 1733 1798 1769 (false)

1010 1772 1168 1807 adscriptis,
1181 1773 1276 1807 quales
1293 1774 1384 1808 plures
1405 1782 1459 1802 una
1479 1775 1564 1804 fuisse
1582 1781 1656 1812 patet
1673 1786 1707 1806 ex
1725 1779 1798 1807 Ana-

1010 1818 1088 1846 stasii
1104 1818 1265 1846 Antiocheni
1282 1818 1385 1852 Quaest.
1402 1820 1447 1848 96.

1045 1862 1210 1895 Wochcrus,
1226 1865 1302 1891 nullo
1323 1869 1399 1893 certo
1416 1865 1595 1895 fundamento
1619 1870 1711 1903 nixus,
1733 1871 1797 1900 Dio-

1009 1909 1099 1944 nysio,
1116 1909 1240 1937 Corinthi
1262 1910 1403 1945 episcopo,
1422 1911 1494 1939 hanc
1511 1913 1653 1948 epistolam
1673 1916 1798 1944 tribuen-

1009 1955 1070 1982 dam
1087 1963 1148 1983 esse
1159 1959 1237 1991 putat
1250 1956 1318 1992 (70).
1333 1976 1341 1979 —

1044 1999 1162 2029 Grabius
1183 2005 1273 2029 autem
1290 2009 1360 2037 opus
1378 2003 1430 2031 hoc
1449 2005 1572 2040 spurium
1590 2007 1679 2035 medio
1696 2009 1796 2037 sacculo

1008 2046 1052 2080 lll,
1071 2051 1133 2082 post
1150 2048 1275 2084 Origenis
1306 2054 1439 2085 tempora,
1466 2051 1598 2079 Clementi
1624 2055 1794 2089 suppositum

1008 2093 1093 2122 fuisse
1105 2095 1261 2130 suspicatur
1278 2096 1397 2134 (71-78).

1008 2166 1069 2203 tur,“
1087 2170 1209 2203 quarum
1221 2167 1353 2203 respectu
1367 2164 1400 2191 de
1421 2164 1544 2203 pluribus
1563 2166 1710 2203 Clementis
1735 2169 1794 2203 epi-

1008 2198 1087 2224 stolis
1105 2198 1178 2233 loqui
1193 2198 1322 2231 debebat;
1338 2199 1367 2225 2‘
1386 2198 1513 2226 secunda:
1529 2206 1628 2228 nostrae
1646 2198 1793 2232 Clementis

176 2226 458 2271 Eni-lundngaltolqes
476 2228 527 2256 der
555 2226 685 2265 A'poueL,
716 2232 857 2270 Tabingen
882 2226 993 2270 ,83ρω
1009 2233 1130 2271 epistola!
1141 2226 1278 2271 expressis
1296 2226 1388 2261 verbis
1406 2235 1501 2261 nullibi
1525 2226 1793 2271 Epipiiinﬁifiééiii

174 2266 202 2293 ρ.
219 2259 280 2291 570.
304 2261 366 2293 377,
383 2263 444 2290 us.

215 2294 271 2331 (δέ)
291 2296 360 2324 Hist.
372 2298 436 2326 cui.
448 2305 487 2327 in.
499 2298 534 2325 58
547 2305 553 2323 :
572 2299 667 2325 ’ἰστέον
681 2299 719 2330 δὲ,
732 2300 770 2331 ὡς
783 2301 830 2327 καὶ
842 2301 956 2331 δευτέρα

215 2311 271 2329 (ιν-ι
291 2311 360 2324 run.
372 2311 436 2326 τισι,
448 2311 487 2327 tu.
499 2311 534 2325 oo
547 2317 553 2323 -
580 2311 667 2325 ιστεον
681 2311 719 2330 σε,
732 2311 770 2331 ως
783 2311 830 2327 και
842 2311 918 2327 οευτε
938 2311 956 2329 α

173 2327 298 2377 Ξὲςιεῖντῗι
318 2331 424 2377 λέξεται
443 2332 490 2377 ξοῦ
512 2332 667 2377 Ιςλήμξντος
689 2334 834 2377 ἐπιστολή·
850 2337 880 2363 οὺ
897 2311 956 2377 ,μςν

172 2363 214 2407 ξεν
223 2365 321 2406 ὁμοίως
371 2367 489 2407 πρίν-τέρᾳ
498 2369 544 2407 χει).
551 2363 796 2407 ἑάύιςηῖἶίνώριμογ
809 2363 956 2407 ἓπιστᾶμέ-

172 2397 276 2441 θαι·νᾷμ
287 2397 428 2441 ἑιηδξτόὺς
439 2397 570 2441 sipisim);
665 2397 852 2441 μένους
866 2397 953 2441 lapsi).

210 2433 266 2469 (55)
282 2433 371 2465 Calai.
391 2433 550 2472 scrip't'ECcl.
561 2433 592 2466 ἐ.
608 2433 665 2466 15”ε
687 2433 786 2467 Fort'ur
795 2446 819 2467 et
840 2433 956 2469 secunda

170 2467 346 2518 dutgomiltf
360 2467 480 2518 epistola,
494 2481 561 2518 quia
567 2474 722 2518 q‘ve‘teribu's
736 2467 900 2518 reprobatur.

357 2503 561 2558 fiatﬁat?
617 2509 748 2558 satis
757 2503 956 2558 ,δξθτέρῖνξεῖδς

171 2540 234 2569 τοὺς
247 2540 345 2572 αὐτοὺς
357 2543 364 2576 (
376 2541 549 2578 Corinthios)
570 2543 608 2576 ὡς
628 2540 703 2576 νόθὸς
717 2540 953 2581 ὰηὲοδοκιιὶάζειέαιξ

171 2572 304 2613 l_‘.ra:terea
318 2575 433 2613 Photius
450 2581 537 2611 notat,
553 2579 695 2613 epistolam
715 2580 785 2607 hanc
803 2582 953 2609 secundam

167 2608 242 2654 dicta
255 2611 375 2654 quaedam
387 2608 612 2654 pcregriliavelut
627 2622 641 2642 e
655 2622 733 2642 sacra
749 2615 890 2654 Scriptura
907 2608 955 2654 in;

166 2644 278 2683 «lucere,
295 2644 533 2685 interpretationes
551 2648 672 2685 locorum
686 2644 865 2685 quorumdam
888 2652 955 2679 alie-

167 2680 260 2707 niores
273 2680 407 2715 proferre,
431 2691 482 2710 nec
497 2684 682 2712 continentem
694 2680 836 2713 'orationis
853 2686 953 2714 seriem

165 2720 201 2739 ac
209 2718 443 2751 Aggnscquentiam
454 2726 576 2746 servare.

204 2748 260 2791 (57)
280 2748 410 2791 Nonnulli
427 2753 612 2791 Epiphanium
636 2763 744 2791 quoque
764 2756 888 2791 cpistola:
904 2765 955 2784 no-

165 2790 231 2827 sillraz
244 2787 566 2827 testimnonium‘praebere
586 2787 764 2827 contendunt.
781 2787 887 2826 'quippe
905 2793 952 2827 qui

165 2818 249 2862 (llgr.
263 2821 309 2852 27,
319 2822 344 2862 ⁵6
365 2827 393 2862 e_t
465 2824 513 2862 15)
537 2824 570 2862 de
583 2825 708 2862 pluribus
723 2818 884 2854 Clenieniis
895 2818 954 2862 cpi;

163 2855 243 2882 stolis
270 2857 352 2897 verba
378 2855 606 2897 faciat._SedMi'
630 2860 796 2895 Epiphanius
823 2855 954 2897 epistolas

163 2897 273 2926 quoque
291 2892 352 2920 illas
370 2893 404 2920 ad
420 2894 531 2930 virgines
547 2892 730 2925 Clemeiitiilas
749 2892 859 2933 putasse
876 2898 952 2926 vide-

1005 2267 1126 2303 monium
1141 2269 1250 2303 praebet.

1041 2302 1098 2338 (58)
1117 2302 1196 2330 Praef.
1217 2311 1243 2338 p.
1260 2311 1329 2331 ccvn.

1052 2337 1096 2367 59)
1114 2337 1230 2366 Exercit.
1243 2338 1339 2366 Biblic.
1357 2340 1376 2367 l.
1388 2338 1408 2372 l,
1424 2347 1449 2367 c.
1464 2340 1490 2373 4,
1503 2339 1532 2371 5.
1546 2339 1573 2367 9.
1593 2340 1710 2370 Exercit.
1727 2344 1754 2371 9.

1113 2373 1283 2410 ζῖἰιιιξςὴοίδἲ
1310 2373 1341 2401 Τ.
1356 2375 1375 2407 Ι,
1392 2383 1416 2402 c.
1430 2372 1515 2410 58,11.
1533 2375 1595 2402 282.

1040 2407 1097 2443 (6i)
1119 2408 1165 2435 Die
1175 2408 1261 2436 Briefe
1269 2409 1317 2436 der
1333 2407 1534 2443 apostolisclien
1554 2410 1651 2439 Vaeter
1664 2411 1792 2441 Clemens

1005 2444 1059 2470 und
1074 2442 1251 2484 Polycarplls,
1265 2442 1476 2484 neu-iibersetzt
1488 2445 1541 2472 uud
1567 2447 1616 2472 mit
1637 2447 1792 2484 liinteituu-

1005 2486 1056 2512 gen
1072 2479 1126 2505 und
1147 2479 1366 2507 Commentarien
1391 2480 1522 2507 versehen
1542 2488 1593 2507 ven
1636 2479 1672 2508 M.
1685 2480 1708 2508 J.
1726 2480 1790 2508 \\'o-

1008 2512 1084 2553 cher;
1091 2513 1208 2553 Ti’i‘bing.
1225 2514 1308 2553 1850._
1316 2522 1342 2550 p.
1358 2515 1425 2553 295:
1433 2515 1495 2543 208.

1041 2548 1097 2584 (152)
1112 2546 1242 2584 .Sm'pilee-
1263 2546 1361 2584 ι-ηιζρ·
1374 2550 1439 2577 268-

1041 2554 1097 2580 (U‘Z)
1118 2554 1242 2609 δριοιιρὲ.
1263 2554 1282 2576 ι.
1300 2554 1319 2576 Ι.
1335 2554 1380 2584 p.€

1035 2581 1091 2616 (65)
1107 2581 1200 2609 Grabii
1236 2583 1310 2616 picil.
1322 2582 1341 2609 l.
1354 2591 1380 2610 c.

1035 2591 1091 2616 (UO)
1107 2591 1200 2609 urat)“
1216 2591 1235 2609 ὗ
1254 2591 1310 2610 lc".
1323 2591 1341 2609 Ι.
1354 2591 1380 2610 c.

1035 2617 1090 2651 (64)
1105 2615 1132 2652 In
1150 2591 1287 2652 cdit.}P.
1303 2622 1390 2652 «post.
1407 2622 1427 2644 t.
1441 2616 1462 2649 l,
1478 2624 1505 2652 ι).
1529 2616 1590 2644 Ι82τ

1035 2652 1090 2687 (65)
1110 2651 1196 2687 Epist.
1212 2651 1287 2678 (iam.
1300 2651 1395 2687 ponti].
1412 2657 1431 2679 t.
1447 2653 1469 2685 l,
1481 2651 1507 2687 p.
1524 2652 1570 2679 54.

1034 2686 1090 2722 (66)
1106 2686 1232 2722 ῌὶὸιὶουι.
1252 2692 1271 2713 t.
1286 2686 1305 2714 l.
1322 2686 1425 2720 Proleg.
1440 2695 1466 2722 p.
1482 2686 1538 2714 Inv.

1034 2721 1089 2756 (67)
1107 2721 1176 2748 Hist.
1194 2722 1273 2748 tlieol.
1288 2722 1348 2757 crit.
1364 2727 1382 2748 Ι.
1398 2721 1417 2749 Ι.
1431 2729 1457 2757 p.
1474 2722 1520 2749 ‘22.

999 2792 1006 2819 Ι
1034 2758 1090 2791 (68)
1174 2756 1298 2783 Calland.
1313 2756 1385 2783 Bibl.
1403 2757 1421 2783 Ι.
1437 2765 1461 2784 c.
1487 2765 1513 2792 ιι.
1533 2765 1599 2791 xvn,
1614 2761 1640 2785 et
1657 2757 1786 2794 Lumper.

1011 2812 1017 2818 .
1035 2800 1072 2819 ('..
1085 2799 1110 2819 υ.
1166 2810 1172 2817 .

1011 2812 1017 2818 .
1035 2800 1072 2821 (⁸..
1085 2800 1110 2821 D.
1127 2800 1172 2818 ΖΙ.

1035 2800 1072 2821 ι’..
1085 2799 1110 2827 p.
1127 2799 1172 2818 ιι.

1034 2827 1090 2861 (69)
1104 2825 1208 2853 Palrol.
1225 2830 1246 2852 t.
1265 2826 1286 2857 I,

1034 2862 1091 2896 (70)
1109 2862 1138 2888 L.
1151 2870 1177 2889 c.
1193 2869 1220 2895 ρ.
1236 2861 1299 2887 204.

1034 2897 1139 2933 (71-78)
1162 2896 1264 2932 διήθει,
1277 2901 1297 2923 ι.
1310 2897 1331 2931 1,
1345 2904 1370 2932 p.
1383 2897 1445 2925 209.

1303 2833 1330 2860 p.
1347 2827 1382 2853 65
1398 2834 1440 2862 sq.
