4100 6278
306 433 405 487 2M

1440 429 1772 486 EPISTOLA
1811 430 1831 483 1
1873 427 1964 482 AD
2000 421 2438 481 CORINTIIIOS.

3457 420 3566 474 9.ιὲ

303 549 402 603 καὶ
426 545 592 613 ειδὼς
638 548 846 616 φέρειν
878 551 1213 618 μαλακίαν·
1261 546 1349 600 ὅτι
1378 549 1788 616 ἀπέστραπται
1817 547 1872 600 τε

1991 545 2098 597 lore
2162 541 2386 610 positus,
2457 549 2506 594 et
2548 541 2716 594 sciens
2768 539 2906 607 ferre
2973 533 3338 603 inﬁrmitatem
3382 551 3400 588 :
3441 535 3566 601 quia

304 643 626 710 πρόσωπον
669 641 861 694 αὐτοῦ
881 681 896 705 ,
938 641 1234 711 ἠτιμάσθη
1288 639 1387 694 καὶ
1428 641 1537 693 οὐκ
1576 640 1882 708 ἐλογίσθη.

306 733 489 799 Οὗτος
529 734 640 797 τὰς
684 733 978 802 ἁμαρτίας
1005 733 1174 804 ήμῶν
1213 732 1397 802 φέρει,
1427 731 1527 784 καὶ
1557 731 1691 798 περὶ
1719 730 1888 799 ήμῶν

302 824 602 888 ὀδυνᾶται,
645 825 748 879 καὶ
787 826 956 893 ἡμεῖς
996 825 1392 894 ἐλογισάμεθα
1430 824 1616 878 αὐτὸν
1642 826 1791 878 εἶναι
1817 825 1888 878 ἐν

302 917 487 981 πόνῳ,
527 916 625 970 καὶ
668 917 740 970 ἐν
782 917 1006 985 πληγῇ,
1039 918 1136 970 καὶ
1175 918 1246 970 ἐν
1289 916 1562 970 κακώσειο
1608 917 1791 982 αὐτὸς
1818 917 1886 970 δὲ

299 1009 738 1078 ἐτραυματίσθη
765 1008 865 1062 διὰ
891 1009 996 1074 τὰς
1026 1010 1315 1078 ἁμαρτίας
1351 1009 1540 1078 ἡμῶν,
1571 1009 1669 1063 καὶ
1706 1027 1883 1080 μεμα-

299 1102 580 1154 λάκισται
627 1100 726 1154 διὰ
769 1101 878 1167 τὰς
925 1101 1176 1170 ἀνομίας
1228 1100 1416 1170 ήμῶν.
1493 1100 1738 1155 Παιδεία
1801 1105 1882 1156 εὶ-

297 1194 487 1260 ρήνης
527 1190 698 1262 ἡμῶν
735 1192 830 1245 ἐπ’
859 1194 1078 1246 αὐτόν·
1124 1193 1206 1258 τῷ
1227 1192 1461 1263 μὼλοπι
1487 1193 1672 1247 αὐτοῦ
1712 1195 1883 1263 ἡμεῖς

301 1285 571 1355 ιάθημεν.
620 1284 851 1350 Πάντες
879 1286 960 1351 ὡς
989 1288 1252 1354 πρόϐατα
1278 1286 1702 1356 ἐπλανήθημεν
1721 1303 1733 1316 ³
1778 1288 1883 1341 ἇν-

297 1381 531 1444 θρωπος
548 1375 624 1444 τῇ
649 1376 767 1442 ὁδῷ
793 1377 982 1431 αὐτοῦ
999 1377 1310 1446 ἐπλανήθη
1331 1396 1343 1407 ·
1377 1379 1474 1431 καὶ
1489 1380 1702 1446 Κύριος
1729 1395 1879 1447 παρ-

295 1468 521 1521 έδωκεν
563 1467 746 1522 αὐτὸν
773 1469 926 1536 ὑπὲρ
967 1469 1087 1522 τῶν
1127 1469 1424 1539 ἁμαρτιῶν
1440 1470 1628 1539 ήμῶν,
1659 1471 1756 1524 καὶ
1783 1473 1881 1524 αὐ-

298 1562 405 1626 τὸς
430 1560 530 1615 διὰ
556 1561 620 1614 τὸ
649 1561 1021 1616 κεκακῶσθαι
1049 1565 1157 1615 οὐκ
1185 1563 1408 1631 ἀνοίγει
1435 1564 1498 1616 τὸ
1528 1564 1740 1632 στόμα.
1783 1565 1878 1630 Ὡς

296 1653 596 1720 πρόϐατον
620 1653 719 1706 ἐπὶ
747 1654 992 1724 σφαγὴν
1019 1654 1197 1724 ἤχθη,
1230 1656 1328 1709 καὶ
1364 1656 1444 1722 ὼς
1471 1655 1657 1724 ἀμνὸς
1700 1656 1876 1710 ἐναν-

295 1747 428 1799 τίον
455 1747 560 1800 τοῦ
590 1747 899 1814 κείραντος
925 1747 1179 1816 ἄφωνος,
1202 1749 1387 1814 οὕτως
1423 1750 1533 1802 οὐκ
1560 1749 1782 1819 ἀνοίγει
1809 1750 1874 1804 τὸ

291 1839 491 1906 στόμα
532 1838 738 1891 αὐτοῦ.
787 1841 888 1892 Ἐν
915 1837 990 1905 τῇ
1017 1837 1368 1893 ταπεινώσει
1395 1841 1434 1907 η
1464 1840 1662 1908 κρίσις
1687 1843 1874 1898 αὐτοῦ

1987 651 2170 688 aversa
2199 643 2274 687 est
2299 633 2459 700 [acies
2491 632 2625 701 ejus,
2645 632 2908 700 despecta,
2939 639 2987 681 et
3024 642 3127 681 non
3158 634 3420 693 reputata.
3458 623 3567 680 Iste

1986 736 2199 799 peccata
2229 737 2411 779 nostra
2437 734 2636 794 portat,
2683 733 2731 778 et
2760 739 2857 792 pro
2886 721 3036 774 nobis
3062 719 3238 780 dolet;
3271 727 3320 771 et
3359 733 3450 771 nos
3484 731 3566 771 re-

1985 819 2283 889 putavimus
2311 834 2428 872 eum
2457 834 2570 872 esse
2597 818 2653 871 in
2678 815 2876 878 labore,
2899 827 2950 868 et
2979 813 3031 866 in
3052 812 3239 882 plaga,
3267 819 3316 863 et
3352 811 3406 862 in
3429 810 3564 879 ami-

1985 914 2205 966 ctione:
2243 914 2349 980 ipse
2397 919 2574 964 autem
2622 909 2928 963 vulneratus
2976 914 3054 959 est
3096 911 3308 973 propter
3347 912 3566 970 peccata

1985 1013 2187 1066 nostra,
2223 1014 2274 1057 et
2313 1005 2616 1073 inﬁrmatus
2641 1011 2718 1056 est
2755 1009 2963 1070 propter
2992 999 3294 1067 iniquitates
3328 1003 3589 1051 nostras..

1983 1094 2280 1164 Disciplina
2309 1096 2455 1164 pacis
2510 1105 2708 1148 nostrae
2743 1109 2900 1163 super
2935 1108 3094 1146 eum:
3122 1093 3281 1146 livore
3315 1091 3428 1160 ejus
3469 1105 3568 1143 nos

1982 1190 2160 1242 sanati
2188 1205 2393 1243 sumus.
2414 1187 2604 1243 Omnes
2629 1188 2782 1257 quasi
2811 1203 2926 1240 oves
2957 1187 3247 1239 erravimus
3279 1199 3296 1236 :
3325 1183 3476 1236 homo
3507 1182 3564 1236 in

1983 1281 2066 1334 via
2107 1297 2204 1334 sua
2242 1282 2480 1334 erravit:
2517 1289 2564 1334 et
2604 1280 2865 1334 Dominus
2913 1278 3136 1332 tradidit
3190 1293 3306 1331 eum
3350 1286 3564 1345 propter

1981 1382 2195 1440 peccata
2236 1386 2449 1435 nostra;
2483 1383 2529 1426 et
2562 1374 2670 1441 ipse
2694 1382 2906 1442 propter
2949 1372 3277 1442 aﬁlictionem
3309 1386 3412 1423 non
3441 1385 3564 1439 ape-

1981 1467 2052 1520 rit
2085 1484 2162 1521 os.
2207 1466 2358 1521 Sicut
2408 1467 2518 1521 ovis
2560 1467 2629 1519 ad
2666 1467 2934 1519 victimam
2969 1464 3159 1519 ductus
3195 1474 3294 1528 est,
3325 1471 3375 1517 et
3421 1463 3556 1517 sicut

1982 1577 2148 1629 agnus
2166 1577 2343 1614 coram
2373 1559 2618 1614 tondente
2641 1568 2840 1622 mutus,
2867 1559 2943 1612 sic
2974 1574 3075 1611 non
3101 1555 3270 1625 aperit
3299 1571 3356 1608 os
3382 1571 3556 1608 suum.

1983 1652 2048 1707 In
2076 1654 2373 1709 humilitate
2387 1655 2649 1724 judicium
2679 1653 2793 1722 ejus
2827 1651 3095 1706 sublatum
3125 1659 3200 1702 est
3228 1664 3246 1701 :
3268 1650 3562 1718 generatio-

1980 1762 2096 1799 nem
2131 1747 2245 1815 ejus
2274 1748 2389 1815 quis
2421 1745 2732 1802 enarrabit?
2767 1745 2905 1810 Quia
2949 1743 3158 1798 tollitur
3185 1742 3248 1796 de
3277 1753 3419 1796 terra
3454 1742 3566 1796 vita-

1979 1839 2128 1908 ejus;
2165 1838 2229 1892 ab
2259 1837 2626 1909 iniquitatibus
2676 1836 2856 1906 populi
2900 1837 3000 1889 mei
3047 1836 3180 1888 venit
3213 1833 3282 1886 ad
3315 1843 3559 1888 mortem.

293 1931 446 1997 ᾒρθη
468 1945 483 1958 ο
515 1928 630 1996 τὴν
670 1929 885 1998 γενεὰν
910 1930 1098 1984 αὐτοῦ
1125 1931 1218 1997 τίς
1257 1930 1634 2000 διηγήσεται;
1663 1932 1752 1987 ὅτι
1780 1933 1872 1987 ατ-

1979 1931 2048 1985 Ει
2091 1932 2228 1986 dabo
2277 1931 2446 1985 malos
2492 1947 2586 1998 pro
2630 1930 2902 1997 sepultura
2953 1926 3087 1995 ejus,
3139 1934 3188 1979 et
3228 1924 3414 1978 divites
3464 1941 3560 1993 pro

284 2039 455 2090 ρεται
521 2023 639 2076 ἀπὸ
692 2022 806 2090 τῆς
863 2021 977 2091 γῆς
1031 2025 1070 2091 η
1134 2021 1245 2091 ζωὴ
1297 2023 1512 2087 αὐτοῦ,
1584 2025 1701 2078 ἀπὸ
1755 2024 1874 2080 τῶν

289 2113 556 2183 ἀνομιῶν
584 2113 690 2168 τοῦ
717 2114 872 2168 λαοῦ
893 2131 1011 2183 μου
1040 2114 1171 2181 ἣκει
1198 2118 1284 2181 εὶς
1309 2113 1568 2170 θάνατον
1596 2116 1731 2188 (12).
1761 2119 1874 2173 Καὶ

288 2205 460 2259 δώσω
483 2205 623 2271 τοὺς
632 2205 931 2273 πονηροὺς
941 2205 1073 2260 ἀντὶ
1085 2205 1193 2275 τῆς
1205 2207 1397 2276 ταφῆς
1406 2208 1612 2273 αὐτοῦ,
1625 2209 1874 2278 καὶτοὺς

288 2299 630 2364 πλουσίους
661 2298 796 2354 ἀντὶ
820 2299 925 2352 τοῦ
967 2299 1227 2354 θανάτου
1261 2301 1466 2355 αὐτοῦ’
1497 2301 1586 2355 ὅτι
1617 2303 1873 2372 ἀνομίαν

287 2391 399 2442 οὐκ
439 2390 750 2458 ἐποίησεν,
794 2390 936 2444 οὐδέ
975 2391 1185 2460 εὑρέθη
1213 2391 1393 2459 δόλος
1417 2393 1488 2446 ὲν
1513 2393 1594 2460 τῷ
1622 2396 1873 2464 στόματι

287 2479 507 2533 αὐτοῦ’
567 2480 666 2533 καὶ
710 2483 928 2549 Κύριος
972 2482 1262 2546 ,βούλεται
1315 2486 1632 2554 καθαρίσαι
1685 2489 1872 2543 αὐτὸν

288 2570 398 2636 τῆς
430 2570 676 2640 πληγῆς
702 2572 837 2643 (15).
899 2574 1037 2628 Ἐὰν
1062 2572 1235 2628 δῶται
1257 2575 1366 2647 (Li)
1399 2577 1532 2645 περὶ
1559 2579 1866 2648 ἁμαρτίας,

291 2663 328 2729 ἡ
357 2663 531 2731 Ψυκῆ
566 2663 735 2733 ὑμῶν
759 2665 967 2733 ὄψεται
993 2666 1231 2736 σπέρμα
1251 2669 1592 2736 μακρόϐιον.
1623 2673 1735 2724 Kal
1765 2675 1871 2727 Κύ-

284 2769 412 2819 ριος
433 2755 727 2818 ,βούλεται
749 2757 998 2826 ἀφελεῖν
1026 2758 1143 2812 ἀπὸ
1173 2759 1279 2813 τοῦ
1307 2761 1498 2816 πόνου
1525 2762 1638 2831 τῆς
1660 2765 1870 2834 ψυχῆς

289 2847 500 2910 αὐτοῦ,
531 2846 721 2912 δεῖξαι
752 2849 912 2915 αὐτῷ
939 2851 1085 2918 φῶς,
1115 2852 1215 2905 καὶ
1241 2852 1472 2908 πλάσαι
1498 2854 1576 2924 τῇ
1595 2857 1866 2924 συνέσει,

287 2937 600 2992 δικαιῶσαι
640 2939 875 2994 δίκαιον
914 2941 982 2996 εὖ
1026 2941 1395 2999 δουλεύοντα
1457 2949 1724 3016 πολλοῖς·
1771 2953 1870 3005 καὶ

287 3029 393 3094 τὰς
407 3029 700 3098 ἁμαρτίας
729 3031 1120 3100 αὐτῶναύτὸς
1147 3037 1397 3092 ἀνοίσει.
1431 3041 1536 3094 Διὰ
1563 3043 1736 3097 τοῦτο
1763 3048 1868 3100 αὐ-

283 3119 388 3186 τὸς
416 3122 861 3192 κληρονομήσει
891 3126 1178 3193 πολλοὺς,
1209 3129 1307 3182 καὶ
1334 3129 1452 3184 τῶν
1481 3133 1745 3202 ἰσχυρῶν
1765 3154 1870 3205 με-

286 3212 402 3278 ριεῖ
449 3213 683 3267 σκῦλα·
742 3217 870 3270 ἀνθ’
923 3216 1009 3271 ὧν
1062 3221 1357 3289 παρεδόθη
1403 3227 1490 3290 είς
1530 3225 1787 3282 θάνατον
1825 3230 1864 3298 ἡ

1974 2032 2142 2078 morte
2168 2023 2315 2076 illius
2341 2039 2360 2087 ;
2390 2024 2517 2093 quia
2548 2022 2880 2091 iniquitatem
2913 2035 3014 2072 non
3041 2018 3186 2087 fecit,
3213 2033 3374 2086 neque
3403 2015 3558 2070 dolus

1973 2117 2212 2172 inventus
2253 2127 2331 2172 est
2371 2119 2425 2172 in
2458 2135 2546 2172 ore
2588 2117 2819 2186 ejus:et
2845 2115 3100 2168 Dominus
3145 2112 3256 2166 vult
3303 2109 3561 2164 mundare
3662 2139 3666 2144 ι

1971 2223 2089 2261 eum
2113 2209 2290 2278 plaga.
2328 2207 2387 2264 Si
2412 2208 2570 2262 datus
2603 2206 2762 2276 fuerit
2792 2222 2886 2274 pro
2910 2215 3140 2274 peccato,
3180 2205 3360 2258 anima
3388 2215 3563 2259 vestra

1973 2300 2163 2354 videbit
2187 2318 2362 2356 semen
2397 2301 2704 2372 longaevum.
2736 2299 2803 2352 Et
2829 2299 3088 2352 Dominus
3117 2298 3225 2352 vult
3257 2299 3466 2367 auferre
3496 2299 3562 2354 de

1971 2391 2151 2446 dolore
2182 2394 2417 2447 animam
2447 2393 2582 2463 ejus,
2611 2391 2888 2447 ostendere
2928 2392 2977 2445 ei
3011 2392 3200 2456 lucem,
3241 2402 3290 2445 et
3327 2393 3562 2462 formare

1971 2486 2344 2556 intelligentia,
2367 2487 2672 2556 justi/icore
2693 2487 2901 2554 justum
2929 2485 3052 2539 bene
3079 2486 3386 2540 servientem
3415 2489 3554 2541 mul-

1974 2578 2041 2634 tis
2059 2593 2074 2629 :
2091 2587 2139 2631 et
2152 2588 2366 2646 peccata
2380 2596 2561 2634 eorum
2578 2581 2686 2649 ipse
2698 2577 2950 2646 portabit.
2971 2576 3260 2646 Propterea
3276 2579 3382 2647 ipse
3397 2580 3564 2649 possi-

1970 2670 2108 2723 debit
2127 2669 2342 2736 multos,
2359 2679 2408 2723 et
2431 2669 2650 2738 fortium
2668 2670 2864 2724 dividet
2880 2670 3051 2739 spolia
3069 2685 3087 2723 :
3104 2688 3199 2740 pro
3214 2689 3274 2726 eo
3289 2671 3427 2742 quod
3447 2683 3560 2728 tra-

1970 2765 2084 2820 dita
2099 2773 2174 2818 est
2201 2764 2270 2819 ad
2308 2773 2528 2818 mortem
2553 2764 2734 2816 anima
2757 2763 2959 2832 ejus,et
2987 2764 3040 2816 in
3067 2764 3262 2834 iniquis
3289 2775 3560 2832 reputatus

1967 2867 2044 2910 est
2059 2871 2076 2908 :
2091 2866 2141 2910 et
2157 2858 2264 2925 ipse
2275 2867 2489 2927 peccata
2505 2858 2792 2909 multorum
2806 2855 2948 2920 tulit,
2966 2865 3014 2910 et
3025 2866 3240 2925 propter
3253 2858 3558 2928 iniquitates

1965 2965 2147 3004 eorum
2175 2950 2402 3003 traditus
2414 2958 2490 3004 est
2505 2950 2570 3006 ³⁸.
2590 2949 2654 3003 Et
2673 2964 2867 3004 rursus
2907 2951 3024 3020 ipse
3047 2950 3181 3004 dicit
3206 2970 3220 3006 :
3245 2949 3357 3021 Ego
3381 2960 3557 3006 autem

1969 3058 2086 3097 sum
2112 3045 2332 3106 vermis,
2366 3053 2415 3096 et
2445 3060 2548 3096 non
2585 3043 2775 3107 homo;
2809 3043 3151 3113 opprobrium
3195 3043 3465 3098 hominum
3507 3055 3560 3100 et

1969 3135 2193 3202 obiectio
2238 3134 2425 3204 plebis.
2481 3135 2674 3190 Omnes
2716 3137 2804 3206 qui
2850 3135 3238 3206 conspiciebant
3281 3153 3380 3202 me,
3432 3136 3560 3191 sub-

1971 3238 2326 3283 sannaverunt
2367 3243 2467 3289 me,
2509 3227 2671 3280 locuti
2699 3239 2822 3282 sunt
2858 3230 3036 3293 labiis,
3079 3239 3348 3284 moverunt
3377 3241 3554 3299 caput.

289 3304 460 3372 ψυχὴ
488 3306 699 3370 αὐτοῦ,
730 3309 829 3361 καί
856 3309 978 3374 τοῖς
1005 3312 1250 3380 ἀνόμοις
1279 3314 1390 3386 (15)
1419 3316 1702 3386 ἐλογίσθη
1723 3337 1736 3349 ·
1768 3321 1864 3374 καὶ

1974 3320 2209 3390 Speravit
2229 3323 2283 3374 in
2307 3320 2611 3385 Dominum,
2629 3331 2781 3374 eruat
2811 3339 2951 3388 eum,
2995 3322 3202 3376 salvum
3241 3323 3408 3392 faciat
3437 3341 3556 3378 eum

290 3395 469 3463 αὐτὸς
495 3398 790 3466 ἁμαρτίας
831 3402 1076 3456 πολλῶν
1117 3405 1469 3475 ἀνήνεγκεν,
1502 3409 1599 3464 καὶ
1641 3410 1738 3464 διὰ
1763 3413 1866 3480 τὰς

1974 3416 2215 3486 quoniam
2260 3413 2370 3468 vult
2423 3430 2540 3467 eum
2569 3414 2634 3468 ⁹¹.
2695 3413 2908 3470 Videtis
2962 3415 3064 3469 viri
3116 3415 3344 3482 dilecti,
3399 3418 3552 3488 quod

288 3488 577 3557 ἁμαρτίας
619 3491 820 3546 αὐτῶν
855 3495 1174 3564 παρεδόθη.
1215 3500 1325 3552 Καὶ
1367 3501 1529 3554 πάλιν
1570 3502 1732 3566 αὑτός
1767 3522 1872 3575 φη-

290 3593 390 3632 σιν·
462 3581 612 3650 Ἐγὼ
653 3583 721 3637 δέ
781 3587 897 3654 είμι
941 3589 1208 3656 σκώληξ,
1254 3591 1351 3644 καὶ
1391 3595 1500 3646 οὐκ
1545 3594 1871 3663 ἅνθρωπος,

288 3668 523 3741 ὄνειδος
544 3677 888 3746 ἀνθρώπων,
919 3680 1017 3734 καὶ
1044 3681 1414 3750 ἐξουθένημα
1440 3687 1611 3741 λαοῦ.
1647 3689 1875 3756 Πάντες

1970 3507 2246 3576 exemplar
2287 3506 2446 3560 nobis
2488 3506 2675 3560 datum
2713 3509 2817 3575 sit;
2851 3523 2974 3562 nam
3017 3509 3063 3564 si
3102 3509 3368 3566 Dominus
3414 3510 3552 3566 adeo

1973 3599 2250 3653 humiliter
2293 3613 2352 3652 se
2401 3599 2590 3690 gessit,
2637 3599 2766 3669 quid
2816 3599 3082 3657 faciemus
3130 3618 3254 3668 nos,
3289 3604 3384 3673 qui
3446 3604 3554 3660 sub

1968 3690 2162 3761 jugum
2187 3691 2375 3760 gratia:
2410 3691 2529 3757 ejus
2557 3706 2652 3760 per
2681 3692 2859 3760 ipsum
2891 3693 3178 3750 venimus?

286 3765 341 3817 ot
384 3767 750 3835 θειφοῦντές
782 3788 880 3839 με,
921 3771 1396 3843 ἐξεμυκτήρισάν
1432 3796 1508 3846 με
1532 3819 1546 3842 ,
1595 3780 1911 3849 ἐλάλησαν
1959 3783 2028 3835 ἐν
2084 3782 2380 3850 χείλεσιν,
2421 3781 2714 3850 ἐκίνησαν
2768 3785 3059 3853 κεφαλήν.
3098 3789 3396 3843 Ἥλπισεν
3452 3789 3553 3843 ἐπὶ

285 3856 537 3926 Κύριον,
576 3860 870 3926 ῥυσάσθω
909 3865 1126 3928 αὐτὸν,
1168 3867 1419 3921 σωσάτω
1450 3871 1666 3935 αὐτὸν,
1720 3872 1811 3926 ὅτι
1866 3873 2025 3927 θέλει
2073 3873 2276 3927 αὐτόν.
2347 3874 2560 3944 Ὁρᾶτε,
2618 3874 2806 3946 ἄνδρες
2861 3876 3168 3948 ἀγαπηΰοὶ,
3216 3881 3300 3943 τίς
3338 3882 3368 3932 ό
3412 3881 3548 3934 ὕπο-

286 3952 547 4022 τραμμδς
583 3954 613 4005 ὁ
646 3953 926 4026 δεδομένος
966 3961 1124 4030 ἡμῖν·
1160 3962 1207 4012 ei
1234 3960 1342 4033 γὰρ
1385 3965 1414 4015 ὁ
1452 3964 1654 4036 Κύριος
1699 3966 1873 4031 οὕτως
1921 3967 2462 4038 ἐταπεινοφρόνησεν,
2493 3968 2544 4020 τί
2584 3969 2884 4040 ποιήσομεν
2919 3973 3079 4040 ἡμεῖς
3123 3973 3172 4024 οἱ
3215 3972 3320 4026 ὑπὸ
3347 3972 3436 4025 τὸν
3459 3974 3550 4037 ζυ-

285 4041 380 4110 γδν
407 4042 506 4112 τῆς
535 4044 755 4115 χάριτος
802 4048 967 4101 αὐτοῦ
997 4049 1062 4103 δι’
1103 4051 1268 4104 αὐτοῦ
1299 4052 1408 4126 (16)
1440 4054 1684 4121 ἐλθόντος
1717 4057 1860 4130 (17);

816 4139 1207 4195 ΚΕΦΑΛΛΙΟΝ
1244 4145 1343 4196 lZ'.

355 4225 609 4297 Μιμηταὶ
674 4227 957 4300 γενώμεθα
1001 4233 1267 4288 κάκείνων
1311 4235 1504 4302 οἵτινες
1545 4239 1614 4292 ἐν
1655 4239 1867 4310 δέρμαρ

357 4342 405 4374 ’⁸
442 4339 552 4397 lsa.
586 4358 709 4408 Llll,
738 4345 760 4399 1
793 4353 848 4400 et
876 4361 996 4419 seq.
1068 4351 1111 4382 ’ί
1141 4351 1287 4409 Psal.
1323 4371 1438 4419 xxx,
1475 4355 1591 4412 7-9.

2535 4148 2766 4204 CAPUT
2820 4150 2982 4207 XVII.

2046 4241 2092 4272 ⁹²
2117 4238 2423 4297 lmitatores
2454 4243 2617 4296 etiam
2653 4243 2825 4298 simus
2856 4259 3044 4298 eorum
3065 4284 3081 4310 ,
3111 4247 3202 4314 qui
3233 4247 3286 4298 in
3320 4246 3551 4315 pellibus-

1694 4357 1740 4389 ⁸³
1770 4356 2025 4416 Clemens
2061 4359 2242 4424 Alex.,
2277 4356 2475 4414 Strom.
2505 4373 2582 4430 tv,
2603 4373 2658 4428 p.
2714 4357 2818 4411 516
2845 4357 2960 4410 haec
3011 4357 3219 4413 laudat.

1584 4490 1950 4548 VARIORUM
1989 4495 2222 4553 NOTAE.

295 4609 384 4649 sus
407 4592 648 4681 Judaaos
669 4611 808 4681 Δεει).
838 4597 914 4652 De
963 4601 1225 4681 passi-oue,
1269 4617 1391 4671 pag.
1436 4603 1561 4681 156.
1605 4604 1864 4681 Deﬁciens
1899 4613 1945 4672 ο
1972 4610 2228 4681 πληγαῖς.
2267 4610 2368 4666 Ms.
2404 4609 2699 4681 lectionem
2725 4609 2944 4681 exhibet
2971 4619 3022 4663 et
3055 4607 3111 4665 S.
3142 4609 3392 4666 Justinus
3423 4613 3458 4668 1.
3491 4631 3538 4670 c.

295 4666 548 4742 propte_r__(
574 4667 778 4742 rectius
803 4666 1015 4742 versum
1041 4671 1231 4742 fuisset
1251 4666 1443 4740 prleter
1468 4675 1550 4728 vel
1575 4666 1738 4742 ultra)
1762 4694 1869 4732 mo-

296 4751 404 4787 rem
455 4735 689 4803 ﬁliorum
747 4737 1037 4795 hominum.
1094 4740 1207 4794 Hoc
1251 4735 1333 4798 est
1379 4743 1565 4799 (ἔπεσε
1619 4735 1868 4800 ἐκλεῖπον

295 4800 710 4882 ἰτερατα-ἦθος
735 4807 843 4882 τῶν
887 4809 1017 4882 ξιξ-ῶν
1045 4810 1152 4882 τῶν
1196 4811 1516 4882 ἀνθρώπων.
1562 4815 1736 4870 Editio
1776 4819 1863 4870 Al-

294 4875 441 4960 dina,
469 4874 642 4960 codex
673 4874 873 4960 Regius
887 4879 991 4958 2_‘29
1008 4874 1414 4960 _etAProcop'iuAs,
1442 4884 1689 4938 ἐκλεῖπον
1719 4887 1870 4960 παρὰ

295 4946 654 5021 advocatio;
683 4946 832 5021 υξοὺς
857 4948 966 5021 τῶν
996 4946 1317 5021 ἀνθρώπων.
1349 4953 1486 5007 Cor.

364 5021 380 5081 ί
393 5013 478 5098 1ἢ)
504 5015 669 5098 "ﬂuet
691 5019 778 5098 sic
799 5015 1073 5098 θάνατον.
1100 5013 1376 5098 Hodierna
1404 5023 1545 5098 LXX
1568 5026 1745 5081 versio
1772 5044 1870 5098 pro

291 5083 414 5151 ἥκει
438 5084 610 5156 hahet
635 5085 796 5156 ᾕχθη.
829 5087 897 5139 At
926 5089 1318 5145 Clementinam
1354 5094 1640 5149 lectionem
1671 5083 1869 5152 conlir-

294 5161 404 5228 mat
429 5151 775 5228 _S._Justiiius
803 5156 1006 5228 Man-ty:
1059 5158 1212 5225 Apol.
1244 5160 1306 5224 2,
1356 5180 1410 5216 n.
1462 5165 1550 5218 11.
1602 5151 1870 5223 ϐιαίᾳ-ξ-

463 5221 584 5276 τῶν
611 5225 871 5302 ἀνομιῶν
889 5221 995 5281 rei)
1015 5221 1168 5285 λαοῦ
1190 5221 1309 5301 μου
1332 5232 1459 5299 ἣκει
1485 5238 1572 5301 εἰς
1589 5221 1863 5294 θάνατον.

296 5290 365 5366 lit
390 5290 774 5366 plerarumque
797 5298 1022 5366 aliarum
1046 5290 1387 5366 varie'tatuui,
1415 5303 1488 5357 ita
1514 5290 1670 5360 istius
1693 5290 1869 5362 exetn;

290 5363 545 5446 plant-lari
559 5363 814 5446 possunt.
838 5365 1185 5446 Vid_e_JAustjui
1217 5363 1787 5446 MartyrisApologiam
1808 5378 1863 5441 2,

291 5446 342 5510 ρ.
379 5431 810 5510 8_6;_Dialogum,
838 5437 1060 5510 p.230;
1085 5431 1459 5510 Chrysostomi
1490 5431 1789 5500 oratidncm
1811 5431 1866 5502 in

291 5502 442 5583 illud,
479 5502 986 5583 gater'sipossibjle
1029 5519 1124 5575 est,
1169 5502 1299 5565 tum.
1330 5511 1392 5574 ll,
1423 5530 1475 5583 p.
1520 5515 1642 5579 1‘27,
1667 5516 1862 5572 librqu

287 5572 424 5694 zuod
485 5571 746 5653 Claristus’
772 5577 840 5629 sit
889 5578 1052 5641 Deus,
1108 5571 1255 5634 tonio
1297 5571 1486 5636 eodem
1532 5601 1584 5654 p.
1629 5571 1760 5648 850,
1812 5571 1865 5641 et

335 5644 566 5694 recentti
597 5643 1019 5694 dismttatinnem
1047 5665 1097 5694 η.
1135 5651 1221 5694 53-
1263 5650 1430 5694 Pm-m
1459 5664 1712 5694 pm-mnm
1744 5673 1865 5694 nccn

335 5643 1019 5726 negentii.disp'tuationeut
1047 5665 1099 5717 p.
1135 5651 1228 5726 53ζ
1261 5650 1430 5707 Porro
1459 5643 1714 5726 corrupta
1744 5643 1866 5712 esse

290 5712 528 5768 arbitror
566 5714 673 5768 ista
691 5712 928 5771 ‘Eusebii
965 5712 1062 5773 lib:
1094 5735 1144 5771 Iv
1192 5712 1666 5778 Demonstrutionis
1702 5742 1861 5780 evan-

289 5783 487 5866 qelicre,
520 5799 643 5866 cap.
677 5787 769 5866 1-6,
818 5788 1040 5866 p._i9(_).
1087 5789 1174 5866 Ὠς
1213 5792 1618 5866 πρόϐατον-ἐπὶ
1651 5798 1864 5866 σφαγὴν

287 5853 576 5976 equitum,
612 5855 724 5908 ἀπό
750 5853 949 5910 τετῶν
981 5859 1075 5910 avo
1125 5859 1216 5911 ιῶν
1247 5853 1441 5914 αὐτῶν.
1475 5863 1611 5919 Οοτ.

357 5929 378 5981 ί
416 5924 472 5981 ’5)
504 5924 621 5981 Τῆς
640 5924 901 5981 πληγῆς.
928 5927 1019 5981 Sic
1047 5877 1213 5981 νδυιι.
1233 5945 1294 5981 ex
1315 5947 1414 5981 ms.
1437 5932 1576 5981 Elllli
1601 5952 1611 5981 γ

357 5924 404 5990 (1
416 5924 472 5993 ’5)
504 5924 621 5993 Τῆς
640 5924 901 5996 πληγῆς.
928 5927 1019 5983 Sic
1047 5924 1213 5984 Wott.
1233 5945 1294 5986 ex
1315 5947 1414 5988 ius.
1437 5932 1577 5987 Edili
1601 5950 1726 5990 vero
1746 5939 1862 6001 ui;

1971 4678 2198 4750 eamque
2230 4682 2474 4750 agnoscit
2504 4678 2778 4750 cod.ﬂVat.
2812 4679 2983 4734 GALL.

2042 4749 2153 4820 (14)
2198 4749 2338 4804 Ἐὰν
2365 4749 2560 4803 δῶται.
2587 4749 2757 4805 Wott.
2793 4753 2882 4819 qui
2910 4751 3050 4804 hunc
3072 4750 3357 4805 lectionem
3391 4755 3546 4808 exhi-

1968 4819 2060 4892 bet
2091 4819 2158 4875 ex
2188 4838 2290 4875 lllS.
2320 4821 2609 4892 legitimas
2642 4836 2764 4874 cum
2789 4822 2973 4886 editis,
3003 4838 3056 4874 αι
3090 4837 3185 4889 pro
3216 4839 3258 4892 is
3307 4824 3543 4892 positum

1967 4891 2309 4947 existimans.
2346 4889 2411 4944 At
2446 4889 2502 4944 S.
2540 4890 2788 4946 Justinus
2838 4893 2874 4948 l.
2923 4907 2974 4945 c.
3031 4893 3158 4960 legit
3209 4889 3393 4944 δῶτάι.
3454 4893 3545 4948 Sic

1969 4961 2134 5014 etiam
2159 4961 2280 5016 cod.
2313 4963 2466 5015 Alex.
2498 4963 2639 5030 apud
2667 4962 2857 5015 Isaiam
2887 4977 3004 5031 Llll,
3039 4963 3126 5014 10.
3163 4960 3344 5031 Itaque
3375 4979 3405 5015 a
3434 4981 3542 5019 ms.

1973 5031 2200 5084 minime
2232 5029 2592 5086 recedendum
2621 5040 2896 5101 putamus.
2927 5029 3000 5086 In.

2038 5101 2166 5170 (15),
2192 5101 2301 5154 Kal
2331 5101 2454 5166 τοῖς
2484 5103 2746 5169 ἀνόμοις.
2813 5101 2955 5155 LXX
3005 5121 3016 5156 :
3057 5101 3150 5155 καὶ
3182 5101 3240 5153 ὲν
3270 5103 3384 5166 τοῖς
3416 5105 3540 5157 ἀνό-

1971 5169 2223 5241 μοιςτΙιει
2251 5180 2304 5225 et
2336 5171 2392 5225 S.
2424 5171 2673 5226 Justinus
2705 5172 2740 5226 l.
2772 5189 2820 5226 ρ.
2864 5173 2938 5228 In.

2037 5240 2150 5309 (16)
2192 5241 2270 5293 Δι’
2299 5243 2502 5296 αὑτοῦ.
2544 5243 2668 5295 l-la-c
2715 5244 2874 5296 verba
2911 5257 3030 5310 quae
3072 5241 3455 5295 desiderantur
3486 5244 3540 5298 in

1966 5310 2150 5371 editis,
2183 5310 2352 5366 Wott.
2405 5329 2470 5365 ex
2523 5328 2622 5367 ms.
2675 5313 2935 5370 restituit.
2988 5314 3344 5381 agnoscitque
3391 5312 3540 5368 Junii

1966 5381 2174 5443 vet-sio,
2225 5397 2345 5449 qua:
2390 5382 2471 5436 sic
2524 5397 2583 5435 se
2631 5381 2791 5434 habet
2825 5385 3003 5452 :WQua:
3051 5381 3144 5434 sub
3190 5381 3376 5452 jiugum
3423 5385 3540 5452 ejus

1964 5452 2151 5519 gratia:
2181 5467 2270 5519 per
2316 5453 2485 5520 ipsum
2536 5452 2784 5505 venimus.
2834 5451 2906 5503 Ea
2951 5466 3168 5521 quoque
3205 5451 3453 5508 Walkius
3484 5455 3539 5508 in

1965 5522 2196 5588 Auglica
2230 5537 2326 5575 sua
2361 5523 2610 5575 versione
2640 5522 2888 5574 inseruit.
2921 5522 2996 5575 lu.

2044 5591 2154 5660 (17)
2204 5592 2532 5660 Ἐλθόντος.
2558 5591 2790 5644 Librarii
2813 5593 3088 5646 mendum.
3116 5589 3246 5654 Ιιιιζ.
3272 5591 3534 5656 ἐλθόντες.

1966 5659 2063 5713 llis
2097 5661 2235 5732 adde
2263 5676 2331 5732 ex
2367 5659 2536 5713 Wutt.
2557 5660 2765 5732 inhoc
2812 5676 2915 5732 ins.
2967 5676 3108 5729 saepe
3148 5662 3290 5716 inter
3321 5679 3381 5718 se
3408 5679 3536 5732 per-

1967 5731 2164 5800 tuutari
2204 5747 2229 5781 ε
2262 5730 2315 5782 in
2351 5746 2380 5781 ο
2415 5748 2427 5783 :
2462 5731 2604 5784 unde
2635 5730 2789 5800 ineo
2814 5731 3010 5800 legitur
3053 5733 3215 5800 paulo
3259 5730 3534 5800 superius,

1966 5799 2069 5853 hoc
2099 5801 2218 5874 ipso
2246 5801 2299 5853 in
2329 5800 2506 5874 capite
2533 5819 2545 5854 :
2675 5798 2819 5874 ψυχὴ
2845 5798 2996 5872 ὑμῶν
3018 5798 3202 5874 ἕψεται
3234 5802 3294 5855 τὸ
3316 5798 3538 5874 σπέρμα

2014 5870 2301 5940 ακρόϐιον;
2339 5870 2430 5926 ubi
2460 5872 2648 5940 procul
2681 5870 2847 5928 dubio
2879 5870 3159 5944 legendum
3201 5883 3285 5928 est
3325 5870 3532 5944 ὄψεται.

1988 5955 2037 5995 ο.
