4100 6278
508 365 605 419 551

1313 358 1371 415 s.
1412 357 1799 415 CLEMENTIS
1834 357 1855 413 ι
1888 355 2050 413 non.
2093 358 2290 414 pom.
2332 357 2560 415 ornas
2598 330 2921 417 GENUINA.

3622 360 3731 418 352

506 486 767 545 tanquam
812 473 1007 544 exigua
1055 471 1340 539 audimus,
1395 486 1717 542 peccamus,
1768 471 2071 524 nescientes

2173 470 2586 545 ἁμαρτάνομεν,
2636 472 2735 525 οὐκ
2779 471 2977 534 εἰδότες
3024 469 3185 522 πόθεν
3239 467 3578 539 ἐκλήθημεν,
3643 486 3738 522 και

506 569 651 624 unde
679 566 858 622 vocati
907 579 1120 628 sumus,
1152 571 1207 619 et
1249 578 1279 617 a
1309 578 1438 635 quo,
1470 572 1524 617 et
1563 563 1619 616 in
1660 577 1825 635 quem
1862 561 2063 625 locum,

506 667 560 715 et
583 666 784 729 quanta
815 656 1075 713 sustinuit
1094 653 1254 710 Iesus
1279 653 1530 709 Christus
1553 653 1662 722 pati
1695 662 1916 722 propter
1940 667 2062 709 nos.

458 798 465 811 ,
507 753 677 819 Quam
711 750 878 820 igitur
906 762 1005 803 nos
1028 746 1132 817 ipsi
1163 744 1521 815 rependemus
1550 744 2064 809 remunerationem,

507 851 601 897 aut
632 856 794 912 quem
827 838 1066 893 fructum
1109 836 1331 905 dignum
1372 850 1561 890 eorum
1594 849 1713 901 quae
1752 834 1910 890 nobis
1952 835 2071 904 ipse

506 933 693 990 dedit?
729 931 943 999 Quanta
982 943 1114 984 vero
1152 929 1203 983 ei
1234 926 1492 982 debemus
1538 924 1662 995 pia?
1708 925 1843 979 Nam
1890 926 2067 981 lucem

505 1026 667 1080 nobis
702 1022 930 1092 largitus
959 1027 1071 1086 est;
1116 1026 1377 1089 tanquam
1402 1026 1557 1087 pater
1583 1016 1722 1071 ﬁlios
1752 1031 1853 1072 nos
1882 1018 2069 1087 appel-

505 1118 671 1185 lavit;
721 1125 1009 1187 pereuntes
1060 1125 1162 1166 nos
1209 1110 1462 1165 servavit.
1520 1107 1743 1175 Qualem
1788 1123 1917 1179 ergo
1964 1109 2069 1181 ipsi

506 1210 726 1265 laudem
768 1206 1091 1267 tribuemus,
1130 1210 1223 1257 aut
1253 1202 1556 1257 mercedem
1601 1216 1709 1271 qua
1753 1217 2069 1272 compense-

510 1315 765 1371 musqua:
782 1298 1091 1368 accepimus
1108 1294 1220 1366 (5)?
1248 1293 1352 1360 Qui
1372 1301 1550 1348 mente
1575 1308 1794 1349 eramus
1823 1294 1989 1364 capti,
2016 1302 2070 1351 et

507 1393 872 1449 adorabamus
913 1388 1146 1459 lapides,
1188 1385 1358 1455 ligna,
1408 1400 1632 1450 aurum,
1674 1392 1955 1455 argentum
1989 1393 2072 1439 at-

506 1502 615 1557 que
639 1500 736 1548 aes,
775 1481 1056 1537 hominum
1091 1494 1293 1550 Opera;
1334 1486 1389 1533 et
1426 1484 1537 1531 tota
1575 1483 1762 1532 nostra
1794 1479 1906 1531 vita
1934 1477 2072 1532 nihil

507 1556 655 1631 aliud
674 1582 964 1644 eratquam
981 1556 1148 1626 mors.
1167 1568 1512 1625 Obscuritate
1530 1569 2067 1638 itaquecircumdati,

505 1677 562 1723 et
586 1667 679 1721 tali
711 1665 940 1736 caligine
964 1663 1183 1733 plenum
1215 1661 1476 1716 habentes
1495 1647 1692 1725 visum,
1714 1662 2072 1730 respeximus,

509 1760 682 1829 ipsius
708 1756 986 1811 voluntate
1030 1754 1364 1823 deponentes
1413 1766 1534 1807 eam
1582 1767 1689 1822 qua
1721 1752 2073 1821 cingebamur

506 1851 779 1907 nebulam.
804 1847 940 1903 Nam
962 1847 1251 1902 miseratus
1265 1854 1348 1901 est
1368 1861 1501 1914 nos;
1528 1854 1582 1901 et
1596 1844 1897 1900 visceribus
1923 1860 2073 1900 com-

506 1949 710 2005 motus,
743 1940 926 1996 salvos
949 1938 1109 2005 fecit;
1144 1953 1268 1991 cum
1299 1937 1355 1992 in
1382 1938 1540 1993 nobis
1578 1938 1807 1991 multum
1830 1952 2067 1993 errorem

504 2050 570 2090 ac
619 2032 901 2089 interitum
960 2037 1293 2101 spectasset,
1352 2045 1454 2085 nec
1496 2029 1695 2085 habere
1752 2045 1853 2085 nos
1903 2030 2067 2084 ullam

504 2126 699 2183 salutis
738 2139 914 2196 spem,
962 2124 1073 2181 nisi
1120 2138 1240 2178 eam
1266 2138 1387 2193 quae
1428 2122 1496 2177 ah
1546 2122 1665 2192 ipso
1690 2129 1799 2181 est.
1841 2121 2066 2178 Vocavit

502 2220 650 2274 enim
690 2232 793 2274 nos
823 2217 917 2288 qui
953 2230 1064 2272 non
1099 2229 1336 2281 eramus,
1373 2221 1427 2270 et
1458 2214 1629 2269 voluit
1673 2229 1705 2270 e
1740 2214 1911 2270 nihilo
1943 2230 2065 2271 esse

503 2327 626 2370 "09'
1118 2374 1348 2432 CAPUT
1400 2373 1464 2430 ιι.

574 2495 782 2549 Ltetare
800 2532 814 2558 ,
843 2490 1039 2547 sterilis
1068 2505 1185 2560 qua:
1219 2504 1322 2542 non
1343 2488 1519 2556 paris;
1555 2504 1766 2558 erumpe
1794 2496 1844 2543 et
1867 2488 2062 2553 clama,

503 2602 621 2655 ante
658 2602 763 2640 non
812 2582 1047 2654 parturis
1082 2595 1102 2634 :
1125 2581 1251 2650 quia
1291 2580 1447 2633 multi
1482 2580 1585 2649 ﬁlii
1628 2579 1865 2645 desertae,
1897 2582 2065 2651 magis

504 2695 664 2749 quam
696 2677 809 2746 ejus
845 2692 963 2745 qua:
996 2672 1148 2727 habet
1176 2673 1343 2727 virum
1370 2672 1436 2726 ⁸⁸.
1470 2672 1626 2738 Quod
1675 2672 1833 2739 dixit,
1859 2672 2065 2728 Lwtare

504 2770 701 2825 sterilis
753 2783 869 2839 quis
902 2782 1007 2821 non
1046 2766 1192 2835 paris
1216 2803 1231 2828 ,
1270 2778 1374 2818 nos
1416 2762 1553 2817 dixit
1578 2780 1591 2817 :
1616 2764 1817 2819 sterilis
1862 2764 2064 2835 quippe

503 2870 625 2917 erat
653 2858 897 2915 Ecclesia
943 2864 1152 2921 nostra,
1179 2861 1304 2910 ante
1337 2869 1502 2924 quam
1541 2852 1652 2908 dati
1682 2861 1868 2910 essent
1909 2855 1960 2909 ei
1998 2855 2068 2909 li-

501 2952 641 3007 beri.
699 2948 857 3021 Quod
898 2963 1029 3005 vero
1057 2947 1231 3011 dixit,
1275 2944 1464 3001 Clama
1500 2961 1615 3015 qua:
1649 2962 1751 2999 non
1800 2945 2063 3013 parturis;

2169 560 2272 614 ὑπὸ
2298 561 2461 625 τίνος,
2495 562 2590 615 καὶ
2622 563 2701 625 είς
2731 563 2789 616 δν
2829 563 3012 620 τόπον,
3058 562 3151 614 καὶ¹
3191 560 3294 613 ὅσα
3323 558 3399 629 (5)
3446 559 3737 628 ὑπέμεινεν

2181 653 2386 724 Ἰησοῦς
2424 654 2654 725 Χριστὸς
2682 654 2871 708 παθεῖν
2898 652 3059 707 ἕνεκα
3088 652 3263 724 ἡμῶν.
3296 650 3429 703 Τίνα
3454 646 3547 704 οὖν
3578 651 3737 721 ἡμεῖς

2168 748 2314 820 αύτῷ
2342 748 2581 820 δώσομεν
2610 747 2984 819 ἀντιμισθίαν;
3029 746 3062 817 ἢ
3093 745 3217 797 τίνα
3260 742 3470 815 καρπὸν
3498 741 3647 806 ἄξιον
3672 737 3737 796 οὗ

2167 838 2296 908 ἡμῖν
2316 838 2474 902 αὐτὸς
2500 839 2696 892 ἔδωκεν
2718 855 2749 904 ;‹
2765 839 2906 892 πόσα
2926 837 3001 908 (4)
3021 838 3079 890 δὲ
3105 836 3252 907 αὐτῷ
3270 836 3551 908 ὀφείλομεν
3578 837 3734 902 ὄσια;

2165 928 2227 981 τὸ
2258 929 2371 998 φῶς
2398 929 2506 1001 γὰρ
2531 932 2662 1001 ἡμῖν
2709 930 3017 1002 ἐχαρίσατο,
3061 928 3137 991 ὡς
3177 928 3358 1001 πατὴρ
3402 928 3550 991 υἱοὺς
3588 928 3736 1000 ἡμᾶς

2169 1022 2627 1094 προσηγόρευσεν,
2644 1021 3043 1092 ἀπολλυμένους
3057 1020 3202 1092 ἡμᾶς
3217 1020 3434 1072 ἔσωσεν.
3450 1021 3640 1074 Ποῖουν
3657 1020 3731 1095 (6)

2169 1107 2317 1167 αἶνον
2345 1113 2491 1185 αὐτῷ
2529 1113 2784 1184 δὼσωμεν
2834 1113 2931 1184 (7),
2979 1112 3012 1183 ἢ
3050 1111 3237 1183 μισθὸν
3277 1110 3617 1183 άντιμισθίας
3657 1106 3734 1166 ὧν

2170 1204 2451 1275 ὲλάόομεν;
2482 1206 2645 1276 πηροὶ
2675 1204 2824 1268 ὅντες
2849 1208 2915 1276 τῇ
2939 1204 3147 1276 διανοίᾳ
3178 1203 3274 1274 (8),
3308 1204 3735 1275 προσκυνοῦντες

2168 1296 2347 1360 λίθους
2374 1297 2467 1349 καὶ
2499 1295 2657 1361 ξύλα,
2703 1289 2796 1350 καὶ
2827 1297 3024 1369 χρυσὸν
3067 1296 3161 1349 καὶ
3200 1296 3437 1367 ἄργυρον
3479 1296 3572 1348 καὶ
3598 1295 3731 1366 χαλ-

2170 1388 2284 1453 κον,
2316 1387 2451 1457 ἔργα
2467 1386 2784 1459 ἀνθρώπων,
2814 1390 2907 1442 καὶ
2933 1391 2962 1442 ὁ
2982 1388 3094 1458 βίος
3121 1387 3275 1460 ἡμῶν
3301 1388 3421 1451 ὅλος
3438 1386 3564 1442 ἄλλο
3582 1388 3732 1441 οὐδὲν

2168 1476 2236 1552 ἦν
2266 1481 2313 1532 εί
2345 1479 2417 1551 μὴ
2448 1477 2691 1542 θάνατος.
2725 1479 3064 1551 Ἀμαύρωσιν
3092 1476 3185 1534 οὖν
3215 1478 3604 1551 περικείμενοι,
3636 1480 3732 1533 καὶ

2170 1571 2420 1643 τοιαύτης
2453 1570 2647 1641 ἀχλύος
2675 1571 2933 1643 γέμοντες
2970 1573 3027 1625 ὲν
3074 1574 3139 1643 τῇ
3171 1572 3391 1643 ὁράσει,
3433 1570 3730 1640 ἀνεϐλέψα-

2175 1681 2310 1735 μεν,
2357 1663 2699 1734 ἀποθέμενοι,
2748 1664 2921 1717 ἐκεῖνο
2967 1664 2996 1717 ὃ
3040 1662 3398 1736 περικείμεθα
3444 1662 3621 1732 νέφος,
3660 1664 3728 1737 τῇ

2173 1753 2336 1807 αὑτοῦ
2385 1754 2615 1827 θελήσει.
2680 1755 2932 1828 Ἦλέησεν
2977 1755 3085 1827 γὰρ
3141 1756 3320 1827 ἡμᾶς,
3383 1755 3477 1809 καὶ
3527 1755 3731 1825 σπλαγ-

2172 1846 2406 1917 χνισθεὶς
2437 1847 2657 1912 ἔσωσεν,
2700 1847 3029 1919 θεασάμενος
3055 1848 3112 1901 ὲν
3141 1849 3268 1918 ἡμῖν
3298 1847 3495 1919 πολλὴν
3523 1847 3731 1920 πλάνην

2173 1938 2267 1991 καὶ
2296 1937 2589 2003 ἀπώλειαν,
2631 1939 2723 1992 καὶ
2766 1939 3033 2011 μηδεμίαν
3064 1938 3252 1992 ὲλπίδα
3278 1938 3490 2009 ἔχοντες
3519 1938 3592 2010 (9)
3625 1956 3732 1993 σω-

2170 2029 2383 2100 τηρίας,
2414 2032 2462 2083 εί
2509 2030 2582 2102 μὴ
2628 2030 2726 2101 τὴν
2767 2033 2896 2101 παρ’
2943 2030 3126 2085 αὐτοῦ.
3173 2030 3451 2084 Έκάλεσεν
3484 2030 3593 2102 (10)
3621 2030 3731 2106 γὰρ

2170 2120 2318 2191 ἡμᾶς
2356 2120 2456 2176 οὐκ
2494 2121 2671 2186 ὄντας,
2715 2124 2807 2176 κα)⁵
2847 2122 3108 2195 ἡθέλησεν
3151 2123 3216 2177 ὲκ
3265 2123 3338 2194 μὴ
3392 2122 3540 2188 ὄντος
3590 2118 3729 2177 εἶναι

2171 2212 2337 2282 ἡμᾶς·

2691 2378 3084 2432 ΚΕΦΑΛΑΙΟΝ
3120 2378 3194 2430 B'.

2239 2488 2636 2559 Εὐφράνθητι,
2683 2491 2889 2561 στεῖρα
2909 2493 2948 2560 ἠ
2976 2493 3047 2546 οὐ
3074 2493 3390 2556 τίκτουσα,
3411 2490 3606 2559 ῥῆξον
3630 2492 3727 2545 καὶ

2164 2581 2405 2649 βόησον
2429 2585 2468 2651 ἡ
2497 2586 2606 2637 οὐκ
2632 2582 2949 2648 ὠδίνουσα,
2978 2583 3067 2637 ὅτι
3092 2582 3291 2639 πολλὰ
3316 2570 3594 2637 τὰτέκνα
3617 2584 3731 2653 τῆς

2169 2672 2411 2741 ἐρήμου,
2434 2674 2674 2743 μᾶλλον
2713 2674 2752 2744 ἣ
2794 2674 2904 2743 τῆς
2944 2675 3207 2743 ἐχούσης
3250 2675 3355 2729 τὸν
3396 2673 3596 2742 ἄνδρα.
3660 2677 3727 2728 "0

2169 2761 2341 2829 εἶπεν,
2371 2764 2745 2834 Εὐφράνθητι
2784 2766 2987 2834 στεῖρα
3033 2767 3073 2835 ή
3120 2768 3191 2819 οὐ
3233 2767 3537 2829 τίκτουσα,
3581 2766 3728 2836 ἡμᾶς

2164 2853 2348 2911 εἶπεν·
2381 2861 2567 2929 στεῖρα
2609 2858 2717 2931 γὰρ
2750 2854 2817 2930 ἦν
2862 2860 2895 2929 ἡ
2950 2858 3239 2930 Ἐκκλησία
3273 2860 3447 2931 ἡμῶν,
3480 2858 3585 2932 πρὸ
3630 2860 3727 2914 τοῦ

2163 2948 2380 3019 δοθῆναι
2424 2950 2559 3020 αὐτῇ
2604 2950 2786 3004 τέκνα.
2827 2952 2892 3004 Ὃ
2936 2950 2992 3004 δὲ
3040 2946 3213 3016 εἶπεν,
3254 2954 3493 3021 Βόησον
3534 2955 3573 3023 ή
3615 2954 3728 3008 οὐκ

505 3059 611 3098 nec
653 3042 831 3097 dixit:
864 3039 1065 3095 Preces
1094 3048 1311 3094 nostras
1358 3037 1427 3092 ad
1474 3036 1642 3091 Deum
1694 3038 1939 3103 omnino,
2002 3045 2064 3092 ut

2169 3039 2483 3105 ὠδίνουσα,
2511 3041 2666 3094 τοῦτο
2693 3042 2837 3111 λέγει
2861 3058 2874 3072 ·
2894 3041 3004 3107 Τὰς
3029 3043 3332 3115 προσευχὰς
3362 3044 3516 3117 ἡμῶν
3543 3043 3727 3109 ἁπλῶς

507 3135 875 3204 parturientes
904 3132 1102 3195 solent,
1140 3145 1252 3184 non
1279 3127 1595 3183 deﬁciamus
1628 3128 1852 3185 referre.
1911 3127 2067 3195 Quod

2170 3131 2456 3204 ἀναφέρειν
2485 3132 2618 3205 πρὸς
2646 3134 2733 3186 τὸν
2762 3132 2912 3198 Θεὸν,
2937 3133 3031 3205 μὴ,
3053 3134 3127 3197 ὼς
3153 3135 3208 3187 at
3234 3115 3530 3199 ὠδίνουσαι,
3562 3135 3728 3204 ὲγκαη

506 3234 690 3281 autem
717 3225 876 3289 dixit,
907 3222 1048 3289 Quia
1090 3220 1244 3275 multi
1282 3221 1383 3289 ﬁlii
1427 3219 1667 3286 deserta,
1699 3222 1866 3291 magis
1906 3237 2065 3291 quam

2170 3224 2353 3296 κῶμεν
2384 3223 2516 3296 (11).
2553 3226 2619 3279 Ὃ
2644 3224 2701 3279 δὲ
2730 3220 2910 3292 εἶπεν,
2939 3224 3029 3280 ὅτι
3055 3225 3253 3281 πολλὰ
3290 3227 3364 3281 τὰ
3398 3227 3578 3283 τέκνα
3616 3225 3728 3296 τῆς

581 3364 628 3398 ⁸⁸
648 3364 751 3418 lsa.
782 3376 892 3427 Liv,
920 3360 969 3416 1.

1811 3493 2169 3550 VARIORUM
2206 3492 2438 3548 NOTIE.

584 3635 659 3707 (5)
710 3635 822 3707 Καὶ
868 3633 984 3685 ὅσα
1116 3630 1342 3707 παθεῖν.
1368 3630 1556 3707 _Ma_llet
1584 3631 1724 3707 Birt;
1759 3632 1964 3707 παθών.
1997 3633 2069 3687 Et

500 3700 668 3775 quam
695 3704 864 3758 multa
913 3704 1193 3775 patienter_
1219 3703 1402 3756 tulerit
1442 3700 1598 3757 Iesus
1643 3701 1905 3766 Christus.
1951 3720 2069 3775 cum

510 3770 701 3846 passus
729 3784 805 3846 est
830 3770 922 3840 pro
947 3772 1123 3846 nobis.
1143 3770 1342 3846 ξιιμ..-

585 3844 658 3914 (4)
699 3842 1091 3914 Πόσατῴσεα.
1141 3840 1274 3914 Fell.
1312 3842 1437 3914 jam
1483 3852 1769 3899 monuerat
1822 3858 1887 3897 ex
1932 3844 2065 3914 iAct.

514 3910 755 3979 ιιιιζυ,
795 3912 997 3967 eximia
1024 3910 1189 3964 David
1240 3927 1271 3965 a
1311 3910 1423 3966 Deo
1467 3915 1735 3980 promissa
1777 3913 2060 3978 beneﬁcia,

504 3983 621 4038 dici
664 3984 811 4037 illius
848 3981 969 4034 ὅσια
1011 3980 1079 4033 τὰ
1123 3981 1321 4045 πιστά,
1359 3982 1585 4050 ejusque
1625 3984 2065 4039 observationem

511 4052 711 4108 exinde
761 4051 863 4105 viri
918 4050 1063 4105 docti
1121 4054 1440 4120 probarunt.
1509 4051 1647 4106 Hinc
1679 4054 1839 4107 vertit
1869 4054 2061 4109 Birr.:

513 4124 654 4191 Quot
691 4139 808 4177 vero
850 4123 962 4188 ejus
1009 4120 1292 4174 clementia:
1332 4121 1577 4190 beneﬁcia
1621 4134 1830 4191 accepta
1877 4124 2062 4191 referi-

498 4195 676 4248 mus?
706 4192 837 4258 Quae
877 4206 1008 4245 sane
1052 4191 1310 4244 beneﬁcia
1356 4192 1611 4261 deinceps
1644 4192 1701 4247 S.
1732 4193 1890 4248 Pater
1927 4209 2062 4249 enu-

511 4271 705 4318 merat.
740 4262 895 4316 Haud
926 4260 1158 4315 absimili
1191 4276 1369 4330 sensu
1390 4269 1684 4330 usurpatur
1708 4278 1811 4317 vox
1844 4265 1964 4316 ὅσια
2007 4265 2065 4317 in

512 4331 738 4403 Constit.
772 4340 941 4403 apost.
980 4332 1074 4385 lib.
1105 4345 1164 4403 lt.
1188 4329 1421 4403 capilli
1450 4351 1463 4386 :
1602 4331 1840 4403 τοιοῦτος
1875 4334 2065 4403 ἄφεσιν

510 4404 610 4473 οὐχ
623 4400 752 4473 ἕξει,
771 4400 1017 4473 κᾶνλέγῃ
1034 4402 1159 4473 παρ’
1180 4400 1372 4473 ἐαυτῷ,
1394 4401 1553 4455 Ὀσιά
1576 4420 1661 4472 μοι
1684 4402 1890 4469 γένοιτο
1911 4400 1935 4454 ε*
1948 4402 2065 4473 ιι-

503 4471 742 4595 Ῐιιέἠιζιοιζὶ
770 4472 917 4594 viauia
956 4472 1184 4535 carebit,
1219 4471 1336 4524 licet
1367 4488 1541 4526 secum
1576 4473 1684 4540 ipse
1713 4473 1896 4528 dicat:
1927 4472 2066 4528 Bene

512 4558 564 4595 m
623 4559 639 4594 t
669 4550 757 4595 sit.
822 4557 875 4594 ι).

512 4542 641 4595 mihi
669 4543 757 4596 sit.
798 4542 875 4594 In.

584 4612 661 4682 (5)
699 4609 805 4666 Seu
841 4610 1128 4682 spiritalia,
1158 4610 1349 4679 supple
1391 4626 1628 4666 munera.
1669 4610 1797 4682 Mox
1825 4613 1969 4667 enim
2001 4614 2070 4669 de

510 4680 633 4736 luce
680 4681 920 4749 spiritali
969 4680 1229 4749 loquitur,
1267 4688 1325 4733 ut
1366 4682 1609 4736 subnexa
1652 4680 1867 4737 docent.
1923 4683 2071 4749 Quo-

510 4752 658 4805 circa
676 4748 1007 4805 Vendelinus
1036 4748 1329 4805 Clementis
1362 4758 1594 4805 mentem
1619 4752 1840 4807 minime
1859 4753 2071 4808 videtur

496 4828 798 4877 assecutus
832 4820 934 4873 hac
957 4820 1208 4874 versione
1236 4836 1249 4871 :
1280 4820 1548 4886 Quantam
1582 4838 1698 4875 vero
1741 4824 1790 4877 ei
1829 4822 2069 4878 debemus

510 4891 916 4945 sanctimoniam
942 4892 967 4944 ?
987 4890 1187 4944 Cousr.

583 4962 659 5033 (6)
703 4961 940 5033 Ποῐουν.
985 4958 1294 5033 Legendum
1342 4959 1701 5033 jubetiWott.
1759 4964 1908 5015 ποῖον
1953 4958 2066 5017 οὖν.

720 5032 773 5119 in
804 5032 1183 5119 super.nepi_st.
1215 5045 1336 5100 cap.
1362 5031 1449 5085 50.
1485 5032 1588 5091 Ms.
1611 5033 1831 5089 exhibet
1858 5034 2069 5101 ’Δγίουν

507 5116 611 5170 pro
644 5102 819 5169 Ἁγίου
848 5098 961 5155 οὖν.
989 5098 1159 5170 (ἔξει.
1283 5098 1299 5100 ν
1600 5142 1605 5167 ς
1884 5146 1887 5149 λ

580 5172 657 5242 (7)
699 5168 1005 5243 Δώσωμεν.
1054 5168 1131 5225 lla
1178 5186 1245 5225 ex
1284 5185 1388 5226 ms.
1415 5170 1587 5227 Wott.
1618 5170 1778 5243 Editi,
1807 5171 2066 5243 δώσομεν.

498 5241 644 5308 Quae.
674 5250 853 5296 autem
886 5241 1066 5297 statim
1107 5249 1431 5311 sequuntur,
1460 5243 1540 5297 sic
1566 5244 1728 5296 vertit
1749 5242 1867 5297 Cot.
1894 5259 1909 5298 :
1941 5241 2072 5311 iner-

501 5312 683 5367 cedem
728 5312 1164 5379 compensationis
1210 5328 1389 5365 eorum
1429 5329 1545 5382 qua:
1596 5314 1905 5380 accepimus.
1973 5310 2072 5366 Ve-

508 5398 652 5445 rum,
704 5390 764 5436 ut
813 5389 997 5436 monet
1056 5382 1274 5445 Coust.,
1328 5382 1457 5436 dum
1500 5383 1618 5451 ipse
1672 5383 1865 5437 litterae
1906 5389 2067 5436 tenax

508 5466 631 5507 esse
659 5452 795 5519 vult,
826 5451 1123 5507 Clementis
1154 5454 1478 5506 sententiam
1510 5468 1619 5505 non
1655 5452 1855 5507 reddit.
1892 5451 2070 5506 Vertit

508 5518 794 5643 Vendeliii.
810 5523 897 5576 τοι
919 5520 1279 5575 retributionis
1311 5521 1594 5577 mercedem
1617 5522 1679 5575 ob
1700 5539 1763 5576 ea
1780 5538 1897 5593 qua:
1918 5538 2069 5575 acce-

508 5606 699 5643 mmus.
760 5609 812 5643 ο.

544 5608 699 5646 imus.
736 5608 812 5646 ID.

497 5606 1061 5732 φ’ῗῶ⁶’ἆῖιρρι...τῇ
1091 5661 1341 5732 διανοίᾳ.
1395 5660 1569 5716 Mente
1613 5661 1829 5732 debiles,
1885 5662 1957 5732 id
1986 5668 2071 5715 est

496 5730 650 5795 claci.
703 5731 793 5784 Sic
832 5730 970 5785 Birr.
998 5746 1065 5802 ex
1094 5731 1497 5802 Gloss.iCyrill.
1530 5740 1583 5786 et
1621 5731 1853 5801 Hesych.
1901 5730 2071 5799 quue

494 5803 845 5871 conﬁrmant
869 5816 990 5872 qua:
1027 5801 1096 5856 de
1136 5801 1333 5856 mentis
1357 5801 1626 5856 humana:
1661 5802 1911 5857 tenebris
1943 5815 2067 5855 mox

2172 3634 2358 3689 subdit
2385 3633 2444 3690 S.
2476 3633 2654 3689 Pater.
2698 3632 2775 3691 In.

2245 3704 2321 3775 (9)
2354 3706 2655 3771 Ἔχοντες.
2696 3702 2855 3775 Forte
2890 3705 3120 3775 ἔχοντας.
3172 3703 3464 3775 Sequentia
3496 3719 3646 3769 vero,
3675 3708 3726 3761 et

2216 3773 2372 3846 ὴτὴν
2403 3773 2719 3844 παρ“αύτοῦ
2750 3773 3160 3831 vertitVendel.
3184 3773 3373 3843 pra’ler
3432 3791 3553 3827 uam
3584 3792 3615 3828 a
3648 3792 3722 3832 se.

2169 3792 2323 3899 11η-
2352 3843 2450 3897 Hic
2481 3853 2665 3899 auerte
2711 3846 2877 3898 tradit
2917 3845 3192 3899 Clemens.
3221 3845 3364 3899 quod
3388 3791 3722 3899 Xuaustinu:

2172 3843 2450 3899 lin—Hic
2481 3843 2665 3913 aperte
2711 3846 2877 3898 tradit
2917 3845 3192 3910 Clemens,
3221 3845 3364 3915 quod
3388 3843 3726 3915 Augustinus

2172 3924 2377 3994 postea
2411 3913 2665 3994 frequens
2712 3914 2920 3994 docuit,
2951 3926 3175 3970 vocatos
3204 3932 3337 3994 .nos_
3375 3930 3403 3967 a
3436 3913 3568 3994 Deo,
3598 3930 3724 3969 cum

2171 3984 2321 4038 nulla
2365 3984 2419 4037 in
2446 3984 2603 4037 nobis
2635 3985 2846 4049 merita,
2884 3987 2994 4041 imo
3020 3994 3076 4040 et
3107 3986 3278 4039 multa
3306 3985 3568 4039 demerita
3599 4000 3727 4039 cou~

2173 4054 2461 4105 snexisset.
2492 4052 2697 4105 Corsr.
2734 4072 2744 4091 ι

2173 4061 2461 4109 soexisset.
2492 4061 2697 4107 UOI'ST.
2734 4072 2744 4091 ‘

2206 4070 2461 4124 pexlsset.
2492 4070 2697 4107 uorsr.
2734 4072 2744 4091 ι

2238 4124 2348 4194 (10)
2377 4122 2720 4194 Ἐαέάλεσεη
2748 4140 2803 4194 κὲ
2824 4140 2872 4176 τ.
2896 4122 2943 4176 λ.
2971 4123 3070 4178 Hic
3100 4125 3236 4179 forte
3264 4123 3497 4193 respexit
3524 4122 3583 4194 S.
3602 4123 3726 4179 Cle-

2169 4190 2322 4263 mens
2354 4190 2422 4244 ad
2450 4191 2608 4263 l_lom.
2644 4208 2717 4256 tv,
2738 4192 2805 4247 17
2831 4209 2847 4248 :
2870 4190 3445 4256 Θεοῦ...καλοῦντος’τὰ
3476 4193 3549 4263 μὴ
3575 4193 3722 4256 ὄντα,

2168 4263 2243 4326 ὼς
2277 4262 2423 4316 ὄντα.
2457 4260 2563 4333 Seu
2597 4265 2786 4333 potius
2813 4263 2931 4333 ejus
2964 4266 3125 4319 verba
3154 4260 3562 4333 accipienda'de
3600 4279 3728 4333 gen-

2171 4334 2307 4385 tium
2336 4331 2620 4386 vocatione
2655 4333 2720 4385 ad
2764 4331 2942 4398 ﬁdem,
2975 4334 3131 4402 juxta
3174 4331 3306 4387 illud
3352 4332 3584 4402 Osee“.
3612 4331 3721 4396 ⁷24,

2172 4403 2241 4455 ab
2263 4402 2522 4472 Apostolo
2564 4401 3075 4472 usurpatum‘Rom.
3114 4420 3190 4467 ιι,
3222 4403 3292 4457 25
3322 4418 3336 4453 :
3370 4401 3593 4455 Καλέσω
3633 4402 3724 4455 τὸν

2172 4469 2390 4543 οὐγλαόν
2424 4488 2543 4542 μου,
2574 4469 2847 4543 Mdv—p.09.
2870 4469 3039 4526 GALL.

2238 4541 2960 4612 (11))Εγκαξιῶμεὴϐοιοι.
2992 4543 3211 4612 Amavult
3240 4541 3581 4612 ἐκκακῶμεν.
3621 4543 3723 4598 Cui

2168 4610 2534 4665 emendationi
2550 4610 2729 4665 favent
2744 4610 2903 4666 Cout.
2919 4623 2970 4666 et
2988 4610 3127 4666 Birr.
3151 4620 3343 4666 contra
3355 4610 3722 4667 ColOmesium

2167 4688 2224 4736 et
2250 4680 2589 4746 Wottonum,
2636 4697 2738 4736 ms.
2782 4682 3067 4736 lectionem
3096 4682 3411 4736 retinentes.
3456 4684 3624 4736 GALL.
3654 4713 3725 4723 —

2174 4750 2285 4816 Τὰς
2313 4752 2655 4819 προσευχὰς
2682 4750 2847 4819 ἡμῶν
2872 4750 3075 4816 ἁπλῶς
3102 4749 3415 4819 ἀναφέρειν
3442 4753 3591 4818 πρὸς
3619 4752 3723 4805 τὸν

2169 4822 2336 4885 Θεὸν,
2380 4820 2487 4890 μὴ,
2517 4822 2596 4886 ὡς
2628 4824 2688 4873 al
2738 4820 3054 4874 ὠδίνουσαι
3078 4859 3093 4883 ,
3140 4821 3495 4889 ἐγκακῶμεν.
3542 4820 3724 4876 Verbo

2167 4892 2420 4957 έγκακεῖν
2451 4907 2581 4946 usus
2618 4892 2795 4944 fuerat
2846 4890 3221 4961 Symmachus
3247 4891 3514 4961 interpres
3554 4890 3720 4944 Num.

2168 4976 2281 5022 xm,
2314 4962 2647 5047 inveneris
2690 4959 3060 5047 évs‘xdxiqosv,‘
3083 4959 3252 5041 quod“
3276 4959 3418 5013 LXX
3437 4967 3725 5047 Lverterant

2168 5032 2555 5101 προσώχθισεν.
2581 5029 2799 5084 Praetuli
2835 5029 3014 5084 tamen
3044 5029 3385 5099 ὲκκακῶμεν,
3404 5030 3472 5083 ob
3503 5045 3645 5085 vers.
3668 5030 3719 5092 1,

2167 5113 2290 5169 cap.
2340 5117 2469 5155 xvm
2508 5100 2669 5170 Luca:
2711 5100 3076 5170 evangelista,
3100 5115 3208 5170 quo
3232 5099 3540 5169 respexisse
3576 5100 3724 5170 vide-

2168 5116 2290 5169 cap.
2340 5117 2469 5155 xvm
2508 5116 2669 5155 Luca:
2711 5116 3076 5170 evangeuswz,
3100 5116 3208 5222 auo
3232 5116 3540 5169 respeXIsse
3576 5116 3723 5154 Viae-

2168 5170 2544 5243 turClemens,
2563 5169 2713 5238 έλεγε
2750 5171 2805 5243 δὲ
2834 5170 2925 5243 καὶ
2952 5187 3100 5243 παρα
3138 5170 3264 5243 ολῂν
3290 5171 3471 5243 αὐτοῖς
3501 5169 3637 5243 προς

2166 5238 2531 5322 δεῖν-πάντοτε
2569 5237 3103 5322 προσεύχεσθαιηκαῆὶ
3249 5237 3721 5322 ὲκκακεῖνηὸιιῐιῌί

2169 5310 2330 5365 modo
2359 5318 2579 5381 propter
2600 5309 3031 5377 verba’Apostoli
3051 5310 3092 5363 E
3135 5309 3248 5364 hes.
3277 5325 3359 5373 ιιι,
3382 5309 3485 5362 15ε
3521 5309 3609 5361 Διὸ
3636 5309 3716 5360 αἰ-

2167 5379 2364 5460 τοῦμαι
2394 5381 2469 5452 μὴ
2499 5382 2753 5460 ἐκκακεῖν
2782 5382 2839 5460 ἐν
2870 5383 2989 5460 ταῖς
3005 5326 3522 5460 θλίιῗεσίῃμουρπὲρ
3542 5377 3716 5447 ὑμῶν,

2170 5448 2411 5505 scribere
2439 5448 2654 5520 oportet
2686 5451 2827 5520 apud
2868 5448 3191 5520 Gregorium
3212 5448 3567 5520 Theologum
3587 5461 3717 5520 ora-

2166 5520 2317 5592 tione
2330 5521 2421 5582 44,
2455 5515 2507 5588 [ἱ.
2543 5520 2643 5573 709
2664 5515 2773 5592 :_Et
2794 5521 2867 5592 μὴ
2910 5515 3247 5592 ὲκῐιακοῦμεν
3267 5520 3323 5592 ἐν
3341 5515 3715 5592 ταίςρλίψεςςι,

2169 5589 2402 5663 sublato
2416 5585 3047 5663 tipographicdjnendo
3069 5585 3437 5663 exuapoﬁptev.
3467 5585 3717 5663 Theodo—

2169 5659 2259 5711 riti
2282 5659 2406 5712 libri
2433 5654 2771 5729 adprazsens
2814 5659 3112 5729 scriptura:
3155 5654 3540 5729 testimonium
3564 5654 3717 5729 Isaiae

2169 5729 2368 5798 LIV/,1,
2400 5724 2611 5782 medica
2653 5744 2816 5782 manu
2845 5724 2985 5785 forte
3028 5730 3297 5798 indigent:
3340 5724 3715 5798 Εὐφράνθητι

2167 5797 2374 5869 στεῖρα
2400 5798 2439 5866 ἠ
2462 5798 2533 5851 οὐ
2557 5798 2861 5874 τίκτουσα.
2881 5801 2955 5853 Οὐ
2984 5798 3090 5870 γὰρ
3110 5791 3364 5867 ἐξικτενή
3400 5791 3714 5865 Ἐκκλησίας
