4100 6278
345 416 471 475 3'53

1450 427 1777 485 EPISTOLA
1822 432 1867 485 Il
1904 430 1994 484 AD
2032 431 2466 488 CORINTHIOS.

3490 438 3593 493 351

345 552 607 622 ἐρήμου,
634 552 872 622 μᾶλλον
902 555 939 624 ἢ
972 557 1081 625 τῆς
1105 558 1366 628 ἐχούσης
1403 562 1511 615 τὸν
1549 562 1768 630 ἇνδρα·,
1811 564 1920 616 ἐπε)

2033 545 2146 614 ejus
2171 563 2287 617 qua:
2314 548 2467 601 habet
2504 548 2709 611 virum;
2750 547 3190 618 quandoquidem
3225 550 3455 619 populus
3490 566 3596 606 no-

349 640 570 713 ἐρημος
602 643 771 697 ἐδόκει
815 640 954 700 εἶναι
986 649 1093 701 ἀπὸ
1119 650 1212 702 τοῦ
1242 650 1375 704 Θεοῦ
1402 655 1430 707 ὁ
1460 653 1586 717 λαὸς
1612 653 1788 724 ἡμῶν,
1817 656 1920 707 νυν)

2033 645 2145 692 ster
2171 638 2284 710 (12)
2319 655 2350 693 a
2381 640 2492 695 Deo
2514 640 2767 696 desertus
2794 654 2916 696 esse
2943 640 3255 708 videbatur;
3299 657 3445 697 nunc
3468 659 3596 700 vero

348 731 413 784 δὲ
462 734 867 800 πιστεύσαντες,
908 739 1149 803 πλείονες
1178 743 1475 815 ἐγενόμεθα
1503 744 1608 797 τῶν
1636 743 1932 798 δοκούντων

351 821 506 893 ἔχειν
537 823 687 878 Θεόν.
722 828 831 880 Καὶ
861 830 1022 901 ἑτέρα
1048 832 1104 883 δὲ
1130 833 1319 905 Γραφὴ
1346 836 1511 904 λέγει,
1546 838 1626 890 ὅτι
1670 839 1789 892 Οὐκ
1820 837 1931 906 ἧλ-

353 917 472 967 θον
513 918 763 971 καλέσαι
802 919 1086 989 δικαίους,
1126 925 1288 979 ἀλλὰ
1326 927 1733 996 ἁμαρτωλούς⁶
1776 931 1931 984 τοῦτο

349 1006 528 1075 λέγει,
560 1010 638 1063 ὅτι
670 1011 749 1064 δεῖ
762 1014 887 1075 τοὺς
915 1014 1312 1086 ἀπολλυμένους
1342 1019 1549 1081 σώζειν.
1598 1021 1797 1073 Ἐκεῖνο
1823 1022 1930 1093 γάρ

352 1101 511 1154 ἐστιν
546 1103 687 1172 μέγα
714 1106 807 1157 καὶ
835 1104 1163 1177 θαυμαστὸν,
1194 1109 1253 1161 οὐ
1299 1108 1367 1162 τὰ
1398 1110 1605 1164 ἑστῶτα
1636 1113 1925 1183 στηρίζειν,

350 1192 497 1245 ἀλλά
525 1194 593 1247 τά
640 1196 933 1250 πίπτονταο
982 1197 1152 1262 οὕτως
1196 1201 1287 1253 καὶ
1331 1203 1358 1253 ὁ
1399 1202 1629 1273 Χριστὸς
1668 1203 1929 1276 ἠθέλησεν

354 1284 536 1337 σῶσαι
565 1284 633 1338 τὰ
648 1286 989 1358 ἀπολλύμενα
1008 1289 1138 1361 (15),
1157 1292 1249 1344 καὶ
1268 1292 1467 1346 ἔσωσεν
1496 1295 1721 1361 πολλοὺς
1738 1298 1925 1365 ἐλθὼν,

351 1377 454 1428 καὶ
486 1377 716 1440 καλέσας
746 1380 889 1450 ἡμᾶς
917 1381 1014 1452 ἤδη
1045 1382 1459 1455 ἀπολλυμένους.

901 1474 1294 1528 ΚΕΦΑΛΑΙΟΝ
1329 1476 1368 1527 Γ
1370 1482 1402 1530 ’.

428 1560 696 1613 Τοσοῦτον
724 1559 817 1616 οὖν
862 1562 1009 1628 ἔλεος
1050 1568 1370 1637 ποιήσαντος
1414 1569 1577 1623 αὐτοῦ
1625 1572 1704 1635 εἰς
1744 1572 1921 1643 ἡμᾶς·

352 1650 576 1722 πρῶτον
606 1656 702 1723 μὲν
731 1656 810 1707 ὅτι
839 1657 997 1727 ἡμεῖς
1014 1656 1062 1710 οἱ
1094 1657 1292 1723 ζῶντες
1321 1664 1431 1725 τοῖς
1460 1666 1672 1734 νεκροῖς
1698 1662 1838 1729 θεοῖς
1865 1667 1925 1720 ού

352 1742 581 1814 θύομεν,
614 1747 707 1798 καὶ
749 1747 810 1799 ού
853 1750 1258 1821 προσκυνοῦμεν
1287 1753 1485 1816 αὐτοῖς,
1520 1754 1654 1807 ἀλλὰ
1684 1754 1925 1827 ἔγνωμεν

350 1833 421 1942 δι’
452 1835 615 1942 αύτοῦ
754 1838 973 1942 Πατέρα
1000 1842 1097 1910 τῆς
1124 1841 1376 1912 ἀληθείας
1397 1860 1410 1873 ·
1431 1845 1564 1915 τίςὴ
1592 1845 1793 1942 γνῶσις
1811 1848 1920 1921 (14)
1952 1886 1994 1942 Β

351 1925 388 1995 ἠ
422 1925 560 1997 πρὸς
598 1926 779 1991 αὐτὸν,
823 1928 855 2000 ἢ
901 1930 961 1983 τὸ
1010 1933 1083 2004 μὴ
1130 1934 1405 2004 ἀρνεῖσθαι
1449 1934 1515 1987 δι’
1562 1930 1623 1988 οὗ
1678 1937 1918 2009 ἔγνωμεν

351 2016 552 2082 αύτόν;
581 2018 741 2088 Λέγει
770 2020 825 2073 δὲ
852 2024 944 2075 καὶ
973 2024 1161 2088 αὐτός’
1203 2026 1310 2080 Τὸν
1351 2029 1805 2097 ὁμολογῆσαν-τά
1844 2048 1921 2100 με

351 2109 612 2164 ἐνώπιον
637 2111 753 2165 τῶν
790 2114 1128 2183 ἀνθρώπων,
1175 2120 1523 2188 ὁμολογήσω
1564 2122 1749 2176 αὑτὸν
1777 2122 1920 2176 ἐνώ-

354 2216 502 2255 πιον
530 2204 632 2256 τοῦ
662 2206 888 2274 Πατρός
908 2224 1047 2275 μου.
1072 2202 1239 2271 Οὗτος
1265 2206 1356 2263 οῦν
1376 2210 1483 2281 (15)
1506 2211 1647 2265 ἐστιν
1674 2213 1703 2266 ὁ
1735 2215 1922 2285 μισθὸς

353 2294 536 2366 ἡμῶν,
570 2296 662 2350 ἐὰν
702 2294 795 2351 οὖν
837 2298 1252 2371 ὁμολογήσωμεν
1295 2302 1359 2355 δι’
1389 2297 1449 2355 οὗ
1489 2300 1791 2375 ἐσώθημεν.
1836 2304 1921 2359 Ἑν

350 2387 461 2439 τίνι
489 2387 543 2439 δὲ
573 2388 730 2442 αὐτὸν
755 2390 1149 2462 ὁμολογοῦμεν;
1181 2393 1238 2445 ὲν
1265 2393 1341 2465 τῷ
1371 2397 1541 2447 ποιεῖν
1570 2395 1605 2448 ἀ
1634 2393 1799 2465 λέγει,
1830 2398 1923 2451 καὶ

355 2478 432 2549 μὴ
481 2478 811 2549 παρακούειν
854 2482 1017 2537 αὐτοῦ
1059 2484 1165 2537 τῶν
1209 2485 1455 2550 ἐντολῶν,
1505 2489 1598 2541 καὶ
1645 2488 1718 2561 μὴ
1765 2488 1922 2559 μόνον

352 2569 586 2639 χείλεσιν
636 2573 796 2625 αὑτὸν
837 2577 1021 2645 τιμᾷν,
1053 2575 1164 2629 ἀλλ’
1193 2576 1252 2640 ἐξ
1279 2577 1404 2649 ὅλης
1444 2577 1694 2650 καρδίας,
1728 2582 1821 2633 καὶ
1863 2580 1923 2646 ἐξ

351 2659 481 2730 ὅλης
507 2662 605 2732 τῆς
634 2662 889 2727 διανοίας.
921 2667 1080 2735 Λέγει
1123 2668 1180 2721 δὲ
1222 2670 1316 2723 καὶ
1357 2670 1414 2722 ὲν
1454 2671 1531 2742 τῷ
1572 2667 1802 2743 Ἡσαΐᾳ·
1861 2672 1922 2726 '0

354 2752 503 2819 λαὸς
531 2752 706 2820 οὗτος
731 2756 854 2822 τοῖς
890 2758 1161 2826 χείλεσίν
1192 2777 1271 2829 με
1312 2758 1480 2830 τιμᾷ,
1525 2764 1564 2831 ἡ
1607 2762 1676 2816 δὲ
1713 2766 1923 2832 καρδία

353 2843 550 2898 αὐτῶν
573 2846 769 2915 πόρῤω
792 2847 1043 2903 ἄπεστιν
1069 2851 1167 2905 ἀπ’
1199 2850 1362 2921 ἐμοῦ.

897 2943 1285 2997 ΚΕΦΑΛΑΙΟΝ
1320 2947 1391 2997 Δ’.

422 3030 514 3101 Μὴ
540 3031 696 3101 μόνον
714 3029 807 3086 οῦν
828 3032 983 3087 αὐτὸν
1014 3035 1263 3107 καλῶμεν
1284 3037 1485 3109 Κύριον
1506 3054 1518 3068 °
1541 3039 1602 3092 οὐ
1633 3039 1741 3112 γὰρ
1768 3042 1924 3098 τοῦτο

356 3119 516 3174 σώσει
538 3123 683 3193 ἡμᾶς
701 3141 714 3153 ·
745 3124 890 3195 λέγει
917 3126 1024 3198 γάρ
1041 3145 1055 3157 ο
1082 3130 1162 3182 Οὐ
1182 3128 1298 3194 πᾶς
1320 3132 1352 3183 ό
1377 3128 1570 3199 λέγων
1583 3149 1707 3200 μοι,
1722 3134 1920 3201 Κύριε,

2031 745 2155 784 cum
2187 732 2519 787 credidimus
2539 774 2553 796 ,
2585 734 2769 803 plures
2813 731 2940 786 facti
2974 747 3164 787 sumus
3193 734 3260 787 iis
3294 734 3389 803 qui
3425 732 3595 790 Deum

2030 820 2231 878 habere
2252 825 2633 879 censebantur.
2683 824 2802 878 Alia
2849 838 3064 893 quoque
3101 821 3383 894 Scriptura
3424 825 3591 880 dicit'

2034 914 2158 969 Non
2190 917 2303 970 ueni
2323 933 2508 971 uocare
2529 918 2727 986 justas,
2760 919 2849 971 sed
2877 926 3169 985 peccatores
3190 917 3264 972 ⁸⁹ε
3290 917 3394 971 hoc
3430 916 3589 982 dicit,

2029 1008 2176 1078 quod
2230 1009 2426 1064 debeat
2478 1018 2769 1081 pereuntes
2827 1025 3065 1066 servare.
3124 1008 3262 1063 Illud
3323 1009 3595 1079 siquidem

2029 1114 2284 1170 magnum
2312 1109 2365 1155 et
2395 1101 2712 1157 admirabile
2737 1110 2854 1169 est,
2888 1118 2994 1156 non
3050 1100 3242 1155 fulcire
3270 1116 3392 1171 quae
3423 1108 3591 1166 stant,

2030 1191 2125 1245 sed
2170 1208 2293 1262 quae
2335 1193 2557 1248 cadunt.
2609 1192 2702 1247 Sic
2748 1201 2801 1248 et
2845 1194 3098 1249 Christus
3156 1209 3376 1248 servare
3424 1194 3595 1261 voluit

2029 1285 2337 1352 pereuntia,
2376 1295 2425 1340 et
2461 1287 2664 1340 multos
2707 1287 2944 1341 servavit
2985 1287 3113 1341 dum
3145 1286 3313 1352 venit,
3355 1286 3594 1357 dumque

2029 1392 2129 1431 nos
2150 1377 2260 1446 jam
2292 1387 2582 1447 pereuntes
2609 1380 2842 1433 vocavit.

2624 1471 2853 1527 CAPUT
2905 1469 2994 1528 Ill.

2097 1562 2232 1617 Cum
2264 1563 2431 1633 igitur
2462 1570 2671 1617 tantam
2697 1564 3130 1619 misericordiam
3155 1579 3283 1634 erga
3339 1580 3440 1619 nos
3474 1566 3594 1635 ipse

2027 1653 2249 1710 fecerit:
2283 1656 2459 1724 primo
2485 1656 2729 1725 quidem,
2763 1657 2909 1725 quod
2940 1672 3042 1711 nos
3071 1657 3163 1727 qui
3198 1656 3451 1721 vivimus,
3483 1658 3592 1712 diis

2025 1749 2255 1817 mortuis
2279 1762 2386 1802 non
2418 1749 2927 1811 sacriﬁcamus,nec
2939 1748 3334 1804 adoramuseos
3349 1768 3362 1814 ;
3384 1750 3477 1804 sed
3496 1766 3594 1819 per

2026 1838 2226 1907 ipsum,
2258 1840 2611 1909 cognovimus
2641 1840 2884 1894 veritatis
2910 1838 3122 1894 Patrem
3150 1860 3161 1894 :
3204 1855 3450 1909 quamam
3507 1850 3594 1895 est

2022 1931 2225 2001 agnitio
2258 1932 2323 1985 ad
2355 1933 2612 1994 eum,nisi
2628 1940 2687 1986 ut
2710 1949 2821 1987 non
2845 1948 3100 2001 negemus
3124 1933 3295 1995 illum,
3322 1948 3417 2002 per
3430 1949 3593 2003 quem

2023 2023 2341 2092 agnovimus
2356 2039 2478 2078 eum
2492 2024 2614 2077 ?Ait
2634 2041 2761 2079 vero
2772 2024 2934 2079 etiam
2954 2024 3090 2093 ipse:
3112 2024 3216 2091 Qui
3232 2041 3312 2078 me
3321 2025 3593 2093 confessus

2022 2116 2179 2183 fuerit
2203 2117 2257 2169 in
2287 2126 2560 2185 conspectu
2587 2117 2871 2181 hominum,
2905 2117 3187 2183 conﬁtebor
3208 2118 3377 2186 ipsum
3392 2118 3447 2170 in
3468 2134 3593 2171 con-

2020 2218 2195 2275 spectu
2215 2208 2393 2261 Patris
2424 2210 2523 2262 mei
2553 2210 2619 2264 ⁹⁰.
2664 2207 2789 2263 Han:
2817 2217 2902 2263 est
2925 2210 3108 2278 itaque
3141 2224 3353 2265 merces
3376 2216 3588 2271 nostra,

2023 2299 2070 2353 si
2094 2299 2311 2369 quidem
2335 2300 2693 2355 conﬁtcamur
2710 2315 2834 2356 eum
2861 2315 2956 2369 per
2978 2315 3135 2369 quem
3156 2300 3356 2355 servati
3375 2315 3590 2357 sumus.

2023 2388 2082 2445 In
2120 2406 2357 2461 quonam
2415 2399 2594 2447 autem
2655 2393 2807 2446 illum
2866 2376 3592 2448 conﬁtebimur?Faciendo

2022 2500 2143 2554 quae
2170 2484 2323 2550 dicit,
2361 2493 2415 2540 et
2450 2486 2706 2540 mandata
2742 2486 2891 2541 illius
2936 2501 3047 2541 non
3103 2486 3438 2556 spernendo;
3489 2502 3591 2541 nec

2024 2576 2199 2631 solum
2232 2576 2392 2631 labiis
2417 2592 2539 2633 eum
2569 2578 2914 2643 honorando,
2945 2576 3041 2633 sed
3070 2592 3138 2633 ex
3168 2584 3281 2632 toto
3305 2578 3469 2633 corde
3489 2618 3502 2643 ,
3536 2590 3592 2633 et

2024 2683 2090 2721 ex
2118 2675 2229 2720 tota
2260 2667 2623 2722 mente.Dicit
2653 2670 2854 2739 quippe
2880 2670 2935 2723 in
2987 2668 3160 2724 Isaia:
3202 2669 3441 2738 Populus
3492 2672 3593 2725 iste

2026 2760 2181 2814 labiis
2213 2776 2292 2812 me
2328 2760 2555 2813 honorat
2582 2778 2601 2814 :
2636 2776 2745 2815 ‘cor
2793 2770 2967 2814 autem
2994 2776 3175 2814 eorum
3208 2760 3358 2831 longe
3383 2760 3529 2815 abest
3556 2779 3591 2817 a

2024 2869 2104 2906 me
2134 2853 2199 2906 ⁹¹.

2619 2940 2847 2998 CAPUT
2883 2935 2974 2999 iV.

2091 3035 2209 3090 Non
2234 3035 2396 3090 modo
2449 3034 2614 3107 igitur
2660 3036 2838 3105 ipsum
2868 3050 3127 3093 vocemus
3165 3036 3486 3103 Dominum;
3532 3038 3591 3093 id

2022 3130 2168 3184 enim
2199 3144 2310 3183 non
2341 3129 2572 3184 salvabit
2598 3143 2728 3195 nos;
2778 3128 3047 3198 siquidem
3090 3128 3201 3183 ait:
3258 3128 3383 3182 Non
3418 3132 3588 3184 omnis

356 3214 551 3281 Κύριε,
572 3215 926 3282 σωθήσεται,
944 3220 1104 3273 ἀλλὰ
1121 3223 1155 3274 d
1173 3220 1357 3275 ποιῶν
1376 3221 1489 3289 τὴν
1507 3221 1913 3295 δικαιοσύνην.

2021 3222 2108 3293 qui
2130 3220 2256 3275 dicit
2282 3221 2429 3284 milii,
2452 3219 2693 3284 Domine,
2725 3220 2968 3283 Domine,
3009 3219 3332 3283 salvabitur;
3381 3218 3471 3274 sed
3499 3221 3593 3291 qui

357 3304 517 3360 Ὥστε
537 3304 649 3370 οὖν,
672 3309 905 3379 ἀδελφοὶ,
937 3312 994 3364 ὲν
1023 3314 1134 3375 τοῖς
1161 3311 1343 3382 ἔργοις
1363 3313 1520 3367 αὑτὸν
1549 3316 1914 3389 ὁμολογῶμεν,

354 3396 412 3451 ιν
440 3398 516 3469 τῷ
544 3400 761 3470 ἀγαπᾷν
782 3402 973 3466 αὐτοὺς
1005 3402 1134 3475 (16),
1156 3405 1213 3457 ὲν
1242 3406 1317 3476 τῷ
1349 3405 1422 3477 μὴ
1448 3408 1755 3477 μοιχᾶσθαι,
1789 3410 1922 3481 μηδὲ

355 3490 670 3544 καταλαλεῖν
682 3493 941 3565 ἀλλήλων,
962 3495 1091 3567 μηδὲ
1108 3495 1320 3567 ζηλοῦν,
1338 3498 1449 3550 ἀλλ’
1462 3499 1749 3571 ἐγκρατεῖς
1759 3496 1918 3566 εἶναι,

357 3581 667 3653 ἐλεήμονας,
700 3586 935 3655 ἀγαθούς
956 3603 969 3617 ·
1006 3590 1099 3642 κα)⁸
1131 3591 1468 3661 συμπάσχειν
1498 3591 1745 3664 ἀλλήλοις
1774 3594 1923 3661 ὀφεί-

356 3676 540 3747 λομεν,
569 3681 662 3734 καὶ
695 3682 770 3751 μὴ
803 3681 1148 3754 φιλαργυρεῖν
1168 3699 1181 3712 ³
1212 3683 1271 3734 ὲν
1296 3681 1555 3755 τ[ού]τοις
1599 3683 1780 3754 έργοις
1808 3681 1923 3758 (17)

2024 3315 2154 3383 facit
2168 3315 2441 3384 justitiam
2464 3313 2530 3367 ⁸³.
2562 3311 2770 3381 Itaque,
2797 3310 3015 3375 fratres,
3036 3312 3092 3364 in
3121 3312 3381 3382 operibus
3406 3312 3585 3381 ipsum

2023 3407 2408 3472 conﬁteamur;
2429 3403 2707 3475 diligendo
2729 3419 2831 3458 nos
2853 3410 3065 3466 mutuo,
3080 3418 3189 3456 non
3206 3403 3588 3466 adulterando,

2021 3514 2198 3570 neque
2218 3496 2574 3554 obtrectando
2605 3496 2858 3559 invicem,
2895 3511 3072 3565 neque
3092 3496 3399 3550 aemulando
3424 3513 3439 3564 ;
3489 3495 3590 3551 sed

2022 3591 2252 3647 vivendo
2276 3591 2329 3645 in
2361 3589 2721 3653 continentia,
2753 3588 3154 3652 misericordia,
3192 3589 3470 3644 bonitate:
3529 3595 3590 3642 et

2021 3683 2402 3755 compassione
2436 3688 2626 3737 mutua
2649 3681 2777 3737 duci
2807 3680 3102 3751 debemus;
3129 3690 3183 3737 at
3212 3697 3319 3737 non
3344 3681 3591 3754 pecuniae

426 3836 471 3869 "
497 3835 688 3893 Matth.
722 3854 802 3906 ιχ,
830 3839 919 3895 15.
993 3840 1040 3872 ⁹⁰
1058 3838 1324 3904 Matth.x,
1349 3840 1437 3897 52.
1515 3841 1557 3873 ⁹¹
1591 3841 1696 3897 lsa.
1763 3861 1912 3909 nix,

2021 3874 2043 3899 ι.
2119 3845 2165 3876 θ’
2196 3843 2389 3899 Matth.
2413 3859 2512 3907 vn,
2554 3841 2645 3896 2i.

1654 3982 2017 4041 VARIORUM
2057 3982 2289 4039 NOTAE.

357 4115 603 4189 εὐσέϐεια
646 4113 834 4189 πάλαι,
867 4117 932 4185 τῇ
962 4113 1033 4189 δὲΔ
1059 4114 1167 4189 τῷν
1204 4115 1434 4189 εἰδώλῳ
1473 4116 1684 4189 δουλείᾳ
1716 4119 1912 4189 προσέ-

352 4187 536 4260 δρευον
557 4204 570 4238 :
588 4191 647 4237 ut
660 4185 995 4260 restituatur,
1011 4186 1044 4256 ἡ
1062 4185 1725 4260 εύσερείας-Ἐκκλησίαοι
1739 4185 1910 4260 προσ-

352 4254 1049 4328 ἡδρευενζᾳιιοᾶ--υιιίηιυιῂ
1082 4256 1299 4328 subibat
1325 4254 1657 4328 Catenajns.
1694 4258 1748 4311 in
1782 4254 1910 4327 pro.

355 4322 565 4395 ph‘etas,
601 4324 737 4395 Bibl.
766 4322 898 4394 Reg.
940 4324 1062 4380 cod.
1092 4324 1219 4378 229.
1253 4324 1391 4381 Cor.
1414 4324 1677 4381 —Vertit
1705 4322 1914 4384 Cotele-

354 4393 489 4455 i'ius,
522 4394 618 4446 hoc
646 4393 792 4457 dicit,
826 4393 998 4463 preces
1032 4404 1239 4449 nostras
1267 4396 1334 4449 ad
1369 4396 1536 4449 Deum
1563 4399 1773 4451 omnino
1799 4437 1813 4461 ,
1854 4408 1912 4452 ut

352 4467 697 4535 parturientes
719 4465 906 4527 solent,
936 4481 1038 4535 non
1062 4463 1369 4535 deﬁciamus
1406 4466 1620 4535 referre,
1639 4467 1912 4522 observat-

355 4533 458 4605 que
481 4533 551 4587 ad
589 4549 760 4605 marg.
787 4535 892 4605 sibi
922 4534 1096 4588 videri
1129 4533 1314 4605 Graece
1345 4533 1632 4605 legendum
1663 4538 1915 4590 ἐκκακῶ-

2011 4133 2172 4190 xvm,
2203 4119 2302 4190 7M:
2336 4115 2506 4190 τξίλθε
2532 4118 2642 4190 γὰρ
2670 4119 2699 4172 ὁ
2738 4116 2867 4181 Υἱὸς
2900 4116 2994 4169 τοῦ
3024 4114 3311 4186 ἀνθρώπου
3342 4116 3591 4174 σῶσαιτδ

2015 4189 2309 4251 ἀπολωλός.
2344 4187 2515 4243 αλιι..
2610 4187 2621 4190 ⁷
3657 4190 3683 4215 ‘

2089 4258 2202 4329 (14)
2233 4259 2326 4324 Τίς
2354 4259 2393 4326 ἡ
2425 4258 2801 4329 γονῶᾳις,κ.τ.
2833 4256 2888 4329 λ.
2914 4254 3279 4329 Yendeiinus:
3324 4256 3585 4329 Quianam

2016 4324 2116 4384 erit
2172 4324 2355 4382 nostra
2385 4324 2518 4396 Verga
2563 4324 2732 4393 ipsum
2765 4326 3011 4395 agnitio?
3064 4324 3119 4379 Si
3152 4334 3273 4394 post
3317 4327 3385 4377 ad
3415 4327 3588 4394 ipsum

2020 4398 2336 4468 suppleatur
2356 4397 2641 4465 perducens
2665 4403 2757 4449 aut
2777 4396 3092 4465 pertingens,
3112 4396 3318 4465 integra
3330 4396 3435 4449 erit
3456 4412 3587 4450 sen—

2022 4468 2230 4522 tentia:
2264 4483 2329 4521 ac
2358 4477 2506 4521 recte
2534 4474 2922 4534 consequetur,
2956 4474 3013 4518 ut
3053 4474 3340 4535 postquam
3383 4481 3589 4535 cogno-

2022 4539 2201 4592 vimus
2226 4536 2466 4598 Patrem,
2524 4551 2631 4590 non
2686 4551 2946 4604 negemus
2995 4535 3213 4600 Filium;
3247 4536 3373 4604 quia
3404 4538 3589 4592 nullus

356 4595 473 4675 μεν,
506 4595 977 4676 ριζολέγκακῶμεν,
1007 4611 1184 4676 atque,
1225 4595 1559 4676 Clementem
1607 4607 1698 4660 hic
1746 4608 1917 4676 respi-
1948 4595 1994 4651 D
2023 4614 2177 4676 pater
2204 4616 2290 4662 est
2318 4595 2600 4661 sine’ﬁlio.
2645 4604 2743 4659 llic
2759 4595 2939 4659 “locus
2968 4621 3050 4676 ex;
3084 4607 3152 4659 iis
3200 4595 3429 4659 l'oi-sitan
3477 4618 3583 4670 est,

354 4672 475 4748 cere
508 4672 579 4728 ad
622 4672 916 4748 illtld_L_uc.
938 4672 1146 4748 ινιιιζ-
1164 4675 1191 4728 1
1219 4690 1232 4726 :
1264 4676 1383 4727 Δεῖν
1411 4675 1641 4748 πάντοτε
1686 4672 1919 4748 προσεύ-

387 4743 559 4815 εσθαι,
589 4744 682 4796 καὶ
716 4743 787 4815 μὴ
819 4745 1090 4815 ὲκκακεῖνῄ.
1125 4743 1326 4815 Legcre
1355 4752 1440 4799 est
1480 4744 1678 4815 Ephes.
1700 4743 1781 4806 ιιί,
1818 4749 1913 4800 15;

352 4761 559 4866 ﬁscum,
589 4761 682 4796 και
716 4761 787 4815 μη
819 4761 1090 4797 εκκακειν.
1125 4761 1326 4814 Legere
1355 4761 1440 4799 es:
1480 4761 1678 4815 npnes.
1700 4761 1781 4806 ιιι,
1818 4761 1913 4800 1;):

344 4815 442 4895 'ni]
475 4814 729 4895 é‘ac‘xaxeiv
741 4814 807 4892 έν
831 4816 950 4876 ταῖς
967 4813 1183 4895 θλίψεσίν
1210 4831 1311 4895 μου
1332 4852 1346 4877 ,
1393 4823 1449 4895 et
1635 4830 1712 4895 vl,
1745 4816 1777 4869 9
1796 4816 1919 4895 :nTo

351 4883 405 4956 δὲ
424 4882 585 4956 καλὸν
615 4882 892 4956 ποιοῦντες
923 4883 1007 4956 μὴΔ
1025 4882 1367 4956 έκκακῶμεν.
1412 4885 1502 4956 ᾔΑῐν
1533 4882 1762 4956 Paulum
1809 4884 1917 4941 Co-

352 4952 636 5007 lomesium
666 4953 711 5007 si
726 4953 935 5015 audias,
957 4952 1091 5006 nihil
1121 4954 1204 5006 hic
1223 4952 1350 5006 vidit
1373 4954 1583 5009 clariss.
1602 4953 1913 5021 Cotelerius,

353 5037 414 5076 ac
467 5022 638 5076 locum
673 5023 808 5077 hunc
860 5024 1149 5077 rectissime
1186 5024 1462 5077 transtulit
1516 5024 1830 5079 Vendelinus
1860 5027 1915 5082 in

352 5092 736 5163 huncrmodum
760 5114 770 5147 :
791 5092 919 5146 Ha'c
936 5093 1083 5155 dicit,
1113 5102 1168 5146 ut
1190 5095 1451 5148 orationes
1474 5096 1702 5149 modeste
1729 5097 1915 5163 offera-

353 5181 465 5217 mus
482 5162 607 5234 Deo,
634 5175 809 5234 nonut
842 5164 1091 5229 clamose,
1113 5165 1429 5231 parientium
1452 5166 1642 5229 instar,
1666 5162 1914 5234 uocifera-

352 5249 488 5287 mur.
524 5233 824 5301 Dupliciter
863 5242 1043 5287 tamen
1100 5248 1326 5302 peccare
1370 5235 1500 5289 mihi
1534 5236 1749 5290 videtur
1797 5239 1909 5291 haec

350 5304 659 5365 translatio,
684 5306 861 5371 primo
882 5304 1097 5372 quidem
1126 5304 1270 5371 quod
1293 5306 1531 5360 clamare
1558 5305 1717 5360 nobis
1740 5314 1907 5369 vetat,

351 5387 474 5445 cum
507 5373 773 5445 Clemens,
794 5374 969 5445 locum
1025 5372 1178 5445 Isaia
1230 5374 1660 5441 interpretatur,
1706 5378 1763 5430 in
1800 5392 1909 5445 quo

351 5442 586 5525 clamare
615 5444 993 5525 praecipimur:
1006 5443 1215 5525 deinde
1244 5445 1390 5525 qu‘od
1433 5445 1746 5525 antithesim
1809 5442 1908 5525 seu

350 5513 750 5580 oppositionem
787 5513 1042 5576 instituit,
1075 5527 1236 5581 quam
1295 5514 1511 5568 diversa
1565 5518 1905 5571 constructio

351 5584 638 5656 verborum
668 5584 951 5656 ἀναφέρειν
997 5589 1050 5638 et
1092 5583 1413 5654 έκκακῶμεν
1446 5600 1541 5639 seu
1584 5585 1906 5656 ἑγκακῶμεν

353 5666 459 5704 non
488 5654 714 5707 patitur.
748 5654 951 5707 (Iousr.

429 5668 459 5704 n
527 5668 714 5705 amur.
748 5668 951 5707 uousr.

425 5668 534 5790 (lg)
566 5720 644 5791 Ita
687 5722 912 5791 loquens
961 5739 1020 5778 se
1077 5722 1332 5791 gentilem
1376 5724 1602 5791 indicat,
1654 5738 1763 5779 non
1808 5724 1903 5780 Ju-

352 5784 541 5845 daeum.
583 5784 788 5846 Cousr'.

425 5861 535 5927 (15)
562 5858 760 5915 Σῶσαι
808 5862 878 5917 τὰ
908 5864 1314 5931 ἀπολλύμενα.
1354 5862 1559 5919 Alludit
1610 5864 1679 5921 ad
1708 5864 1895 5922 Matth.

2020 4675 2159 4747 quos
2178 4679 2281 4732 sibi
2298 4693 2408 4730 non
2427 4676 2560 4731 satis
2575 4676 2848 4731 cohaerere
2869 4675 3081 4730 censuit
3104 4676 3352 4730 Photius.
3378 4676 3581 4737 ϐοηθεῖ.

2091 4745 2204 4801 (15)
2238 4747 2423 4801 Οὗτος
2451 4746 2562 4799 οὖν
2674 4747 2782 4799 ἐὰν
2812 4746 2942 4800 οὖν.
2990 4745 3251 4801 Disnlicct
3301 4745 3473 4801 Wott.
3492 4744 3581 4799 οὖν

2324 4764 2423 4801 τοο
2451 4762 2562 4799 ουν
2591 4784 2650 4798 ο..
2674 4762 2782 4799 εαν
2812 4762 2942 4800 ουν.
2990 4762 3251 4801 UISDIICCI
3310 4762 3473 4801 γνοιι.
3492 4762 3588 4799 ουν

2036 4745 2052 4747 “
2091 4745 2204 4818 (15)
2238 4747 2423 4812 Οὗτος
2451 4746 2562 4799 οὖν
2674 4747 2782 4799 ἐὰν
2812 4746 2942 4800 οὖν.
2990 4745 3251 4816 Displicet
3301 4745 3473 4801 Wott.
3492 4745 3587 4799 οὖν

2018 4819 2331 4888 repetitum,
2353 4832 2453 4886 pro
2480 4831 2589 4888 quo
2614 4816 2828 4885 reponit
2850 4813 2952 4888 μέν
2969 4817 3051 4888 vel
3067 4817 3248 4870 αὐτόν.
3274 4816 3405 4871 Dav.
3442 4818 3587 4888 mal-

2016 4885 2099 4942 let
2116 4905 2130 4942 :
2173 4887 2266 4939 ἑὰν
2300 4885 2833 4957 συνομολογήσωμεν.
2857 4885 3002 4940 Nihil
3025 4894 3205 4941 autem
3244 4894 3416 4957 mutat
3441 4886 3581 4942 Birr.

2017 4970 2145 5011 cum
2175 4964 2364 5011 notum
2408 4956 2515 5028 sit,
2557 4956 2893 5028 ea’mpvocem
2921 4972 3064 5026 saepe
3111 4956 3424 5028 παρέλκειν,
3482 4972 3586 5028 nec

2015 5042 2142 5081 raro
2190 5043 2288 5097 pro
2317 5025 2822 5107 _'::olvuv,.?roinde’:
2881 5025 3042 5095 poni:
3104 5025 3214 5096 quo
3271 5041 3436 5079 sensu
3488 5026 3584 5080 hic

2017 5095 2235 5167 quoque
2265 5096 2478 5165 adjecta
2511 5097 2746 5150 videtur.
2783 5095 2951 5152 αλιι..
3122 5095 3134 5096 ί

2089 5167 2202 5239 (16)
2246 5168 2351 5239 Ἐγ
2492 5165 2994 5239 ᾀγαπᾷγλαύτούς.
3046 5166 3134 5239 Al.
3167 5165 3348 5239 αὐτόν,
3396 5166 3451 5219 id
3497 5174 3585 5220 est

2015 5235 2238 5308 Κύριον,
2260 5237 2345 5289 Al.
2378 5236 2656 5308 ἀλλήλους.
2681 5236 2765 5308 Al.
2804 5236 3045 5308 ἑαυτούς.
3082 5235 3577 5308 Βὶττζιοιίηθιᾉηιε.

2014 5304 2332 5372 lectionem;
2389 5304 2530 5375 quod
2584 5304 2778 5368 αὐτούς
2823 5307 3141 5375 atquivaleat
3192 5304 3460 5359 Clementi
3500 5306 3582 5375 τῷ

2012 5376 2290 5499 ἀλλὲλους.
2324 5374 2421 5429 Sid
2450 5374 2593 5429 infra
2616 5390 2737 5444 cap.
2771 5377 2867 5429 ult.
2890 5374 3063 5427 ’"O'rav
3102 5375 3349 5444 λαλῶμεν
3402 5374 3582 5437 αὐτοῖς

2012 5447 2111 5499 ἀλή
2150 5463 2266 5499 ειαν
2293 5461 2309 5499 :
2336 5444 2560 5499 Ouando
2574 5446 2838 5498 veritatem
2861 5446 2995 5498 inter
3018 5462 3110 5498 nos
3140 5446 3420 5499 loquimur.
3439 5444 3579 5499 Ouin

2012 5444 2266 5519 ἀλήθειαν
2293 5461 2309 5499 :
2336 5444 2838 5519 Quandoveritatem
2861 5446 2995 5519 inter
3018 5462 3110 5519 nos
3140 5444 3579 5519 loquintueruin

2010 5523 2064 5570 et
2089 5514 2250 5585 epist.
2281 5532 2320 5577 ι,
2363 5515 2604 5586 cap._H-:
2637 5514 3107 5586 Χρηστευσὼμεθα
3136 5516 3336 5576 αὐτοῖς.

2009 5583 2188 5640 locum
2216 5583 2461 5640 consule.
2488 5583 2565 5638 In.

2081 5656 2193 5723 (17)
2224 5656 2328 5709 Ἐν
2354 5656 2583 5718 τούτοις
2596 5652 2809 5723 ἔργοις.
2846 5653 2921 5707 Ex
2938 5652 3108 5710 Wott.
3128 5655 3208 5710 sic
3223 5670 3281 5709 se
3294 5652 3461 5708 habet
3472 5669 3577 5708 ms.

2007 5727 2098 5780 EN
2123 5725 2239 5777 T...
2258 5724 2409 5776 ΤΟΙΣ
2437 5724 2693 5793 ΕΡΓΟΙΣ.
2720 5722 2856 5778 Hinc
2874 5726 3062 5793 procul
3099 5726 3262 5780 dubio
3294 5724 3579 5793 legendum

2006 5798 2070 5851 ad
2086 5796 2239 5850 ﬁdem
2256 5793 2391 5875 cod.‘
2408 5794 2464 5844 ὲν
2492 5792 2634 5875 τ[ού]
2649 5807 2757 5875 τοις
2776 5796 2857 5875 vel
2874 5790 3076 5875 “τ[ριού]
3098 5790 3417 5875 τοιςῌΞργοὶς.
3435 5790 3581 5875 _Editi

2005 5882 2131 5924 vero
2154 5873 2349 5937 praeter
2368 5859 2703 5930 Londinq'év
2733 5882 2790 5917 τε
2826 5859 3182 5934 ἀγσῖθοῖξτοῖς
3205 5859 3401 5937 ἔργοις.
3435 5863 3507 5917 In.

3410 5514 3580 5581 Quem
