4100 6278
492 371 596 425 335

1303 373 1361 427 S.
1404 371 1797 429 CLEMENTIS
1827 374 1846 427 l
1880 371 2047 430 ROM.
2088 371 2286 428 PONT.
2323 368 2550 425 UPERA
2581 366 2906 428 GENUINA.

3612 358 3723 431 εδδ

491 484 820 554 cupiditate;
890 485 1151 555 atquein
1195 486 1317 543 istis
1379 490 1635 558 operibus
1695 488 2055 544 conﬁteamur

2155 486 2501 557 ὁμολογῶμεν
2534 488 2623 541 τὸν
2654 486 2831 559 [Θεὸν]
2850 487 2983 558 (18),
3002 485 3094 539 καὶ
3125 485 3199 556 μὴ
3217 485 3274 537 ἐν
3301 486 3412 547 τοῖς
3427 484 3688 551 ἐναντίοις
3702 504 3723 525 ο

491 573 661 629 Deum
687 592 701 642 ;
734 591 843 630 non
863 584 1044 631 autem
1076 577 1131 631 in
1152 580 1473 635 contrariis:
1510 596 1609 635 nec
1641 579 1863 634 timendi
1894 579 2052 635 nobis

489 677 619 722 sunt
650 666 919 730 homines,
944 669 1037 725 sed
1061 671 1243 740 potius
1270 671 1434 727 Deus.
1487 671 1714 736 Idcirco,
1751 672 1910 727 nobis
1936 672 2052 727 hinc

489 759 839 825 facientibus,
874 760 1011 816 dixit
1032 762 1329 820 Dominus:
1355 763 1415 819 Si
1445 766 1651 835 fueritis
1676 780 1878 832 mecum
1921 780 2050 818 con-

484 853 689 922 gregati
715 854 770 907 in
792 856 914 908 sinu
944 872 1076 921 meo,
1103 864 1154 909 et
1203 872 1306 910 non
1335 856 1563 925 feceritis
1610 856 1867 911 mandata
1909 872 2045 921 mea,

485 944 736 1012 abjiciam
791 963 877 1001 vos
903 985 919 1010 ,
979 956 1027 1000 et
1081 948 1253 1001 dicam
1305 948 1489 1001 vobis:
1545 947 1805 1001 Discedite
1848 965 1882 1001 a
1931 963 2046 1011 me;

485 1035 658 1113 nescio
684 1052 772 1091 vos
806 1036 944 1092 unde
980 1039 1121 1105 sitis,
1160 1040 1387 1107 operarii
1412 1040 1712 1111 iniquitatis
1742 1040 1808 1095 θ’.

1087 1217 1315 1274 CAPUT
1362 1218 1427 1274 V.

555 1304 728 1371 Unde,
763 1306 978 1372 fratres,
1031 1308 1292 1364 derelicto
1339 1310 1527 1363 mundi
1579 1310 1743 1381 hujus
1780 1311 2041 1378 incolatu,

482 1397 748 1455 faciamus
778 1402 1111 1457 voluntatem
1142 1402 1263 1471 ejus
1293 1402 1386 1472 qui
1417 1404 1634 1458 vocavit
1662 1420 1797 1471 nos;
1852 1413 1906 1460 et
1934 1421 2043 1461 non

480 1500 767 1547 vereamur
794 1492 862 1547 de
892 1494 993 1549 hoc
1023 1495 1226 1548 mundo
1249 1496 1418 1549 exire.
1449 1495 1539 1549 Ait
1564 1496 1708 1550 enim
1742 1496 2038 1554 Dominus:

480 1581 650 1637 Eritis
682 1585 817 1639 velut
847 1587 971 1655 agni
1000 1587 1053 1639 in
1083 1586 1251 1640 medio
1275 1587 1537 1657 luporum.
1575 1586 1904 1657 Respondeas
1946 1607 2045 1643 au-

476 1685 583 1729 tem
614 1676 803 1731 Petrus
820 1679 867 1732 ei
888 1678 1051 1733 dicit:
1077 1679 1136 1734 Si
1163 1697 1284 1749 ergo
1316 1681 1427 1749 lupi
1450 1698 1611 1752 agnos
1626 1681 1996 1751 discerpserint
2014 1686 2040 1740 .9

473 1767 525 1798 “
553 1766 705 1821 Dixit
745 1767 901 1823 Iesus
939 1769 1095 1825 Petro
1152 1772 1264 1842 (20)
1299 1789 1314 1828 :
1369 1772 1451 1827 Ne
1505 1773 1721 1827 timeant
1757 1775 1881 1844 agni
1925 1784 2040 1843 post

2157 578 2250 631 καὶ
2268 579 2329 630 οὐ
2345 577 2425 630 δεῖ
2437 579 2469 648 ή
2476 579 2583 649 μᾶς
2597 577 2877 647 φοϐεῖσθαι
2887 578 3011 640 τοὺς
3026 574 3121 629 ἀνθ
3128 575 3343 646 ρώπους
3354 575 3573 646 μᾶλλον,
3590 579 3727 636 ἀλλὰ

2151 670 2242 723 τὸν
2274 668 2403 724 Θεόν
2426 668 2555 740 (19).
2590 667 2733 742 Δ[ιὰ]
2753 670 2911 722 τοῦτο
2935 668 3106 723 ταῦτα
3125 670 3157 739 ἡ
3166 668 3278 739 μῶν
3299 666 3723 742 πρασσόν[των],

2151 757 2302 815 εἶπεν
2345 764 2374 815 ὁ
2410 761 2613 833 Κύριος
2631 778 2644 790 ·
2689 761 2828 816 Ἐὰν
2854 760 2960 829 ἦτε
2981 760 3109 829 μετ’
3135 759 3330 830 ἐμο[ὗ]
3360 759 3726 829 συνηγμένα

2149 852 2218 906 ἐν
2244 853 2324 919 τῷ
2350 855 2554 916 κόλπῳ
2589 850 2780 924 μ[ου],
2812 852 2911 905 καὶ
2946 851 3031 920 μὴ
3073 849 3282 918 ποιῆτε
3326 853 3433 917 τὰς
3473 850 3725 921 ἐντολάς

2143 943 2333 1017 μο[υ],
2362 943 2643 999 ἀποϐαλεῖ)
2682 942 2872 1013 ὑμᾶς·
2931 942 3028 994 καὶ
3071 940 3184 1010 ἐρῶ
3225 940 3399 1011 ὑμῖν·
3443 942 3724 1014 Ὑπάγετε

2147 1035 2248 1089 ἀπ’
2288 1036 2454 1104 ἐμοῦ,
2508 1037 2617 1089 οὐκ
2684 1034 2815 1088 οῖδα
2854 1032 3010 1103 ὑμᾶς
3052 1034 3237 1087 πόθεν
3279 1033 3438 1100 ἐστε,
3484 1034 3722 1106 ἐργάται

2148 1127 2415 1196 ἀνομίας.

2669 1227 3064 1282 ΚΕΦΑΛΑΙΟΝ
3102 1226 3178 1280 Ε’.

2219 1319 2397 1383 Ὅθεν,
2430 1319 2665 1390 ἀδελφοὶ,
2695 1318 3117 1388 καταλείψαντες
3148 1318 3246 1391 τὴν
3290 1318 3580 1390 παροικίαν
3623 1318 3719 1371 τοῦ

2146 1413 2347 1484 κόσμου
2379 1412 2588 1471 τούτου,
2608 1413 2919 1483 ποιήσωμεν
2946 1412 3007 1464 τὸ
3035 1411 3244 1483 θέλημα
3270 1410 3363 1464 τοῦ
3395 1410 3719 1474 καλέσαντος

2146 1505 2311 1576 ἡμᾶς,
2356 1505 2451 1558 καὶ
2498 1504 2571 1575 μὴ
2618 1503 2943 1575 φοὸηθῶμεν
2987 1492 3221 1567 ἐξελθεῖν
3269 1503 3333 1555 ἐκ
3373 1501 3466 1553 τοῦ
3514 1501 3717 1572 κόσμου

2143 1597 2351 1650 τούτου.
2384 1595 2544 1664 Λέγει
2573 1595 2681 1666 γάρ
2711 1597 2738 1647 ὁ
2766 1595 2966 1664 Κύριος
2991 1611 3004 1624 ο
3054 1595 3309 1648 Ἕσεσθε
3338 1593 3417 1658 ὡς
3444 1593 3621 1661 ἀρνία
3649 1592 3721 1647 ἐν

2137 1689 2304 1759 μέσῳ
2329 1689 2550 1743 λύκων.
2584 1685 2943 1754 Ἀποκριθεὶς
2961 1685 3028 1738 δὲ
3055 1688 3087 1740 ό
3108 1686 3326 1752 Πέτρος
3345 1683 3504 1749 αὐτῷ
3532 1682 3714 1752 λέγει·

2159 1781 2299 1835 Ἐὰν
2348 1780 2459 1834 οὖν
2501 1777 2993 1847 διασπαράξωσιν
3034 1780 3089 1831 oi
3146 1776 3323 1830 λύκοι
3374 1774 3447 1828 τὰ
3503 1775 3717 1842 ἀρνία;

474 1871 701 1914 mortem
738 1877 892 1915 suam
928 1862 1113 1930 lupos:
1146 1872 1194 1917 et
1211 1880 1298 1918 vos
1326 1864 1486 1920 nolite
1513 1866 1696 1919 timere
1721 1882 1807 1919 eos
1840 1867 1930 1936 qui
1951 1883 2039 1921 oc-

2141 1873 2327 1927 Εῐπεν
2354 1874 2387 1925 ὀ
2428 1870 2663 1939 Ἰησοῦς
2690 1868 2770 1935 τῷ
2798 1868 2997 1937 Πέτρῳ
3014 1885 3027 1898 ’
3063 1867 3160 1935 Μὴ
3207 1867 3619 1936 φοϐείσθωσαν
3645 1868 3717 1921 τὰ

473 1951 655 2005 sidunt
682 1969 792 2016 vos,
831 1964 881 2008 et
910 1952 1091 2026 [post]
1123 1954 1257 2008 nihil
1284 1955 1426 2010 vobis
1459 1966 1677 2024 possunt
1700 1958 1914 2026 facere;
1949 1957 2040 2012 sed

472 2044 651 2098 timete
676 2061 815 2109 eunt,
836 2048 925 2116 qui
947 2058 1222 2117 postquam
1244 2048 1438 2101 mortui
1466 2048 1694 2113 fueritis,
1718 2048 1869 2103 habet
1896 2059 2043 2118 pote-

474 2145 664 2191 statem
715 2138 906 2192 anima:
934 2149 983 2192 et
1037 2141 1293 2207 corporis,
1338 2149 1395 2193 ut
1437 2141 1616 2193 mittat
1650 2141 1703 2195 in
1756 2141 2037 2211 gehennam

473 2229 611 2298 ignis
634 2230 700 2285 ".
726 2229 791 2285 Et
820 2230 1037 2294 scitote,
1060 2231 1280 2296 fratres,
1305 2232 1450 2301 quod
1468 2233 1833 2303 peregrinatio
1857 2235 2039 2291 carnis

473 2319 640 2390 hujus
666 2320 719 2375 in
742 2321 848 2377 hoc
867 2322 1091 2387 mundo,
1124 2323 1304 2379 brevis
1333 2332 1419 2379 est
1448 2339 1513 2378 ac
1558 2324 1708 2394 parvi
1738 2326 2036 2395 temporis;

468 2415 765 2482 promissio
796 2424 976 2471 autem
1006 2415 1233 2479 Christi,
1267 2430 1461 2487 magna
1492 2426 1545 2471 et
1570 2416 1903 2474 admirabilis
1930 2427 2036 2482 est,

468 2513 636 2575 atque
670 2508 889 2576 requies
947 2507 1115 2562 futuri
1148 2508 1300 2579 regni
1329 2525 1394 2563 ac
1450 2508 1575 2563 vitae
1610 2515 1845 2564 mternae.
1896 2510 2037 2575 Quid

464 2596 639 2666 igitur
663 2597 932 2663 faciendo,
969 2615 1031 2655 ea
1058 2601 1317 2671 consequi
1345 2601 1666 2670 poterimus,
1703 2601 1810 2656 nisi
1849 2609 2036 2659 sancte

468 2693 729 2760 justeque
764 2691 997 2747 vivendo
1024 2707 1088 2747 ac
1143 2693 1452 2762 operando,
1488 2700 1543 2747 et
1596 2693 1867 2748 mundana
1920 2693 2034 2749 haec

464 2786 731 2850 tanquam
764 2782 941 2837 aliena
972 2784 1231 2853 putando,
1279 2800 1379 2840 nec
1412 2785 1503 2838 illa
1555 2787 2037 2857 concupiscendo?

459 2869 608 2925 ‘Dum
655 2873 799 2928 enim
828 2874 945 2944 ipsa
995 2875 1277 2946 possidere
1323 2878 1787 2948 concupiscimus,
1829 2878 2036 2934 excidi-

459 2976 591 3020 snus
620 2979 652 3018 a
680 2966 764 3020 via
787 2966 957 3037 justa.

2144 1965 2319 2033 ἀρνία
2349 1962 2489 2028 τοὺς
2515 1963 2743 2026 λύκους
2760 1959 2913 2030 μετὰ
2938 1960 3002 2012 τὸ
3034 1957 3358 2013 ἀποθανεῖν
3386 1956 3537 2011 αὐτά
3554 1973 3569 1988 ο
3618 1958 3718 2013 καί

2142 2055 2310 2125 ὑμεῖς
2330 2054 2416 2124 μὴ
2444 2052 2721 2123 φοϐεῖσθε
2747 2051 2890 2117 τοὺς
2920 2050 3386 2115 ἀποκτείνοντας
3414 2048 3588 2120 ὑμᾶς,
3617 2048 3719 2103 και

2134 2146 2329 2218 μηδὲν
2348 2145 2489 2216 ὑμῖν
2516 2143 2888 2213 δυναμένους
2900 2141 3286 2206 nats-7r,de
3311 2141 3585 2211 φοϐεῖσθε
3609 2140 3721 2196 τὸν

2134 2240 2285 2309 μετὰ
2310 2239 2374 2292 τὸ
2403 2235 2725 2293 ἀποθανεῖν
2741 2232 2915 2304 ὑμᾶς,
2946 2234 3163 2303 ἔχοντα
3190 2233 3478 2297 ἐξουσίαν
3505 2230 3717 2302 ψυχῆς

2134 2332 2232 2385 καὶ
2259 2330 2528 2399 σώματος
2547 2367 2560 2391 ,
2592 2327 2697 2381 τοῦ
2722 2324 2941 2391 ,βαλεῖν
2969 2328 3057 2390 εὶς
3093 2324 3348 2394 γέενναν
3374 2325 3579 2392 πυρός.
3603 2324 3716 2379 Καὶ

2133 2423 2447 2492 γινώσκετε,
2466 2420 2703 2488 ἀδελφοὶ,
2726 2419 2807 2471 ὅτι
2838 2419 2871 2488 ἡ
2888 2416 3152 2488 ἐπιδημία
3175 2419 3231 2469 ἐν
3247 2416 3324 2487 τῷ
3338 2415 3526 2487 κόσμῳ
3540 2418 3714 2487 τούτῳ

2132 2516 2230 2585 τῆς
2255 2512 2454 2584 σαρκὸς
2482 2511 2685 2582 ταύτης
2720 2509 2891 2581 μικρά
2930 2510 3077 2561 ἐστιν
3118 2508 3211 2562 καὶ
3257 2508 3635 2580 ὀλιγοχρόνιος,
3678 2509 3713 2579 ἡ

2137 2606 2194 2659 δὲ
2239 2604 2539 2673 ἐπαγγελία
2596 2602 2690 2658 τοῦ
2740 2600 2975 2675 Χριστοῦ
3024 2600 3230 2672 μεγάλη
3276 2601 3370 2655 καὶ
3425 2600 3711 2671 θαυμαστή

2139 2699 2307 2761 ἐστιν,
2349 2698 2443 2751 καὶ
2491 2696 2794 2757 ἀνάπαυσις
2835 2694 2937 2764 τῆς
2979 2692 3275 2765 μελλούσης
3307 2691 3579 2762 βασιλείας
3618 2691 3714 2746 καὶ

2139 2788 2283 2859 ζωῆς
2301 2788 2517 2842 αἰωνίου
2540 2786 2669 2858 (2i).
2702 2787 2767 2840 Τί
2796 2782 2886 2839 οὖν
2915 2784 3059 2838 ἔστιν
3086 2785 3415 2856 ποιήσαντας
3442 2782 3714 2853 ἐπιτυχεῖν

2142 2880 2339 2943 αὐτῶν,
2373 2881 2421 2932 εί
2451 2880 2525 2951 μὴ
2556 2879 2616 2931 τὸ
2643 2879 2805 2941 ὁσίως
2833 2876 2943 2949 (22)
2986 2878 3080 2931 καὶ
3120 2876 3339 2939 δικαίως
3381 2872 3715 2945 ἀναστρέφε-

2146 2971 2290 3035 σθαι,
2314 2972 2417 3026 καὶ
2441 2969 2510 3024 τὰ
2553 2968 2790 3041 κοσμικὰ
2836 2968 3007 3022 ταῦτα
3045 2967 3121 3032 ὼς
3147 2966 3398 3039 ἀλλότρια
3440 2962 3713 3037 ἡγεῖσθαι,

460 3058 561 3111 ’καὶ
594 3058 667 3131 μὴ
696 3058 974 3130 ἐπιθυμεῖν
1003 3061 1213 3125 αὐτῶν;
1246 3062 1304 3115 ἐν
1358 3059 1467 3132 γὰρ
1506 3060 1582 3132 τῷ
1637 3060 1922 3132 ἐπιθυμεῖν
1970 3062 2117 3133 ἡμᾶς
2146 3061 2448 3134 κτήσασθαι
2477 3059 2671 3124 ταῦτα,
2709 3042 3137 3131 άποπίπτομῙεν]
3179 3059 3278 3129 τῆς
3323 3056 3443 3111 ὁδοῦ
3486 3056 3585 3128 τῆς
3629 3055 3711 3108 δι-

458 3149 647 3212 καίας.

1076 3241 1305 3298 CAPUT
1337 3242 1425 3298 Vl.

2666 3242 3062 3301 ΚΕΦΑΛΛΙΟΝ
3091 3228 3184 3309 (Γ.

539 3327 683 3383 Dicit
704 3338 884 3386 autem
910 3330 1206 3389 Dominus:
1239 3332 1437 3389 Nullus
1462 3352 1640 3391 servus
1685 3346 1853 3407 potest
1896 3336 2029 3393 duo-

2202 3337 2365 3405 Λέγει
2391 3337 2446 3390 δὲ
2473 3339 2501 3390 ὁ
2533 3336 2736 3409 Κύριος
2753 3354 2766 3367 ·
2803 3335 3010 3401 Οὐδείς
3036 3334 3268 3401 οἰκέτης
3292 3331 3537 3386 δύναται
3564 3329 3712 3386 δυσὶ

467 3421 564 3476 bus
588 3421 815 3477 dominis
846 3426 1036 3479 servire
1056 3426 1121 3482 ".
1167 3426 1225 3480 Si
1251 3442 1352 3481 nos
1381 3427 1632 3483 volumus
1660 3438 1714 3484 et
1757 3429 1865 3484 Deo
1916 3447 2031 3485 ser-

2138 3428 2360 3495 κυρίοις
2391 3426 2772 3501 δουλεύε[ιν].
2832 3426 2955 3480 Ἐὰν
3000 3427 3157 3496 ἡμεῖς
3187 3423 3425 3495 θέλωμεν
3466 3422 3559 3476 καὶ
3588 3421 3710 3493 Θεῷ

466 3516 574 3569 nire
615 3525 665 3569 et
682 3532 962 3583 mamonae,
1005 3518 1196 3573 inutile
1215 3518 1374 3575 nobis
1393 3528 1496 3575 est.
1518 3520 1653 3575 Nam
1670 3539 1785 3592 qua:
1802 3524 2030 3587 utilitas,

2138 3518 2448 3591 δ[ουλ]εύειν
2479 3520 2573 3574 καὶ
2596 3521 2829 3591 μαμωνᾷ
2850 3518 2982 3591 (25),
3012 3517 3112 3572 ἀσύ
3122 3514 3371 3588 μφο[ρ]ον
3392 3516 3521 3586 ἡμῖν
3540 3515 3707 3569 ἐστιν.

465 3608 516 3661 si
536 3609 653 3679 quis
686 3611 984 3665 uniuersum
1016 3611 1269 3666 mundum
1298 3612 1548 3678 lucretur,
1584 3616 1817 3668 animam
1856 3626 2031 3670 autem

2140 3612 2200 3665 Ti
2227 3611 2336 3685 γὰρ
2366 3612 2430 3664 τὸ
2461 3611 2701 3680 ὄφελος,
2731 3611 2840 3665 ἐάν
2867 3629 2956 3676 τις
2986 3610 3091 3663 τὸν
3120 3609 3265 3662 ὅλον
3307 3607 3537 3676 κόσμον
3575 3624 3710 3675 κερ-

466 3696 777 3757 detrimento
791 3703 981 3772 aﬂiciat
995 3704 1077 3757 ’7?
1098 3702 1268 3759 Porro
1289 3704 1392 3758 hoc
1414 3706 1671 3759 sazculum
1703 3715 1757 3762 et
1787 3708 2028 3761 futurum

2138 3704 2314 3774 δήσῃ,
2348 3704 2463 3773 τὴν
2488 3704 2556 3757 δὲ
2581 3702 2792 3772 ψυχὴν
2807 3701 3059 3772 ζημιωθῇ
3090 3700 3222 3771 (24);
3256 3699 3440 3753 Ἔστιν
3471 3699 3526 3752 δὲ
3552 3690 3711 3762 οὗτος

468 3800 597 3846 sunt
618 3792 726 3848 duo
756 3794 982 3851 inimici.
1015 3794 1148 3851 lllud
1179 3797 1439 3867 praedicat
1468 3798 1815 3863 adulterium,
1841 3814 2033 3854 corru-

2138 3798 2165 3850 ὁ
2181 3798 2313 3851 αἰὼν
2332 3798 2425 3851 καὶ
2444 3799 2471 3849 ὁ
2504 3795 2710 3866 μέλλων
2738 3794 2831 3847 δύο
2847 3793 3051 3865 ἐχθροί.
3081 3784 3248 3855 Οὗτος
3266 3790 3415 3861 λέγει
3438 3791 3705 3862 μοιχείαν,

467 3884 691 3953 ptelam,
715 3887 999 3941 avaritiam
1023 3896 1077 3943 et
1100 3887 1373 3944 fraudem:
1396 3890 1499 3944 hoc
1520 3906 1650 3945 vero
1673 3892 1796 3946 istis
1825 3908 2022 3947 renun-

2138 3890 2228 3944 καὶ
2271 3889 2497 3961 φθορὰν,
2530 3889 2623 3941 καὶ
2678 3887 3059 3958 φιλαργυρίαν,
3096 3886 3191 3939 καὶ
3221 3885 3433 3956 ἀπάτην
3457 3900 3471 3914 ο
3502 3884 3708 3945 ἐκεῖνος

465 3974 586 4030 tiat.
644 3975 762 4032 Non
821 3994 950 4050 ergo
988 3996 1280 4050 possumus
1322 3982 1605 4036 amborum
1657 3984 1815 4037 amici
1869 4000 2026 4041 esse:

2138 3980 2187 4035 δὲ
2204 3982 2412 4045 τούτοις
2431 3980 2812 4034 ἀποτάσσεται.
2833 3979 2907 4032 Οὐ
2926 3978 3200 4049 δυνάμεθα
3214 3973 3308 4031 οὖν
3327 3977 3433 4030 τῶν
3452 3974 3543 4028 δύο
3562 3972 3706 4043 φίλοι

465 4075 679 4136 oportet
712 4077 892 4124 autem
920 4082 979 4125 ut
1004 4072 1082 4126 illi
1113 4072 1503 4137 valedicentes,
1531 4074 1636 4129 hoc
1659 4083 1897 4129 utamur.
1922 4074 2032 4129 Pu-

2138 4069 2269 4128 εἶναι
2292 4091 2306 4104 ⁸
2337 4074 2416 4127 δεῖ
2441 4074 2497 4127 δὲ
2516 4074 2662 4145 ἡμᾶς
2688 4072 2863 4143 τούτῳ
2888 4071 3329 4143 άποταξαμένους
3359 4068 3548 4138 ἐκείνῳ
3577 4065 3707 4137 χρᾶ-

464 4168 645 4219 temus
679 4165 873 4220 melius
934 4180 1091 4231 esse,
1139 4181 1260 4235 quae
1312 4165 1401 4220 hic
1456 4174 1584 4221 sunt
1637 4166 1855 4231 odisse,
1901 4167 2029 4236 quia

2138 4166 2257 4220 σθαι
2450 4164 2704 4237 Οίώμεθα
2735 4166 2818 4218 ὅτι
2847 4164 3050 4235 βέλτιόν
3085 4165 3230 4217 ἐστιν
3268 4162 3338 4215 τὰ
3381 4159 3563 4214 ἐνθάδε
3608 4171 3701 4226 μι-

463 4268 631 4327 parva
674 4263 728 4313 et
778 4258 957 4329 exigui
993 4258 1255 4328 temporis
1306 4265 1361 4313 et
1401 4258 1744 4329 corruptioni
1790 4259 2029 4316 obnoxia

2138 4260 2316 4331 σῆσαι,
2335 4260 2415 4312 ὅτι
2437 4257 2610 4330 μικρὰ
2635 4258 2728 4311 καὶ
2759 4256 3114 4329 ὀλιγοχρόνια,
3136 4256 3230 4309 καὶ
3258 4251 3497 4324 φθαρτά·
3522 4249 3702 4302 ἐκεῖνα

537 4415 584 4449 ⁸³
612 4416 802 4471 Matth.
844 4433 943 4482 vn,
973 4417 1074 4481 25;
1108 4415 1240 4472 Luc.
1275 4415 1501 4471 xm.27.
1578 4414 1624 4445 ”
1642 4412 1830 4471 Matth.
1861 4431 1917 4479 χ,
1943 4414 2030 4481 16;
2065 4413 2194 4470 Luc.
2222 4432 2277 4481 χ,
2324 4415 2381 4470 5.
2459 4414 2506 4447 ⁸⁵
2524 4412 2715 4468 Matth.
2749 4429 2806 4475 ι,
2836 4412 2925 4479 28;
2955 4410 3089 4466 Luc.
3118 4426 3216 4477 xu,
3244 4406 3300 4472 4,
3320 4406 3372 4461 5.
3437 4404 3483 4436 "
3505 4401 3695 4459 Matth.

464 4501 542 4551 νι,
572 4485 665 4549 24;
695 4487 830 4543 Luc.
859 4504 971 4551 xw,
995 4489 1079 4543 15.
1155 4488 1199 4518 ⁸⁷
1224 4486 1413 4541 Matth.
1438 4502 1549 4549 xvi,
1577 4484 1668 4539 26.

1805 4620 2111 4677 VAlllORU
2123 4617 2170 4672 M
2208 4614 2438 4673 NOTAE.

2196 4774 2307 4838 (22)
2338 4776 2408 4828 El
2429 4772 2515 4843 μὴ
2544 4773 2608 4826 τὸ
2639 4773 2839 4838 ὁσίως.
2868 4771 3021 4842 Legit
3046 4771 3176 4843 Dav.
3210 4770 3258 4823 εἰ
3290 4768 3365 4843 μὴ
3393 4768 3471 4840 τῷ
3497 4770 3678 4836 ὁσίως.

2130 4844 2396 4899 Caeterum
2452 4842 2621 4897 Wott.
2654 4860 2721 4897 ex
2767 4859 2869 4897 ms.
2927 4842 3168 4897 restituit
3219 4842 3421 4903 ὁσίως,
3451 4848 3561 4894 tam
3603 4843 3691 4897 hic

2132 4930 2294 4985 quam
2336 4930 2457 4985 cap.
2499 4913 2531 4967 6
2556 4914 2718 4985 epist.
2752 4913 2811 4985 1,
2839 4912 2930 4985 ubi
2968 4911 3096 4981 Jun.
3146 4926 3269 4985 cum
3304 4909 3466 4985 editis
3503 4920 3701 4985 praeter

2131 4980 2364 5040 Londin.
2398 4980 2559 5038 habet
2580 4980 2757 5047 θείως,
2788 4982 2935 5036 facili
2955 4980 3139 5036 errore
3188 4980 3258 5035 ob
3287 4980 3696 5036 similitudinem

2132 5057 2434 5109 litterarum
2457 5056 2498 5107 Ο
2525 5063 2580 5107 et
2611 5056 2673 5116 Θ,
2714 5069 2778 5107 ac
2812 5054 2852 5106 Σ
2879 5061 2932 5107 et
2958 5052 3017 5105 E.
3056 5050 3223 5106 GALL.

2200 5124 2311 5206 (2'5)
2341 5122 2617 5193 Μαμωνᾷ.
2658 5123 2748 5177 Sic
2777 5139 2883 5205 _ms.
2938 5122 3107 5176 codex
3126 5136 3325 5244 cum;
3350 5120 3604 5200 simplici.
3632 5118 3697 5173 Et

2208 5194 2347 5244 Idem
2380 5204 2547 5244 recte.
2584 5192 2657 5244 lta
2702 5208 2848 5244 enim
2908 5191 3231 5244 Hesvchius.
3311 5190 3488 5244 undas.
3518 5188 3696 5244 Lucas

2128 5188 2347 5266 quidem
2380 5188 2547 5249 recte.
2571 5188 2657 5247 'lta
2702 5196 2870 5266 enim_
2908 5191 3231 5266 Hesychius,
3262 5188 3488 5266 Suidas,
3518 5188 3696 5266 L‘ucas

2127 5259 2182 5321 et
2206 5266 2365 5320 codd.
2398 5266 2643 5334 plerique
2659 5266 2797 5332 apud
2826 5259 3150 5334 Matthaéum.
3180 5261 3254 5334 lta
3280 5261 3518 5330 denique
3544 5259 3693 5334 P_mni

2129 5330 2602 5458 pronuntiarunt:
2637 5330 2710 5388 ita
2744 5334 2951 5404 Syrus,
2979 5333 3137 5400 cujus
3185 5333 3383 5402 lingua:
3428 5345 3531 5385 vox
3565 5330 3692 5384 ista.

2187 5421 2290 5458 ιιι..

2187 5421 2290 5458 ιιι..

2198 5473 2313 5543 (24)
2343 5474 2636 5543 Ζημιωθῇ.
2671 5472 2749 5543 Ita
2790 5473 2924 5529 Mill.
2966 5491 3034 5529 ex
3075 5488 3177 5529 ms.
3219 5478 3281 5524 ut
3316 5469 3457 5543 apud
3499 5466 3687 5543 Matth.

2124 5537 2239 5607 xvi,
2276 5537 2365 5608 26,
2400 5537 2499 5612 pro
2527 5537 2637 5612 quo
2677 5542 2805 5597 Jun.
2837 5559 2964 5599 cum
2993 5546 3180 5605 editis,
3232 5556 3301 5595 ne
3334 5537 3689 5612 Wottoniano

2124 5613 2343 5692 quidem
2386 5609 2633 5692 excepto,
2684 5612 2956 5735 ξηειώσῃ.
3009 5613 3207 5685 Sicque
3253 5609 3536 5683 legendum
3566 5621 3691 5660 esse

2124 5683 2360 5735 coniecat
2395 5691 2553 5734 etiam
2584 5682 2715 5735 Dav.
2798 5698 2920 5735 ιιι..

2124 5682 2360 5746 coniecit
2395 5682 2553 5734 etiam
2584 5682 2715 5735 Dav.
2749 5682 2935 5738 GLLLI'
3117 5682 3135 5685 “
3320 5682 3323 5683 ⁷

2197 5751 2308 5821 (25)
2345 5749 2626 5818 Χρᾶσθω.
2678 5750 2808 5821 Mill.
2858 5761 2914 5807 et
2949 5750 3119 5807 Wott.
3154 5751 3413 5821 exhibent
3464 5762 3533 5803 es.
3574 5758 3682 5801 ως.

2123 5818 2354 5893 χρᾶσθαι
2382 5835 2481 5889 pro
2527 5819 2781 5891 χρῆσθαι,
2812 5822 2959 5895 quod
2981 5824 3181 5879 habent
3205 5818 3354 5877 editi.
3380 5818 3458 5877 in.

534 4783 645 4855 (l8)
680 4783 789 4855 Τὸν
805 4782 968 4836 Θεόν.
987 4780 1232 4855 Articulo
1251 4781 1340 4855 τόν
1366 4796 1526 4850 quem
1551 4780 1745 4835 Junius
1769 4780 2018 4850 praeﬁxit,
2050 4778 2101 4838 l)

459 4850 701 4926 spatium
728 4853 782 4926 i_n
806 4869 909 4907 ms.
936 4868 1044 4926 non
1066 4852 1247 4926 datur.
1268 4850 1429 4926 Μιιι..

534 4925 577 4996 (ί
587 4926 642 4996 9)
664 4922 935 4986 Μᾶλλον,
1151 4921 1255 4996 τόν
1277 4922 1446 4996 Θεόν.
1466 4919 1641 4996 _Wutt.
1672 4920 2024 4996 Boisium_se-

460 4988 664 5082 (ειεξιεεί
698 5001 851 5082 ρυιεξι
902 4988 2025 5082 19!_d?l339“'9-_9§ﬁi9:1-‘Lellﬁgi'ld‘li"

452 5066 666 5138 μᾶλλον
698 5060 730 5135 ἢ
760 5065 869 5117 τόν.
903 5063 1042 5138 Birr.
1069 5072 1246 5138 tamen
1265 5060 1372 5138 non
1392 5060 1920 5138 sollicitandam’ms.
1954 5060 2029 5138 le-

461 5130 701 5192 ctionem
720 5130 1049 5198 contendit:
1088 5150 1106 5182 ι
1134 5131 1224 5184 Sic
1275 5132 1418 5185 enim
1465 5130 1608 5185 fere.
1644 5131 1850 5198 inquit,
1889 5130 2029 5183 infra

458 5221 592 5282 cap.
620 5206 688 5261 10
714 5223 725 5257 :
753 5206 863 5282 καὶ
888 5194 1197 5282 διώξωμενὴ
1225 5200 1422 5282 μᾶλλον
1448 5200 1548 5282 τὴν
1584 5194 1784 5282 ἀρετὴν
1803 5239 1818 5262 ,
1848 5200 1947 5282 τὴν
1975 5198 2030 5282 δέ

462 5244 1146 5343 Ξὲξὶαὶνιέαῗὶίεῖῴὖείἒηῖ
1161 5244 1391 5343 safer
1405 5244 1566 5343 'piéil'e
1585 5244 2031 5343 Ἷιῖέὲίίιᾷυέίὶςιῇῐ

462 5355 587 5399 ante
622 5344 821 5416 μᾶλλον
868 5338 1184 5416 pr'ius._Sic
1218 5341 1395 5416 igitui:
1428 5338 1894 5416 interpungendus
1941 5338 2030 5391 hic

463 5407 644 5470 locus:
676 5415 786 5468 Καὶ
827 5407 888 5466 οὗ
930 5413 1011 5466 δεῖ
1054 5413 1201 5482 ἡμᾶς
1230 5407 1521 5482 έροϐεἰσθαι
1554 5407 2030 5482 τοὺςάνθρὼπους

465 5486 693 5553 μᾶλλον,
707 5482 842 5537 ἀλλὰ
870 5483 959 5535 τὸν
977 5478 1128 5535 Θεόν.
1165 5500 1184 5533 ι
1218 5478 1388 5553 G_ALL.

531 5554 643 5625 (20)
676 5552 988 5625 Secundum
1007 5551 1389 5625 _apoc_rypb_um
1414 5548 1632 5625 aliquod
1652 5547 2025 5625 Evangelium.

533 5616 952 5692 (21)Αίων[ου.
999 5616 1241 5692 ρίηηὶηἶῐ
1283 5616 1572 5692 legendum
1610 5616 1858 5692 αίὼνιοςς
1897 5616 2027 5692 ava-

460 5686 660 5757 παυσις
767 5692 999 5753 αἰώνιος.
1028 5687 1179 5743 Hane
1208 5686 1360 5757 enini
1376 5689 1601 5757 opponit
1630 5687 1688 5743 S.
1720 5686 1880 5741 Pater
1907 5687 2026 5757 ἐπι-

450 5756 723 5833 δημίαίτῇ
752 5762 809 5833 ἐν
835 5761 914 5833 τῷ
942 5758 1130 5833 κόσμῳ
1154 5756 1345 5827 τούτῳ,
1376 5756 1536 5826 quam
1584 5757 1783 5829 μικρὰν
1821 5763 1874 5811 et
1912 5756 2023 5808 ὀλι-

462 5829 738 5904 γοχρόνιον
759 5829 916 5884 dixit.
949 5829 1081 5881 Dav.
2044 5840 2051 5845 '
