4068 6274
391 307 500 365 545

1200 304 1258 360 S.
1299 300 1739 375 CLEMENTISI
1772 301 1941 358 ROM.
1978 299 2181 357 ΡΟΝΤ.
2223 297 2453 356 OPERA
2490 298 2797 358 GENUINA

3511 304 3613 362 3M

391 438 619 496 regnum
642 421 757 481 Dei.
789 423 968 477 Donec
994 428 1204 491 tempus
1232 420 1497 477 habemus
1557 421 1613 476 in
1643 437 1752 492 quo
1793 435 1958 476 sane-

2062 420 2250 492 καιρὸν
2277 418 2372 473 τοῦ
2408 419 2641 490 ἰαθῆναι,
2664 419 2930 492 ὲπιδῶμεν
2942 418 3165 482 ἑαυτοὺς
3178 417 3255 490 τῷ
3274 417 3626 491 θεραπεύοντι

391 532 536 582 mur,
576 513 837 569 dedamus
885 528 985 567 nos
1035 512 1248 567 medico
1277 512 1406 579 Deo,
1457 512 1955 567 remunerationem

392 608 497 678 ipsi
550 607 869 661 tribuentes.
911 604 1129 671 Quam?
1174 603 1559 660 Paenitentiam
1614 620 1679 660 ex
1740 604 1956 660 sincero

389 699 573 754 corde.
604 696 851 767 Namque
906 698 1171 767 praescius
1212 697 1458 751 omnium
1489 704 1594 760 est,
1627 706 1681 752 et
1733 711 1855 767 qua:
1900 696 1956 750 in

388 788 550 843 corde
604 795 796 842 nostro
826 795 1118 842 versantur
1155 787 1330 841 novit.
1381 786 1582 842 Demus
1638 788 1821 856 itaque
1878 786 1953 840 illi

388 878 624 944 laudem,
657 893 768 933 non
792 879 861 934 ab
889 894 985 934 ore
1007 880 1207 946 solum,
1246 878 1341 933 sed
1364 878 1527 933 etiam
1554 894 1621 932 ex
1667 878 1858 932 corde:
1896 884 1955 930 ut

387 986 487 1027 nos
516 978 776 1041 tanquam
808 972 948 1027 filios
970 970 1252 1040 suscipiat.
1276 969 1486 1025 Etenim
1517 969 1776 1024 Dominus
1796 968 1951 1023 dixit:

386 1060 605 1115 Fratres
624 1063 723 1116 mei
738 1072 858 1115 sunt
875 1063 913 1116 ii
938 1063 1028 1133 qui
1042 1063 1244 1131 faciunt
1262 1062 1578 1117 voluntatem
1594 1061 1773 1116 Patris
1799 1063 1951 1118 mei’.

1000 1150 1230 1208 CAPUT
1264 1151 1334 1209 Χ.

454 1244 663 1315 Itaque,
695 1244 896 1300 fratres
922 1245 1050 1311 mei,
1104 1244 1371 1299 faciamus
1399 1243 1734 1300 voluntatem
1773 1243 1953 1302 Patris

386 1336 482 1407 qui
522 1336 741 1391 vocavit
762 1351 886 1401 nos,
933 1343 993 1390 ut
1021 1336 1305 1403 vivamus;
1351 1342 1406 1391 et
1439 1350 1834 1406 persequamur
1856 1351 1954 1406 po-

384 1429 496 1483 tius
516 1428 776 1483 virtutem
802 1467 816 1494 ,
851 1428 1043 1483 vitium
1103 1436 1284 1481 autem
1313 1425 1757 1497 derelinquamus
1784 1427 1952 1483 veluti

382 1534 777 1590 praecursorem
802 1526 1149 1588 peccatorum
1181 1526 1541 1587 nostrorum;
1586 1527 1642 1574 et
1682 1517 1952 1590 fugiamus

384 1612 745 1682 impietatem,
778 1626 847 1665 ne
900 1624 1000 1666 nos
1032 1611 1173 1664 mala
1200 1610 1686 1680 comprehendant.
1717 1611 1849 1665 Nam
1903 1612 1951 1667 si

2058 512 2193 583 Θεῷ,
2208 512 2548 582 ἀντιμισθίαν
2568 514 2715 584 αὑτῷ
2731 514 2975 577 διδόντες.
2992 513 3156 566 Ποίαν
3173 528 3187 577 ;
3207 512 3279 566 Τὸ
3302 511 3627 582 μετανοῆσαι

2057 604 2118 670 ἐξ
2163 605 2490 676 εἰλικρινοῦς
2528 607 2772 677 καρδίας.
2804 606 3165 678 Προγνώστης
3198 605 3306 677 γάρ
3337 606 3484 658 ἐστιν
3519 603 3628 657 τῶν

2056 697 2294 762 πάντων,
2326 698 2420 750 καὶ
2461 695 2613 760 είδὼς
2656 697 2810 768 ἡμῶν
2843 697 2914 750 τά
2955 698 3012 750 ὲν
3054 696 3268 768 καρδίᾳ.
3310 696 3495 766 Δῶμεν
3535 692 3629 749 οὖν

2055 789 2202 861 αὐτῷ
2230 789 2444 843 αἰώνιον
2466 788 2598 860 (45),
2632 788 2706 859 μὴ
2736 789 2842 841 ἀπὸ
2872 787 3131 858 στόματος
3163 788 3340 857 μόνον,
3370 785 3506 839 ἀλλά
3530 786 3630 840 καὶ

2054 881 2162 935 ἀπὸ
2199 881 2444 952 καρδίας,
2493 880 2579 933 ἴνα
2619 881 2767 951 ἡμᾶς
2804 877 3157 950 προσδέξηται
3199 879 3275 942 ὡς
3309 878 3458 942 υἱούς

2055 973 2165 1026 Καὶ
2192 971 2299 1044 γάρ
2327 967 2478 1025 εἶπεν
2506 973 2534 1024 ὁ
2560 970 2781 1040 Κύριος·
2828 968 3099 1037 Ἀδελφοί
3123 986 3239 1037 μου
3261 969 3423 1024 οὗτοι
3447 974 3624 1037 εἰσιν,

2053 1066 2107 1117 οι
2135 1063 2445 1129 ποιοῦντες
2480 1061 2544 1116 τὸ
2574 1061 2800 1130 θέλημα
2825 1060 2930 1114 τοῦ
2956 1060 3185 1126 Πατρός
3210 1077 3349 1129 μου.

2323 1142 2329 1147 ’
2590 1152 2983 1207 ΚΕΦΑΛΑΙΟΝ
3018 1153 3076 1205 ιν.

2125 1248 2305 1310 Ὥστε,
2352 1245 2565 1314 ἀδελφοί
2625 1262 2748 1316 μου,
2807 1244 3118 1314 ποιήσωμεν
3170 1242 3231 1297 τὸ
3278 1241 3488 1313 θέλημα
3528 1243 3624 1297 τοῦ

2051 1339 2265 1412 Πατρός
2316 1339 2411 1392 τοῦ
2462 1338 2789 1400 καλέσαντος
2842 1336 3009 1406 ἡμᾶς,
3061 1333 3149 1388 ἵνα
3201 1334 3482 1405 ζήσωμεν,
3530 1334 3626 1387 καὶ

2050 1432 2325 1502 διώξωμεν
2360 1431 2555 1502 μᾶλλον
2598 1430 2697 1501 τὴν
2728 1429 2947 1500 ἀρετὴν,
2978 1427 3083 1499 τὴν
3124 1426 3181 1480 δὲ
3225 1427 3422 1480 κακίαν
3464 1443 3624 1480 κατα·

2050 1523 2341 1595 λείψωμεν,
2365 1522 2438 1585 ὡς
2471 1520 2854 1593 προοδοίπορον
2880 1517 2986 1571 τῶν
3005 1516 3284 1597 ἀμαρτιῷν
3312 1516 3421 1589 (45)
3444 1516 3618 1588 ἡμῶν,

2050 1616 2144 1670 καὶ
2172 1614 2428 1685 φύγωμεν
2456 1614 2554 1685 τὴν
2582 1611 2853 1676 ἀσέϐειαν,
2880 1611 2952 1681 μὴ
2998 1611 3142 1681 ἡμᾶς
3170 1608 3449 1682 καταλάϐῃ
3476 1608 3621 1662 κακά

380 1703 520 1758 bene
547 1718 707 1774 agere
738 1700 1132 1766 studuerit-us,
1159 1702 1570 1757 consectabitur
1592 1718 1692 1758 nos
1712 1718 1837 1773 pax.
1866 1702 1948 1758 Ob

2053 1708 2184 1780 (46).
2232 1705 2354 1764 Ἐὰν
2380 1705 2488 1777 γάρ
2533 1704 2917 1773 σπουδάσωμεν
2961 1701 3327 1770 ἀγαθοποιεῖν,
3375 1700 3619 1766 διώξεται

381 1809 501 1849 eam
532 1793 803 1865 siquidem
846 1808 1068 1848 causam
1099 1809 1207 1848 non
1237 1801 1321 1848 est
1344 1794 1589 1864 reperire
1644 1794 1939 1850 hominem.

2047 1768 2192 1872 ημάς
2235 1768 2469 1871 εἰρήνη..
2491 1796 2590 1851 Διὰ
2623 1768 2833 1867 ταύτην
2851 1793 2958 1865 γὰρ
2982 1768 3081 1864 τὴν
3124 1793 3300 1846 αἰτίαν
3330 1793 3429 1845 οὑκ
3473 1792 3619 1848 ἐστιν

381 1886 621 1951 Quilibet
651 1886 903 1940 humanis
929 1886 1215 1941 timoribus
1245 1886 1540 1952 ducuntur,
1573 1894 1947 1957 praeponentes

381 1980 711 2048 voluptatem
744 1985 1061 2046 praesentem
1080 1978 1490 2047 repromissioni
1535 1978 1749 2036 futurae.
1791 1979 1947 2050 Igno-

380 2079 507 2125 rant
537 2069 680 2124 enim
712 2076 975 2138 quantum
1003 2068 1198 2123 habeat
1230 2076 1562 2123 tormentum
1594 2072 1945 2141 praesentium

379 2178 548 2229 usus;
573 2170 625 2216 et
652 2169 885 2232 quantas
910 2160 1108 2215 habent
1141 2160 1368 2216 delicias
1406 2161 1589 2215 futura
1628 2163 1939 2232 promissio.

376 2256 456 2308 Ac
477 2253 717 2324 quidem,
750 2253 797 2307 si
820 2252 898 2306 illi
924 2251 1030 2308 ista
1051 2252 1295 2307 facerent
1322 2252 1445 2317 soli,
1466 2253 1751 2309 tolerabile
1772 2263 1940 2323 esset;

375 2344 485 2415 lam
516 2359 642 2400 vero
664 2352 1013 2413 perseverant
1043 2344 1289 2399 insontes
1306 2343 1519 2398 animas
1540 2344 1722 2414 pravis
1742 2345 1946 2399 doctri-

377 2434 467 2490 nis
492 2434 772 2504 imbuere;
810 2436 1121 2491 nescientes
1151 2434 1297 2505 quod
1346 2436 1619 2505 duplicem
1666 2438 1944 2493 habebunt

376 2526 909 2593 condemnationem,
940 2535 994 2584 et
1022 2526 1150 2597 ipsi,
1182 2534 1236 2583 et
1266 2527 1360 2597 qui
1389 2528 1618 2583 audiunt
1649 2543 1763 2584 eos.

978 2705 1207 2763 CAPUT
1245 2705 1337 2764 χι.
1704 2772 1709 2783 ι

444 2816 556 2878 Nos
588 2835 718 2893 ergo
740 2819 797 2877 in
828 2820 993 2877 corde
1026 2819 1232 2875 mundo
1256 2819 1368 2875 Deo
1390 2821 1713 2887 serviamus,
1734 2830 1789 2877 et
1832 2822 1944 2877 eri-

2046 1896 2227 1965 εὑρεῖν
2275 1892 2559 1964 ἄνθρωπον
2589 1890 2719 1961 (47).
2775 1888 2982 1950 οἵτινες
3027 1886 3334 1957 παράγουσι
3382 1884 3493 1957 (48)
3534 1884 3620 1955 φό-

2044 1982 2171 2049 ϐους
2199 1983 2589 2056 ἀνθρωπίνους,
2619 1973 2988 2053 προῃρημένοι
3045 1978 3242 2049 μᾶλλον
3285 1977 3383 2048 τὴν
3429 1976 3617 2031 ἐνθάδε

2042 2077 2361 2140 ἀπόλαυσιν,
2395 2076 2429 2146 ἢ
2454 2076 2568 2147 τὴν
2593 2072 2888 2145 μέλλουσαν
2920 2069 3267 2138 ἐπαγγελίαν.
3312 2067 3616 2137 Ἀγνοοῦσιν

2042 2167 2151 2238 γὰρ
2194 2167 2389 2239 ἡλίκην
2432 2165 2544 2237 ἔχει
2581 2164 2810 2236 βάσανον
2856 2164 2889 2233 ἡ
2934 2162 3117 2215 ἐνθάδε
3160 2162 3475 2226 ἀπόλαυσις,
3523 2179 3617 2234 καὶ
3670 2183 3676 2189 ’

2041 2260 2158 2313 οἷαν
2197 2258 2405 2331 τρυφὴν
2457 2257 2569 2329 ἔχει
2620 2258 2654 2327 ἡ
2718 2255 2983 2325 μέλλουσα
3038 2253 3355 2322 ἐπαγγελία.
3405 2253 3515 2306 Καὶ
3566 2254 3614 2305 εί

2045 2354 2142 2424 μὲν
2197 2351 2349 2405 αὐτοὶ
2404 2350 2553 2421 μόνοι
2591 2348 2766 2402 ταῦτα
2814 2348 3107 2419 ἔπρασσον,
3150 2346 3369 2399 ἀνεκτὸν
3399 2340 3485 2416 ἦν·
3517 2343 3612 2397 νῦν

2040 2443 2099 2497 δὲ
2126 2443 2470 2514 ἐπιμένουσιν
2512 2438 3088 2501 κακοδιδασκαλοῦντες
3113 2437 3211 2501 τὰς
3231 2437 3469 2499 ἀνετίους
3499 2434 3609 2507 (49)

2040 2535 2238 2607 ψυχὰς,
2285 2536 2384 2588 οὐκ
2434 2532 2628 2595 εἰδότες
2671 2533 2755 2585 ὅτι
2789 2532 2975 2603 δισσήν
3019 2531 3225 2595 ἕξουσιν
3266 2529 3363 2601 τὴν
3409 2528 3609 2600 κρίσιν,

2043 2628 2196 2681 αὐτοί
2224 2643 2304 2690 τε,
2335 2626 2428 2679 καὶ
2454 2626 2501 2678 οἱ
2530 2625 2816 2687 ἀκούοντες
2844 2624 3043 2680 αὐτῶν.

2579 2716 2971 2770 ΚΕΦΑΛΑΙυΝ
3008 2716 3111 2770 IA'.

2125 2814 2313 2884 Ἡμεῖς
2327 2808 2420 2866 οῦν
2439 2813 2497 2864 ὲν
2526 2809 2740 2882 καθαρᾷ
2758 2808 2952 2880 καρδίᾳ
2975 2805 3341 2877 ϐουλεύσωμεν
3367 2802 3445 2877 τῷ
3470 2800 3609 2874 Θεῷ,

373 2928 498 2969 mus
520 2892 684 2983 justi:
719 2912 863 2983 quod
884 2913 929 2968 si
963 2928 1074 2967 non
1107 2912 1458 2969 servierimus
1485 2914 1613 2983 quia
1642 2913 1803 2967 ﬁdem
1831 2928 1941 2969 non

2046 2908 2137 2960 καὶ
2165 2903 2401 2976 ἐσόμεθα
2427 2902 2641 2957 δίκαιοι·
2672 2902 2767 2955 ἐὰν
2793 2901 2849 2955 δὲ
2878 2901 2957 2972 μὴ
2987 2899 3376 2969 δουλεύσωμεν,
3404 2895 3492 2949 διὰ
3515 2892 3611 2949 τοῦ

374 3005 639 3061 habemus
669 3005 1019 3075 promissioni
1036 3002 1153 3069 Dei,
1170 3005 1378 3060 erimus
1396 3003 1606 3061 miseri.
1637 3003 1939 3060 Dicitenim

2047 2998 2121 3069 μὴ
2166 2994 2437 3051 πιστεύειν
2480 2996 2627 3065 ἡμᾶς
2680 2995 2746 3064 τῇ
2790 2991 3087 3062 ἐπαγγελίᾳ
3126 2991 3220 3044 τοῦ
3250 2989 3405 3053 Θεοῦ,
3432 2986 3613 3042 ταλαί·

375 3105 430 3152 et
458 3107 636 3151 sermo
660 3093 1047 3165 propheticus:
1088 3113 1106 3145 ι
1132 3093 1314 3150 Miseri
1338 3102 1465 3149 sunt
1485 3095 1577 3165 qui
1613 3096 1795 3151 animo
1836 3096 1939 3151 du-
1967 3133 1968 3142 η

2046 3088 2265 3163 πωρ[οι]
2294 3086 2547 3158 ἐσόμεθα.
2592 3085 2751 3154 Λέγει
2795 3083 2904 3156 γὰρ
2940 3085 3033 3137 καὶ
3074 3082 3184 3154 (50)
3214 3084 3242 3135 ό
3294 3078 3614 3152 προ[φη]τι-

374 3188 544 3259 plices
567 3193 622 3242 et
651 3186 817 3241 corde
847 3185 1044 3240 incerti
1075 3192 1203 3240 sunt
1229 3201 1244 3251 ;
1275 3185 1368 3255 qui
1398 3184 1627 3240 dicunt:
1671 3184 1797 3242 Haec
1823 3201 1943 3241 om-

2046 3182 2134 3245 κδς
2153 3180 2307 3249 λόγος
2321 3197 2335 3210 ·
2361 3178 2739 3249 «Ταλαίπωροί
2761 3178 2894 3231 εἰσιν
2909 3174 3609 3247 οίδίψυχοι,οἱδιστὰζοντε‹;

374 3280 466 3335 nia
517 3278 827 3336 audivimus
859 3277 1026 3333 etiam
1079 3284 1323 3346 tempore
1362 3286 1577 3347 patrum
1627 3288 1941 3334 nostrorum

2046 3280 2106 3349 τῇ
2136 3275 2351 3348 καρδίᾳ,
2367 3274 2416 3327 οἱ
2437 3272 2683 3340 λέγοντες
2699 3269 2826 3342 (51)·
2840 3267 3020 3323 Ταῦτα
3038 3268 3117 3321 πά
3137 3264 3279 3339 [ντα]
3298 3264 3608 3337 ⁴ιικούσαμεν

374 3369 474 3425 filii
495 3388 510 3438 ;
536 3386 638 3425 nos
670 3384 799 3425 vero
812 3369 958 3424 diem
973 3368 1041 3423 de
1057 3366 1144 3423 die
1173 3377 1573 3438 exspectantes,
1592 3371 1723 3425 nihil
1746 3371 1941 3425 horum

2046 3371 2136 3424 καὶ
2161 3369 2253 3423 ὲπὶ
2271 3368 2379 3421 τῶν
2411 3364 2660 3437 πατέρων
2678 3361 2853 3433 ἡμῶν,
2870 3361 3026 3431 ἡμεῖς
3051 3359 3108 3413 δὲ
3137 3361 3242 3413 υἱοὶ
3265 3358 3372 3431 (52)
3397 3357 3608 3430 ἡμέραν

374 3460 632 3519 vidimus.
688 3461 967 3526 Amentes,
1014 3467 1328 3531 comparate
1369 3476 1469 3517 vos
1498 3463 1712 3531 arbori;
1741 3465 1940 3521 sumite

2046 3463 2102 3529 ἐξ
2147 3463 2359 3536 ἡμέρας
2404 3456 2841 3532 προσδεχόμενοι,
2868 3453 3018 3508 οὐδὲν
3054 3452 3255 3506 τούτων
3284 3451 3606 3523 ἑωράκαμεν

440 3591 468 3628 ⁸
492 3591 685 3648 Matth.
704 3607 807 3658 ιιι,
838 3591 929 3648 50.

1694 3724 2061 3785 VARIORUM
2096 3727 2326 3786 NOTAE.

446 3858 852 3932 (65)Aitb1:tor.
888 3858 973 3915 Al.
1014 3855 1163 3932 αἶνον
1213 3862 1298 3917 vel
1341 3861 1495 3932 δόξαν
1544 3863 1778 3918 αἰώνιον.
1803 3862 1941 3920 Birr.

375 3927 663 4001 scripsisse
710 3928 1040 4001 Clementem
1100 3927 1247 3984 αἶνον
1298 3931 1511 3985 αἰώνιον
1578 3934 1944 3988 indubitanter

374 3999 634 4067 allirinat;
663 4015 901 4072 errorem
950 4000 1076 4072 inde
1121 4016 1371 4072 manasse
1410 4005 1763 4067 contendens,
1792 4004 1937 4072 quod

372 4072 603 4125 alterum
633 4071 952 4124 vocabulum
984 4070 1127 4125 inter
1160 4071 1472 4125 dictandum
1506 4073 1588 4126 vel
1624 4070 1938 4129 describen-

374 4140 525 4203 dum,
554 4141 623 4194 ob
652 4139 1060 4195 similitudinem
1086 4142 1249 4196 fuerit
1277 4142 1561 4198 omissum.
1593 4142 1765 4201 ϐιιι.

444 4209 557 4280 (44)
586 4212 681 4274 Ὠς
708 4210 892 4285 υἱοιξς.
912 4208 1073 4273 Editi,
1104 4211 1179 4274 ὡς
1211 4211 1347 4285 Θεοῦ
1376 4212 1541 4277 υἱούς.
1571 4211 1766 4268 Verum
1796 4215 1938 4285 apud

371 4275 548 4334 ῑνὸιιζ
576 4296 678 4335 ms.
710 4279 839 4331 Θεοῦ

370 4356 576 4405 textus.
604 4350 679 4404 lo.

444 4419 555 4492 (475)
592 4417 930 4492 Ἀμαρῖιῶν.
981 4419 1066 4492 A_l.
1108 4421 1405 4492 τιμωριῶν.
1445 4421 1535 4477 Sic
1587 4430 1641 4478 et
1682 4422 1803 4479 Cot.
1843 4425 1936 4489 qui

372 4487 546 4559 vertit
572 4487 965 4559 suppliciorum.
1015 4487 1229 4545 Retinet

374 4551 489 4631 _Vox
513 4551 1125 4631 enimfxantadenotare
1145 4571 1322 4631 potest
1350 4564 1622 4618 internum
1644 4565 1837 4619 mentis
1867 4564 1943 4617 af—

373 4628 598 4693 fectum,
626 4630 726 4701 τὴν
755 4627 1048 4699 ἐπιθυμίαν
1061 4627 1169 4704 ,_et_
1190 4633 1428 4704 ἁμαρτία
1457 4636 1634 4689 scelus
1664 4632 1796 4689 foris
1829 4649 1946 4704 per-

373 4649 598 4693 lecwm,
626 4649 726 4701 την
755 4649 1076 4699 επιυυμιαν,
1104 4649 1158 4683 et
1190 4649 1428 4704 αμαρτια
1457 4649 1634 4689 scelus
1664 4649 1796 4689 loris
1898 4650 1942 4686 r-

373 4707 556 4752 actum
583 4706 853 4774 :_e_t__re_ct(_:
881 4714 1033 4754 sane.
1063 4699 1269 4774 _Quidni
1306 4705 1449 4774 enim
1488 4704 1799 4774 respexerit,
1820 4649 1942 4759 Efe-

375 4782 529 4844 mens
558 4768 625 4844 ad
655 4768 786 4844 illud
821 4766 938 4844 Jac.
982 4784 1019 4833 I,
1056 4769 1128 4844 15_
1155 4789 1169 4824 :
1213 4774 1275 4824 'H
1303 4766 1941 4844 ἐπιθυμία’συλλαϐοῦσα

371 4836 545 4913 τίκτει
572 4838 860 4913 ἁμαρτίαν
897 4838 1325 4913 Concupiscentia
1361 4836 1481 4895 cuni
1509 4846 1815 4912 conceperit.
1840 4860 1940 4913 pa—

373 4906 444 4960 rit
470 4906 781 4974 peccatum?
805 4908 880 4962 In.
916 4908 923 4917 ’

444 4976 559 5046 (46)
600 4979 788 5056 _Kagai.
820 4978 951 5056 Mill.
983 4987 1038 5056 et_
1065 4979 1233 5056 Wett.
1266 4982 1370 5051 leg.
1404 4980 1457 5056 in
1485 4997 1607 5056 _m_s.
1641 4978 1942 5036 xaxd'abs-

375 5061 494 5121 que
508 5049 741 5121 articulo
768 5049 861 5109 τά,
896 5052 1041 5121 quod
1078 5049 1338 5106 exhibent
1369 5051 1519 5107 editi.
1553 5052 1629 5106 In.

446 5116 557 5186 (Π)
591 5116 949 5186 Ἄνθρωπον.
999 5120 1159 5177 Forte
1207 5122 1487 5192 legendum
1542 5130 1625 5178 est
1679 5118 1744 5173 ἂν
1787 5118 1939 5192 eg».

371 5197 508 5253 Cum
545 5199 690 5252 enim
720 5199 773 5253 in
803 5199 906 5255 hoc
937 5216 1041 5256 ms.
1069 5201 1173 5256 hoc
1202 5187 1362 5256 modo
1403 5202 1674 5256 scribatur
1713 5187 1901 5255 ANOTI
1925 5218 1941 5268 ;

373 5277 549 5331 deleta
595 5285 904 5334 transversa
956 5281 1097 5335 linea
1146 5280 1242 5334 τοῦ
1287 5281 1351 5345 Θ,
1391 5270 1599 5344 AN“,
1631 5281 1685 5335 id
1736 5289 1840 5345 est,
1874 5283 1941 5337 ἂν

371 5353 525 5417 Θεόν,
554 5357 772 5412 exhibet
800 5350 988 5414 ANON
1026 5361 1141 5415 sive
1176 5361 1479 5426 ἄνθρωπον.
1508 5360 1661 5426 Quod
1695 5362 1741 5415 si
1768 5361 1841 5414 ita
1871 5360 1943 5416 le-

373 5435 553 5500 gatur,
578 5437 794 5495 Oportet
808 5438 864 5483 ut
892 5432 1214 5495 inseramus,
1233 5431 1413 5495 αὐτοῖς
1436 5444 1556 5500 post
1570 5431 1734 5494 ἐστιν,
1753 5432 1941 5500 sicque

373 5497 695 5573 restituatur
733 5501 925 5573 lectio:
957 5501 1056 5573 Διά
1094 5497 1571 5573 ταύτηνγγάρτὴν
1593 5502 1818 5573 *αἰτίαν-
1841 5497 1941 5554 οὐκ

373 5563 522 5643 ἔστιν
541 5568 720 5643 αὐτοῖς
744 5571 941 5641 εὑρεῖν,
958 5572 1151 5643 οἵτινες
1178 5563 1483 5643 παράγουσι
1509 5563 1705 5643 ᾠόϐους
1730 5570 1941 5643 ἀνθρω-

377 5636 581 5712 πίνους.
615 5636 819 5712 _Wo'rjr.
869 5670 940 5712 —_-
998 5636 1353 5712 Scribenduni
1405 5636 1587 5712 puto:
1628 5642 1746 5712 Οὑκ
1792 5636 1940 5712 ἐστιν

374 5709 560 5778 εὑρεῖν
578 5708 825 5831 eorum.
856 5710 910 5762 οἴ
947 5727 1089 5772 τινες
1128 5707 1643 5782 παράγουσὶῳόϐονς
1661 5708 1936 5780 ἀνθρωπί-

375 5795 516 5831 νους·
550 5776 638 5831 σαν
662 5794 747 5831 um
778 5794 879 5831 non
907 5789 1125 5831 possunt
1149 5781 1391 5831 invenire.
1414 5783 1501 5831 ani
1534 5780 1798 5831 hominum
1830 5793 1936 5831 ηιο-

375 5776 516 5843 νους·
550 5776 747 5833 Caium
778 5794 879 5833 non
905 5789 1125 5852 possunt
1149 5776 1391 5846 inuenire,
1414 5776 1501 5852 qui
1534 5776 1798 5835 hominum
1830 5793 1937 5834 uto-

710 4279 843 4331 Θεοῦ
882 4295 990 4335 non
1020 4282 1285 4353 agnoscit,
1316 4298 1494 4354 neque
1527 4286 1766 4353 postulat
1804 4279 1938 4339 con-

2051 3874 2161 3919 tum
2194 3863 2562 3933 'prazsefernnt.
2593 3861 2727 3916 Dav.
2760 3889 2819 3905 σ-
2849 3859 2907 3914 Si
2929 3857 3245 3933 modestiori
3283 3858 3610 3933 conjectura:

2048 3929 2327 4000 locusest,
2359 3929 2531 3988 totum
2562 3933 2759 3995 locum,
2800 3931 3023 4000 parvula
3056 3929 3374 4000 mutatione,
3408 3931 3487 3984 sic
3522 3946 3611 3984 ar-

2044 4006 2218 4060 bitror
2255 3998 2649 4059 restituendum
2695 3998 2817 4056 esse
2843 4020 2862 4070 :7
2887 3999 2984 4065 Διά
3017 3998 3219 4070 ταύτην
3250 3998 3356 4069 γὰρ
3393 4000 3490 4070 τὴν
3526 4002 3611 4051 αὶ-

2040 4077 2160 4128 τίαν
2189 4077 2288 4130 οὑκ
2315 4075 2457 4127 ἐστιν
2495 4075 2670 4145 εὑρεῖν
2694 4069 3015 4145 ἀνθρώπων,
3061 4068 3256 4145 οἵτινες
3302 4068 3609 4145 παράγουσι

2043 4145 2236 4214 φόϐους
2262 4138 2660 4216 ἀνθρωπίνους
2694 4141 2747 4216 id
2776 4138 2860 4196 est
2890 4159 2905 4196 :
2944 4139 3095 4216 Hanc
3127 4141 3264 4194 enim
3302 4138 3363 4192 ob
3392 4154 3604 4216 causam

2042 4209 2146 4269 non
2194 4224 2271 4269 est
2311 4209 2536 4269 invenire
2572 4213 2858 4275 hominum,
2906 4212 2996 4281 qui
3046 4217 3355 4281 pra’tereun‘t
3393 4209 3604 4281 timores

2041 4285 2315 4340 humanos.
2343 4284 2461 4347 Vel,
2501 4294 2559 4339 ut
2605 4282 2869 4337 Latinitas
2912 4278 2987 4334 nil
3034 4278 3340 4335 detrimenti
3386 4279 3600 4347 capiat:

2044 4354 2216 4420 Quam
2245 4355 2307 4408 ob
2337 4372 2551 4409 causam
2580 4370 2683 4407 non
2713 4362 2900 4406 temere
2927 4352 3062 4405 inter
3090 4350 3317 4402 homines
3346 4349 3601 4420 invenias,

2077 4427 2133 4506 ui
2182 4425 2435 4506 humanos
2484 4426 2709 4505 timores.
2744 4423 3025 4506 negligant.
3075 4420 3380 4506 Odit-Eam:
3426 4419 3602 4506 εῐὺρεῖν

1327 4501 1426 4548 οιι.
1473 4510 1575 4549 ms.
1626 4483 1935 4548 lectionem.

1350 4564 1622 4635 internum
1644 4565 1837 4635 mentis
1867 4564 1943 4617 af—

2046 4483 2136 4547 ἀνθ
2195 4494 2359 4560 ’πων,
2415 4494 2749 4549 constructio
2784 4483 3093 4546 Grécanica
3136 4496 3260 4541 nota
3301 4494 3405 4544 est.
3444 4483 3601 4542 Bina.

2115 4513 2225 4635 (ἵὲ)
2262 4564 2621 4635 Παράγουσι.
2663 4564 2741 4635 lta
2786 4578 2890 4617 ms.
2941 4560 3081 4635 apud
3130 4558 3299 4611 Wott.
3341 4559 3408 4635 ᾼι
3449 4558 3601 4635 editi,

2207 4568 2225 4635 )
2262 4558 2621 4635 Παράγουσι.
2663 4564 2741 4635 lta
2786 4578 2890 4617 ms.
2941 4560 3081 4635 apud
3130 4558 3299 4611 Wott.
3341 4559 3408 4635 ᾼι
3449 4558 3601 4635 editi,

2043 4627 2237 4703 praeter
2292 4627 2488 4699 Lond.,
2530 4634 2637 4705 γὰρ
2686 4633 2897 4701 ἄγουσι.
2951 4627 3097 4684 Bois.
3154 4644 3283 4683 vero
3340 4627 3445 4698 leg.
3494 4628 3604 4700 γάρ

2043 4705 2241 4775 ἔχουσι.
2274 4705 2441 4760 ϐλιι..

2112 4774 2224 4845 (49)
2271 4776 2584 4840 Ἀνετίους.
2623 4772 2758 4845 Cum
2790 4770 2959 4825 Wott.
2997 4768 3305 4845 observari}
3342 4767 3396 4845 in
3439 4784 3543 4845 ms.
3575 4787 3603 4823 ε

2040 4839 2139 4913 pro
2177 4839 2233 4899 αι
2270 4839 2582 4917 frequenter
2626 4842 2776 4913 poni,
2825 4841 3014 4912 procul
3062 4839 3225 4893 dubio
3276 4839 3404 4908 legit
3453 4839 3605 4893 ἀναι-

2040 4914 2206 4964 τίουε-
2247 4914 2378 4964 Dav-
2432 4914 2614 4964 mallet
2640 4914 2914 4964 ἀνοήτους.
2955 4909 3050 4964 His
3097 4908 3295 4964 similia
3332 4909 3492 4964 habet
3543 4909 3600 4964 S.

2039 4914 2206 4978 τίους.
2246 4914 2385 4970 Dav.
2432 4914 2614 4969 mallet
2640 4914 2914 4983 ἀνοήτους.
2955 4914 3050 4965 llis
3097 4914 3295 4966 similia
3332 4914 3492 4964 habet
3543 4914 3600 4966 ὃ.

2040 4980 2375 5065 lentius?“
2416 4984 2626 5065 Ερξιεεη
2658 4984 2899 5065 sae-1‘?-
2929 4983 3048 5065 ιυο-
3147 5050 3168 5065 .
3281 5050 3316 5065 ..
3454 5064 3461 5065 ,
3536 5051 3569 5065 ..

2111 5053 2223 5127 (50)
2254 5055 2420 5127 Λέγει
2444 5050 2555 5124 γὰρ
2582 5054 2699 5127 καί.
2726 5050 2894 5117 Editi,
2924 5059 3122 5127 praeter
3147 5050 3405 5127 Londin.,
3442 5051 3604 5104 omit-

2039 5121 2161 5179 tunt
2193 5121 2307 5190 καί,
2338 5121 2481 5197 quod
2513 5121 2733 5180 exhibet
2760 5140 2859 5179 ms.
2887 5123 3024 5192 apud
3056 5121 3227 5176 Wott.
3258 5123 3335 5212 lo.

2110 5219 2220 5292 (5l)
2269 5224 2333 5275 Ol
2357 5219 2651 5292 λέγονξες.
2700 5217 2799 5273 Ms.
2827 5232 2934 5270 non
2964 5216 3208 5286 agnoscit
3236 5215 3315 5278 δέ,
3342 5214 3490 5286 quod
3519 5214 3604 5269 in-

2038 5288 2313 5345 terserunt
2345 5288 2494 5344 editi.
2532 5288 2731 5343 Worr.

2110 5361 2223 5444 (⁵2)
2257 5359 2450 5444 ’,Ηιέξῖς
2475 5359 2543 5413 δὲ
2571 5360 2715 5441 υλοίο.
2734 5355 3602 5444 βάίίίρίὲἓέἕῖξξὶι,Υὲοὲἐὶιέἓῗτξέίΐ

2039 5425 2178 5495 cem,
2203 5425 2601 5485 interlinearem
2627 5428 2843 5498 quidem
2873 5434 2926 5482 et
2951 5426 3241 5498 minutiore
3263 5425 3597 5487 charactere,

2040 5510 2094 5552 at
2128 5502 2315 5555 eadem
2359 5515 2523 5554 manu
2555 5497 2833 5555 exaratam
2869 5503 3083 5551 exstare
3119 5497 3175 5549 in
3214 5510 3319 5550 ms.
3368 5502 3598 5547 testatur

2040 5567 2208 5625 Wolt.
2236 5569 2434 5625 Verum
2482 5569 2611 5621 Dav.
2660 5584 2770 5622 non
2816 5567 2961 5621 inani
3000 5566 3367 5620 additamenta
3415 5563 3574 5615 habet

2040 5638 2115 5693 Ea
2153 5656 2285 5695 sane
2323 5655 2433 5694 non
2464 5646 2742 5708 comparet
2770 5637 2823 5690 in
2849 5635 3145 5708 superioris
3168 5634 3329 5704 epist.
3358 5647 3476 5703 cap.
3505 5630 3595 5695 9-5,

2043 5711 2134 5767 ubi
2164 5711 2275 5767 haec
2307 5726 2438 5781 pene
2468 5704 2654 5765 eadem
2686 5704 3003 5765 occurrunt.
3036 5704 3209 5761 Gut.-
