4100 6278
514 405 614 460 δ’ςι
1307 395 1362 451 S.
1397 393 1786 451 CLEMENTIS
1818 393 1838 445 l
1870 391 2034 448 ROM.
2071 390 2133 446 Ρ(

2126 388 2274 446 DNT.
2311 377 2539 443 OPERA
2571 371 2896 442 GENUINA‘.
3643 368 3745 426 35'."

512 537 688 595 vero,
728 504 878 582 ﬁdei
911 511 1246 580 Catholicae
1275 509 1479 572 hostis
1509 509 1780 589 gloriam
1811 507 2127 588 propriam
2157 503 2480 587 quaesivit,
2514 503 2645 566 imo
2675 498 2980 564 Ecclesia)
3015 491 3554 564 humiliationem,
3593 491 3742 550 dum

511 620 884 683 thesaurum
912 611 1357 677 absconditum
1395 615 1732 670 reseraret.

588 719 766 782 Beati
790 716 1054 799 quidem
1085 708 1431 777 Clementis
1459 706 1778 786 Epistolas
1809 705 1889 766 ad
1933 707 2240 784 Virgines,
2273 701 2579 763 laudibus
2608 696 2890 799 extulit;
2920 693 3062 799 sed,
3092 709 3237 799 cum
3271 688 3466 799 simul
3509 689 3744 799 imma-

509 821 779 883 culatam
809 789 1039 880 Christi
1072 825 1371 890 sponsam
1416 805 1730 868 conviciis
1761 805 2121 882 impeteret,
2155 799 2596 866 adversarium
2641 794 2874 859 Christi
2909 804 2979 854 se
3010 791 3255 869 detegit
3286 797 3346 853 et
3373 789 3746 851 ministrum

508 925 773 992 Satanm,
804 916 915 997 qui
945 912 1346 989 transfigurat
1374 924 1442 968 se
1475 906 1543 967 in
1573 905 1874 984 angelum
1907 904 2072 966 lucis
2095 902 2137 965 ³.

585 1025 725 1084 Non
756 990 978 1080 omnes
1008 1014 1118 1093 qui
1152 1014 1328 1072 extra
1361 1005 1712 1067 Ecclesiam
1736 1013 1908 1076 sunt,
1929 1001 2152 1066 hostili
2183 1016 2437 1078 semper
2467 996 2700 1075 spiritu
2731 993 3108 1073 loquuntur.
3141 990 3375 1052 Junius
3405 990 3737 1065 Patricius,

509 1113 1137 1190 Oxoniensis,.aliam
1167 1127 1426 1192 Operam
1481 1112 1685 1175 sancti
1747 1111 2092 1174 Clementis
2133 1107 2492 1188 publicans,
2528 1105 2597 1165 in
2633 1101 2984 1163 Ecclesiam
3016 1102 3362 1161 Romanam
3396 1116 3526 1159 non
3557 1098 3740 1161 inve-

506 1224 725 1296 hitur;
757 1235 901 1299 quaa
957 1214 1265 1288 catholice
1325 1224 1583 1279 sanctus
1615 1215 1909 1278 Clemens
1940 1229 2194 1291 semper
2223 1211 2772 1286 dicit,.nunquam
2819 1205 2887 1266 in
2940 1201 3298 1293 Catholicos
3365 1202 3737 1281 detorquet;

505 1328 610 1390 his
640 1291 800 1405 quae.
837 1321 915 1382 ad
951 1335 1166 1398 pacem
1203 1315 1668 1378 restituendam
1721 1321 1976 1375 sanctus
2037 1312 2329 1375 Clemens
2361 1306 2622 1387 profert,
2675 1306 2754 1366 ad
2783 1303 3173 1371 seditionem
3211 1291 3731 1381 diScordiamque

507 1426 928 1509 spargendam
965 1420 1197 1485 nullibi
1229 1417 1554 1491 abutitur;
1589 1417 1659 1477 in
1694 1419 1936 1478 Petram
1989 1412 2290 1476 Ecclesiaa
2317 1410 2644 1472 immotam
2672 1406 2864 1468 inferi
2893 1410 3102 1484 portas
3137 1419 3539 1496 commovere
3597 1419 3726 1464 non

507 1538 728 1593 tentat.

590 1630 859 1694 Veniam
885 1625 1083 1704 igitur
1103 1623 1180 1685 ab
1216 1620 1520 1682 omnibus
1557 1620 1957 1694 orthodoxis,
1990 1615 2345 1698 praesertim
2388 1632 2538 1676 vero
2570 1629 2604 1675 a
2636 1619 2697 1673 te
2730 1613 2944 1690 spero,
2977 1606 3354 1670 fidelissime
3401 1603 3742 1704 Praesul,si

503 1733 756 1794 beatum
781 1702 1168 1790 Clementem
1194 1721 1479 1800 virgines
1509 1722 1946 1800 alloquentem
1993 1720 2186 1781 novis
2231 1715 2581 1796 producam
2619 1720 2682 1776 et
2713 1707 3145 1791 dignioribus,
3179 1705 3532 1768 dummodo
3586 1702 3743 1764 mihi

504 1854 629 1898 non
662 1833 951 1903 illudam,
987 1827 1377 1889 ornamentis
1409 1826 1734 1894 vestitum,
1763 1833 1823 1886 et
1859 1824 1916 1887 si
1955 1841 2215 1886 sensum
2248 1818 2594 1884 verborum
2630 1817 2771 1897 ejus
2797 1831 2833 1878 a
2866 1809 3180 1878 Wetstini
3208 1805 3742 1882 interpretatione

502 1959 762 2021 prorsus
794 1938 1099 2008 alienum,
1131 1948 1262 1996 non
1287 1930 1486 1993 semel
1529 1947 1864 2009 usurpem.

583 2046 766 2106 Nunc
796 2039 955 2121 quid
989 2038 1057 2097 in
1087 2034 1203 2096 hac
1233 2031 1668 2109 publicatione
1703 2030 2095 2092 intenderim
2129 2029 2256 2108 piis
2288 2029 2588 2091 omnibus
2621 2020 2971 2087 lectoribus
3003 2017 3324 2081 declarare
3356 2031 3566 2094 opera:
3598 2030 3744 2093 pre-

503 2148 666 2210 tium
691 2145 941 2225 judico,
973 2139 1186 2202 fusius
1217 2137 1286 2197 in
1307 2137 1548 2215 praevia
1577 2135 2026 2196 dissertatione
2056 2134 2500 2196 discussurus.

503 2273 509 2278 ν
583 2219 821 2309 Doctus
850 2243 1097 2313 Binius,
1161 2236 1273 2317 qui
1306 2236 1618 2297 scribebat
1657 2237 1772 2299 diu
1800 2243 2142 2316 antequam
2201 2236 2654 2297 invenirentur
2709 2227 3013 2308 Epistolae
3063 2222 3264 2286 sancti
3294 2219 3636 2285 Clementis
3665 2219 3746 2280 ad

512 2352 819 2428 Virgines,
845 2359 1151 2422 expresse
1193 2341 1532 2420 proﬁtetur
1564 2358 1670 2403 eas
1708 2342 2070 2414 exstitisse,
2094 2341 2547 2418 canonicasque
2574 2338 2778 2400 fuisse
2810 2329 3182 2414 appellatas,
3203 2328 3370 2390 sicut
3395 2325 3743 2406 Epistolam

505 2449 776 2531 primam
813 2445 890 2507 ad
923 2440 1314 2514 Corinthios,
1351 2442 1504 2520 quia
1533 2442 1593 2501 in
1629 2441 1918 2502 fidelium
1968 2440 2233 2504 coetibus
2265 2439 2666 2520 legebantur.

588 2549 706 2609 Ηίο
736 2563 854 2625 ego
879 2552 1121 2605 tantum
1153 2541 1358 2607 dicam
1389 2545 1564 2624 quod
1620 2542 1675 2606 si
1713 2562 1820 2606 eas
1853 2545 2253 2607 authenticas
2286 2563 2430 2607 esse
2465 2560 2592 2605 non
2653 2540 2918 2603 firmiter
2950 2535 3328 2609 tenuissem,
3354 2533 3505 2606 imo,
3544 2531 3600 2593 si
3632 2531 3745 2594 mi-

506 2654 756 2716 nimum
786 2649 973 2711 etiam
1005 2646 1274 2708 dubium
1304 2649 1382 2710 de
1413 2666 1632 2712 earum
1663 2648 1950 2729 genuino
1978 2658 2237 2711 auctore
2269 2648 2336 2709 in
2367 2653 2578 2708 mente
2611 2641 3047 2713 remansisset,
3080 2638 3157 2699 ab
3193 2637 3288 2699 eis
3328 2636 3651 2698 vertendis
3681 2643 3742 2696 et

506 2755 887 2836 evulgandis
912 2769 1175 2832 prorsus
1204 2751 1686 2825 abstinuissem,
1723 2749 1825 2813 vel
1857 2750 2139 2812 rationes
2171 2750 2396 2810 saltem
2424 2747 2606 2810 dubii
2630 2745 2755 2807 mei
2789 2741 3261 2820 exposuissem.

585 2860 722 2920 Non
757 2853 1044 2916 eamdem
1074 2857 1243 2913 certe
1269 2851 1680 2913 securitatem
1734 2851 2104 2928 exprimere
2136 2851 2318 2913 valeo
2347 2850 2514 2911 circa
2547 2862 2771 2909 verum
2815 2858 3078 2906 sensum
3108 2840 3186 2902 ab
3237 2845 3494 2902 auctore
3534 2838 3746 2899 inten-

505 2973 642 3028 tum
676 2984 691 3024 :
725 2977 870 3024 cum
903 2958 1075 3021 enim
1103 2956 1312 3019 adhuc
1343 2957 1753 3019 desideretur
1783 2956 2210 3037 primigenius
2244 2971 2466 3018 earum
2493 2959 2708 3015 textus
2739 2951 3019 3018 Graecus,
3053 2943 3414 3004 timendum
3445 2947 3540 3003 est
3573 2957 3746 3003 sem-

506 3088 621 3150 per
667 3086 748 3130 ne
807 3063 1195 3144 quandoque
1255 3061 1563 3124 erraverit
1617 3061 1916 3141 Syriacus
1958 3060 2298 3138 interpres.
2338 3060 2413 3121 Ut
2443 3062 2514 3122 ut
2559 3055 2666 3127 sit,
2699 3068 2827 3115 non
2861 3048 3086 3110 dubito
3140 3048 3302 3128 quin
3351 3047 3740 3121 Wetstinus,

506 3173 698 3234 etiam
743 3169 1072 3245 Syriacum
1114 3170 1393 3238 vertens,
1429 3165 1649 3243 plures
1686 3164 1825 3242 ipse
1858 3163 2178 3225 addiderit
2203 3180 2500 3226 errores:
2533 3162 2810 3238 ideoque
2847 3171 2975 3217 non
3013 3155 3212 3214 semel
3246 3151 3324 3214 ab
3351 3151 3493 3231 ejus
3525 3154 3740 3214 sensi-

505 3269 628 3329 bus
664 3261 1039 3326 exorbitavi.
1069 3258 1133 3321 Si
1173 3268 1343 3322 recta
1368 3270 1428 3322 et
1459 3279 1741 3339 congrua
1768 3260 2001 3323 fuisset
2033 3262 2340 3322 Wetstini
2374 3258 2834 3332 interpretatio,
2863 3257 3027 3319 nihil
3059 3257 3192 3320 fere
3224 3259 3742 3335 redarguendum

507 3369 770 3432 essetin
802 3363 1220 3427 translatione
1243 3360 1482 3422 Gallica
1517 3362 1591 3422 D.
1627 3360 1914 3423 Boistard
1946 3361 2025 3423 de
2057 3361 2412 3442 Prémagny
2445 3379 2461 3418 :
2489 3361 2770 3439 ideoque
2807 3357 3545 3435 noninterpretationem
3574 3359 3741 3437 ejus,

507 3471 622 3534 sed
659 3466 1106 3530 annotationes
1128 3478 1353 3540 carpo.

589 3574 746 3635 Cum
776 3584 926 3632 vero
959 3563 1125 3628 nihil
1155 3559 1449 3624 absolute
1473 3564 1717 3621 certum
1753 3558 1831 3621 de
1863 3558 2170 3624 fidelitate
2196 3560 2298 3624 vel
2328 3561 2662 3624 erroribus
2712 3561 3138 3645 interpretum
3175 3565 3473 3629 allirmari
3523 3577 3743 3647 queat,

507 3675 769 3738 absente
793 3675 973 3731 textu
1002 3659 1352 3746 primitiVO.
1387 3676 1500 3720 cur
1527 3666 1589 3721 et
1618 3659 1757 3739 ipse
1791 3675 2019 3723 novam
2049 3661 2645 3742 interpretationem
2675 3680 3017 3744 aggressus
3041 3683 3184 3729 sum
3216 3670 3245 3728 ?
3276 3667 3441 3729 Huic
3470 3670 3744 3747 quaesito

507 3776 575 3837 in
602 3772 843 3855 praevia
871 3767 1314 3832 dissertatione
1346 3762 1755 3827 satisfaciam.
1790 3765 2009 3827 Dicam
2041 3772 2255 3828 tamen
2295 3766 2566 3845 plurima
2600 3784 2794 3829 sacrae
2823 3768 3166 3846 Scriptum
3189 3770 3321 3833 loca
3350 3787 3384 3832 a
3418 3773 3744 3835 Wetstino

508 3884 616 3938 aut
649 3891 774 3937 non
805 3872 1007 3934 fuisse
1038 3867 1272 3948 agnita,
1306 3871 1415 3927 aut
1448 3865 1610 3927 male
1645 3865 1894 3928 reddita
1923 3865 2124 3929 fuisse
2170 3885 2186 3924 :
2220 3867 2512 3947 quamvis
2545 3866 2610 3930 id
2640 3867 2887 3930 crcditu
2919 3869 3180 3931 diﬂicile
3215 3870 3413 3932 videri
3443 3881 3632 3951 queat
3665 3874 3746 3936 de

507 3976 649 4037 viro
683 3981 806 4036 tam
842 3973 954 4033 diu
987 3971 1050 4031 in
1085 3973 1283 4033 sacris
1310 3970 1543 4033 litteris
1578 3977 1853 4034 versato.
1887 3971 2034 4046 Sed,
2067 3971 2124 4033 si
2156 3971 2288 4034 haec
2320 3972 2457 4035 loca
2481 3972 2762 4050 agnovit,
2791 3990 2905 4033 cur
2923 3990 3324 4036 communem
3356 3975 3543 4037 etiam
3574 3979 3742 4056 apud

508 4092 662 4136 suos
691 4069 1282 4162 interpretationem
1331 4070 1724 4150 abjudicavit
1755 4073 1783 4131 ?
1818 4073 2085 4134 Errores
2122 4071 2434 4134 Wetstini
2486 4072 2920 4134 aberrationes
2953 4073 3334 4138 traductoris
3371 4075 3599 4139 Gallici
3642 4077 3740 4138 in-

508 4181 857 4241 duxerunt.

583 4280 906 4358 Praecipua
939 4278 1137 4357 igitur
1167 4277 1321 4338 mihi
1374 4295 1528 4340 cura
1575 4277 1873 4340 incubuit
1906 4286 1995 4354 ut,
2031 4280 2097 4342 in
2130 4279 2246 4343 hac
2275 4279 2440 4344 silva
2471 4281 2883 4356 densissima,
2913 4283 3166 4347 divinas
3191 4285 3555 4365 detegerem
3589 4303 3739 4349 sen-

505 4381 736 4442 tentias
771 4396 1006 4458 easque
1033 4377 1526 4439 manifestarem.
1562 4379 1659 4440 An
1693 4387 1936 4440 rectum
1968 4380 2088 4440 iter
2115 4381 2462 4454 tenuerim,
2488 4380 2739 4461 judicet
2765 4381 2913 4460 pius
2944 4399 3014 4444 ac
3047 4383 3343 4445 eruditus
3386 4383 3605 4454 lector,
3646 4385 3744 4445 in-

505 4481 731 4560 primis
759 4486 965 4540 textus
1000 4478 1449 4540 antecedentes
1481 4481 2029 4558 consequentibus
2051 4481 2389 4560 jungendo
2446 4491 2509 4545 et
2546 4485 2996 4563 comparando.
3032 4483 3415 4546 Dialectices
3451 4484 3623 4545 enim
3651 4503 3745 4546 re-

506 4580 691 4660 gulas
748 4597 874 4642 non
936 4579 1264 4659 ignorabat
1313 4587 1574 4642 sanctus
1655 4581 1980 4656 Clemens,
2041 4601 2158 4645 nec
2220 4586 2503 4664 supponi
2565 4586 2756 4649 debet
2813 4594 3029 4649 contra
3075 4585 3217 4647 illas
3275 4584 3562 4649 voluisse
3610 4589 3745 4652 dis-

506 4701 750 4744 serere.

580 4785 911 4856 Praaterea,
945 4799 1024 4844 ne
1070 4799 1272 4844 unum
1303 4782 1569 4861 quidem
1599 4790 1845 4847 textum
1877 4801 2118 4848 novum
2143 4785 2501 4864 introduxi,
2531 4789 2644 4852 sed
2675 4807 2933 4870 semper
2962 4796 3268 4858 Wetstini
3301 4795 3743 4873 interpretatio

506 4886 717 4948 oculis
746 4885 905 4948 meis
934 4884 1217 4964 subjecta
1252 4895 1370 4960 est,
1403 4888 1556 4949 dum
1591 4889 1982 4971 irregulares
2015 4899 2073 4952 et
2118 4901 2436 4956 contortas
2477 4895 2616 4974 ejus
2648 4895 3009 4960 locutiones
3046 4899 3422 4961 rectitudini
3467 4897 3744 4960 naturali

506 4986 942 5050 restituebam.
985 4989 1112 5049 Nec
1145 4986 1392 5066 primus
1426 4989 1594 5051 viam
1629 4991 1790 5053 hanc
1824 4990 2157 5071 ingressus
2183 5011 2324 5055 sum
2375 5015 2389 5055 :
2428 4995 2613 5057 multi
2647 4995 2821 5057 enim
2862 5003 3008 5058 ante
3040 5014 3164 5072 me,
3199 4997 3269 5058 in
3329 4995 3743 5075 antiquorum

507 5095 838 5150 auctorum
858 5087 1306 5166 explicatione,
1333 5093 1632 5169 audaces,
1656 5101 1727 5157 ut
1755 5094 1850 5157 sic
1882 5096 2130 5176 loquar,
2155 5087 2557 5176 conjecturas
2583 5099 2965 5174 emiserunt,
2989 5116 3134 5179 qum
3169 5111 3414 5178 postea,
3435 5099 3513 5160 ab
3537 5097 3744 5160 omni-

507 5188 628 5252 bus
659 5189 959 5262 eruditis,
1001 5197 1070 5251 ut
1108 5193 1409 5256 veritates
1461 5195 1870 5259 inconcussa
1903 5205 2172 5277 receptae
2201 5209 2372 5261 sunt.
2401 5202 2533 5279 Ego
2564 5217 2716 5263 vero
2757 5201 3104 5275 rarissnme’,
3135 5219 3253 5264 nec
3274 5199 3484 5263 forsan
3518 5201 3739 5274 semel,

510 5292 704 5356 meris
726 5292 996 5355 innixus
1029 5310 1175 5355 sum
1199 5295 1630 5375 conjecturis;
1669 5300 1806 5372 sed,
1839 5306 1907 5360 ut
1950 5299 2326 5378 plurimum,
2361 5317 2506 5379 pars
2549 5301 2838 5379 quaadam
2866 5308 3081 5364 textus
3105 5303 3306 5382 agniti
3338 5303 3415 5364 ad
3452 5303 3741 5365 notitiam

508 5397 740 5476 partis,
773 5414 901 5476 prae
932 5397 1316 5460 confusione
1354 5399 1695 5462 verborum
1727 5398 2118 5481 ignotaa,'me
2173 5401 2466 5465 deduxit.
2494 5403 2556 5464 Si
2593 5401 2726 5465 fere
2770 5403 3015 5485 ubique
3047 5402 3238 5464 verba
3282 5402 3588 5464 Wetstini
3638 5401 3745 5463 ab-

508 5497 877 5577 dicaverim,
915 5499 1105 5560 etiam
1163 5503 1421 5578 quando
1455 5504 1668 5584 ipsius
1703 5506 1928 5569 sensui
1962 5506 2229 5580 stabam,
2266 5505 2506 5568 nedum
2543 5493 2897 5580 adversari,
2935 5507 3154 5587 potius
3197 5521 3439 5567 morem
3475 5504 3599 5582 ipsi
3635 5521 3742 5582 ge-

509 5619 677 5678 rere,
704 5606 1090 5670 existimavi.
1139 5609 1247 5670 Sic
1277 5611 1451 5672 enim
1485 5612 1776 5693 loquitur
1799 5613 1865 5675 in
1891 5628 2158 5676 suorum
2188 5612 2694 5692 Prolegomenon
2729 5613 3150 5676 conclusione
3187 5629 3201 5669 :
3229 5631 3262 5668 «
3289 5605 3739 5672 Conversionis

507 5697 750 5769 Latinas
795 5709 946 5771 vitia
976 5717 1037 5771 et
1069 5710 1527 5793 inelegantiam
1561 5719 1881 5797 benignus
1944 5719 2140 5781 lector
2189 5717 2574 5780 condonabit
2619 5715 2870 5779 homini
2917 5719 2982 5781 in
3017 5733 3212 5808 opere
3266 5731 3434 5779 novo
3481 5719 3542 5774 et
3586 5707 3739 5772 satis

579 5857 599 5888 ³
626 5855 666 5912 ιι
701 5857 824 5915 Cor.
867 5876 943 5928 ιι,
981 5861 1065 5915 14.
