4100 6278
437 389 542 443 ὅῐὶὂ
1353 381 1706 438 EPISTOLE
1744 381 1829 434 AD
1863 380 2201 439 VlRGlNES.
2230 413 2299 422 —
2330 382 2691 438 PROOEMIA.
3550 379 3654 436 354

443 501 714 564 ωοιρειο
741 514 960 577 parum
994 502 1358 568 exercitato,
1405 505 1466 560 et
1497 498 1848 560 amicorum
1896 499 2086 559 etiam
2118 499 2434 570 consiliis,
2459 498 2608 560 licet
2640 497 2930 575 undique
2962 495 3286 572 expetitis,
3317 495 3648 559 destituto.

436 605 763 680 Quosdam
796 602 985 663 etiam
1017 601 1131 680 qui
1162 597 1230 658 in
1267 603 1512 657 textum
1535 595 1879 673 'Syriacum
1912 594 2308 673 irrepserunt
2341 613 2702 670 errores...,
2737 596 2930 658 etiam
2983 611 3083 655 me
3140 611 3267 655 non
3318 603 3645 670 monente,

440 703 627 765 facile
655 701 954 781 corriget.
995 724 1023 757 ιο

529 822 738 885 Prima
767 820 963 899 hujus
996 819 1117 882 loci
1149 821 1334 884 verba
1373 819 1680 882 Wetstini
1737 818 2113 881 modestiam
2177 819 2654 887 commendant:
2703 819 3056 899 posteriora
3093 839 3235 900 qua
3290 838 3416 883 non
3475 823 3660 885 intel-

448 922 684 984 lexerit
719 929 828 982 aut
860 921 1239 1000 neglexerit,
1265 921 1670 982 confitentur.
1697 919 2075 980 Modestiam
2115 918 2342 993 laudo;
2377 920 2733 984 tenebrosis
2769 920 2950 994 locis,
2984 929 3292 999 quantum
3321 922 3386 982 in
3408 939 3507 984 me
3540 932 3655 997 est,

444 1021 652 1081 lucem
685 1020 920 1094 aﬂ‘ero;
973 1019 1452 1100 negligentiam,
1499 1021 1555 1083 si
1581 1039 1724 1102 qua
1751 1020 1970 1097 fuerit,
2004 1039 2294 1100 reparare
2327 1039 2543 1085 conor.
2579 1026 2806 1085 Nonne
2859 1025 2951 1086 sic
2981 1025 3288 1087 Wetstini
3345 1025 3508 1088 votis
3552 1027 3661 1088 ob-

444 1129 736 1198 tempero
764 1121 793 1180 ?

523 1250 796 1310 Omnem
840 1247 974 1310 fere
1006 1261 1364 1309 sermonem
1400 1262 1590 1307 suum
1623 1250 1879 1305 sanctus
1920 1242 2214 1305 Clemens
2245 1262 2278 1305 e
2305 1243 2588 1308 fontibus
2636 1247 2834 1308 sacris
2863 1247 3240 1322 desumpsit.
3274 1249 3481 1311 Nullis
3511 1269 3664 1331 ergo

443 1349 773 1410 laboribus
824 1366 1112 1427 parcens,
1167 1345 1427 1407 eosdem
1474 1343 1684 1406 fontes
1741 1343 1999 1404 assidue
2032 1343 2228 1416 adivi,
2265 1361 2450 1423 quos,
2477 1347 2691 1424 utjam
2735 1347 2975 1410 dictum
3018 1360 3134 1427 est,
3185 1356 3549 1418 Wetstinus
3581 1376 3660 1419 ne

443 1446 808 1523 suspicatus
855 1445 1117 1523 quidem
1159 1443 1361 1506 fuisse
1418 1445 1694 1506 videtur.
1749 1443 1925 1504 Unde
1978 1450 2190 1504 textus
2228 1443 2586 1520 deprompti
2633 1443 2895 1519 fuerint,
2936 1447 3068 1510 fere
3126 1451 3370 1530 ubique
3419 1457 3659 1528 notavi,

444 1543 668 1604 saltem
701 1543 956 1621 quando
995 1541 1240 1620 phrasis
1273 1540 1428 1602 satis
1455 1540 1698 1620 integra
1735 1540 2026 1617 apparuit
2055 1561 2069 1598 :
2099 1555 2226 1600 non
2259 1539 2431 1600 enim
2466 1540 2842 1604 vocabulum
2887 1554 3224 1626 quodlibet
3273 1574 3521 1624 sacrum
3556 1560 3662 1620 in-

446 1646 646 1709 dicari
675 1646 920 1721 debuit,
953 1663 1034 1706 ne
1057 1645 1415 1708 innumera
1446 1643 1653 1706 forent
1684 1651 1868 1705 nota.
1898 1641 2274 1702 Versionem
2305 1642 2624 1722 adoptavi,
2658 1662 2786 1708 non
2807 1650 3215 1735 Septuaginta
3237 1661 3664 1737 lnterpretum

445 1762 556 1816 aut
613 1752 879 1815 alterius
947 1752 1236 1831 cujusvis
1271 1749 1689 1821 traductoris;
1726 1747 1840 1810 sed
1873 1744 2176 1824 Vulgata,
2218 1743 2334 1805 etsi
2385 1745 2670 1806 nondum
2729 1755 3011 1828 tempore
3069 1757 3267 1817 sancti
3319 1758 3661 1820 Clementis

447 1861 768 1920 existeret.
802 1860 958 1929 Imo,
991 1859 1058 1918 in
1088 1853 1328 1918 cateris
1362 1850 1544 1921 locis,
1577 1845 2052 1928 quandolibera
2084 1845 2241 1906 mihi
2273 1850 2515 1922 poterat
2547 1862 2691 1907 esse
2724 1849 3062 1913 verborum
3093 1853 3264 1916 idem
3295 1856 3659 1936 signiﬁcan-

449 1962 608 2022 tium
641 1957 894 2030 electio,
927 1955 1179 2035 pratuli
1211 1952 1343 2014 fere
1376 1965 1630 2027 semper
1655 1964 1844 2010 voces
1876 1963 1910 2007 a
1941 1944 2212 2025 Vulgata
2251 1952 2675 2009 consecratas.

529 2086 750 2145 Lector
779 2087 1058 2144 attentus
1097 2087 1159 2141 et
1190 2076 1513 2156 prudens,
1544 2073 1734 2135 modo
1767 2069 2105 2150 primitiva
2132 2067 2433 2130 Ecclesia
2467 2069 2777 2148 tantisper
2808 2072 3033 2137 calleat
3066 2077 3403 2155 spiritum,
3434 2095 3657 2142 move.

448 2182 619 2244 bitur
648 2181 760 2243 has
797 2181 1072 2261 legendo
1108 2177 1459 2256 Epistolas,
1495 2173 1874 2237 extrinsecis
1911 2189 2072 2251 quas
2113 2170 2387 2250 prabent
2415 2172 2916 2239 authenticitatis
2949 2179 3441 2257 probationibus
3463 2227 3479 2256 ,
3514 2200 3663 2246 sen-

450 2283 690 2364 tietque
721 2301 910 2364 quam
943 2281 1209 2343 insulsa
1243 2279 1511 2358 viroque
1548 2276 1722 2355 gravi
1764 2274 2047 2352 indigna
2082 2273 2211 2335 sint
2239 2272 2673 2336 cavillationes
2705 2278 2778 2338 D.
2817 2277 2895 2339 de
2926 2280 3296 2362 Prémagny.
3331 2283 3478 2345 Sine
3510 2281 3659 2344 fuco

451 2393 559 2446 aut
589 2384 944 2446 ambitiosis
979 2381 1366 2444 ornamentis
1400 2386 1686 2440 sanctum
1717 2377 2101 2449 Pontiﬁcem,
2137 2374 2369 2453 spiritu
2402 2376 2752 2454 apostolico
2788 2378 3048 2456 plenum
3075 2428 3090 2456 ,
3120 2383 3404 2446 locutum
3431 2385 3660 2458 fuisse,

453 2507 638 2556 nemo
668 2489 939 2572 partium
971 2488 1185 2552 studio
1220 2485 1471 2550 alienus
1492 2527 1510 2558 ,
1543 2481 1951 2543 inﬁciabitur.
1984 2480 2148 2540 Hinc
2177 2479 2402 2540 doctus
2430 2480 2666 2540 Junius
2698 2482 3004 2543 Patricius
3025 2483 3154 2561 jam
3189 2484 3490 2547 odoratus
3521 2485 3663 2547 fue-

452 2603 541 2657 rat
574 2593 1110 2657 authenticitatem
1146 2595 1364 2672 prima
1399 2589 1598 2653 sancti
1627 2585 1971 2651 Clementis
2006 2585 2305 2662 Epistola
2330 2585 2407 2647 ad
2438 2586 2824 2648 Corinthios.

530 2716 768 2776 Monita
794 2731 939 2794 qua
969 2713 1328 2789 virginibus
1359 2713 1591 2774 dantur
1611 2757 1628 2785 ,
1661 2727 1695 2771 a
1726 2708 2070 2787 Scripturis
2107 2707 2334 2782 sacris,
2368 2714 2439 2771 ut
2462 2708 2593 2788 jam
2624 2707 2801 2779 dixi,
2832 2708 2946 2770 sed
2979 2712 3322 2787 prasertim
3352 2729 3386 2774 a
3416 2715 3668 2795 scriptis

455 2814 882 2894 apostolorum
913 2821 974 2874 et
1003 2814 1538 2893 evangelistarum
1561 2855 1576 2884 ,
1611 2816 1949 2872 eruuntur.
1985 2807 2079 2868 Ad
2113 2809 2372 2871 eosdem
2418 2809 2804 2888 quandoque
2857 2809 3196 2871 revertitur
3240 2828 3470 2874 sensus
3519 2815 3667 2892 pius

461 2914 746 2979 Pontifex
780 2938 795 2976 :
827 2922 950 2976 tam
980 2914 1206 2976 ardens
1238 2920 1330 2974 est
1360 2911 1498 2991 ejus
1542 2907 1935 2971 desiderium
1979 2906 2337 2986 virginibus
2370 2907 2508 2967 suis
2553 2905 2909 2984 inspirandi
2949 2923 3226 2969 amorem
3270 2908 3572 2972 virtutum
3604 2920 3669 2972 et

474 3018 774 3079 vitiorum
815 3017 1174 3078 horroreml
1207 3015 1485 3094 Oblique
1526 3011 1894 3108 perstringit
1927 3010 2316 3072 Christianos
2347 3010 2744 3089 hypocritas,
2796 3009 2908 3089 qui
2959 3010 3240 3074 carnales
3275 3030 3506 3074 sensus
3548 3015 3670 3075 sub

466 3118 842 3180 vestimento
889 3116 1140 3195 pietatis
1195 3106 1630 3183 occultabant;
1680 3108 1994 3188 pracipue
2042 3125 2191 3170 vero
2241 3107 2508 3184 perﬁdos
2553 3106 2882 3168 hareticos
2929 3107 3042 3185 qui
3080 3108 3208 3185 jam
3249 3117 3400 3170 tunc
3447 3110 3666 3172 Eccle-

464 3219 622 3281 siam
652 3219 1038 3288 lacerabant,
1074 3231 1364 3294 quosque
1393 3211 1617 3291 pagani
1652 3208 1886 3287 sapius
1918 3206 2390 3270 confundebant
2417 3222 2561 3267 cum
2592 3205 2761 3267 veris
2793 3205 3026 3267 Christi
3055 3207 3418 3286 discipulis.

528 3342 643 3403 His
675 3337 1089 3414 temporibus,
1115 3332 1646 3414 quemadmodum
1679 3329 1893 3401 hodie,
1921 3328 2186 3390 castitati
2215 3345 2281 3390 se
2308 3327 2702 3388 devovebant
2734 3325 3008 3404 duplicis
3047 3329 3297 3405 generis
3330 3347 3618 3406 persona
3649 3355 3669 3394 :

461 3445 686 3524 primo,
710 3441 823 3522 qui
852 3440 930 3502 ad
960 3436 1388 3501 ministerium
1422 3449 1667 3494 sacrum
1701 3430 2118 3502 vocabantur;
2149 3428 2383 3490 deinde
2415 3429 2526 3506 qui
2562 3428 2628 3488 in
2657 3427 2892 3488 saculo
2924 3437 3351 3502 remanentes,
3377 3429 3672 3494 homines

461 3547 560 3608 vel
593 3544 882 3613 femina,
916 3540 993 3602 ad
1028 3537 1480 3618 perfectionem
1533 3530 1961 3609 evangelicam
2000 3528 2362 3589 tendebant.
2399 3527 2723 3588 Prioribus
2767 3535 3023 3588 sanctus
3061 3527 3354 3590 Clemens
3386 3545 3670 3591 comme-

463 3653 659 3710 morat
687 3641 1034 3706 vocationis
1074 3636 1530 3700 sublimitatem
1553 3673 1570 3701 ,
1605 3649 1684 3693 ne
1715 3629 2022 3709 degeneri
2047 3628 2528 3691 conversatione
2577 3628 2749 3689 illam
2786 3629 3169 3706 deprimant.
3228 3632 3324 3702 Et,
3360 3633 3669 3710 quoniam

462 3742 782 3806 humilitas
812 3746 1024 3802 custos
1056 3743 1150 3798 est
1181 3735 1323 3796 vita
1353 3730 1658 3810 angelica
1685 3745 1878 3807 quam
1914 3727 2148 3788 ducere
2177 3725 2409 3787 debent
2440 3727 2791 3804 prasertim
2819 3727 3050 3787 Christi
3084 3728 3386 3801 ministri,
3413 3739 3672 3792 sanctus

462 3843 749 3907 Pontifex
779 3838 1141 3918 superbiam
1163 3879 1179 3906 ,
1213 3847 1599 3912 quocunque
1636 3846 1704 3889 se
1753 3833 1951 3888 vertat
1981 3832 2042 3887 et
2073 3825 2450 3897 abscondat,
2487 3829 2928 3907 persequitur,
2961 3827 3230 3907 ejusque
3265 3830 3532 3893 latebras
3562 3833 3671 3893 ile-

459 3947 613 4025 tegit
643 3945 710 4006 in
743 3940 1185 4022 pradicatione
1207 3981 1222 4008 ,
1257 3932 1669 4005 exorcismis,
1703 3930 2077 4009 caterisque
2113 3929 2356 3990 actibus
2390 3929 2580 3991 etiam
2611 3932 3052 3996 sanctissimis.
3085 3936 3241 3996 Cum
3267 3943 3478 3999 autem
3512 3955 3670 4016 pra-

461 4049 740 4126 sumptio
773 4065 841 4108 ac
871 4042 1197 4106 temeritas
1239 4039 1551 4120 plurimos
1579 4036 1648 4098 in
1677 4035 2103 4114 perditionem
2144 4034 2558 4108 induxerint,
2593 4041 2920 4104 cautiones
2965 4038 3249 4118 suggerit
3286 4042 3520 4119 quibus
3551 4061 3668 4121 pe-

463 4151 735 4215 riculum
767 4149 844 4210 de
856 4147 1106 4207 vitetur.

537 4271 858 4350 Utrisque,
893 4268 960 4330 id
991 4270 1085 4328 est
1114 4257 1362 4325 clericis
1393 4263 1454 4318 et
1493 4255 1852 4336 virginibus
1887 4255 1950 4316 in
1987 4255 2222 4317 saculo
2257 4253 2660 4334 degentibus,
2695 4261 2763 4316 ut
2801 4263 3086 4318 sanctum
3118 4259 3408 4320 timorem
3437 4261 3671 4324 animis

463 4385 683 4431 eorum
714 4366 1000 4437 incutiat,
1027 4363 1272 4439 lapsum
1301 4354 1560 4418 exhibet
1591 4354 2010 4432 quarumdam
2048 4353 2485 4416 columnarum
2508 4371 2650 4432 qua
2675 4354 3070 4416 inconcussa
3099 4364 3159 4416 et
3191 4354 3468 4419 immotae
3493 4360 3667 4420 credi

466 4473 770 4546 poterant.
806 4465 914 4527 Eis
941 4471 1149 4526 tamen
1181 4462 1461 4523 animum
1494 4459 1703 4531 addit,
1741 4475 2095 4520 memorans
2131 4457 2363 4536 gratias
2406 4457 2992 4535 protectionemque
3028 4475 3062 4520 a
3090 4457 3244 4522 calo
3291 4472 3666 4540 praeparatas

463 4568 790 4630 animabus
820 4563 1020 4627 cautis
1048 4579 1119 4623 ac
1148 4560 1594 4638 prudentibus.

544 4684 936 4753 Wetstinus,
966 4680 1077 4762 qui
1110 4685 1274 4740 certe
1304 4677 1548 4738 laudari
1582 4685 1860 4738 meretur
1889 4676 2063 4756 quod
2098 4677 2297 4738 sancti
2331 4677 2674 4740 Clementis
2702 4679 3004 4756 epistolas
3055 4699 3182 4745 non
3232 4684 3668 4763 depravaverit

464 4785 694 4846 absona
729 4781 1042 4860 elegantia
1065 4794 1207 4858 qua
1231 4793 1489 4838 sensum
1521 4794 1738 4838 earum
1771 4777 2188 4838 intervertere
2220 4777 2555 4854 potuisset,
2583 4777 3037 4857 negligentiam
3071 4782 3393 4846 interdum
3423 4803 3526 4847 eas
3556 4787 3668 4848 de-

466 4884 861 4946 decorantem
899 4881 1188 4956 admisit,
1223 4898 1364 4959 qua
1397 4880 1668 4942 multum
1702 4897 1930 4942 nocere
1960 4880 2180 4942 debuit
2213 4881 2492 4958 ipsarum
2523 4882 2904 4943 auctoritati.
2942 4885 3117 4948 Adeo
3155 4905 3371 4965 parum
3422 4889 3665 4949 curavit

466 4989 850 5068 conjungere
895 4985 1174 5048 auctoris
1203 4985 1304 5046 sui
1337 4985 1791 5064 cogitationes,
1827 4992 1896 5046 ut
1931 5002 2036 5046 eas
2073 4985 2289 5062 potius
2343 4983 2714 5064 disjungere
2763 4987 3092 5052 studuisse
3137 4991 3449 5053 videatur.
3492 4991 3663 5053 Nihil

467 5094 670 5148 tamen
700 5085 954 5149 facilius
987 5093 1114 5149 erat
1154 5107 1341 5168 quam
1374 5089 1674 5168 phraseos
1701 5089 2012 5169 regularis
2043 5089 2452 5151 constructio.
2811 5095 2824 5110 ’

537 5214 740 5276 Venia
772 5213 929 5275 mihi
960 5214 1341 5277 concedatur
1371 5216 1424 5276 si
1459 5215 1736 5276 laborem
1779 5215 2023 5276 viribus
2065 5213 2224 5276 forte
2255 5214 2414 5276 meis
2463 5215 2861 5294 superiorem
2905 5215 3384 5295 assumpserim.
3419 5217 3662 5277 Homo-

468 5333 695 5396 nymus
725 5319 896 5379 filius
925 5321 1167 5380 Patrem
1218 5321 1530 5382 honorare
1566 5319 1782 5382 voluit.
1817 5323 2123 5382 Praterea
2153 5321 2388 5398 sapius
2431 5320 2596 5383 clare
2642 5321 2937 5399 exprimit
2975 5322 3195 5383 beatus
3246 5320 3537 5382 Clemens
3567 5335 3666 5379 sa-

468 5432 926 5486 cramentorum
965 5423 1263 5486 Ecclesia
1298 5440 1483 5483 usum
1507 5468 1524 5499 ,
1554 5430 1902 5500 prasertim
1938 5423 2163 5484 divina:
2192 5425 2630 5496 Eucharistiw,
2667 5441 2985 5501 sacraque
3024 5423 3490 5502 exomologesis
3522 5440 3665 5500 pec-

469 5539 746 5592 catorum
773 5552 789 5596 ;
822 5530 1256 5591 intemeratam
1289 5528 1541 5592 extollit
1570 5529 1997 5609 virginitatem
2028 5529 2413 5591 beatissima
2444 5531 2679 5603 Maria,
2708 5545 2848 5608 qua
2877 5526 3016 5590 cali
3049 5527 3389 5588 Dominum
3421 5531 3664 5604 gremio

469 5644 584 5689 suo
619 5635 866 5707 gestare
899 5630 1153 5691 meruit.
1200 5628 1446 5691 Pectori
1478 5645 1619 5690 meo
1648 5629 1854 5690 dulcis
1891 5636 2020 5691 erat
2049 5629 2452 5708 reproductio
2481 5629 2671 5708 hujus
2705 5628 2979 5707 antiqua
3016 5629 3155 5689 fidei
3193 5629 3489 5688 Romana
3518 5642 3662 5706 qua

471 5744 722 5806 semper
741 5729 958 5791 eadem
975 5730 1120 5804 fuit,
1141 5741 1236 5791 est
1267 5736 1329 5790 et
1349 5727 1489 5789 erit.
1510 5730 1800 5791 Sanctum
1821 5729 2205 5792 Clementem
2236 5745 2442 5790 amare
2474 5728 2660 5790 debet
2690 5727 2914 5799 Gallia,
2935 5744 3076 5806 qua
3103 5725 3180 5787 ab
3208 5725 3349 5804 ipso
3379 5723 3663 5802 suscepit

477 5827 694 5904 plures
726 5829 1034 5893 antistites
1072 5850 1249 5904 suos,
1281 5847 1756 5909 generososque
1795 5842 2122 5912 martyres.
2147 5835 2344 5895 Nemo
2374 5839 2584 5898 autem
2620 5848 2765 5914 eum
2801 5825 2943 5910 plus
2981 5829 3247 5910 diligere
3275 5846 3348 5893 ac
3375 5825 3660 5890 venerari
