4100 6278
479 374 586 430 555
1254 377 1309 433 S.
1345 376 1739 432 CLEMENTIS
1771 378 1792 431 ι
1825 375 1994 434 ROM.
2027 377 2231 434 ΡΟΝΤ.
2269 376 2496 433 OPERA
2527 375 2852 435 GENUINA.
3586 385 3689 440 556

478 491 666 555 debet
696 507 885 570 quam
913 490 1259 572 episcopus
1290 494 1404 573 qui
1435 494 1606 556 claro
1644 495 1784 573 ejus
1813 495 2075 557 nomine
2104 495 2474 574 insignitur,
2501 497 2746 576 quique
2778 511 3116 558 successor
3144 501 3238 557 est
3266 497 3468 558 sancti
3500 498 3693 580 hujus

479 592 810 670 Eutropii,
851 593 1136 673 episcopi
1175 603 1236 657 et
1279 597 1610 676 martyris,
1646 614 1840 677 quem
1883 597 1963 658 ad
2004 598 2539 678 evangelizandos
2585 597 2894 659 Santones
2942 596 3165 658 beatus
3210 595 3503 659 Clemens
3554 600 3693 677 ipse

479 691 760 752 miserat.

557 790 779 850 Latine
804 789 1175 871 Gallieeque
1209 790 1380 854 hunc
1405 791 1640 854 librum
1672 792 1889 874 edidi;
1923 809 2050 855 non
2087 795 2261 857 enim
2307 809 2422 872 pro
2460 792 2618 855 solis
2655 789 3072 870 popularibus
3102 792 3264 854 meis
3306 793 3689 871 scribebam,

477 888 591 949 sed
627 906 738 967 pro
771 890 1069 951 omnibus
1099 889 1284 952 etiam
1316 896 1634 956 extraneis
1652 895 1889 974 quibus
1910 895 2042 958 hanc
2069 896 2256 958 lectio
2293 898 2595 974 prodesse
2622 901 2886 974 poterat.
2914 895 3221 960 Cmterum
3255 900 3691 962 necessarium

477 1001 610 1055 erat
651 1011 975 1073 opponere
1011 993 1411 1058 translationi
1445 999 1728 1061 confusa)
1757 999 2065 1061 Wetstini
2111 1008 2355 1062 textum
2405 999 2647 1061 clarum
2691 1005 2753 1059 et
2782 996 3093 1058 lucidum.
3139 996 3382 1059 Utinam
3418 999 3690 1061 aadiﬁca-

477 1094 653 1156 tione
701 1103 761 1156 et
811 1098 1305 1161 sanctiﬁcatione
1343 1103 1632 1165 omnium
1664 1102 1975 1165 lectorum
2031 1107 2203 1166 Deus
2235 1104 2533 1182 Optimus
2580 1101 2899 1164 Maximus
2933 1100 3275 1178 adimpleat
3305 1102 3513 1164 cordis
3558 1106 3685 1166 mei

476 1191 800 1253 desideria
835 1194 850 1252 l

553 1289 832 1365 Epistola
866 1291 1021 1366 haac,
1054 1294 1340 1362 Antistes
1370 1304 1633 1380 Optime,
1667 1306 1920 1386 longior
1956 1306 2283 1386 apparebit
2311 1303 2722 1384 quibusdam,
2757 1304 3107 1382 prtesertim
3130 1305 3420 1385 longiore
3445 1307 3687 1371 disser-

473 1390 712 1452 tatione
770 1410 912 1455 eam
983 1397 1439 1480 subsequente.
1491 1407 1710 1483 Aliud,
1758 1426 1969 1489 spero,
2016 1409 2340 1489 judicium
2399 1409 2542 1484 erit,
2583 1414 2980 1472 momentum
3029 1404 3222 1486 hujus
3255 1404 3403 1466 libri
3443 1408 3688 1484 ponde-

471 1493 694 1557 rantis.

551 1591 616 1652 Si
646 1593 804 1673 quid
837 1595 905 1657 in
937 1597 1055 1660 hoc
1084 1614 1300 1677 opere,
1340 1603 1526 1665 velin
1562 1604 1709 1666 aliis
1740 1605 2287 1683 publicationibus
2315 1606 2499 1681 meis,
2526 1606 2740 1669 minus
2769 1614 3060 1670 exactum
3097 1608 3194 1670 vel
3215 1608 3684 1682 orthodoxam,

471 1702 688 1757 contra
722 1697 1135 1774 voluntatem,
1157 1699 1316 1761 mihi
1352 1700 1637 1778 elapsum
1661 1701 1880 1778 fuerit,
1915 1703 2036 1765 hoc
2067 1711 2272 1766 totum
2304 1704 2580 1784 subjicio
2612 1707 2990 1768 correctioni
3029 1715 3258 1770 sanctas
3311 1709 3527 1769 Matris
3568 1710 3686 1768 Ec-

469 1797 682 1859 clesia)
712 1801 1027 1873 Romanae,
1061 1800 1351 1881 sacrique
1384 1802 1564 1865 illius
1602 1805 1900 1879 Verticis,
1933 1804 2173 1885 quibus
2206 1804 2493 1883 spondeo
2519 1822 2590 1868 ac
2612 1806 2764 1886 juro
2795 1811 3223 1875 omnimodam
3256 1829 3328 1876 ac
3347 1813 3682 1888 sinceram,

467 1898 692 1980 inotimo
729 1919 805 1963 ex
833 1905 1042 1978 corde,
1073 1905 1441 1971 ﬁdelitatem
1475 1917 1537 1971 et
1565 1910 2019 1973 obedientiam.

545 1997 670 2070 Qui
701 1998 858 2061 mihi
885 2001 1216 2079 inspiravit
1245 2012 1314 2066 ut
1338 2005 1458 2068 hoc
1479 2024 1645 2086 opus
1673 2008 1789 2068 tibi
1844 2009 2229 2082 dedicarem,
2257 2009 2494 2072 Praesul
2523 2013 2953 2090 ornatissime,
2993 2019 3189 2094 Deus,
3223 2019 3510 2080 omnium
3541 2018 3684 2080 fons

466 2093 803 2171 bonorum,
831 2100 1090 2177 spiritui
1125 2110 1235 2165 tuo
1264 2104 1709 2170 indesinenter
1735 2108 1925 2183 adsit,
1957 2116 2150 2190 teque
2201 2111 2318 2174 diu
2346 2110 2649 2176 Ecclesiae
2677 2112 2896 2192 decus,
2933 2117 3218 2182 ﬁdelium
3278 2120 3495 2185 lumen
3537 2121 3681 2182 ani-

468 2213 734 2273 marum,
769 2210 828 2264 et
858 2204 1212 2266 Praasulum
1242 2209 1594 2288 exemplar,
1628 2211 2021 2275 incolumem
2051 2222 2288 2279 servet.

546 2305 723 2367 Tuus
753 2307 820 2368 in
855 2307 1105 2371 Christo
1140 2315 1202 2371 et
1233 2307 1432 2371 Maria
1458 2308 1934 2375 addictissimus
1961 2329 2216 2390 servus,

2740 2470 2782 2542 ἰ-
2825 2468 3207 2541 CLEMENS,

2245 2617 2579 2666 EPISCOPUS
2640 2621 3054 2666 RUPELLENSIS
3110 2623 3190 2663 ΕΤ
3234 2619 3673 2664 SANTONENSIS.

884 2737 1165 2788 Scribebam
1187 2738 1427 2802 Bupella,
1456 2739 1539 2790 die
1557 2742 1724 2790 octava
1742 2739 2014 2793 Nativitatis
2039 2741 2092 2793 Β.
2120 2743 2183 2793 M.
2207 2743 2266 2794 V.
2290 2743 2427 2795 1852.

482 2925 3659 2958 ——————————_——_______._____________________________

1607 3068 1715 3140 DE‘
1759 3073 2069 3141 DUABUS
2117 3079 2526 3141 EPISTOLIS

816 3257 1480 3370 SANCTI
1556 3255 2554 3370 CLEMENTIS
2608 3255 3340 3394 ROMANI

1675 3484 1822 3572 AD
1891 3482 2462 3575 VIRGINES

1270 3693 2218 3808 DISSERTATIO
2294 3694 2860 3813 PR/EVIA

545 3923 619 3983 ln
684 3935 810 3998 qua
841 3913 1226 3997 expenditur
1275 3931 1500 3978 earum
1557 3913 2010 3978 authenticitas
2058 3921 2119 4054 ett
2161 3913 2549 3978 refelluntur
2596 3915 2991 3996 objectiones
3038 3935 3182 3998 quas
3221 3919 3373 3983 huic
3401 3939 3596 4001 Oppo-

1939 4010 2074 4054 nun
2108 4011 2207 4054 ur.

1939 4010 2207 4056 nuntur.

2044 4320 2093 4378 Α
2189 4310 2420 4367 Prorsus
2446 4311 2717 4365 ﬁrmatum
2746 4318 2831 4367 est
2859 4313 3001 4381 quod
3032 4329 3424 4382 persenseram,
3455 4317 3672 4386 quando

2122 4406 2178 4459 in
2205 4403 2609 4474 possessionem
2642 4417 2814 4456 meam
2846 4404 3016 4459 ambae
3067 4406 3184 4461 ista:
3205 4407 3456 4476 Epistolae
3483 4424 3673 4478 perve-

737 4332 902 4372 RATIO
941 4330 1091 4371 NOVE
1129 4331 1289 4372 HUJUS
1313 4331 1734 4373 PUBLICATIONIS.

529 4499 629 4554 Diu
673 4499 975 4555 desideravi
1005 4508 1059 4553 et
1095 4498 1318 4569 quaesivi
1357 4498 1494 4553 duas
1523 4499 1696 4554 sancti
1724 4496 2018 4556 Clementis

459 4587 690 4643 Romani
773 4589 1041 4659 Epistolas
1116 4589 1183 4641 ad
1239 4588 1486 4659 Virgines
1527 4631 1541 4657 ,
1620 4606 1740 4660 qua:
1813 4591 2019 4644 saeculo

459 4680 806 4750 praecedenti,
875 4679 1058 4734 divina
1115 4678 1328 4735 favente
1372 4679 1738 4746 Providentia,
1787 4680 2020 4736 inventa:

457 4771 689 4825 fuerant.

527 4863 794 4918 Noveram
821 4863 1039 4932 quidem
1097 4863 1297 4918 acriter
1347 4864 1712 4934 impugnatam
1761 4863 1930 4920 fuisse
1986 4880 2017 4918 a

458 4951 1004 5024 pseudo-reformatis
1073 4969 1259 5008 earum
1339 4955 1822 5019 authenticitatem,
1897 4969 2018 5024 qum

457 5047 620 5100 etiam
653 5044 1289 5116 quibusdamCatholicis
1334 5060 1534 5114 anceps
1579 5054 1633 5100 et
1683 5045 1845 5101 dubia
1900 5048 2016 5102 visa

459 5139 653 5193 fuerat.
685 5136 819 5192 Cum
852 5145 1029 5192 autem
1059 5145 1204 5192 certe
1239 5138 1434 5192 scirem
1462 5142 1516 5192 in
1541 5138 1626 5194 his
1649 5138 1874 5208 reperiri
1896 5155 2016 5209 qua:

457 5229 695 5300 perfecte
722 5229 1093 5300 congruebant
1126 5228 1450 5282 testimoniis
1485 5228 1661 5282 sancti
1703 5226 2014 5300 Hieronymi

457 5329 512 5375 et
540 5321 711 5376 sancti
734 5319 1042 5390 Epiphanii,
1074 5321 1391 5390 suspicabar
1421 5336 1452 5374 a
1479 5319 1764 5392 discipulis
1792 5320 2013 5376 Lutheri

457 5419 510 5468 et
539 5412 748 5466 Calvini
782 5412 895 5467 haec
936 5412 1275 5481 antiquitatis
1313 5423 1659 5466 monumenta
1706 5412 1876 5468 fuisse
1927 5429 2015 5468 re-

457 5505 682 5575 probata
713 5505 982 5576 praecipue
1009 5520 1073 5558 ex
1098 5504 1224 5558 odio
1265 5503 1612 5575 virginitatis,
1637 5511 1691 5559 et
1719 5520 1748 5558 a
1787 5505 2014 5575 quibus-

457 5592 582 5645 dam
612 5593 895 5647 catholicis
929 5593 1049 5649 ideo
1095 5608 1203 5648 non
1251 5593 1421 5648 fuisse
1447 5593 1685 5648 admissa
1723 5593 1865 5663 quod
1901 5593 2013 5646 haec

2121 4504 2339 4559 nerunt,
2389 4509 2591 4564 easque
2629 4503 2833 4550 attente
2881 4499 3238 4553 consideravi.
3281 4499 3504 4570 Insuper
3557 4502 3673 4555 sola

2122 4586 2397 4652 Wctstini,
2438 4588 2528 4657 qui
2562 4588 2660 4642 bas
2689 4603 2718 4642 e
2758 4586 2982 4658 Syriaco
3012 4590 3065 4643 in
3113 4589 3359 4644 Latinum
3411 4599 3670 4659 verterat,

2120 4680 2448 4750 negligentia
2479 4680 2724 4734 suﬁicere
2750 4681 2880 4734 mihi
2911 4682 3025 4736 visa
3053 4692 3151 4747 est,
3185 4691 3241 4736 ut
3263 4682 3429 4736 lector
3452 4700 3675 4754 respue-

2117 4777 2200 4821 ret
2231 4769 2495 4838 scriptum
2539 4769 2672 4823 adeo
2702 4768 3035 4823 inconditum
3085 4789 3097 4824 :
3155 4772 3366 4828 etiamsi
3415 4774 3559 4827 enim
3588 4776 3672 4829 vel

2120 4859 2344 4914 minime
2381 4859 2755 4915 altenderetur
2776 4861 3017 4925 ruditati,
3052 4878 3118 4916 ne
3164 4861 3340 4917 dicam
3368 4864 3670 4935 imperitizn,

2119 4945 2451 5014 Latinitatis,
2511 4950 2811 5014 rarissime,
2854 4959 2914 5005 ut
2971 4952 3081 5020 jam
3132 4952 3266 5018 dixi,
3305 4963 3483 5010 textus
3520 4955 3672 5010 Scri-

2118 5049 2290 5111 ptura
2319 5041 2586 5112 interpres
2614 5042 2991 5097 animadvertit
3018 5053 3072 5097 et
3093 5047 3312 5115 agnovit
3333 5065 3347 5113 ;
3370 5065 3466 5104 nec
3490 5049 3674 5106 forsan

2117 5133 2299 5190 minus
2349 5150 2476 5189 raro
2531 5137 2770 5190 auctoris
2845 5135 2928 5188 sui
2985 5137 3143 5205 plene
3193 5153 3414 5194 sensum
3471 5143 3665 5213 attigit.

2116 5227 2246 5282 lnde
2303 5228 2504 5282 factum
2559 5235 2644 5282 est
2714 5237 2769 5282 nt
2823 5229 3039 5298 'saepius
3106 5231 3518 5304 inintelligibilis
3576 5247 3673 5292 aut

2116 5320 2383 5375 barbarus
2462 5319 2704 5389 prodiret
2779 5320 2903 5389 lius
2981 5323 3156 5376 sancti
3226 5323 3519 5382 Clementis
3590 5327 3670 5380 la-

2114 5413 2232 5466 bor.

2183 5500 2470 5566 Exhorrui,
2501 5498 2694 5563 fateor,
2724 5499 2863 5554 hanc
2883 5500 3251 5558 diﬁicultatum
3279 5505 3464 5560 silvam
3497 5506 3676 5574 ingre-

2115 5592 2350 5646 diendo:
2382 5605 2482 5644 nec
2508 5588 2732 5644 deerant
2763 5593 2998 5649 rationes
3044 5595 3240 5664 quibus
3291 5597 3360 5651 ab
3390 5596 3472 5651 his
3509 5595 3677 5650 extri-

457 5697 489 5736 a
525 5683 791 5750 suspectis
813 5686 1066 5741 manibus
1103 5685 1281 5768 oblata
1334 5700 1444 5742 non
1483 5685 1618 5743 satis
1648 5692 1860 5742 mature
1882 5699 2018 5754 pon-
2048 5671 2090 5726 Β
2119 5682 2308 5737 candis
2338 5681 2518 5736 dumis
2543 5696 2868 5739 removerer.
2900 5684 3001 5739 Hic
3029 5687 3172 5740 enim
3213 5689 3363 5742 labor
3392 5688 3534 5758 exigi
3566 5703 3676 5741 non

455 5772 737 5828 derassent

2123 5781 2301 5846 potest
2341 5772 2408 5827 ab
2438 5771 2692 5842 episcopo
2738 5774 2886 5830 mille
2944 5776 3067 5833 aliis
3109 5778 3367 5848 gravibus
3410 5779 3559 5836 curis
3589 5781 3675 5833 in-
