4100 6278
429 351 541 405 557

1345 358 1702 416 EPISTOLE
1759 362 1848 416 AD
1918 361 2254 418 VIRGINES.
2289 395 2356 402 —
2392 359 2751 417 ΡΒΟΟΕΜιΑ.

3549 361 3653 416 35R

430 472 606 518 tento.
646 465 913 524 Praterea
963 470 1201 527 sciebam
1251 477 1514 532 sectarios
1567 493 1674 532 non
1726 479 1992 548 aquiores
2023 485 2067 540 Α
2095 481 2187 534 sed
2218 489 2273 535 et
2295 481 2568 549 defunctus
2605 478 2776 532 adhuc
2805 478 3010 531 locutus
3032 486 3109 531 est
3131 478 3173 540 ’,
3204 477 3471 546 dnm,per
3499 476 3654 545 plura

432 554 648 611 futuros
676 573 798 613 esse
827 574 953 630 erga
981 563 1440 621 elucubrationem
1473 584 1669 632 meam,
1706 577 1991 640 postquam

431 645 682 714 ejusdem
737 651 954 718 generis
987 651 1151 707 fetum
1199 671 1229 709 a
1263 657 1436 712 sodali
1480 661 1683 714 editum
1716 667 1826 715 tam
1878 661 1994 716 dire

435 737 776 794 lacesserint.
838 740 1220 812 Expendebam
1275 765 1493 818 quoque
1544 752 1837 818 modicum,
1900 752 1993 823 qui

432 831 642 898 sperari
694 842 898 902 posset,
945 837 1106 906 hujus
1152 843 1398 908 opusculi
1457 842 1741 899 fructum:
1795 845 1994 902 fratres

433 921 578 975 enim
610 925 781 977 nostri
813 936 1080 992 errantes,
1115 930 1218 984 hoc
1249 933 1395 987 edito
1444 935 1641 1001 libello,
1673 952 1781 990 non
1815 939 1994 993 minus

433 1027 598 1081 quam
645 1023 804 1069 antea
854 1017 1155 1088 virginitati
1193 1022 1390 1078 infensi
1421 1035 1601 1092 erunt,
1633 1029 1842 1082 etiamsi
1876 1029 1995 1084 luce

432 1105 636 1160 clarius
671 1109 990 1177 probaretur
1020 1113 1360 1170 authentieas
1383 1132 1504 1172 esse
1541 1119 1715 1173 sancti
1747 1121 1995 1176 Clemen-

433 1197 507 1250 tis
544 1196 812 1267 Epistolas
852 1203 916 1255 ad
953 1202 1220 1274 Virgines.
1245 1205 1361 1259 Non
1390 1207 1654 1276 siquidem
1682 1210 1809 1264 huic
1859 1227 1995 1280 pon-

433 1289 566 1342 tifici
591 1289 801 1344 felicior
831 1294 1109 1365 obtingere
1139 1312 1260 1352 sors
1290 1308 1467 1366 potest
1488 1316 1650 1369 quam
1673 1303 1798 1357 divo
1824 1303 1995 1359 Paulo

433 1382 590 1449 cujus
625 1393 742 1437 erat
799 1387 1121 1458 discipulus.
1179 1392 1443 1446 Catholici
1506 1397 1605 1449 hoc
1643 1412 1784 1450 novo
1835 1413 1995 1469 argu-

435 1479 619 1525 mento
649 1488 754 1527 non
808 1475 1051 1547 indigent
1085 1488 1144 1532 ut
1199 1479 1504 1535 doctrinam
1547 1493 1749 1540 sancta
1806 1488 1994 1542 matris

435 1560 693 1618 Ecclesia
712 1570 1137 1623 commendatam
1164 1571 1416 1628 habeant.
1468 1574 1728 1643 Tandem,
1763 1580 1992 1645 aiebam,

437 1654 485 1708 si
516 1653 623 1710 Deo
648 1658 911 1726 placuerit
959 1663 1235 1717 emendari
1279 1673 1333 1719 et
1390 1669 1717 1738 explicatum
1776 1674 1996 1740 prodire

437 1763 575 1817 opus
605 1748 773 1813 istud,
828 1751 1000 1804 lucem
1059 1769 1124 1807 ac
1171 1756 1523 1823 voluntatem,
1562 1771 1621 1813 ut
1659 1760 1992 1829 perficiatur,

436 1838 726 1907 inspirabit
755 1841 847 1895 uni
883 1857 949 1897 ex
980 1851 1061 1897 tot
1091 1845 1196 1915 piis
1248 1847 1564 1906 doctoribus
1592 1852 1684 1920 qui
1735 1853 1995 1909 insudant

437 1931 595 1987 hodie
614 1934 667 1987 in
689 1934 944 1989 eruendis
980 1944 1032 1991 et
1056 1938 1374 2008 evulgandis
1397 1948 1475 1995 tot
1503 1950 1745 1997 veterum
1775 1943 1994 2000 Patrum

435 2021 707 2076 thesauris
738 2023 1095 2081 absconditis.

509 2108 732 2181 Semper
771 2120 946 2168 tamen
981 2119 1341 2184 perseveravit
1370 2119 1424 2174 in
1448 2136 1533 2176 me
1561 2132 1738 2177 motus
1770 2125 1996 2181 interior

435 2214 545 2266 quo
573 2201 639 2255 ad
673 2203 818 2258 hunc
858 2205 1098 2260 laborem
1132 2210 1381 2279 urgebar.
1420 2213 1504 2265 An
1563 2214 1652 2268 ille
1687 2225 1866 2271 motus
1901 2234 1995 2273 su-

435 2293 795 2360 pernaturalis
831 2294 994 2349 fuerit
1053 2312 1154 2350 nee
1184 2297 1469 2363 allirmare,
1529 2317 1631 2355 nec
1680 2319 1878 2373 negare
1899 2321 1998 2359 au-

434 2381 556 2438 deo.
581 2383 766 2438 Dicam
798 2386 1138 2441 solummodo
1157 2387 1301 2456 quod
1331 2405 1426 2458 per
1461 2391 1642 2458 plures
1663 2409 1833 2448 annos
1863 2410 1998 2450 eun-

433 2482 670 2529 ctantem
700 2484 923 2530 sanctus
951 2475 1199 2534 Clemens
1231 2481 1377 2536 intus
1407 2496 1631 2550 arguere
1667 2500 1751 2539 me
1777 2485 1998 2539 videba-

433 2571 558 2630 tur;
587 2565 744 2636 quasi
767 2566 1138 2635 fidejussorem
1152 2577 1206 2622 et
1223 2569 1527 2638 adjutorem
1556 2577 1735 2641 operis
1762 2573 1996 2628 ofl'erens

436 2669 556 2710 sese
589 2674 603 2710 :
638 2663 696 2710 ut
723 2656 1173 2727 quemadmodum
1204 2660 1319 2729 ipse
1351 2662 1714 2732 virginitatem
1745 2665 1997 2722 laudibus

434 2757 810 2810 exornaverat,
845 2750 1129 2819 cautisque
1167 2751 1389 2806 monitis
1437 2768 1554 2806 eam
1592 2757 1993 2822 pramunierat,

436 2839 518 2894 sic
543 2855 642 2910 ego
672 2839 1030 2910 Epistolarum
1059 2859 1279 2898 suarum
1303 2844 1775 2900 authenticitatem
1804 2856 1995 2902 contra

437 2930 782 2987 oblocutores
806 2933 1018 2988 naviter
1060 2934 1330 2991 firmarem
1367 2955 1381 2992 :
1422 2938 1511 3006 qui
1559 2939 1695 2990 enim
1735 2940 1903 3007 aperit
1939 2957 1995 2992 os

440 3033 704 3077 mutorum
732 3024 774 3090 ¹,
817 3027 1002 3091 etiam,
1039 3027 1256 3095 quando
1306 3029 1442 3094 vult,
1494 3029 1910 3100 loquacissimos
1943 3040 1996 3086 et

439 3115 830 3172 audacissimos
869 3127 1047 3175 mutos
1069 3121 1249 3176 ellicit.

505 3206 684 3274 Quare
709 3209 916 3267 diutius
951 3213 1303 3277 hasitassem,
1330 3229 1452 3268 cum
1485 3216 1647 3286 hujus
1676 3217 1866 3285 libelli,
1899 3237 1996 3291 per

436 3309 516 3356 tot
541 3302 741 3356 sacula
795 3302 1126 3370 absconditi,
1161 3307 1458 3376 publicatio
1488 3311 1555 3364 ad
1602 3312 1864 3381 majorem
1902 3313 1996 3369 Dei

435 3391 664 3461 gloriam
703 3401 758 3447 et
820 3394 887 3448 ad
933 3405 1137 3451 sancta
1193 3399 1381 3455 matris
1420 3399 1674 3456 Ecclesia
1736 3401 1994 3459 honorem

438 3497 659 3553 vergere
691 3491 817 3538 nata
842 3489 1020 3542 esset?

506 3574 664 3630 Certe
693 3577 739 3631 si
769 3577 882 3632 sola
908 3579 1216 3649 eloquentia
1251 3582 1306 3636 in
1338 3584 1558 3654 scriptis
1585 3584 1824 3655 antiquis
1847 3601 1995 3656 qua-

438 3682 670 3739 reretur,
697 3677 752 3730 in
775 3677 1044 3734 oblivione
1076 3681 1308 3752 relinqui
1341 3685 1644 3752 potuissent
1673 3687 1848 3741 sancti
1873 3686 1994 3742 Cle-

437 3767 637 3821 mentis
663 3766 916 3838 Epistola
953 3785 1090 3840 quas
1141 3773 1481 3842 publicamus
1516 3797 1528 3830 :
1583 3777 1703 3832 libri
1760 3794 1995 3848 namque

435 3859 943 3927 superabundantes
995 3863 1264 3931 politioris
1320 3866 1640 3923 litteratura
1677 3877 1731 3924 et
1783 3871 1995 3925 eximiae

433 3965 663 4020 pocseos
691 3951 1047 4023 undequaque
1068 3956 1134 4009 ad
1155 3972 1256 4011 nos
1277 3969 1660 4026 pervenerunt.
1691 3961 1756 4014 Et
1786 3963 1993 4016 utinam

435 4045 727 4113 periissent
755 4053 832 4099 tot
874 4061 1036 4116 opera
1085 4049 1243 4117 plena
1297 4050 1632 4108 faditatibus
1670 4061 1724 4109 et
1757 4055 1990 4110 immun-

434 4133 583 4189 ditiis
632 4136 825 4190 vitium
874 4138 1146 4206 eleganter
1198 4140 1631 4198 insinuantibus!
1685 4144 1922 4208 Utinam,
1965 4165 1995 4204 e

435 4235 654 4294 contra,
705 4230 1010 4284 conservati
1079 4229 1327 4296 fuissent,
1383 4249 1569 4289 eorum
1625 4237 1782 4301 loco,
1833 4239 1994 4294 innu-

435 4320 568 4374 meri
625 4330 940 4375 sanctorum
991 4321 1212 4379 Patrum
1283 4327 1523 4382 thesauri
1604 4329 1804 4398 injuria
1857 4339 1994 4387 tem-

435 4425 626 4480 porum
697 4413 935 4479 amissi,
1020 4415 1407 4488 caelestemque
1478 4419 1801 4490 sapientiam
1881 4425 1994 4493 spi-

436 4513 614 4562 rantes
632 4506 645 4560 l

713 4705 946 4745 PRETlUII
971 4704 1130 4746 HUIUS
1151 4706 1454 4748 HONUIIENTI
1478 4710 1711 4758 ANTIQUI.

508 4777 726 4844 Verum,
764 4783 860 4837 has
890 4783 1031 4839 inter
1059 4785 1298 4848 divitias,
1342 4788 1478 4840 tanti
1532 4789 1694 4842 nulla
1735 4788 1991 4843 astimari

438 4868 631 4928 debent
657 4875 848 4942 quanti
877 4874 1116 4928 virorum
1169 4877 1588 4945 apostolicorum
1623 4879 1823 4948 scripta
1876 4894 1996 4948 qua

434 4964 608 5032 prima
633 4965 1069 5021 Christianorum
1096 4970 1322 5039 vestigia
1351 4971 1510 5026 nobis
1562 4971 1835 5041 detegunt,
1859 4987 1995 5040 pra-

433 5052 591 5120 eipue
615 5060 789 5107 autem
819 5053 862 5108 si
893 5070 958 5108 ex
991 5055 1074 5110 liis
1105 5056 1172 5109 ad
1205 5073 1306 5112 nos
1343 5058 1530 5113 reboet
1587 5059 1832 5128 quadam
1857 5059 1993 5114 echo

437 5151 641 5196 remota
670 5145 960 5213 pontificia
1008 5149 1159 5203 vocis
1190 5165 1310 5218 qua
1339 5150 1555 5219 penitus
1582 5150 1852 5204 exstincta
1883 5165 1995 5204 ere-

439 5234 685 5291 debatur.
716 5237 870 5303 Quis,
904 5255 1089 5309 porro,
1124 5256 1316 5305 sonus,
1349 5249 1471 5311 post
1504 5241 1872 5312 apostolorum
1899 5257 1995 5296 vo-

437 5341 575 5395 cem,
605 5327 803 5384 elarior
855 5332 1014 5386 nobis
1059 5333 1141 5387 vel
1171 5334 1390 5388 eharior
1427 5348 1549 5388 esse
1588 5340 1768 5402 potest
1831 5348 1994 5403 quam

436 5433 538 5471 vox
566 5421 738 5473 sancti
770 5418 1065 5477 Clementis
1096 5439 1216 5492 qua
1246 5424 1407 5479 toties
1439 5424 1495 5478 in
1549 5423 1788 5479 fidelium
1839 5424 1996 5478 creti-

436 5510 540 5565 bus
574 5528 735 5570 aures
771 5522 1006 5570 attentas
1047 5515 1312 5584 implevit,
1345 5525 1564 5587 pectora
1609 5525 1798 5571 saneta
1844 5532 1997 5571 eom-

434 5605 630 5659 movitl
662 5603 782 5659 Non
814 5605 973 5660 modo
1003 5621 1236 5676 namque
1285 5608 1401 5678 ipse
1441 5607 1628 5664 vivens
1659 5607 1993 5679 pradicavit,

510 5781 528 5813 ¹
559 5780 686 5854 Sap.
720 5798 775 5850 ι,
801 5782 888 5837 21.
968 5785 990 5815 ¹¹
1020 5786 1183 5842 Hebr.
1211 5803 1287 5854 xi,
1318 5787 1371 5842 4.
1448 5788 1468 5820 ³
1497 5786 1643 5846 Psal.
1675 5804 1870 5857 xum,
1895 5789 1986 5844 ‘21.

2094 573 2313 637 saeula,
2345 572 2518 642 ipsius
2547 573 2750 641 scripta
2796 569 3045 626 fidelibus
3082 570 3410 638 legerentur.
3439 566 3514 621 Eo
3555 582 3656 637 pu—

2093 665 2206 719 rior
2257 681 2395 735 aqua
2420 672 2603 719 manat
2627 680 2734 734 quo
2765 664 2897 720 fonti
2928 662 3284 734 propinquior
3331 669 3432 714 est.
3486 659 3655 714 Nemo

2093 772 2220 812 vero
2248 758 2423 811 nescit
2453 755 2610 810 fidem
2642 771 2705 810 ac
2754 755 2968 810 vivendi
3000 755 3229 808 formam
3278 753 3427 808 cordi
3479 752 3653 805 sancti

2093 847 2389 902 Clementis
2421 846 2714 901 instillatas
2765 845 2937 902 fuisse
2981 847 3051 900 ab
3102 847 3235 916 ipsis
3268 843 3526 914 apostolis
3554 841 3656 897 Pe-

2094 947 2178 992 tro
2203 950 2257 993 et
2278 939 2448 993 Paulo
2478 954 2707 1008 quorum
2734 939 3036 1009 discipulus
3068 947 3204 994 erat.
3233 937 3435 991 Horum
3476 951 3656 991 mores

2095 1031 2473 1086 sanctissimos
2501 1044 2684 1082 coram
2711 1029 2942 1086 intuitus
2969 1039 3073 1095 est,
3097 1031 3417 1098 eaterisque
3440 1029 3655 1081 intuen-

2095 1122 2194 1176 dos
2226 1136 2289 1175 ae
2322 1123 2613 1178 imitandos
2648 1125 2933 1194 proposuit
2987 1143 2999 1178 :
3058 1122 3255 1194 dignus
3290 1120 3532 1192 profecto
3562 1118 3655 1188 qui

2096 1213 2165 1267 ab
2213 1213 2330 1282 ipso
2377 1213 2536 1269 Petro
2583 1216 2638 1269 in
2710 1230 3085 1271 successorem
3141 1215 3432 1284 eligeretur
3471 1231 3483 1265 :
3538 1211 3657 1280 ejus

2094 1306 2294 1375 quippe
2327 1307 2579 1371 scientia,
2603 1307 2735 1370 vita,
2771 1306 3088 1377 martyrium
3119 1306 3255 1361 satis
3305 1305 3604 1374 probarunt
3626 1318 3658 1356 a

2095 1396 2234 1449 calo
2292 1396 2611 1466 inspiratam
2671 1396 2843 1452 fuisse
2919 1406 3029 1451 tam
3094 1397 3357 1465 eximiam
3429 1394 3656 1449 electio-

2095 1501 2239 1541 nem.
3024 1485 3025 1488 “

2167 1577 2336 1643 Quale
2387 1578 2488 1631 fuit
2537 1579 2682 1634 illius
2730 1581 2985 1633 meritum
3034 1579 3194 1648 cujus
3251 1575 3661 1648 pradestinatio

2095 1668 2331 1739 gloriosa
2361 1668 2430 1722 ab
2463 1669 2581 1738 ipso
2615 1669 2774 1723 beato
2814 1667 2977 1722 Paulo
3023 1667 3279 1737 praedicta
3332 1666 3444 1719 est!
3487 1662 3657 1730 Quem

2096 1763 2344 1816 certatim
2399 1762 2646 1815 laudibus
2687 1761 2917 1815 efferunt
2955 1760 3209 1814 maximis
3264 1757 3507 1829 lgnatius
3548 1755 3661 1809 An-

2097 1853 2399 1916 tiochenus,
2433 1853 2667 1908 lrenaus
2711 1852 3114 1922 Lugdunensis,
3145 1850 3398 1904 Clemens
3426 1849 3661 1901 Alexan-

2095 1944 2306 2005 drinus,
2360 1942 2640 2012 Origenes,
2699 1943 2990 2006 Eusebius,
3033 1941 3387 2004 Athanasius,
3420 1938 3658 2010 Cyrillus

2097 2031 2644 2103 Hierosolymitanus,
2703 2032 2934 2101 Optatus
3005 2030 3366 2093 Milevitanus,
3425 2028 3661 2097 Epipha-

2096 2124 2244 2187 nius,
2276 2123 2533 2187 Basilius,
2563 2122 2950 2192 Hieronymus,
2980 2120 3246 2186 'Rufmus,
3299 2119 3660 2189 Augustinus,

2097 2215 2399 2270 Eucherius
2429 2212 2828 2284 Lugdunensis,
2865 2213 3247 2280 innumerique
3276 2211 3398 2264 alii!

2165 2306 2284 2360 Non
2317 2306 2447 2360 sola
2476 2305 2654 2360 sancti
2678 2304 2975 2360 Clementis
3017 2305 3085 2358 ad
3129 2303 3379 2373 Virgines
3406 2300 3662 2372 Epistola-

2096 2407 2400 2468 temporum
2435 2399 2688 2468 injuriam
2746 2399 3048 2464 subierant,
3104 2398 3335 2468 plurima
3385 2397 3490 2450 alia
3522 2395 3660 2448 tanti

2096 2491 2369 2561 pontificis
2401 2495 2605 2562 scripta
2656 2491 2858 2545 amissa
2890 2497 3038 2555 sunt,
3081 2499 3135 2544 et
3177 2506 3298 2560 qua
3345 2493 3658 2556 supersunt,

2098 2594 2190 2640 aut
2219 2587 2406 2640 mutila
2460 2594 2554 2641 aut
2605 2595 2863 2656 corrupta
2908 2588 2972 2639 ad
3023 2601 3124 2641 nos
3149 2584 3473 2640 transmissa
3509 2591 3657 2638 sunt.

2097 2678 2354 2734 Dominus
2384 2685 2563 2732 autem
2621 2679 2711 2746 qui
2761 2677 2989 2731 custodit
3043 2693 3164 2731 ossa
3193 2677 3508 2732 Sanctorum
3540 2689 3662 2726 suo-

2098 2786 2214 2822 rum
2245 2769 2286 2832 ³,
2347 2783 2540 2837 eaque,
2577 2781 2700 2820 eum
2758 2768 2857 2821 sibi
2912 2768 3113 2837 placet,
3165 2766 3393 2827 revelat,
3458 2763 3663 2832 scripta

2097 2861 2260 2913 etiam
2289 2874 2479 2914 eorum
2532 2857 2880 2928 quandoque,
2929 2873 3025 2927 per
3080 2857 3395 2926 quemlibet,
3446 2854 3663 2910 etiamsi

2098 2949 2354 3003 Ecclesia
2382 2947 2663 3002 catholica
2695 2958 3034 3011 extraneum,
3064 2945 3395 3000 manifestat.

2170 3041 2280 3108 Sic,
2337 3055 2479 3095 anno
2527 3039 2687 3104 1653,
2740 3038 3092 3093 doctissimus
3124 3036 3320 3092 Junius
3361 3034 3657 3102 Patricius,

2021 3156 2067 3217 ο
2097 3132 2425 3189 Oxoniensis
2451 3171 2467 3196 ,
2499 3131 2668 3186 edidit
2707 3128 2890 3184 Graec
2924 3128 3222 3198 Latineque
3250 3128 3480 3198 primam
3514 3127 3663 3194 ejus—

2102 3229 2221 3282 dem
2253 3226 2427 3280 sancti
2455 3222 2750 3280 Clementis
2790 3221 3086 3292 Epistolam
3120 3219 3184 3273 ad
3232 3217 3564 3282 Corinthios,
3597 3232 3664 3270 ex

2103 3318 2485 3388 antiquissimo
2540 3315 2911 3384 manuscripto
2969 3311 3357 3367 Alexandrino.
3410 3307 3521 3373 Sic,
3552 3307 3665 3362 fere

2102 3408 2292 3464 diebus
2325 3406 2550 3469 nostris.
2574 3404 2808 3460 Joannes
2839 3401 3076 3458 Jacobus
3116 3400 3442 3462 Wetstinus,
3474 3414 3504 3453 e
3539 3412 3665 3468 pro-

2102 3497 2420 3552 testantium
2475 3498 2636 3550 etiam
2671 3509 2847 3565 grege,
2893 3491 3112 3564 Syriace
3141 3507 3204 3546 ac
3256 3490 3445 3545 Latine
3472 3487 3662 3552 edidit,

2102 3589 2349 3660 Lugduni
2379 3588 2723 3651 Batavorum,
2749 3585 2886 3640 duas
2915 3581 3048 3639 alias
3078 3584 3252 3638 sancti
3279 3583 3570 3637 Clementis
3595 3581 3661 3634 ad

2101 3680 2353 3751 Virgines
2393 3679 2689 3750 Epistolas,
2747 3693 2885 3748 quas
2915 3692 2981 3731 ex
3039 3675 3262 3745 antiquo
3291 3673 3664 3742 manuscripto

2106 3773 2330 3844 Syriaco
2384 3772 2522 3827 Novi
2573 3770 2926 3835 Testamenti,
2970 3769 3159 3838 Alepo,
3213 3767 3282 3821 ab
3338 3767 3664 3836 imperatore

2102 3865 2406 3919 Turcarum
2441 3865 2629 3926 misso,
2659 3863 2823 3918 eruit.

2173 3958 2406 4011 Litteras
2455 3955 2626 4010 sancti
2684 3951 2982 4008 Clementis
3032 3951 3098 4004 ad
3144 3949 3459 4005 Corinthios
3499 3956 3659 4004 vocat

2101 4059 2325 4106 sanctus
2366 4048 2598 4103 lrenaus
2636 4047 3025 4115 potentissimas
3059 4045 3101 4098 ⁵.
3155 4043 3394 4096 Primam
3444 4043 3511 4096 ad
3559 4057 3654 4097 eos

2105 4146 2399 4215 Epistolam
2438 4150 2662 4197 sanctus
2693 4138 3054 4207 Hieronymus
3088 4141 3321 4190 testatur
3373 4135 3663 4204 specialius

2101 4252 2221 4290 esse
2249 4233 2398 4288 valde
2426 4231 2626 4286 utilem.
2670 4247 2688 4279 ‹
2737 4227 2861 4280 Hac
2893 4225 3140 4286 videtur,
3190 4227 3300 4289 ait,
3353 4225 3659 4278 eharaeteri

2104 4326 2372 4396 Epistola,
2397 4339 2516 4392 qua
2545 4321 2646 4375 sub
2671 4319 2821 4372 Pauli
2852 4316 3069 4370 nomine
3099 4315 3166 4368 ad
3188 4316 3438 4371 llebraos
3469 4316 3658 4380 fertur,

2102 4417 2389 4473 convenire
2419 4415 2493 4468 ⁸.»
2533 4413 2676 4466 ldem
2721 4416 2942 4465 sanctus
2989 4408 3179 4462 doctor
3211 4409 3421 4462 dubitat
3463 4407 3530 4462 de
3556 4423 3655 4461 au-

2034 4503 2076 4557 ῐ)
2107 4508 2441 4564 thenticitate
2477 4503 2792 4575 posterioris
2854 4501 3096 4572 epistola
3125 4501 3300 4556 sancti
3365 4501 3658 4557 Clementis

2099 4583 2167 4654 ad
2194 4597 2530 4654 Corinthios.

2102 4798 2356 4839 IIOIENTA
2411 4795 2528 4844 ρυιε
2578 4794 2852 4834 Αετιωωῖτ
2906 4794 3223 4833 Νοετιιλιιυκ
3289 4792 3661 4832 εριδτοιλιιωι

2621 4865 3146 4905 AUTHENTICITA'I'EM.

2173 4964 2247 5020 De
2280 4965 2546 5020 ambabus
2593 4963 2854 5034 Epistolis
2889 4980 3027 5033 quas
3057 4963 3237 5024 hodie,
3287 4969 3407 5031 post
3438 4960 3660 5015 Wetsti-

2101 5073 2253 5116 num,
2279 5055 2644 5124 publicamus,
2672 5055 2887 5109 loeutus
2917 5061 3000 5108 est
3031 5063 3252 5110 sanctus
3276 5051 3654 5120 Hieronymus,

2098 5149 2191 5202 lib.
2223 5164 2239 5201 ι
2285 5158 2467 5201 contra
2493 5146 2833 5201 Jovinianum
2861 5187 2875 5212 ,
2903 5147 3090 5224 dicens
3117 5164 3130 5199 :
3190 5163 3207 5196 ι
3239 5143 3300 5196 Hi
3334 5153 3460 5198 sunt
3487 5160 3657 5201 eunu-

2099 5241 2188 5294 chi
2217 5255 2356 5310 quos
2416 5239 2680 5294 castravit
2715 5255 2824 5293 non
2874 5237 3195 5300 necessitas,
3245 5236 3340 5290 sed
3384 5237 3652 5300 voluntas,

2101 5340 2319 5402 propter
2348 5346 2573 5401 regnum
2620 5331 2901 5384 calorum.
2933 5329 3013 5383 Ad
3039 5330 3139 5382 hos
3170 5335 3223 5381 et
3251 5327 3500 5382 Clemens
3533 5343 3656 5381 suc-

2101 5440 2289 5480 cessor
2313 5423 2545 5493 apostoli
2594 5421 2740 5476 Petri
2773 5422 2986 5491 scripsit
3012 5421 3301 5491 epistolas;
3334 5436 3656 5490 omnemque

2053 5513 2060 5524 '
2100 5530 2236 5585 pene
2263 5529 2569 5569 sermonem
2602 5529 2761 5567 suum
2790 5513 2858 5567 de
2887 5513 3218 5584 virginitatis
3249 5514 3485 5582 puritate
3524 5528 3656 5567 eon-

2101 5604 2305 5660 texuit:
2335 5612 2386 5660 et
2416 5605 2671 5674 deinceps
2701 5603 2857 5658 multi
2883 5602 3186 5673 apostolici,
3208 5610 3261 5657 et
3289 5613 3575 5675 martyres,
3603 5608 3660 5659 et

2065 5790 2086 5822 ‘
2111 5790 2148 5847 l.
2186 5804 2266 5856 ut,
2297 5804 2325 5843 c
2395 5791 2449 5845 5.
2522 5787 2637 5842 lDe
2676 5789 2854 5857 script.
2907 5786 3058 5854 εδει..
3090 5803 3139 5843 c.
3176 5785 3263 5844 15.
