4090 6250
477 374 578 431 359

1261 372 1316 428 S.
1355 371 1746 427 CLEMENTIS
1781 371 1798 424 l
1835 371 2001 428 ROM.
2037 372 2238 430 PONT.
2279 375 2504 431 UPERA
2536 374 2860 433 GENUINA.

3595 376 3696 434 56C.

475 493 717 546 illustres
743 497 851 544 tam
880 492 1166 546 sanctitate
1198 505 1361 560 quam
1393 490 1702 561 eloquentia
1725 491 1828 545 viri
1852 529 1869 556 ,
1896 505 2034 561 quos
2061 511 2108 567 Α
2137 492 2218 547 las
2234 492 2301 546 ad
2317 491 2650 549 Corinthios.
2668 492 2822 548 Patet
2841 492 3006 548 etiam
3029 491 3213 548 Graece
3237 492 3498 562 scriptum
3529 490 3702 549 fuisse

471 600 540 640 ex
570 582 804 654 propriis
840 583 1058 652 scriptis
1085 597 1247 639 nosse
1270 583 1526 652 perfacile
1560 590 1697 639 est.»

543 680 620 734 De
651 680 845 736 iisdem
871 678 1131 750 Epistolis
1167 679 1247 734 sic
1278 678 1517 750 loquitur
1548 683 1774 732 sanctus
1806 674 2040 746 Epipha-

472 771 599 827 nius
624 771 645 802 ⁸
679 790 692 825 :
725 787 745 821 ‹
777 771 898 840 Ipse
922 769 1173 826 Clemens
1225 769 1349 824 illos
1395 783 1490 838 per
1517 769 1701 822 omnia
1743 766 1943 822 refutat
1981 766 2036 820 in

472 861 559 916 his
588 877 726 932 quas
754 861 977 931 scripsit
1000 861 1245 931 epistolis
1270 860 1631 915 circularibus
1661 874 1783 929 quae
1812 859 1866 912 in
1908 873 2036 914 san-

470 953 576 1008 ctis
608 953 868 1008 Ecclesiis
892 954 1210 1022 leguntur...
1229 951 1610 1023 Virginitatem
1632 950 1886 1005 Clemens
1908 949 2035 1005 edo-

468 1045 584 1098 cuit
615 1061 630 1111 ;
661 1044 752 1100 isti
786 1045 1093 1114 repudiant.
1129 1043 1221 1098 llle
1246 1044 1411 1097 etiam
1441 1041 1696 1096 Davidem
1725 1048 1780 1095 et
1808 1040 2030 1095 Samso-

471 1151 594 1190 nem
619 1150 916 1206 omnesque
938 1136 1230 1206 prophetas
1251 1133 1623 1200 commendat;
1649 1132 1910 1187 Ebionitaa
1931 1131 2027 1187 de-

471 1231 761 1280 testantur.
776 1245 796 1277 ι

540 1315 666 1374 Haec
713 1318 899 1382 verba,
975 1317 1281 1372 certissime
1340 1316 1475 1371 adeo
1527 1317 1674 1371 clare
1736 1315 2029 1384 designant

466 1409 726 1478 epistolas
755 1407 896 1479 'quas
945 1410 1012 1464 de
1044 1408 1367 1480 Virginitate
1402 1410 1622 1478 scripsit
1654 1417 1878 1466 sanctus
1905 1411 2029 1467 Cle-

467 1515 641 1567 mens,
694 1513 756 1555 ut
805 1501 871 1556 de
921 1517 1109 1556 earum
1146 1501 1434 1556 existentia
1479 1501 1717 1556 dubitari
1768 1511 2023 1572 nequeat.

465 1592 776 1659 Enimvero,
807 1605 1029 1650 sanctus
1073 1594 1344 1658 Clemens,
1377 1594 1534 1663 juxta
1581 1594 1799 1648 beatum
1834 1592 2027 1650 Hiero-

464 1704 708 1760 nymum,
725 1689 967 1743 omnium
991 1688 1230 1742 virorum
1251 1689 1672 1758 apostolicorum
1693 1694 2024 1758 martyrum-

461 1798 568 1852 que
596 1783 886 1837 sanctitate
917 1797 980 1836 ac
1027 1782 1337 1852 eloquentia
1380 1781 1674 1836 illustrium
1711 1783 1805 1852 qui
1856 1783 2022 1838 hocce

2052 600 2054 602 ·
2139 583 2489 654 archetypum
2518 586 2746 640 duarum
2775 584 3138 656 Epistolarum
3167 585 3234 638 ad
3268 584 3510 655 Virgines
3543 600 3558 635 :
3585 601 3702 639 ver-

2138 674 2220 731 sio
2245 677 2443 746 quippe
2475 675 2699 749 Syriaca
2721 679 2876 748 plura
2905 677 3246 734 conservavit
3276 677 3536 732 vocabula
3582 692 3701 746 quae

2137 782 2285 822 mere
2309 766 2498 824 Graeca
2521 778 2649 824 sunt
2669 770 2767 840 (1).
2791 768 3057 841 Tempore
3072 783 3180 840 quo
3203 776 3426 824 sanctus
3458 767 3699 838 pontifex

2135 859 2375 929 scripsit,
2402 860 2549 915 nulla
2566 859 2916 930 probabiliter
2964 860 3231 916 existebat
3281 860 3458 914 adhuc
3509 873 3697 913 sacra-

2133 965 2253 1004 rum
2301 950 2708 1022 Scripturarum
2740 952 2920 1007 versio
2982 951 3190 1015 Latina,
3229 950 3419 1005 saltem
3467 949 3698 1004 authen-

2132 1041 2240 1095 tica
2267 1055 2281 1094 :
2314 1051 2368 1097 et
2396 1043 2522 1098 inde
2552 1042 2748 1112 conjici
2779 1049 2960 1112 potest
2986 1056 3084 1096 cur
3108 1040 3292 1095 Graece
3318 1041 3502 1110 potius
3531 1055 3694 1110 quam

2131 1131 2320 1187 Latine
2349 1140 2572 1187 sanctus
2600 1132 2851 1188 Clemens
2878 1147 3041 1201 opera
3080 1146 3178 1187 sua
3218 1131 3498 1200 scripserit
3524 1145 3538 1182 :
3567 1145 3694 1184 cum

2128 1225 2306 1287 enim,
2371 1233 2432 1278 ut
2495 1225 2827 1294 plurimum,
2896 1240 2964 1280 ex
3019 1224 3200 1278 verbis
3260 1223 3432 1277 sacris
3485 1238 3694 1277 sermo-

2128 1327 2252 1367 nem
2285 1328 2444 1368 suum
2475 1315 2729 1379 texuerit,
2786 1315 2961 1369 multo
2998 1314 3333 1368 commodius
3365 1321 3418 1366 et
3447 1313 3693 1367 securius

2126 1399 2298 1454 citare
2318 1408 2529 1470 poterat
2558 1404 2965 1459 translationem
2995 1402 3237 1458 Graecam
3264 1419 3385 1473 quae
3427 1402 3479 1456 in
3521 1404 3692 1456 mani-

2126 1487 2230 1543 bus
2274 1489 2519 1545 omnium
2573 1499 2711 1555 erat,
2777 1506 2938 1561 quam
2987 1491 3287 1546 sententias
3339 1489 3393 1542 in
3442 1487 3693 1545 Latinam

2125 1588 2336 1637 vertere
2371 1583 2629 1655 linguam.
2660 1581 2844 1639 Utitur
2858 1599 2986 1654 ergo
3007 1583 3209 1653 jugiter
3235 1581 3487 1636 versione
3505 1578 3690 1632 Graeca

2125 1669 2336 1728 Veteris
2360 1673 2716 1740 Testamenti,
2751 1676 2916 1730 etiam
2972 1673 3191 1745 quando
3220 1673 3286 1725 ab
3319 1669 3581 1726 llebraiea
3609 1669 3690 1722 le-

2122 1763 2308 1819 ctione
2333 1767 2556 1821 recedit.
2584 1766 2740 1832 Quod
2767 1775 2918 1822 certe
2941 1781 3192 1834 magnam
3213 1763 3434 1818 denotat
3457 1759 3693 1829 antiqui-

461 1873 643 1926 tbema
673 1873 1013 1928 tractandum
1067 1881 1454 1943 susceperunt,
1497 1874 1885 1944 antesignanus
1915 1885 2018 1930 est.
2056 1872 2094 1926 Β
2122 1863 2288 1912 “item
2325 1858 2549 1914 ίδῑπωη
2582 1858 2965 1929 ΕΡίειοίπυιη·
3011 1856 3347 1912 νθῑυδίθιθιη
3387 1853 3550 1908 etiam
3605 1867 3691 1906 δι”

461 1961 572 2019 lmo
601 1966 669 2021 de
695 1967 884 2022 iisdem
914 1965 1172 2036 Epistolis
1218 1973 1455 2022 testatur
1509 1973 1731 2020 sanctus
1785 1965 2022 2037 Epipha-

458 2057 584 2114 nius
615 2073 731 2124 eas,
763 2060 941 2114 adhuc
970 2075 1074 2115 suo
1124 2067 1390 2128 tempore,
1452 2059 1508 2111 in
1564 2056 1822 2114 Ecclesiis
1851 2059 2020 2116 lectas

458 2147 647 2205 fuisse.
681 2149 936 2217 Quaedam
966 2151 1190 2220 insuper
1223 2156 1410 2203 narrat
1458 2164 1579 2217 quae
1599 2150 1655 2203 in
1686 2148 1772 2203 his
1801 2147 2022 2219 Episto-

458 2243 546 2305 lis,
580 2250 633 2298 et
657 2259 927 2314 nusquam
953 2243 1105 2305 alibi,
1137 2247 1366 2296 sanctus
1394 2239 1645 2294 Clemens
1673 2246 1870 2294 tractat
1895 2258 1908 2293 :
1939 2242 2020 2293 vi-

456 2335 674 2399 delicet,
722 2351 842 2405 quae
891 2335 1144 2396 attinent,
1191 2333 1294 2386 hac
1347 2333 1404 2387 in
1460 2346 1557 2396 re,
1611 2330 1680 2385 ad
1734 2329 2014 2397 Davidem,

457 2426 775 2482 Samsonem
805 2434 858 2480 et
891 2424 1203 2494 prophetas.

525 2517 848 2572 Lambertus
878 2516 1144 2570 Gruterus
1173 2511 1500 2576 Venradius,
1533 2513 1625 2583 qui
1650 2513 1758 2568 duo
1791 2512 1904 2568 fere
1925 2528 2022 2570 saa-

453 2609 576 2663 cula
600 2617 725 2664 ante
756 2606 1091 2663 Wetstinum
1123 2605 1420 2668 scribebat,
1446 2619 1707 2674 expresse
1741 2604 1895 2674 ponit
1917 2604 2018 2660 has

453 2696 726 2769 Epistolas
759 2699 901 2752 inter
934 2698 1108 2752 sancti
1154 2696 1450 2752 Clementis
1501 2696 1702 2765 scripta
1730 2711 1851 2765 quae
1872 2695 2019 2750 desi-

453 2792 731 2847 derantur.
791 2788 938 2844 ldem
997 2789 1165 2846 sentit
1213 2788 1504 2857 Baronius,
1545 2789 1637 2843 cui
1672 2787 2018 2845 Rondininus

451 2882 763 2938 consentire
782 2881 1015 2937 videtur.

520 2974 703 3030 Abbas
738 2973 1051 3038 Gratianus,
1077 2973 1171 3044 qui
1199 2988 1374 3043 nuper
1397 2971 1464 3028 de
1483 2971 1672 3027 Graeco
1691 2973 1746 3028 in
1773 2971 2016 3030 Italicam

450 3064 692 3134 linguam
717 3064 958 3119 traduxit
986 3065 1214 3133 primam
1243 3063 1541 3131 Epistulam
1567 3063 1741 3118 sancti
1767 3062 2016 3118 Clemen-

451 3160 526 3213 tis
562 3155 626 3210 ad
654 3157 988 3224 Corinthios,
1026 3171 1192 3225 super
1245 3155 1361 3210 haec
1390 3155 1552 3211 verba
1604 3170 1726 3225 quae
1759 3171 1912 3211 num.
1947 3155 2016 3210 58

2120 1949 2236 2019 guit
2263 1953 2507 2006 narratio
2535 1953 2756 2008 lotionis
2791 1953 2986 2023 pedum
3015 1966 3156 2022 quae,
3190 1948 3526 2019 temporibus
3569 1961 3697 2016 apo-

2120 2039 2346 2106 stolicis,
2372 2057 2402 2095 a
2421 2052 2687 2111 provecta:
2713 2042 2889 2097 aatatis
2929 2041 3248 2096 mulieribus
3279 2039 3454 2093 adhuc
3471 2050 3695 2107 perage-

2119 2130 2300 2196 batur,
2322 2140 2374 2186 et
2395 2148 2535 2202 quae,
2569 2133 2628 2188 ni
2650 2134 2830 2199 fallor,
2871 2134 3074 2203 ubique
3117 2131 3354 2187 cessavit
3406 2136 3530 2202 post
3574 2128 3693 2184 dies

2118 2224 2540 2293 apostolicorum
2571 2225 2835 2281 virorum.
2875 2225 3046 2281 Nemo
3105 2224 3293 2279 mirari
3333 2223 3493 2277 debet
3541 2221 3690 2292 quod

2117 2322 2342 2371 sanctus
2369 2315 2618 2373 Clemens
2661 2317 2818 2372 initio
2843 2324 2898 2373 et
2923 2316 3029 2371 ﬁne
3084 2316 3276 2370 harum
3327 2313 3687 2383 Epistolarum

2116 2415 2342 2462 vocetur
2369 2405 2673 2477 Discipulus
2699 2407 2850 2462 Petri
2877 2407 3126 2476 apostoli,
3157 2421 3281 2460 cum
3311 2404 3490 2475 potius
3544 2401 3690 2457 beati

2116 2494 2272 2550 Pauli
2295 2497 2595 2568 discipulus
2637 2507 2925 2553 censeatur
2956 2515 2969 2550 :
3002 2495 3263 2568 Origenes
3309 2495 3479 2559 enim,
3510 2493 3688 2548 sancti

2117 2586 2412 2645 Clementis
2451 2589 2597 2644 aetati
2638 2597 2749 2644 tam
2790 2589 3024 2656 vicinus,
3061 2590 3141 2645 sic
3183 2589 3298 2657 ipse
3349 2586 3586 2656 loquitur
3630 2585 3688 2639 in

2121 2681 2418 2737 Philocalia
2449 2682 2468 2712 τ
2509 2697 2522 2733 :
2557 2677 2796 2736 Clemens
2831 2680 3119 2745 Romanus,
3145 2680 3294 2734 Petri
3325 2678 3550 2748 apostoli
3598 2678 3686 2730 di-

2116 2769 2369 2838 scipulus.
2409 2767 2596 2840 Siqua
2625 2777 2884 2842 praeterea
2913 2770 3046 2827 ﬁdes
3077 2771 3400 2841 quibusdam
3432 2769 3690 2840 Recogni-

2119 2865 2319 2918 tionum
2347 2863 2423 2934 (2)
2454 2864 2864 2918 narrationibus
2895 2863 3252 2928 concedatur,
3283 2863 3492 2916 nullum
3521 2862 3690 2916 disci-

2117 2954 2305 3025 pulum
2334 2954 2419 3009 vel
2447 2956 2703 3010 comitem
2725 2954 2898 3026 magis
2927 2955 3210 3010 assiduum
3260 2968 3324 3008 ae
3371 2953 3682 3008 unanimem

2117 3047 2309 3101 habuit
2337 3047 2533 3102 beatus
2582 3045 2783 3102 Petrus
2822 3061 2986 3117 quam
3026 3053 3274 3102 sanetum
3328 3043 3680 3100 Clementem.

2118 3137 2258 3205 Quid
2281 3147 2460 3196 autem
2496 3139 2839 3204 incredibile,
2869 3140 2980 3194 imo
3013 3139 3140 3209 quid
3167 3153 3277 3192 non
3304 3135 3538 3190 maxime
3557 3149 3684 3204 pro-

453 3248 619 3317 hujus
648 3247 903 3317 Epistolas
931 3220 1319 3316 reperiuntur:
1377 3245 1483 3312 Qui
1509 3220 1666 3299 carne
1691 3255 1866 3300 castus
1916 3255 2014 3309 est,
2044 3220 2086 3276 θ’
2118 3228 2296 3284 habile
2331 3229 2476 3298 (μιοά
2504 3237 2727 3285 sanctus
2749 3228 3025 3293 Clemens,
3061 3229 3152 3306 (ιυί
3180 3227 3456 3282 Romanus
3492 3233 3606 3279 eri“
3627 3230 3681 3278 ει

451 3357 514 3394 ne
536 3340 835 3405 insolescat,
885 3340 1053 3393 sciens
1116 3339 1280 3392 alium
1310 3355 1420 3393 esse
1457 3340 1547 3410 qui
1575 3341 1621 3394 ei
1651 3339 2019 3394 continentiam

449 3431 654 3483 donat:
706 3430 819 3485 ait:
851 3447 870 3482 ‹
898 3428 1130 3495 Quidam
1184 3430 1429 3485 sentiunt
1474 3430 1621 3485 hunc
1671 3430 1849 3512 locum
1874 3429 2020 3486 desi-

448 3524 602 3594 gnari
634 3537 665 3576 a
696 3532 886 3577 sancto
913 3521 1216 3592 Epiphanio
1260 3529 1315 3578 et
1360 3537 1392 3576 a
1445 3531 1637 3578 sancto
1664 3522 2014 3594 Hieronymo,

448 3616 669 3687 quando
696 3621 949 3672 asserunt
976 3624 1223 3670 sanctum
1253 3615 1586 3671 Clementem
1613 3616 1679 3671 de
1707 3616 2018 3687 virginitate

448 3709 816 3766 disseruisse:
859 3708 954 3764 sed
983 3708 1232 3778 quamvis
1268 3723 1524 3777 expresse
1575 3709 1648 3763 ibi
1694 3709 1896 3763 mentio
1927 3708 2017 3761 [lat

451 3801 517 3854 de
545 3800 794 3854 castitate
821 3808 873 3854 et
897 3800 1253 3862 continentia,
1286 3813 1410 3852 cum
1442 3799 1556 3854 haec
1581 3799 1776 3870 raptim
1805 3807 2013 3853 tantum

450 3891 722 3958 dicantur,
764 3892 975 3947 videtur
1004 3893 1342 3961 probabilius
1372 3892 1439 3948 de
1490 3892 1576 3946 his
1631 3891 1873 3948 materiis
1921 3908 2016 3948 ex-

450 3983 664 4038 tensive
688 3983 866 4049 modo,
918 3992 971 4039 et
1019 3999 1085 4038 ex
1122 3983 1368 4054 professo
1415 3992 1708 4039 tractatum
1761 3985 1929 4039 fuisse
1961 3984 2015 4038 in

446 4076 684 4145 quodam
705 4091 768 4131 ex
797 4077 1049 4146 capitulis
1076 4077 1248 4132 sancti
1270 4075 1562 4131 Clementis
1583 4093 1702 4147 quas
1729 4093 1858 4133 casu
1891 4093 2014 4148 per-

449 4166 652 4222 ierunt.
682 4166 952 4221 Firmatur
978 4169 1092 4223 base
1132 4169 1443 4239 conjectura
1473 4171 1762 4224 ratiocinio
1809 4179 1864 4225 et
1904 4187 2012 4226 non

448 4260 701 4330 ambigua
729 4261 1030 4315 assertione
1050 4261 1431 4330 praedictorum
1463 4268 1830 4317 sanctorumn

519 4349 638 4404 Non
666 4351 745 4407 sic
774 4351 1018 4422 profecto
1050 4353 1265 4408 locutus
1304 4353 1495 4409 fuisset
1542 4354 1877 4410 honorabilis
1909 4355 2014 4410 iste

449 4444 703 4512 scriptor,
737 4444 782 4500 si
810 4445 875 4499 ad
902 4461 1026 4500 eum
1067 4448 1404 4516 pervenisset
1438 4449 1631 4503 notitia
1682 4449 2012 4505 inventionis

449 4534 813 4603 Epistolarum
871 4554 1006 4607 quas
1062 4539 1239 4594 denuo
1295 4540 1351 4594 in
1393 4539 1566 4596 lucem
1611 4540 1844 4604 edimus,
1892 4548 2013 4612 post

449 4625 779 4680 Wetstinum
810 4636 863 4682 et
886 4627 949 4681 D.
982 4628 1048 4683 de
1076 4626 1398 4702 Prémagny.
1427 4630 1716 4694 Praeterea,
1749 4647 1858 4685 non
1888 4640 2011 4685 tan-

448 4723 565 4769 tum
594 4717 829 4785 capitula
855 4719 1099 4787 quaedam
1125 4719 1365 4774 indicant
1393 4722 1567 4776 sancti
1598 4721 1928 4792 Epiphanius
1960 4732 2014 4778 et

450 4806 830 4876 Hieronymus,
864 4807 956 4862 sed
989 4807 1254 4877 Epistolas
1279 4811 1534 4881 integras.
1555 4810 1844 4867 Veniamus
1871 4829 2014 4868 nunc

446 4897 512 4950 ad
545 4896 892 4964 probationes
920 4896 1262 4952 intrinsecas.
1289 4897 1467 4952 Prima
1494 4901 1702 4953 eruitur
1737 4915 1802 4954 ex
1832 4900 2011 4970 lingua

449 4987 787 5057 primigenia.
813 4987 1070 5054 Quamvis
1094 4997 1317 5044 sanctus
1348 4988 1602 5046 Clemens
1627 4997 1774 5045 esset
1811 4990 2012 5044 Roma-

449 5098 575 5147 nus,
607 5083 754 5136 nulla
785 5090 1152 5136 memorantur
1182 5083 1355 5152 ipsius
1385 5084 1589 5153 scripta
1636 5099 1756 5154 quae
1808 5083 2005 5138 Latino

448 5188 698 5228 sermone
727 5174 1076 5244 evulgaverit.
1107 5172 1291 5229 Graece
1319 5174 1538 5246 scripsit
1567 5176 1755 5232 ambas
1785 5174 2003 5245 Episto-

519 5377 541 5408 ⁸
570 5375 763 5446 Epipb.
795 5388 978 5432 contra
1009 5379 1302 5443 Ebiom’tas,
1337 5379 1529 5436 haeres.
1559 5380 1647 5444 50,
1676 5398 1725 5434 n.
1766 5380 1851 5435 15.

519 5514 596 5584 (1)
638 5515 894 5586 Exemplo
914 5519 1024 5573 sint
1048 5520 1166 5574 ista:
1184 5534 1346 5574 voces
1375 5538 1387 5574 :
1416 5519 1780 5580 Eucharistia,
1807 5519 2003 5581 asotia,

448 5583 759 5659 kirtdgmos,
810 5583 1016 5657 praxis,
1078 5591 1305 5655 schema,
1351 5592 1510 5652 laxis,
1546 5589 1798 5650 diatheke,
1848 5606 2002 5659 agon,

449 5655 728 5730 auloleaei,
757 5655 1129 5728 philadelphia,
1163 5659 1480 5727 philoxenia,
1510 5659 1858 5730 plu'largyria,
1882 5655 2000 5727 phi-

447 5723 719 5796 laproteja,
751 5723 1098 5796 paruiteistai,
1133 5723 1237 5784 etc.

519 5795 594 5866 (2)
620 5794 766 5866 Opus
797 5795 1218 5871 Reoognitionum
1246 5800 1388 5869 quod
1421 5801 1488 5856 ab
1528 5801 1766 5873 antiquis
1811 5809 2003 5857 sancto

2117 3319 2480 3384 Christianus,
2511 3318 2694 3376 Romae
2721 3328 2912 3378 sancto
2939 3320 3101 3376 Petro
3127 3319 3440 3382 adhaaserit,
3479 3317 3679 3386 ipsius-

2117 3428 2222 3484 que
2252 3413 2551 3484 discipulus
2582 3412 2745 3469 fuerit
2773 3414 2866 3469 diu
2903 3421 3192 3483 antequam
3223 3417 3446 3466 sanctus
3469 3407 3674 3464 Paulus

2116 3504 2342 3560 Romam
2365 3505 2611 3560 veniret?

2185 3598 2405 3653 Certum
2434 3605 2520 3653 est
2574 3606 2822 3652 sanctum
2878 3597 3208 3654 Clementem
3252 3595 3437 3650 Romae
3492 3605 3676 3650 natum

2116 3690 2288 3746 fuisse
2329 3700 2483 3760 patre
2521 3691 2722 3746 Fausto
2754 3706 2914 3761 quem
2969 3689 3376 3744 Faustinianum
3436 3690 3678 3758 plerique

2116 3783 2422 3848 nominant,
2455 3790 2624 3838 matre
2656 3798 2783 3838 vero
2807 3782 3084 3837 Mathidia.
3110 3783 3154 3836 A
3183 3782 3499 3850 parentibus
3519 3781 3680 3835 Athe-

2115 3891 2235 3940 nas,
2268 3877 2356 3930 ubi
2387 3885 2516 3930 tunc
2566 3875 2800 3929 maxime
2830 3874 3094 3928 ﬂorebant
3123 3874 3324 3936 studia,
3364 3874 3431 3928 ad
3462 3874 3677 3928 discen-

2113 3967 2239 4021 dam
2277 3965 2672 4036 pbilosophiam
2727 3965 2928 4020 missus
2977 3973 3061 4021 est
3095 3982 3106 4016 :
3136 3964 3393 4037 brevique
3437 3979 3677 4033 tempore

2113 4059 2356 4115 scientia:
2380 4059 2632 4129 princeps
2659 4057 2760 4112 fuit
2783 4058 3144 4113 existimatus.
3178 4057 3314 4114 Cum
3351 4065 3529 4112 autem
3553 4056 3674 4124 epi-

2112 4150 2334 4205 niouum
2364 4151 2598 4205 varietas
2627 4149 2915 4218 ancipitem
2947 4149 3098 4202 illum
3129 4148 3362 4203 ellioeret
3383 4161 3673 4217 quamnam

2113 4245 2436 4300 sententiam
2455 4242 2869 4311 amplecteretur
2884 4239 2951 4294 de
2978 4240 3386 4295 sublimioribus
3400 4238 3674 4307 religionis

2111 4337 2520 4408 quastionibus,
2544 4335 2599 4389 in
2617 4349 2811 4388 manus
2839 4332 3109 4403 Principis
3134 4332 3503 4401 apostolorum
3531 4329 3672 4383 inci-

2112 4431 2258 4486 disse
2289 4429 2482 4492 fertur,
2513 4435 2568 4482 et
2593 4428 2662 4481 ab
2684 4427 2801 4497 ipso
2814 4427 2869 4480 in
2882 4426 3400 4482 comitemitinerum
3418 4439 3672 4493 assump-

2116 4531 2224 4588 tus,
2245 4521 2324 4577 sic
2339 4522 2544 4577 subtali
2561 4521 2819 4591 magistro
2841 4519 3088 4590 profecit,
3113 4528 3189 4581 ut,
3217 4519 3401 4572 eodem
3418 4517 3666 4587 jubente,

2119 4613 2519 4685 praedicationis
2535 4629 2730 4668 munus
2744 4624 3126 4680 nonnunquam
3141 4609 3404 4678 impleret.
3421 4606 3670 4676 Magnum

2117 4708 2311 4762 deinde
2359 4705 2584 4760 Paulum
2642 4703 2883 4768 audivit,
2936 4701 3293 4769 eumdemque
3358 4699 3672 4769 aliquandiu

2117 4802 2409 4858 comitatus
2432 4807 2514 4857 est
2547 4813 2558 4851 :
2584 4799 2671 4854 cui
2711 4799 2784 4852 ita
2813 4813 2870 4852 se
2900 4797 3164 4866 probavit,
3197 4804 3256 4850 ut
3277 4796 3345 4850 ab
3375 4796 3493 4865 ipso
3532 4796 3674 4850 inter

2090 4919 2092 4922 τ
2119 4894 2421 4963 praecipuos
2451 4901 2504 4946 et
2534 4891 2909 4945 sanctissimos
2940 4888 3212 4957 Evangelii
3245 4889 3672 4944 collaboratorcs

2118 4986 2279 5042 fuerit
2309 4991 2625 5038 numeratus
2649 4982 2688 5036 ⁸.
2717 4978 2848 5044 lmo,
2881 4980 3090 5049 probati
3115 4981 3432 5049 scriptores,
3459 4987 3519 5034 ut
3545 4998 3672 5036 san-

2109 5087 2232 5134 ctus
2283 5076 2676 5147 Hieronymus,
2742 5071 3095 5142 probabiliter
3145 5081 3336 5143 putant
3389 5089 3418 5126 a
3479 5085 3669 5129 sancto

2109 5171 2275 5227 Paulo
2303 5178 2550 5225 sanctum
2577 5166 2906 5222 Clementem
2943 5165 3111 5221 fuisse
3155 5166 3454 5220 adhibitum
3495 5174 3556 5220 ut
3585 5168 3666 5222 in-

1995 5383 2016 5413 "
2041 5382 2247 5436 Philoc.
2281 5397 2328 5435 c.
2354 5381 2445 5436 23.
2519 5380 2541 5411 ⁸
2566 5377 2799 5448 Philipp.
2827 5392 2901 5442 tv,
2931 5376 2984 5431 5.

2110 5517 2374 5572 Clementi
2399 5516 2685 5578 tribuitur,
2745 5514 2865 5567 fuse
2914 5522 3102 5566 narrat
3151 5512 3441 5566 relationes
3492 5511 3663 5566 sancti

2109 5589 2404 5642 Clementis
2432 5602 2552 5640 cum
2577 5593 2769 5638 sancto
2796 5583 2976 5638 Petro.
3003 5584 3045 5636 A
3095 5580 3281 5636 Graeco
3322 5585 3377 5636 in
3412 5579 3656 5635 Latinum

2108 5673 2324 5711 versum
2350 5664 2431 5710 est
2465 5671 2492 5706 τι
2532 5649 2750 5706 Ruﬁno.
2791 5653 2990 5708 Omnes
3027 5653 3356 5707 conﬁtentur
3391 5652 3457 5703 ab
3498 5650 3644 5704 bare-

2109 5729 2232 5781 ticis
2254 5732 2566 5794 corruptum
2584 5726 2750 5778 fuisse
2774 5724 2967 5779 librum
2981 5725 3123 5779 hunc
3142 5723 3428 5792 caeteroqui
3447 5721 3651 5776 sublitn

2105 5797 2444 5868 philosophia
2469 5796 2704 5868 plenum.
