4100 6278
406 396 505 453 361

1357 391 1714 447 ΕΙ)Ῐὸτοίιῶ
1748 391 1838 445 AD
1874 388 2211 445 VIRCINES.
2247 419 2314 430 —
2356 387 2717 442 ΡκυωωιΑ.

3521 387 3626 439 369.

406 519 797 584 terpretaretur
854 508 1149 580 Epistolam
1183 510 1250 563 ad
1298 510 1546 565 llebrtros
1594 518 1959 579 nuncupatam
1990 514 2036 571 Α
2064 505 2283 560 elesiam
2319 506 2603 560 occasione
2653 504 2816 573 hujus
2852 504 3252 577 publicationis.
3283 503 3626 563 Credenduni

405 606 780 675 Clementique
802 603 1080 657 dictatam.
1106 602 1248 656 Idem
1270 601 1489 672 quidam
1532 600 1840 670 conjectant
1896 599 1963 654 de

406 696 640 752 secunda
671 696 812 751 beati
842 692 984 748 Petri
1017 693 1276 763 Epistola.

473 788 705 844 Deeebat
733 800 863 841 vero
891 787 1052 839 talem
1092 785 1266 838 virum
1292 784 1360 838 de
1396 782 1707 853 virginitate
1736 782 1963 852 ejusque

403 880 651 937 custodia
692 880 957 941 scribere,
987 892 1147 947 quem
1175 884 1445 931 testantur
1473 875 1679 945 antiqui
1711 883 1962 928 auctores

400 988 496 1043 per
511 985 729 1026 omnem
752 970 917 1024 vitam
950 970 1002 1022 in
1027 983 1160 1038 pura
1194 976 1489 1036 sanctaque
1511 966 1823 1036 virginitate
1846 982 1963 1035 per-

398 1063 668 1118 mansisse
706 1056 805 1132 (3)1
838 1059 1091 1115 Permisit
1119 1058 1333 1113 demum
1381 1057 1639 1112 Dominus
1669 1066 1729 1111 ut
1758 1056 1960 1127 pretio-

399 1173 492 1214 sus
524 1158 613 1212 ille
655 1158 946 1211 thesaurus
996 1155 1184 1208 tandiu
1240 1154 1581 1209 desideratus
1611 1170 1643 1208 a
1690 1163 1959 1210 sectatore

396 1247 1020 1318 pseudo-reformationis
1049 1253 1101 1299 et
1149 1246 1499 1311 inveniretur,
1545 1257 1599 1301 et
1641 1262 1959 1316 agnoscere-

393 1344 503 1398 tur,
532 1347 585 1391 et
618 1333 1117 1391 defenderetur.Ne
1147 1342 1324 1389 autem
1358 1335 1480 1388 talis
1504 1335 1743 1389 inventio
1766 1337 1821 1390 in
1852 1337 1955 1391 ful-

390 1440 633 1485 mentum
657 1427 836 1482 veniat
868 1426 1147 1480 catholicae
1176 1425 1452 1487 doctrina),
1473 1425 1593 1481 inde
1613 1429 1953 1481 occasionem

391 1519 558 1573 sumit
583 1519 832 1573 inventor
860 1516 1197 1571 declamandi
1228 1524 1419 1570 contra
1444 1516 1766 1583 Ecelesiam,
1800 1518 1950 1587 quia,

391 1610 446 1664 in
481 1610 567 1665 his
590 1608 873 1681 Epistolis:
900 1610 1033 1663 nihil
1062 1609 1350 1678 reperitur,
1383 1615 1441 1661 ut
1465 1610 1540 1662 ait
1581 1610 1691 1673 ille,
1717 1610 1784 1663 de
1806 1611 1953 1665 bier-

388 1701 607 1763 archia,
634 1702 767 1755 nihil
806 1701 873 1755 de
909 1701 1232 1755 monachatu
1279 1712 1331 1755 et
1366 1702 1664 1766 cmnobiis,
1699 1703 1832 1756 nihil
1884 1703 1951 1756 de

387 1793 634 1849 terminis
662 1800 717 1847 et
744 1792 988 1847 formulis
1015 1792 1267 1861 loquendi
1304 1808 1401 1864 per
1441 1795 1669 1847 concilia
1714 1797 1947 1852 inventis

2065 604 2148 650 est
2178 604 2305 650 tunc
2334 596 2403 649 ab
2442 596 2532 651 illo
2554 595 2900 664 praefocatarn
2936 596 3104 651 fuisse
3138 598 3482 651 conscientia:
3506 614 3627 667 pro-

2064 689 2194 758 prize
2224 703 2406 742 vocem
2437 686 2583 743 intus
2633 696 2821 741 contra
2866 688 3043 757 ipsum
3074 689 3485 755 reclamantem;
3532 691 3627 744 sed

2062 780 2186 833 talis
2223 788 2307 833 est
2337 779 2535 848 saepius
2568 778 2810 832 conditio
2839 794 3027 833 eorum
3070 777 3164 849 qui
3225 795 3283 834 se
3330 782 3627 850 tyrannica:

2063 870 2289 924 limresis
2309 870 2440 941 jugo
2465 870 2865 941 manciparunt,
2901 878 2959 924 ut
2990 885 3099 924 non
3155 872 3379 925 credant
3428 872 3532 925 sibi
3560 873 3627 925 Ii-

2060 980 2185 1024 cere
2217 966 2379 1019 unius
2412 964 2659 1019 veritatis
2682 963 3147 1034 prazdicationem,
3177 964 3310 1033 quin
3341 964 3503 1019 simul
3534 964 3623 1019 lze-
3688 981 3694 987 ·

2060 1056 2190 1110 dant
2217 1056 2522 1109 columnam
2544 1063 2597 1109 et
2630 1056 3023 1110 firmamentum
3049 1055 3313 1110 veritatis.

2128 1146 2294 1218 Igitur
2346 1146 2647 1202 Wetstinus
2692 1146 2827 1201 satis
2867 1146 3076 1201 insulse
3132 1148 3404 1203 invehitur
3427 1150 3482 1202 in
3514 1146 3626 1201 Ro-

2059 1250 2273 1289 manam
2307 1234 2627 1298 Ecclesiam,
2655 1233 2839 1287 dicens
2872 1233 2999 1287 huic
3042 1234 3330 1305 displicere
3381 1233 3625 1305 discipli-

2057 1342 2181 1380 nam
2212 1326 2265 1381 in
2298 1325 2560 1396 Epistolis
2591 1325 2764 1380 sancti
2792 1326 3086 1380 Clementis
3134 1327 3388 1379 traditam
3427 1345 3439 1379 :
3473 1325 3624 1381 ideo.-

2056 1433 2161 1486 que
2216 1418 2313 1473 has
2378 1418 2446 1472 ab
2498 1416 2740 1472 Ecclesia
2796 1424 3033 1471 semotas
3066 1432 3160 1487 per
3191 1424 3271 1470 tot
3310 1416 3507 1471 sazcula
3538 1418 3621 1470 la-

2053 1508 2228 1562 tuisse
2262 1528 2273 1563 :
2301 1526 2319 1559 ‹
2360 1507 2549 1563 Solent
2591 1508 2757 1571 enim,
2817 1506 2913 1574 ait,
2961 1507 3053 1577 qui
3083 1508 3136 1561 in
3169 1506 3412 1561 Ecclesia
3442 1507 3619 1562 domi-

2052 1606 2273 1663 nantur,
2301 1616 2431 1662 non,
2454 1602 2597 1671 quod
2623 1616 2731 1671 prae
2751 1615 2811 1655 se
2835 1599 3035 1665 ferunt,
3060 1615 3239 1655 mores
3265 1615 3393 1663 suos
3423 1611 3476 1655 et
3502 1600 3621 1669 opi-

2052 1696 2243 1750 niones
2267 1698 2331 1750 ad
2359 1691 2660 1751 doctrinam
2688 1698 2816 1752 olim
2846 1699 3095 1753 traditam
3125 1699 3489 1761 conformare.
3521 1700 3616 1754 sed

2051 1786 2353 1841 doctrinam
2385 1797 2619 1843 veterem
2648 1789 2711 1843 ad
2750 1807 2930 1845 mores
2959 1799 3011 1845 et
3044 1791 3330 1860 Opiniones
3361 1791 3445 1844 sui
3477 1798 3615 1845 tem-

385 1892 442 1938 et
470 1885 716 1949 saneitis,
744 1899 773 1937 a
803 1884 1005 1954 quibus
1033 1860 1116 1937 vix
1142 1898 1201 1938 se
1222 1860 1575 1940 abstinuisset
1626 1886 1947 1941 szeculorum
1978 1860 2021 1914 Β
2048 1879 2197 1945 Poris
2247 1878 2554 1947 ἱηίιθοῑετθς
2589 1888 2643 1934 ει
2673 1882 2763 1935 “bi
2802 1882 2966 1935 nimis
3002 1881 3327 1936 manifestus
3376 1889 3458 1935 ρει
3503 1880 3618 1935 dis-

385 1975 728 2043 sequentium
760 1974 1013 2043 scriptor.
1052 1989 1071 2023 ι

456 2065 646 2121 Studio
670 2073 833 2120 secta:
869 2079 980 2119 sua
1008 2064 1267 2133 abreptus
1297 2071 1349 2117 et
1370 2063 1694 2129 obcaecatus,
1723 2063 1948 2120 Wetsti-

384 2174 488 2215 nus
520 2174 627 2213 non
654 2157 1037 2212 animadvertit
1066 2173 1144 2220 se,
1186 2159 1278 2211 tali
1314 2159 1731 2222 declamatione,
1766 2159 1945 2213 infen-

384 2265 505 2306 sum
545 2250 785 2320 przebere
821 2250 1188 2303 monumentis
1216 2250 1378 2304 etiam
1411 2251 1611 2326 quibus
1662 2252 1778 2320 ipse
1829 2255 1945 2306 sin-

381 2357 505 2398 cera
531 2357 595 2396 ac
611 2342 835 2395 immota
859 2341 1201 2394 veneratione
1221 2341 1477 2395 adhaeret.
1506 2340 1940 2411 Agnoscitcerte,

380 2450 502 2490 cum
529 2435 784 2489 omnibus
811 2432 1058 2495 eruditis,
1088 2432 1553 2487 authenticitatem
1586 2434 1769 2503 prima:
1813 2433 1938 2504 Epi-

380 2526 532 2581 stola:
557 2526 730 2581 sancti
759 2523 1053 2579 Clementis
1080 2523 1145 2576 ad
1190 2522 1502 2578 Corinthios
1547 2539 1707 2592 quam
1738 2525 1944 2578 invenit

380 2632 446 2673 ac
479 2617 754 2687 evolgavit
781 2614 977 2669 Junius
994 2613 1264 2669 Patricius
1293 2614 1641 2685 Anglicanus.
1671 2614 1726 2669 In
1758 2617 1940 2672 multis

376 2725 539 2780 porro
569 2710 732 2776 hujus
763 2707 1011 2777 Epistola:
1035 2707 1188 2769 locis,
1222 2706 1525 2762 hierarchia
1565 2710 1709 2763 clare
1738 2724 1942 2763 memo-

376 2809 549 2863 ratur,
570 2798 663 2856 sed
687 2798 881 2853 nullibi
929 2798 1111 2852 forsan
1146 2796 1484 2867 splendidius
1525 2814 1687 2868 quam
1733 2815 1787 2853 n.
1845 2800 1935 2863 40,

375 2893 443 2947 de
495 2906 605 2962 quo
650 2891 961 2945 exscribere
1004 2890 1155 2958 juvat
1178 2889 1341 2943 verba
1395 2905 1515 2957 quze
1574 2898 1881 2959 sequuntur
1916 2909 1934 2945 :

380 2997 403 3031 ι
442 2977 668 3034 Summo
692 2978 958 3035 sacerdoti
995 2994 1092 3033 sua
1122 2979 1308 3031 munia
1342 2978 1544 3033 tributa
1574 2989 1734 3044 sunt,
1765 2988 1821 3035 et
1847 2997 1934 3035 sa--

375 3068 685 3125 cerdotibus
708 3070 857 3125 locus
887 3070 1139 3140 proprius
1177 3073 1485 3141 assignatus
1514 3079 1620 3135 est,
1651 3079 1704 3125 et
1752 3071 1933 3128 Ievitis

2046 1981 2267 2031 sensus,
2305 1980 2395 2024 aut
2422 1969 2472 2023 vi
2511 1985 2692 2040 agere,
2719 1979 2812 2025 aut
2837 1970 3069 2027 flammis
3107 1971 3274 2027 libros
3304 1971 3613 2027 abolere....

2044 2056 2265 2116 Minime
2290 2069 2473 2117 tamen
2497 2062 2724 2118 decebat
2743 2072 2801 2116 ut
2824 2064 2891 2117 ab
2924 2064 3010 2119 his
3047 2064 3139 2134 qui
3172 2080 3231 2119 se
3261 2063 3615 2117 traditionum

2045 2158 2288 2204 veterum
2318 2152 2702 2208 tenacissimos
2733 2170 2856 2209 esse
2893 2155 3213 2225 gloriantur,
3238 2153 3617 2223 repudiaretur

2044 2240 2296 2297 Clemens
2326 2251 2513 2299 noster
2545 2245 2636 2313 qui
2658 2245 2795 2299 vidit
2823 2247 3010 2301 beatos
3040 2245 3337 2316 apostolos,
3387 2252 3440 2299 et
3487 2259 3612 2297 eum

2043 2336 2151 2390 illis
2182 2342 2535 2391 conversatus
2558 2334 2679 2401 fuit,
2704 2346 2758 2391 et
2790 2336 2967 2390 adhuc
3002 2339 3056 2392 in
3086 2337 3315 2391 auribus
3346 2336 3613 2406 pradica-

2043 2424 2245 2477 tionem
2280 2425 2671 2494 apostolorum,
2691 2434 2745 2480 et
2774 2427 3117 2482 traditionem
3144 2442 3251 2497 pra:
3299 2428 3471 2480 oculis
3516 2426 3615 2479 ha-

2041 2514 2381 2570 beat'.»Has
2410 2515 2640 2584 injurias
2670 2518 2966 2585 protulisse
2996 2533 3105 2572 non
3130 2524 3439 2580 contentus,
3460 2516 3613 2569 addit

2041 2601 2347 2659 Wetstinus
2380 2623 2398 2656 ‹
2434 2604 2679 2659 Clericos
2709 2621 2817 2659 non
2848 2607 2958 2676 pati
2984 2622 3043 2662 se
3085 2606 3287 2677 privari
3336 2605 3614 2659 familiari-

2040 2702 2148 2749 tate
2166 2711 2288 2749 cum
2320 2696 2667 2763 mulieribus;
2699 2696 2928 2753 feminas
2945 2698 3213 2752 dominari
3233 2698 3286 2751 in
3313 2696 3607 2758 Ecclesias,

2040 2784 2111 2838 ita
2137 2794 2193 2838 ut
2223 2785 2625 2841 desacerdotali
2658 2788 2827 2857 gradu
2851 2788 3217 2857 favorjudicet
3246 2788 3603 2849 feminarum;

2038 2877 2299 2946 praesules
2337 2876 2595 2931 Ecclesia:
2628 2877 2725 2933 has
2748 2878 3044 2934 Clementis
3076 2879 3368 2949 Epistolas,
3401 2877 3455 2930 in
3484 2876 3607 2945 qui-

2036 2972 2137 3026 bus
2156 2972 2335 3027 victus
2359 2980 2467 3027 tam
2494 2972 2675 3027 tenuis
2704 2973 3139 3038 commendatur,
3191 2981 3246 3027 et
3294 2988 3362 3025 ne
3412 2971 3603 3025 umbra

2034 3063 2254 3133 quidem
2289 3065 2631 3121 auctoritatis
2674 3063 2965 3134 reperitur,
3015 3063 3411 3134 Contempsisse
3440 3069 3603 3133 atque

374 3175 475 3215 sua
500 3161 682 3213 munia
699 3161 1038 3215 incumbunt.
1069 3158 1239 3216 Homo
1267 3162 1438 3217 laicus
1469 3163 1753 3234 praeceptis
1780 3163 1933 3221 laici;
1960 3193 2004 3250 C
2038 3154 2330 3224 ahjecisse,
2359 3171 2483 3208 cum
2512 3155 2672 3210 hodie
2709 3156 2796 3209 vel
2821 3153 2989 3209 intimi
3015 3154 3224 3209 ordinis
3253 3156 3486 3209 clericus
3534 3155 3601 3209 ad

371 3250 781 3320 constringitur.
827 3268 850 3303 ι

444 3341 608 3397 Unice
636 3348 693 3393 ut
732 3340 1091 3395 hierarchiam
1118 3349 1476 3411 agnoscerent
1519 3350 1572 3397 et
1607 3358 1934 3399 veneraren-

373 3439 464 3486 tur
490 3431 693 3501 scripta
724 3430 901 3486 fuerat
931 3432 1043 3486 hzec
1088 3431 1325 3502 Epistola
1355 3433 1420 3485 ad
1451 3432 1790 3498 Corinthios,
1838 3436 1929 3505 qui

370 3525 593 3580 monitis
620 3524 798 3579 sancti
831 3523 1125 3580 Clementis
1152 3525 1492 3588 obedientes,
1521 3524 1586 3577 ad
1612 3526 1931 3582 submissio-

369 3629 493 3669 nem
521 3622 576 3669 et
595 3629 785 3685 pacem
802 3615 1005 3670 reversi
1038 3622 1183 3669 sunt.
1218 3614 1291 3668 De
1320 3615 1643 3668 monaehatu
1668 3624 1721 3669 et
1746 3631 1930 3670 emno-

368 3704 473 3761 biis
527 3722 712 3761 verum
746 3714 834 3761 est
880 3715 1128 3761 sant-tum
1177 3706 1508 3761 Clementem
1531 3723 1629 3761 nec
1687 3709 1925 3763 locutum

368 3793 557 3861 fuisse,
594 3812 697 3851 nec
747 3795 893 3867 loqui
928 3798 1189 3868 potuisse,
1220 3813 1342 3851 cum
1374 3807 1612 3868 tempore
1660 3815 1760 3855 suo
1814 3802 1918 3858 ista

367 3902 476 3943 non
510 3887 849 3956 existerent;
882 3890 975 3945 sed
1008 3891 1247 3960 virgines
1275 3891 1433 3945 docet
1487 3892 1609 3961 pius
1660 3893 1921 3961 pontifex,

365 3989 424 4037 ut
450 3982 594 4037 inter
618 3983 907 4037 satcuIares
936 3983 989 4038 in
1014 3983 1200 4038 eadem
1225 3984 1407 4037 vivant
1445 3985 1776 4054 perfectione
1803 4006 1923 4057 quae

364 4086 394 4125 a
429 4072 713 4127 monachis
734 4081 915 4143 postea
958 4080 1011 4129 et
1048 4074 1336 4129 cmnobitis
1364 4074 1649 4130 observata
1679 4085 1781 4132 est.
1811 4078 1921 4134 Nec

364 4164 595 4220 diﬂiteor
622 4166 784 4219 etiam
820 4165 905 4220 his
935 4166 991 4219 in
1021 4165 1276 4236 Epistolis
1304 4182 1411 4221 non
1444 4168 1671 4237 reperiri
1714 4169 1920 4223 formu—

364 4256 443 4313 las
463 4256 720 4329 loquendi
747 4257 1122 4313 conciliorum.
1154 4257 1291 4313 Hinc
1321 4274 1421 4328 ego
1442 4276 1658 4330 quoque
1693 4262 1920 4316 authen-

360 4347 622 4404 ticitatem
679 4348 870 4403 harum
937 4348 1300 4417 Epistolarum
1358 4350 1518 4405 facile
1571 4352 1913 4418 concludam,

359 4436 518 4492 modo
538 4438 624 4493 his
649 4438 1011 4493 sanctissimis
1040 4438 1273 4493 coetibus
1301 4438 1433 4493 nihil
1460 4440 1797 4497 detrahatur.

692 4634 918 4674 INSULSE
950 4636 1215 4675 WETSTINI
1260 4635 1555 4676 INVECTIVAE
1565 4666 1578 4677 .

426 4706 646 4762 Gratum
685 4709 926 4762 animum
959 4710 1116 4763 unice
1142 4710 1441 4778 exprimere
1470 4713 1761 4768 voluissem
1790 4729 1915 4785 erga

363 4796 681 4854 Wetstinum
722 4816 821 4869 pro
857 4799 1116 4855 beneficio
1156 4799 1299 4870 quod
1356 4800 1614 4858 Ecclesia:
1642 4811 1695 4859 et
1732 4804 1917 4859 erudi-

363 4891 495 4943 tioni
518 4894 764 4961 priestitit
789 4893 888 4948 has
919 4895 1240 4963 publicando
1268 4900 1440 4954 sancti
1471 4897 1768 4952 Clementis
1786 4895 1911 4967 Epi-

360 4982 554 5049 stolas;
573 4984 665 5040 sed
685 4984 927 5039 dolorem
956 4987 1112 5041 simul
1144 4990 1397 5046 cohibere
1436 5004 1546 5044 non
1590 4988 1733 5051 licet,
1764 4991 1907 5059 quod

356 5074 523 5142 gratis
542 5084 649 5130 tam
681 5076 944 5147 injustum
972 5093 1033 5134 se
1051 5079 1357 5136 exhibuerit
1385 5094 1511 5151 erga
1543 5086 1788 5134 sanctam
1818 5080 1915 5135 Ec-

458 5250 482 5281 ⁹
513 5247 572 5303 S.
604 5247 743 5305 Iren.
764 5250 902 5307 Adv.
948 5252 1100 5321 liam,
1128 5253 1167 5311 I.
1195 5269 1277 5318 In,
1310 5270 1360 5311 c.
1378 5254 1430 5310 5.

421 5442 497 5512 (5)
544 5441 661 5525 ῌοςξ
710 5447 1109 5525 ῑεξείφοῃίυηιμ
1144 5453 1415 5525 invenitur
1470 5454 1523 5508 in
1591 5456 1913 5525 quibusdam

351 5513 749 5596 exemplaribus
770 5517 1040 5596 EPISIOIIE
1167 5524 1352 5592 lgnatii
1383 5513 1635 5596 martyris
1656 5527 1721 5580 ad
1753 5525 1905 5579 Phil-

352 5583 722 5667 adelphenses.
768 5583 951 5657 Ibique
975 5583 1396 5667 alluditsvanetus
1414 5583 1608 5667 praesul
1635 5596 1918 5652 Antioche-

352 5667 463 5735 nus
507 5655 741 5735 consilio
777 5672 806 5709 a
834 5655 1451 5735 sanctolClementejd
1486 5662 1736 5735 Virgines
1785 5667 1914 5721 dato

352 5722 595 5802 imitandi
631 5722 952 5802 Patremtet
1004 5727 1313 5802 Fifiunttet
1339 5722 1611 5799 Spiritum"
1645 5746 1907 5792 sanctum.

356 5788 415 5841 Si
441 5792 662 5847 vitiatus
695 5788 863 5850 fuerit
880 5797 982 5853 iste
1033 5788 1426 5872 sancti'lgnat'ii
1468 5788 1909 5869 locus,rcumirriii

635 5887 897 5950 Ps'rnos.
932 5890 1046 5952 Gn.
1088 5894 1135 5953 I.

2037 3249 2356 3319 dignitatem
2390 3264 2544 3302 suam
2597 3249 2869 3319 pertinere
2894 3248 3126 3318 judicet,
3160 3256 3220 3302 ut
3272 3256 3327 3304 et
3384 3249 3601 3304 Iautiori

2036 3342 2161 3399 cibo
2186 3348 2459 3406 vescatur,
2502 3348 2557 3395 et
2601 3341 2653 3395 in
2704 3341 3103 3411 spiritualibus.
3154 3356 3436 3410 personam
3477 3358 3602 3412 apo-

2034 3434 2158 3489 stoli
2184 3434 2265 3488 vel
2285 3433 2558 3501 propheta:
2576 3433 2678 3487 sibi
2705 3439 2905 3487 sumat.
2946 3450 2967 3484 ι
3002 3431 3261 3496 Tandem,
3292 3433 3380 3486 vix
3421 3444 3601 3503 sperat

2032 3522 2340 3579 Wetstinus
2360 3523 2458 3578 has
2480 3523 2750 3593 Epistolas
2784 3522 3123 3576 authenticas
3155 3524 3375 3592 agn‘osci
3408 3524 3475 3580 ali
3514 3524 3599 3579 his

2030 3628 2263 3683 quorum
2312 3627 2491 3668 mores
2520 3628 2625 3667 non
2657 3619 2805 3675 sunt,
2857 3618 2917 3665 ut
2958 3611 3053 3679 ait,
3103 3611 3294 3666 harum
3335 3612 3597 3667 doctrinae

2028 3705 2360 3761 conlbrmes.

2333 3902 2617 3942 ιιεειιοΝειο
2656 3902 2957 3943 ΙΝνΕετιγῖε
2992 3903 3279 3943 πετετικι.

2097 3976 2394 4032 Minoribus
2460 3978 2710 4045 expensis
2776 3986 2987 4047 poterat
3038 3976 3342 4032 Wetstinus
3393 3975 3589 4032 famam

2027 4069 2246 4123 zelantt's
2278 4070 2551 4137 reformati
2584 4070 2686 4123 sibi
2705 4070 3311 4139 conquirere,quamvis
3341 4067 3584 4125 dubitem

2020 4176 2150 4215 num
2184 4161 2361 4230 reipsa
2392 4160 2761 4230 acquisiverit.
2813 4160 2954 4227 Quot
2996 4176 3226 4230 namque
3262 4165 3591 4230 persecutio-

2019 4271 2135 4316 nes.
2156 4260 2295 4328 apud
2316 4275 2466 4323 suos,
2508 4261 2675 4315 subiit
2724 4268 2943 4329 pr0pter
2972 4255 3331 4325 Epistolarum
3362 4259 3585 4312 istarum

2018 4348 2464 4417 publicationem!
2504 4349 2629 4420 Ipsi,
2654 4351 2850 4405 nedum
2882 4350 2937 4402 in
2967 4348 3327 4418 patrocinium
3357 4349 3587 4403 authen-

2019 4442 2243 4494 ticitatis
2278 4457 2437 4511 quam
2465 4441 2794 4506 vindicabat,
2825 4442 3064 4494 faverent
3098 4438 3585 4495 declamationibus

1944 4536 1987 4590 D
2014 4533 2132 4601 ejus
2155 4541 2341 4587 contra
2365 4533 2658 4589 Ecclesiam
2692 4545 2746 4591 et
2778 4537 2980 4590 clerum
3020 4532 3369 4597 catholicum,
3397 4534 3451 4587 in
3490 4532 3587 4588 de-

2016 4627 2366 4682 clamatorem
2402 4633 2578 4700 ipsum
2605 4629 2920 4685 debaccliati
2959 4637 3106 4684 sunt.
3147 4626 3259 4679 Imo
3295 4625 3407 4680 fere
3444 4626 3587 4679 inter

2018 4719 2480 4775 solosCatholicos
2508 4720 2870 4791 Epistolarum
2907 4718 3294 4775 authenticitas
3332 4717 3585 4772 defenso-

2016 4822 2105 4863 res
2140 4816 2194 4861 et
2248 4809 2538 4866 advocatos
2592 4813 2834 4867 invenit..
2869 4811 2969 4867 Hie
3012 4812 3324 4867 memorabo
3371 4818 3581 4864 tantum

2016 4898 2256 4954 Diarium
2287 4902 2630 4969 eruditorum,
2662 4904 2866 4960 mensis
2899 4904 3026 4960 Jun.
3061 4904 3166 4959 vol.
3199 4900 3292 4965 XI,
3331 4902 3488 4963 I758,
3525 4917 3575 4969 p.

2016 4991 2140 5046 M6.
2166 4992 2411 5047 Diarium
2444 4994 2587 5049 istud
2632 4995 2833 5051 fatetur
2871 4998 3064 5051 harum
3097 4995 3460 5065 Epistolarum
3496 4993 3581 5045 in—

2016 5085 2325 5142 ventionem
2345 5102 2468 5143 esse
2495 5089 2714 5143 maximi
2736 5090 3026 5154 momenti;
3050 5086 3437 5143 Commentario
3462 5084 3583 5138 Tri-

2019 5456 2265 5527 pluribus
2290 5458 2901 5528 exemplaribusexistat
2915 5456 3184 5528 ejusmodi
3210 5456 3579 5527 interpolatio,

2059 5544 2137 5582 ute
2172 5527 2523 5597 probabiliter
2568 5529 2808 5582 anterior
2834 5538 2917 5582 est
2940 5527 3222 5581 amissioni
3265 5535 3578 5583 nostrarum

2059 5544 2137 5582 uae
2172 5544 2523 5597 pronanniter
2568 5544 2808 5582 anterior
2834 5544 2917 5582 est
2940 5544 3222 5581 amisswm
3265 5544 3578 5583 nosuarum

2017 5544 2403 5668 Epistolarum,
2461 5598 2789 5668 credendum
2837 5597 3035 5668 estrab
3064 5597 3266 5652 eisdem
3322 5597 3579 5668 Epistolis

2016 5667 2317 5723 niutuatam
2351 5668 2518 5723 fuisse
2542 5667 2917 5723 invitationem
2942 5667 3188 5720 imitandi
3222 5676 3333 5723 tres
3346 5667 3574 5724 sanctis-

2016 5740 2165 5793 simae
2222 5730 2509 5791 Trinitatis
2568 5736 3035 5808 personaszquod
3090 5746 3237 5792 certe
3283 5754 3482 5794 novum
3526 5744 3575 5792 α

2013 5822 2176 5878 grave
2202 5808 2402 5877 praebet
2434 5807 2863 5864 authenticitatis
2889 5821 3290 5878 argumentum.
3328 5838 3334 5862 ι

3262 5905 3334 5963 12
