4090 6250
444 381 557 435 Μῖὅ

1268 373 1322 427 S.
1359 369 1747 426 CLEMENTIS
1781 370 1797 424 Ι
1834 369 2000 426 BOM.
2034 366 2235 424 PONT.
2272 368 2497 424 OPERA
2530 365 2847 424 GENUINA.

3570 363 3672 416 364

443 496 675 550 eoltiana
696 536 709 558 ,
735 498 872 566 Aug.
890 533 906 557 ,
945 491 1102 556 £758,
1136 507 1188 561 p.
1221 491 1398 555 2076;
1436 489 1759 552 Codescard,
1789 490 1845 544 in
1893 489 2011 545 Vita
2043 490 2087 546 Δ
2113 494 2336 557 paverat
2360 485 2643 557 dispoliari
2667 483 3048 555 ﬂagitaverunt
3072 489 3127 538 et
3153 478 3510 535 obtinuerunt
3532 491 3673 532 anno

441 588 612 641 sancti
638 586 956 648 Clementis;
979 583 1211 649 Caillau,
1243 583 1298 637 in
1344 583 1534 637 selecto
1560 582 1873 638 Collectione
1910 581 2013 635 Pa-

444 688 581 734 trum
610 678 685 750 (4)
710 696 724 744 ;
751 685 858 733 etc.

512 771 691 827 Hocce
728 770 1058 840 judiciorum
1091 770 1387 826 discrimen
1434 770 1712 826 evidenter
1761 770 2011 825 demons-

441 872 547 918 trat
580 861 765 933 quibus
804 862 1131 931 displicuerit
1171 863 1415 917 doctrina
1440 865 1493 917 in
1535 862 1785 931 Epistolis
1816 863 2009 916 nostris

441 956 673 1021 tradita,
745 956 933 1027 quique
996 956 1119 1011 illas
1185 972 1385 1025 semper
1457 957 1676 1011 latuisse
1739 965 2008 1024 peroptas-

438 1056 569 1103 sent.

509 1161 665 1229 Quod
708 1165 885 1219 sentio
916 1162 1147 1218 candide
1183 1160 1434 1215 fatebor:
1475 1160 1661 1217 nescio
1692 1167 1875 1213 utrum
1904 1158 2006 1213 sub

439 1256 834 1312 infelicioribus
896 1254 1157 1325 auspiciis
1227 1268 1388 1322 quam
1436 1252 1539 1307 sub
1599 1250 1903 1321 patrocinio
1953 1258 2006 1303 et

436 1355 681 1418 tempore
720 1346 1000 1410 Wetstini,
1052 1346 1134 1400 hae
1158 1346 1409 1415 pretiosae
1450 1342 1706 1413 Epistolas
1737 1340 2002 1413 publicari

436 1438 732 1508 potuerint.
752 1437 1044 1493 Caelibatus
1061 1435 1587 1507 pseudo-reformatis
1609 1447 1822 1502 semper
1852 1430 2003 1485 odio-

438 1531 485 1585 si
531 1530 745 1603 quidam
771 1530 1088 1599 reformatus
1118 1527 1421 1599 apologiam
1450 1524 1795 1581 incunabulis
1819 1521 2003 1576 Eccle-

436 1618 530 1673 sia:
572 1624 900 1672 coaetaneam
957 1616 1016 1671 in
1061 1617 1236 1671 lucem
1298 1615 1534 1671 edebat:
1567 1614 1862 1669 Lutherum
1891 1613 2003 1666 dis-

436 1709 652 1782 cipulus
678 1709 899 1766 Lutheri
931 1709 1221 1781 pungebat.
1250 1707 1384 1774 Quis
1408 1709 1577 1773 favor,
1608 1726 1673 1765 ex
1698 1709 1799 1763 hac
1828 1716 1997 1780 parte,

436 1803 771 1874 sperandus?
796 1802 851 1857 In
880 1818 1134 1874 proceres
1160 1803 1291 1857 cleri
1330 1802 1607 1867 catholici,
1633 1818 1740 1857 non
1780 1802 2002 1857 lacessi-
2034 1829 2077 1885 Β

435 1906 546 1958 tus.
583 1896 938 1952 indistinctim
980 1897 1281 1950 calumnias
1318 1904 1610 1961 struxerat,
1658 1894 1791 1965 ipsis
1824 1894 2001 1965 impu-

436 1988 602 2043 tando
632 2004 813 2044 mores
862 2004 1169 2059 perversos,
1203 1988 1536 2059 hypocrisim
1566 2003 1629 2042 ac
1667 1987 1998 2041 voluntatem

436 2081 789 2138 comburendi
846 2082 1013 2137 libros
1072 2098 1301 2152 quorum
1342 2083 1589 2138 doctrina
1636 2097 1742 2136 non
1791 2087 2000 2150 poterat

433 2176 501 2230 ad
547 2190 757 2238 eorum,
822 2185 881 2230 ut
930 2174 1144 2240 aiebat,
1204 2174 1524 2245 pravitatem
1591 2180 1645 2229 et
1698 2174 1998 2245 nequitiam

435 2267 656 2322 inﬂecti.

506 2356 791 2413 Maledicta
822 2373 922 2413 nec
942 2358 995 2412 in
1025 2364 1226 2413 sectam
1246 2358 1582 2413 accusatoris
1609 2372 1711 2413 nec
1736 2358 1791 2411 in
1822 2356 2000 2427 ipsum

427 2459 810 2507 .accusatorem
836 2466 1078 2520 regeram
1110 2469 1124 2506 :
1158 2450 1289 2521 quid
1321 2451 1465 2506 enim
1498 2451 1819 2522 prodessent
1869 2466 2003 2505 con-

427 2540 578 2616 .vitia
601 2544 624 2583 7
653 2541 793 2607 Quid
824 2541 1099 2596 vindicta?
1129 2542 1319 2603 Nemo.
1354 2543 1458 2597 nisi
1505 2542 1763 2605 insaniat,
1788 2541 2001 2596 difﬁteri

433 2648 613 2711 potest
663 2634 812 2691 mille
866 2636 1065 2705 scripta
1130 2646 1395 2701 veterum,
1446 2637 1648 2708 injuria
1697 2646 2002 2706 temporum

432 2732 633 2787 amissa
661 2740 715 2788 et
742 2726 1074 2791 oblitterata,
1101 2729 1362 2785 revixisse
1390 2730 1606 2784 tandem
1630 2744 1758 2783 cura
1775 2735 1829 2782 et
1855 2725 2006 2783 solli-

431 2824 673 2881 citudine
712 2827 1009 2896 praesertim
1046 2822 1364 2896 pontificum
1398 2821 1490 2893 qui
1544 2822 1708 2876 nullis
1744 2834 2004 2891 peperce-

430 2924 560 2971 runt
599 2919 875 2987 expensis,
917 2927 977 2972 ut
1010 2918 1110 2974 hos
1148 2916 1534 2987 conquirerent
1562 2914 1852 2968 thesauros
1881 2912 2007 2966 abs-

431 3006 703 3063 conditos.
756 3008 947 3063 Merito
994 3007 1236 3063 omnium
1282 3002 1415 3062 risui
1470 3018 1529 3057 se
1576 3012 1869 3073 exponeret
1911 3000 2004 3071 qui

432 3100 753 3155 immensam
816 3113 1135 3168 comparare
1190 3098 1414 3152 auderet
1469 3093 1718 3166 cujusvis
1791 3095 2008 3163 generis

432 3194 696 3248 librorum
744 3191 1092 3261 antiquorum
1132 3190 1532 3245 multitudinem
1564 3205 1595 3243 a
1626 3190 1772 3245 clero
1812 3187 2001 3244 Catho-

433 3286 540 3339 lico
566 3284 923 3345 delectorum,
953 3298 1076 3338 cum
1108 3281 1406 3337 rarissimis
1429 3284 1784 3338 sectariorum
1819 3282 2001 3338 inven-

431 3374 697 3429 tionibus.

502 3464 619 3521 Non
637 3464 738 3521 sibi
758 3465 1105 3519 consentiunt
1132 3464 1318 3519 hostes
1349 3464 1520 3520 nostri
1551 3481 1564 3517 :
1587 3463 1745 3520 modo
1768 3478 2001 3533 namque

434 3566 693 3611 accusant
722 3554 981 3611 Ecclesia:
1007 3570 1262 3626 proceres
1300 3555 1445 3625 quod
1480 3556 1678 3610 bellum
1716 3555 2000 3611 intulerint

432 3647 587 3702 libris
617 3654 860 3701 veterum
907 3645 1308 3709 licentiorihus,
1352 3646 1513 3700 modo
1547 3646 1679 3715 ipsis
1733 3646 2001 3715 imputant

433 3738 599 3807 quod,
643 3753 709 3792 ex
763 3736 1050 3801 industria,
1095 3739 1265 3792 moliti
1326 3737 1526 3793 fuerint
1577 3738 1999 3793 destructionem

432 3843 659 3898 Operum
690 3830 995 3884 castitatem
1035 3839 1388 3901 sanctamque
1430 3829 1771 3900 disciplinam
1800 3829 2003 3883 docen-

434 3920 590 3975 tium.

504 4010 684 4077 Quare
728 4012 907 4068 clerus
941 4014 1244 4069 catholicus
1295 4014 1642 4069 insimulatur
1671 4029 1700 4068 a
1728 4013 2002 4069 Wetstino

434 4102 617 4158 nimiae
669 4101 1057 4161 familiaritatis
1107 4121 1231 4161 cum
1291 4106 1636 4169 mulieribus,
1693 4120 1817 4160 cum
1876 4105 2003 4160 inde

434 4196 704 4266 pmcipue
746 4197 1349 4267 pseudo-reformationi
1401 4196 1687 4267 displiceat
1745 4197 1887 4268 quod
1933 4196 2004 4251 sit

434 4290 765 4345 continens?
802 4289 924 4345 Haec
955 4291 1115 4345 etiam
1163 4290 1306 4345 inter
1326 4306 1385 4345 se
1406 4290 1873 4361 pugnant.Arguit
1901 4288 2003 4343 Ec-

435 4383 615 4439 clesia:
658 4384 917 4453 praesules
954 4391 1008 4437 et
1038 4383 1268 4438 clericos
1307 4381 1452 4451 quod
1498 4380 1923 4452 contempserint
1950 4388 2004 4436 et

435 4474 735 4544 abjeccrint
774 4475 947 4530 sancti
972 4474 1269 4530 Clementis
1308 4474 1601 4545 Epistolas,
1646 4474 1827 4531 studio
1865 4475 2003 4546 gula:

436 4570 491 4617 et
519 4563 784 4630 ambitus;
813 4563 957 4618 unde
992 4564 1192 4634 gradus
1226 4566 1651 4628 ecclesiasticos,
1681 4574 1740 4620 ut
1769 4582 1864 4622 eos
1898 4565 2005 4621 cri-

439 4654 698 4719 minatur,
720 4664 1006 4725 usurpaut;
1033 4656 1176 4711 unde
1203 4672 1418 4726 quoque
1439 4658 1541 4712 sibi
1573 4665 1829 4729 arrogant
1875 4674 2006 4729 apo-

439 4747 705 4803 stolorum
760 4748 843 4801 vel
892 4748 1273 4818 prophetarum
1343 4750 1667 4817 qualitates!
1726 4750 2003 4814 Miserum,

439 4854 593 4903 sane,
626 4839 928 4911 perfugium
966 4840 1351 4913 ha:resis,qua:
1386 4858 1526 4909 quos
1575 4850 1876 4903 aversatur,
1927 4844 2006 4897 sic

439 4930 641 5002 injuste
671 4931 1019 4987 dehoneStat!
1056 4930 1375 5000 Speravitne
1400 4931 1703 4988 Wetstinus
1735 4933 1819 4986 his
1852 4933 2003 4988 insa-

438 5025 528 5080 nis
553 5024 997 5079 accusationibus
1025 5039 1119 5078 ora
1153 5023 1407 5078 claudere
1437 5038 1625 5079 eorum
1656 5026 1771 5095 qui,
1802 5026 1855 5080 in
1888 5027 2005 5095 ipso

438 5113 873 5171 Lutheranorum
911 5130 1091 5186 grege,
1142 5130 1265 5168 eum
1299 5125 1355 5169 ut
1396 5115 1739 5171 Socinianum
1786 5118 2005 5188 pestife-

440 5221 671 5278 rumque
690 5215 1005 5262 novatorem
1022 5204 1405 5262 denuntiantes
1422 5222 1449 5260 a
1461 5209 1629 5277 gradu
1662 5225 1819 5280 quem
1842 5226 1995 5265 occu-

2114 578 2284 634 i750?

2180 669 2315 725 Risu
2336 668 2497 739 digna
2522 674 2607 722 est
2638 665 2777 721 ratio
2807 681 2969 736 quam
3000 664 3153 719 atl‘ert
3173 661 3239 718 de
3268 659 3589 717 exorcismis
3618 658 3671 712 in

2110 760 2380 830 principio
2407 758 2663 813 Ecclesia:
2691 757 2969 816 adhibitis.
3001 769 3248 827 quosque
3278 753 3393 806 vult
3413 750 3673 805 confundi

2108 866 2233 905 cum
2289 866 2420 905 cura
2456 856 2803 920 aegrotorum.
2870 847 2998 902 lnde
3034 847 3197 902 etiam
3264 857 3452 898 ansam
3510 844 3674 895 sumit

2109 943 2405 997 accusandi
2469 942 2735 996 indirecte
2809 940 3102 994 hodiernos
3171 935 3428 991 Ecclesiae
3497 934 3669 995 ritus,

2108 1034 2406 1090 asserendo
2435 1034 2564 1088 olim
2606 1033 2797 1088 saltem
2846 1046 3059 1086 omnem
3092 1028 3300 1082 fraudis
3326 1035 3380 1082 et
3409 1026 3672 1097 impastu-

2107 1142 2182 1181 τε
2209 1126 2600 1197 suspicionem,
2626 1140 2842 1179 omnem
2885 1119 3092 1178 sordidi
3123 1128 3359 1190 quaestus
3387 1132 3536 1189 spem
3574 1121 3667 1170 ab-

2107 1217 2297 1274 fuisse.

2298 1415 2669 1457 COIPENSATIO
2700 1411 3018 1453 INJUSTITIE
3058 1409 3380 1450 PRECEDENT
3390 1407 3457 1448 IS.

2173 1492 2501 1557 Wetstinus,
2529 1492 2584 1546 in
2623 1490 2921 1546 Ecclesiam
2961 1487 3286 1543 catholicam
3319 1484 3545 1554 ejusque
3567 1481 3673 1536 cle-

2102 1603 2221 1643 rum
2251 1586 2531 1647 invehens,
2563 1594 2722 1641 sectae
2751 1597 2862 1637 suae
2882 1581 3106 1650 vestigia
3137 1587 3356 1633 secutus
3381 1582 3485 1632 est.
3516 1576 3671 1644 Igno-

2102 1694 2321 1735 scamus
2351 1678 2427 1732 illi
2448 1693 2461 1729 :
2482 1675 2757 1731 nesciebat
2787 1672 3036 1727 fortassis
3069 1670 3198 1740 quid
3225 1674 3425 1739 ageret.
3454 1665 3668 1720 Nullum

2104 1770 2231 1824 inde
2260 1768 2363 1839 ipsi
2412 1766 2757 1822 commodum
2782 1764 3022 1819 obvenit.
3050 1762 3243 1816 Cultus
3276 1758 3483 1829 pseudo
3506 1756 3676 1811 refor-

2102 1863 2231 1918 mati
2261 1862 2475 1933 patroni
2516 1860 2571 1914 in
2600 1859 2859 1928 collegam
2890 1856 3049 1926 primi
3076 1855 3508 1909 insurrexerunt.
3552 1848 3671 1903 Uti-

2100 1971 2226 2012 nam
2266 1955 2392 2008 hinc
2424 1950 2689 2022 potuisset
2710 1948 3010 2018 intelligere
3044 1947 3097 2000 in
3134 1946 3253 2000 solo
3274 1943 3463 1997 matris
3490 1940 3674 1995 Eccle-

2103 2048 2196 2103 siae
2223 2045 2428 2116 gremio
2450 2042 2731 2096 veritatem
2767 2054 2889 2093 cum
2912 2036 3071 2092 laude
3093 2052 3221 2091 vera
3250 2035 3524 2103 dignoque
3557 2030 3672 2085 suf-

2101 2138 2275 2208 fragio
2306 2135 2525 2191 defendi
2569 2149 2633 2187 ac
2678 2130 3042 2203 propugnari!
3079 2128 3187 2183 Nec
3208 2126 3482 2181 Wetstino
3512 2140 3543 2178 a
3565 2121 3671 2179 Ca-

2100 2228 2317 2283 tholicis
2343 2223 2697 2295 denegandus
2732 2229 2816 2276 est
2849 2234 3009 2290 quem
3043 2218 3092 2273 ei
3123 2215 3450 2272 consectarii
3486 2212 3672 2282 dispu-

2100 2327 2237 2383 tant,
2278 2315 2506 2370 meritus
2538 2314 2731 2367 honos.
2765 2310 2898 2375 Quis
2939 2323 3101 2378 porro
3124 2314 3415 2361 extraneus
3435 2302 3669 2373 partium

2102 2409 2300 2465 studiis
2348 2408 2525 2477 ipsum
2588 2420 2697 2458 non
2753 2401 2995 2456 laudabit
3056 2399 3172 2453 hazc
3235 2394 3581 2466 loquentem?
3625 2393 3668 2424 ¹⁰

2108 2520 2128 2553 ι
2167 2500 2341 2553 Erunt
2382 2498 2524 2552 forte
2559 2495 2758 2566 quibus
2790 2493 2983 2546 harum
3024 2489 3386 2560 Epistolarum
3435 2485 3669 2555 scriptor

2101 2592 2373 2649 videbitur
2423 2597 2478 2644 et
2522 2584 2869 2642 matrimonio
2907 2597 3029 2636 esse
3062 2579 3323 2650 iniquior,
3361 2578 3666 2632 caelibatum

2102 2699 2234 2740 vero
2262 2684 2491 2737 nimium
2544 2677 2826 2738 extollere,
2863 2673 3082 2744 quando
3116 2671 3414 2742 virginibus
3465 2669 3669 2722 sanctis

2102 2772 2536 2830 excellentiorem
2578 2769 2633 2823 iu
2687 2766 2840 2821 caelis
2890 2766 3067 2819 locum
3122 2763 3306 2817 datum
3362 2758 3427 2813 iri
3481 2758 3669 2813 statuit

2105 2882 2267 2938 quam
2311 2862 2633 2934 conjugibus
2669 2859 2873 2915 sanctis
2906 2858 2972 2919 “,
3004 2863 3057 2911 et
3086 2854 3359 2910 morosius
3394 2865 3557 2920 quam
3584 2848 3669 2903 vel

2105 2956 2439 3017 humanitas,
2463 2953 2547 3007 vel
2573 2949 2758 3006 saeculi
2788 2947 2963 3003 nostri
2994 2944 3331 3001 consuetudo
3370 2941 3492 3007 fert,
3522 2940 3670 2996 omni

2106 3062 2231 3102 cum
2255 3043 2578 3099 mulieribus
2627 3038 2993 3094 familiaritate
3020 3045 3073 3091 ct
3100 3034 3427 3089 commercio
3457 3032 3673 3087 interdi-

2028 3166 2070 3223 ο
2107 3154 2251 3202 cere,
2272 3136 2587 3204 aditumque
2609 3147 2795 3189 earum
2824 3138 2877 3186 et
2900 3142 3203 3185 sermonem
3234 3126 3492 3196 defugere
3519 3124 3673 3193 jube-

2100 3247 2179 3297 re,
2212 3245 2279 3285 ne
2298 3226 2426 3298 quid
2452 3243 2520 3281 ex
2548 3224 2869 3295 contagione
2892 3220 3218 3277 incommodi
3245 3218 3593 3288 accipiamus,
3612 3224 3671 3270 ut

2099 3321 2281 3379 verbis
2307 3320 2538 3375 Caesaris
2563 3326 2707 3373 utar.

2175 3432 2197 3468 ι
2239 3413 2432 3475 Aliter,
2466 3411 2660 3471 fateor,
2686 3410 2754 3464 de
2792 3408 3040 3462 caelibatu
3077 3411 3131 3461 et
3172 3401 3517 3458 matrimonio
3546 3415 3673 3455 sen-

2099 3507 2165 3561 tit
2194 3496 2445 3560 Clemens
2480 3514 2641 3570 quam
2689 3496 2987 3563 Lutberus;
3020 3504 3075 3549 at
3110 3494 3348 3549 nondum
3386 3491 3671 3562 probatum

2100 3602 2184 3652 est
2210 3594 2359 3648 illum
2401 3593 2540 3646 male
2568 3587 2809 3645 sensisse
2854 3600 2870 3638 :
2913 3584 3102 3653 siquis
3137 3581 3281 3637 enim
3319 3580 3536 3650 genium
3571 3577 3669 3631 de-

2101 3686 2340 3749 fraudat,
2369 3691 2425 3738 et
2452 3683 2758 3752 voluptates
2806 3678 2967 3735 etiam
3015 3677 3192 3731 licitas
3240 3672 3470 3743 spernit,
3503 3681 3563 3724 ut
3608 3684 3675 3724 eo

2102 3758 2297 3833 melius
2332 3786 2386 3831 et
2418 3775 2724 3844 expeditius
2746 3772 3008 3827 doctrinae
3035 3767 3312 3839 Evangelii
3339 3775 3394 3821 et
3421 3766 3673 3821 curandae

2102 3868 2359 3943 Ecclesia:
2387 3880 2583 3920 vacare
2599 3865 2909 3935 possit,cur
2934 3880 3043 3918 non
3074 3863 3127 3917 in
3152 3863 3320 3916 altera
3350 3861 3458 3914 vita
3496 3858 3673 3927 majus

2102 3974 2133 4013 a
2178 3957 2289 4013 Deo
2342 3958 2621 4029 praemium
2680 3963 2944 4027 speraret,
2993 3970 3156 4025 quam
3199 3953 3276 4007 illi
3320 3952 3413 4022 qui
3465 3958 3670 4021 partem

2100 4050 2364 4107 mercedis
2396 4065 2509 4105 suae
2531 4049 2641 4119 jam
2666 4049 2722 4103 in
2751 4047 2855 4103 hac
2879 4048 2991 4103 vita
3007 4045 3365 4116 receperunt?
3383 4043 3670 4104 Caeterum,

2100 4141 2351 4197 Clemens
2409 4155 2509 4196 nec
2549 4139 2856 4194 caelibatum
2918 4139 3094 4209 jubet,
3154 4152 3256 4192 nec
3307 4133 3526 4204 nuptias
3577 4146 3672 4184 ve-

2102 4242 2203 4300 tat,
2254 4240 2311 4287 ut
2362 4242 2478 4287 tum
2526 4247 2592 4287 ex
2665 4231 2784 4301 ipso
2846 4231 2965 4286 loco
3038 4228 3200 4284 modo
3283 4228 3446 4280 allato
3499 4229 3668 4294 patet,

2103 4333 2216 4379 tum
2246 4339 2310 4379 ex
2356 4324 2461 4377 alia
2504 4322 2749 4392 ejusdem
2774 4321 3014 4392 Epistula
3045 4320 3247 4389 scripta
3295 4315 3540 4370 adversus
3583 4328 3670 4365 eos

2104 4416 2194 4487 qui
2237 4416 2634 4470 matrimonium
2686 4415 2961 4485 rejiciunt,
3017 4427 3179 4481 quam
3206 4410 3399 4479 legisse
3438 4410 3672 4458 testatur

2035 4522 2082 4580 υ
2108 4506 2405 4579 Dionysius
2433 4507 2700 4563 Barsalibi
2728 4548 2742 4574 ,
2768 4505 2908 4577 apud
2938 4503 3197 4559 Asseman
3228 4502 3271 4533 “
3305 4519 3318 4555 :
3351 4512 3449 4552 nec
3485 4494 3551 4549 de
3572 4509 3674 4548 cae-

2105 4601 2307 4656 libatus
2330 4600 2552 4671 praemio
2572 4599 2871 4669 quidquam
2899 4596 3031 4651 dicit
3051 4595 3323 4650 diversum
3355 4590 3423 4645 ab
3454 4588 3522 4644 iis
3551 4603 3673 4659 qua:

2104 4689 2308 4747 Paulus
2332 4690 2593 4745 docuerat
2625 4689 2690 4743 “.
2717 4706 2735 4740 ι

2105 4911 2490 4950 EXPENDUNTUR
2534 4910 2599 4948 AC
2651 4907 3031 4947 BEFELLUNTUR
3071 4903 3333 4943 RATIONES
3382 4900 3569 4949 QUIBUS
3617 4901 3671 4939 ῐ).

2176 4981 2244 5019 DE
2285 4981 2557 5019 PREIIAGNY
2583 4980 2633 5018 ιη
2666 4978 2859 5017 DUBIUII
2893 4976 3132 5015 REVOCAT
3162 4972 3673 5014 AUTHENTICITATEII

2181 5051 2432 5091 AIBARUI
2469 5049 2838 5089 EPISTOLARUM
2874 5047 3063 5087 SANCTI
3099 5044 3427 5085 ειειιεΝτιε.

2183 5126 2490 5197 Stephanus
2506 5125 2833 5191 Franciscus
2858 5123 3102 5178 Boistard
3129 5122 3197 5177 de
3224 5120 3549 5189 Premagny,
3576 5116 3675 5170 ho-

2113 5220 2267 5267 nesta
2310 5213 2533 5281 familia,
2564 5211 2885 5283 Rotbomagi
2914 5220 3095 5275 natus,
3117 5214 3202 5265 vir
3231 5225 3441 5281 magna:
3474 5209 3676 5262 littera-

517 5384 559 5415 ¹⁰
587 5382 983 5456 Prolegomen.,
1010 5401 1063 5438 n.
1102 5384 1187 5438 10.
1265 5386 1305 5416 ¹¹
1346 5383 1443 5455 Ep.
1470 5383 1510 5451 l,
1545 5387 1678 5441 n.l.
1757 5386 1798 5416 "
1828 5385 2023 5441 Bibliot

2101 5386 2343 5456 ~0rient.,
2377 5396 2417 5444 t.
2441 5387 2507 5456 Il,
2540 5405 2597 5460 p.
2626 5390 2748 5446 155.
2824 5388 2910 5444 ⁸³1
2955 5388 3081 5445 Cor.
3116 5398 3217 5455 νη,
3265 5387 3318 5445 9.

520 5569 597 5637 (4)
637 5567 933 5639 ρυειιιθᾲιιίο
965 5568 1188 5639 ultimus
1219 5570 1452 5639 scriptor
1480 5579 1699 5624 nostras
1734 5566 2006 5639 Epistolas

447 5656 556 5695 non
590 5639 807 5693 admisit
829 5637 880 5689 in
909 5653 1010 5691 sua
1030 5637 1366 5703 Collectiane,
1397 5656 1518 5693 cum
1543 5654 1637 5694 eas
1669 5638 2009 5693 authenticas

448 5724 571 5762 esse
589 5724 696 5761 nun
748 5709 945 5775 neget?
998 5706 1286 5763 Probabile
1338 5718 1421 5763 est
1462 5719 1555 5762 aut
1582 5709 1789 5762 nullum
1817 5716 2007 5762 earum

448 5778 725 5846 exemplar
753 5778 806 5830 in
843 5792 1035 5831 uiantis
1063 5779 1182 5845 ejus
1214 5780 1494 5842 pervenire
1530 5779 1791 5847 potuisse.
1821 5787 1913 5831 aut
1960 5778 2005 5831 si

448 5847 724 5921 quoddam
746 5847 1070 5919 pervenerit,
1102 5847 1291 5917 prdem
1318 5848 1440 5917 ejus
1471 5857 1857 5919 retrogrcssum
1886 5864 2006 5902 esse

2113 5570 2180 5624 ad
2213 5572 2388 5641 solum
2423 5580 2774 5641 conspectum
2824 5571 3048 5627 hirsutae
3078 5568 3454 5627 translationis
3488 5564 3671 5641 Weth

2114 5642 2231 5696 tin’i.
2265 5639 2464 5713 Eadem
2498 5636 2774 5713 (le-causa,
2817 5658 2916 5712 ego
2947 5644 3059 5713 ipse
3082 5643 3262 5712 plures
3291 5654 3463 5713 annos
3486 5636 3670 5690 distuli

2114 5727 2294 5766 meum
2337 5711 2597 5781 laborem,
2618 5712 2709 5781 qui
2740 5708 2946 5767 utinam
2966 5708 3151 5768 adhuc
3182 5719 3370 5768 sancto
3395 5708 3674 5763 Clemente

2112 5782 2367 5854 indignus
2397 5795 2505 5837 non
2532 5780 2627 5837 sit!
