4090 6250
418 406 524 462 ’5115

1358 407 1720 465 Εινιετοωε
1755 408 1845 462 ΑΙ)
1882 404 2219 463 VIRGINES.
2258 439 2321 446 -—
2364 403 2721 460 ΡηοαεΜιΑ.

3528 376 3531 377 ν
3564 406 3675 462 sas

418 529 576 584 tunc,
619 520 762 576 inter
786 522 1090 592 praecipuos
1123 522 1396 579 moderns:
1429 526 1784 595 philosophia:
1813 537 1994 597 patro-
2024 530 2072 583 Α
2099 523 2314 593 pidatus
2343 532 2509 589 esset,
2542 539 2718 593 praeco
2740 524 2917 576 lactus
2945 522 3000 575 in
3026 522 3244 578 Cricnte
3272 530 3325 578 et
3358 523 3671 589 Occidente;

420 629 558 679 nos,
582 629 813 684 quorum
845 615 1054 671 amicus
1083 624 1218 677 erat.
1250 625 1520 680 versatus,
1569 618 1853 672 innumera
1885 614 1997 671 fere

418 706 679 777 opuscula
713 721 742 758 a
773 721 832 760 se
852 712 1153 777 composita
1194 710 1319 780 legit
1362 725 1547 763 coram
1574 709 1862 764 Academia
1888 709 1995 765 Bo-

416 798 782 867 thomagensi,
849 800 1010 868 cujus
1062 802 1366 857 membrum
1417 809 1556 858 erat.
1614 801 1795 856 Solam
1865 818 1995 857 vero

416 890 811 946 traductionem
835 890 1094 946 Gallicam
1123 901 1431 949 nostrarum
1459 893 1821 964 Epistolarum
1842 896 1996 949 evul-

412 988 581 1055 gavit,
606 986 860 1057 quamvis
891 984 1042 1038 varia
1065 985 1418 1040 scientiarum
1450 986 1747 1055 penetralia
1776 968 1989 1043 adierit.

411 1074 708 1148 Catalogus
768 1075 1263 1145 manuscriptorum
1318 1091 1440 1145 quae
1489 1076 1708 1145 reliquit
1754 1077 1830 1148 (5)
1884 1094 1991 1133 non

410 1169 631 1223 exhibet
660 1168 933 1223 hominem
958 1167 1079 1221 ﬁdei
1119 1167 1415 1224 infensum.
1455 1167 1564 1223 Nec
1594 1178 1772 1224 tamen
1805 1170 1990 1241 negari

412 1268 590 1328 potest
621 1259 1003 1315 adnotationes
1049 1260 1170 1329 ejus
1200 1260 1463 1330 plurimas
1496 1261 1735 1315 versioni
1773 1264 1991 1334 subjec-

410 1359 497 1405 tas
519 1351 941 1420 reprehensione
960 1352 1154 1423 dignas
1170 1368 1311 1417 esse,
1340 1362 1401 1407 ut
1425 1355 1631 1425 patebit
1653 1370 1719 1411 ex
1751 1355 1837 1412 his
1868 1372 1989 1427 qua:

410 1441 574 1496 modo
600 1442 845 1498 dicturus
874 1458 1015 1499 sum.

484 1533 741 1588 Ordinem
785 1550 986 1604 sequar
1038 1546 1390 1588 numerorum
1431 1551 1574 1604 quos
1614 1535 1782 1591 alIixit
1818 1536 1881 1593 D.
1918 1538 1987 1597 de

410 1618 711 1693 Premagny
742 1623 795 1677 in
821 1623 938 1678 suis
967 1622 1433 1678 adnotationibus.

482 1713 525 1770 l.
572 1711 670 1767 Vix
707 1714 963 1767 morabor
993 1722 1052 1765 ut
1088 1712 1312 1782 probem
1372 1720 1564 1766 contra
1611 1710 1983 1769 adnotatoretn

404 1818 520 1857 non
567 1818 760 1857 nocere
797 1802 1165 1873 Epistolarum
1216 1801 1614 1857 authenticitati
1666 1812 1981 1858 sanctorum

2099 614 2191 684 qui
2220 614 2478 669 eximium
2511 615 2634 669 lidci
2665 631 2779 670 suae
2806 614 2975 669 decus
3005 613 3235 682 accepit,
3289 621 3460 666 totum
3510 629 3672 666 mun-

2097 709 2224 764 dum
2288 709 2491 764 docens
2524 709 2815 779 justitiam,
2864 715 2916 763 et
2964 708 3031 762 ad
3089 706 3401 762 Occidentis
3451 706 3673 762 veniens

2096 805 2414 862 terminum.
2444 810 2498 858 et
2531 804 2633 859 sub
2677 802 2947 872 praefectis
2990 802 3311 870 martyrium
3343 814 3540 868 passus
3569 799 3669 868 (6;,
3697 785 3705 794 ’

2096 898 2170 952 ita
2201 913 2231 953 e
2268 898 2470 950 nnmdo
2498 897 2769 967 migravit,
2798 902 2961 963 atque
2993 893 3047 947 in
3080 893 3255 946 locum
3286 900 3531 946 sanctum
3572 889 3671 943 ab-

2095 989 2176 1049 iit,
2208 988 2483 1057 patientia:
2530 1002 2784 1056 magnum
2834 985 3112 1056 exemplar
3159 983 3355 1037 factus.
3390 981 3487 1036 llis
3537 981 3671 1036 viris

2092 1081 2186 1150 qui
2222 1079 2460 1135 divinam
2494 1080 2657 1134 vitam
2689 1079 2982 1141 duxerunt,
3016 1083 3302 1147 aggregata
3350 1080 3435 1128 cst
3479 1074 3669 1143 ingens

2091 1174 2387 1229 electorum
2420 1172 2733 1234 multitudo,
2769 1190 2786 1221 ι
2821 1179 2928 1225 etc.

2163 1266 2252 1322 ιν.
2292 1265 2520 1321 Dubiam
2552 1280 2674 1319 esse
2716 1264 2908 1316 Irarum
2944 1261 3309 1331 Epistolarum
3340 1257 3669 1313 authentici-

2089 1368 2279 1423 tatem,
2313 1357 2437 1413 inde
2466 1356 2782 1428 pronuntiat
2815 1354 2874 1408 D.
2906 1354 2971 1408 de
3001 1352 3300 1422 Premagny
3330 1350 3666 1421 quod,juxta

2090 1450 2293 1520 ipsum,
2327 1446 2665 1518 impossibile
2690 1446 2765 1500 sit
2792 1444 3065 1515 conjicere
3094 1442 3422 1512 quibusnam
3452 1441 3669 1510 scriptae

2087 1542 2312 1598 fuerint.

2158 1634 2223 1688 Et
2251 1641 2431 1687 tamen
2459 1632 2631 1703 magis
2658 1633 2807 1703 clara
2830 1646 2954 1686 esse
2978 1645 3084 1684 non
3111 1635 3339 1699 possunt
3362 1626 3523 1681 verba
3545 1640 3667 1695 quae

2087 1726 2242 1781 initio
2271 1726 2457 1796 prima:
2488 1696 2740 1794 Epistolas
2766 1696 3125 1793 reperiuntur
3151 1740 3163 1774 :
3201 1718 3455 1775 Omnibus
3503 1717 3663 1786 virgi-

2084 1817 2237 1872 nibus
2267 1817 2429 1871 beatis
2451 1817 2540 1887 qui
2563 1816 2638 1885 (7)
2663 1816 3045 1869 constituerunt
3072 1828 3276 1879 seruare
3304 1810 3664 1881 virginitatem

404 1906 471 1945 ac
515 1891 795 1946 beatorum
846 1891 1113 1946 vocabula
1166 1891 1366 1959 quibus
1409 1890 1582 1943 utitur
1616 1899 1839 1945 sanctus
1861 1891 1969 1945 Cle-

2270 1866 2781 1887 -νητ-ττμ-κ-ιηνη
3106 1866 3111 1867 ν
3168 1874 3173 1879 .
3382 1866 3406 1881 υ

2084 1919 2295 1980 prapter
2330 1925 2544 1979 regnum
2593 1908 2866 1961 castorum.
2901 1906 2981 1960 Ad
3032 1905 3133 1961 hos
3183 1905 3330 1960 solos
3377 1903 3663 1971 utriusque

409 1996 581 2036 mens.
610 1980 677 2035 Ut
705 1983 773 2036 ab
796 1998 863 2037 eo
892 1981 1138 2036 adhiberi
1172 1980 1464 2050 potuerint,
1489 1980 1760 2036 sufﬁceret
1788 1982 1984 2038 unicus

405 2071 599 2126 horum
630 2073 918 2127 verborum
941 2087 1073 2127 usus
1102 2073 1158 2127 in
1191 2069 1340 2126 Novo
1358 2068 1726 2137 Testamento,
1754 2074 1845 2128 ubi
1872 2072 1981 2128 fre-

403 2169 632 2232 quenter
664 2161 1035 2232 reperiuntur.
1965 2209 1968 2211 .

472 2255 537 2309 ll.
573 2253 839 2309 ludirecte
875 2264 929 2308 et
971 2262 1318 2311 transeunter
1360 2254 1680 2325 perstringit
1707 2255 1973 2325 apostola-

401 2356 512 2401 tum
552 2348 695 2401 beati
727 2346 873 2402 Petri
906 2345 1110 2401 Runue.
1146 2346 1238 2400 llle
1263 2354 1444 2401 autem
1478 2347 1732 2401 incursus
1763 2362 1984 2417 respon-

402 2456 519 2493 sum
546 2456 656 2493 non
677 2447 917 2493 meretur
944 2456 956 2492 :
994 2438 1263 2493 innumeri
1288 2441 1487 2509 quippe
1517 2440 1640 2493 libri
1664 2440 1974 2500 exstabant,

402 2540 641 2600 tempore
666 2530 724 2583 D.
743 2530 809 2584 de
826 2529 1145 2600 Premagny.
1174 2536 1227 2584 et
1255 2546 1400 2584 nunc
1427 2540 1660 2595 exstant,
1687 2532 1980 2601 probantes

400 2621 607 2677 nullum
648 2624 993 2678 iusulsiorem
1024 2622 1077 2674 iu
1111 2622 1384 2677 mentibus
1414 2601 1756 2678 eruditorum
1794 2640 1964 2678 rema-

399 2732 525 2771 nere
556 2732 717 2786 posse
744 2716 1139 2770 dubitationem
1172 2733 1336 2787 quam
1366 2718 1433 2773 de
1471 2719 1630 2789 longa
1664 2718 1840 2773 sancti
1871 2718 1974 2772 Pc-

398 2810 466 2862 tri
488 2807 671 2862 Romae
702 2809 1170 2863 commoratione:
1214 2809 1269 2863 in
1289 2809 1392 2863 hoc
1422 2810 1566 2864 enim
1598 2810 1840 2865 historia:
1865 2810 1977 2864 fac-

398 2913 452 2959 to
487 2904 772 2957 unanimes
797 2909 923 2956 sunt
950 2918 1073 2957 cum
1104 2910 1214 2956 tota
1241 2912 1387 2956 retro
1418 2903 1741 2973 antiquitate
1771 2904 1977 2959 doctis-

400 2995 522 3050 simi
553 2995 863 3063 scriptores,
890 3004 1004 3047 tum
1036 2986 1529 3059 inter'Catholicos,
1561 3005 1672 3051 tum
1702 2997 1865 3051 etiam
1889 2998 1973 3052 in-

396 3094 482 3143 ter
519 3096 897 3157 protestantes.

2085 2018 2251 2057 sexus
2278 2002 2515 2071 virgines
2554 2000 2789 2068 scriptas
2824 1997 2994 2051 fuisse
3046 1998 3145 2050 has
3193 1994 3462 2064 Epistolas
3491 2008 3663 2062 agno-

2084 2096 2161 2150 vit
2189 2102 2412 2151 sanctus
2440 2092 2800 2162 Hieronymus
2835 2110 2847 2145 :
2891 2091 2963 2143 ita
2996 2096 3055 2142 ut
3105 2088 3346 2141 animum
3380 2086 3513 2139 mire
3549 2082 3665 2138 dis-

2082 2192 2317 2238 tractum
2363 2183 2563 2238 habere
2613 2181 2861 2236 debuerit
2908 2179 2972 2236 D.
3006 2179 3072 2234 de
3103 2177 3404 2248 Premagny
3436 2175 3529 2246 qui
3563 2191 3660 2230 su-

2079 2292 2179 2347 pra
2217 2276 2364 2329 dicta
2411 2275 2575 2329 verba
2622 2275 2776 2344 prius
2817 2273 2886 2328 ab
2927 2276 3045 2342 ipso
3076 2272 3269 2327 Latine
3300 2270 3658 2339 transcripta.

2080 2370 2277 2426 deinde
2307 2370 2363 2424 in
2393 2376 2637 2424 nostram
2677 2367 2915 2436 linguam
2948 2373 3204 2430 verterat,
3250 2364 3471 2434 quando
3519 2363 3660 2415 dixit

2080 2463 2280 2532 conjici
2328 2478 2435 2516 non
2484 2475 2649 2532 posse
2682 2460 2883 2530 quibus
2934 2458 3052 2513 ista:
3093 2457 3502 2513 destinarentur
3531 2454 3661 2526 Epi—

2078 2554 2252 2609 stola}.

2149 2646 2283 2701 Boni
2314 2644 2551 2715 pastoris
2580 2642 2813 2697 ollicium
2847 2641 3106 2711 implebat
3147 2647 3374 2696 sanctus
3401 2637 3656 2694 Clemens

2077 2739 2204 2793 dum
2254 2738 2572 2808 invigilaret‘
2599 2736 2919 2806 perfectioni
2961 2751 3152 2791 eorum
3183 2735 3277 2805 qui
3304 2732 3654 2789 illustriorem

2075 2832 2254 2902 gregis
2284 2830 2488 2885 Christi
2520 2830 2822 2899 portionem
2856 2828 3115 2883 eliiciunt.
3150 2827 3388 2883 Dilectus
3412 2828 3652 2896 discipu-

2078 2922 2163 2975 lus
2189 2921 2304 2989 ipse
2322 2920 2500 2973 locum
2520 2921 2574 2972 in
2596 2919 2750 2973 cmlis
2771 2918 3255 2973 honoratissimum
3280 2917 3359 2972 eis
3386 2917 3655 2987 assignat.

2075 3011 2370 3082 Postquam
2419 3012 2563 3067 enim
2613 3010 2883 3064 nuntiavit
2915 3025 3010 3066 eos
3050 3010 3250 3064 habere
3281 3025 3478 3064 nomen
3515 3011 3655 3080 Agni

2075 3102 2171 3156 Dei
2199 3110 2253 3157 et
2281 3099 2459 3155 Patris
2488 3100 2609 3170 ejus
2652 3099 2916 3168 scriptum
2952 3098 3006 3151 in
3050 3097 3323 3154 frontibus
3350 3098 3486 3163 suis,
3521 3099 3655 3153 dicit

466 3177 552 3232 lll.
583 3179 807 3232 Miratur
830 3178 975 3250 quod
1001 3188 1193 3236 sancto
1220 3180 1387 3236 Paulo
1418 3183 1607 3237 titulus
1628 3183 1807 3238 Divini
1835 3184 1972 3243 Ano-
1997 3212 2038 3268 ρ
2073 3211 2169 3250 eos
2217 3201 2440 3248 cantare
2500 3200 2627 3247 ante
2688 3191 2871 3247 sedem
2930 3192 3203 3246 canticum
3258 3208 3480 3257 novum,
3505 3193 3655 3262 quod

393 3276 518 3329 ιιι)ιί
571 3291 600 3328 a
657 3284 1116 3344 contemporanco
1183 3277 1483 3340 tribuatur,
1540 3276 1693 3348 isque
1748 3286 1971 3333 vocetur

394 3370 685 3439 Apostolus
715 3368 834 3423 sine
860 3369 1099 3422 nominis
1122 3368 1420 3433 additione,
1439 3376 1491 3424 et
1522 3386 1620 3439 per
1648 3380 1971 3427 antonoma-

393 3459 551 3513 siam.
592 3458 698 3513 Sed
737 3466 962 3514 sanctus
993 3459 1244 3514 Clemens
1288 3461 1341 3513 in
1397 3461 1570 3530 prima
1609 3460 1849 3531 Epistola
1904 3464 1971 3518 ad

394 3547 707 3603 Corinthios
727 3588 742 3607 .
770 3564 891 3617 qum
910 3549 1225 3604 authentica
1264 3551 1332 3604 ab
1356 3550 1609 3606 omnibus
1635 3554 1968 3622 agnoscitur,

394 3638 529 3692 dicit
562 3656 574 3691 :
613 3655 631 3688 1
674 3638 880 3693 Sumite
911 3638 1207 3709 Epistolam
1249 3640 1390 3695 beati
1419 3638 1594 3696 Pauli.
1631 3661 1649 3693 1
1686 3640 1968 3707 Quodnam

391 3737 606 3782 tantum
661 3730 951 3785 discrimen
995 3738 1081 3786 cst
1137 3732 1277 3785 inter
1318 3730 1550 3784 divinum
1600 3740 1654 3787 et
1713 3734 1970 3789 beatum?

389 3818 613 3874 Nullum
653 3821 915 3892 profecto.
974 3821 1240 3877 Praeterea
1276 3831 1570 3892 utrumque
1603 3826 1964 3899 goeabnlum,

389 3918 631 3981 tempore
658 3913 1146 3968 sanctiClemcntis
1178 3913 1547 3969 indill‘erenter
1578 3917 1962 3985 usurpabatur.

388 4001 524 4057 Hinc
553 4005 767 4059 inActis
797 4007 1041 4075 martyrii
1062 4009 1233 4061 sancti
1259 4005 1447 4076 lgnatii
1470 4008 1814 4073 Antioclteni,
1846 4026 1967 4080 quas

389 4096 590 4165 scripta
623 4104 751 4152 sunt
789 4098 859 4151 ab
889 4099 1007 4167 ejus
1023 4098 1327 4168 discipulis,
1362 4099 1557 4169 legitur
1588 4100 1665 4169 (n.
1689 4099 1743 4171 9)
1786 4122 1798 4155 :
1836 4120 1853 4152 1
1897 4101 1965 4157 Ut

388 4190 778 4243 convenienter
820 4189 869 4244 ei
905 4190 1050 4259 quod
1106 4190 1243 4244 dixit
1300 4191 1519 4245 divinus
1568 4189 1793 4256 Paulus,
1848 4193 1964 4263 ipse

386 4292 603 4347 quoque
627 4280 777 4333 lieret
802 4280 1174 4349 spectaculum
1195 4279 1421 4345 mundo,
1451 4288 1503 4336 et
1526 4283 1733 4352 angelis
1772 4289 1825 4337 et
1862 4284 1961 4337 ho-

386 4369 647 4424 minibus.
683 4389 700 4421 1
728 4368 895 4441 Igitur
923 4369 1024 4424 hac
1056 4380 1214 4426 aetate
1232 4371 1503 4442 ejusmodi
1527 4388 1688 4429 voces
1716 4375 1961 4429 adhiberi

388 4458 659 4514 solebant.

2076 3302 2235 3342 nemo
2284 3294 2482 3356 pra-ter
2530 3286 2675 3345 illos,
2719 3292 2944 3339 cantare
3000 3291 3201 3354 potest,
3237 3284 3494 3354 additque
3527 3305 3540 3340 :
3576 3284 3651 3338 Ηὶ

2074 3388 2195 3432 sunt
2225 3379 2313 3449 qui
2353 3394 2470 3430 cum
2510 3375 2814 3429 mulieribus
2841 3392 2944 3429 non
2981 3384 3104 3427 sunt
3145 3376 3469 3446 coinquinati
3500 3392 3516 3429 :
3548 3377 3653 3429 vir—

2070 3472 2217 3543 gines
2258 3471 2396 3524 enim
2439 3478 2580 3524 sunt.
2629 3468 2703 3520 Hi
2754 3475 3045 3537 sequuntur
3097 3466 3304 3537 Agnunt
3347 3484 3651 3537 quocunque

2072 3564 2215 3618 ierit.
2261 3562 2336 3616 Ili
2376 3562 2535 3629 empti
2586 3570 2708 3616 sunt
2754 3574 2819 3615 ea:
2849 3557 3145 3614 hominibus
3189 3559 3439 3627 primitia:
3466 3558 3573 3614 Deo
3599 3573 3650 3613 et

2071 3658 2221 3725 Agna
2242 3655 2304 3710 ¹⁶.

2142 3746 2206 3802 γ.
2248 3746 2481 3800 Domino
2505 3747 2571 3801 de
2600 3745 2920 3817 Premagny,
2952 3752 3079 3815 post
3108 3743 3438 3799 Wetstinum
3472 3742 3647 3796 anim-

2070 3839 2352 3895 advertere
2399 3840 2606 3909 placet,
2660 3837 2797 3891 nihil
2852 3837 2906 3890 in
2956 3836 3042 3892 his
3108 3834 3367 3904 Epistolis
3411 3833 3646 3888 inveniri

2068 3933 2273 3987 dictum
2323 3932 2391 3987 de
2441 3929 2743 3985 hierarchia
2780 3938 2831 3983 et
2862 3928 3234 3983 ecclesiastica
3265 3926 3592 3980 auctoritate
3625 3943 3638 3980 :

2067 4032 2121 4081 et
2144 4026 2268 4079 inde
2293 4024 2620 4079 concludere
2648 4022 2759 4076 vult
2782 4019 3004 4074 dubiam
3037 4034 3161 4074 esse
3192 4034 3379 4073 earum
3412 4017 3644 4071 authen—

2068 4117 2353 4171 ticitatem.
2393 4114 2613 4169 Dixerat
2654 4127 2783 4167 vero
2808 4109 3117 4166 Wetstinus
3147 4108 3287 4162 hanc
3316 4108 3645 4161 authentici-

2067 4218 2233 4264 tatem
2292 4205 2721 4275 astruiprzecise
2772 4205 2865 4259 illo
2917 4205 3156 4260 silentio.
3221 4199 3496 4257 Wctstjno
3526 4198 3642 4267 jam

2066 4316 2388 4371 responsum
2417 4299 2561 4353 dedi.
2580 4296 2913 4366 Rcstatcrgo
2933 4304 2989 4351 ut
3020 4294 3380 4364 respondeam
3413 4294 3644 4349 adnota-

2066 4392 2169 4444 tori
2204 4389 2402 4445 ibidem
2431 4388 2784 4458 qumstionem
2809 4387 3011 4441 nullam
3044 4386 3213 4442 fuisse
3234 4385 3301 4439 de
3332 4384 3641 4440 hicrarchia

2063 4490 2117 4536 et
2142 4482 2207 4536 de
2229 4481 2551 4535 auctoritate
2577 4478 2972 4534 ecclesiastica.
3004 4476 3199 4535 Omnia
3239 4487 3450 4547 tempus
3476 4484 3533 4532 et
3561 4477 3642 4533 lo-

453 4550 563 4606 Nec
593 4552 787 4606 mirum
819 4552 963 4623 quod
994 4554 1155 4609 etiam
1190 4565 1320 4610 tunc
1364 4564 1588 4612 sanctus
1612 4555 1815 4613 Paulus
1864 4574 1961 4628 per
1993 4551 2035 4605 Ι)
2064 4590 2188 4629 cum
2220 4588 2378 4627 suum
2411 4572 2632 4628 habent,

386 4646 825 4699 antonomasiam
877 4645 1168 4715 Apostolus
1216 4648 1394 4703 dictus
1450 4649 1633 4714 fuerit,
1666 4667 1790 4707 cum
1840 4662 1956 4707 tam

381 4736 646 4808 divinitus
679 4738 744 4792 ad
778 4740 1139 4808 apostolatum
1186 4740 1348 4795 fuerit
1395 4752 1643 4808 vocatus,
1695 4760 1760 4799 ac
1804 4753 1957 4801 tanto

380 4815 631 4883 encomio
664 4847 689 4881 a
720 4840 912 4886 sancto
948 4832 1104 4887 Petro
1129 4832 1292 4887 fuerit
1324 4835 1596 4890 celebrata
1627 4838 1893 4907 sapientia
1915 4840 1957 4877 ιι

382 4919 509 4973 talis
538 4921 661 4985 viri,
694 4924 808 4991 qui,
832 4932 891 4976 ut
922 4927 995 4977 ait
1022 4934 1247 4980 sanctus
1267 4926 1518 4983 Clemens
1549 4928 1605 4982 in
1634 4930 1805 4997 prima
1831 4928 1956 4999 Epi-

380 5011 520 5064 stola
569 5016 635 5065 ao
667 5012 979 5071 Corinthios
997 5017 1039 5048 ¹³
1068 5036 1082 5071 :
1125 5037 1142 5069 1
1174 5018 1455 5074 Patientia;
1499 5022 1781 5089 praemium
1811 5023 1953 5077 obti—

378 5102 522 5167 nuit,
553 5119 678 5159 cum
707 5114 933 5163 catenas
963 5109 1162 5179 septies
1184 5119 1477 5180 portassct,
1509 5114 1841 5185 vapulasset,
1872 5117 1950 5171 la-

450 5304 491 5334 r.
528 5303 571 5357 η
602 5302 1063 5368 Ρριι-,111,15,16.
1128 5312 1169 5341 ’³
1196 5311 1258 5368 N.
1292 5315 1344 5369 5.
1425 5317 1468 5347 ¹⁸
1504 5317 1725 5388 Apocal.
1760 5336 1868 5375 xiv.

442 5503 521 5589 (5A)
548 5504 718 5589 1111110⁸
734 5510 1067 5589 catalogum_
1088 5512 1321 5585 benigne
1356 5514 1494 5589 mihi
1542 5516 1860 5589 transmisit
1878 5516 1943 5571 D.

366 5571 433 5653 ξ).
449 5576 504 5653 ,Α
516 5571 1400 5653 τε1118βίεβορμενιῖοιῂοῐηειξθηείε
1421 5602 1545 5640 cum
1578 5587 1726 5641 brevi
1750 5587 1943 5642 notitia

367 5643 1027 5740 11⁸111ιιῗ-ἸιιρίιοτὶξίιΤδηιο
1042 5643 1284 5740 ’ἓτερξῦιί
1314 5668 1493 5740 grates
1520 5657 1758 5740 rependo
1789 5658 1941 5740 debi-

363 5718 963 5810 Efzs‘hpgo'istontotqu't‘a
1009 5724 1131 5778 aliis
1173 5718 1449 5807 beneficiis
1483 5718 1612 5810 mihi
1657 5726 1935 5810 prtestitis.

364 5782 512 5839 Hinc
534 5786 701 5868 didici
730 5789 791 5844 υ.
823 5782 890 5846 de
921 5790 1238 5868 Premagny
1263 5796 1404 5850 inter
1428 5782 1706 5868 religionis
1731 5782 1935 5868 ample;

368 5870 471 5907 xus
514 5865 642 5914 ante
688 5868 915 5916 mortem
954 5879 1011 5917 se
1042 5864 1356 5934 projecisse.
1388 5864 1549 5923 Obiit
1572 5869 1604 5921 5
1647 5864 1932 5925 Februarii

2140 4664 2225 4719 Vl.
2271 4664 2516 4735 Vitiligat
2557 4680 2775 4734 quoque
2823 4663 2888 4718 D.
2920 4664 2987 4720 de
3018 4663 3319 4735 Premagny
3349 4678 3513 4734 super
3541 4676 3640 4717 vo-

2061 4758 2272 4812 cabulis
2309 4758 2548 4827 Apostoli
2592 4766 2646 4813 et
2685 4756 2979 4829 Evangelii,
3018 4758 3175 4829 quasi
3233 4758 3338 4811 hoc
3394 4764 3640 4825 tempore

2059 4851 2313 4920 usurpari
2360 4866 2468 4903 non
2519 4848 2828 4906 debuerint.
2862 4851 3048 4906 Liceat
3079 4851 3212 4905 mihi
3251 4850 3437 4905 dicere
3480 4847 3634 4901 litem

2057 4939 2200 4993 hanc
2238 4953 2360 4993 esse
2408 4953 2754 5009 summopere
2795 4940 3079 4996 ridiculam
3116 4960 3130 4995 :
3170 4948 3456 5012 postquam
3487 4936 3634 4992 enim

2057 5042 2220 5082 voces
2267 5027 2384 5083 ista:
2425 5043 2455 5083 a
2499 5028 2743 5095 Christo,
2776 5031 2844 5086 ab
2886 5032 3149 5101 apostolis
3193 5038 3246 5086 et
3288 5027 3636 5101 evangelistis

2056 5118 2312 5175 adhibitae
2344 5120 2566 5193 fuerint,
2604 5124 2729 5194 quis
2758 5123 2940 5179 dicere
2966 5123 3190 5180 auderet
3219 5137 3250 5177 a
3277 5129 3467 5177 sancto
3511 5119 3633 5176 Cle-

2048 5533 2193 5572 anno
2224 5517 2382 5582 1767,
2416 5521 2575 5575 annis
2607 5526 2769 5574 natus
2796 5521 2884 5575 58.

2119 5588 2196 5659 (6)
2236 5589 2314 5667 E_x
2334 5590 2575 5667 historia
2604 5591 2870 5667 discimus
2901 5590 3041 5647 duos
3067 5591 3238 5650 fuisse
3274 5593 3461 5650 Romae
3489 5613 3631 5667 prmo

2044 5657 2216 5714 fectos
2248 5659 2438 5713 ultimo
2464 5660 2698 5716 Neronis
2729 5676 2895 5716 anno.

2112 5730 2189 5811 (η
2232 5730 2619 5811 scribiturqui
2651 5747 2756 5786 non
2793 5748 2929 5802 quw,
2958 5735 3087 5811 quia
3108 5733 3350 5811 Epistola
3372 5736 3626 5809 dirigitur

2037 5800 2380 5873 ad'virgines
2415 5800 2705 5875 utriusque
2735 5800 2919 5862 scitus.
