4090 6250
441 414 547 471 367

1257 413 1315 470 S.
1352 411 1745 468 CLEMENTIS
1778 413 1796 465 Ι
1832 412 1998 468 ROM.
2036 410 2237 467 ΡΟΝῘ.
2274 411 2500 466 UPERA
2534 411 2857 470 GENUINA.

3576 411 3679 463 51ιὸ

442 538 623 587 mente
677 546 788 586 non
843 530 1087 602 potuisse
1135 529 1422 586 adhiberi?
1471 530 1771 602 Utramque
1826 546 2012 585 vocem
2043 528 2288 597 Amagis
2339 528 2520 584 favere
2568 528 2867 599 virginitati
2918 525 3246 582 beatissima:
3288 518 3468 578 Maria:
3523 537 3684 592 quam

442 631 667 679 sanctus
698 621 951 677 Clemens
997 622 1052 676 in
1096 622 1283 678 eadem
1322 623 1464 677 linea
1494 630 1743 693 usurpat,
1771 623 2017 678 scribens

441 715 509 769 ad
538 714 854 769 Corinthios
885 714 1115 785 primam
1149 714 1468 785 Epistolam,
1501 724 1562 769 ut
1584 716 1697 785 jam
1729 714 1862 779 dixi,
1901 715 2019 770 sine

440 805 811 860 controversia
835 806 1225 862 authenticam.
1259 826 1278 859 ‹
1306 808 1575 878 Apostoli,
1610 807 1807 878 inquit,
1838 823 1893 861 n.
1924 807 2015 874 42,

440 898 595 954 missi
626 914 656 954 a
686 897 918 954 Domino
947 898 1076 956 Jesu
1106 900 1348 965 Christo,
1378 900 1727 972 Evangelium
1758 899 2019 970 praedica-

440 998 589 1045 runt.
622 1009 642 1043 ι

513 1081 622 1139 Sed
652 1087 847 1156 qumrit
882 1085 944 1142 1).
986 1085 1054 1142 de
1085 1086 1388 1158 Premagny
1435 1094 1615 1140 utrum
1669 1086 1724 1139 in
1772 1086 2020 1142 versione

442 1174 669 1248 Syriaca
727 1181 1071 1249 reperiantur
1126 1180 1228 1233 ista
1282 1179 1547 1233 vocabula
1584 1198 1598 1234 :
1634 1176 1972 1249 Evangelium
2000 1217 2016 1243 ,
2050 1175 2057 1181 ”

439 1268 764 1337 Apostolus?
796 1269 1121 1342 Respondeo
1148 1271 1203 1325 id
1233 1271 1383 1341 parvi
1416 1269 1640 1334 referre,
1693 1270 1851 1323 modo
1896 1286 2020 1326 sen-

440 1374 537 1416 sus
569 1361 711 1417 idem
740 1363 1095 1433 exprimatur.
1129 1361 1202 1417 Ut
1234 1369 1414 1417 autem
1446 1361 1749 1416 curiositati
1779 1365 1898 1432 ejus
1930 1378 2022 1417 sa-

441 1453 734 1516 tisfaciam,
762 1452 940 1509 dicam
967 1453 1023 1509 in
1049 1453 1276 1527 Syriaco
1298 1455 1528 1525 exprimi
1556 1463 1765 1509 tantum
1797 1471 2018 1511 sensum

440 1545 594 1600 verbi
618 1547 882 1615 Apostoli,
913 1546 969 1600 id
998 1556 1083 1602 est
1107 1548 1283 1612 missi,
1329 1558 1383 1602 et
1431 1547 1802 1602 introductum
1851 1547 2021 1604 fuisse

440 1639 772 1693 vocabulum
805 1638 1101 1711 Evangelii.
1136 1639 1255 1695 Non
1301 1640 1541 1696 consulit
1584 1656 1697 1695 suae
1738 1639 1894 1695 fama:
1926 1641 2019 1712 qui

444 1729 546 1785 has
574 1733 783 1788 namias
811 1732 1090 1803 proponit.

512 1821 623 1879 Vll.
666 1822 769 1890 Qui
804 1825 1031 1881 libidine
1073 1824 1487 1881 contradicendi
1532 1826 1802 1897 abripitur
1850 1825 2017 1881 solem

440 1914 619 1985 ipsum
647 1915 1020 1987 splendentem
1051 1929 1294 1987 negaret,
1328 1930 1420 1972 aut
1449 1920 1569 1988 ejus
1596 1919 1941 1974 existentiam
1962 1920 2016 1974 in

440 2005 667 2061 dubium
716 2016 1024 2064 revocaret.
1059 2008 1151 2064 Sic
1197 2009 1258 2066 D.
1290 2012 1356 2066 de
1384 2012 1684 2084 Premagny
1716 2014 1861 2069 litem
1893 2030 2019 2070 sus-

440 2100 575 2155 citat
619 2103 830 2157 auctori
883 2102 1254 2172 Epistolarum
1293 2106 1421 2173 quia
1462 2120 1562 2160 nec
1619 2121 2016 2175 praecursorem

442 2190 655 2247 Domini
686 2190 989 2263 Baptistam
1019 2196 1330 2265 appellavit,
1353 2212 1454 2250 nec
1484 2196 1740 2250 dilectum
1774 2198 2020 2269 discipu-

441 2285 552 2339 lum
572 2284 988 2356 Evangelistam.
1020 2288 1151 2342 Inde
1173 2289 1334 2343 etiam
1364 2289 1651 2358 perpendit
1676 2298 1857 2346 utrum
1898 2306 2017 2345 am-

442 2374 525 2433 ba:
576 2386 777 2432 nostra:
822 2377 1081 2447 Epistolas
1118 2378 1441 2433 antecedere
1472 2380 1749 2449 potuerint
1777 2382 2021 2450 publica-

440 2468 647 2523 tionem
677 2477 732 2524 et
757 2468 1124 2539 cognitionem
1152 2468 1431 2541 Evangelii
1462 2472 1637 2527 sancti
1658 2471 1903 2530 Joannis.
1922 2473 2021 2528 Mi-

443 2576 566 2615 sera
595 2575 825 2630 prorsus
869 2561 1181 2617 discussio!
1216 2560 1271 2617 Si
1303 2564 1447 2618 enim
1480 2567 1877 2621 antecesserint
1905 2568 2025 2623 ista:

442 2650 701 2723 Epistolaa
745 2654 1168 2724 publicationem
1217 2654 1493 2727 Evangelii
1546 2657 1722 2713 sancti
1771 2656 2019 2723 Joannis,

441 2759 544 2798 cur
570 2759 759 2798 eorum
797 2744 1178 2815 antiquitatem
1210 2747 1526 2818 impugnat?
1558 2746 1685 2813 Sed,
1712 2750 1902 2819 procul
1930 2751 2027 2805 du-

441 2833 557 2900 bio,
591 2833 769 2889 adhuc
798 2834 1100 2893 distractus
1147 2845 1265 2893 erat
1316 2838 1546 2910 legendo
1581 2845 1636 2895 et
1665 2841 2029 2896 exscribendo

442 2926 543 2982 has
575 2926 845 2996 Epistolas
871 2947 884 2983 :
913 2929 1119 2999 pluries
1148 2930 1291 2985 enim
1322 2929 1394 2984 ibi
1426 2937 1652 2985 sanctus
1674 2928 1924 2985 Clemens
1946 2931 2031 2985 ci-

2119 620 2283 674 verba
2312 621 2488 675 sancti
2517 620 2694 676 Luca).
2725 620 2841 674 Non
2877 619 3035 675 facile
3081 626 3261 672 tamen
3287 615 3539 685 concipio
3565 616 3682 685 qui-

2120 709 2347 766 busnam
2372 713 2553 768 verbis
2580 721 2804 767 sanctus
2828 711 3007 766 Lucas
3035 711 3239 765 clarius
3269 709 3575 779 exprimere
3595 721 3685 777 pec

2118 804 2314 860 tuisset
2366 804 2607 876 Deipara:
2652 806 3017 875 virginitatem
3062 819 3225 874 quam
3254 803 3356 857 hoc
3388 816 3684 857 sermone:

2120 897 2271 951 Dixit
2301 907 2472 951 autent
2494 896 2669 951 Maria
2698 896 2764 951 ad
2785 898 3039 967 Angelum
3058 911 3076 948 :
3099 893 3371 961 Quomodo
3404 894 3492 962 ﬁet
3519 890 3685 952 istud,

2118 991 2365 1060 quoniam
2395 992 2563 1044 virum
2594 1006 2697 1043 non
2726 989 3018 1059 cognosco?
3066 986 3133 1039 Et
3173 982 3486 1054 respondens
3527 998 3689 1051 ange—

2120 1079 2224 1139 lus,
2255 1079 2391 1132 dixit
2438 1081 2485 1133 ei
2516 1095 2534 1133 :
2566 1078 2799 1149 Spiritus
2851 1087 3067 1132 sanctus
3107 1076 3424 1146 superveniet
3456 1075 3512 1127 in
3541 1082 3609 1139 te,
3637 1080 3687 1126 et

2118 1173 2285 1224 virtus
2328 1173 2594 1227 Altissimi
2639 1170 2974 1226 obumbrabit
3018 1170 3113 1224 tibi
3143 1186 3162 1225 :
3192 1170 3408 1239 ideoque
3459 1176 3508 1221 et
3550 1166 3688 1238 quod

2120 1274 2365 1318 nascetur
2388 1281 2452 1319 ea:
2484 1276 2530 1319 te
2557 1275 2803 1319 sanctum
2832 1261 3105 1318 vocabitur
3135 1260 3307 1315 Filius
3339 1259 3436 1313 Dei
3455 1259 3519 1314 "‘.

2192 1357 2281 1414 IX.
2328 1358 2557 1412 Miratur
2603 1358 2768 1413 etiam
2811 1357 3100 1411 adnotator
3130 1369 3161 1407 a
3195 1360 3385 1409 sancto
3413 1352 3690 1407 Clemente

2119 1449 2366 1504 adhiberi
2417 1450 2534 1506 haec
2580 1451 2747 1507 verba
2785 1469 2801 1504 :
2837 1448 3096 1503 Dominus
3140 1454 3321 1500 noster
3348 1442 3507 1498 Iesus
3535 1442 3689 1498 Chri-

2121 1549 2229 1604 tus,
2258 1541 2358 1594 Dei
2409 1539 2607 1596 Filius.
2646 1540 2905 1610 Nunquid
2955 1539 3125 1609 igitur
3156 1537 3393 1591 insolitae
3423 1544 3581 1589 erant
3610 1535 3692 1589 hae

2120 1646 2285 1686 voces
2332 1646 2455 1701 qua
2501 1631 2665 1686 toties
2690 1630 3036 1700 reperiuntur
3064 1635 3117 1681 et
3154 1627 3207 1679 in
3242 1623 3606 1694 Evangelistis
3634 1628 3690 1676 et

2122 1723 2177 1778 in
2203 1722 2461 1793 Epistolis
2490 1724 2859 1795 apostolorum
2879 1723 2901 1776 ?
2921 1720 3076 1787 Quod
3107 1719 3153 1775 si
3178 1719 3291 1773 haec
3317 1717 3558 1772 nondum
3583 1713 3689 1769 suf-

2126 1816 2333 1881 ﬁciant,
2371 1818 2590 1872 remitto
2638 1816 2818 1870 adhuc
2862 1813 3246 1885 philosophum
3289 1810 3692 1878 Rothomagen-

2122 1924 2238 1964 sem
2296 1907 2362 1962 ad
2424 1906 2740 1978 Symbolum
2768 1905 3141 1975 apostolorum
3199 1902 3343 1973 quod
3396 1896 3692 1955 Christiani

2122 2015 2335 2064 omnes,
2370 2007 2611 2069 tempore
2656 1997 2830 2053 sancti
2874 1995 3191 2059 Clementis,
3224 1993 3526 2049 recitabant
3555 1992 3696 2046 sicut

2119 2101 2174 2149 et
2224 2108 2347 2155 nos,
2394 2090 2641 2145 dicentes
2676 2109 2691 2145 :
2724 2089 2793 2143 Et
2843 2089 2899 2142 in
2949 2087 3134 2141 Iesum
3165 2083 3695 2165 Christum__Filiunt

2119 2184 2232 2252 ejus
2265 2184 2475 2235 unicum
2507 2181 2791 2234 Dominum
2826 2190 3083 2234 nostrum.

2189 2272 2307 2326 Non
2335 2271 2565 2325 libenter
2584 2270 2711 2340 legit
2742 2269 3120 2324 simultaneam
3147 2267 3309 2321 trium
3334 2282 3690 2338 personarum

2121 2363 2547 2418 enuntiationem
2593 2375 2623 2412 a
2669 2366 2861 2414 sancto
2906 2356 3181 2413 Clemente
3210 2372 3547 2427 expressam.
3584 2357 3695 2409 Cur

2119 2468 2250 2508 vero
2278 2467 2385 2507 non
2414 2466 2567 2521 aeque
2592 2450 2943 2520 displicerent
2969 2450 3016 2503 ei
3045 2450 3209 2504 verba
3237 2448 3441 2504 Christi
3473 2448 3538 2502 ad
3565 2463 3696 2518 app-

2123 2545 2292 2601 stolos
2328 2567 2339 2600 :
2374 2543 2571 2597 Euntes
2601 2559 2743 2613 ergo,
2774 2542 2949 2595 docete
2978 2557 3153 2595 omnes
3185 2551 3387 2612 gentes,
3416 2538 3694 2609 baptizan-

2127 2648 2199 2693 tes
2239 2654 2325 2691 eos
2369 2636 2425 2689 in
2468 2636 2674 2689 nomine
2709 2633 2911 2697 Patris,
2942 2642 2989 2687 et
3022 2630 3171 2695 Filii,
3206 2641 3255 2687 et
3299 2631 3530 2701 Spiritus
3564 2647 3695 2685 san-

2124 2735 2294 2789 cli”?
2320 2731 2551 2786 Putatne
2579 2746 2609 2783 a
2641 2728 2926 2799 discipulis
2954 2727 3158 2782 Christi
3212 2728 3314 2783 hoc
3363 2734 3697 2798 praeceptum

2124 2841 2235 2880 non
2288 2822 2456 2878 fuisse
2502 2820 2731 2875 ﬁdeliter
2780 2825 2833 2872 et
2877 2817 3117 2888 quotidie
3142 2817 3524 2873 observatum?
3556 2816 3698 2872 Num

2124 2916 2401 2974 existimat
2433 2929 2463 2968 a
2489 2912 2681 2984 primis
2697 2909 3025 2965 Christianis
3043 2926 3150 2965 non
3164 2910 3507 2965 eﬂ'ormatum
3528 2909 3699 2965 fuisse

442 3019 581 3074 tavit
625 2998 974 3093 Evangelium
1008 3024 1184 3077 sancti
1212 3021 1463 3079 Joannis.
1500 3022 1558 3077 In
1590 3024 1709 3079 solo
1738 3041 1792 3076 n.
1826 3025 1893 3078 15
1936 3040 2026 3079 se-
2127 3010 2340 3080 είεηυηι
2373 3006 2552 3062 ετυείε
2582 3006 2635 3059 ίη
2665 3004 2883 3058 ηθωίηθ
2909 3000 3104 3064 Ρδίτίδι
3135 3009 3188 3093 εί
3214 2998 3358 3066 Finit
3380 3009 3435 3055 εί
3460 2999 3698 3093 ξρῆνίίηί

441 3112 636 3167 cunda:
657 3091 934 3183 Epistolaa,
961 3114 1046 3169 bis
1077 3114 1245 3184 hujus
1272 3114 1625 3185 Evangelium
1658 3115 1887 3170 adduxit
1924 3135 1937 3170 :
1974 3117 2031 3171 I'
2128 3100 2343 3157 sane”?
2387 3096 2660 3151 Ᾱυάθείθν
2707 3093 2839 3147 die“
2885 3107 3056 3163 υείιυθ
3106 3092 3169 3146 ad
3221 3107 3423 3185 3mm"!
3455 3091 3698 3185 155"“

445 3202 634 3259 Mirati
663 3182 785 3259 sunt
812 3207 935 3275 quia
968 3222 1087 3259 cum
1116 3182 1333 3259 muliere
1362 3182 1673 3276 loquebatur
1703 3206 1747 3236 ’τ
1764 3223 1787 3272 ;
1811 3207 1870 3260 2⁸
1896 3205 2025 3262 Νοιὶ

2129 3187 2489 3246 sanctissimae
2509 3185 2793 3240 Trinitatis
2812 3199 3075 3253 personas
3098 3199 3375 3254 nunquam
3400 3182 3567 3237 fuisse
3583 3196 3699 3236 ver-

445 3304 751 3366 ,ηειαηρενε
773 3311 789 3348 _-
809 3272 1041 3349 ᾖοηάαη,
1057 3298 1196 3350 enim
1217 3272 1518 3352 απεηαέαά
1536 3297 1754 3353 patrem
1774 3300 2023 3357 meum").
2124 3281 2213 3336 bis
2242 3280 2585 3349 conjunctas.
2617 3274 2847 3329 Fallitur
2877 3292 2893 3328 :
2923 3273 3167 3345 quotidie
3199 3273 3342 3328 enim
3393 3272 3699 3341 conjunctae

444 3386 583 3440 Cum
632 3363 763 3455 ergo
812 3395 1038 3444 sanctus
1082 3386 1337 3444 Clemens
1394 3387 1645 3445 citaverit
1690 3389 1794 3443 hoc
1849 3389 2025 3445 sancti
2126 3373 2348 3428 Ῑυθτιιηῐ
2401 3370 2456 3423 in
2513 3367 2684 3421 forma
2732 3365 3096 3435 baptismatis»
3128 3373 3180 3418 θῑ
3228 3363 3282 3417 in
3311 3363 3466 3455 558"“
3495 3363 3697 3417 οτυοίθο

445 3477 677 3533 Joannis
700 3452 1083 3550 Evangelium,
1113 3496 1297 3535 nonne
1331 3480 1555 3536 evidens
1575 3488 1659 3537 est
1693 3481 1825 3536 illud
1859 3481 2028 3547 fuisse
2124 3464 2238 3519 ίωο
2270 3464 2323 3517 ίῐὶ
2354 3461 2571 3531 Scriptis
2603 3460 2779 3515 sacris
2804 3467 2858 3513 8⁸
2888 3458 2940 3512 in
2974 3458 3261 3512 "admone
3289 3452 3453 3550 huil's
3479 3461 3696 3550 ξθηιιξο·

447 3580 576 3627 ante
622 3579 842 3628 nostras
865 3546 1144 3643 Epistolas
1175 3573 1477 3643 scriptum?
1518 3571 1657 3628 Hinc
1686 3574 1850 3629 etiam
1882 3582 2029 3644 patet
2124 3556 2204 3613 τῖε
2249 3556 2372 3611 mas
2418 3554 2603 3609 υηίωδ
2652 3552 2823 3607 fuisse
2868 3551 3149 3644 θξίάθηῑθιξ
3177 3555 3343 3619 Pam»
3379 3546 3524 3601 sum
3552 3546 3699 3644 θηῖιξὶ

449 3676 851 3733 praecursorem
900 3663 1115 3719 Domini
1145 3680 1174 3719 a
1205 3677 1395 3720 sancto
1443 3662 1721 3720 Clemente
1757 3673 1816 3721 ut
1846 3664 2029 3737 Bapti-

448 3759 590 3808 stam
638 3752 812 3809 fuisse
859 3756 1151 3825 agnitum:
1192 3755 1248 3811 in
1301 3755 1480 3825 primo
1532 3754 1802 3825 siquidem
1850 3756 2031 3826 capite

447 3842 728 3913 Evangelii
778 3845 954 3899 sancti
1005 3845 1255 3912 Joannis,
1284 3846 1463 3903 sexies
1492 3848 1685 3903 beatus
1722 3862 2030 3919 prtecursor

447 3934 745 4005 Baptizans
779 3938 1106 4008 appellatur.

522 4026 658 4084 Vlll.
699 4026 818 4083 1am
853 4030 1109 4100 superius
1131 4029 1245 4085 dixi
1287 4047 1429 4103 aegre
1459 4032 1686 4087 concedi
1712 4046 1873 4103 posse
1902 4047 2029 4088 san-

450 4122 601 4171 ctum
652 4116 987 4174 Clementem
1064 4120 1326 4175 strictiori
1377 4122 1599 4177 vinculo
1653 4136 1779 4178 cum
1838 4130 2030 4178 sancto

450 4208 618 4265 Paulo
639 4225 805 4281 quam
830 4225 955 4266 cum
985 4221 1179 4267 saneto
1209 4212 1370 4269 Petro
1398 4214 1622 4285 ligatum
1656 4215 1858 4272 fuisse:
1881 4233 2032 4273 com-

452 4304 687 4357 moratio
730 4318 966 4375 namque
1009 4306 1185 4360 sancti
1228 4304 1374 4361 Petri
1405 4305 1591 4364 Bonus
1621 4309 1791 4364 multo
1818 4310 2031 4366 diutur-

451 4394 596 4459 nior,
630 4396 1091 4451 necessitudinem
1122 4413 1339 4468 quoque
1368 4400 1539 4453 multo
1570 4401 1857 4456 arctiorem
1891 4402 2034 4458 inter

453 4498 548 4538 eos
575 4484 879 4553 producere
904 4485 1094 4540 debuit
1116 4488 1291 4557 :quod
1328 4488 1605 4544 latendum
1628 4498 1794 4555 esset,
1818 4492 2030 4548 etiamsi

2127 3650 2273 3705 clare
2327 3656 2439 3703 tres
2485 3644 2845 3702 sanctissimae
2892 3641 3187 3696 Trinitatis
3228 3644 3489 3698 Persona:
3525 3638 3704 3708 expri-

2127 3750 2350 3796 muntur
2395 3737 2558 3793 simul
2600 3738 2655 3792 in
2685 3736 2772 3791 his
2800 3734 2942 3788 beati
2973 3732 3125 3786 Pauli
3157 3731 3338 3786 verbis
3394 3731 3461 3784 ad
3509 3729 3703 3783 Corin-

2131 3833 2275 3889 thios
2301 3830 2522 3901 scripis
2554 3848 2566 3883 :
2602 3827 2790 3881 Gratia
2819 3823 3035 3879 Domini
3096 3822 3265 3877 nostri
3310 3819 3441 3875 Jesu
3477 3818 3703 3883 Christi,

2128 3936 2176 3981 et
2208 3926 2441 3979 charitas
2479 3922 2594 3987 Dei,
2631 3930 2679 3975 et
2707 3916 3113 3974 communicatio
3141 3913 3312 3967 sancti
3344 3912 3598 3981 Spiritus,
3633 3912 3702 3962 sit

2129 4032 2246 4069 eum
2274 4013 2512 4070 omnibus
2543 4012 2683 4066 vobis
2700 4010 2781 4076 ης
2817 4016 2869 4063 et
2899 4006 2966 4060 ad
3034 4000 3251 4057 eosdem
3278 4004 3322 4034 “
3358 4023 3370 4057 :
3405 4002 3705 4069 Conﬁrmat

2130 4126 2223 4163 nos
2251 4109 2306 4161 in
2334 4107 2569 4169 Christo,
2590 4112 2639 4158 et
2670 4102 2821 4155 unxit
2851 4116 2944 4153 nos
2979 4096 3137 4163 Deus,
3167 4105 3217 4151 et
3242 4094 3469 4165 signavit
3507 4107 3621 4156 nos,
3651 4099 3704 4144 et

2131 4201 2275 4255 dedit
2303 4200 2490 4269 pignus
2529 4195 2760 4264 Spiritus
2789 4193 2843 4245 in
2874 4188 3119 4244 sordibus
3147 4187 3365 4241 nostris.

2202 4292 2321 4347 Non
2351 4290 2532 4345 minus
2562 4289 2708 4342 clare
2735 4286 2955 4341 sanctus
2986 4279 3178 4337 Petrus
3202 4279 3414 4333 divinas
3440 4288 3707 4346 personas

2134 4385 2293 4440 simul
2322 4383 2645 4453 coniunctas
2669 4378 2938 4440 enuntiat,
2965 4376 3156 4429 dicens
3193 4392 3204 4427 :
3240 4370 3503 4424 Eleett's...
3528 4380 3709 4421 secun-

2136 4479 2262 4530 dum
2305 4473 2691 4545 praescientiam
2736 4470 2830 4524 Dei
2880 4469 3086 4530 Patris,
3134 4467 3186 4518 in
3231 4459 3704 4529 sancti/irationem

455 4551 612 4628 nihili
629 4574 996 4643 penderentur
1024 4583 1103 4631 tot
1133 4551 1378 4634 veterum
1400 4582 1711 4636 testimonia
1729 4551 1850 4653 qlia:
1873 4599 2034 4640 sane-
2065 4558 2110 4613 Ῑ)
2138 4570 2391 4639 Spiritus,
2410 4569 2465 4621 in
2498 4565 2849 4621 obedientiam
2875 4573 2922 4616 et
2944 4560 3295 4628 aspersionem
3319 4552 3591 4624 sanguinis
3619 4551 3709 4605 Je-

455 4676 571 4721 tum
605 4666 944 4724 Clementem
973 4672 1151 4726 sancti
1180 4671 1327 4726 Petri
1359 4673 1610 4729 comitem
1661 4674 1834 4732 fuisse
1881 4678 2035 4733 evin-

456 4764 612 4822 cunt,
643 4767 697 4813 et
726 4774 851 4814 eum
882 4762 952 4816 ab
979 4761 1085 4817 hoc
1113 4764 1362 4833 apostolo
1390 4776 1770 4823 consecratum
1815 4769 2032 4840 episco-

455 4863 587 4920 pum
610 4851 949 4907 unanimiter
974 4854 1220 4912 tradunt.

527 4943 703 5001 Pudet
750 4962 836 5003 me
886 4947 1213 5018 redarguere
1244 4949 1389 5018 quod
1421 4951 1708 5005 ajnotator
1740 4960 1847 5006 tam
1876 4970 2029 5009 erro-

456 5052 559 5093 nee
586 5037 793 5108 profert
821 5039 889 5096 de
917 5041 1145 5096 vocibus
1175 5038 1308 5095 Filii
1344 5041 1593 5111 Virginis,
1625 5059 1768 5113 quas
1796 5047 2031 5116 applicat

455 5140 683 5188 sanctus
702 5130 955 5188 Clemens
982 5131 1209 5188 Domino
1236 5143 1425 5189 nostro
1451 5133 1581 5191 Iesu
1609 5134 1827 5192 Christo
1844 5156 1857 5193 :
1874 5140 2030 5208 quasi

456 5223 650 5279 titulus
692 5224 921 5296 Virginis
958 5225 1235 5281 adhibitus
1283 5227 1526 5283 nondum
1580 5228 1775 5284 fuisset
1820 5230 1888 5284 ad
1938 5230 2034 5286 de-

457 5313 778 5385 signandum
830 5314 1163 5372 Genitricem
1215 5316 1534 5374 Salvatoris.
1585 5318 1841 5390 Nunquid
1872 5320 1934 5375 Ι).
1966 5321 2033 5377 de

456 5404 761 5480 Premagny
843 5407 899 5462 in
950 5407 1176 5464 dubium
1231 5411 1510 5465 revocavit
1566 5411 2031 5467 authenticilatem

458 5501 701 5574 Symboli
736 5502 1043 5571 apostolici,
1077 5503 1130 5558 in
1161 5517 1270 5574 quo
1311 5504 1553 5559 dicitur:
1592 5503 1767 5559 Natus
1818 5522 1883 5560 ea:
1921 5505 2037 5561 Ha-

458 5594 543 5646 ria
570 5592 808 5663 virgine?
838 5593 949 5646 Ant
996 5595 1242 5664 nunquid
1272 5594 1439 5649 verba
1470 5595 1586 5649 hare
1615 5595 1906 5664 quamdam
1936 5596 2036 5650 ob-

457 5684 779 5739 scuritatem
817 5683 1140 5739 involvunt?
1185 5684 1348 5739 Addit
1391 5687 1556 5741 verba
1586 5686 1765 5742 sancti
1796 5684 2034 5743 Matthaei

533 5799 573 5830 "
614 5796 774 5853 Joan.
809 5813 884 5858 Iv,
914 5794 1007 5853 27.

465 5871 510 5904 "
550 5868 594 5927 ιι
626 5869 756 5925 Cor.
794 5882 833 5937 I,
859 5867 951 5923 2|.

1116 5798 1158 5829 ⁸⁸
1197 5797 1356 5854 Joan.
1386 5814 1479 5863 xx,
1512 5800 1599 5855 Π.

1713 5802 1754 5831 ¹⁹
1797 5799 1927 5854 Luc.
1952 5816 1991 5861 t,
2025 5800 2115 5865 54,
2145 5797 2235 5854 55.

1028 5867 1074 5899 ⁸³
1112 5867 1310 5924 lPetr.
1345 5886 1383 5938 ι,
1420 5870 1471 5931 l,
1496 5869 1552 5923 2.
1631 5870 1676 5902 ”
1716 5867 1921 5925 lJoan.
1954 5888 2007 5932 v,
2041 5872 2092 5925 7.

2136 4683 2197 4722 su
2222 4661 2502 4720 Christi".

2207 4754 2386 4824 {Eque
2432 4761 2615 4821 aperte
2662 4753 2885 4805 sanctus
2924 4743 3161 4798 Joannes
3206 4739 3379 4795 dicit:
3419 4737 3542 4793 Tres
3583 4747 3707 4790 sunt

2133 4848 2222 4919 qui
2252 4844 2607 4901 testimonium
2636 4840 2765 4893 dant
2796 4840 2850 4891 in
2876 4836 3041 4890 eazlo:
3078 4833 3260 4895 Pater,
3280 4829 3498 4884 Verbum
3524 4828 3709 4900 etSpi—

2134 4940 2268 4992 ritus
2299 4948 2554 4998 sanctus;
2581 4942 2630 4986 et
2661 4931 2713 4984 hi
2740 4940 2843 4983 tres
2874 4942 3034 4980 unum
3068 4925 3266 4978 sunt“.

2208 5029 2469 5101 Equidem
2516 5022 2833 5081 inﬁdelibus
2863 5018 3022 5090 primi
3054 5015 3353 5072 Christiani
3394 5031 3502 5070 non
3547 5016 3713 5071 debc4

2137 5126 2269 5179 bant
2311 5121 2557 5177 revelare
2601 5114 2972 5187 imprudenter
3012 5108 3269 5180 mysteria
3303 5107 3582 5177 religionis
3611 5124 3711 5163 no-

2138 5228 2285 5280 stra},
2317 5230 2385 5270 ne
2417 5214 2520 5268 ista
2570 5210 2639 5264 ab
2678 5208 2762 5263 eis
2786 5205 3186 5265 deriderentur,
3220 5207 3273 5254 et
3304 5201 3712 5270 persecutiones

2139 5310 2308 5383 gratis
2357 5306 2759 5364 suscitarentur
2786 5319 2822 5371 ,ε
2868 5299 3099 5368 ideoque
3152 5295 3407 5350 Christus
3454 5294 3707 5349 dixerat:

2144 5404 2326 5459 Nolite
2355 5401 2487 5454 dare
2513 5408 2754 5451 sanetum
2785 5391 3026 5456 canibus,
3058 5406 3217 5461 neque
3244 5390 3471 5444 mittatis
3501 5404 3714 5457 marga-

2142 5497 2274 5550 ritas
2319 5501 2441 5545 ante
2478 5502 2695 5559 porcos;
2740 5500 2802 5538 ne
2844 5484 2980 5553 forte
3030 5483 3333 5536 conculcent
3380 5497 3472 5534 eas
3497 5477 3712 5549 pedibus

2141 5588 2275 5649 suis,
2299 5594 2349 5639 et
2380 5580 2613 5636 conversi
2631 5578 2936 5646 dirumpunt
2960 5574 3140 5639 vos”;
3172 5576 3267 5629 sed
3296 5571 3430 5626 adeo
3458 5570 3713 5638 frequens

2142 5686 2259 5736 erat
2288 5677 2430 5731 inter
2458 5672 2703 5726 initiatos
2732 5671 3090 5727 sanctissimae
3114 5664 3397 5721 Trinitatis
3419 5660 3714 5726 invocatio,

2344 5791 2389 5822 ²⁰
2430 5785 2617 5842 Matth.
2658 5800 2852 5850 xxviii,
2901 5784 2989 5839 i9.
3100 5782 3139 5813 ²¹
3184 5779 3228 5833 ll
3261 5778 3387 5833 Crr.
3443 5788 3565 5840 xm,
3625 5772 3710 5827 l5.

2165 5869 2210 5900 ’⁸
2253 5861 2443 5917 Matth.
2471 5872 2568 5923 vn,
2596 5854 2653 5913 6.
