4064 6256
429 397 534 452 δδυ

1378 401 1735 461 ΕΡΙΞΤΟΕΕ
1768 406 1858 463 AD
1890 403 2232 464 VIRGINES.
2260 433 2333 449 -—
2362 402 2741 463 PROUSMIAJ

3546 396 3651 455 570

433 519 491 563 ut
519 516 714 563 auctor
756 508 971 581 Dialogi
1014 510 1343 582 Philopatris
1387 520 1478 585 qui
1510 521 1613 575 sub
1639 520 1858 590 Trajani
1903 522 2000 574 im-
2025 525 2069 582 Α
2098 519 2322 590 scipulis
2361 521 2477 576 suis
2516 526 2575 573 ut
2600 535 2693 574 eos
2739 517 2840 586 ipsi
2865 516 3193 586 abjicerent,
3222 513 3439 583 quando
3464 512 3601 568 dixit
3631 529 3647 568 :

431 602 580 671 perio
608 602 849 672 scripsit,
870 603 973 656 hac
995 604 1113 673 ipsa
1142 605 1350 661 ratione
1368 606 1987 677 Christianosderideat,

430 697 486 747 et
514 690 726 745 cuidam
758 691 901 746 fideli
931 694 1076 748 dicat
1103 713 1117 747 :
1146 693 1283 749 Jura
1315 698 1442 752 mihi
1468 716 1557 769 per
1580 701 1748 755 Deum
1777 703 1914 761 cazli.
1940 716 1990 757 et

432 796 725 849 supremum
758 781 1064 849 Dominum,
1100 800 1191 852 per
1230 786 1429 842 Filium
1475 790 1673 856 Patris,
1707 809 1798 861 per
1828 794 1993 862 Spiri-

433 882 540 925 tum
568 873 658 942 qui
690 890 721 925 a
749 872 909 928 P-atre
938 877 1191 945 procedit,
1223 880 1391 935 Deum
1436 897 1598 936 unum
1626 885 1682 937 in
1711 886 1901 953 tribus,
1942 897 1991 941 et

433 965 625 1017 trinum
654 965 710 1018 in
735 981 860 1021 uno.

498 1054 785 1111 Abstinere
830 1056 1109 1113 debuisset
1139 1060 1209 1115 ab
1256 1063 1404 1118 omni
1447 1065 1799 1121 contentione
1829 1064 1892 1121 D.
1922 1066 1991 1122 de

429 1144 728 1217 Pretnagny
757 1149 1046 1205 occasione
1076 1152 1302 1209 alterius
1337 1162 1517 1210 textus
1545 1172 1704 1226 quem
1738 1157 1991 1227 deprom-

431 1244 610 1304 pserat
655 1245 875 1294 sanctus
921 1240 1154 1298 Basilius
1197 1244 1267 1298 ah
1312 1246 1420 1300 alio
1467 1248 1642 1301 sancti
1693 1247 1989 1305 Clementis

426 1345 590 1399 opere
613 1332 755 1401 quod
785 1333 963 1401 periit.
997 1333 1073 1389 En
1123 1336 1213 1391 ille
1243 1345 1421 1394 textus
1465 1353 1480 1391 :
1529 1339 1764 1395 Clemens
1794 1341 1989 1395 Roma-

425 1438 525 1474 nus
558 1424 821 1491 antiquior
860 1425 987 1477 dicit
1014 1443 1032 1474 :
1072 1426 1203 1480 Viuit
1233 1427 1371 1482 Deus
1396 1468 1412 1492 ,
1460 1438 1510 1485 et
1540 1430 1795 1485 Dominus
1832 1431 1988 1487 Iesus

425 1512 704 1580 Christus,
755 1525 805 1569 et
848 1514 1077 1582 Spiritus
1105 1527 1316 1573 sanctus
1362 1520 1427 1575 “.
1475 1519 1720 1575 Credidit
1764 1532 1990 1576 sanctus

428 1603 661 1660 Basilius
700 1606 814 1660 haec
859 1610 1033 1662 sancti
1080 1609 1375 1665 Clementis
1416 1613 1582 1666 verba
1629 1613 1877 1668 sutIicerc
1928 1621 1988 1666 ut

427 1696 759 1752 stabiliretur
786 1700 1321 1756 consubstantialitas
1345 1701 1504 1757 Verbi
1532 1702 1735 1766 divini,
1767 1704 1986 1758 Ariani-

427 1805 534 1857 que
558 1789 953 1845 refellerentur.
982 1790 1094 1845 Hoc
1113 1808 1220 1846 non
1243 1794 1479 1848 admittit
1502 1794 1566 1850 D.
1584 1796 1651 1850 de
1665 1795 1982 1867 Premagny.

2093 609 2366 665 Dtemones
2405 610 2660 678 ejicite".
2720 606 2861 673 Quid
2906 606 3103 661 mirum
3153 604 3317 675 igitur
3364 604 3413 659 si
3464 611 3654 656 auctor

2092 698 2454 770 Epistolarum
2511 701 2728 770 regulas
2776 707 2981 753 statuat
3033 713 3167 768 quas
3216 694 3368 765 sequi
3421 694 3653 749 debeant

2090 792 2416 847 exorcistaa?
2441 790 2580 858 Quid
2606 808 2767 863 porro
2792 793 2908 847 ista:
2928 791 3173 845 redolent
3195 789 3297 844 nisi
3328 787 3651 849 castitatem,

2092 882 2605 949 mortificationem,
2671 884 3069 939 humilitatem?
3124 881 3331 935 indicat
3388 879 3520 952 quid
3582 881 3654 937 sit

2091 975 2355 1042 agendum
2384 984 2444 1029 ut
2474 977 2697 1045 spiritus
2760 976 3032 1045 malignus
3070 974 3367 1030 efficaciter
3414 972 3655 1043 expella-

2090 1073 2216 1130 tur;
2246 1064 2340 1119 sed
2375 1082 2481 1120 non
2540 1066 2659 1121 ideo
2692 1066 2898 1121 fraudis
2929 1066 3207 1120 insimulat
3242 1080 3337 1120 eos
3366 1065 3460 1135 qui
3511 1063 3654 1118 hanc

2091 1156 2433 1209 cxorcizandi
2466 1158 2728 1210 rationem
2754 1172 2861 1210 non
2886 1155 3251 1210 adhibuerint.
3267 1152 3383 1224 Ipse
3398 1153 3652 1216 Christus

2089 1245 2273 1299 docuit
2319 1246 2613 1317 discipulos
2672 1264 2799 1302 suos
2857 1247 3181 1315 quibusnam
3228 1245 3397 1297 armis
3458 1244 3651 1298 muniti

2089 1354 2285 1410 pravos
2318 1340 2544 1409 spiritus
2567 1339 2838 1393 debellare
2872 1339 3163 1405 deberent;
3193 1337 3288 1392 sed
3320 1335 3526 1391 fraudis
3557 1344 3653 1390 aut

2090 1432 2354 1487 mendacii
2408 1448 2530 1487 reos
2570 1448 2691 1487 esse
2737 1448 2844 1486 non
2898 1431 3268 1502 pronuntiavit
3325 1429 3543 1502 quando
3599 1433 3651 1487 ei

2090 1533 2382 1579 narrarunt
2427 1542 2484 1580 se
2514 1533 2697 1595 optato
2722 1526 2966 1580 caruisse
3008 1524 3221 1579 effectu.
3254 1523 3388 1578 Rem
3433 1523 3513 1579 sic
3556 1539 3653 1577 ex-

2089 1618 2242 1685 ponit
2288 1615 2627 1685 Evangelista
2670 1635 2683 1671 :
2739 1614 2881 1669 Tunc
2927 1614 3171 1684 discipuli
3213 1622 3541 1668 accesserunt
3581 1613 3650 1673 ad

2086 1704 2269 1760 Jcsum
2298 1716 2517 1768 secreto,
2570 1716 2617 1761 et
2647 1707 2935 1760 dixerunt:
2970 1707 3147 1772 Quare
3184 1723 3275 1760 nos
3321 1723 3426 1759 non
3476 1708 3651 1775 potui--

2091 1814 2205 1851 mus
2233 1798 2417 1867 ejicere
2455 1798 2648 1854 illum?
2677 1798 2825 1852 Dixit
2852 1800 2961 1852 illis
3007 1798 3162 1852 Iesus
3191 1815 3208 1854 :
3238 1797 3460 1866 Propter
3490 1800 3651 1851 incre-

427 1880 566 1946 Quis
590 1896 722 1935 vero
768 1882 991 1939 haerebit
1024 1884 1164 1939 inter
1188 1884 1504 1942 aﬂirmantis
1532 1893 1586 1942 et
1614 1856 1983 1958 negantisvau-
2018 1856 2059 1909 Β
2088 1856 2364 1943 άηιὶειίιεηι
2398 1900 2641 1945 vestram.
2676 1890 2840 1943 Amen
2861 1930 2875 1953 ,
2905 1892 3109 1961 quippe,
3140 1888 3256 1943 dico
3279 1856 3444 1952 voltis,
3480 1892 3525 1942 si
3556 1888 3651 1942 ha-

425 1972 729 2028 ctoritatem
744 1974 770 2028 ?

492 2062 559 2119 Χ.
618 2063 786 2135 Egre
841 2066 905 2121 D.
967 2065 1035 2121 de
1091 2064 1392 2137 Premagny
1432 2066 1647 2121 videtur
1707 2070 1987 2137 suscipere

426 2156 584 2209 verba
609 2156 809 2225 quibus
839 2156 1203 2227 Epistolarum
1234 2166 1424 2211 auctor
1471 2158 1663 2212 incitat
1710 2160 1778 2213 ad
1806 2159 1985 2213 imita-

425 2247 626 2301 tionem
653 2248 821 2302 trium
850 2250 1155 2305 divinarum
1195 2265 1568 2321 personarum.
1599 2250 1836 2306 Remitto
1884 2253 1987 2309 hac

426 2339 489 2392 de
517 2354 577 2395 re
620 2340 883 2396 lectorem
926 2342 995 2398 ad
1025 2359 1087 2398 ea
1117 2360 1237 2416 qua:
1278 2344 1491 2414 subjeei
1535 2346 1593 2400 in
1636 2345 1985 2401 adnotatione

426 2430 525 2484 loci
551 2431 735 2499 hujus.

489 2520 581 2577 XII
596 2521 760 2580 Juxta
789 2525 1160 2582 adnotatorem
1185 2530 1410 2583 multum
1442 2538 1596 2584 nutat
1620 2528 1981 2599 Epistolarum

426 2625 732 2670 nostrarum
782 2619 1081 2673 auctoritas
1123 2635 1189 2676 ex
1221 2620 1411 2676 fraude
1462 2631 1516 2676 et
1552 2621 1826 2693 hypocrisi
1864 2638 1984 2690 quae

424 2708 819 2776 exprobrantur
858 2710 1186 2778 quibusdam
1213 2712 1599 2768 directoribus.
1635 2711 1758 2767 Non
1789 2712 1979 2782 major,

423 2798 528 2860 ait,
577 2795 895 2851 declamatio
941 2808 1057 2852 erat
1104 2809 1329 2869 tempore
1357 2799 1735 2870 Chrysostomi.
1790 2800 1895 2855 Sed
1934 2802 1983 2856 si

425 2888 549 2941 inde
578 2903 775 2958 anceps
806 2898 951 2945 esset
977 2889 1338 2960 Epistolarum
1377 2896 1693 2958 auctoritas,
1724 2908 1981 2963 sequere-

427 2990 516 3033 tur
537 2979 726 3035 dubias
748 2997 967 3052 quoque
1003 2982 1240 3051 judicari
1289 3000 1449 3054 posse
1496 2986 1780 3055 plerasque
1807 2986 1981 3040 sancti

428 3070 582 3124 Pauli
614 3070 878 3142 Epistolas
910 3089 924 3125 :
964 3072 1020 3126 in
1048 3073 1133 3128 his
1159 3075 1302 3128 enim
1332 3075 1678 3129 vehementer
1709 3077 1983 3131 invehitur

2088 1979 2299 2034 bueritis
2343 1980 2497 2051 ﬁdem
2538 1983 2672 2036 sicut
2710 1999 2932 2051 granum
2981 1982 3202 2049 sinapis,
3247 1981 3431 2034 dicetis
3482 1982 3650 2034 monti

2085 2071 2243 2126 huic:
2278 2073 2471 2129 Transi
2499 2076 2620 2128 hinc
2645 2075 2810 2129 illuc:
2839 2084 2889 2127 et
2918 2076 3186 2140 transibit,
3218 2085 3266 2129 et
3290 2074 3422 2128 nihil
3454 2074 3650 2141 impos-

2084 2164 2233 2220 sibile
2269 2168 2370 2221 erit
2397 2166 2558 2223 vobis.
2614 2168 2727 2223 Hec
2758 2180 2933 2223 autem
2982 2184 3140 2239 genus
3172 2184 3276 2221 non
3302 2165 3517 2236 ejicitur
3544 2165 3650 2219 nisi

2084 2273 2174 2325 per
2204 2259 2492 2311 orationem
2518 2267 2567 2312 et
2596 2259 2862 2328 jejunium
2880 2259 2943 2314 ³⁸.

2155 2348 2381 2402 Cessent
2404 2365 2533 2420 ergo
2566 2350 2869 2421 philosophi
2903 2349 3069 2420 hujus
3110 2348 3294 2404 saeculi
3339 2347 3393 2401 in
3441 2346 3648 2401 sanctis

2084 2438 2338 2493 Patribus
2391 2442 2701 2510 vituperare
2744 2456 2864 2511 quae
2910 2441 2964 2494 in
3005 2439 3224 2494 Christo
3270 2436 3506 2492 revereri
3552 2436 3647 2491 de-

2032 2584 2044 2594 .
2086 2529 2234 2593 bent,
2263 2531 2365 2585 nisi
2392 2530 2527 2585 forte
2548 2531 2767 2586 Christo
2792 2531 3248 2585 renuntiaverint.

2155 2617 2260 2673 Sed
2301 2636 2389 2674 res
2420 2628 2610 2675 notatu
2651 2620 2969 2690 dignissima
2998 2628 3104 2682 est,
3124 2621 3409 2689 plerosque
3434 2617 3649 2672 haereti-

2083 2722 2179 2763 cos
2207 2718 2261 2764 et
2300 2712 2685 2781 philosophos,
2737 2712 2804 2765 ad
2852 2712 3024 2767 solam
3076 2709 3647 2766 commemorationem

2083 2802 2386 2857 daemonum
2420 2812 2474 2857 et
2503 2803 2928 2857 exorcismorum
2952 2800 3351 2855 excandescere
3383 2810 3436 2857 et
3464 2799 3650 2871 exagi—

2083 2894 2189 2948 tari
2224 2895 2379 2965 quasi
2414 2895 2514 2966 ipsi
2539 2910 2569 2948 a
2604 2894 2938 2949 daemonibus
2966 2893 3364 2949 obsiderentur.

2157 2984 2272 3040 Xll.
2334 2987 2626 3039 Auctorem
2688 2985 3050 3055 Epistolarum
3117 2985 3295 3055 arguit
3356 2983 3648 3039 adnotator

2084 3080 2240 3147 quasi
2284 3085 2621 3132 narratorem
2674 3092 2859 3147 parum
2903 3091 3147 3130 veraccm
3198 3092 3384 3130 eorum
3426 3092 3545 3145 quae
3579 3077 3648 3131 ad

427 3178 521 3216 vas
544 3151 837 3217 electionis
856 3172 1048 3218 contra
1075 3165 1720 3235 pseudo-apostolos.Nos
1739 3184 1867 3223 vero
1887 3169 1979 3239 qui
2008 3178 2050 3235 ο
2087 3168 2369 3222 Dominum
2404 3176 2649 3221 nostrum
2699 3165 3059 3235 pertinebant.
3097 3184 3116 3216 ι
3141 3164 3414 3230 Clemens,
3448 3165 3644 3236 inquit,

424 3261 672 3309 tenemus
703 3254 770 3308 ab
810 3254 963 3308 initio
992 3256 1309 3310 mendacem
1349 3272 1412 3310 ac
1443 3258 1769 3313 homicidam
1810 3260 1981 3317 fuisse

423 3344 741 3408 daemonem,
776 3345 979 3400 scimus
1016 3361 1231 3416 quoque
1256 3347 1324 3400 ab
1353 3347 1697 3404 incunabulis
1727 3350 1980 3408 Ecclesia:

424 3439 547 3493 huic
576 3447 775 3509 praesto
801 3438 967 3493 fuisse
991 3440 1271 3495 ministros
1293 3455 1526 3509 quorum
1556 3444 1809 3498 versutia:
1830 3447 1977 3500 omni

423 3537 663 3599 tempore
691 3530 943 3584 revelata:
975 3537 1102 3583 sunt
1127 3537 1181 3584 et
1212 3529 1423 3585 fortiter
1450 3532 1703 3601 explosae.
1732 3532 1849 3589 Non
1879 3535 1977 3591 de-

427 3622 524 3676 fuit
566 3620 780 3676 Satanze
808 3622 1152 3690 suppositum
1200 3622 1257 3676 in
1306 3623 1423 3692 ipsa
1452 3622 1657 3679 Christi
1689 3626 1976 3696 societate;

424 3729 521 3768 nec
548 3720 728 3768 tamen
764 3713 1135 3767 testimonium
1180 3713 1248 3767 de
1288 3714 1432 3767 illius
1461 3714 1682 3784 perfidia
1717 3716 1787 3771 ab
1814 3733 1981 3772 evan-

423 3802 630 3873 gelistis
654 3804 976 3873 praestitum,
1010 3804 1285 3858 inﬁrmare
1314 3820 1552 3875 unquam
1582 3807 1757 3877 potuit
1785 3818 1978 3865 caetera

422 3908 543 3965 quae
565 3893 928 3962 scripserunt.
1488 3896 1489 3899 “

490 3984 789 4040 Occasione
812 3986 1216 4055 possessionum
1256 3993 1310 4040 et
1337 3986 1787 4051 exorcismorum,
1817 3990 1981 4046 infert

421 4078 710 4133 adnotator
748 4080 803 4133 in
834 4079 941 4134 illis
967 4078 1180 4132 abditas
1212 4076 1383 4133 fuisse
1412 4093 1591 4134 meras
1626 4079 1878 4145 fraudes,
1911 4084 1980 4138 ab

421 4167 561 4223 Asiae
598 4166 799 4222 Judazis
840 4166 1133 4222 derivatas.
1172 4164 1301 4220 Inde
1348 4169 1402 4220 ln
1450 4181 1699 4237 campum
1757 4171 1983 4236 divertitl

422 4260 761 4323 morborum,
791 4258 1089 4328 praesertim
1126 4272 1314 4311 eorum
1346 4258 1436 4327 qui
1466 4260 1848 4316 convulsiones
1884 4278 1979 4332 pa-

423 4349 604 4415 riunt,
631 4350 831 4420 quibus
864 4348 1047 4403 ﬁdeles
1102 4348 1324 4403 delusos
1352 4348 1524 4405 fuisse
1554 4352 1785 4417 asserit,
1820 4354 1979 4423 quasi

422 4441 683 4495 daemonis
712 4439 1058 4509 Operationes
1086 4438 1141 4491 in
1173 4437 1256 4492 his
1288 4439 1637 4508 ﬁngerentur.
1669 4439 1801 4496 Post
1837 4442 1979 4498 hanc

2081 3275 2189 3313 non
2233 3266 2318 3314 est
2360 3258 2593 3328 diligens
2624 3258 2824 3313 relator
2868 3256 3121 3311 itinerum
3162 3256 3387 3310 Christi.
3429 3256 3650 3327 Absque

2080 3350 2245 3404 dubio
2278 3349 2454 3414 enim,
2508 3349 2691 3419 plures
2742 3347 3014 3402 comitata:
3060 3354 3188 3401 sunt
3216 3362 3337 3400 eum
3370 3348 3645 3408 mulieres,

2080 3442 2242 3510 paulo
2291 3448 2418 3493 ante
2450 3454 2613 3508 quam
2650 3439 2814 3490 vitam
2849 3444 3280 3490 consummaret.
3319 3434 3437 3487 Non
3483 3437 3647 3490 semel

2079 3532 2383 3601 hospitatus
2437 3539 2522 3584 est
2561 3544 2623 3583 ac
2666 3528 3013 3582 manducavit
3061 3528 3115 3580 in
3163 3528 3323 3581 domo
3365 3526 3548 3580 Mariae
3592 3533 3649 3581 et

2080 3622 2328 3685 Marthae;
2363 3635 2464 3674 nec
2496 3620 2659 3674 semel
2690 3620 2947 3673 mulieres
2977 3617 3287 3672 eﬂ'uderunt
3314 3624 3649 3689 unguentum

2081 3728 2243 3783 super
2268 3718 2430 3785 caput
2457 3718 2509 3765 et
2549 3711 2711 3781 pedes
2742 3711 2907 3773 illius,
2943 3729 2960 3761 ι
2996 3717 3102 3764 etc.

2148 3804 2341 3858 Nullus
2389 3815 2472 3858 est
2519 3804 2571 3856 in
2630 3817 2925 3872 pauperum
2977 3801 3178 3855 scholis
3242 3799 3505 3869 puerulus
3542 3791 3648 3851 aut

2080 3893 2313 3964 puellula
2335 3909 2454 3962 qua:
2483 3892 2725 3946 eamdem
2760 3906 2823 3944 ac
2847 3889 3205 3960 philosophus
3245 3888 3649 3958 Rothomageno

2080 3989 2157 4042 sis
2186 3984 2549 4041 eruditionem
2583 3982 2669 4035 hic
2714 3981 3014 4051 producere
3043 3994 3151 4034 non
3184 3980 3466 4033 valuisset.
3499 3976 3648 4030 Nun-

2078 4077 2213 4148 quid
2257 4083 2540 4147 propterea
2570 4071 2688 4125 ausi
2738 4071 2969 4125 fuissent
3000 4070 3196 4123 docere
3223 4076 3317 4122 aut
3358 4068 3648 4136 reprehen-

2079 4171 2209 4224 dere
2251 4169 2431 4221 virum
2478 4164 2879 4234 apostolicum,
2929 4176 3201 4215 summum
3250 4159 3557 4228 pontificem
3594 4165 3651 4212 et

2081 4258 2412 4329 martyrem?
2436 4255 2508 4309 Ut
2535 4262 2716 4308 autem
2748 4252 3165 4307 reclaniationes
3188 4250 3391 4304 domini
3422 4247 3488 4302 de
3515 4247 3647 4303 Pre-

2080 4365 2276 4420 magny
2318 4347 2552 4415 alicujus
2597 4344 2850 4415 ponderis
2886 4348 3103 4405 essent,
3152 4340 3432 4395 debuisset
3478 4340 3649 4393 citare

2081 4440 2327 4510 quaedam
2360 4439 2535 4493 sancti
2566 4435 2860 4489 Clementis
2892 4433 3053 4487 verba
3083 4447 3202 4501 quae
3230 4432 3345 4485 suis
3380 4431 3647 4485 reclama-

422 4532 794 4602 irruptionem,
824 4528 1177 4600 philosophus
1209 4526 1659 4600 Rothomagensis
1683 4534 1797 4586 ait:
1829 4533 1978 4600 «Quo
2012 4524 2053 4577 1)
2085 4531 2323 4585 tionibus
2370 4528 2710 4581 occasionem
2757 4538 2967 4592 aequam
3014 4521 3324 4587 dedissent;
3358 4520 3449 4575 sed
3498 4520 3649 4573 nulla

422 4622 592 4692 major
624 4621 923 4691 antiquitas
946 4620 1207 4674 ambabus
1233 4622 1437 4676 nostris
1457 4622 1716 4693 Epistolis
1737 4623 1976 4691 dabitur,

421 4730 484 4770 eo
536 4714 760 4785 pr0pius
821 4712 889 4765 ad
965 4710 1231 4781 originem
1289 4714 1720 4769 Christianorum
1773 4718 1977 4773 abusus

423 4806 792 4862 adducentur:
815 4804 961 4875 quod
987 4812 1070 4858 est
1101 4803 1500 4861 incommodum
1530 4818 1585 4862 et
1612 4808 1825 4863 creditu
1874 4809 1981 4863 dif-

424 4898 579 4953 iicile.

488 4991 557 5044 At
585 4989 717 5043 mihi
751 4988 1079 5059 respondere
1131 4988 1478 5060 permittatur
1506 5007 1519 5042 :
1548 5004 1648 5043 cur
1679 4999 1851 5045 mutat
1883 4991 1979 5045 ad-

422 5091 636 5138 notator
658 5092 909 5147 naturam
945 5098 1127 5137 rerum
1156 5081 1223 5136 de
1247 5081 1446 5151 quibus
1478 5081 1695 5137 locutus
1725 5090 1809 5137 est
1856 5083 1980 5153 Epi-

421 5176 681 5229 stolarum
741 5173 969 5229 anctor?
1007 5172 1086 5227 Ne
1122 5187 1290 5226 unum
1334 5170 1551 5241 quidem
1607 5172 1831 5226 verbum
1891 5173 1981 5228 ille

422 5267 642 5337 protulit
670 5266 737 5321 de
780 5265 1063 5320 fraudibus
1094 5272 1188 5319 aut
1231 5265 1298 5319 de
1333 5264 1475 5319 ﬁctis
1507 5263 1746 5330 morbis,
1778 5272 1872 5318 aut
1912 5264 1980 5319 de

421 5358 868 5413 convulsionibus
910 5357 1126 5411 diabolo
1174 5356 1469 5410 attributis.
1506 5354 1649 5425 Ergo
1697 5355 1752 5409 in
1799 5369 1977 5409 aerem

420 5448 631 5503 locutus
651 5457 736 5503 est
771 5447 833 5502 D.
864 5447 932 5503 de
957 5446 1255 5518 Premagny
1275 5487 1291 5508 .
1333 5448 1563 5517 ejusque
1590 5462 1754 5515 opera
1787 5447 1964 5515 periit.

418 5539 735 5595 Certissime
769 5539 1023 5595 Christus
1057 5540 1250 5609 (velit,
1297 5539 1434 5593 nolit
1484 5538 1709 5593 criticus
1748 5540 1968 5607 noster)

421 5633 620 5704 abjecit
643 5633 759 5705 ipse
791 5633 1084 5698 daemones,
1130 5633 1491 5703 praecepitque
1515 5630 1775 5703 apostolis
1805 5646 1867 5685 ac
1890 5629 1974 5685 di-

2084 4636 2310 4693 prorsus
2340 4618 2608 4689 ejusmodi
2639 4616 2799 4671 verba
2823 4615 3083 4670 existunt.
3116 4614 3333 4668 Dicetur
3364 4613 3499 4668 forte
3528 4628 3638 4665 non

2081 4729 2295 4779 verum,
2333 4712 2428 4767 sed
2473 4708 3039 4781 pseudo-Clementem
3068 4707 3157 4761 hic
3188 4706 3405 4776 impeti:
3441 4705 3649 4759 admitti

2080 4814 2257 4877 potest
2308 4802 2577 4873 ejusmodi
2624 4801 2932 4861 excusatio,
2968 4798 3098 4868 quin
3124 4797 3441 4851 admittatur
3470 4796 3640 4864 hypo-

2078 4899 2250 4953 tltesis
2300 4894 2534 4967 gratuita
2586 4908 2749 4963 quam
2803 4900 2984 4947 textus
3043 4888 3232 4946 sedulo
3305 4888 3645 4942 examinatus

2084 4990 2309 5059 respuit.

2154 5079 2308 5148 Quod
2333 5086 2512 5134 autem
2546 5077 2835 5131 adnotator
2863 5085 2970 5129 tam
3021 5089 3211 5129 serena
3240 5072 3419 5125 fronte
3450 5070 3648 5123 asserit

2082 5173 2359 5229 Christum
2408 5188 2519 5227 non
2560 5171 2727 5226 semel
2775 5168 3105 5239 hospitatum
3166 5164 3336 5219 fuisse
3377 5164 3433 5216 in
3484 5162 3647 5215 domo

2086 5266 2308 5319 Marthae
2335 5272 2390 5319 et
2420 5263 2621 5327 Mariae,
2658 5277 2846 5316 verum
2876 5270 2958 5315 est
2987 5258 3205 5328 quidem
3254 5256 3321 5309 de
3366 5252 3644 5325 prandiis;

2079 5358 2172 5414 sed
2216 5357 2471 5411 facillime
2499 5354 2798 5410 contradici
2853 5360 3033 5423 potest
3063 5348 3239 5419 quoad
3280 5344 3644 5417 pernoctatio-

2079 5464 2243 5502 nem:
2288 5455 2500 5502 veteres
2547 5446 2691 5501 enim
2744 5440 3016 5497 tradidere
3060 5439 3338 5494 Christum
3393 5435 3648 5492 secedere

2077 5546 2397 5594 consuetum
2429 5538 2482 5590 in
2517 5545 2753 5591 montem
2785 5544 2838 5589 et
2866 5532 3213 5589 solitudinem
3253 5528 3474 5601 quando
3504 5542 3637 5595 apo-

2078 5630 2198 5684 stoli
2245 5626 2348 5697 ipsi
2407 5628 2472 5681 ad
2507 5628 2741 5696 quietem
2788 5624 3105 5681 sumendam
3139 5624 3336 5679 lectmn
3368 5620 3640 5693 petebantt

488 5808 535 5839 “
575 5797 808 5863 Baere
836 5803 1020 5870 Sl’iril.
1045 5801 1191 5869 S.,c.
1219 5807 1307 5861 29.
1385 5809 1426 5840 "
1470 5806 1657 5862 Matth.
1687 5822 1738 5868 χ,
1769 5805 1820 5860 8.
1899 5805 1941 5836 "
1978 5800 2167 5857 Matth.
2198 5819 2326 5865 xvtt,
2360 5803 2423 5857 18
2451 5811 2500 5856 ct
2529 5816 2643 5871 seq.
