4064 6256
373 423 471 478 571

365 538 488 592 llaec
549 549 713 606 porro
760 532 979 587 traditio
1037 531 1236 602 Optime
1291 524 1541 595 congruit
1599 521 1684 575 his

365 626 640 699 Evangelii
667 647 678 681 :
706 625 852 680 Exiit
905 627 959 678 in
1007 635 1230 677 montem
1263 636 1414 676 orare
1442 633 1461 670 .'
1490 625 1537 670 et
1579 622 1693 669 erat
1738 627 1917 679 perno-

363 730 512 775 ctans
542 721 594 774 in
626 719 864 774 oratione
903 716 997 770 Dei
1027 716 1092 769 ”.
1128 714 1206 768 En
1241 715 1439 766 factum
1473 703 1921 779 pernortationis.

364 809 535 864 Visne
581 808 780 862 habere
803 804 1253 861 consuetudinem
1273 802 1298 854 ?
1324 799 1390 853 Et
1412 812 1666 868 egressus,
1687 794 1761 848 ait
1785 792 1922 844 idem

363 899 696 970 evangelista
739 897 805 952 de
843 903 1084 964 tempore
1109 901 1376 948 nocturno
1407 891 1652 958 loquens,
1685 873 1814 946 ibat,
1843 897 1923 936 se-

364 991 590 1046 cundum
648 988 1105 1048 consuetudinem,
1183 986 1236 1038 in
1291 994 1514 1038 montem
1569 974 1917 1036 Oliuarum”.

364 1083 565 1139 Omnes
599 1080 939 1150 evangelista:
972 1079 1258 1147 signarunt
1309 1076 1498 1132 sedulo
1541 1074 1687 1127 hunc
1721 1072 1923 1142 specia-

364 1178 467 1232 lem
511 1177 688 1230 locum
740 1169 1005 1227 orationis
1050 1168 1251 1224 Christi
1295 1167 1349 1220 in
1395 1173 1576 1219 monte
1620 1164 1918 1224 Olivarum,

363 1277 619 1324 vocantes
666 1266 814 1320 illum
859 1262 1118 1332 praedium
1145 1302 1159 1322 ,
1196 1259 1289 1314 vel.
1309 1259 1522 1312 hortum
1554 1254 1917 1309 Gethsemani.

363 1361 426 1416 In
454 1360 668 1431 publico
691 1400 706 1424 ,
739 1356 955 1414 easdem
991 1353 1102 1408 fere
1132 1351 1426 1407 relationes
1454 1348 1705 1404 Christus
1734 1345 1922 1398 habuit

362 1468 488 1508 cum
540 1451 672 1505 viris
721 1457 776 1504 et
835 1447 1154 1503 mulieribus
1202 1459 1216 1496 :
1277 1444 1343 1498 ad
1403 1441 1720 1497 salvandum
1775 1439 1918 1494 enim

363 1553 660 1612 utrumque
698 1556 887 1596 sexum
932 1545 1190 1602 venerat;
1249 1533 1342 1589 sed
1388 1533 1675 1602 privatim,
1729 1531 1916 1584 eodem

361 1633 525 1688 modo
557 1647 664 1686 non
710 1645 769 1685 se
815 1627 1075 1699 gerebat:
1109 1623 1336 1692 ideoque
1383 1622 1651 1674 mirantur
1691 1618 1918 1688 apostoli

361 1722 581 1792 quando
608 1737 730 1777 eum
764 1720 936 1775 solum
964 1716 1164 1777 vident,
1197 1712 1444 1784 quamvis
1475 1712 1529 1765 in
1558 1719 1763 1781 aperto,
1794 1724 1918 1763 cum

362 1814 591 1869 muliere
625 1810 967 1866 Samaritana
995 1807 1412 1877 colloquentem.

435 1905 508 1958 Ex
555 1919 621 1959 eo
672 1901 817 1972 quod
858 1907 1080 1956 sanctus
1105 1898 1353 1953 Clemens
1387 1894 1588 1950 Christi
1619 1893 1780 1949 verba
1824 1909 1913 1948 re-

363 1997 548 2052 tulerit
578 1995 644 2049 ad
684 1993 905 2048 Mariam
959 1990 1327 2061 Magdalenam
1365 1988 1595 2043 dicentis
1630 2007 1641 2041 :
1677 1985 1804 2040 Noti
1840 2003 1918 2039 me

365 2101 573 2158 tangere
597 2127 612 2153 ,
647 2083 974 2140 concludere
997 2082 1158 2137 vellet
1187 2079 1505 2142 :IdIIOIaIOI',
1548 2085 1736 2133 contra
1769 2074 1917 2130 Wet-

363 2180 602 2241 stinum,
636 2177 703 2230 ab
752 2183 973 2229 auctore
1007 2171 1367 2242 Epistolarum
1411 2170 1604 2224 melius
1643 2171 1916 2238 cognitum

361 2273 533 2326 fuisse
558 2269 728 2325 sancti
757 2266 982 2322 Joannis
1008 2262 1351 2332 Evangelium
1380 2275 1539 2330 quam
1572 2259 1917 2328 Evangelium

361 2363 536 2418 sancti
563 2361 794 2415 Matthaei
827 2358 918 2428 qui
959 2357 1096 2410 hanc
1120 2353 1582 2408 circumstantiam
1613 2359 1771 2406 tacet.
1806 2349 1919 2404 Hoc

361 2453 705 2509 ratiocinium
769 2447 1089 2520 philosopho
1144 2460 1334 2516 parum
1392 2444 1693 2499 convenit:
1743 2458 1918 2513 neque

361 2545 507 2600 enim
552 2552 770 2598 sanctus
811 2539 1128 2602 Mattbaeus,
1164 2551 1339 2607 neque
1371 2535 1551 2590 caateri
1579 2535 1919 2605 evangelista:

362 2637 673 2700 voluerunt,
693 2635 800 2688 imo
829 2633 963 2687 velle
993 2637 1285 2702 potuerunt
1317 2628 1556 2685 scribere
1587 2628 1768 2682 omnia
1800 2643 1919 2698 qua!

362 2728 614 2784 Christus
681 2725 928 2798 gesserit.
992 2723 1159 2794 Igitur
1213 2723 1283 2777 ab
1347 2721 1451 2776 hoc
1512 2710 1728 2776 silentio
1781 2720 1917 2774 nihil

364 2824 588 2878 omnino
611 2820 858 2876 concludi
889 2826 1087 2890 potest.
1119 2816 1222 2884 Qui
1253 2817 1396 2872 enim
1427 2813 1780 2870 concluderet
1823 2813 1920 2867 do-

362 2915 571 2971 minum
616 2913 684 2969 dc
727 2912 1024 2984 Premagny
1068 2911 1202 2964 nihil
1237 2909 1381 2964 aliud
1430 2907 1720 2978 scripsisse
1756 2921 1918 2978 quam

364 3007 670 3064 versionem
701 3005 959 3060 Gallicam
991 3012 1302 3059 nostrarum
1339 3001 1702 3071 Epistolarum
1731 3040 1746 3063 ,
1795 3014 1918 3054 cum

365 3100 637 3171 adiunctis
692 3098 1166 3162 adnotationibus,
1220 3097 1348 3167 quia
1403 3095 1502 3149 has
1550 3094 1724 3148 solum
1779 3099 1920 3162 typis

366 3193 662 3256 mandavit,
687 3208 793 3246 non
821 3193 953 3247 satis
981 3191 1137 3247 fama:
1173 3193 1319 3248 illius
1348 3191 1684 3255 consuleret;
1728 3188 1922 3256 proba-
1949 3191 1988 3246 C

366 3285 545 3341 hiliter
613 3299 846 3354 namque
897 3301 1036 3354 opus
1089 3284 1234 3339 istud
1299 3283 1493 3337 merito
1547 3281 1778 3336 inferius
1837 3289 1922 3336 est

369 3375 648 3444 sexaginta
677 3374 800 3428 aliis
826 3374 1103 3444 opusculis
1128 3373 1247 3445 ejus
1281 3388 1400 3444 qua:
1430 3372 1798 3442 manuscripta
1839 3387 1922 3427 re-

367 3473 709 3523 manserunt.

439 3559 575 3616 Xlll.
612 3560 899 3615 Auctorem
944 3557 1304 3628 Epistolarum
1338 3564 1560 3611 accusat
1591 3555 1652 3610 D.
1683 3554 1750 3608 de
1793 3551 1921 3607 Pre-

369 3670 566 3724 magny
605 3652 762 3722 quasi
806 3651 1096 3705 inﬁdeliter
1142 3649 1378 3704 narrarit
1419 3649 1703 3703 historiam
1755 3646 1922 3701 Elisei

367 3756 424 3800 et
470 3743 844 3800 Sunamitidis.
879 3742 984 3797 Sed
1019 3757 1139 3812 quae
1169 3742 1356 3810 paucis
1387 3740 1565 3795 verbis
1597 3737 1762 3793 refert
1793 3752 1923 3793 san-

369 3846 492 3891 ctus
520 3835 771 3891 Clemens
801 3835 1002 3905 optime
1030 3832 1364 3889 concordant
1392 3846 1514 3885 cum
1548 3832 1710 3886 rebus
1740 3829 1925 3884 relatis

369 3927 429 3980 in
467 3932 662 3996 quarto
685 3925 822 3981 libro
852 3923 1353 3996 Regum,quamvis
1399 3937 1488 3978 res
1528 3919 1926 3975 minutissimas

371 4035 481 4073 non
514 4019 676 4074 fuerit
703 4024 1069 4073 consectatus.
1118 4016 1411 4069 Achilleam
1441 4013 1796 4084 philosophus
1830 4026 1928 4066 no--

372 4119 485 4167 ster
524 4111 810 4166 azstimavit
839 4108 980 4162 hanc
1007 4107 1361 4178 objectionem
1390 4121 1403 4156 :
1439 4104 1651 4159 Eliseus
1679 4112 1927 4172 accepta-

371 4206 450 4259 vit
478 4205 790 4260 cubiculum
822 4204 874 4258 in
905 4203 1067 4257 domo
1094 4200 1449 4256 Sunamitidis
1477 4213 1640 4269 :ergo
1671 4213 1778 4253 non
1811 4205 1932 4250 erat

374 4297 465 4352 hic
493 4295 754 4365 ptopheta
781 4302 1072 4348 extraneos
1101 4291 1248 4348 omni
1286 4289 1532 4346 relationi
1583 4304 1706 4343 cum
1737 4287 1929 4341 mulie-

377 4389 550 4442 ribus.
597 4385 737 4458 Ergo
766 4395 957 4439 auctor
982 4383 1341 4454 Epistolarum
1372 4378 1806 4459 falsam_induxit
1835 4378 1932 4448 hy-

379 4478 670 4549 pothesim.
721 4477 862 4546 Ergo
910 4476 1141 4529 honorat
1189 4481 1437 4529 sanctum
1477 4470 1809 4527 Clementem
1838 4469 1930 4540 qui

380 4572 528 4625 hunc
571 4585 680 4623 non
724 4567 912 4636 recipit
945 4567 1102 4637 quasi
1151 4567 1377 4621 istarum
1422 4563 1783 4634 Epistolarum
1833 4577 1931 4616 au-

381 4672 608 4718 ciorum.

455 4757 522 4812 Ut
557 4756 803 4811 funditus
853 4763 974 4809 ruat
1017 4753 1324 4824 hujusmodi
1365 4750 1760 4823 argumentatio
1803 4751 1939 4805 satis

377 4851 484 4906 erit
497 4849 757 4902 adnotare
773 4847 1191 4916 hospitalitatem
1209 4860 1370 4916 quam
1386 4843 1658 4899 interdum
1677 4841 1937 4911 propheta

381 4941 581 5010 recepit
613 4939 754 5009 apud
782 4936 1204 5004 Sunamitidem,
1232 4951 1340 4990 non
1375 4934 1546 4990 fuisse
1579 4931 1937 4988 cohabitatio-

380 5051 502 5090 nem
535 5049 696 5104 quam
728 5032 976 5103 prohibet
1008 5037 1231 5085 sanctus
1257 5029 1530 5084 Clemens.

451 5127 738 5182 Enimvero
782 5125 977 5179 domus
1024 5121 1380 5176 Sunamitidis
1425 5133 1532 5172 una
1577 5125 1695 5171 erat
1735 5132 1800 5171 ex
1852 5116 1938 5171 his

381 5220 657 5292 opulentis
705 5217 1132 5273 habitationibus
1197 5231 1318 5285 qua:
1373 5213 1690 5283 plerumque
1765 5210 1938 5264 servis

383 5311 677 5366 abundant.
730 5311 851 5381 Ipsa
889 5308 1130 5364 declarat
1176 5322 1234 5360 se
1277 5306 1331 5359 in
1367 5303 1543 5358 medio
1572 5300 1753 5371 populi
1790 5301 1873 5356 sui
1895 5301 1938 5330 “

383 5405 542 5476 quasi
587 5403 883 5474 principem
925 5403 1204 5466 habitare,
1237 5410 1290 5452 et
1314 5398 1462 5451 nulla
1491 5413 1549 5451 re
1578 5395 1840 5464 indigere.
1880 5392 1939 5447 In

384 5495 476 5550 illa
501 5496 682 5558 domo,
701 5495 854 5564 quasi
882 5495 1152 5548 transiens
1174 5490 1381 5546 habitat
1403 5489 1612 5544 Eliseus
1631 5503 1753 5541 cum
1786 5501 1944 5541 servo

387 5604 507 5643 suo.
557 5583 736 5654 Quare
789 5589 931 5642 enim
976 5587 1078 5642 sub
1109 5584 1200 5637 dio
1239 5577 1648 5651 pernm-lasset?
1688 5575 1944 5642 Quamvis

385 5689 565 5735 autem
613 5681 810 5734 donius
863 5679 951 5731 illa
995 5677 1170 5746 ampla
1202 5677 1338 5727 foret
1368 5681 1660 5742 vastaque,
1703 5676 1947 5724 constru-

459 5861 503 5894 ³³
546 5857 763 5921 Luc.vt,
802 5856 882 5909 1‘2.
977 5858 1020 5888 ³ο
1063 5855 1192 5911 Luc.
1224 5870 1352 5918 sxn,
1387 5855 1473 5909 '59..

1186 414 1242 469 S.
1277 406 1665 468 CLEMENTIS
1701 407 1719 459 ι
1752 400 1916 456 ROM.
1953 393 2156 452 PONT.
2194 386 2419 446 OPERA
2453 377 2772 438 GENBINA.

1740 516 1920 572 verbis
1951 516 1992 573 Α
2021 516 2168 562 ctum
2219 510 2302 557 est
2342 517 2441 571 pro
2485 498 2742 568 propheta
2775 501 2970 546 novum
3017 498 3082 536 cu

3473 353 3580 409 373

3085 477 3328 534 biculum
3356 467 3579 525 omnino

2025 559 2428 667 separatum-ab
2444 604 2506 644 ea
2523 585 2589 642 ⁹².
2605 584 2812 640 Textus
2827 576 3124 634 lle-braicus
3153 578 3409 638 expresse
3435 559 3582 667 ιιξεί-

2025 649 2154 758 gnrat
2179 679 2540 752 separationis
2570 688 2782 728 murum
2810 668 2906 738 qui
2935 664 3235 718 aediﬁcatus
3263 660 3388 707 ‘est.
3413 742 3427 758 ‘
3453 649 3577 758 .l‘loc

2026 742 2292 846 ignoravit
2338 769 2400 823 D.
2433 768 2500 821 de
2533 764 2853 830 Premagny,
2885 756 3114 822 ideoque
3155 742 3580 846 insuperabilem

2017 864 2284 937 judicavit
2309 856 2831 930 argumentationem
2862 861 3038 902 suam.
3069 839 3303 897 Aliunde
3326 851 3432 890 non
3461 832 3580 888 exi-

2023 925 2098 1026 git
2143 925 2645 1007 sanctus'Clemens
2694 951 2754 998 ut
2783 940 2930 994 nulla
2974 936 3046 990 sit
3096 931 3292 988 mulier
3323 929 3378 982 in
3413 925 3577 980 domo

2021 1013 2184 1116 quam
2211 1042 2455 1096 habitant
2476 1037 2725 1091 homines
2752 1029 3009 1106 virgines,
3028 1020 3328 1095 praesertim
3359 1013 3578 1087 quando

2020 1115 2356 1192 iterrfaciunt
2380 1171 2396 1195 ,
2429 1130 2524 1187 sed
2564 1137 2622 1182 ut
2653 1125 2858 1196 fugiant
2901 1115 3256 1174 contubernia
3305 1124 3426 1164 cum
3458 1121 3578 1160 mu--

2023 1227 2245 1284 lieribus
2265 1265 2279 1288 ,
2325 1233 2379 1277 et
2405 1232 2462 1276 ut
2492 1220 2627 1291 ipsis
2656 1233 2764 1271 non
2793 1214 3104 1268 ministrent
3145 1205 3419 1260 mulieres.
3456 1198 3576 1253 Jam

2021 1317 2134 1374 dixi
2187 1290 2522 1370 cubiculum,
2551 1293 2716 1363 Eli'sei
2763 1303 2906 1375 apud
2963 1296 3358 1354 Sunamitidem
3407 1290 3580 1344 fuisse

2021 1417 2367 1480 separatum;
2403 1404 2477 1458 ibi
2508 1417 2640 1459 vero
2683 1395 3042 1453 ministerium
3073 1406 3104 1444 a
3131 1386 3454 1444 mulieribus
3472 1398 3580 1436 non

2020 1477 2316 1566 recipiebat
2359 1510 2371 1546 :
2407 1495 2484 1550 illi
2532 1493 2673 1546 enim
2705 1488 3001 1543 sufﬁciebat
3028 1495 3222 1538 servus
3246 1477 3340 1549 qui
3369 1486 3583 1543 semper

2019 1591 2387 1645 comitabatur
2417 1601 2562 1640 eum.

2089 1679 2276 1733 Νέωνος
2307 1677 2500 1748 quaerit
2546 1672 2788 1727 invenire
2835 1668 3062 1723 criticus
3111 1657 3478 1734 philosophus
3523 1655 3582 1707 in-

2021 1768 2278 1838 Epistolis
2328 1747 2538 1820 nostris
2589 1770 2647 1816 ut
2699 1759 3077 1814 auctoritatem
3146 1765 3339 1806 earum
3384 1747 3578 1801 elevet.

1949 1840 1990 1898 Β
2018 1857 2246 1913 Grandis
2273 1858 2455 1926 igitur,
2480 1855 2650 1923 ipsius
2676 1851 2902 1920 judicio,
2946 1861 3132 1902 naevus
3157 1851 3240 1899 est
3268 1839 3419 1910 quod-
3445 1850 3582 1906 qua~

2019 1961 2098 2005 ter
2127 1956 2347 2005 sanctus
2374 1947 2625 2002 Clemens
2649 1941 2991 1997 Christianos
3043 1931 3425 1991 nominaverit,
3457 1940 3587 1982 cum.

2016 2057 2122 2095 vox
2161 2040 2262 2094 ista
2295 2047 2370 2092 ter
2414 2044 2622 2090 tantum
2666 2034 2722 2088 in
2765 2031 2916 2084 Novo
2954 2028 3308 2082 Testamento
3341 2016 3582 2089 reperia-

2020 2141 2128 2187 tur.
2178 2129 2659 2200 Perspieacitatem
2700 2125 2864 2193 hujus
2919 2116 3291 2174 adnotationis
3330 2112 3589 2184 judican»

2016 2224 2140 2278 dam
2180 2222 2431 2291 relinquo
2479 2217 2705 2273 cuilibet
2747 2212 2958 2268 lectori.
3003 2210 3059 2265 Si
3105 2209 3192 2263 cui
3243 2214 3424 2260 tamen
3473 2215 3592 2254 nom

2017 2312 2286 2367 sulliceret
2318 2311 2418 2364 hoc
2457 2321 2800 2378 responsum,
2834 2303 2978 2359 scire
3014 2300 3172 2354 debet
3207 2297 3310 2351 hoc
3347 2291 3584 2348 vocabu-

2017 2405 2126 2459 lum
2157 2405 2292 2458 adeo
2334 2415 2620 2456 commune
2659 2399 2827 2452 fuisse
2878 2397 2978 2450 hac
3007 2399 3189 2456 aetate,
3237 2399 3295 2444 ut
3343 2401 3373 2439 a
3408 2383 3590 2455 genti-

2017 2495 2158 2550 libus
2191 2495 2389 2562 passim
2426 2491 2797 2552 adhiberetur,
2829 2488 2968 2541 sicut
2996 2491 3140 2554 patet
3167 2497 3230 2535 ex
3262 2479 3406 2532 Actis
3436 2490 3584 2528 mar-

2019 2586 2142 2657 tyrii
2173 2585 2355 2639 Sancti
2390 2581 2587 2652 lgnatii
2618 2577 2944 2640 Antiocheni,
2979 2583 3032 2630 et
3059 2590 3120 2629 ex
3158 2570 3394 2641 Epistola
3417 2565 3585 2622 Plinii

2021 2677 2089 2731 ad
2121 2677 2413 2744 Traianum
2443 2677 2833 2743 imperatorem,
2859 2669 2922 2724 de
2946 2666 3285 2724 Christianis.

2088 2766 2227 2824 XIV.
2269 2765 2580 2823 Wetstinus
2613 2764 2942 2833 allegaverat
2988 2758 3366 2812 auctoritatem
3410 2749 3586 2806 sancti

2025 2859 2308 2931 Epiphanii
2362 2859 2455 2927 qui
2504 2854 2774 2912 haereticis
2825 2853 2924 2907 aevi
2970 2850 3057 2906 sui
3107 2845 3412 2917 opponebat
3461 2839 3587 2910 Epi-

2020 2954 2188 3008 stolas
2219 2951 2390 3008 sancti
2420 2947 2715 3005 Clementis
2747 2945 2815 2999 ad
2847 2944 3105 3013 virgines,
3134 2941 3188 2993 in
3221 2937 3417 3008 quibus
3445 2949 3591 2988 cem-

2023 3049 2395 3099 memorantur
2433 3039 2601 3102 Elias,
2637 3035 2829 3098 David,
2872 3034 3109 3086 Samson
3147 3037 3200 3083 et
3238 3040 3426 3081 omnes
3460 3038 3586 3089 pro--

2024 3136 2220 3206 phene.
2251 3133 2331 3186 Ad
2364 3132 2467 3186 hoc
2497 3136 2874 3199 argumentum
2905 3121 3087 3177 reduci
3122 3126 3299 3190 potest
3330 3113 3586 3169 Wetstini

2023 3205 2370 3280 ratiocinatio
2395 3241 2408 3276 :
2439 3241 2458 3272 ‹
2486 3219 2604 3274 Νοη
2631 3218 2803 3272 solum
2837 3214 3191 3284 Epiphanius,
3224 3210 3366 3265 sicut
3395 3205 3587 3259 Hiero-

2022 3331 2238 3387 nymus,
2274 3311 2550 3383 Epistolas
2581 3308 2786 3363 indicat
2816 3318 2952 3374 quas
2982 3311 3204 3356 sanctus
3233 3299 3484 3353 Clemens
3516 3293 3586 3346 ad

2020 3385 2257 3478 virgines
2288 3403 2536 3473 scripsit;
2570 3400 2665 3456 sed
2706 3399 2805 3452 has
2831 3394 3136 3465 specialiter
3165 3385 3436 3459 Epistolas
3469 3386 3586 3440 dis-

2022 3499 2181 3554 tinxit
2213 3495 2590 3552 enuntiatione
2619 3499 2797 3546 textus
2844 3487 2935 3558 qui
2982 3487 3038 3540 in
3081 3482 3292 3539 caeteris
3329 3479 3588 3550 cperibus

2023 3589 2195 3645 sancti
2241 3584 2537 3642 Clementis
2589 3578 2780 3637 nullibi
2830 3575 3119 3646 reperitur.
3165 3569 3220 3624 ln
3261 3568 3396 3624 solis
3440 3565 3589 3621 enim

2025 3679 2284 3750 Epistolis
2337 3677 2403 3731 ad
2456 3673 2694 3743 virgines
2739 3669 2943 3724 mentio
2977 3665 3032 3720 ﬁt
3064 3663 3132 3720 de
3171 3661 3322 3726 Elia,
3365 3657 3588 3723 Davide,

2026 3769 2286 3824 Samsone
2311 3775 2365 3820 et
2397 3763 2646 3819 omnibus
2677 3758 2972 3830 prophetis.
3005 3773 3022 3806 ι

2095 3858 2281 3912 Robur
2313 3855 2472 3923 hujus
2520 3849 2790 3905 ratiocinii
2838 3847 2995 3917 quasi
3053 3859 3160 3898 non
3218 3841 3504 3896 advertens
3527 3835 3590 3890 D.

2027 3949 2094 4003 de
2135 3944 2458 4014 Premagny,
2491 3953 2797 3995 sermonem
2850 3933 3155 4006 gyroﬁectit
3197 3931 3264 3986 ad
3315 3929 3589 3985 inscitiam

2027 4033 2261 4103 exempli
2291 4029 2589 4090 Samsonis,
2628 4025 2784 4097 quasi
2825 4024 3062 4096 pessime
3091 4029 3314 4078 sant-tus
3343 4020 3592 4075 Clemens

2033 4125 2352 4178 Samsonem
2401 4121 2505 4174 huc
2550 4117 2877 4172 induxisset.
2918 4115 3023 4169 Sed
3053 4113 3156 4169 etsi
3201 4111 3591 4166 concederetur

2029 4215 2250 4273 domino
2285 4214 2353 4268 de
2378 4209 3024 4289 Premagny'Samsonem
3056 4221 3162 4260 non
3204 4203 3458 4258 debuisse
3485 4200 3593 4254 huc

2032 4305 2324 4369 introduci,
2363 4318 2472 4360 non
2503 4302 2685 4355 minus
2714 4299 2918 4354 invicta
2956 4304 3099 4352 esset
3126 4293 3405 4351 conclusio
3442 4289 3592 4344 Wet-

2031 4397 2181 4460 stini,
2215 4395 2330 4464 qui,
2369 4409 2432 4446 ex
2469 4392 2571 4446 hac
2602 4391 2904 4462 prolatione
2949 4385 3421 4442 authenticitatem
3466 4380 3592 4450 Epi-

2037 4488 2296 4544 stolarum
2325 4493 2630 4540 nostrarum
2662 4481 2846 4536 infert.

2114 4579 2182 4634 Ut
2210 4585 2411 4639 autem,
2455 4593 2522 4631 ex
2551 4577 2653 4630 hac
2683 4575 2846 4628 etiam
2884 4581 3051 4641 parte,
3089 4567 3318 4622 debilem
3355 4579 3477 4620 esse
3507 4562 3599 4616 ad-

2039 4682 2341 4728 notatorem
2379 4675 2592 4740 pateat,
2623 4668 2746 4722 dico
2792 4665 3034 4728 exempla
3074 4659 3355 4714 Samsonis
3398 4665 3453 4711 et
3491 4655 3596 4709 Da-

2036 4765 2177 4820 vidis
2208 4762 2433 4816 mirifice
2468 4759 2732 4815 inservire
2760 4757 2898 4812 thesi
2929 4752 3166 4808 auctoris
3207 4749 3593 4820 Epistolarum.

2041 4854 2098 4906 Si
2129 4866 2363 4920 namque
2394 4849 2680 4919 prudentia
2708 4846 3090 4916 prolihetarum
3120 4856 3221 4896 nos
3249 4848 3438 4895 cautos
3476 4854 3599 4894 esse

2039 4953 2240 5003 monet,
2278 4939 2636 5011 quorumdam
2682 4944 2993 4994 sanctorum
3023 4938 3263 4987 virorum
3303 4947 3464 4986 casus
3505 4946 3601 4984 va-

2044 5037 2242 5091 lentior
2273 5033 2451 5096 adhuc
2479 5031 2790 5102 praedicatio
2819 5036 2900 5083 est
2929 5035 2989 5081 ut
3020 5025 3428 5094 nobismetipsis
3463 5021 3602 5077 difﬁ-

2041 5128 2258 5180 damus.
2292 5122 2410 5178 Non
2443 5124 2617 5177 solum
2651 5119 2968 5174 Samsonem
2991 5126 3044 5172 et
3074 5116 3326 5169 Davidcm
3370 5115 3604 5184 appellat

2043 5225 2266 5272 sanctus
2313 5212 2672 5282 Hieronymus
2728 5209 2780 5264 in
2835 5207 2936 5260 hac
2989 5205 3249 5267 materia,
3297 5201 3391 5256 sed
3441 5201 3601 5256 etiam

2045 5308 2407 5360 Salomonem.
2465 5303 2665 5358 Omnes
2718 5307 2917 5354 norunt
2970 5297 3083 5351 haec
3139 5295 3314 5351 sancti
3369 5293 3603 5347 doctoris

2043 5401 2207 5453 verba
2239 5397 2306 5451 ad
2335 5396 2694 5466 Nepotianum
2724 5413 2735 5446 :
2771 5412 2788 5442 ι
2813 5391 2890 5446 Ne
2926 5391 3030 5446 sub
3057 5389 3245 5444 eodem
3273 5395 3418 5440 tecto
3453 5398 3606 5437 man-

2047 5492 2178 5544 sitcs
2211 5530 2227 5553 ,
2295 5503 2396 5542 nec
2440 5487 2495 5539 in
2547 5485 2818 5556 praeterita
2861 5483 3113 5537 castitate
3157 5477 3418 5534 conﬁdas.
3496 5472 3605 5527 Nec

2047 5577 2289 5632 sanctior
2347 5574 2516 5628 David
2543 5613 2558 5636 ,
2620 5589 2720 5627 nec
2763 5571 3027 5626 Samsone
3057 5569 3272 5635 fortior,
3307 5581 3406 5620 nec
3449 5562 3604 5620 Salo-

2051 5683 2210 5722 mone
2237 5675 2388 5736 potes
2418 5680 2539 5721 esse
2564 5663 2884 5733 sapientior.
2911 5683 2929 5716 ι

1553 5853 1588 5884 ³¹
1627 5851 1688 5907 1V
1725 5851 1853 5918 Reg.
1898 5865 1967 5915 tv,
2004 5847 2086 5901 15.
2164 5847 2205 5877 ⁸³
2246 5841 2404 5912 lbid.,
2436 5843 2517 5896 10.
