4064 6256
440 384 544 439 375

1375 369 1732 427 EPISTOLIE
1766 369 1856 423 AD
1891 365 2232 423 V’lRGlNES.
2266 396 2335 406 —
2367 362 2727 419 ΡΒΟαΞΜΙΑ.

3564 360 3664 415 37:3

498 502 791 563 Praeterea,
818 500 1179 567 peccaverunt
1204 491 1420 562 quidem
1449 489 1681 545 Samson
1709 497 1762 543 et
1791 487 1990 553 David;
2025 493 2066 548 Α
2097 484 2301 547 futuro,
2333 490 2541 537 certum
2567 481 2796 535 incerto.
2827 477 3059 534 Ministri
3090 478 3320 535 Romani
3352 481 3509 536 alitsr
3538 498 3668 537 sen-

437 593 522 650 sed
556 592 614 645 in
643 587 887 659 peccatis
918 600 1025 639 non
1063 588 1581 654 perseveraverunt:
1615 579 1845 648 ideoque
1876 594 2001 633 san-

439 692 551 739 ctus
581 679 921 750 Epiphanius
944 675 1224 731 Ebionitas
1246 673 1424 744 arguit
1452 671 1595 742 quod
1623 687 1718 725 eos
1744 670 1997 741 repudia-

439 775 607 830 verint
636 787 761 827 cum
791 768 1001 825 caeteris
1031 767 1327 838 prophetis.

501 864 778 931 Quantum
815 860 885 915 ad
912 860 1141 914 verbum
1192 857 1373 911 laudat
1411 871 1522 926 quo
1557 870 1689 911 usus
1732 860 1815 910 est
1844 853 1998 907 Wet-

434 958 612 1012 stinus
657 953 879 1009 citando
917 958 1126 1006 textum
1159 948 1331 1004 sancti
1379 947 1686 1018 Epiphanii,
1719 948 1862 1002 scire
1899 945 1998 1000 de-

432 1048 640 1104 buisset
667 1044 734 1100 D.
757 1044 824 1099 de
863 1042 1163 1113 Premagny
1193 1042 1295 1095 hac
1327 1055 1480 1103 voce,
1509 1039 1831 1108 saepissime,
1859 1039 1994 1093 nihil

430 1137 577 1192 aliud
604 1134 900 1208 signiﬁcari
928 1148 1090 1203 quam
1123 1130 1717 1193 commemorationem,
1748 1144 1848 1183 nec
1877 1129 1997 1183 lau-

428 1227 552 1282 dem
588 1226 656 1280 ab
685 1240 751 1280 eo
772 1238 986 1292 semper
1009 1221 1264 1275 indicari.

497 1315 615 1372 XV.
659 1314 961 1370 Prudenter
1021 1314 1267 1367 siluisset
1305 1312 1591 1366 adnotator
1640 1326 1758 1380 quae
1814 1310 1997 1365 dicere

424 1408 773 1479 prmsumpsit
814 1408 877 1461 de
920 1404 1222 1475 privatione
1268 1404 1626 1458 matrimonii.
1673 1401 1802 1455 Vult
1848 1401 1995 1454 enim

424 1505 655 1554 sanctus
683 1495 883 1549 Paulus
912 1502 970 1548 ut.
1008 1510 1038 1546 a
1068 1494 1227 1547 nobis
1258 1492 1401 1547 absit
1446 1492 1744 1546 scurrilitas
1782 1506 1898 1561 quae
1925 1488 1994 1542 ad

426 1607 537 1644 rem
580 1605 685 1642 non
732 1587 954 1656 pertinet
975 1586 1038 1639 ³³,
1067 1584 1323 1653 Plerique
1363 1583 1613 1638 homines
1654 1582 1861 1636 nubere
1896 1595 1997 1634 vo-

422 1684 582 1745 lunt,
622 1679 750 1751 quia
797 1678 1101 1733 caelibatum
1135 1676 1339 1731 viribus
1385 1676 1501 1730 suis
1544 1676 1877 1745 superiorem
1907 1674 1997 1741 ju-

424 1773 625 1827 dicant.
656 1769 750 1824 His
772 1768 906 1823 dicit
935 1766 1223 1838 Apostolus
1250 1784 1264 1821 :
1296 1764 1487 1819 Melius
1511 1774 1587 1819 est
1616 1764 1805 1818 nubere
1826 1781 1986 1834 quant

2094 578 2235 630 tiunt
2263 582 2317 630 et
2363 581 2550 641 agunt,
2597 588 2628 627 a
2674 571 3000 643 quibusdam
3054 574 3292 637 saeculis,
3332 581 3385 626 et
3417 589 3447 625 a
3476 584 3665 626 matri-

2096 667 2279 719 monio
2329 665 2629 719 abstinent.
2659 682 2677 713 ι
2742 661 2932 717 Priora
2979 663 3145 717 verba
3203 663 3504 719 orthodoxa
3553 681 3663 720 non

2095 764 2256 823 sunt;
2288 755 2593 825 posteriora
2624 754 2883 809 historice
2915 760 3043 809 sunt
3075 753 3233 808 falsa.
3265 752 3417 824 Saepe
3440 754 3669 827 legendo

2096 851 2479 906 adnotationes
2527 849 2730 905 domini
2782 849 2849 905 de
2879 849 3200 920 Premagny,
3246 850 3487 919 suspicio
3536 852 3670 905 mihi

2095 943 2288 997 oborta
2329 948 2414 997 est
2462 942 2614 995 illum
2667 940 2902 995 fortasse
2966 940 3297 1010 pertinuisse
3346 941 3413 996 ad
3462 950 3669 997 sectam

2096 1032 2536 1103 protestantium.
2569 1031 2827 1085 Errabam
2866 1050 2877 1084 :
2910 1032 3118 1084 nullum
3154 1031 3355 1101 quippe
3386 1033 3547 1101 hujus
3589 1031 3671 1085 fa~

2096 1124 2258 1178 milite
2305 1124 2604 1177 membrum
2665 1136 2905 1191 unquam
2981 1122 3108 1176 huic
3165 1123 3363 1177 hazresi
3414 1122 3667 1180 adhaesit.

2097 1212 2496 1267 Tantummodo
2569 1212 2772 1267 certior
2850 1210 3031 1266 factus
3099 1228 3220 1267 sum
3290 1213 3669 1268 adnotatorein

2099 1303 2289 1367 fuisse,
2320 1310 2380 1357 ut
2406 1303 2519 1371 jam
2557 1303 2687 1356 alibi
2716 1302 2920 1356 dictum
2952 1311 3059 1367 est,
3098 1304 3310 1357 socium
3341 1312 3668 1359 consuetum

2098 1393 2546 1464 philosophorum
2589 1393 2776 1448 saeculi
2826 1394 3179 1462 praecedentis
3209 1395 3301 1464 qui
3352 1396 3669 1465 religionem

2098 1486 2374 1540 lacessere
2423 1484 2814 1554 gloriabantur.
2846 1482 2902 1536 In
2936 1485 3103 1539 altera
3140 1486 3376 1541 editione
3404 1488 3671 1543 versionis

2097 1576 2316 1631 Gallicae
2340 1583 2652 1630 nostrarum
2683 1574 3069 1644 Epistolarum,
3101 1577 3163 1634 ι).
3189 1578 3255 1634 de
3280 1578 3579 1650 Premagny
3613 1580 3669 1634 id

2096 1668 2569 1739 superatldendum
2596 1668 2860 1737 judicavit
2890 1671 2975 1725 his
2999 1686 3119 1740 quae
3147 1672 3202 1724 in
3234 1673 3401 1742 priori
3426 1673 3667 1729 editione

2091 1761 2206 1829 jam
2262 1761 2522 1815 dixerat:
2570 1777 2588 1811 ι
2622 1760 2766 1816 Deus
2810 1777 2919 1816 non
2965 1763 3221 1832 proponit
3272 1763 3668 1819 incrementum

421 1862 508 1916 ur;
542 1863 607 1918 ab.
673 1861 769 1917 ιειί
829 1876 959 1915 vero
1024 1859 1479 1930 mpmjwnsibiles
1538 1858 1713 1912 [ονεηι
1761 1857 1807 1913 εί
1863 1872 1991 1927 pro.
2025 1839 2067 1898 Β
2101 1849 2370 1905 mercedis
2424 1866 2523 1920 pro
2567 1849 2897 1905 caalibibus:
2945 1863 2999 1905 et
3046 1854 3182 1908 satis
3249 1854 3448 1907 mirum
3505 1862 3589 1909 est
3637 1870 3669 1909 a

425 1966 608 2026 pterea
666 1954 1033 2024 virginitatem
1082 1952 1497 2021 impugnarent,
1575 1958 1668 2003 aut
1716 1965 1834 2004 eam
1867 1964 1988 2003 om-

422 2050 584 2104 nibus
662 2045 1054 2116 impossibilem
1140 2042 1556 2112 pronuntiarent
1611 2060 1625 2095 :
1688 2042 1990 2096 doctrinam

421 2140 623 2212 quippe
645 2154 675 2194 e
703 2138 972 2192 diametro
1003 2134 1334 2189 contrariam
1374 2135 1563 2188 statuit
1591 2133 1861 2197 Christus,
1894 2132 1990 2187 do-

421 2232 591 2285 cendo
616 2245 725 2284 non
750 2244 940 2283 omnes
966 2226 1186 2295 quidem
1215 2240 1409 2293 capere
1437 2226 1661 2279 verbum
1694 2224 1862 2286 istud,
1894 2223 1989 2279 sed

420 2323 619 2393 quibus
663 2320 850 2372 datum
883 2327 986 2380 est,
1028 2327 1082 2371 et
1113 2315 1398 2371 addendo:
1438 2316 1540 2381 Qui
1580 2325 1746 2386 potest
1785 2332 1987 2385 capere,

422 2416 593 2482 capiat
610 2412 654 2444 ³⁸
679 2430 696 2467 :
726 2425 846 2481 quae
895 2410 1061 2463 verba
1095 2408 1327 2461 invitant
1359 2408 1570 2462 animas
1597 2423 1892 2477 generosas
1936 2418 1992 2465 et

421 2505 588 2559 fortes
626 2504 694 2558 ad
737 2501 1129 2572 virginitatem,
1176 2511 1394 2569 propter
1441 2515 1668 2569 regnum
1700 2500 1987 2555 ctelorum.

421 2596 678 2651 Eamdem
701 2595 1074 2649 invitationem
1101 2601 1154 2646 ct
1181 2592 1485 2646 doctrinam
1513 2593 1738 2662 protulit
1768 2601 1993 2648 sanctus

422 2688 639 2750 Paulus.
665 2688 854 2743 dicens
881 2708 894 2742 .'
937 2686 1061 2741 Volo
1092 2702 1265 2739 omnes
1292 2702 1378 2738 vos
1408 2702 1520 2739 esse
1547 2686 1680 2739 sicut
1708 2686 1992 2753 meipsum;

420 2781 511 2836 sed
546 2782 904 2851 unusquisque
948 2783 1219 2850 proprium
1272 2779 1467 2831 donum
1521 2776 1674 2832 habet
1720 2793 1787 2831 ex
1832 2776 1993 2832 Deo:

423 2876 560 2929 alius
590 2873 796 2946 quidem
822 2876 917 2937 sic,
950 2874 1085 2929 alius
1113 2890 1230 2928 vero
1262 2872 1339 2926 sic
1362 2871 1430 2925 ³⁸.

494 2965 738 3036 Nugatur
765 2976 944 3021 autem
977 2965 1037 3018 υ.
1064 2966 1131 3021 de
1156 2965 1483 3035 Premagny,
1522 2962 1856 3020 insinuando
1890 2977 2000 3017 ma-

426 3056 739 3112 trimonium
770 3058 951 3128 potius
993 3057 1317 3126 expiationis
1355 3072 1518 3126 quam
1567 3056 1843 3111 felicitatis
1886 3063 1998 3110 sta-

428 3155 544 3202 tum
572 3163 709 3212 esse,
740 3148 971 3217 ideoque
1003 3147 1125 3217 plus
1166 3148 1362 3202 mereri
1394 3148 1487 3217 qui
1519 3145 1677 3201 nubit
1705 3162 1866 3215 quam
1900 3146 1993 3216 qui
2023 3183 2066 3238 ε

425 3255 455 3293 a
490 3240 695 3310 nuptiis
724 3257 782 3295 se
818 3241 1054 3295 abstinet
1085 3260 1098 3295 :
1142 3240 1301 3310 quasi
1336 3240 1428 3309 qui
1474 3240 1867 3294 continentiam
1907 3255 1997 3293 re-

426 3340 627 3401 spuunt
654 3333 995 3402 paenitentiae
1017 3332 1268 3387 meritum
1296 3331 1677 3385 intendissent.

492 3422 663 3479 Nemo
706 3423 926 3494 quidem
976 3438 1173 3494 negare
1220 3429 1399 3492 potest
1453 3438 1677 3494 magnas
1728 3423 1999 3477 sollicitu-

428 3513 580 3568 dines
609 3514 936 3583 eonjugibus
982 3513 1270 3568 reservari.
1316 3512 1398 3566 Ab
1428 3512 1515 3566 his
1541 3528 1873 3581 praeservare
1903 3528 2002 3567 cun

432 3604 612 3673 piebat
638 3605 931 3676 Apostolus
979 3606 1101 3660 illos
1137 3604 1336 3674 quibus
1376 3604 1625 3658 dicebat:
1666 3603 1793 3657 Volo
1827 3614 1999 3658 autem

426 3712 514 3750 eos
542 3697 656 3749 sine
701 3695 1060 3750 sollicitudine
1100 3712 1211 3748 esse
1237 3694 1315 3758 ’7;
1355 3696 1451 3748 sed
1500 3693 1870 3748 certissimum
1915 3701 2001 3749 est

430 3786 907 3842 mortificationem
937 3787 1122 3842 carnis
1156 3795 1250 3840 aut
1282 3786 1510 3856 spiritus
1542 3802 1649 3839 non
1676 3802 1797 3842 esse
1838 3785 1999 3841 ﬁnem

422 3894 619 3934 eorum
672 3880 764 3949 qui
811 3880 1124 3950 conjugium
1191 3879 1416 3949 eligunt.
1454 3876 1517 3932 Et
1562 3879 1774 3931 utinam
1829 3878 2001 3933 multo

426 3969 717 4040 pauciores
762 3979 946 4026 essent
992 3971 1191 4041 quibus
1234 3970 1496 4040 applicari
1541 3971 1787 4025 valerent
1839 3971 2001 4025 verba

427 4060 722 4132 Bapliaelis
766 4063 1077 4135 archangeli
1108 4084 1118 4117 :
1149 4062 1290 4115 Audi
1339 4079 1439 4127 me,
1486 4072 1536 4117 et
1582 4062 1858 4116 ostendam
1904 4064 2000 4116 tibi

422 4154 519 4223 qui
568 4162 692 4208 sunt
746 4154 930 4225 quibus
985 4157 1267 4224 prwvalere
1320 4165 1487 4224 potest
1541 4156 1860 4209 dwmonium
1896 4156 2001 4208 :Iti

428 4262 653 4316 namque
692 4248 782 4317 qui
811 4248 1110 4318 conjugium
1143 4249 1219 4301 ita
1247 4249 1559 4316 suscipiunt,
1605 4256 1660 4300 ut
1697 4247 1860 4300 Deum
1888 4265 1920 4300 a
1948 4264 2002 4300 se

430 4346 478 4391 et
508 4354 540 4391 a
569 4355 667 4392 sua
696 4350 861 4393 mente
886 4340 1190 4404 excludant,
1226 4349 1275 4394 et
1317 4355 1426 4393 sure
1467 4338 1673 4392 libidini
1708 4339 1785 4392 ita
1822 4351 2003 4392 vacent

430 4429 566 4482 sicut
601 4446 763 4501 equus
788 4439 837 4484 et
868 4430 1064 4494 mulus,
1088 4431 1276 4500 quibus
1307 4446 1410 4482 non
1433 4437 1510 4483 est
1541 4430 1834 4483 intellectus
1859 4443 1877 4480 :
1907 4428 2003 4482 Ita-

434 4512 513 4567 bet
538 4523 849 4582 potestatem
872 4514 1189 4569 daemonium
1215 4516 1268 4567 in
1295 4532 1382 4570 eos
1406 4516 1470 4569 ³⁸.

501 4607 559 4663 Si
601 4608 927 4664 attendisset
967 4608 1054 4663 his
1105 4610 1330 4664 monitis
1380 4610 1690 4674 adnotator,
1738 4625 1842 4663 non
1885 4617 1995 4662 tam

434 4701 621 4756 leviter
641 4701 707 4756 de
734 4701 838 4756 hac
867 4702 1092 4756 materia
1118 4701 1333 4755 locutus
1361 4702 1571 4757 fuisset.

504 4792 791 4859 Caeterum,
839 4795 931 4863 qui
974 4800 1195 4863 propter
1242 4809 1471 4864 regnum
1507 4793 1769 4848 cwlorum
1807 4794 1991 4850 matri-

437 4886 620 4941 monio
671 4886 1017 4950 valedicunt,
1070 4887 1275 4940 nullam
1329 4886 1741 4942 similitudinem
1800 4885 2000 4941 habent

433 4992 557 5033 cum
587 4979 689 5034 hac
716 4980 925 5049 impura
956 4979 1403 5050 phi1050phorum
1432 4980 1521 5033 lue
1551 4980 1643 5049 qui
1671 4994 1843 5033 nexus
1868 4993 1996 5033 con-

434 5069 640 5141 iugales
678 5077 752 5136 et,
796 5078 854 5125 ut
885 5072 1063 5127 verbis
1092 5071 1334 5142 Apostoli
1373 5080 1516 5137 utar,
1545 5071 1849 5126 honorabile
1877 5088 2002 5126 con-

436 5160 648 5215 nubium
679 5162 915 5234 fugiunt,
951 5171 1009 5218 ut
1039 5163 1266 5218 liberius
1297 5179 1360 5217 ac
1394 5163 1613 5234 turpius
1635 5164 2003 5233 voluptatibus

436 5251 617 5306 carnis
646 5252 890 5308 habenas
920 5254 1123 5309 laxent.
1151 5253 1243 5309 Vae
1272 5255 1476 5310 talibus
1520 5257 1611 5327 qui
1652 5256 1869 5327 generis
1900 5256 2002 5309 hu-

436 5342 579 5396 mani
614 5343 965 5414 Opprobrium
999 5345 1155 5398 sunt!

517 5432 608 5489 Sic
637 5435 879 5506 loquitur
908 5433 969 5490 D.
1009 5434 1076 5490 de
1103 5434 1403 5507 Prcmagny
1445 5455 1457 5490 :
1500 5456 1517 5487 ί
1546 5436 1780 5491 Ministri
1824 5435 1999 5492 refor-

438 5527 566 5583 mati
615 5527 862 5598 (nuptias
910 5525 1300 5598 contrahendo)
1352 5528 1707 5597 praetulerunt
1756 5543 1997 5599 praesens

509 5726 553 5757 ³³
632 5726 832 5790 Ephes.
860 5743 909 5790 ν,
942 5729 993 5782 4.

1074 5728 1116 5759 ⁸³
1151 5727 1164 5778 Ι
1196 5728 1320 5783 Cor.
1347 5747 1444 5796 vn,
1470 5730 1522 5785 9.

440 5795 526 5849 l7.
605 5795 776 5851 "lsa.
804 5812 909 5862 ιγι,
951 5798 1003 5852 5.

1603 5731 1647 5762 ³⁸
1682 5729 1869 5785 Matth.
1901 5748 2013 5793 XIX,
2053 5730 2140 5785 12.
2219 5729 2264 5761 ³⁸
2295 5727 2472 5800 [Ωον.
2500 5748 2596 5797 vu,
2637 5734 2686 5789 7.
2766 5737 2807 5768 ⁸⁷
2835 5736 2994 5800 lhid.,
3024 5736 3114 5791 52.

1117 5798 1160 5829 ⁸ο
1186 5798 1333 5855 Sess.
1362 5816 1510 5866 sxw,
1543 5800 1614 5855 De
1642 5802 1899 5871 matrim.,
1929 5816 2053 5857 can.
2088 5803 2139 5857 9.

2090 1950 2280 1996 sancto
2326 1942 2604 1997 Clemente
2648 1944 2916 2014 prolatum
2968 1944 3135 2001 fuisse
3181 1946 3285 2000 hoc
3331 1946 3668 2016 paradoxum

2087 2038 2329 2101 tempore
2349 2033 2483 2086 adeo
2510 2033 2769 2102 apostolis
2798 2034 2997 2097 vicino,
3028 2036 3441 2105 praesertimque
3464 2047 3667 2090 sancto

2088 2120 2248 2177 Petro
2295 2124 2680 2194 praedecessori
2727 2141 2848 2190 suo,
2892 2128 3050 2196 cujus
3094 2127 3506 2180 matrimonium
3554 2142 3667 2181 non

2090 2216 2319 2270 habetur
2347 2225 2405 2270 ut
2428 2217 2673 2281 dubium,
2699 2233 2799 2271 nec
2827 2218 2990 2273 etiam
3026 2219 3436 2272 matrimonium
3470 2218 3667 2273 borum

2088 2310 2467 2379 episcoporum
2525 2326 2663 2380 quos
2713 2292 2929 2365 volebat
2984 2322 3209 2366 sanctus
3277 2310 3483 2367 Paulus
3548 2327 3672 2367 esse

2093 2402 2253 2456 unius
2289 2403 2475 2457 uxoris
2503 2404 2670 2458 viros.
2704 2423 2720 2455 ι

2163 2493 2367 2550 Textus
2391 2494 2504 2564 jam
2531 2511 2560 2550 a
2595 2512 2680 2552 me
2721 2497 2945 2551 adducti
2994 2498 3129 2553 satis
3160 2497 3458 2568 explodunt
3485 2514 3549 2553 ac
3585 2515 3674 2555 re-

2093 2584 2269 2641 futant
2305 2587 2444 2642 hanc
2469 2588 2674 2642 domini
2704 2589 2770 2644 de
2804 2588 3105 2661 Premagny
3133 2592 3516 2647 assertionem.
3551 2590 3671 2647 Nor.

2092 2683 2431 2750 exspectavit
2464 2682 2673 2737 Novum
2705 2682 3115 2739 Testamentum
3150 2685 3414 2745 Dominus
3439 2696 3496 2742 ut
3532 2705 3673 2743 mer-

2096 2770 2245 2826 cedis
2278 2771 2671 2827 incrementum
2703 2773 3006 2843 virginibus
3033 2777 3350 2844 spontaneis
3381 2778 3669 2846 pollicere-

2098 2873 2206 2918 tur.
2240 2864 2387 2919 Dabo
2409 2868 2504 2928 eis,
2530 2869 2706 2938 inquit
2729 2884 2826 2938 per
2850 2870 3070 2933 Isaiam,
3106 2871 3157 2923 in
3188 2869 3342 2924 domo
3372 2888 3506 2935 mea,
3537 2882 3585 2926 et
3616 2874 3671 2927 in

2099 2958 2263 3012 muris
2298 2960 2425 3013 meis
2473 2960 2678 3025 locum,
2711 2970 2761 3015 el
2809 2978 2994 3019 nomen
3039 2964 3227 3016 melius
3267 2980 3299 3016 a
3334 2964 3461 3033 ﬁliis
3505 2974 3555 3018 et
3598 2967 3669 3034 ﬁ-

2099 3049 2271 3104 liabus
2315 3066 2332 3103 :
2379 3069 2563 3106 nomen
2613 3056 2985 3122 sempiternum
3040 3054 3177 3108 dabo
3224 3056 3333 3120 eis,
3383 3055 3519 3126 quod
3566 3074 3671 3111 non

2099 3141 2288 3209 peribit
2320 3143 2384 3198 ³⁹.
2435 3142 2627 3198 Merito
2682 3146 2847 3216 igitur
2876 3148 3164 3201 concilium
3214 3147 3591 3202 Tridentinum
3622 3148 3670 3179 ⁸ο

2102 3235 2445 3290 anathemate
2492 3239 2738 3305 percellit
2771 3258 2789 3289 ι
2817 3254 2912 3293 eos
2959 3243 3051 3309 qui
3103 3238 3294 3294 dicunt
3341 3240 3571 3294 clericos
3614 3244 3668 3294 in

2100 3327 2273 3381 sacris
2303 3327 2588 3384 ordinibus
2638 3331 2989 3393 constitutos,
3021 3331 3107 3385 vel.
3136 3333 3413 3401 regulares
3443 3334 3670 3387 castita-

2102 3427 2208 3473 tem
2238 3420 2554 3475 solemnitcr
2584 3422 2883 3491 professos,
2916 3441 3077 3495 posse
3107 3425 3513 3481 matrimonium
3540 3440 3673 3478 con-

2100 3511 2339 3577 trahere,
2365 3529 2474 3568 non
2509 3515 2759 3571 obstante
2791 3517 2907 3587 lege
2932 3518 3326 3581 ecclesiastica,
3360 3518 3443 3573 vel
3477 3524 3622 3572 voto.
3645 3535 3664 3568 ι

2102 3601 2300 3658 Eadem
2337 3620 2494 3674 poena
2526 3608 2712 3676 plectit
2742 3624 2837 3663 eos
2873 3628 2889 3657 ‹
2924 3609 3015 3679 qui
3050 3610 3237 3662 dicunt
3266 3623 3372 3661 non
3405 3622 3528 3663 esse
3558 3624 3672 3663 me-

2104 3692 2209 3748 lius
2239 3708 2302 3748 ac
2350 3695 2565 3751 beatius
2598 3712 2817 3753 manere
2850 3699 2904 3753 in
2956 3699 3265 3770 virginitate
3296 3708 3387 3752 aut
3419 3699 3672 3755 caelibatu

2106 3802 2267 3856 quam
2292 3787 2449 3859 jungi
2477 3789 2844 3847 matrimonio.
2868 3810 2890 3843 ι
3319 3845 3326 3851 .

2173 3882 2445 3947 Quantum
2486 3881 2554 3935 ad
2594 3881 2936 3953 hypothesim
2983 3881 3190 3943 domini
3232 3880 3299 3937 de
3343 3881 3668 3955 Premagny,

2102 3990 2129 4026 a
2159 3974 2485 4044 quibusdam
2534 3984 2740 4028 tantum
2790 3975 3005 4029 saeculis
3058 3975 3450 4029 continentiam
3501 3976 3672 4033 fuisse

2104 4064 2361 4120 Ecclesiae
2416 4066 2685 4119 ministris
2736 4066 3144 4137 prmscriptam,
3207 4066 3384 4120 dicam
3418 4067 3569 4120 illum
3612 4083 3672 4121 se

2104 4156 2340 4210 historia:
2368 4156 2752 4211 ecclesiasticae
2783 4157 3093 4226 imperitum
3138 4157 3381 4226 praebere
3416 4159 3507 4227 qui
3550 4172 3670 4211 om-

2101 4244 2265 4299 nibus
2301 4246 2673 4301 monumentis
2716 4246 3106 4301 ecclesiasticis
3150 4246 3508 4311 contradicit,
3550 4263 3671 4316 quae

2100 4336 2429 4392 inconcusse
2471 4336 2731 4393 evincunt
2759 4340 2812 4391 in
2851 4336 3098 4393 Ecclesia
3130 4337 3458 4397 occidentali
3490 4338 3670 4391 conti-

2102 4417 2629 4500 nentiam'perpctua
2664 4430 2783 4500 lege
2826 4430 3197 4500 praescriptam
3238 4430 3408 4486 fuisse
3451 4431 3669 4487 clericis

2103 4521 2155 4575 in
2178 4522 2350 4575 sacris
2371 4521 2653 4577 ordinibus
2675 4524 3006 4577 constitutis.
3030 4521 3192 4577 Jubet
3220 4531 3445 4579 sanctus
3466 4523 3670 4578 Paulus

2104 4624 2155 4666 ut
2193 4612 2286 4683 qui
2320 4613 2386 4667 ad
2426 4616 2800 4684 episcOpatum
2834 4623 3242 4685 promoventur,
3279 4616 3324 4670 si
3363 4624 3521 4672 antea
3551 4616 3670 4671 fue-

2104 4707 2213 4759 rint
2243 4706 2475 4767 uxorati,
2505 4707 2679 4762 sancti
2709 4717 2764 4761 et
2806 4708 3173 4772 continentes,
3208 4715 3331 4779 post
3378 4724 3670 4764 consecra-

2103 4799 2304 4851 tionem
2336 4812 2512 4859 suam,
2543 4805 2897 4866 permaneant
2920 4798 2986 4854 "‘.

2174 4886 2312 4943 XVI.
2355 4887 2550 4942 Paucis
2582 4890 2924 4960 respondebo
2952 4890 3285 4945 cavillationi
3334 4892 3671 4947 adnotatoris

2104 4981 2170 5035 de
2200 4981 2363 5035 verbo
2401 4982 2559 5043 dixit.
2591 4983 2737 5051 quod
2767 4985 3038 5054 reperitur
3075 4985 3400 5054 quandoque
3442 4985 3495 5038 in
3540 4983 3671 5054 Epi-

2104 5072 2260 5126 stolis
2293 5075 2412 5129 sine
2443 5074 2713 5143 subjecto.
2744 5075 2880 5129 Cum
2913 5084 3141 5130 sanctus
3168 5076 3420 5130 Clemens
3450 5074 3671 5131 assidue

2103 5180 2315 5219 sacram
2372 5164 2709 5237 Scripturam
2771 5167 3028 5237 legisset,
3086 5168 3557 5238 probabiliterque
3613 5170 3667 5225 in

2103 5256 2379 5325 prim’itivo
2419 5265 2591 5325 textu,
2620 5259 2957 5314 locutionum
2996 5260 3117 5328 ejus
3150 5275 3305 5313 usum
3347 5261 3667 5331 assumpsit.

2104 5344 2162 5399 Si
2203 5346 2470 5417 tantisper
2514 5348 2574 5403 ι).
2619 5349 2687 5404 de
2725 5348 3028 5419 Premagny
3072 5348 3368 5405 llebraicos
3422 5358 3517 5405 aut
3559 5349 3670 5421 Sy-

2105 5438 2283 5491 riacos
2315 5436 2492 5493 fontes
2534 5438 2848 5503 delibasset,
2882 5440 3019 5495 nihil
3062 5441 3117 5494 in
3147 5441 3321 5496 sacris
3368 5440 3669 5510 Scripturis

2106 5525 2442 5596 frequentius
2482 5529 2794 5598 agnovisset
2823 5544 2986 5599 quam
3016 5530 3299 5586 subaudiri
3337 5531 3666 5600 subjectum,

3218 5735 3262 5766 ³⁸
3291 5732 3429 5789 Tol).
3458 5748 3533 5796 v1,
3563 5733 3661 5799 16,

2225 5802 2265 5831 ⁸³
2301 5798 2410 5857 Tit.
2439 5816 2485 5870 ι,
2517 5803 2568 5857 8.
