4090 6250
523 374 590 430 75
1292 369 1345 424 s.
1382 367 1770 426 CLEMENTIS
1800 366 1819 420 ι
1857 365 2019 423 non.
2054 364 2256 422 rom.
2293 363 2519 422 OPERA
2548 366 2871 425 GENUINA.

3582 342 3697 423 tuo

483 510 703 581 quando
725 525 791 563 ex
828 515 1081 563 contextu
1118 505 1252 559 satis
1282 504 1619 576 intelligitur.
1654 502 1828 574 Saepe,
1870 503 1927 558 in
1958 502 2047 558 Bi-
2075 486 2122 541 Α
2147 481 2330 581 δοίης,
2363 481 2637 581 insperata
2658 483 2887 581 νίοιοΐξθ
2925 483 3103 581 Romi-
3127 491 3489 581 essemrcum
3517 499 3704 581 οθςηθ·

484 603 642 667 bliis,
679 601 906 657 verbum
940 599 1077 651 dixit
1122 597 1206 654 his
1248 597 1535 667 aaquivalet
1581 596 1798 660 dicitur,
1849 596 2047 650 dictum

483 705 583 750 est.
613 692 833 747 Poterat
860 706 990 761 ergo
1019 691 1255 759 scriptor
1292 689 1517 744 criticus
1561 688 2044 760 Pythagoricorum

486 795 867 838 somnumnon
893 779 1133 838 turbare,
1186 793 1286 831 nec
1326 776 1687 831 eruditionem
1716 790 1944 845 prorsus
1971 776 2049 828 in-

486 875 669 929 utilem
709 872 867 927 nobis
896 878 1188 925 ostentare.
1230 868 1379 923 Hanc
1415 883 1515 939 ego
1558 867 1925 922 difﬁcultatem
1953 883 2048 921 ex-

485 967 649 1038 punxi
682 965 736 1023 in
769 964 1020 1019 versione
1050 978 1167 1016 mea
1197 981 1210 1017 :
1244 960 1492 1016 eamdem
1526 967 1744 1030 poterat
1772 958 1838 1015 de
1868 961 2047 1014 medio

482 1060 672 1113 tollere
697 1058 812 1128 ipse
842 1055 1169 1111 Wetstinus.

557 1148 696 1204 XVII
721 1158 773 1204 et
800 1147 986 1203 XVIII.
1017 1147 1414 1201 Adnotationes
1448 1161 1570 1215 quae
1599 1146 1702 1201 sub
1725 1145 1812 1199 his
1834 1144 2046 1199 duobus

483 1243 725 1297 numeris
754 1241 1128 1303 includuntur,
1162 1241 1392 1309 probant
1421 1238 1698 1293 dominum
1729 1237 1794 1292 de
1828 1236 2047 1291 Prema-

482 1349 592 1404 gny
628 1349 739 1389 non
788 1348 1003 1403 semper
1036 1330 1366 1403 praejudiciis
1397 1332 1727 1385 obcaecatum
1761 1337 1814 1384 et
1854 1328 2047 1382 alluci-

481 1434 669 1480 natum
699 1424 889 1481 fuisse.
918 1424 1026 1478 Has
1067 1424 1359 1478 st-ribendo
1389 1424 1581 1484 lineas,
1613 1423 1817 1492 optime
1853 1421 1921 1475 de
1956 1420 2046 1491 ju-

483 1516 633 1572 stitia
672 1525 725 1570 et
764 1516 996 1571 veritate
1026 1516 1253 1569 meritus
1277 1522 1381 1570 est.
1408 1512 1646 1580 Quilibet
1692 1510 2045 1567 nihilominus

436 1608 875 1664 "-animadvertet
931 1609 1108 1679 ipsum
1164 1606 1437 1661 Wetstino
1490 1620 1705 1675 semper
1766 1605 2044 1659 contradi-

479 1701 659 1764 xisse,
700 1700 814 1756 sive
850 1699 1069 1769 quando
1116 1706 1320 1753 rectam
1362 1698 1505 1754 viam
1548 1697 1900 1767 sequebatur,
1930 1696 2046 1751 sive

480 1794 700 1864 quando
736 1792 805 1847 ab
830 1807 894 1846 ea
926 1791 1264 1846 deflectebat.
1294 1789 1604 1860 Optandum
1634 1796 1783 1843 certe
1820 1796 1937 1843 erat
1983 1795 2043 1841 ut
2078 1826 2117 1884 Β

481 1884 567 1938 his
598 1884 804 1939 ultimis
841 1883 1083 1938 numeris
1120 1882 1254 1935 nihil
1302 1880 1601 1936 addidisset
1638 1880 1700 1933 D.
1726 1881 1793 1935 de
1824 1879 2047 1935 Prema—

482 1992 609 2046 gny.
638 1974 746 2029 Sed
786 1975 976 2037 altera,
1002 1974 1068 2028 de
1098 1988 1204 2043 qua
1233 1972 1345 2041 jam
1375 1973 1590 2027 locutus
1618 1986 1760 2034 sum,
1794 1970 2045 2040 opusculi

481 2068 600 2136 ejus
630 2068 795 2123 editio
822 2066 979 2137 quasi
1011 2066 1363 2135 pcenitentetn
1405 2064 1579 2132 ipsum
1604 2064 1821 2117 exhibet
1845 2064 2047 2132 optime

454 2155 688 2215 'Iiniisse
717 2158 863 2229 quod
900 2158 1041 2212 male
1074 2142 1338 2225 cmperat.
1370 2152 1514 2208 Duas
1544 2168 1674 2223 ergo
1704 2168 1872 2207 novas
1900 2154 2047 2222 prio-

482 2249 637 2304 ribus
669 2250 786 2305 suis
829 2249 1274 2303 aduotationibus
1306 2244 1522 2315 adjecit,
1553 2260 1672 2315 quae
1707 2244 1862 2299 famae
1902 2245 2046 2300 illius

482 2343 607 2411 plus
637 2343 912 2397 nocebunt
941 2357 1103 2412 quam
1137 2340 1455 2412 proderunt.

555 2432 736 2487 Prima
767 2432 995 2487 refertur
1048 2431 1116 2485 ad
1176 2429 1570 2500 separationem
1608 2443 1773 2498 quam
1824 2437 2047 2485 sanctus

482 2524 735 2580 Clemens
764 2539 794 2577 a
823 2522 1005 2595 Moyse
1035 2522 1230 2578 factam
1264 2521 1432 2576 luisse
1460 2521 1657 2577 asserit
1710 2521 1854 2576 inter
1900 2521 2047 2577 viros

482 2623 537 2670 et
560 2616 835 2681 mulieres,
863 2615 991 2693 dum
1050 2613 1362 2669 incederent
1413 2612 1688 2677 Israelitaz,
1753 2612 2046 2685 Egyptum

483 2709 873 2777 relinquentes.
907 2706 1155 2762 Secunda
1187 2714 1395 2777 spectat
1441 2723 1637 2763 nomen
1689 2706 1855 2760 maris
1901 2704 2045 2775 quod

483 2800 631 2856 sicco
661 2801 887 2871 vestigio
920 2800 1011 2854 filii
1038 2799 1205 2856 Israel
1234 2800 1588 2856 transierunt.

563 2892 618 2944 1ο
648 2888 814 2945 Juxta
844 2889 1239 2955 adnotatorem,
1297 2900 1519 2947 sanctus
1550 2891 1797 2945 Clemens
1831 2888 2043 2945 locutus

483 2991 569 3038 est
613 2981 681 3037 de
726 2984 969 3038 virorum
1031 2999 1095 3037 ac
1147 2985 1432 3040 mulierum
1482 2982 1819 3053 separatione
1883 2996 2045 3051 quam

485 3075 698 3145 Moyses
721 3076 1031 3130 nullatenus
1059 3076 1398 3130 memoravit.
1430 3074 1716 3128 Probabile
1750 3088 1878 3143 ergo
1901 3073 2047 3141 judi-

2148 580 2267 627 rent
2296 573 2556 643 temporis
2582 582 2805 644 puncto,
2828 574 3065 630 hostium
3089 574 3540 640 Internecionem,
3570 575 3707 633 duas

2147 665 2413 730 choreas,
2466 681 2631 721 unam
2677 668 2940 729 virorum.
2986 667 3209 723 alteram
3281 668 3604 732 mulierum,
3649 668 3706 723 in

2147 758 2332 813 littore
2390 759 2745 815 instituunt:
2804 768 2859 814 et
2916 759 3099 831 Moyse
3158 760 3293 816 viris
3344 762 3704 831 pracinente,

2147 850 2268 918 ejus
2292 864 2482 905 sorore
2508 850 2852 916 mulieribus,
2912 852 3324 921 gratulationem
3351 850 3462 907 Deo
3492 852 3710 907 cecine-

2148 948 2275 993 runt
2295 940 2358 993 δ’.
2375 959 2394 993 ι

2222 1028 2472 1085 Ultimum
2502 1031 2842 1088 adnotatoris
2868 1032 3282 1103 objectationem
3305 1033 3371 1088 de
3392 1033 3530 1087 mari
3553 1031 3706 1104 Suph

2147 1125 2498 1194 attingamus.
2554 1124 2672 1180 Non
2719 1125 2928 1181 dubitat
2993 1126 3218 1181 criticus
3261 1125 3497 1195 scriptor
3543 1126 3709 1196 hujus

2148 1218 2315 1271 maris
2347 1233 2542 1272 nomen
2575 1219 2765 1272 nullibi
2794 1220 2848 1273 in
2878 1218 3064 1273 Exodo
3119 1218 3373 1274 inveniri.
3401 1218 3458 1273 Si
3486 1219 3555 1275 de
3575 1218 3710 1273 Vul-

2146 1317 2268 1377 gata
2298 1310 2546 1365 versione
2566 1311 2780 1367 locutus
2810 1312 3019 1373 fuisset.
3052 1327 3240 1366 verum
3294 1311 3510 1382 quidem
3541 1312 3712 1367 dixis-

2148 1408 2262 1466 set;
2304 1400 2350 1455 si
2396 1417 2521 1457 vero
2549 1402 2618 1458 de
2666 1410 2815 1457 textu
2874 1402 3140 1457 Hebraico
3188 1410 3282 1457 aut
3330 1402 3573 1475 Syriaco,
3628 1411 3711 1459 te-

2147 1507 2293 1547 mere
2327 1503 2474 1548 certe
2502 1494 2716 1548 locutus
2745 1503 2847 1558 est,
2877 1493 3177 1564 praesertim
3237 1510 3361 1549 cum
3409 1502 3553 1549 esset
3585 1509 3712 1549 aca-

2146 1583 2390 1639 demicus
2418 1583 2535 1651 vir;
2592 1600 2869 1653 nunquam
2899 1585 3044 1639 enim
3087 1584 3202 1640 sive
3250 1585 3306 1639 in
3358 1583 3565 1649 Exodo,
3595 1586 3711 1640 sive

2145 1676 2198 1730 in
2223 1675 2357 1731 locis
2383 1676 2505 1732 aliis
2524 1692 2693 1732 sacra:
2716 1676 3031 1748 Scriptura‘,
3064 1676 3327 1733 Hebraice
3352 1688 3443 1732 aut
3467 1676 3708 1748 Syriace,

2147 1770 2267 1826 aliis
2296 1771 2476 1826 verbis
2524 1786 2674 1826 mare
2727 1769 2970 1825 Rubrum
3023 1770 3341 1841 designatur
3400 1786 3559 1841 quant
3593 1786 3712 1825 ver-

2148 1861 2231 1915 bis
2263 1860 2343 1915 Im
2371 1861 2535 1931 Suph,
2588 1878 2709 1932 quae
2737 1862 2914 1917 reddit
2957 1860 3185 1934 Vulgata
3221 1869 3409 1917 nostra
3432 1878 3527 1932 per
3558 1860 3615 1914 Μ
3621 1878 3712 1916 are

2148 1956 2400 2011 Rubrum.
2914 2010 2922 2019 ,

2218 2046 2351 2112 Quis
2398 2061 2564 2116 porro
2595 2046 2731 2101 ferat
2781 2047 3052 2101 hominem
3096 2054 3513 2116 praesumentem
3562 2046 3710 2117 loqui

2149 2141 2215 2194 de
2252 2141 2338 2195 his
2366 2156 2487 2209 qua:
2512 2140 2759 2195 absolute
2789 2141 3047 2211 ignorat?

2223 2232 2461 2287 Verbum
2512 2232 2656 2301 Suph
2703 2241 2894 2302 quater
2967 2233 3240 2286 invenitur
3287 2233 3340 2285 in
3399 2239 3549 2286 textu
3605 2230 3713 2287 He-

2149 2325 2333 2379 braico
2383 2331 2438 2379 et
2489 2322 2715 2394 Syriaco
2771 2321 2959 2376 Exodi.
3003 2320 3060 2376 Si
3091 2323 3224 2376 recti
3271 2322 3473 2377 fuerint
3515 2322 3711 2377 calculi

2148 2415 2275 2478 mei,
2300 2413 2531 2469 vicesies
2560 2415 2747 2469 novies
2771 2413 2874 2468 hoc
2905 2415 3124 2469 verbum
3144 2413 3287 2482 δυρή
3315 2416 3561 2468 eumdem
3586 2428 3712 2467 sen-

2148 2523 2269 2563 sum
2290 2507 2599 2577 exprimens
2622 2505 2893 2560 invenitur
2922 2508 2976 2560 in
3017 2505 3193 2561 Veteri
3223 2506 3575 2562 Testamento
3600 2505 3708 2561 Ile-

2149 2601 2356 2656 braico.
2388 2609 2442 2654 et
2470 2600 2592 2670 plus
2646 2615 2805 2669 quam
2858 2600 3102 2655 tricesies
3133 2602 3187 2655 in
3246 2600 3467 2671 Syriaco
3500 2598 3709 2655 Novum

2150 2690 2555 2747 Testamentum
2589 2692 2998 2760 complectente.
3024 2689 3219 2745 Santes
3238 2690 3513 2760 Pagninus
3538 2690 3589 2744 in
3611 2706 3711 2746 sua

2150 2783 2400 2837 versione
2435 2780 2622 2835 Latina
2671 2782 2890 2837 Iitterali
2935 2798 3148 2852 semper
3181 2789 3469 2837 conservat
3515 2798 3711 2839 nomen

2152 2873 2504 2945 primitivum,
2532 2890 2597 2930 ac
2624 2873 2786 2929 vertit
2812 2893 2825 2927 :
2858 2872 3009 2927 Mare
3038 2873 3201 2943 Suph.

2221 2966 2555 3021 Existimavit
2581 2975 2801 3020 sanctus
2829 2964 3187 3036 Hieronymus
3208 2967 3373 3020 verbo
3397 2964 3527 3034 cupit
3546 2964 3713 3036 signi-

2152 3059 2299 3114 ficari
2323 3058 2558 3111 rubrum.
2584 3056 2755 3111 Graaci
2784 3058 2924 3112 idem
2949 3073 3097 3112 mare
3122 3056 3459 3127 Erythrarum
3492 3064 3708 3119 vocant,

483 3173 573 3219 cat
617 3164 859 3235 Moysen,
912 3167 1087 3218 virum
1142 3174 1251 3218 tam
1308 3165 1646 3233 prudentem,
1705 3162 2047 3218 consensisse

2149 3151 2292 3220 quod
2321 3152 2481 3204 etiam
2506 3148 2722 3202 rubrum
2744 3157 2921 3204 sonat.
2954 3148 3058 3203 Sed
3089 3149 3307 3218 quidam
3332 3150 3419 3204 isti
3448 3148 3583 3201 mari
3606 3148 3709 3201 hoc

482 3261 544 3307 ut
574 3253 883 3322 promiscue
923 3261 1174 3308 sexcenta
1212 3253 1379 3307 millia
1426 3253 1665 3308 virorum
1716 3260 2045 3306 armatorum

482 3346 843 3415 procederent
897 3359 1023 3398 cum
1072 3346 1245 3400 multo
1306 3344 1573 3415 superiori
1648 3359 1873 3400 numero
1928 3360 2047 3399 mu-

484 3437 723 3501 lierum,
779 3437 1083 3506 puellarum
1140 3445 1195 3492 et
1253 3436 1570 3493 infantium!
1624 3436 1757 3504 Quis
1812 3453 2047 3507 unquam

484 3528 650 3582 talem
679 3527 1053 3583 confusionem
1108 3528 1397 3584 admissam
1429 3528 1598 3585 fuisse
1642 3528 1929 3600 imaginari
1960 3544 2050 3582 au-

485 3619 667 3674 debit?

559 3710 707 3767 Hane
731 3727 860 3767 vero
882 3711 1373 3768 considerationem
1399 3714 1706 3777 adnotator,
1738 3715 1892 3784 quasi
1916 3731 2050 3785 puer

486 3804 821 3875 inexpertus,
855 3806 1040 3862 forsan
1096 3813 1275 3863 mente
1333 3808 1600 3863 revolvit:
1663 3806 1812 3862 Unde
1862 3806 2050 3861 didicit

488 3906 713 3953 sanctus
736 3898 986 3954 Clemens
1016 3900 1157 3954 hanc
1188 3898 1379 3953 factam
1434 3898 1605 3955 fuisse
1655 3899 2047 3971 separationem

489 3990 556 4045 de
576 4006 680 4060 qua
706 3989 985 4060 Scriptura
1010 4006 1116 4046 non
1147 3992 1424 4063 loquitur?

560 4082 717 4138 Nulla
746 4083 876 4137 mihi
937 4082 1180 4153 profecto
1232 4084 1514 4140 dillicultas
1560 4091 1705 4141 esset
1731 4084 2049 4142 admittendi

489 4182 745 4230 sanctum
777 4174 1109 4231 Clementem
1139 4190 1169 4229 a
1194 4176 1484 4232 traditione
1502 4174 1831 4242 Judzeorum,
1856 4178 1958 4233 hac
1984 4180 2051 4235 de

488 4267 919 4333 circumstantia,
944 4265 1115 4323 fuisse
1142 4267 1416 4325 edoctum.

562 4356 669 4413 Sed
704 4359 852 4412 nulla
882 4359 1042 4414 nobis
1087 4367 1170 4415 est
1220 4361 1528 4418 traditionis
1559 4379 1668 4418 non
1715 4364 1930 4436 scripta:
1958 4382 2051 4421 ne-

488 4450 738 4513 cessitas,
794 4451 1011 4520 quando
1067 4452 1516 4522 atquivalentibus
1569 4456 1749 4511 verbis
1800 4457 1940 4513 hanc
1969 4460 2047 4512 vi-

486 4554 673 4593 rorum
712 4554 776 4593 ac
800 4542 1087 4597 mulierum
1118 4545 1514 4614 separationem
1542 4544 1751 4617 Moyses
1771 4551 2044 4620 exprimit.

558 4630 845 4688 Enimvero
868 4635 947 4689 sic
974 4635 1168 4706 legitur
1214 4637 1267 4690 in
1311 4639 1487 4708 capite
1516 4654 1589 4692 xu
1622 4638 1811 4706 Exodi,
1845 4658 1898 4697 v.
1936 4643 2042 4697 37:

490 4723 723 4786 Profecti
777 4735 900 4779 sunt
948 4727 1050 4796 ﬁlii
1100 4726 1272 4782 Israel
1307 4729 1371 4784 de
1426 4728 1671 4786 Ramesse
1728 4732 1783 4785 in
1834 4732 2048 4799 Socoth,

488 4825 734 4870 sexcenta
763 4816 868 4885 fere.
904 4817 1075 4871 millia
1117 4818 1348 4889 peditum
1391 4822 1641 4887 virorum,
1691 4823 1881 4895 absque
1925 4840 2049 4893 par—

486 4908 642 4961 vulis.
691 4906 788 4961 Hic
818 4908 919 4962 soli
951 4909 1077 4972 viri,
1113 4911 1267 4980 quasi
1322 4913 1642 4983 emphatice,
1674 4913 2044 4985 designantur.

486 4997 674 5066 Capite
702 5011 770 5052 xv
798 4997 1109 5066 expressius
1161 4999 1405 5054 innuitur
1441 5002 1729 5072 separatio.
1762 5004 2045 5060 Canticum

487 5090 631 5142 enim
662 5088 876 5160 Moyses
905 5104 1029 5143 cum
1084 5089 1217 5144 viris
1244 5092 1502 5148 concinit.
1531 5093 1730 5150 Deinde
1760 5097 2043 5167 egrediun-

487 5187 577 5232 tur
605 5180 861 5236 mulieres
885 5221 901 5245 ,
942 5189 996 5236 et
1044 5182 1177 5253 ipsa:
1205 5182 1323 5237 vice
1369 5199 1468 5239 sua
1521 5185 1572 5240 id
1602 5189 1873 5243 canticum
1920 5204 2045 5244 cum

487 5273 656 5328 Maria
686 5273 887 5345 Moysis
931 5282 985 5330 et
1013 5273 1244 5331 Aaronis
1274 5291 1480 5343 sorore,
1512 5280 1779 5336 recinunt.

556 5363 712 5420 Philo
733 5363 973 5430 Iudaeus,
998 5376 1190 5423 sancto
1216 5367 1480 5425 Clementi
1520 5381 1846 5437 coaetaneus,
1905 5376 2047 5430 hanc

484 5458 879 5525 scparationem
904 5459 1051 5514 clare
1076 5460 1350 5530 exprimit.
1398 5459 1687 5533 Postquam
1714 5466 1856 5520 enim
1882 5466 2050 5539 Egy-

488 5549 723 5618 ptiorum
754 5552 997 5606 narravit
1027 5552 1276 5617 ruinam,
1322 5553 1509 5610 addit:
1568 5575 1586 5607 ‹
1618 5556 1839 5613 Factum
1899 5560 2043 5616 istud

488 5642 678 5713 ingens
698 5651 752 5697 et
775 5644 1098 5715 stupendum
1130 5645 1336 5701 Ilebraai
1365 5647 1569 5716 mirati,
1589 5651 1731 5722 quod
1764 5652 1882 5708 sine
1902 5668 2033 5709 san-

560 5796 602 5825 "
640 5793 795 5849 Philo
824 5796 897 5850 Dc
927 5797 1032 5851 vita
1066 5797 1296 5869 Moysis,
1332 5800 1421 5855 lib.
1458 5818 1495 5855 ι.

2150 3258 2345 3297 nomen
2377 3242 2561 3297 datum
2592 3249 2878 3295 autumant
2905 3257 2935 3295 a
2970 3258 3095 3312 rege
3128 3242 3359 3312 Erythro
3389 3241 3482 3312 qui
3510 3255 3706 3311 regna-

2148 3338 2224 3389 vit
2253 3335 2307 3388 in
2340 3335 2519 3389 insula
2549 3334 2713 3403 hujus
2742 3336 2909 3389 maris
2936 3334 3181 3389 finitima.

2218 3426 2322 3493 Qui
2350 3427 2573 3482 uberius
2594 3426 2756 3496 hujus
2773 3427 3021 3482 vocabuli
3045 3425 3488 3497 significationem
3513 3423 3711 3479 callere

2149 3520 2395 3588 cupiunt,
2420 3518 2799 3573 doctissimum
2841 3519 3038 3573 adeant
3091 3517 3346 3573 Drusium
3390 3514 3706 3588 (Comment.

2148 3612 2203 3663 in
2242 3609 2412 3666 Exod.
2439 3649 2456 3676 ,
2484 3625 2537 3665 c.
2577 3609 2691 3683 26).

2221 3701 2345 3757 Ihec
2375 3714 2502 3758 sunt
2535 3702 2646 3758 fere
2674 3718 2796 3773 qua:
2842 3717 2870 3755 a
2897 3702 3142 3773 pluribus
3184 3700 3341 3757 annis
3369 3700 3709 3772 scripsissem

2149 3794 2215 3849 de
2244 3796 2456 3851 duabus
2485 3797 2742 3867 Epistolis
2795 3796 2969 3850 sancti
3017 3795 3312 3850 Clementis
3343 3796 3409 3849 ad
3439 3794 3708 3865 Virgines,

2147 3887 2254 3941 nisi
2286 3890 2481 3958 partim
2512 3890 2773 3959 temporis
2806 3888 3081 3958 angustia,
3114 3888 3311 3957 partim
3336 3888 3538 3942 laboris
3581 3884 3713 3940 ditii-

2149 3981 2323 4034 ctrltas
2350 3981 2616 4035 voluntati
2643 3996 2774 4036 meae
2796 3982 2978 4035 obices
3000 3981 3330 4051 posuissent.

2220 4071 2330 4127 llas
2364 4072 2635 4143 Epistolas
2675 4072 2982 4128 firmissime
3004 4074 3168 4127 credo
3194 4089 3314 4127 esse
3342 4072 3705 4135 anthenticas,

2150 4166 2498 4234 quantumvis
2546 4166 2888 4221 amarissime
2922 4167 3088 4222 feram
3136 4169 3376 4222 nondum
3426 4167 3707 4235 hucusque

2149 4267 2423 4329 repertum
2451 4258 2621 4314 fuisse
2643 4259 3021 4330 primigenium
3054 4266 3283 4315 textum.
3316 4257 3372 4313 Si
3400 4257 3708 4313 inveniatur

2150 4352 2545 4422 tandem,quod
2569 4352 2978 4408 instantissimis
3005 4354 3257 4424 precibus
3280 4369 3309 4405 a
3336 4351 3441 4406 Deo
3468 4349 3703 4421 postulo,

2150 4444 2404 4499 omnibus
2426 4444 2729 4499 iunotescet
2756 4460 2916 4502 verus
2945 4446 3117 4500 sancti
3168 4444 3438 4517 pOIIlIﬁCIS
3487 4457 3704 4505 sensus,

2151 4542 2244 4608 qui
2279 4558 2375 4611 per
2400 4542 2765 4598 traductorem
2798 4543 3082 4615 Syriacum
3108 4544 3287 4599 vitiari
3314 4543 3505 4612 potuit.
3536 4541 3708 4612 Spero

2149 4642 2332 4689 tamen
2380 4635 2741 4690 traductionis
2784 4638 2912 4691 vitia
2959 4653 2989 4690 a
3034 4654 3118 4693 me
3155 4653 3264 4691 non
3290 4635 3448 4689 modo
3478 4626 3709 4689 adaucta

2150 4743 2259 4782 non
2288 4726 2476 4792 fuisse,
2513 4728 2605 4783 sed
2629 4728 2781 4783 valde
2808 4730 3110 4784 imminuta.

2223 4817 2358 4872 Mira
2386 4818 2490 4873 fuit
2522 4835 2642 4875 sors
2699 4820 3026 4889 scriptorum
3083 4821 3258 4876 sancti
3313 4816 3628 4875 Clementis.
3662 4815 3710 4869 Λ

2149 4910 2312 4965 Junio
2338 4910 2576 4965 Patricio
2603 4910 2901 4981 Anglicano
2931 4913 3149 4966 inventa
3183 4919 3267 4966 est
3298 4911 3417 4978 ejus
3464 4908 3704 4979 Epistola

2150 5000 2217 5053 ad
2241 5000 2557 5056 Corinthios
2588 5001 2826 5071 scripta;
2882 5017 2910 5054 a
2947 5001 3216 5058 Wetstino
3249 5018 3356 5056 non
3386 5000 3570 5055 minus
3605 4998 3708 5053 Ec-

2146 5094 2324 5149 clesiae
2339 5094 2594 5149 Romanae
2614 5092 2827 5148 infenso
2855 5094 3083 5149 inventae
3112 5102 3238 5149 sunt
3266 5094 3437 5149 ambae
3464 5092 3706 5163 ejusdem

2149 5189 2324 5244 sancti
2347 5189 2642 5244 Clementis
2671 5187 2738 5241 ad
2763 5185 3011 5258 Virgines
3030 5185 3303 5259 Epistolae.

2215 5278 2364 5339 Notae
2396 5282 2619 5337 Patricii
2675 5281 2732 5336 in
2781 5279 3077 5351 Epistolam
3141 5296 3305 5352 quam
3361 5278 3565 5335 invenit
3616 5277 3686 5332 vi.

2149 5364 2502 5431 dissidentem
2534 5375 2809 5431 hominem
2837 5374 3116 5446 detegunt.
3149 5374 3537 5444 Prolegomena
3554 5368 3706 5424 Wet-

2149 5468 2301 5533 stini,
2339 5467 2554 5522 duobus
2582 5466 2717 5523 locis
2742 5468 2984 5537 exceptis
3025 5465 3082 5520 in
3112 5465 3310 5536 quibus
3332 5462 3515 5519 odium
3543 5474 3702 5518 suum

2146 5573 2273 5627 erga
2303 5556 2602 5611 Romanam
2647 5556 2946 5613 Ecclesiam
2975 5558 3168 5624 exerit,
3194 5556 3503 5615 testimonia
3543 5552 3703 5609 exhi-

2147 5651 2273 5706 bent
2297 5650 2626 5707 sinceritatis
2647 5663 2711 5704 ac
2738 5651 3003 5709 veritatis.
