4090 6250
379 392 485 446 377

1305 391 1662 449 EPISTOLA‘:
1697 388 1788 443 AD
1826 386 2161 447 VlRGlNES.
2199 423 2264 437 -
2287 396 2662 453 ΡΒΟωΜιΑ.

3501 409 3602 464 578

451 509 704 565 Permisit
739 508 882 566 Deus
908 511 1023 566 haec
1053 519 1402 566 monumenta
1429 528 1459 565 a
1482 512 1616 566 viris
1659 510 1774 566 sedi
1807 523 1939 578 apo-
1965 507 2014 564 Δ
2107 509 2224 566 Νοη
2253 517 2733 572 nocebitinventor
2757 518 2848 587 qui
2881 531 3025 574 certe
3054 532 3460 578 monumentum
3488 525 3602 593 ipse

377 605 589 660 stolicae
632 603 921 659 hostilibus
946 604 1121 674 detegi
1151 612 1204 658 et
1227 605 1514 676 publicari,
1545 613 1604 658 ut
1631 621 1660 658 a
1690 605 1940 661 sectariis

377 697 563 750 minus
611 695 1094 765 impugnarentur,
1155 706 1250 750 aut
1306 696 1455 752 fraus
1489 696 1786 752 Catholicis
1829 711 1938 750 non

379 788 761 857 imputaretur.
796 786 957 840 Siluit
1005 789 1332 857 generaliter
1362 789 1581 844 haeresis
1613 790 1679 843 de
1708 791 1939 860 epistola

375 896 407 933 a
436 880 596 934 Junio
625 879 860 935 Patricio
901 881 1157 935 inventa:
1214 882 1522 951 nullusque,
1556 884 1699 953 quod
1742 886 1935 947 sciam,

375 983 605 1028 novator
627 975 791 1044 hujus
821 976 1289 1032 authenticitatem
1340 993 1628 1050 aggressus
1658 985 1742 1032 est
1774 998 1788 1033 :
1845 979 1937 1032 vix

376 1068 542 1128 enim,
579 1068 633 1120 in
662 1068 763 1122 hac
790 1067 1051 1138 Epistula,
1074 1079 1298 1124 sanctus
1327 1069 1575 1126 Pontifex
1605 1071 1937 1127 delibaverat

375 1158 628 1214 veritates
657 1160 850 1214 haeresi
883 1160 1128 1216 odiosas.
1178 1161 1297 1215 Dixi
1330 1163 1421 1215 vix
1447 1162 1781 1218 delibaverat
1807 1163 1935 1231 quia

375 1268 478 1307 non
510 1255 758 1309 absolute
782 1256 848 1309 de
876 1256 959 1310 his
988 1257 1240 1311 omnibus
1270 1263 1538 1320 tacuerat,
1579 1264 1638 1311 ut
1665 1256 1776 1326 jam
1807 1258 1934 1311 alibi

374 1351 619 1397 notatum
655 1352 757 1400 est.
792 1344 972 1415 Longe
1001 1346 1158 1400 aliter
1187 1362 1246 1401 se
1286 1362 1373 1401 res
1405 1347 1593 1400 habuit
1631 1348 1684 1401 in
1730 1348 1935 1417 episto-

374 1439 438 1495 lis
470 1440 538 1495 de
569 1440 876 1510 virginitate
906 1441 1266 1496 tractantibus
1296 1461 1309 1496 :
1359 1440 1730 1498 Protestantes
1787 1444 1932 1498 enim

371 1533 698 1602 virginitatis
724 1547 930 1597 osores,
969 1533 1126 1602 quasi
1174 1533 1418 1586 unanimi
1467 1550 1597 1588 voce
1625 1542 1814 1588 contra
1836 1550 1931 1589 au-

374 1627 762 1680 thenticitatcm
787 1642 970 1680 earum
1023 1626 1454 1683 insurrexerunt.
1487 1627 1597 1683 Nec
1642 1630 1929 1699 quisquam

372 1717 500 1771 inde
529 1718 711 1771 mirari
744 1718 902 1772 debet
935 1736 946 1772 :
1000 1735 1018 1768 ι
1052 1716 1252 1772 Omnes
1283 1733 1515 1789 namque
1535 1730 1783 1788 quaerunt
1815 1723 1930 1791 pla-

372 1811 582 1876 centia;
633 1825 818 1865 omnes
863 1825 925 1864 ea
972 1809 1162 1865 audire
1214 1813 1451 1880 gestiunt
1504 1830 1623 1883 quae
1688 1815 1928 1870 habenas

370 1902 520 1957 carni
553 1902 748 1964 laxent,
780 1917 888 1955 non
918 1918 1035 1971 quae
1065 1901 1324 1958 inducant
1368 1907 1714 1961 conscientiae
1737 1917 1921 1963 custo-

371 1994 580 2048 dienda:
610 1995 869 2058 studium,
920 1994 1198 2064 religionis
1245 2011 1454 2060 curam,
1497 1997 1926 2054 Christianorum

371 2101 583 2140 morum
654 2085 888 2155 pondus.
937 2104 955 2136 ι
1037 2084 1159 2140 Haec
1236 2085 1495 2144 Wicelius
1573 2088 1765 2145 Senior
1834 2093 1927 2162 qui

369 2178 570 2247 Optime
600 2186 821 2233 noverat
853 2186 1054 2232 sectam
1086 2194 1204 2248 quae
1229 2180 1514 2235 seduxerat
1539 2182 1689 2236 illum
1719 2183 1784 2238 ⁸³.

438 2270 596 2325 Certe
644 2272 689 2325 si
742 2271 1137 2342 qualiscunque
1182 2273 1428 2342 epistola,
1479 2275 1698 2329 nomine
1755 2277 1927 2332 sancti

370 2359 662 2416 Clementis
697 2363 972 2431 insignita,
1006 2372 1217 2432 reperta
1249 2362 1461 2427 fuisset,
1489 2365 1647 2432 cujus
1672 2365 1928 2436 interpre-

372 2454 502 2508 tatio
532 2472 752 2510 sensum
791 2456 1116 2526 prtebuisset
1143 2456 1410 2512 etelibatui
1463 2457 1755 2522 infensum,
1781 2459 1925 2513 mille

371 2543 746 2599 huccinatores
777 2545 1208 2611 adlaborassent,
1239 2547 1378 2602 inter
1403 2548 1686 2610 sectarios,
1719 2555 1778 2600 ut
1805 2563 1923 2602 eam

370 2639 890 2706 superextollerent,
954 2639 1184 2711 ejusque
1240 2640 1701 2696 authenticitatem
1774 2658 1925 2702 asse-

370 2736 570 2784 rerent.

461 2820 514 2874 ld
578 2822 791 2877 abunde
846 2824 1039 2893 probat
1087 2825 1456 2881 testimonium
1530 2828 1673 2898 quod
1733 2837 1922 2884 sancto

368 2914 678 2986 Paphnucio
726 2917 978 2974 Socrates
1025 2926 1133 2972 tam
1165 2918 1497 2974 mendaciter
1521 2921 1770 2990 imputat,
1801 2930 1920 2976 tan-

371 3026 533 3077 quam
590 3012 643 3064 in
688 3013 806 3082 ipso
840 3013 1072 3067 concilio
1099 3011 1318 3068 Nicaeno
1350 3014 1638 3084 prolatum,
1670 3017 1924 3088 quodque

371 3119 516 3157 nunc
556 3112 633 3157 tot
681 3106 1091 3174 probationibus
1133 3106 1328 3163 falsum
1361 3109 1786 3164 demonstratum
1816 3118 1920 3165 est.

2039 621 2146 660 non
2178 607 2378 660 struxit
2427 615 2570 677 quod
2623 619 2700 663 tot
2754 619 2879 666 ante
2939 611 3087 665 illum
3143 615 3355 670 saeculis
3404 620 3602 672 existe-

2040 698 2153 758 bat.
2205 700 2348 754 sicut
2397 701 2575 757 adhuc
2623 705 2830 772 existit,
2891 706 3231 775 antiquitatis
3279 723 3390 762 sua:
3447 711 3601 780 signa

2038 789 2348 858 prmferens.
2409 791 2521 848 lmo
2575 811 2682 865 quo
2736 796 2908 865 magis
2948 807 3212 867 suspectae.
3259 799 3378 854 lidei
3414 801 3601 855 inven-

2040 890 2123 934 tor
2199 884 2554 952 probabitur,
2636 905 2700 942 eo
2769 890 2972 944 clarius
3046 890 3244 959 patebit
3321 892 3598 946 inimicum

2037 974 2349 1043 dogmatum
2405 979 2852 1044 orthodoxorum,
2907 998 3014 1036 non
3063 993 3254 1050 sponte
3302 983 3356 1037 in
3409 1001 3597 1039 eorum

2037 1063 2275 1120 favorem
2325 1075 2432 1120 tam
2491 1071 2832 1139 splendidum
2867 1075 3155 1142 protulisse
3200 1075 3594 1134 fulcimentum.

2033 1153 2145 1208 Nec
2177 1156 2308 1210 illud
2337 1159 2582 1214 exhibuit
2624 1162 2741 1217 sine
2771 1163 3033 1219 conviciis
3085 1165 3139 1219 in
3167 1166 3464 1224 Ecclesiam
3490 1171 3596 1225 sibi

2035 1262 2286 1302 lllVlsaﬂl.

2103 1340 2409 1394 Aduotator
2464 1342 2828 1412 Epistolarum
2876 1346 3274 1402 authenticitati
3338 1366 3445 1404 non
3495 1366 3594 1406 no-

2033 1443 2135 1488 cet.
2190 1435 2427 1500 Quilibet
2475 1437 2643 1490 lector
2683 1439 2955 1494 testimare
3008 1441 3183 1510 potuit
3211 1442 3448 1497 valorem
3497 1445 3598 1498 ob-

2028 1527 2383 1597 jectationum
2425 1529 2591 1590 illius.
2625 1545 2687 1584 ac
2719 1540 3001 1600 penetrare
3055 1535 3292 1589 animum
3343 1536 3595 1594 hostilem

2032 1638 2140 1690 quo
2188 1623 2546 1678 movebatur:
2605 1623 2728 1677 Non
2775 1627 2910 1678 enim
2964 1643 3052 1678 cor
3107 1629 3217 1695 ejus
3260 1639 3372 1682 erat
3398 1641 3594 1684 rectum

2032 1730 2210 1767 coram
2263 1713 2481 1769 Domino
2535 1715 2602 1780 κδ,
2661 1732 2784 1771 cum
2814 1728 2959 1772 esset
3000 1736 3212 1774 vesana:
3241 1722 3598 1794 philosophiae

1957 1843 2006 1903 Β
2035 1806 2151 1860 labe
2182 1805 2458 1863 infectum.

2102 1896 2339 1952 Tandem
2373 1900 2699 1955 inventionis
2759 1909 2890 1956 tetas
2929 1901 3019 1956 vix
3070 1918 3317 1971 campum
3365 1905 3592 1961 liberum

1995 1990 2369 2060 .relinquebat
2401 2007 2541 2045 vera:
2572 1993 2864 2046 eruditioni
2894 2013 2905 2047 :
2938 1994 3100 2063 hujus
3122 1997 3262 2048 enim
3291 1999 3463 2051 :etatis
3481 1998 3599 2068 phi-

2027 2081 2271 2152 losophia
2303 2083 2540 2152 undique
2577 2086 2762 2140 sannis
2798 2101 2860 2140 ac
2890 2086 3133 2141 dicteriis
3161 2087 3416 2142 veritates
3433 2090 3595 2142 etiam

2027 2175 2401 2241 apertissimas
2463 2177 2721 2230 audacter
2785 2178 3230 2247 persequebatur.
3285 2177 3411 2233 Ideo
3469 2196 3595 2232 con-

2025 2279 2228 2316 versum
2257 2275 2332 2318 est
2363 2275 2650 2320 retrorsum
2672 2268 2956 2336 judicium,
2987 2283 3034 2322 et
3056 2270 3272 2338 justitia
3305 2271 3451 2340 longe
3487 2280 3595 2324 ste-

2029 2357 2089 2408 tit
2110 2365 2158 2409 et
2189 2360 2384 2411 corruit
2412 2360 2465 2412 in
2506 2360 2684 2428 platea
2713 2363 2905 2414 veritas
2952 2371 2999 2415 et
3049 2364 3267 2430 wquitas
3297 2380 3398 2418 non
3425 2365 3592 2433 potuit

2027 2448 2226 2517 ingredi
2256 2451 2322 2507 “.

2100 2539 2269 2597 llodie
2297 2560 2425 2598 vero
2466 2544 2705 2602 Ecclesia
2760 2556 2933 2603 mater
2977 2549 3151 2619 longis
3181 2550 3391 2620 expleta
3437 2548 3594 2603 fasti-

2024 2625 2129 2690 diis
2158 2643 2560 2707 contemptores
2613 2653 2742 2694 suos
2792 2644 3123 2710 contemptui
3165 2643 3393 2696 traditos
3425 2643 3592 2694 intue-

2026 2737 2133 2784 tur.
2169 2728 2278 2796 Ipsi
2301 2729 2414 2800 jam
2447 2731 2719 2784 comedunt
2757 2730 2957 2799 {ructus
2988 2735 3082 2786 via:
3119 2752 3228 2788 sum
3251 2747 3298 2789 et
3330 2734 3440 2788 suis
3471 2748 3595 2785 con-

2025 2821 2162 2874 siliis
2214 2831 2526 2874 saturantur
2549 2822 2614 2877 “.
2678 2823 2732 2876 Si
2781 2825 3026 2892 quaedam
3076 2826 3253 2879 adhuc
3313 2835 3595 2881 remanent

2025 2911 2217 2979 priscae
2241 2912 2445 2967 fraudis
2470 2919 2787 2974 sectatores.
2821 2917 2965 2966 ultra
3009 2931 3110 2967 non
3159 2915 3431 2984 proﬁcient
3465 2931 3483 2968 :
3510 2916 3596 2970 in-

2027 3006 2272 3075 sipientia
2295 3006 2431 3060 enim
2460 3023 2640 3060 eorum
2673 3005 2954 3074 manifesta
2983 3007 3080 3059 erit
3111 3006 3178 3060 ⁸⁷.

2100 3097 2166 3150 Et
2195 3114 2362 3162 nunc,
2400 3098 2581 3152 divine
2637 3098 2906 3160 Clemens,
2939 3113 3190 3167 exsurge,
3242 3105 3293 3152 et
3320 3098 3476 3168 quasi
3524 3097 3593 3152 de

435 3192 545 3249 Nec
579 3197 783 3265 negabo
808 3198 911 3249 tria
966 3201 1329 3264 concurrisse,
1377 3216 1483 3254 non
1528 3209 1585 3254 ut
1607 3174 1994 3271 pessumda.c
2029 3192 2270 3246 tenebris
2296 3207 2540 3261 erumpe.
2576 3190 2743 3246 Sonet
2773 3199 2967 3245 Iterum
2998 3207 3100 3245 vox
3134 3202 3224 3247 tua
3265 3192 3442 3248 dulcis
3471 3209 3593 3262 quae

365 3295 534 3349 retur,
566 3289 661 3343 sed
695 3295 752 3342 ut
789 3288 1096 3344 differretur
1144 3291 1347 3360 agnitio
1377 3293 1806 3350 anthenticitatis
1831 3309 1926 3348 no-

365 3390 601 3434 strarum
634 3381 995 3450 Epistolarum
1024 3401 1037 3436 :
1071 3383 1246 3452 primo
1275 3386 1630 3450 inventorem,
1678 3388 1919 3442 secundo

364 3473 760 3542 adnotatorem,
796 3477 958 3531 tertio
987 3477 1314 3533 inventionis
1344 3487 1577 3535 aetatem.

438 3565 796 3630 lnventorem,
825 3569 914 3637 qui
939 3569 1079 3638 apud
1101 3586 1230 3624 suos
1247 3571 1409 3625 etiam
1442 3580 1707 3642 su5pectre
1736 3573 1924 3628 admo-

367 3655 498 3708 dum
549 3656 669 3710 fidei
703 3670 852 3726 erat;
887 3660 1280 3729 aduotatorem,
1315 3665 1405 3732 qui
1443 3679 1637 3719 nomen
1689 3664 1920 3719 habebat

368 3747 513 3802 inter
541 3749 712 3804 ultimi
740 3753 920 3807 saeculi
952 3754 1303 3825 philosophos
1333 3762 1383 3810 et
1425 3755 1477 3808 in
1501 3756 1776 3811 academia
1811 3756 1919 3810 Ro-

369 3841 710 3911 thomagensi
763 3853 823 3898 ut
877 3846 1156 3900 oraculum
1205 3847 1546 3902 audiebatur.
1591 3845 1920 3904 inventionis

365 3939 596 3999 :etatem,
616 3950 776 4004 quam
801 3952 990 3992 vocare
1007 3954 1287 4008 possemus
1319 3941 1714 4017 incredulitatis
1731 3957 1913 3998 teram.

367 4023 488 4079 llaec
534 4043 678 4082 nunc
722 4029 1000 4100 prodesse,
1049 4048 1159 4087 non
1222 4047 1422 4089 nocere
1471 4033 1670 4090 debent
1714 4035 1919 4106 judicio

366 4117 724 4175 eruditorum.

434 4451 475 4484 “
515 4452 688 4523 Epist.
718 4453 750 4509 8
777 4452 930 4525 Jun.,
968 4458 1124 4516 1555.
1200 4459 1245 4493 ⁵⁵
1281 4459 1426 4519 Psal.
1458 4479 1676 4533 Lxxvu,
1716 4466 1804 4522 '57.
1881 4467 1926 4498 "
1969 4465 2072 4525 lsa.
2105 4484 2226 4534 LII,
2261 4467 2321 4520 Η

2032 3287 2206 3355 prima
2240 3286 2566 3355 virginitatis
2590 3285 2700 3338 lilia
2738 3283 3085 3338 immaculato
3116 3293 3167 3340 et
3193 3286 3395 3339 intacto
3411 3285 3590 3353 splen-

2031 3381 2161 3435 dore
2196 3380 2324 3434 olim
2350 3381 2617 3436 adornare
2661 3381 2946 3451 gestiebat.
2980 3379 3055 3435 Te
3090 3380 3350 3450 perﬂante
3372 3379 3589 3433 hortum

2028 3468 2305 3533 Ecclesia},
2339 3471 2508 3525 fluant
2558 3480 2797 3526 aromata
2857 3473 3031 3536 illius;
3075 3471 3199 3525 novi
3251 3485 3465 3540 semper
3492 3485 3591 3539 ap-

2029 3570 2254 3630 pareant
2280 3562 2440 3617 llores
2472 3562 2526 3617 in
2555 3569 2700 3617 terra
2731 3570 2939 3617 nostra.
2997 3561 3118 3622 llos,
3157 3561 3316 3616 flores
3346 3567 3586 3630 protege,

2026 3671 2303 3724 nunquam
2333 3655 2617 3722 deficiant;
2674 3669 2951 3725 nunquam
3005 3660 3364 3709 marcescant.
3425 3651 3591 3707 Sacer

2025 3747 2290 3818 pontifex,
2339 3748 2492 3817 virgo
2539 3746 2817 3810 sacerdos,
2867 3747 3106 3801 cmlestis
3161 3760 3284 3799 rore
3329 3744 3590 3799 doctrina:

2025 3855 2186 3910 pasce
2217 3839 2480 3907 clericos;
2509 3854 2668 3909 pasce
2699 3837 3079 3908 presbyteros;
3113 3849 3274 3905 pasce
3305 3835 3584 3905 prtesules;

2025 3951 2190 4005 pasce
2219 3935 2482 3990 candidas
2513 3947 2744 4004 sponsas
2773 3931 2997 3994 Christi,
3055 3929 3138 3983 cui
3172 3944 3295 3983 cum
3344 3928 3502 3982 Patre
3530 3933 3586 3980 et

2027 4030 2232 4099 Spiritu
2265 4036 2456 4084 sancto
2485 4029 2555 4084 sit
2589 4027 2762 4083 honor
2807 4034 2860 4081 et
2907 4023 3076 4094 gloria
3107 4022 3160 4076 in
3193 4021 3390 4076 sazcula
3413 4035 3583 4077 saecu-

2025 4124 2220 4178 lorum.
2245 4123 2438 4180 Amen.

2424 4466 2470 4496 “
2506 4463 2667 4518 Prov.
2697 4478 2745 4526 ι,
2774 4459 2861 4514 51.
2938 4457 2981 4487 ⁸⁷
3019 4454 3064 4511 ll
3095 4454 3236 4511 Tim.
3270 4469 3333 4510 Ill
3355 4493 3372 4520 ,
3403 4453 3458 4511 9.
