4064 6256
330 388 442 452 461,
1518 389 1875 446 EPISTOLIE
1907 390 1935 443 ῐ

1979 388 2381 447 ECRETALES.
3479 375 3584 432 ιω

1915 510 1981 565 ll.

405 646 640 704 Ruﬁnus
686 647 900 717 praefat.
948 648 1007 703 in
1049 649 1300 717 vulgatos
1346 647 1778 710 Recoqnitionum
1818 646 2116 703 Clementis
2162 648 2334 702 libros
2377 646 2666 717 epistolam
2710 644 2994 717 istambis
3024 644 3183 717 libr_is
3218 643 3576 717 posteriorem

406 664 640 704 nuunus
724 664 900 705 restat.
951 665 1007 703 In
1049 664 1138 702 vui
1180 664 1300 703 atos
1346 664 1778 710 uecoqnmonum
1818 664 2116 703 Clementis
2165 664 2334 702 ueros
2377 664 2666 717 epistomm
2710 664 2873 700 tswm
2909 664 2994 701 ms
3027 664 3183 698 llDl‘lS
3218 664 3576 713 posteriorem

332 719 612 788 opinatur.
643 664 876 773 Pﬁotius
906 734 1033 774 vero
1058 664 1181 773 cori
1217 732 1326 772 cxn
1353 726 1406 771 et
1434 728 1587 777 cxnu.
1624 717 2023 788 dedicationem
2052 733 2177 774 esse
2204 718 2483 788 existimat
2511 716 2725 788 operis,
2759 716 2903 785 quod
2937 722 3094 788 actus
3122 714 3271 788 Petri
3306 723 3361 769 et
3388 715 3580 784 dispu-

337 785 574 845 tationes
610 804 737 842 cum
771 788 997 843 Simone
1027 804 1241 844 necnon
1273 788 1704 857 recognitionem
1733 786 2031 844 Clementis
2059 788 2288 857 ejusque
2319 787 2490 857 patris
2517 802 2581 841 ac
2613 785 2843 857 fratrum
2876 785 3377 857 complectebatur;
3413 792 3580 857 atque

335 859 499 927 hujus
542 860 835 915 sententia!
879 859 1180 915 subscribit
1222 854 1528 914 Cotelerius
1560 898 1576 921 ,
1624 859 1879 927 maxime
1902 875 2025 913 cum
2070 854 2137 913 ad
2186 854 2393 912 calcem
2426 858 2671 926 epistolae
2700 856 2943 927 ﬁngatur
2962 855 3215 927 Clemens
3239 855 3397 923 jussu
3430 854 3571 927 Petri

335 925 699 1000 adeacobum
728 931 945 1000 mittere
971 945 1112 1000 opus
1142 945 1266 984 cum
1297 929 1405 983 hac
1432 928 1813 1000 inscriptione,
1846 925 2402 1000 Clementispritome
2433 925 2873 1000 p’rwdication'um
2908 925 3056 979 Petri
3090 926 3153 1000 _in
3180 925 3579 1000 peregrinatio-

336 998 525 1063 nibus,
573 1000 712 1061 sive,
739 1010 797 1053 ut
840 996 1040 1070 Rufino
1071 1000 1245 1070 magis
1276 999 1480 1070 placuit
1501 1039 1515 1061 ,
1551 996 1895 1051 ltinerarium
1928 998 2092 1070 Petri.
2126 999 2245 1064 Quo
2274 997 2443 1057 dicto.
2488 998 2674 1070 statim
2708 998 2893 1070 subdit
2934 996 3459 1070 pseudo-Clemens,
3494 1003 3577 1047 at-

332 1084 438 1138 que
470 1070 762 1147 epistolam
792 1069 999 1124 claudit
1029 1070 1116 1124 bis
1147 1067 1333 1147 verbis
1356 1088 1370 1124 :
1403 1067 1665 1147 Caeterum
1693 1084 1948 1138 exponere
1975 1079 2037 1147 ut
2052 1069 2239 1147 jussus
2270 1084 2388 1147 sum
2416 1069 2670 1147 incipiam
2696 1084 2714 1130 ;
2761 1069 2959 1137 quibus
3009 1080 3142 1147 sane
3170 1067 3405 1147 ali-quod.
3436 1080 3576 1143 opus

334 1137 590 1207 proxime
631 1140 1056 1209 subsectlturum
1094 1140 1454 1209 promittitur.
1490 1137 1764 1194 Praeterea
1799 1153 1923 1192 cum
1953 1139 2199 1209 epistola:
2224 1139 2389 1207 hujus
2422 1138 2562 1201 fine,
2597 1145 2656 1192 ut
2685 1148 2961 1209 postrema
2980 1144 3123 1209 nota
3168 1137 3572 1209 indicabimus,

333 1206 445 1262 tam
476 1219 606 1280 apte
642 1206 880 1267 cohaeret
910 1206 1344 1280 Recognitionum
1368 1207 1670 1265 Clementis
1698 1206 2011 1276 exordium,
2044 1217 2105 1264 ut
2134 1223 2276 1280 Opus
2302 1206 2450 1265 istud
2481 1209 2570 1263 hic
2598 1208 2847 1280 promitti
2877 1207 3014 1262 nihil
3043 1222 3212 1277 prope
3235 1206 3571 1261 dubitemus.

1897 1371 1989 1429 Ill.

403 1506 570 1578 Unde”
596 1507 794 1578 conﬁci
838 1506 1191 1578 arbitramur,
1232 1518 1294 1562 ut
1339 1507 1584 1578 epistolae
1622 1508 1790 1577 hujus
1847 1522 1911 1561 ac
1959 1522 2084 1578 mox
2141 1506 2271 1578 dicti
2309 1504 2587 1560 Itinerarii
2612 1521 2777 1578 _unus
2821 1512 2886 1578 et_
2906 1503 3049 1578 idem
3084 1504 3155 1578 sit
3185 1518 3404 1573 parens.
3436 1502 3574 1578 Cum

330 1586 515 1633 autem
542 1576 886 1631 Itinerarium
926 1577 1057 1632 illud
1093 1578 1339 1633 Ecclesia
1372 1573 1594 1647 respuat
1628 1573 1880 1647 ut'nugis
1915 1592 1978 1629 ac
2007 1577 2207 1631 fabulis
2243 1582 2504 1631 refertum
2529 1617 2544 1635 .
2574 1575 2809 1646 ideoque
2847 1573 3048 1647 Gelasii
3089 1575 3319 1647 ejusque
3352 1576 3573 1629 concilii

325 1648 537 1716 judicio
566 1651 708 1701 inter
737 1648 1046 1717 apocrypha
1078 1649 1342 1717 rejectum
1377 1650 1448 1703 sit
1464 1644 1541 1712 λθ,
1589 1648 1780 1703 eodem
1805 1644 2018 1717 judicio
2050 1654 2104 1702 et
2130 1647 2197 1701 de
2228 1647 2333 1701 hac
2357 1647 2585 1717 epistola
2625 1644 2760 1717 quid
2808 1645 3233 1717 censendumsu
3255 1644 3570 1717 edocemur.

329 1720 475 1773 Idem
508 1734 728 1788 quoque
756 1715 1025 1787 judicium
1057 1715 1236 1773 firmat
1268 1719 1556 1773 manifesta
1588 1719 1734 1773 illius
1763 1734 1889 1773 cum
1924 1715 2281 1788 Clementinis
2310 1715 2550 1771 homiliis
2577 1715 2869 1773 consensio
2891 1755 2905 1779 ,
2938 1731 3100 1788 quam
3122 1715 3393 1788 Cotelerii
3424 1731 3573 1768 mar-

328 1785 606 1859 ginalilius
638 1785 795 1845 _noti's
837 1788 1008 1855 adjuti
1052 1789 1389 1857 exploratam
1436 1789 1748 1844 habuimus.
1794 1788 1983 1857 Neque
2022 1802 2155 1842 vero
2198 1786 2412 1859 inficias
2458 1788 2558 1841 ibit
2601 1788 2927 1858 quisquam,
2960 1786 3054 1854 qui
3083 1787 3252 1840 citata
3280 1785 3400 1838 loca
3442 1800 3570 1839 cum

326 1856 557 1929 epistola
590 1866 780 1915 nostra
805 1856 1141 1926 contulerit,
1174 1868 1471 1929 utrumque
1498 1874 1638 1930 opus
1666 1875 1731 1915 ex
1767 1856 1985 1914 oﬂicina
2017 1873 2124 1913 una
2151 1856 2441 1927 prodiisse.

1894 2014 1983 2069 IV.

398 2155 585 2212 Sensit
611 2155 775 2210 etiam
806 2154 1039 2210 Rufinus
1066 2152 1109 2187 ‘7
1140 2153 1193 2209 id
1225 2154 1467 2226 epistolae
1496 2154 1663 2226 hujus
1693 2156 1912 2211 veritati
1943 2154 2262 2226 adversari,
2298 2155 2445 2226 quod
2473 2154 2727 2210 Clemens
2757 2156 3005 2226 proxime
3028 2155 3189 2211 Petro
3213 2157 3553 2215 successisse

325 2228 381 2282 in
409 2241 473 2281 ea
505 2226 876 2296 praedicatur;
914 2241 978 2279 ac
1010 2226 1115 2280 sibi
1152 2224 1315 2294 objici
1356 2241 1465 2296 non
1505 2224 1846 2288 dissimulat,
1887 2225 2149 2296 quomodo
2187 2224 2507 2281 cum’Linus
2540 2236 2595 2279 et
2630 2224 2810 2281 Cletus
2850 2229 2906 2281 in
2937 2228 3068 2281 urbe
3097 2226 3266 2281 Roma
3296 2238 3418 2282 ante
3446 2228 3570 2284 Cle-

326 2295 551 2351 mentem
584 2296 722 2349 hunc
758 2296 954 2363 fuerint
982 2296 1242 2365 episcopi,
1280 2296 1392 2365 ipse
1419 2295 1660 2352 Clemens
1697 2296 1766 2350 ad
1792 2295 2058 2350 Jacobum
2094 2297 2359 2360 scribens,
2398 2296 2501 2349 sibi
2539 2296 2685 2350 dicat
2724 2314 2758 2350 a
2796 2298 2957 2351 Petro
2995 2297 3217 2352 docendi
3254 2298 3565 2353 cathedram

327 2368 601 2421 traditam.
639 2368 735 2421 Ille
754 2367 984 2438 quidem
1013 2366 1548 2438 respondet:_Cujus
1579 2368 1654 2438 rei
1685 2366 1819 2421 Itane
1855 2367 2149 2438 accepimus
2185 2383 2297 2420 esse
2319 2368 2625 2438 rationem,
2668 2368 2807 2436 quod
2846 2368 3012 2421 Linus
3052 2379 3100 2422 et
3137 2366 3315 2423 Cletus
3354 2370 3571 2438 fuerunt

324 2438 534 2505 quidem
572 2447 699 2491 ante
737 2436 1053 2492 Clementem
1092 2435 1323 2505 episcopi
1358 2435 1417 2490 in
1452 2436 1579 2491 urbe
1616 2435 1821 2503 Roma,
1870 2435 2277 2507 sed’superstite
2309 2436 2502 2501 Petro,
2539 2435 2777 2493 videlicet
2813 2448 2871 2492 ut
2912 2439 2994 2491 illi
3025 2435 3363 2507 episcopatus
3382 2457 3569 2494 curam

321 2519 597 2577 gererent,
630 2509 739 2576 ipse
770 2524 887 2562 vero
917 2508 1247 2575 apostolatus
1282 2508 1519 2577 impleret
1551 2508 1776 2577 oﬂicium
1798 2548 1812 2571 ,
1862 2506 2097 2577 indeque
2125 2507 2361 2571 factum,
2394 2517 2451 2561 ut
2491 2516 2541 2562 et
2582 2508 2668 2562 illi
2705 2520 2826 2563 ante
2862 2506 3204 2564 Clementem,
3225 2521 3568 2564 numerentur

321 2576 590 2647 episcopi,
620 2588 671 2632 et
701 2577 940 2633 Clemens
979 2586 1153 2631 tamen
1182 2587 1302 2647 post
1336 2576 1535 2630 obitum
1567 2576 1716 2631 Petri
1742 2577 1962 2647 docendi
1991 2576 2278 2647 susceperit
2308 2578 2504 2633 sedem.
2537 2578 2644 2633 Sed
2688 2580 2831 2635 hanc
2878 2581 3143 2636 rationem
3194 2581 3399 2634 nullam
3446 2596 3571 2637 esse

317 2646 429 2721 jam
444 2646 1279 2721 _demonstravimuscum_aliis
1307 2647 1600 2721 momentis
1623 2687 1640 2721 ι
1673 2655 1788 2702 tum
1816 2646 2196 2721 Romanorum
2226 2649 2546 2721 pontiﬁcum
2580 2651 2846 2721 catalogis
2871 2690 2885 2713 ,
2921 2667 3060 2721 quos
3093 2659 3378 2706 texuerunt
3427 2653 3571 2705 anti-

320 2715 413 2788 qui
442 2718 653 2792 Patres.
673 2719 747 2792 _In
780 2718 867 2792 his
895 2717 1093 2787 quippe
1122 2715 1292 2770 Linus
1321 2727 1375 2771 et
1403 2716 1590 2773 Cletus
1629 2715 1761 2773 ante
1804 2716 2140 2775 Clementem
2163 2757 2179 2785 ,
2227 2715 2335 2774 non
2379 2720 2558 2775 solum
2590 2726 2649 2774 ut
2681 2715 2914 2775 Romani
2938 2715 3225 2792 episcopi,
3255 2722 3350 2778 sed
3396 2723 3565 2777 etiam

319 2797 380 2843 ut
409 2789 649 2860 proximi
673 2788 824 2845 Petri
853 2802 1203 2845 successores
1231 2795 1607 2845 recensentur.

396 3057 507 3132 Sed
534 3068 586 3115 et
610 3059 741 3132 inde?
769 3066 919 3132 certa
949 3068 1004 3115 et
1028 3061 1309 3130 explorata
1338 3067 1422 3115 est
1449 3059 1693 3132 epistolae
1718 3060 1885 3129 hujus
1915 3060 2126 3117 falsitas
2147 3103 2163 3127 ,
2194 3061 2341 3132 quod
2365 3076 2485 3117 eam
2516 3060 2771 3117 Clemens
2799 3070 2923 3132 post
2957 3062 3267 3131 passionem
3301 3060 3457 3132 Petri
3480 3064 3560 3132 ad

318 3129 584 3202 Iacobum
615 3131 861 3202 scribere
886 3129 1129 3202 fingitur,
1157 3146 1318 3202 quem
1352 3129 1730 3185 ante’Petrum
1764 3132 1969 3187 obiisse
1998 3129 2325 3202 indubitatis
2356 3132 2708 3187 monimentis
2755 3129 2940 3187 notum
2960 3129 3235 3187 'habctur.
3290 3131 3425 3187 Nam
3470 3131 3564 3186 ιιι.-

316 3201 547 3272 (ξριιιιηιη
567 3216 729 3272 anno;
750 3200 1100 3269 Christi'62,
1144 3200 1191 3272 ai
1216 3200 1421 3257 ludatis
1449 3202 1693 3272 occisum
1725 3217 1849 3258 esse
1875 3203 2130 3257 convenit
2157 3222 2169 3256 :
2200 3200 2419 3257 Petrum
2451 3212 2632 3256 autem
2662 3203 2829 3272 aliqui
2861 3217 3005 3256 anno
3053 3203 3122 3258 65
3144 3244 3158 3267 ,
3190 3204 3376 3272 plures
3418 3218 3564 3260 anno

316 3270 387 3343 66
409 3311 424 3334 ,
456 3270 552 3343 alii
584 3282 679 3343 aut
706 3270 777 3326 67
806 3280 900 3325 aut
928 3272 998 3327 68
1018 3313 1032 3336 ,
1066 3271 1200 3326 nulli
1232 3280 1517 3343 sanciaute
1546 3271 1901 3343 65,_passum
1932 3273 2269 3343 existimant.
2315 3272 2430 3326 Hac
2482 3270 2795 3328 difﬁcultate
2842 3282 3026 3343 motus
3069 3270 3366 3343 Herigerus
3418 3273 3564 3328 Leo~

317 3341 525 3415 biensis
573 3342 765 3415 abbas,
795 3343 886 3411 qui
916 3343 1134 3415 stimulo
1148 3358 1203 3396 χι
1235 3340 1499 3415 florebat,
1534 3340 1695 3415 apud:
1709 3351 1957 3415 nostrum
1990 3341 2146 3397 Edm.
2174 3343 2418 3415 Martene
2446 3343 2700 3415 Tliesaur.
2733 3342 2987 3415 Anecdot.
3015 3352 3148 3398 tom.
3179 3340 3236 3401 1⁷.
3261 3359 3393 3415 pag1
3416 3344 3522 3397 H7
3542 3385 3558 3406 ,

317 3410 381 3465 de
408 3412 649 3479 epistolis
700 3410 1050 3466 decretalibus
1099 3410 1289 3467 Jacobi
1331 3422 1379 3466 et
1434 3410 1718 3467 Clementis
1767 3414 1835 3466 ad
1874 3414 2190 3466 alterutrum
2220 3414 2397 3467 missis
2419 3453 2432 3471 .
2466 3414 2521 3468 in
2551 3414 2738 3482 quibus
2770 3416 2847 3468 ita
2876 3412 3115 3468 Clemens
3150 3416 3225 3467 ait
3262 3410 3519 3468 de'Petro
3544 3456 3560 3480 ,

316 3484 455 3534 sicut
474 3482 595 3550 jam
626 3498 815 3550 passo,
848 3484 1043 3553 (luserit
1074 3484 1348 3553 quomodo
1380 3482 1526 3537 istud
1557 3485 1812 3552 componi
1847 3484 2041 3553 possit.
2079 3483 2272 3553 Igitur,
2309 3483 2524 3553 inquit,
2560 3484 2715 3538 Petro
2740 3487 2936 3540 vivente
2967 3485 3307 3552 manifestum
3336 3495 3414 3538 est
3443 3501 3562 3538 eum

318 3568 421 3625 non
450 3554 738 3625 scripsisse
754 3568 772 3606 :
801 3563 850 3606 et
878 3552 1137 3625 {acobum
1168 3552 1423 3625 (tamen)
1456 3563 1572 3625 octo
1607 3553 1761 3606 annis
1794 3552 2138 3625 manifestum
2170 3564 2246 3625 est
2278 3552 2403 3608 ante
2430 3556 2733 3621 passionem
2764 3555 2912 3608 Petri
2937 3555 3241 3625 decessisse.
3274 3554 3404 3609 Post
3434 3571 3562 3623 pas-

314 3624 517 3695 sionem
550 3640 670 3676 vero
703 3623 851 3677 Petri
885 3623 1049 3677 Linus
1091 3622 1185 3678 χιι
1210 3622 1411 3695 annis,
1434 3634 1489 3695 et
1529 3624 1815 3695 Anacletus
1856 3624 1994 3693 (hoc
2031 3633 2115 3679 est
2154 3623 2375 3691 Cletus)
2419 3626 3047 3695 totidemicoopcratores
3085 3623 3367 3680 Clementis
3396 3665 3411 3685 ,
3438 3622 3441 3623 ⁷
3469 3627 3563 3694 qui

316 3692 476 3747 Petro
505 3710 621 3747 vere
646 3703 990 3757 successerat,
1024 3697 1287 3749 exstitere.
1323 3692 1494 3748 Multo
1531 3695 1702 3747 minus
1734 3692 1897 3763 igitur
1926 3696 2149 3748 istorum
2183 3705 2409 3762 tempore
2438 3696 2611 3762 potuit
2640 3692 2845 3750 Jacobo
2876 3696 3178 3751 rescribere.
3217 3696 3349 3749 Post
3378 3692 3562 3749 deces—

316 3780 582 3835 sumvero
618 3766 853 3832 ipsarum
883 3781 1001 3818 cum
1030 3765 1268 3820 Clemens
1297 3766 1441 3820 solus
1474 3781 1652 3819 novem
1681 3766 1836 3818 annis
1869 3764 2119 3835 Romanae
2144 3764 2450 3835 prazsideret
2493 3765 2766 3831 Ecclesiw,
2810 3768 2976 3820 multo
3009 3765 3180 3820 adhuc
3224 3767 3399 3819 minus
3444 3782 3562 3818 crev-

311 3834 545 3888 dendum
574 3845 652 3888 est
682 3836 913 3902 potuisse
939 3836 1218 3890 rescribere
1246 3834 1501 3904 completo
1531 3852 1563 3889 a
1590 3835 1832 3905 passione
1858 3834 2051 3905 Jacobi
2094 3852 2248 3889 χχχιι
2304 3853 2564 3889 annorum
2598 3848 2844 3905 tempore.
2878 3836 3089 3903 Quibus
3118 3837 3174 3890 in
3207 3836 3389 3891 verbis
3424 3836 3559 3890 illud

314 3905 873 3976 obiteraiotandum,
897 3907 1044 3976 quod
1077 3907 1123 3961 is
1154 3906 1390 3975 scriptor
1425 3907 1644 3960 tertium
1685 3904 1959 3975 quoddam
2001 3907 2149 3959 circa
2193 3908 2601 3962 successionem
2645 3904 2788 3961 beati
2832 3907 2974 3961 Petri
3014 3916 3257 3972 systema
3294 3907 3557 3975 explicat.

312 3972 448 4046 Nam
478 3974 813 4030 Clementem
843 3972 1007 4030 Petro
1040 3992 1165 4030 vere
1195 3972 1533 4046 successisse
1560 3992 1661 4046 pro
1685 3972 1836 4030 certo
1889 3977 2074 4039 habet,
2119 3992 2183 4030 ac
2235 3978 2596 4031 nihilominus
2646 3986 2770 4046 post
2813 3976 2960 4031 Petri
3002 3987 3231 4031 mortem
3274 3987 3328 4031 et
3356 3972 3555 4031 Linum

312 4045 603 4099 duodecim
653 4045 812 4116 annis
855 4054 910 4101 et
951 4045 1165 4101 Cletum
1195 4045 1424 4100 totidem
1469 4045 1769 4116 Romanam
1805 4045 2105 4102 Ecclesiam
2134 4046 2554 4102 administrasse
2586 4045 2694 4101 non
2725 4048 2965 4111 dubitat,
2997 4063 3104 4101 non
3134 4047 3354 4116 quidem
3387 4048 3554 4101 veluti

315 4130 672 4186 successores
702 4114 888 4180 Petri,
923 4116 1018 4171 sed
1051 4124 1311 4183 tanquam
1344 4126 1707 4185 cooperatores
1740 4115 2068 4179 Clementis;
2100 4118 2237 4172 adeo
2268 4126 2325 4171 ut
2352 4118 2606 4172 Clemens
2636 4127 2846 4172 tantum
2879 4134 3007 4172 xxxv
3039 4114 3199 4171 annis
3242 4125 3364 4186 post
3405 4133 3553 4169 tuor-

314 4192 422 4257 tem
456 4184 609 4240 Petri
640 4186 790 4241 solus
822 4186 1122 4241 Romanam
1156 4184 1458 4257 Ecclesiam
1514 4203 1701 4255 regere
1730 4187 1978 4255 coaperit.
2009 4185 2211 4255 Nempe
2247 4196 2367 4256 post
2402 4186 2656 4257 Rutilium
2688 4188 2885 4257 duplex
2921 4202 2981 4241 ea
3011 4187 3077 4241 de
3107 4184 3315 4257 renata
3346 4194 3553 4257 eratac

310 4256 474 4327 vulgo
502 4257 786 4311 obtinebat
816 4258 1003 4327 opinio
1022 4297 1035 4308 .
1068 4273 1231 4325 quam
1265 4256 1490 4310 Photius
1512 4257 1633 4311 cod.
1654 4267 1790 4327 cuin
1811 4264 2079 4310 memorat
2108 4257 2194 4312 his
2230 4255 2409 4327 verbis
2438 4276 2449 4310 :
2486 4255 2803 4311 Clementem
2834 4257 3117 4310 secundum
3147 4274 3177 4308 a
3210 4256 3370 4309 Petro
3400 4255 3549 4308 urbis

311 4323 492 4380 Roma:
522 4327 820 4395 episcopum
853 4323 1022 4397 fuisse
1051 4323 1268 4396 quidam
1299 4334 1612 4397 autumant,
1647 4326 1742 4378 alii
1773 4341 1893 4397 uero
1923 4336 2169 4394 quartum
2197 4342 2215 4390 ;
2248 4326 2440 4380 Linum
2479 4329 2618 4379 enim
2656 4338 2706 4380 et
2741 4326 3059 4381 Anacletum
3100 4329 3236 4379 inter
3274 4335 3552 4378 utrumaue

308 4399 581 4465 pontiﬁces
613 4395 985 4452 intercessisse.
1008 4395 1146 4451 Hinc
1172 4396 1419 4451 nonnulli
1443 4395 1740 4465 scriptores
1767 4395 1896 4448 dum
1930 4397 2094 4450 modo
2126 4412 2317 4458 unam,
2352 4397 2513 4449 modo
2544 4398 2769 4465 alteram
2802 4397 3210 4465 inconsiderate
3240 4402 3549 4464 sequuntur

309 4463 623 4536 opinionem
642 4508 655 4529 ,
681 4467 734 4521 in
763 4467 1109 4523 manifestam
1140 4469 1429 4523 verborum
1460 4463 1696 4535 pugnam
1726 4466 1990 4536 incidere,
2013 4467 2094 4519 uti
2126 4467 2314 4520 videre
2342 4473 2426 4519 est
2453 4466 2505 4518 in
2547 4463 2706 4515 Libro
2736 4464 3028 4534 pontiﬁcali
3048 4507 3061 4527 ,
3093 4467 3253 4533 cujus
3278 4463 3472 4517 auctor
3494 4465 3548 4517 in

307 4534 472 4607 Petro
500 4548 554 4592 et
585 4537 871 4592 Clemente
902 4538 1081 4607 ipsum
1111 4534 1789 4607 ClementemjprOximum
1823 4534 1971 4607 Petri
2002 4552 2380 4591 successorem
2415 4536 2545 4589 facit
2574 4553 2587 4599 ;
2633 4538 2686 4588 in
2720 4537 3071 4607 Linoautem
3107 4547 3159 4589 et
3190 4536 3373 4607 Cleto,
3412 4542 3549 4607 quot

308 4606 480 4662 Linus
508 4617 632 4678 post
662 4607 879 4663 Petrum
904 4605 1005 4668 {et
1035 4618 1169 4729 (Brut
1200 4607 1397 4662 deinde
1424 4605 1611 4661 Cletus
1644 4620 1818 4661 annos
1851 4606 2089 4666 sederit,
2120 4613 2390 4660 recenset.
2428 4607 2505 4659 Ita
2535 4615 2589 4660 et
2616 4606 2990 4677 martyrologii
3023 4607 3165 4729 ειὲιιό
3198 4605 3398 4660 Bedam
3434 4606 3549 4663 vul-

310 4680 418 4729 aati
447 4679 688 4729 scriptor
724 4678 790 4729 ad
825 4694 877 4729 Iv
905 4678 1024 4729 Kal.
1103 4678 1345 4729 ecembr.
1378 4677 1447 4729 de
1479 4676 1537 4729 S.
1566 4677 1849 4729 Clemente
1878 4676 1994 4729 haec
2029 4676 2193 4729 habet
2222 4696 2235 4729 :
2270 4675 2371 4728 llic
2400 4691 2464 4729 ex
2490 4686 2744 4729 urwceuto
2770 4677 2836 4729 B.
2868 4675 3016 4729 Petri
3094 4676 3293 4729 cclesiaz
3321 4676 3547 4729 suscepit

310 4680 418 4746 gati
447 4675 688 4748 scriptor
724 4678 790 4732 ad
825 4694 877 4731 Iv
905 4675 1345 4748 Kal.Decembr.
1378 4677 1447 4731 de
1479 4676 1537 4730 S.
1566 4677 1849 4748 Clemente
1878 4676 1994 4731 haec
2029 4676 2193 4748 habet
2222 4696 2236 4748 :_
2270 4675 2371 4728 llic
2400 4691 2466 4748 ea;
2489 4686 2744 4748 pra’cepto
2765 4675 2836 4730 Β.
2868 4675 3016 4748 Petri
3044 4675 3293 4748 Ecclesia:
3314 4676 3547 4748 suscepit

308 4745 701 4818 pontiﬁcatum.
732 4748 900 4802 Linus
931 4760 979 4803 et
1012 4747 1192 4803 Cletus
1222 4747 1338 4801 ideo
1372 4757 1492 4818 ante
1522 4764 1640 4800 eum
1669 4746 1993 4808 scribuntur,
2026 4747 2151 4818 quia
2184 4745 2247 4798 ab
2279 4748 2390 4814 ipso
2429 4745 2676 4818 Principe
2704 4746 3062 4818 apostolorum
3094 4747 3163 4801 ad
3190 4747 3546 4818 ministerium

308 4816 641 4889 sacerdotale
671 4820 904 4889 episcopi
931 4829 1054 4873 sunt
1080 4819 1335 4873 ordinati.
1371 4816 1625 4889 Proxime
1654 4824 1837 4889 tamen
1874 4816 2141 4889 anteaﬂde
2176 4818 2368 4889 eodem
2406 4817 2684 4889 praemittit
2714 4836 2726 4871 :
2764 4817 2866 4870 Hic
2905 4828 3127 4887 quartus
3166 4827 3282 4889 post
3325 4816 3545 4889 Petrum

307 4886 487 4943 Romae
514 4884 785 4959 episcopus
815 4884 1092 4944 ordinatus
1122 4898 1198 4942 est
1219 4930 1234 4956 ,
1266 4903 1367 4943 nec
1397 4887 1647 4941 meminit
1675 4886 1826 4959 quod
1849 4887 1919 4959 ad
1949 4903 1998 4939 γι
2033 4886 2152 4959 Ral.
2190 4887 2314 4959 Maii
2344 4884 2642 4959 Anaeletus
2668 4898 2887 4955 quartus
2917 4884 3039 4959 post
3088 4884 3419 4959 B.’Petru_m
3440 4884 3543 4938 Ec-

305 4956 765 5014 clesiam'rexisse
787 4960 879 5030 fab
926 4960 1054 5030 ipso
1087 4960 1266 5014 dictus
1307 4959 1486 5030 fuerat
1515 4976 1544 5030 εξ
1565 4965 1661 5011 aut
1686 4957 1829 5030 quod
1860 4958 1926 5012 ad
1952 4973 2005 5010 γι
2038 4957 2159 5011 Kal.
2189 4957 2505 5013 Decembris
2538 4959 2866 5030 pradicarat
2909 4959 2977 5030 de
3019 4958 3078 5013 S.
3109 4957 3280 5021 Lino,
3326 4956 3543 5010 Primus

303 5041 419 5097 post
448 5031 744 5099 apostolum
776 5028 995 5087 Petrum
1024 5029 1317 5083 Romanam
1345 5028 1634 5099 Ecclesiam
1664 5028 1827 5081 tenuit
1857 5043 2154 5099 annosgxtl.
2185 5044 2388 5099 menses
2417 5044 2501 5099 ιιι,
2536 5028 2647 5082 dies
2678 5030 2890 5099 xntAb
2912 5029 3013 5082 hac
3039 5030 3328 5099 verborum
3350 5042 3543 5099 pugna

305 5097 570 5173 purgatur
620 5100 1065 5178 Martyrologium
1115 5101 1241 5154 item
1284 5099 1441 5167 Beda:
1485 5098 1809 5168 ascriptum,
1857 5099 2003 5168 quod
2032 5097 2329 5153 Bollandus
2376 5098 2535 5153 initio
2593 5100 2723 5153 tomi
2756 5098 2799 5151 ll
2828 5100 3033 5153 mensis
3063 5097 3243 5152 Martii
3272 5098 3539 5180 vulgavit.

1887 5249 1972 5306 VI.

375 5414 671 5485 Postquam
703 5428 741 5485 a7
764 5412 962 5467 Rufino
986 5412 1278 5485 Latinitate
1320 5412 1519 5485 donata
1551 5420 1635 5466 est
1674 5410 1791 5485 haec
1814 5409 2072 5485 epistola,
2097 5413 2261 5485 etiam
2291 5413 2570 5469 nonnullis
2608 5415 2868 5485 antiquis_
2890 5404 3161 5467 canonum
3198 5411 3539 5485 collectioni-
3624 5418 3629 5425 ’

300 5486 407 5541 bus
430 5525 444 5549 ,
477 5482 918 5553 noniinatimque
946 5485 1153 5538 codicis
1185 5499 1214 5536 a
1242 5484 1439 5538 Pasch.
1471 5482 1765 5553 Que_snel_l_o
1794 5482 1998 5553 vulgati
2028 5483 2359 5551 quibusdam
2401 5482 2809 5553 exemplaribus
2857 5483 3062 5537 inserta
3092 5492 3197 5553 est.
3244 5482 3539 5553 Undc_ini-

302 5561 449 5611 nime
479 5555 680 5608 mirum
725 5549 973 5610 est-eam
1018 5569 1161 5624 anno
1203 5554 1329 5616 442,
1367 5570 1397 5607 a
1432 5551 1666 5607 concilio
1692 5550 1927 5606 Vasensi
1964 5566 2014 5617 1,
2045 5549 2185 5610 'can.
2220 5554 2318 5620 16,
2366 5570 2428 5609 ac
2471 5549 2706 5610 subinde
2749 5570 2779 5610 a
2808 5553 3034 5609 Nicolao
3063 5553 3116 5621 Ι,
3148 5551 3360 5610 Joanne
3384 5549 3537 5624 Vill,

302 5628 539 5697 aliisque
566 5624 862 5680 Clementis
891 5625 1111 5678 nomine
1141 5623 1312 5679 fuisse
1340 5624 1633 5678 laudatam.
2032 5688 2035 5689 ν
2352 5634 2358 5640 ·
3504 5670 3527 5694 1

369 5875 624 5947 ffCelas.
658 5873 815 5941 epist.
850 5874 938 5942 35,
975 5891 1031 5929 ιι.
1067 5874 1118 5929 '7.
1175 5874 1235 5940 ,⁸⁷
1276 5869 1454 5928 Ruﬁn.
1487 5871 1691 5944 prinfat.
1726 5872 1779 5927 in
1810 5872 1904 5928 lib.
1933 5870 2119 5941 Recog.
