4064 6256
321 360 429 417 463

1493 362 1854 437 EPISTOLE
1895 361 2369 422 DECRETALES.

3440 365 3547 421 M56

318 475 593 540 veritatis,
624 485 822 546 peccat
861 476 915 530 in
946 474 1225 533 Christum
1244 517 1261 543 ,
1308 484 1362 531 et
1397 475 1616 533 Patrem
1646 478 1886 533 omnium
1917 480 1964 536 A
1992 485 2047 531 et
2077 494 2293 534 summo
2314 480 2497 535 studio
2527 480 2649 540 niti.
2683 487 2751 533 ut-
2776 495 2968 535 omnes
2992 481 3117 536 vita:
3139 480 3304 553 hujus
3325 498 3561 553 occupa-

318 566 614 623 exacerbat
659 566 861 629 Deum,
888 574 1111 637 propter
1142 567 1289 637 quod
1321 576 1376 622 et
1404 569 1511 623 vita
1542 569 1770 624 carebit.
1800 566 1887 637 lp-

318 672 439 711 sum
473 664 653 711 autem
686 656 780 725 qui
809 663 1006 727 prmest
1034 658 1288 719 caeteris,
1330 665 1544 727 oportet
1581 658 1781 713 medici
1808 659 1889 711 vi-

314 764 435 803 cem
467 763 652 819 agere,
685 758 739 801 et
768 763 874 801 non
903 746 1030 803 fera:
1065 748 1254 803 bestia:
1275 748 1459 804 furore
1481 750 1835 805 commoveri.
1864 768 1885 801 ι

314 840 441 898 Haec
469 858 536 898 eo
560 840 799 905 dicente,
831 858 927 914 ego
952 843 1247 913 procidens
1273 844 1339 899 ad
1364 844 1528 915 pedes
1559 844 1701 914 ejus,
1732 860 1888 916 roga-

312 936 462 998 bam,
494 950 771 990 excusans
821 952 905 990 me
926 975 941 1001 ,
990 942 1045 991 et
1094 936 1377 993 declinans
1407 937 1671 993 honorem
1703 940 1889 993 cathe-

312 1028 447 1092 draz,
478 1027 564 1082 vel
601 1034 948 1098 potestatem.
980 1027 1049 1083 At
1077 1028 1167 1083 ille
1208 1028 1547 1098 respondens
1581 1049 1593 1084 :
1620 1028 1733 1099 Pro
1764 1030 1886 1097 hoc,

312 1119 533 1189 inquit,
566 1133 636 1173 ne
666 1134 751 1173 me
793 1119 1093 1189 rogaveris.
1142 1118 1255 1174 Hoc
1291 1120 1437 1175 enim
1469 1120 1587 1175 ﬁeri
1623 1131 1886 1177 statutum

311 1218 397 1267 est
421 1210 577 1274 mihi,
614 1216 667 1264 et
691 1224 756 1264 eo
784 1210 981 1280 magis,
1006 1210 1151 1281 quod
1184 1228 1419 1269 excusas
1445 1230 1459 1281 ;
1491 1213 1618 1285 quia
1652 1216 1767 1270 haec
1795 1232 1885 1271 ea-

309 1300 503 1356 thedra
534 1317 658 1355 eum
685 1302 775 1370 qui
804 1302 952 1371 cupit
981 1318 1120 1365 eam,
1162 1312 1213 1357 et
1244 1304 1498 1359 audacter
1524 1307 1748 1374 expetit,
1775 1323 1883 1361 non

308 1391 575 1460 requirit.
609 1390 703 1445 sed
736 1400 987 1445 ornatum
1023 1392 1266 1449 muribus
1302 1402 1354 1448 et
1396 1394 1451 1448 in
1481 1396 1661 1449 verbis
1700 1395 1885 1451 erudi-

306 1490 447 1537 tum.
486 1481 641 1549 Quod
676 1484 721 1538 si
751 1491 894 1538 esset
919 1484 1059 1538 alius
1094 1485 1315 1550 melior,
1348 1488 1394 1541 si
1426 1488 1550 1557 quis
1583 1489 1714 1543 mihi
1746 1488 1885 1543 alius

306 1573 533 1643 adjutor
561 1584 672 1630 tam
716 1574 941 1631 sedulus
977 1578 1277 1641 astitisset,
1324 1579 1369 1631 si
1422 1579 1546 1648 quis
1579 1588 1689 1633 tam
1729 1580 1885 1649 plene

304 1665 572 1721 doctrina:
601 1681 734 1721 mea:
764 1667 1026 1724 rationem
1058 1668 1317 1738 cepisset,
1349 1670 1442 1723 sed
1470 1678 1527 1724 et
1547 1671 1884 1725 ecclesiasti-

304 1771 405 1812 cas
452 1757 841 1827 dispositiones
885 1774 915 1813 a
954 1774 1040 1814 me
1082 1766 1193 1813 tam
1236 1759 1394 1829 plene
1431 1760 1748 1827 didicisset,
1785 1761 1880 1816 ha-

302 1844 443 1901 bens
466 1845 631 1901 alium
662 1848 847 1915 talem,
867 1864 978 1903 non
1002 1857 1056 1904 te
1087 1865 1334 1919 cogerem
1361 1866 1499 1921 opus
1522 1854 1723 1907 bonum
1755 1870 1879 1909 sus-
1912 1819 1956 1879 Β

304 1937 493 2008 cipere
532 1939 832 1995 nolentem.
873 1939 1219 2011 Superﬂuum
1258 1951 1342 1998 est
1371 1959 1501 2015 ergo
1541 1945 1704 1999 alium
1731 1961 1878 2016 quae-

302 2046 447 2098 rere,
478 2049 602 2088 cum
645 2035 918 2106 primitias
947 2051 1137 2090 eorum
1169 2036 1262 2108 qui
1293 2053 1360 2092 ex
1385 2039 1635 2108 gentibus
1667 2054 1765 2109 per
1793 2054 1878 2093 me

306 2123 615 2191 salvantur,
649 2134 703 2180 et
729 2127 1000 2197 prwcipue
1030 2128 1195 2198 hujus
1220 2129 1394 2198 urbis,
1428 2124 1479 2185 te
1516 2131 1748 2201 primum
1777 2131 1878 2185 ob-

303 2217 524 2273 tulerim
555 2216 687 2273 Deo.
726 2216 832 2273 Sed
861 2227 916 2275 et
958 2220 1093 2275 illud
1122 2221 1362 2287 intuere,
1396 2223 1529 2294 quia
1570 2223 1615 2279 si
1665 2224 1879 2293 perieu-

303 2308 414 2361 lum
438 2307 653 2378 peccati
675 2308 875 2364 timens
894 2351 909 2376 ,
953 2311 1233 2382 suscipere
1270 2312 1474 2384 refugis
1502 2313 1757 2370 Ecelesim
1780 2332 1879 2388 gu-

305 2398 637 2468 bernacula;
683 2407 871 2456 certus
892 2409 1012 2457 esto
1034 2442 1047 2468 ,
1079 2405 1207 2473 quia
1239 2406 1472 2474 amplius
1506 2421 1702 2476 peccas
1723 2448 1737 2473 ,
1787 2409 1879 2477 qui

305 2489 567 2560 populum
596 2488 694 2545 Dei
727 2491 873 2546 velut
912 2493 967 2547 in
1001 2491 1260 2549 ﬂuetibus
1288 2497 1527 2566 positum
1564 2505 1620 2551 et
1659 2498 1880 2568 pericli-

306 2588 512 2638 tantem
533 2622 549 2648 ,
600 2598 727 2638 eum
760 2585 955 2655 juvare
985 2587 1166 2657 possis
1187 2629 1200 2650 ,
1233 2589 1603 2661 subterfugis;
1645 2592 1725 2645 tui
1760 2598 1881 2647 tan-

306 2673 591 2730 tummodo
620 2672 831 2732 habens
863 2680 1391 2745 considerationem,
1425 2690 1479 2737 et
1509 2699 1617 2737 non
1649 2684 1793 2755 quod
1824 2685 1879 2739 in

306 2780 599 2821 commune
623 2769 880 2824 omnibus
910 2772 1163 2841 expedit,
1207 2774 1523 2843 providens.
1557 2774 1666 2832 Sed
1695 2788 1879 2834 certus

305 2860 443 2924 eSto,
487 2859 637 2930 quod
688 2876 919 2918 necesse
946 2872 1029 2919 est
1059 2872 1112 2919 te
1149 2866 1427 2936 suscipere
1458 2884 1619 2924 omne
1660 2873 1878 2941 pericu-

306 2950 419 3003 lum
444 2990 460 3014 ,
489 2951 619 3022 quia
658 2969 763 3008 nec
806 2970 905 3027 ego
954 2973 1052 3026 pro
1094 2958 1270 3014 salute
1312 2962 1555 3017 omnium
1599 2964 1668 3019 ab
1719 2965 1880 3021 obse-

306 3040 514 3097 crando
540 3044 792 3101 cessabo.
829 3045 1043 3112 Quanto
1078 3065 1208 3121 ergo
1240 3052 1373 3106 mihi
1405 3054 1568 3111 citius
1594 3057 1881 3127 acquieve-

1990 571 2172 626 tiones
2204 571 2473 641 abjieias;
2500 588 2569 627 ne
2594 571 2887 642 ﬁdejussor
2907 573 3139 633 existas.
3168 590 3237 629 ne
3265 574 3560 630 advocatus

1991 664 2166 718 litium
2194 664 2314 728 (ias,
2340 680 2479 720 neve
2502 666 2554 720 id
2584 667 2695 719 ulla
2722 665 2906 735 aliqua
2945 666 3303 735 occupatione
3333 683 3561 737 prorsus

1990 755 2286 812 inveniarls
2330 756 2625 812 mundialis
2673 758 2882 827 negotii
2922 758 3213 813 occasione
3250 759 3558 828 perplexus.

1988 844 2175 916 Neque
2204 846 2347 900 enim
2367 846 2606 916 judieem
2633 855 2727 901 aut
2753 848 3090 917 cognitorem
3114 846 3452 902 saecularium
3474 863 3563 901 ne-

1990 939 2261 1007 gotiorum
2295 938 2455 993 hodie
2491 946 2542 994 te
2572 939 2829 994 ordinare
2853 939 2968 993 vult
2998 938 3252 993 Christus
3282 936 3347 1004 ⁵⁸,
3383 937 3462 990 uti
3492 953 3563 992 ne

1990 1028 2315 1095 praefocatus
2344 1030 2707 1098 prtesentibus
2731 1029 3012 1097 hominum
3040 1027 3210 1095 curis,
3241 1042 3349 1083 non
3381 1028 3563 1098 possis

1988 1121 2157 1173 verbo
2196 1118 2290 1174 Dei
2331 1136 2558 1183 vacare,
2603 1128 2657 1173 et
2688 1120 2990 1174 secundum
3026 1118 3273 1173 veritatis
3316 1117 3561 1187 regulam

1989 1225 2280 1265 secernere
2320 1210 2493 1264 bonos
2523 1225 2552 1263 a
2582 1211 2767 1265 malis.
2809 1209 2917 1263 Ista
2952 1224 3189 1279 namque
3217 1223 3381 1279 opera
3401 1249 3414 1274 ,
3444 1224 3564 1282 quae

1988 1301 2084 1356 tibi
2119 1302 2299 1358 minus
2341 1317 2644 1373 congruere
2681 1302 2937 1372 superius
2974 1301 3365 1371 exposuimus,
3408 1300 3574 1355 exhi«

1987 1393 2149 1449 beant
2168 1394 2271 1449 sibi
2301 1395 2533 1449 invicem
2559 1396 2859 1459 discentes,
2886 1394 2939 1449 id
2970 1394 3223 1463 estlaici;
3249 1402 3303 1450 et
3323 1404 3371 1449 te
3401 1408 3561 1449 nemo

1986 1498 2218 1560 occupet
2239 1490 2307 1545 ab
2347 1489 2434 1546 his
2460 1482 2687 1555 studiis,
2718 1505 2817 1561 per
2852 1505 2973 1560 qua:
3012 1488 3446 1546 salusomnibus
3468 1487 3562 1543 da-

1985 1588 2095 1636 tlll'.

2057 1672 2209 1728 Sicut
2250 1674 2395 1730 enim
2426 1675 2469 1707 ⁸⁷
2506 1674 2605 1729 tibi
2634 1673 2928 1745 impietatis
2961 1672 3178 1728 crimen
3208 1678 3329 1736 est,
3378 1671 3561 1742 negle-

1984 1765 2089 1821 ctis
2112 1767 2267 1822 verbi
2306 1766 2403 1821 Dei
2442 1767 2676 1833 studiis,
2711 1765 3113 1822 sollicitudines
3144 1764 3427 1833 suscipere
3458 1778 3560 1817 sa:-

1984 1859 2198 1914 eulares
2230 1881 2243 1915 :
2277 1862 2351 1915 ita
2391 1868 2445 1915 et
2471 1861 2768 1931 unicuique
2805 1860 3068 1914 laicorum
3103 1868 3387 1927 peccatum
3416 1864 3503 1912 est
3526 1896 3541 1919 ,

1982 1954 2088 2008 nisi
2126 1953 2355 2008 invicem
2383 1953 2483 2007 sibi
2515 1953 2754 2007 etiamin
2783 1952 2872 2007 his
2892 1967 3013 2021 quas
3046 1948 3113 2003 ad
3145 1948 3452 2003 communis
3484 1947 3558 2000 vi-

1982 2053 2051 2101 tae
2076 2061 2235 2100 usum
2271 2045 2545 2115 pertinent
2573 2084 2587 2109 ,
2636 2059 2858 2115 operam
2914 2042 3146 2097 ﬁdeliter
3176 2042 3446 2096 dederint.
3478 2039 3559 2095 Te

1981 2154 2113 2194 vero
2136 2153 2391 2195 securum
2439 2136 2619 2193 facere
2648 2152 2715 2192 ex
2744 2137 2854 2201 his,
2888 2134 3091 2205 quibus
3122 2151 3229 2190 non
3259 2134 3425 2189 debes
3462 2148 3557 2188 va-

1981 2244 2112 2285 care
2132 2230 2201 2295 ”,
2232 2244 2422 2284 omnes
2446 2227 2809 2283 communiter
2830 2227 3134 2282 elaborent.
3169 2225 3323 2292 Quod
3350 2226 3394 2280 si
3421 2225 3559 2281 forte

1982 2336 2013 2375 a
2044 2320 2352 2391 semetipsis
2385 2320 2488 2373 hoc
2514 2318 2637 2373 laici
2672 2333 2781 2372 non
2805 2318 3135 2388 intelligunt,
3168 2333 3265 2387 per
3295 2316 3557 2371 diaconos

1982 2397 2248 2469 edocendi
2272 2421 2421 2475 sunt,
2454 2420 2513 2466 ut
2544 2412 2642 2467 tibi
2673 2412 2846 2467 solius
2876 2410 3133 2466 Ecclesize
3160 2411 3558 2466 sollicitudines

1982 2506 2392 2576 derelinquant;
2438 2520 2547 2575 quo
2578 2504 2752 2577 ipsam
2775 2544 2789 2570 ,
2823 2511 2883 2559 ut
2920 2504 3142 2576 dignum
3170 2512 3289 2569 est,
3336 2504 3559 2573 dispen-

1983 2580 2107 2653 sare
2164 2597 2435 2660 sutﬁeias,
2487 2605 2543 2651 et
2594 2598 2842 2652 veritatis
2880 2598 3049 2653 verbo
3098 2596 3465 2652 abundantius
3504 2603 3559 2649 et

1986 2685 2290 2744 studiosius
2338 2686 2639 2743 deservire.
2694 2685 2753 2741 Si
2793 2686 2938 2741 enim
2990 2686 3364 2743 mundialibus
3409 2686 3557 2741 curis

1981 2779 2155 2835 fueris
2185 2784 2521 2848 occupatus,
2569 2783 2623 2831 ct
2671 2777 2905 2848 teipsum
2939 2776 3180 2847 decipies
3205 2816 3218 2839 ,
3250 2783 3304 2831 et
3332 2792 3427 2831 eos
3456 2776 3549 2845 qui

1982 2882 2035 2927 te
2064 2868 2314 2925 audiunt.
2343 2868 2461 2923 Non
2494 2870 2636 2923 enim
2658 2869 2898 2939 poteris,
2936 2884 3057 2939 quae
3080 2867 3148 2921 ad
3178 2869 3407 2922 salutem
3432 2884 3557 2937 per-

1984 2964 2179 3027 tinent,
2209 2960 2423 3031 plenius
2456 2958 2687 3029 singulis
2733 2958 3042 3028 quibusque
3085 2957 3441 3027 distinguere.
3490 2956 3558 3010 Et

1982 3070 2048 3109 ex
2078 3068 2142 3108 eo
2174 3052 2281 3118 ﬁet,
2314 3061 2375 3107 ut
2404 3060 2457 3108 et
2481 3058 2540 3105 tu
2569 3056 2827 3120 tanquam
2878 3050 2971 3119 qui
3001 3034 3109 3102 non
3142 3048 3395 3127 docueris
3424 3064 3547 3119 quas

308 3132 411 3199 ris,
444 3141 598 3190 tanto
627 3151 715 3191 me
738 3136 899 3193 citius
935 3140 1137 3197 laboris
1155 3150 1209 3197 et
1230 3143 1467 3200 tristitia:
1487 3163 1621 3203 meae
1648 3165 1882 3205 mmrore
1908 3153 1953 3212 (Ξ
1986 3149 2053 3203 ad
2079 3149 2311 3205 salutem
2342 3146 2627 3203 hominum
2655 3146 2929 3218 pertinent
2952 3146 3198 3215 puniaris
3222 3146 3290 3207 '9,
3324 3146 3557 3201 etdisci-

309 3226 604 3283 reievabis.
642 3228 778 3285 Novi
817 3232 983 3286 etiam
1032 3235 1155 3302 hoc,
1194 3251 1226 3291 o
1261 3236 1553 3305 Clemens,
1606 3242 1750 3312 quod
1782 3244 1880 3298 tibi

308 3316 469 3372 taedia
518 3325 574 3373 et
620 3321 938 3387 molestias,
977 3327 1223 3401 pericula
1265 3329 1431 3386 etiam
1480 3339 1535 3385 et
1589 3335 1879 3402 opprobria

308 3406 573 3466 ineruditi
602 3412 749 3484 vulgi
799 3415 1163 3489 indocilisque
1204 3422 1523 3491 conciliem;
1556 3441 1677 3495 quas
1706 3435 1763 3482 tu
1800 3436 1882 3483 ta-

306 3512 432 3554 men
458 3499 579 3555 scio
615 3501 763 3571 quod
792 3513 1112 3561 constanter
1148 3518 1203 3562 et
1235 3510 1452 3565 fortiter
1482 3510 1626 3569 feres
1646 3555 1660 3580 ,
1706 3520 1880 3587 respi-

307 3590 457 3647 ciens
487 3592 556 3647 ad
585 3593 733 3648 illam
760 3611 934 3667 spem,
962 3610 1082 3668 quze
1106 3600 1201 3654 tibi
1233 3603 1374 3671 apdd
1409 3603 1576 3661 Deum
1608 3610 1880 3678 patientiae

304 3692 573 3755 praparat
599 3701 878 3745 coronam.
913 3688 1022 3745 Sed
1065 3702 1119 3747 et
1164 3692 1301 3748 illud
1342 3697 1537 3767 cupio,
1569 3706 1624 3755 te
1664 3716 1879 3757 meeum

302 3779 448 3848 justa
481 3780 695 3835 ratione
723 3782 1056 3853 perspicere,
1082 3785 1301 3854 quando
1329 3789 1564 3845 maxime
1595 3805 1761 3862 opera
1787 3800 1878 3846 tua

305 3864 512 3945 indiget
534 3872 813 3944 Christus,
830 3891 972 3930 nunc
995 3892 1117 3931 cum
1144 3878 1399 3935 inimicus
1426 3882 1691 3941 adversus
1714 3900 1878 3955 spon-

306 3980 424 4019 sam
442 3965 571 4034 ejus
602 3974 911 4022 commovet
933 3968 1159 4031 bellum,
1196 3987 1264 4025 an
1295 3973 1478 4029 futuro
1508 3976 1561 4029 in
1603 3986 1874 4047 tempore,

305 4056 530 4127 quando
555 4056 670 4127 jam
700 4058 955 4115 Christus
994 4069 1121 4129 post
1151 4062 1436 4119 victoriam
1486 4068 1841 4140 triumphabit
1862 4115 1874 4137 ,

307 4162 408 4205 nec
447 4150 595 4204 ultra
635 4151 799 4208 ullius
846 4168 1013 4222 opera
1057 4154 1353 4226 indigebit?
1386 4158 1518 4225 Quis
1562 4178 1667 4217 non
1712 4165 1875 4219 etiam

308 4244 463 4314 parvi
495 4260 696 4300 sensus
734 4246 1033 4317 intelligat,
1080 4252 1221 4319 quod
1251 4252 1392 4307 istud
1419 4262 1502 4307 est
1534 4264 1749 4326 tempus
1772 4299 1787 4318 ,
1824 4259 1876 4313 in

306 4352 415 4406 quo
452 4350 678 4406 Operam
724 4346 873 4392 tuam
924 4340 1176 4397 Christus
1221 4346 1489 4414 requirit?
1537 4346 1669 4401 Tota
1715 4349 1878 4419 igitur

306 4437 488 4483 mente
517 4427 575 4481 in
603 4430 852 4498 praesenti
885 4434 1215 4489 necessitate
1239 4438 1416 4504 przebe
1444 4455 1663 4508 operam
1706 4452 1871 4505 tuam,

305 4518 358 4573 et
381 4516 649 4575 auxilium
681 4522 735 4576 in
766 4524 969 4593 praeliis
1004 4526 1199 4582 exhibe
1230 4530 1338 4599 regi
1371 4531 1595 4600 optimo,
1630 4549 1876 4589 remune-

306 4612 553 4665 rationes
613 4612 929 4680 magniﬁcas
972 4624 1095 4685 post
1138 4618 1420 4672 victoriam
1477 4619 1754 4676 reddituro
1810 4624 1874 4677 ⁸³.

306 4689 572 4759 Libenter
600 4720 728 4777 ergo
762 4708 980 4777 suscipe
1010 4708 1360 4778 episcopatus
1394 4712 1647 4775 cilicium,
1675 4730 1739 4769 eo
1767 4731 1880 4767 ma-

308 4792 476 4859 x'ime,
500 4796 653 4866 quod
698 4797 1103 4854 ecclesiasticas
1130 4800 1524 4869 dispositiones
1570 4819 1600 4857 a
1640 4820 1725 4857 me
1755 4821 1881 4875 pro—

308 4880 565 4943 babiliter
607 4888 881 4953 didicisti,
934 4897 993 4944 ut
1041 4891 1191 4947 salus
1234 4908 1455 4958 eorum,
1502 4895 1593 4965 qui
1640 4913 1731 4966 per
1778 4914 1879 4953 nos

309 4970 681 5052 confugerunt
721 4982 788 5036 ad
836 4981 1041 5045 Deum.
1088 5000 1433 5056 nequaquam
1483 4989 1719 5046 vacillet.
1774 4989 1878 5044 Ve-

309 5079 620 5149 rumtamen
658 5082 711 5128 et
745 5073 983 5129 breviter
1029 5082 1081 5129 te
1119 5076 1187 5132 de
1233 5078 1406 5147 ipsius
1453 5079 1878 5151 dispensationis

308 5163 503 5218 ordine
550 5178 736 5217 coram
786 5166 1043 5221 omnibus
1100 5183 1444 5225 eommonere
1504 5176 1876 5230 necessarium

308 5248 449 5311 duco
473 5257 540 5311 ".

330 5340 341 5425 ξ
380 5347 461 5402 Te
492 5348 713 5420 quidem
746 5351 790 5381 ”
821 5358 1034 5419 oportet
1075 5352 1622 5422 irreprebensibiliter
1652 5361 1833 5418 vivere
1858 5406 1872 5430 ,

1984 3242 2099 3314 puli
2126 3258 2225 3314 per
2248 3241 2611 3314 ignorantiam
2637 3247 2882 3311 pereant.

2054 3333 2099 3368 °°
2124 3330 2336 3388 Idcirco
2368 3338 2425 3387 tu
2456 3331 2676 3402 quidem
2703 3330 2769 3384 ad
2800 3330 2903 3384 hoc
2926 3329 3102 3384 solum
3123 3337 3337 3394 vacato,
3369 3336 3431 3383 ut
3453 3344 3551 3399 op-

1984 3431 2219 3497 portune
2248 3432 2302 3480 et
2326 3425 2445 3481 sine
2473 3422 2884 3478 intermissione
2912 3421 3112 3477 doceas
3157 3420 3381 3475 verbum
3418 3418 3553 3484 Dei,

1982 3532 2079 3588 per
2108 3514 2251 3587 quod
2273 3515 2505 3571 salutem
2540 3513 2803 3584 consequi
2833 3515 3050 3583 possint
3080 3512 3144 3568 “.
3170 3510 3251 3566 Illi
3278 3528 3407 3567 vero
3431 3528 3556 3566 cum

1982 3616 2133 3664 tanta
2162 3608 2470 3665 reverentia
2502 3614 2595 3660 tua
2620 3606 2789 3661 verba
2815 3605 3142 3677 suscipiant,
3170 3613 3428 3676 tanquam
3461 3607 3555 3678 qui

1983 3700 2161 3755 sciant
2211 3700 2449 3769 legatum
2475 3704 2529 3753 te
2558 3704 2611 3752 et
2650 3711 2959 3766 prazconem
2995 3710 3119 3752 esse
3162 3698 3413 3754 veritatis
3439 3740 3451 3763 ,
3503 3708 3558 3753 et

1980 3792 2351 3863 quodcunque
2399 3804 2566 3861 super
2599 3796 2804 3845 terram
2834 3788 3126 3858 ligaveris,
3175 3804 3300 3845 esse
3330 3790 3555 3861 ligatum

1979 3894 2034 3942 et
2073 3885 2129 3941 in
2152 3885 2321 3950 coelo;
2364 3890 2418 3937 et
2444 3882 2808 3953 quodcunque
2840 3882 3072 3937 solveris
3112 3897 3276 3953 super
3315 3891 3516 3938 terram
3538 3928 3552 3949 ,

1980 3966 2145 4034 etiam
2183 3977 2258 4031 ibi
2299 3992 2423 4031 esse
2472 3974 2795 4031 solvendum
2832 3974 2896 4030 ".
2932 3973 3201 4041 Quoniam
3258 3974 3474 4046 quidem
3503 3982 3557 4030 et

1979 4078 2070 4135 tu,
2103 4075 2162 4123 ut
2202 4067 2312 4123 dixi
2338 4110 2352 4133 ,
2396 4080 2517 4137 quae
2545 4072 2784 4137 oportet,
2815 4064 3013 4134 ligabis
3035 4104 3050 4128 ,
3093 4070 3147 4118 et
3173 4079 3294 4133 qua:
3326 4064 3547 4135 expedit

1979 4163 2178 4217 solves.
2204 4159 2270 4213 Et
2301 4159 2369 4213 ad
2391 4166 2445 4214 te
2468 4157 2686 4228 quidem
2720 4157 2812 4226 qui
2837 4171 3030 4225 preces,
3058 4155 3163 4209 ista
3192 4156 3302 4209 sint
3327 4156 3555 4218 monita,

1978 4263 2031 4309 et
2061 4254 2147 4309 his
2179 4252 2401 4309 similia.
2449 4250 2531 4304 Ad
2580 4249 2930 4320 presbyteros
2979 4262 3111 4302 vero
3158 4248 3267 4301 sint
3302 4247 3409 4301 ista
3455 4246 3547 4301 “z

1978 4347 2119 4400 Ante
2148 4344 2362 4407 omnia,
2397 4348 2455 4396 ut
2490 4339 2769 4411 pudicitia:
2807 4337 3129 4402 studentes,
3175 4337 3555 4392 adolescentes

1982 4438 2191 4509 nuptiis
2215 4436 2479 4506 jungant,
2507 4446 2616 4502 quo
2650 4431 2889 4485 calorem
2922 4429 3186 4485 ferventis
3213 4430 3389 4485 aetatis
3424 4443 3556 4484 con-

1978 4527 2151 4600 jUgali
2202 4528 2319 4599 lege
2369 4523 2728 4596 prteveniant.
2764 4520 2873 4576 Sed
2916 4538 2985 4578 ne
3022 4522 3076 4576 in
3121 4522 3556 4593 provectioribus

1983 4620 2200 4692 quidem
2232 4633 2421 4673 curam
2450 4615 2652 4670 habere
2676 4614 3055 4686 hujuscemodi
3076 4613 3372 4685 negligant,
3404 4614 3554 4684 quia,

1983 4717 2038 4770 in
2070 4713 2279 4774 multis,
2303 4711 2465 4765 etiam
2496 4724 2620 4764 cum
2645 4709 2889 4764 senuerit
2918 4723 3140 4778 corpus,
3164 4707 3557 4779 concupiscen-

1983 4811 2058 4863 tia
2085 4811 2232 4877 viget
2270 4805 2336 4861 “.
2370 4802 2449 4859 Ne
2489 4801 2629 4857 forte
2674 4816 2805 4872 ergo
2837 4800 3215 4856 fornicationis
3244 4802 3429 4868 labes,
3463 4817 3556 4857 oc-

1985 4901 2207 4956 casione
2240 4906 2486 4966 accepta,
2519 4901 2778 4963 tanquam
2808 4909 3077 4948 venenum
3115 4894 3414 4963 pessimum
3439 4908 3556 4949 Ier-

1988 5003 2078 5064 pat
2109 4993 2164 5047 in
2195 4990 2372 5055 vobis,
2405 5004 2601 5045 cavere
2631 4996 2684 5043 et
2708 4986 3022 5041 antevenire
3051 4986 3421 5041 necessarium
3448 4993 3553 5047 est,

1991 5102 2057 5140 ne
2087 5084 2232 5157 quod
2276 5070 2331 5136 in
2372 5080 2530 5137 vobis
2569 5080 2822 5135 adulterii
2866 5078 3141 5132 occultum
3190 5080 3465 5133 coalescat
3511 5079 3556 5109 °'

1989 5176 2321 5231 incendium.
2356 5171 2422 5225 Et
2457 5171 2589 5243 quid
2621 5172 2674 5224 in
2705 5169 2959 5223 omnibus
3006 5171 3246 5239 peccatis
3289 5170 3556 5225 adulterio

1984 5268 2237 5341 gravius?
2259 5264 2568 5321 Secundum
2608 5278 2841 5332 namque
2865 5263 2919 5315 in
2962 5262 3005 5292 “
3036 5262 3212 5330 pmnis
3243 5261 3452 5316 obtinet
3475 5263 3555 5315 lo-

1985 5376 2129 5427 cum,
2186 5359 2445 5429 quoniam
2501 5355 2717 5426 quidem
2775 5354 3006 5424 primum
3060 5352 3136 5405 illi
3188 5352 3410 5417 habent,
3458 5369 3553 5423 qtu

386 5570 431 5656 "3
482 5581 809 5656 (recepturus,
853 5574 1003 5656 innc.
1044 5574 1184 5656 Just.
1262 5579 1316 5656 ‘f_
1350 5582 1524 5656 du.ri._
1575 5581 1619 5612 ⁸⁵
1664 5583 1727 5634 12
1762 5601 1814 5653 q.
1859 5587 1923 5652 l,
1955 5587 2024 5641 Te
2043 5584 2272 5656 quidem.
2348 5581 2393 5611 "
2428 5577 2738 5656 Deesthtec
2763 5576 3121 5656 voculaninc
3177 5575 3317 5656 Just.
3393 5577 3441 5656 _"
3484 5578 3541 5656 Ι

400 5641 447 5705 1,
477 5626 629 5692 δέειιί
650 5626 803 5697 enim:

320 5709 557 5763 l-Zvaristi
607 5726 775 5780 papae.
847 5714 888 5745 ⁶¹
942 5713 1073 5779 lvo,
1120 5716 1174 5771 in
1220 5709 1429 5775 lleeret.
1500 5720 1591 5773 lib.
1629 5738 1677 5773 v.

318 5780 362 5812 ‘°
416 5781 673 5835 calescat.
748 5783 791 5813 “
826 5783 893 5838 52
924 5788 1182 5855 quaest.7.
1218 5788 1356 5853 Quid
1386 5790 1435 5841 in
1462 5790 1723 5845 omnibus.

917 5647 963 5677 ⁸⁸
1024 5660 1075 5701 et
1099 5650 1177 5702 his
1207 5650 1392 5717 quibus
1441 5649 1589 5704 debes
1640 5647 1936 5718 vacantem,
1988 5647 2129 5711 idem
2173 5653 2365 5708 codex.

942 5713 1073 5775 lvo.
1120 5716 1174 5771 in
1224 5721 1429 5775 lleeret.
1500 5720 1591 5773 lib.
1629 5738 1677 5773 v.
1786 5725 1829 5755 ⁶²
1873 5716 2061 5775 Matth.
2122 5740 2232 5775 xvi.
2338 5724 2365 5754 ‘

1811 5729 1829 5755 ²
1873 5729 2061 5781 Matth.
2122 5740 2232 5778 XVI.

2476 5650 2521 5683 '9
2576 5649 2878 5717 deponaris.
2955 5646 2998 5678 ⁸ο
3028 5646 3173 5717 Idem
3218 5650 3276 5701 in
3320 5649 3549 5716 epistola

2338 5720 2383 5754 ⁸³
2419 5718 2611 5775 Const.
2642 5715 2740 5782 'tv,
2800 5718 2882 5773 lt).
2998 5717 3042 5749 εδ
3070 5715 3189 5773 Nic.
3243 5718 3279 5775 l.
3323 5715 3408 5789 ep.
3457 5719 3551 5774 49.
