4090 6250
441 386 544 441 487

1308 381 1365 438 S.
1400 380 1797 437 CLEMENTIS
1827 380 1848 433 l
1887 378 2057 434 ROM.
2101 379 2303 436 PUNT.
2335 379 2561 436 OPEltA
2600 375 2831 434 DUBIA.

3593 378 3698 435 668

443 500 701 557 aberrant
727 516 757 555 a
786 499 929 565 Deo,
963 497 1180 554 etiamsi
1213 496 1398 553 sobrie
1432 498 1671 552 vixerint
1699 498 1764 550 ⁸⁷.
1799 497 2029 568 Propter
2057 500 2104 557 Α
2212 497 2269 552 Si
2300 496 2394 567 qui
2422 496 2468 526 ⁷³
2496 509 2560 551 ex
2612 493 2872 549 fratribus
2913 490 3133 563 negotia
3170 490 3375 547 habent
3420 488 3563 545 inter
3597 506 3659 547 se
3681 530 3700 559 ,

443 592 589 662 quod
610 609 730 660 vos,
758 608 792 646 ο
823 589 1152 662 presbyteri,
1187 587 1490 643 Ecclesiam
1515 589 1768 652 excolite,
1796 596 1849 644 et
1877 588 2024 643 ordi-

442 691 572 739 nate
604 684 650 715 “
692 698 951 754 sponsam
991 679 1201 735 Christi
1252 679 1320 733 ad
1363 679 1707 750 pudicitiam.
1754 679 2024 749 Sponsam

445 781 626 829 autem
655 773 802 838 dico,
833 786 1051 827 omnem
1077 769 1339 825 Ecclesia:
1360 771 1876 843 congregationem;
1906 785 2027 839 qua:

445 865 492 919 si
531 862 729 934 pudica
759 863 981 917 inventa
1029 861 1197 916 fuerit
1233 874 1264 914 a
1305 875 1508 930 sponso
1542 876 1678 926 suo,
1714 861 2026 932 ingentibus

445 954 513 1008 ab
546 969 611 1010 eo
639 952 799 1009 donis
821 960 874 1010 et
910 952 1236 1008 muneribus
1274 952 1638 1007 honorabitur
1662 971 1677 1021 ;
1708 960 1763 1008 et
1789 968 1912 1019 vos,
1932 955 2038 1009 vel-

439 1054 505 1100 ut
546 1046 788 1101 ministri
811 1061 1049 1116 sponsae,
1080 1053 1134 1101 et
1165 1045 1324 1099 amici
1352 1046 1566 1116 sponsi,
1595 1046 1799 1118 ingenti
1829 1044 2027 1117 gaudio

444 1147 499 1195 et
529 1138 715 1193 laetitia
758 1138 1137 1209 perfruemini.
1187 1137 1243 1193 Si
1272 1156 1398 1196 vero
1429 1156 1631 1211 sponsa
1666 1139 1780 1195 haec
1808 1150 2028 1209 reperta

443 1230 609 1286 fuerit
637 1231 1035 1286 commaculata
1064 1233 1323 1301 peccatis,
1350 1232 1469 1303 ipsa
1491 1231 1735 1302 quidem,
1764 1238 2027 1302 tanquam

444 1321 694 1392 indigna,
726 1338 836 1376 non
862 1322 1109 1377 tradetur
1136 1324 1418 1393 regalibus
1449 1324 1493 1354 "
1523 1324 1681 1378 toris.
1712 1322 1822 1377 Vos
1845 1330 2027 1379 autem

443 1428 636 1484 pinnas
664 1412 867 1469 dabitis
887 1453 915 1479 ,.
953 1414 999 1469 si
1036 1412 1177 1468 forte
1209 1429 1306 1483 per
1349 1420 1592 1468 vestram
1640 1413 2026 1484 negligentiam

443 1507 532 1561 vel
560 1505 833 1560 desidiam
880 1506 1185 1576 obrepserit
1215 1506 1471 1576 contagio
1501 1522 1645 1562 saeva
1675 1507 1908 1577 peccati.
1941 1505 2029 1562 ld-

444 1601 595 1655 circo
627 1606 751 1653 ante
773 1599 958 1652 omnia
1002 1599 1319 1654 sobrietatis
1358 1606 1412 1653 et
1442 1598 1721 1669 pudicitia:
1762 1599 2029 1655 sollicitu-

444 1692 628 1746 dinem
661 1691 849 1761 gerite.
879 1689 1048 1745 Valde
1068 1691 1216 1745 enim
1246 1690 1390 1761 apud
1422 1690 1593 1747 Deum
1618 1706 1784 1762 grave
1816 1691 2028 1747 crimen

445 1784 665 1839 ducitur
704 1783 1027 1849 fornicatio,
1064 1784 1224 1852 cujus
1256 1783 1468 1854 species
1498 1790 1629 1838 sunt
1657 1782 1874 1855 quidem
1905 1783 2025 1854 plu-

445 1892 560 1941 res,
586 1876 729 1930 sicut
750 1874 907 1931 vobis
942 1881 998 1929 et
1028 1874 1145 1945 ipse
1173 1874 1428 1930 Clemens
1457 1874 1749 1945 diligenter
1770 1884 2025 1945 exponet.
2061 1858 2103 1913 Β

446 1968 837 2024 Verumtamen
878 1967 1052 2037 prima
1106 1967 1319 2037 species
1370 1966 1624 2021 adulterii
1670 1976 1790 2034 est,
1847 1967 2025 2022 virum

446 2062 670 2133 propria
702 2076 872 2115 uxore
902 2058 1247 2115 solummodo
1286 2075 1395 2113 non
1426 2074 1550 2115 esse
1585 2066 1904 2115 contentum
1926 2099 1941 2125 ,
1972 2066 2027 2113 et

446 2154 735 2209 mulierem
770 2166 879 2205 non
920 2150 1140 2220 proprio
1168 2158 1382 2203 tantum
1429 2164 1649 2204 servare
1689 2165 1749 2205 se
1797 2149 1937 2205 viro.
1968 2148 2028 2202 Si

444 2257 578 2312 ergo
609 2247 798 2294 castus
829 2239 995 2293 fuerit
1024 2238 1169 2308 quis,
1202 2245 1386 2308 potest
1414 2245 1469 2293 et
1492 2239 1765 2294 humanus
1788 2246 1842 2293 et
1870 2239 2031 2294 miseo

447 2334 627 2387 ricors
663 2332 801 2398 fieri,
832 2346 929 2401 per
961 2329 1109 2404 quod
1148 2337 1202 2385 et
1226 2329 1345 2398 ipse
1374 2338 1636 2384 aeternam
1665 2346 1697 2384 a
1724 2329 1835 2387 Deo
1860 2330 2029 2386 mise-

448 2424 742 2479 ricordiam
773 2430 1165 2493 consequatur.
1213 2421 1357 2477 Sane
1393 2422 1538 2477 sicut
1581 2422 1835 2478 adulterii
1864 2439 2029 2480 vene-

448 2530 580 2569 num
619 2514 837 2569 cunctis
864 2514 1025 2567 malis
1057 2509 1420 2582 perniciosius
1452 2519 1536 2567 est
1558 2553 1574 2578 ,
1622 2514 1698 2566 ita
1733 2528 1888 2569 amor
1917 2513 2029 2568 fra—

448 2615 641 2663 ternus
679 2614 733 2661 et
763 2607 1006 2661 charitas
1055 2605 1224 2660 totius
1265 2604 1395 2659 boni
1440 2603 1722 2676 fastigium
1764 2613 1931 2664 tenet.
1965 2604 2030 2659 Et

449 2699 574 2754 ideo
605 2697 816 2768 diligite
844 2712 1038 2752 omnes
1067 2696 1271 2753 fratres
1300 2704 1537 2763 vestros,
1570 2704 1624 2752 et
1652 2713 1780 2752 cum
1812 2698 2030 2770 religio-

448 2806 517 2845 ne
541 2806 605 2845 ac
626 2789 1002 2845 misericordia
1038 2789 1300 2860 reSpicite
1338 2789 1407 2844 ad
1435 2805 1627 2845 omnes
1651 2791 1720 2845 ‘°.
1755 2790 2029 2861 Orphanis

452 2883 705 2939 exhibete
726 2882 1091 2953 vosmetipsos
1121 2890 1401 2953 parentes.
1432 2880 1628 2938 Viduis
1657 2883 1900 2938 virorum
1932 2898 2031 2937 cu-

448 2992 565 3030 ram
603 2974 902 3046 impendite
924 3014 939 3039 ,
972 2990 1097 3028 cum
1131 2976 1279 3029 omni
1301 2974 1589 3040 castitate,
1621 2990 1744 3045 qua:
1772 2989 2030 3030 necessa-

450 3069 533 3122 ria
560 3075 711 3134 sunt,
740 3068 1068 3139 pra’bentcs.
1100 3064 1356 3122 Iuniores
1389 3074 1575 3121 tamen
1606 3066 1800 3121 viduas
1822 3066 2030 3136 nuptiis

450 3162 721 3232 copulate.
750 3160 848 3216 llis
871 3161 963 3232 qui
995 3162 1251 3232 ignorant
1279 3160 1533 3226 artificia,
1566 3159 1839 3231 exquirite
1865 3160 2031 3217 hone-

455 3263 573 3311 stas
602 3253 816 3325 aliquas
831 3254 1179 3318 occasiones,
1199 3254 1400 3324 quibus
1427 3254 1631 3309 victum
1655 3254 2030 3310 necessarium

451 3355 698 3416 quaerant
722 3363 737 3413 ;
766 3345 1069 3400 artificibus
1098 3361 1229 3401 vero
1262 3360 1484 3415 operam
1505 3345 1808 3416 providete,
1838 3344 2034 3400 debili-

452 3441 558 3494 bus
580 3437 1018 3494 misericordiam
1056 3437 1239 3493 facite.
1295 3436 1423 3492 Scio
1470 3445 1654 3493 autem
1697 3436 1814 3493 hare
1848 3436 2033 3492 omnia

454 3528 699 3585 facturos
729 3544 850 3597 vos,
885 3528 931 3583 si
960 3529 1284 3584 cbaritatem
1309 3545 1422 3600 praa
1452 3528 1669 3584 caeteris
1692 3536 1745 3584 et
1769 3536 1895 3585 ante
1915 3544 2035 3584 om-

453 3623 548 3677 nia
573 3622 627 3675 in
660 3629 844 3676 vestro
874 3621 1042 3677 corde
1071 3621 1269 3694 ligatis.
1305 3621 1476 3692 Cujus
1506 3622 1795 3677 charitatis
1815 3662 1831 3687 ,
1860 3628 1916 3677 et
1945 3636 2028 3676 re-

456 3714 739 3785 cipiendae,
762 3722 816 3769 et
838 3714 1125 3781 habendaz,
1160 3715 1458 3769 maximum
1483 3716 1588 3770 erit
1617 3713 1917 3770 fomentum
1937 3754 1953 3781 ,
1986 3715 2034 3770 si

456 3806 771 3877 frequenter
796 3807 939 3863 inter
961 3807 1328 3877 vosmetipsos
1355 3823 1703 3863 communem
1732 3806 1919 3861 cibum
1952 3823 2037 3862 ve-

455 3906 631 3953 strum
651 3914 1009 3970 mensamque
1047 3898 1284 3964 faciatis,
1312 3907 1366 3955 et
1390 3900 1715 3969 inquantum
1738 3882 2038 3969 unusquis-

455 4009 563 4063 que
582 3994 860 4064 prtevalet,
893 3993 1141 4049 crebrius
1170 4008 1339 4063 panes
1362 4010 1426 4048 ac
1450 3994 1594 4049 sales
1626 4008 1758 4048 suos
1784 4007 1909 4046 cum
1933 3992 2037 4046 fra-

454 4087 634 4143 tribus
664 4087 781 4143 suis
812 4098 1015 4142 sumat.
1048 4086 1152 4141 Per
1181 4087 1297 4141 haec
1323 4087 1468 4142 enim
1496 4086 1769 4156 praecipue
1796 4085 2036 4140 charitas

454 4186 840 4248 comparatur,
900 4185 955 4233 et
998 4193 1164 4233 causa
1220 4178 1389 4231 totius
1434 4178 1563 4232 boni
1609 4178 1666 4231 in
1721 4174 2036 4245 hujusmodi

455 4270 845 4326 communione
881 4270 1158 4326 consistit.
1190 4269 1289 4325 Ubi
1315 4278 1497 4325 autem
1540 4284 1647 4340 pax
1684 4276 1738 4323 et
1779 4266 2033 4330 bonitas,

458 4362 533 4417 ibi
561 4370 616 4419 et
650 4364 822 4419 salus.
874 4362 1106 4434 Propter
1148 4363 1295 4433 quod
1325 4378 1648 4417 communes
1688 4360 1853 4415 facite
1881 4358 2036 4413 cibos

456 4463 675 4511 vestros
702 4471 829 4509 cum
859 4455 945 4510 his
972 4456 1067 4525 qui
1101 4455 1404 4511 secundum
1437 4452 1606 4508 Deum
1633 4452 1829 4507 fratres
1863 4457 2031 4517 sunt,

2132 591 2276 663 apud
2306 590 2622 660 cognitores
2654 587 2843 643 saaculi
2884 602 2996 641 non
3036 584 3385 657 iudicentur;
3431 584 3527 640 sed
3555 584 3702 655 apud

2129 683 2478 754 presbyteros
2502 680 2785 747 Ecclesiae,
2808 678 3075 749 quidquid
3119 677 3256 732 illud
3279 685 3385 741 est,
3411 677 3704 733 dirimatur

2127 781 2181 829 et
2210 773 2355 828 omni
2403 772 2566 826 modo
2595 771 2855 826 obediant
2877 768 3101 825 statutis
3127 784 3339 824 eorum.
3367 767 3545 839 Super
3581 784 3703 825 om-

2127 868 2217 921 nia
2243 873 2424 920 autem
2450 864 2731 919 avaritiam
2764 862 2967 934 fugite;
2995 877 3116 933 quae
3139 861 3389 917 homines
3412 861 3707 918 occasione

2128 958 2417 1029 praesentis
2444 956 2585 1010 lucri
2614 956 2682 1010 ab
2710 954 2931 1010 aeternis
2970 960 3187 1024 separat
3220 954 3399 1009 bonis.
3427 952 3703 1022 Pondera,

2130 1066 2438 1116 mensuras,
2476 1057 2733 1115 stateras,
2768 1064 2867 1120 pro
2889 1048 3027 1104 locis
3052 1047 3361 1117 quibusque
3390 1048 3704 1118 aequissima

2129 1143 2429 1213 custodite;
2461 1143 2710 1214 deposita
2742 1140 2972 1196 fideliter
3001 1140 3299 1196 restituite.
3333 1138 3463 1205 Quae
3492 1139 3701 1206 omnia,

2128 1245 2182 1292 et
2211 1238 2257 1293 si
2288 1252 2393 1307 qua
2423 1242 2551 1299 sunt
2604 1234 2805 1289 similia
2858 1233 2944 1288 his
2964 1273 2978 1299 ,
3022 1232 3095 1285 ita
3122 1230 3342 1287 demum
3387 1230 3620 1286 sollicite
3647 1238 3706 1287 et

2128 1328 2421 1399 diligenter
2446 1327 2744 1398 implebitis
2765 1366 2780 1391 ,
2806 1327 2853 1381 si
2893 1325 3137 1379 futurum
3170 1323 3264 1380 Dei
3286 1323 3553 1394 judicium
3583 1324 3705 1381 sine

2130 1422 2540 1477 intermissione
2588 1420 2645 1473 in
2682 1426 2869 1475 vestro
2915 1417 3081 1472 corde
3109 1416 3360 1472 volvatis.
3394 1414 3530 1481 Quis
3557 1416 3703 1471 enim

2131 1527 2359 1583 peccare
2383 1512 2605 1582 poterit,
2644 1509 2692 1565 si
2721 1523 2936 1579 semper
2966 1513 3091 1561 ante
3117 1506 3308 1561 oculos
3336 1521 3467 1561 suos
3496 1504 3591 1559 Dei
3611 1504 3705 1575 ju-

2130 1608 2334 1664 dicium
2363 1607 2572 1679 ponat?
2594 1604 2750 1670 Quod
2777 1604 2832 1658 in
2866 1602 2971 1658 fine
3009 1600 3198 1657 mundi
3228 1607 3438 1655 certum
3466 1605 3553 1654 est
3589 1599 3704 1668 agi-

2131 1698 2381 1764 tandum,
2414 1704 2474 1752 ut
2503 1695 2721 1750 tandem
2749 1693 2842 1766 qui
2874 1693 3012 1749 bene
3050 1692 3110 1747 in
3156 1691 3259 1745 hac
3294 1690 3404 1745 vita
3450 1695 3703 1760 egerunt,

2133 1797 2545 1861 consequantur
2594 1788 2737 1843 bona
2780 1784 3059 1856 reposita;
3090 1790 3407 1854 peccatores
3436 1789 3617 1835 autem
3646 1787 3707 1834 ut

2129 1890 2540 1954 consequantur
2576 1887 2910 1952 praeparatas
2950 1886 3004 1933 et
3041 1874 3355 1953 reconditas
3385 1887 3608 1943 poenas,
3639 1871 3709 1926 de

2129 1976 2330 2047 quibus
2368 1976 2443 2029 ita
2471 1972 2715 2028 futurum
2741 1971 2992 2027 dubitare
3012 1968 3234 2024 omnino
3257 1983 3366 2022 non
3388 1980 3704 2037 possumus;

2130 2066 2400 2138 siquidem
2453 2064 2570 2119 haec
2615 2063 2802 2119 omnia
2835 2063 2909 2118 ita
2944 2077 3065 2118 esse
3104 2068 3333 2116 ventura
3353 2074 3517 2114 verus
3548 2056 3707 2112 nobis

2128 2157 2399 2228 Propheta
2428 2140 2698 2225 praedixit.
2725 2153 2881 2211 Unde
2917 2163 2972 2209 et
2999 2168 3118 2216 vos,
3152 2152 3245 2222 qui
3278 2150 3413 2206 estis
3441 2148 3555 2205 veri
3581 2163 3707 2219 pro-

2129 2245 2307 2315 phetae
2353 2241 2646 2312 discipuli,
2691 2242 2911 2312 abjicite
2959 2255 2992 2296 a
3031 2239 3290 2295 cordibus
3330 2238 3533 2294 vestris
3579 2246 3710 2293 ante

2129 2336 2313 2390 omnia
2334 2334 2643 2392 discordias
2661 2343 2715 2390 et
2745 2334 3052 2387 animorum
3073 2331 3466 2396 dissensiones,
3503 2347 3570 2386 ex
3590 2331 3709 2402 qui-

2130 2428 2235 2484 bus
2261 2442 2424 2483 omne
2442 2428 2645 2480 malum
2675 2440 2813 2495 opus
2844 2423 3109 2494 procedit,
3134 2431 3188 2478 et
3219 2422 3611 2492 benignitatem
3641 2436 3707 2477 ac

2132 2518 2534 2587 simplicitatem
2568 2524 2684 2571 tota
2712 2521 2894 2570 mente
2917 2520 3152 2569 servate.
3187 2511 3344 2579 Quod
3370 2512 3418 2567 si
3449 2510 3585 2566 forte
3613 2510 3709 2564 ali-

2129 2608 2294 2678 cujus
2314 2624 2410 2663 cor
2430 2608 2515 2662 vel
2552 2608 2712 2673 livor,
2744 2606 2832 2661 vel
2860 2603 3185 2673 infidelitas,
3215 2604 3301 2659 vel
3337 2601 3555 2674 aliquod
3585 2617 3704 2656 ma-

2131 2702 2246 2757 lum
2289 2716 2359 2757 ex
2405 2700 2492 2755 his
2530 2715 2654 2772 qua:
2697 2700 2953 2771 superius
2984 2696 3435 2760 memoravimus,
3468 2694 3703 2749 latenter

2132 2795 2450 2866 irrepserit;
2502 2810 2613 2849 non
2638 2795 2959 2859 erubescat,
2987 2792 3081 2864 qui
3123 2790 3320 2846 animae
3363 2805 3476 2846 suae
3516 2803 3707 2845 curam

2131 2888 2290 2958 gerit,
2323 2886 2572 2942 conﬁteri
2603 2886 2717 2941 hzec
2741 2886 2869 2941 huic
2895 2886 2987 2957 qui
3023 2891 3254 2955 praeest,
3280 2889 3342 2938 ut
3369 2882 3438 2938 ab
3467 2882 3586 2952 ipso
3609 2897 3708 2952 per

2132 2982 2357 3039 verbum
2424 2981 2519 3035 Dei
2569 2988 2623 3037 et
2670 2981 2960 3036 consilium
3026 2979 3245 3036 salubre
3295 2984 3541 3043 curetur,
3598 2992 3711 3046 quo

2132 3074 2306 3145 possit
2352 3073 2561 3144 integra
2584 3072 2688 3129 fide
2708 3080 2763 3129 et
2804 3072 3062 3143 operibus
3093 3071 3253 3127 bonis
3280 3084 3474 3141 poenas
3518 3066 3709 3124 aeterni

2132 3168 2276 3238 ignis
2319 3166 2579 3239 effugere,
2619 3173 2674 3223 et
2726 3166 2795 3222 ad
2816 3172 3088 3237 perpetua:
3119 3163 3241 3219 vitat
3266 3162 3487 3234 praemia
3517 3175 3710 3233 perve-

2132 3258 2272 3313 nire.
2779 3242 2786 3251 ’

2203 3348 2431 3405 Diaconi
2465 3363 2595 3405 vero
2622 3347 2884 3405 Ecclesiae
2904 3349 2979 3416 ⁷⁸,
3004 3355 3268 3420 tanquam
3296 3345 3441 3402 oculi
3461 3344 3572 3400 sint
3592 3345 3711 3415 epi-

2133 3442 2285 3514 sc0pi
2309 3443 2633 3499 oberrantes
2660 3442 2731 3507 7',
2763 3449 2818 3497 et
2848 3442 3367 3498 circumlustrantes
3406 3453 3530 3494 cum
3555 3451 3713 3493 vere-

2134 3532 2337 3587 cundia
2366 3540 2523 3588 actus
2546 3532 2719 3588 totius
2749 3530 3035 3599 Ecclesiae,
3066 3540 3122 3587 et
3151 3536 3558 3604 perscrutantes
3586 3527 3715 3583 dili-

2134 3625 2351 3696 gentius
2375 3664 2390 3689 ,
2425 3625 2472 3680 si
2508 3639 2673 3695 quem
2710 3622 2937 3678 videant
2960 3624 3201 3679 vicinum
3231 3623 3347 3679 fieri
3376 3620 3710 3692 praecipitio,

2133 3724 2187 3772 et
2218 3718 2527 3787 proximum
2552 3732 2673 3772 esse
2697 3723 2945 3786 peccato,
2979 3722 3040 3771 ut
3084 3714 3327 3771 referant
3357 3714 3474 3769 haac
3499 3713 3568 3768 ad
3590 3713 3712 3784 epi-

2136 3824 2385 3880 sc0pum,
2418 3816 2471 3863 et
2492 3807 2829 3863 commoneri
2859 3808 2927 3863 ab
2950 3823 3015 3863 eo
3043 3806 3221 3877 possit
3252 3806 3299 3863 is
3320 3806 3414 3877 qui
3444 3806 3501 3860 in
3528 3805 3716 3877 praeci-

2135 3901 2327 3972 pitium
2355 3902 2610 3971 lapsurus
2638 3909 2722 3956 est
2746 3941 2761 3966 ,
2801 3899 2881 3954 uti
2923 3907 3234 3965 revocetur,
3260 3908 3315 3957 et
3350 3914 3462 3955 non
3491 3906 3716 3973 corruat

2134 3992 2189 4046 in
2220 3998 2524 4063 peccatum.
2547 3991 2977 4063 Negligentiorcs
2998 3991 3044 4022 ⁷⁸
3067 4006 3306 4061 quoque,
3333 3998 3387 4046 et
3399 4006 3493 4047 eos
3516 3990 3715 4061 quira-

2135 4082 2251 4138 rius
2275 4082 2342 4139 ad
2374 4082 2704 4136 audiendum
2736 4080 2963 4136 verbum
2986 4079 3081 4135 Dei
3111 4079 3401 4147 accedunt,
3434 4095 3535 4135 nec
3559 4077 3714 4136 solli-

2136 4174 2241 4230 cite
2265 4174 2332 4228 ad
2362 4174 2603 4243 episcopi
2635 4179 2928 4228 tractatum
2955 4172 3309 4237 conveniunt,
3341 4171 3445 4243 ipsi
3475 4184 3715 4226 commo-

2136 4272 2303 4321 neant
2324 4274 2377 4321 et
2400 4265 2708 4321 hortentur.
2746 4265 2804 4319 Si
2834 4266 2981 4321 enim
3021 4265 3229 4321 assidui
3260 4264 3460 4322 sintad
3485 4263 3713 4319 audien-

2138 4358 2290 4424 du-m,
2320 4374 2430 4414 non
2468 4359 2643 4413 solum
2672 4357 2797 4412 vitae
2820 4365 3037 4412 mternae
3072 4373 3139 4412 ex
3177 4357 3385 4413 salubri
3408 4356 3713 4411 commoni-

2139 4451 2284 4505 tione
2307 4450 2528 4520 capiunt
2568 4450 2740 4516 lucra,
2764 4465 2955 4505 verum
2978 4456 3033 4503 et
3075 4463 3414 4519 quacunque
3454 4447 3559 4500 illa:
3583 4452 3713 4500 sunt

457 4547 591 4617 quia
624 4562 724 4616 per
754 4546 870 4601 hinc
895 4546 1215 4617 temporalia
1244 4545 1440 4610 ollicia,
1474 4546 1627 4615 pacis
1655 4552 1709 4600 et
1751 4544 2035 4599 charitatis
2067 4553 2110 4608 ι)
2140 4545 2377 4600 tristitia:
2403 4545 2487 4598 vel
2527 4559 2812 4608 mmrores,
2845 4559 2966 4614 quae
2987 4544 3032 4574 ⁷⁷
3062 4558 3127 4598 ex
3158 4541 3442 4613 praesentis
3464 4540 3589 4596 vita:
3615 4555 3713 4595 ne-

461 4637 734 4692 fruetibus
763 4636 963 4707 gaudia
992 4646 1194 4691 eterna
1237 4636 1579 4693 merebimiui
1612 4636 1681 4689 “.
1734 4635 1904 4690 Multo
1935 4651 2034 4689 au-

461 4738 572 4784 tem
598 4730 891 4786 sollicitius
921 4729 1228 4785 esurientes
1258 4727 1482 4791 reficite,
1515 4734 1570 4783 et
1603 4726 1915 4782 sitientibus
1938 4742 2035 4797 po-

461 4829 575 4876 tum
609 4821 757 4885 date,
793 4822 958 4876 nudis
988 4822 1410 4888 vestimentum;
1457 4835 1631 4891 aegros
1679 4819 1936 4883 visitate,
1980 4828 2035 4873 et

462 4926 560 4966 eos
588 4911 683 4982 qui
704 4911 760 4966 in
790 4926 1016 4967 carcere
1044 4919 1192 4976 sunt,
1220 4918 1380 4981 prout
1410 4910 1668 4980 possibile
1691 4917 1795 4975 est,
1815 4909 2031 4979 juvate;

464 5005 788 5075 peregrinos
819 5005 954 5061 satis
984 5012 1233 5077 prompte
1265 5004 1319 5058 in
1342 5004 1594 5058 domibus
1630 5003 1826 5057 vestris
1859 5002 2037 5057 susci-

464 5096 576 5151 oite
596 5095 667 5152 ".
696 5094 763 5150 Et
794 5110 864 5151 ne
902 5094 1089 5150 omnia
1120 5111 1265 5150 nunc
1291 5096 1605 5167 singulatim
1633 5095 1812 5149 dicam
1833 5136 1849 5162 ,
1881 5110 2042 5150 omne

465 5202 671 5244 bonum
706 5189 825 5261 ipsa
856 5206 952 5260 per
981 5205 1041 5245 se
1070 5188 1141 5260 (si
1173 5190 1228 5245 in
1259 5190 1417 5244 vobis
1455 5186 1640 5259 fuerit)
1672 5187 1914 5242 charitas
1944 5204 2042 5244 vos

467 5282 655 5338 facere
676 5283 931 5349 docebit,
961 5283 1108 5339 sicut
1136 5290 1189 5337 et
1217 5281 1530 5338 econtrario
1561 5298 1655 5337 eos
1681 5283 1772 5351 qui
1805 5298 1836 5336 a
1867 5281 2042 5338 salute

468 5371 634 5428 alieni
658 5380 809 5439 sunt,
833 5388 997 5430 omne
1023 5374 1227 5427 malum
1253 5371 1431 5430 facere
1456 5373 1640 5429 odium
1670 5371 1847 5429 docet.

537 5577 581 5609 ⁸⁷
607 5577 671 5632 Et
703 5580 758 5633 in
794 5584 943 5639 Decr.
974 5581 1095 5647 lvo,
1136 5583 1232 5637 lib.
1286 5599 1381 5647 vn.
1457 5584 1503 5615 ⁸⁸
1544 5581 1819 5636 adornata.
1898 5582 1942 5614 ⁶⁹
1992 5581 2299 5635 extrudclur
2335 5598 2367 5631 a
2417 5576 2702 5647 regalibus.

1803 5652 1851 5683 ⁷⁸
1892 5650 2182 5720 ll.qu:est.
2230 5650 2283 5707 1,
2325 5649 2496 5720 Siqui
2540 5657 2638 5720 est.

1271 5724 1317 5754 ⁷⁸
1346 5722 1445 5774 bis.
1469 5720 1906 5792 Negligeiuiores.
1939 5732 1992 5774 et
2026 5723 2095 5773 ita
2134 5734 2369 5792 semper.

474 5790 522 5820 ⁷⁸⁸
549 5788 647 5842 Ms.
679 5806 997 5860 quacunque
1043 5792 1364 5845 sermonibus
1410 5787 1570 5845 suisf
1615 5787 1659 5823 ⁷⁸
1692 5792 1791 5845 Ms.
1849 5792 1966 5843 rita?
2015 5808 2032 5843 (

484 5858 528 5891 ⁸³
560 5858 661 5915 ΜΞ.
703 5878 733 5913 a
766 5859 931 5915 cultu.
1008 5863 1054 5894 ⁸³
1077 5863 1242 5915 Deum
1276 5862 1585 5915 amiserun'.
1616 5864 1778 5915 suinis
1817 5878 1895 5915 ac.
1976 5861 2019 5890 ⁸³

2133 5788 2342 5847 nitate,
2395 5787 2638 5843 doctrina
2660 5838 2675 5863 ,
2724 5795 2829 5844 etc.

2141 5902 2150 5913 .
2186 5858 2414 5915 diaconi.

2108 5876 2150 5915 5.
2186 5874 2414 5916 amcam.

471 5662 559 5721 ep.
587 5648 623 5701 2
663 5647 720 5705 S.
749 5649 979 5706 Evaristi
1008 5646 1179 5721 papae.
1253 5655 1299 5685 τ’
1333 5646 1521 5721 Matth.
1570 5669 1696 5707 xxv.

474 5719 587 5772 sia'.
692 5722 737 5752 ⁷⁸
768 5721 959 5775 Const.
987 5719 1045 5785 Ii,
1070 5719 1159 5777 Η.

484 5858 528 5891 ⁸³
560 5858 661 5915 ΜΞ.
692 5858 733 5913 Va
766 5858 931 5916 cultu.
1008 5863 1054 5894 ⁸³
1077 5863 1242 5917 Deum
1276 5862 1585 5929 antis-erum,
1616 5864 1778 5932 spinis
1817 5878 1895 5915 ac.

2142 4636 2490 4693 cessitatibus
2517 4645 2569 4689 et
2599 4636 2848 4691 cladibus
2870 4646 3170 4706 temporum
3209 4634 3455 4698 veniunt,
3485 4648 3715 4704 quicque

2143 4730 2411 4783 malorum
2443 4729 2790 4784 sermonibus
2832 4727 2879 4759 ⁷⁸
2908 4730 2962 4781 in
2996 4725 3162 4781 corde
3200 4739 3303 4782 suo
3345 4727 3491 4781 velut
3530 4724 3714 4795 jacula

2141 4822 2317 4877 defixa
2365 4820 2798 4886 circumferunt,
2851 4818 3185 4889 abjiciuntur
3219 4820 3405 4873 omnia
3446 4818 3715 4889 pradica-

2139 4914 2289 4968 tione
2311 4914 2576 4980 veritatis,
2606 4922 2659 4968 et
2688 4914 2807 4967 vita:
2823 4923 3036 4968 interna:
3057 4911 3307 4967 doctrina
3335 4913 3403 4977 ⁷⁸,
3442 4921 3495 4967 et
3535 4911 3715 4969 erudi-

2142 5006 2287 5060 tione
2323 5012 2569 5075 purgata.
2610 5005 2866 5074 Alioquin
2898 5004 2943 5061 si
2972 5006 3148 5059 multo
3176 5012 3422 5074 tempore
3463 5004 3711 5059 auditum

2142 5095 2470 5149 subtrahant
2492 5111 2521 5148 a
2548 5095 2714 5150 verbo
2737 5094 2851 5159 Dei,
2884 5102 2939 5150 et
2972 5102 3292 5150 remaneant
3318 5095 3364 5127 ’θ
3396 5095 3450 5149 in
3483 5095 3636 5149 cultu
3666 5096 3710 5127 "

2140 5187 2422 5250 vitiorum,
2448 5187 2565 5240 sine
2594 5185 2763 5240 dubio
2787 5186 2961 5256 spinis
2988 5194 3151 5242 erunt
3178 5202 3241 5240 ac
3268 5186 3314 5218 ⁸³
3338 5187 3589 5242 sentibus
3618 5201 3716 5240 oc-

2138 5278 2345 5349 cupati.
2374 5277 2438 5330 Et
2467 5278 2595 5348 quid
2623 5277 2792 5341 aliud,
2825 5277 2933 5332 nisi
2963 5276 3030 5332 ad
3063 5279 3241 5346 ignem
3278 5276 3402 5333 talis
3422 5277 3536 5332 hanc
3567 5286 3713 5331 terra

2141 5368 2572 5441 prteparabitur?
2594 5369 2670 5425 De
2701 5370 2788 5425 his
2808 5384 2968 5441 ergo,
2993 5376 3055 5424 ut
3085 5368 3350 5433 diximus,
3380 5367 3636 5423 diaconis
3665 5367 3713 5399 ⁸³

2779 5578 3077 5633 “Constit.
3138 5577 3291 5633 rvi.
3363 5576 3410 5609 "
3469 5571 3600 5629 item
3653 5591 3710 5629 In

2749 5648 2796 5681 ⁷⁸
2840 5649 3091 5704 Distinet.
3147 5650 3238 5714 95,
3268 5646 3491 5700 Diaconi
3527 5643 3713 5698 Eccle-

2478 5719 2523 5749 ⁷⁷
2562 5718 2661 5773 Ms.
2704 5720 2815 5787 qui,
2868 5728 2922 5775 et
2949 5736 3014 5787 ex
3047 5718 3541 5787 rece_ntiori_manu
3569 5730 3707 5783 qua.

2941 5786 2989 5821 ⁸ο
3036 5784 3221 5841 inculti
3271 5782 3517 5836 vitiorum
3544 5822 3556 5847 ,
3581 5782 3705 5841 rete.
