4090 6250
298 373 404 431 469

1531 336 1889 398 EPISTOLE
1920 327 2393 390 DECRETALES.

3432 318 3538 376 470

298 501 433 545 cura
456 482 548 539 sit.
570 479 678 536 Sed
705 483 760 535 et
778 491 875 533 eos
896 472 991 544 qui
1020 464 1320 528 secundum
1339 474 1561 519 carnem
1582 459 1869 528 aegrotant.
1901 454 1949 509 Α
1977 446 2154 500 tiones
2182 443 2324 545 ipsa:
2343 437 2397 545 ’ξ
2417 435 2578 492 bonis
2606 431 2851 535 moribus
2889 438 2943 490 et
2966 429 3124 536 bonis
3157 430 3413 500 operibus
3446 431 3545 485 ad-

300 577 537 637 sollicite
567 570 908 644 perquirant,
938 572 993 621 et
1028 562 1173 635 plebi
1203 560 1275 633 (si
1303 557 1442 613 forte
1471 552 1626 625 plebs
1656 550 1703 581 ⁸⁸
1727 549 1877 618 igno-

303 670 410 741 rat)
441 667 687 724 indicent
709 663 777 718 de
802 662 911 728 his,
954 666 1016 714 ut
1054 663 1108 712 et
1145 650 1501 725 ipsivisitent
1527 660 1644 709 eos,
1676 649 1732 697 et
1757 653 1878 710 quae

303 761 619 821 necessaria
640 765 792 822 sunt,
830 755 1107 825 praebeant
1136 750 1215 804 eis
1241 760 1366 801 cum
1395 739 1734 797 conscientia
1756 735 1877 804 ejus

304 857 398 928 qui
436 860 649 927 praeest.
690 848 847 916 Quod
877 847 922 880 ⁸⁸
949 853 1131 899 tamen
1160 840 1329 897 etiam
1360 836 1406 891 si
1439 835 1576 889 clam
1609 826 1840 885 fecerint
1859 865 1877 890 ,

305 919 417 1005 non
436 919 773 1018 peccabunt,
804 938 899 995 sed
948 946 1004 994 et
1030 936 1097 991 de
1127 929 1460 1005 peregrinis'
1485 922 1734 982 similiter
1763 919 1880 989 epi-

310 1010 474 1108 sr:0po
534 1036 827 1106 suggerant
861 1024 1205 1092 refovendis;
1239 1029 1292 1077 et
1320 1027 1513 1075 caetera
1541 1014 1628 1069 his
1659 1010 1877 1073 similia,

311 1101 431 1200 qtle
468 1126 536 1181 ad
575 1101 781 1180 cultum
806 1119 1063 1175 Ecclesiae
1104 1122 1159 1171 et
1199 1110 1543 1182 disciplinam
1572 1107 1691 1177 ejus
1716 1101 1882 1174 perti-

313 1197 461 1285 nent,
491 1217 738 1275 diaconis
767 1211 912 1269 cu'rae
937 1211 1047 1267 sint
1076 1209 1143 1266 ⁸⁸.
1189 1206 1294 1273 Qui
1324 1201 1686 1265 catechizaut,
1718 1197 1774 1251 id
1802 1204 1885 1252 est

314 1313 407 1383 qui
435 1309 605 1366 verbo
632 1308 913 1363 instruunt
944 1300 1270 1371 incipientes
1291 1337 1308 1361 ,
1344 1295 1522 1368 primo
1555 1296 1792 1361 oportet,
1824 1293 1885 1351 ut

316 1382 418 1473 ipsi
448 1398 705 1456 instructi
734 1396 882 1464 sint;
913 1394 980 1449 de
1002 1392 1183 1447 anima
1208 1390 1353 1446 enim
1378 1388 1557 1460 agitur
1578 1382 1883 1440 hominum.

316 1497 381 1551 Et
412 1501 625 1567 oportet
653 1506 777 1547 eum
805 1488 897 1561 qui
928 1487 1086 1542 docet
1114 1492 1168 1541 et
1191 1482 1418 1539 instruit
1439 1480 1651 1536 animas
1682 1476 1846 1535 rudes
1867 1514 1883 1542 ,

318 1606 439 1648 esse
464 1589 628 1643 talem
649 1628 664 1653 ,
695 1592 755 1640 ut
784 1598 884 1655 pro
915 1581 1132 1653 ingenio
1159 1577 1490 1635 discentium
1532 1572 1887 1643 semetipsum

321 1680 493 1753 possit
521 1686 730 1749 aptare,
752 1683 805 1730 et
831 1672 983 1730 verbi
1017 1671 1261 1726 ordinem
1285 1683 1386 1739 pro
1416 1665 1687 1721 audientis
1726 1676 1889 1733 capa-

323 1778 485 1832 citate
522 1773 779 1843 dirigere.
815 1768 985 1824 Debet
1011 1780 1142 1836 ergo
1171 1764 1289 1834 ipse
1321 1762 1597 1833 praecipue
1628 1760 1675 1794 ⁸⁷
1699 1758 1886 1831 appri-

324 1884 409 1922 me
435 1880 559 1921 esse
587 1861 837 1919 eruditus
859 1865 914 1913 et
942 1856 1138 1912 doctus
1161 1894 1176 1921 ,
1211 1846 1737 1923 irreprehensibilis,
1766 1860 1888 1902 ma~

324 1967 504 2021 turus,
532 1951 860 2024 impavidus,
900 1948 1044 2007 sicut
1061 1946 1166 2017 ipsi
1188 1943 1491 2017 probabitis
1511 1940 1627 1997 fore
1648 1939 1894 1996 Clemen-

324 2062 435 2105 tem
469 2047 614 2101 hunc
634 2052 754 2115 post
778 2056 885 2096 me.
923 2037 1151 2094 Multum
1180 2043 1265 2094 est
1296 2042 1499 2101 autem,
1532 2034 1582 2089 si
1608 2046 1711 2105 ego
1744 2044 1894 2087 nunc

327 2145 396 2198 de
436 2139 690 2211 singulis,
718 2153 836 2209 quae
858 2134 1237 2207 unusquisque
1263 2130 1469 2189 habere
1503 2128 1737 2199 debeat,
1765 2143 1895 2200 pro-

330 2246 553 2307 sequar.

397 2324 783 2380 Verumtamen
811 2321 945 2378 illud
979 2329 1064 2378 est
1088 2318 1236 2392 quod
1255 2333 1367 2390 pra:
1391 2318 1604 2375 caeteris
1624 2316 1694 2372 ab
1722 2314 1901 2372 omni-

330 2417 432 2473 bus
461 2415 617 2471 vobis
644 2414 805 2484 cupio
826 2413 880 2468 in
910 2425 1197 2468 commune
1213 2408 1439 2474 servari,
1465 2415 1526 2462 ut
1551 2403 1900 2462 concordiam

332 2507 587 2571 teneatis,
618 2522 713 2577 per
740 2505 885 2575 quod
916 2504 1091 2560 solum
1121 2502 1167 2534 ⁸³
1196 2500 1424 2572 potestis
1456 2507 1676 2569 portum
1698 2496 1900 2568 quietis
1930 2557 1941 2565 ε

337 2598 562 2660 intrare,
587 2602 642 2650 et
663 2595 934 2649 civitatem
962 2592 1158 2648 summi
1184 2592 1346 2663 regis,
1373 2605 1495 2662 quae
1524 2603 1630 2660 pax
1647 2589 1900 2645 nomina-

336 2695 445 2753 tur,
472 2687 721 2742 habitare
748 2685 815 2740 ⁸⁹.
849 2684 1055 2741 Similis
1068 2684 1113 2718 ὀ
1150 2698 1385 2754 namque
1406 2689 1490 2739 est
1519 2689 1694 2739 status
1722 2680 1904 2749 omnis

339 2779 595 2836 Ecclesia:
640 2794 853 2850 magnae
900 2778 1060 2841 navi,
1109 2792 1230 2848 quae
1252 2792 1348 2847 per
1380 2775 1653 2830 undosum
1680 2774 1905 2845 pelagus

340 2871 570 2926 diversis
591 2886 621 2924 e
653 2869 790 2924 locis
818 2876 872 2924 et
895 2867 1208 2939 regionibus
1239 2867 1388 2925 viros
1417 2871 1616 2935 portat,
1642 2866 1713 2918 ad
1741 2878 1903 2919 unam

343 2961 578 3031 potentis
602 2959 755 3031 regni
783 2958 971 3015 urbem
996 2971 1289 3027 properare
1316 2955 1620 3025 cupientes.
1662 2949 1743 3005 Sit
1776 2965 1905 3021 ergo

344 3054 495 3109 navis
520 3052 686 3122 hujus
716 3050 977 3105 Dominus
1002 3049 1071 3115 “,
1100 3049 1215 3119 ipse
1244 3046 1588 3117 omnipotens
1622 3045 1781 3113 Deus,
1809 3059 1908 3115 gu—

346 3147 600 3200 bernator
622 3160 753 3200 vero
784 3144 856 3199 sit
879 3142 1148 3198 Christus.
1185 3140 1321 3195 Tum
1348 3140 1544 3194 deinde
1576 3145 1807 3210 proretae
1829 3136 1913 3192 οἱ·
1940 3138 1981 3194 C

348 3240 528 3292 licium
580 3238 871 3307 epise0pus
927 3236 1181 3305 impleat,
1234 3232 1540 3305 presbyteri
1585 3239 1913 3297 nautarum,

348 3328 562 3384 diaconi
593 3328 1035 3397 dispensatorum
1066 3324 1244 3378 locum
1268 3330 1486 3378 teneant
1520 3339 1533 3376 :
1567 3320 1623 3374 hi
1653 3320 1749 3391 qui
1769 3328 1917 3376 cate-

349 3422 588 3485 chizaut,
620 3419 930 3488 nautologis
974 3416 1361 3484 conferantur;
1409 3414 1643 3486 epibatis
1690 3421 1871 3469 autem
1898 3456 1914 3482 ,

352 3514 522 3568 totius
552 3511 909 3567 fraternitatis
933 3509 1222 3564 multitudo
1245 3508 1439 3565 similis
1463 3507 1567 3579 sit;
1591 3508 1769 3577 ipsum
1789 3524 1922 3579 quo-

353 3620 462 3674 que
487 3620 633 3660 mare
651 3605 741 3659 hic
770 3602 1007 3661 mundus
1029 3601 1294 3656 habeatur
1325 3619 1338 3655 :
1370 3606 1654 3655 ventorum
1677 3614 1804 3655 vero
1822 3615 1921 3655 va-

356 3700 580 3753 rietates
608 3705 661 3753 et
692 3696 968 3751 turbinum
991 3734 1007 3760 ,
1039 3693 1271 3749 diversis
1312 3693 1706 3751 tentationibus
1734 3693 1921 3750 confe-

356 3802 589 3847 rantur:
638 3790 1073 3862 persecutiones,
1125 3786 1506 3843 tribulationes
1546 3795 1601 3843 et
1643 3788 1919 3857 pericula.

357 3884 614 3938 fluctibus
652 3887 1025 3951 exaequentur.
1070 3877 1297 3933 Terreni
1345 3893 1473 3933 vero
1519 3873 1779 3949 spiritus,
1828 3880 1922 3949 qui

359 3975 439 4030 vel
469 3973 537 4028 de
558 3972 915 4035 torrentibus,
940 3969 1029 4023 vel
1049 3967 1115 4022 de
1142 3965 1481 4022 convallibus
1504 3966 1734 4037 spirant,
1761 3981 1926 4037 pseu-

360 4066 816 4137 dOprophetarum
849 4070 902 4118 et
930 4060 1301 4127 seductorum,
1332 4075 1425 4116 seu
1456 4074 1636 4130 prava:
1667 4058 1927 4114 doctrinae

361 4158 527 4212 verba
561 4156 833 4210 ducantur
860 4154 906 4186 θ’
942 4172 954 4207 :
988 4151 1358 4223 promontoria
1387 4165 1517 4206 vero
1547 4161 1604 4205 et
1637 4150 1759 4205 loca
1789 4164 1925 4207 cons

365 4247 600 4321 fragosa,
638 4247 691 4301 hi
718 4244 813 4316 qui
845 4246 901 4299 in
930 4244 1292 4314 potestatibus
1323 4242 1511 4299 sazculi
1534 4249 1664 4299 sunt
1688 4241 1924 4313 iudices.

364 4353 418 4399 et
444 4340 687 4413 pericula
721 4340 1000 4394 minantur
1027 4346 1080 4392 et
1112 4345 1336 4393 mortes.
1386 4335 1694 4391 Dithalassa
1725 4335 1771 4367 "
1799 4351 1930 4391 vero

366 4436 519 4499 loca,
551 4446 674 4504 quae
702 4429 1013 4500 duplicibus
1060 4429 1217 4483 undae
1251 4427 1460 4483 fallacis
1481 4428 1707 4483 aestibus
1740 4428 1932 4484 verbe-

366 4533 581 4590 rantur,
615 4523 799 4579 dubiis
828 4530 1030 4586 mente,
1070 4528 1125 4575 et
1162 4519 1230 4577 de
1270 4519 1760 4589 repromissionum
1791 4520 1933 4575 veri-

369 4628 480 4673 tate
507 4615 832 4673 nutantibus
854 4615 1241 4678 conferantur,
1264 4620 1429 4683 atque
1457 4612 1546 4668 his
1584 4611 1678 4681 qui
1718 4612 1937 4671 irratio-

370 4710 540 4764 nabili
568 4707 728 4763 fidem
762 4716 1009 4763 nostram
1033 4706 1246 4762 ratione
1274 4704 1600 4763 discutiunt.
1631 4703 1938 4776 Hypocritte

372 4811 555 4857 autem
572 4808 627 4858 et
642 4801 838 4867 dolosi,
864 4799 1055 4871 piratis
1084 4797 1303 4855 similes
1320 4797 1641 4854 habeantur.
1667 4796 1785 4851 Jam
1809 4814 1939 4855 vero

375 4894 600 4965 rapidus
632 4899 841 4959 vortex,
873 4899 928 4947 et
967 4897 1208 4946 tartarca
1236 4888 1577 4960 Charybdis,
1610 4898 1664 4944 et
1689 4889 1841 4945 saxis
1870 4890 1938 4942 il-

375 4988 480 5041 lisa
522 4984 828 5055 naufragia,
880 4999 945 5040 ac
980 4982 1275 5038 mortiferae
1313 4981 1761 5045 submersiones,
1811 4982 1942 5051 quid

375 5077 527 5133 aliud
576 5078 896 5137 aestimanda
959 5084 1123 5140 sunt,
1200 5090 1375 5147 quam.
1423 5075 1685 5145 peccata?
1744 5073 1938 5130 Restat

378 5175 587 5244 igitur,
660 5179 720 5226 nt
780 5170 896 5225 haec
949 5170 1103 5225 navis
1159 5184 1323 5224 cursu
1355 5183 1619 5238 prospero
1660 5175 1775 5221 tuta
1816 5184 1943 5238 pos-

380 5268 455 5321 sit
484 5273 698 5336 portum
739 5262 1060 5318 desiderata:
1094 5260 1246 5315 urbis
1292 5260 1499 5315 intrare
1520 5299 1535 5322 ,
1574 5260 1648 5314 ita
1684 5259 1794 5315 Deo
1823 5275 1947 5329 pre-

380 5369 515 5409 cem.
535 5353 760 5409 fundere
790 5353 1128 5424 navigantes,
1164 5358 1224 5404 ut
1256 5358 1571 5405 mereantur
1599 5352 1797 5406 audiri.
1831 5353 1944 5405 Au-

381 5446 493 5502 diri
521 5455 704 5503 autem
726 5462 757 5500 a
784 5445 895 5501 Deo
922 5447 998 5501 ita
1019 5444 1237 5500 demum
1267 5443 1563 5498 merebitur
1585 5444 1728 5521 quis,
1755 5445 1801 5499 si
1826 5460 1951 5500 ora.

470 5631 518 5669 ιι
548 5628 629 5685 Ex
656 5646 760 5686 ms.
803 5630 923 5686 dele

386 5703 438 5737 “
497 5716 653 5773 quam
686 5701 877 5755 solam.

387 5773 437 5805 ⁹¹
464 5768 705 5829 Anaclet.
730 5773 887 5841 epist.
925 5771 978 5831 1,
1000 5768 1191 5823 Const.
1232 5784 1294 5841 ll,
1318 5768 1406 5821 6L

974 5626 1132 5699 plebs.
1165 5697 1177 5699 _
1216 5626 1432 5699 "Dist.
1468 5626 1571 5683 93.
1599 5626 1821 5699 Diaconi
1853 5628 2125 5684 Ecclesiar.

991 5701 1036 5771 εξ
1068 5697 1526 5771 Redundatvox_
1559 5698 1822 5763 habitare,
1882 5716 1981 5755 nec
2038 5701 2263 5771 legitur
2300 5701 2352 5771 in
2392 5715 2494 5753 ms.
2562 5699 2617 5771 A9“
2653 5696 2749 5771 lvo
2789 5699 2840 5752 in
2901 5698 3082 5771 ρεστ-ει

1973 536 2255 606 juventur.
2291 528 2400 586 Sed
2433 535 2560 583 ante
2608 525 2792 581 omnia
2830 539 2956 582 cum
2989 524 3171 593 quiete
3199 532 3253 579 et
3292 516 3565 587 silentio,

1977 627 2210 698 epibatae
2237 623 2314 696 (id
2345 632 2430 678 est
2458 617 2611 690 laici)
2644 618 2700 672 in
2730 617 2847 675 suis
2870 617 3249 686 unusquisque
3278 616 3554 671 resideant

1978 716 2150 782 locis,
2186 730 2256 770 ne
2289 713 2429 768 forte
2476 725 2574 780 per
2616 707 3047 779 inquietudinem
3073 745 3089 771 ,
3143 711 3198 760 et
3243 705 3555 762 inconditos

1979 807 2312 875 inutilesque
2352 803 2639 858 discursus
2660 840 2676 868 ,
2718 798 2765 853 si
2794 797 3001 869 passim
3031 796 3218 867 vagari
3246 797 3516 865 ceperint
3536 837 3552 860 ,

1981 899 2065 954 vel
2090 898 2157 951 ab
2186 896 2364 951 ofﬁcio
2398 909 2501 950 suo
2536 898 2735 946 nautas
2765 888 3100 959 impediant,
3130 888 3215 942 vel
3237 887 3292 941 in
3322 888 3555 942 alterum

1980 992 2125 1046 latus
2174 1003 2270 1059 per
2322 982 2757 1055 inquietudinem
2803 993 2995 1036 eorum
3040 977 3199 1034 navis
3232 992 3420 1049 pressa
3462 979 3557 1033 de.

1982 1087 2281 1152 mergatur.
2309 1076 2598 1146 Nautologi
2618 1075 2688 1131 de
2712 1071 3055 1128 mercedibus
3070 1071 3117 1102 "
3142 1079 3553 1134 commoneant;

1983 1180 2037 1228 et
2062 1171 2199 1227 nihil
2228 1168 2456 1225 omnino
2492 1167 2639 1237 quod
2678 1164 2745 1219 ad
2779 1161 3119 1233 diligentiam
3157 1160 3245 1215 vel
3282 1160 3349 1215 ad
3391 1160 3559 1216 disci—

1983 1264 2189 1336 plinam
2228 1260 2483 1333 pertinet,
2514 1257 2731 1313 diaconi
2762 1254 3061 1326 negligant.
3090 1250 3401 1323 Presbyteri
3450 1250 3559 1305 vel-

1959 1368 1972 1397 ι’
1988 1360 2049 1410 ut
2088 1358 2269 1407 nautae
2298 1356 2485 1421 aptent
2514 1348 2727 1419 singula
2763 1346 2830 1400 ad
2856 1341 3273 1400 instructionem
3301 1339 3458 1395 navis
3478 1338 3563 1392 di-

1984 1442 2253 1515 ligenter,
2300 1446 2355 1495 et
2401 1440 2677 1493 instruant
2722 1451 2843 1507 qua:
2881 1435 2938 1489 in
2964 1448 3067 1489 suo
3104 1440 3348 1503 tempore
3378 1429 3563 1499 requi-

1987 1532 2158 1589 renda
2190 1538 2340 1588 sunt.
2366 1528 2674 1599 Episc0pus
2701 1533 2962 1596 tanquam
2987 1528 3244 1594 proreta,
3276 1518 3564 1591 vigilanter

1988 1632 2044 1679 et
2080 1622 2311 1679 sollicite
2358 1618 2744 1693 gubernatoris
2791 1615 2959 1672 verba
3008 1612 3282 1669 custodiat
3333 1608 3563 1666 Christi.

1993 1714 2247 1771 Salvator
2276 1712 2543 1768 Dominus
2586 1710 2925 1782 gubernator
2962 1704 3223 1761 Ecclesiae
3256 1718 3402 1767 suae,
3443 1699 3568 1755 dili-

1918 1795 1966 1857 B
1992 1813 2151 1878 gatur
2173 1805 2241 1860 ab
2268 1802 2546 1866 omnibus,
2570 1810 2623 1857 et
2652 1799 2827 1871 ipsius
2851 1797 3025 1853 solius
3043 1792 3333 1866 praeceptis
3357 1805 3422 1845 ac
3446 1790 3566 1860 jus-

1996 1897 2075 1954 sis
2113 1895 2302 1951 credat
2328 1900 2384 1949 et
2415 1891 2632 1947 obediat
2662 1889 2840 1945 omnis
2879 1885 3148 1942 Ecclesia.
3200 1882 3312 1938 Deo
3353 1893 3571 1952 quoque

1996 1985 2374 2043 indesinenter
2397 1982 2734 2052 supplicetur
2766 1994 2798 2034 a
2840 1975 3058 2032 cunctis
3091 1973 3158 2029 de
3199 1968 3563 2044 prosperitate

1997 2087 2327 2145 ventorum,
2365 2082 2425 2131 ut
2454 2074 2775 2144 navigantes
2819 2083 3037 2127 omnem
3078 2062 3488 2121 tribulationem
3518 2068 3573 2115 et

1998 2187 2161 2229 omne
2201 2168 2509 2243 periculum
2554 2170 2850 2236 superent,
2880 2171 3143 2231 tanquam
3171 2171 3322 2212 mare
3347 2152 3575 2227 profun-

1999 2264 2133 2321 dum
2152 2259 2342 2318 mundi
2373 2259 2534 2315 istius
2555 2266 2609 2312 et
2637 2256 2763 2310 vitae
2793 2253 3045 2308 humana:
3066 2250 3287 2321 pelagus
3314 2246 3577 2316 navigan-

2000 2362 2106 2421 tes,
2140 2352 2200 2408 in
2227 2364 2336 2423 quo
2362 2345 2715 2405 esuriendum
2745 2342 2817 2398 sit
2844 2348 2898 2397 et
2923 2337 3243 2402 sitiendum,
3272 2332 3577 2388 nuditatem

2002 2458 2217 2517 quoque
2251 2439 2559 2504 ferendam,
2594 2434 2817 2490 morbos
2848 2433 3008 2488 etiam
3051 2426 3300 2498 corporis
3339 2432 3392 2480 et
3417 2424 3577 2493 aegri-

2003 2513 2224 2589 tudines
2254 2527 2595 2586 tolerandas.
2620 2524 2848 2594 Insuper
2875 2529 2929 2577 et
2958 2518 3241 2574 hominum
3273 2513 3487 2573 insidiis
3515 2525 3579 2565 ac

2005 2623 2131 2681 dolo
2153 2636 2295 2691 saepe
2314 2616 2709 2683 laborandum,
2748 2613 2949 2684 quippe
2976 2610 3069 2682 qui
3101 2604 3494 2678 dispergendos
3522 2616 3583 2658 se

2006 2725 2399 2782 nonnunquam
2427 2708 2700 2776 noverint,
2724 2704 2821 2761 sed
2848 2701 3143 2773 aliquando
3166 2699 3331 2755 etiam
3354 2710 3597 2768 congrea

2008 2802 2237 2879 gandos,
2270 2799 2513 2855 vomitus
2540 2808 2759 2867 quoque
2789 2798 2843 2851 et
2867 2788 3248 2861 sugillationes
3293 2783 3545 2837 ferendas
3565 2820 3581 2843 ,

2010 2871 2136 2950 cum
2166 2908 2233 2949 ex
2254 2888 2580 2947 confusione
2608 2890 2959 2956 peccatorum
2988 2886 3041 2934 et
3076 2875 3378 2947 rejectione
3405 2871 3587 2927 crimi-

2011 3002 2163 3050 num,
2186 2984 2334 3039 velut
2362 2980 2503 3035 male
2523 2974 2837 3049 congregati
2882 2973 2938 3027 in
2969 2969 3275 3027 visceribus
3299 2967 3437 3023 fellis
3457 3005 3471 3029 ,
3502 2964 3587 3036 ja-

2015 3086 2173 3131 ctura
2203 3069 2453 3126 facienda
2487 3073 2610 3135 est,
2653 3072 2707 3121 et
2750 3059 3057 3133 abiicienda
3105 3073 3332 3131 prorsus
3364 3072 3394 3111 e
3426 3055 3589 3110 corde

2017 3164 2197 3219 omnis
2223 3160 2559 3216 intrinsecus
2587 3170 2709 3227 qua:
2755 3154 2887 3208 latet
2928 3149 3236 3205 amaritudo
3265 3146 3511 3219 peccati,
3541 3144 3589 3208 si

2016 3272 2125 3328 qua
2152 3255 2291 3311 forte
2314 3269 2381 3310 ex
2402 3249 2692 3307 desideriis
2716 3245 2940 3316 iniquis,
2971 3244 3118 3299 velut
3133 3257 3200 3296 ex
3232 3239 3369 3295 cibis
3388 3237 3590 3302 noxiis,

2017 3352 2347 3417 congregata
2380 3352 2484 3399 est.
2518 3340 2693 3408 Quam
2724 3338 2917 3408 utique
2963 3350 3090 3389 cum
3128 3332 3434 3389 evomuerit
3467 3330 3594 3401 quis

2018 3446 2072 3494 et
2107 3436 2394 3508 abjecerit,
2426 3432 2661 3505 ingentis
2679 3427 3017 3501 aegritudinis
3040 3424 3360 3481 liberabitur
3381 3421 3593 3484 morbo,

2023 3531 2071 3584 si
2102 3539 2285 3583 tamen
2315 3534 2439 3598 post
2478 3523 2742 3579 vomitum
2766 3560 2782 3587 ,
2816 3534 2938 3591 qua:
2977 3518 3044 3572 ad
3090 3515 3382 3573 sanitatem
3428 3511 3599 3585 perti-

2023 3627 2178 3685 nent,
2212 3624 2415 3675 sumat.
2457 3615 2848 3671 Verumtamen
2897 3610 3093 3665 scitote
3128 3608 3315 3663 cuncti
3337 3606 3419 3671 ",
3451 3605 3598 3674 quod

2023 3724 2188 3781 supra
2236 3722 2427 3763 omnes
2472 3718 2572 3762 vos
2614 3704 2829 3759 laboret
2883 3701 3209 3771 episcopus;
3257 3695 3384 3768 quia
3428 3711 3601 3750 unus-

2023 3802 2257 3874 quisque
2286 3806 2527 3855 vestrum
2564 3810 2724 3851 suum
2755 3792 3035 3865 proprium
3065 3790 3170 3845 fert
3198 3790 3474 3856 laborem,
3510 3787 3602 3841 ille

2023 3910 2154 3952 vero
2186 3900 2239 3948 et
2267 3907 2428 3948 suum
2465 3896 2519 3945 et
2548 3888 2911 3959 singulorum.
2946 3884 3176 3955 Propter
3205 3880 3372 3953 quod,
3411 3895 3445 3936 ο
3478 3882 3604 3936 Cle-

2025 4001 2203 4051 mens,
2256 3991 2519 4053 tanquam
2558 3981 2653 4051 qui
2686 3979 2942 4033 omnibus
2974 3990 3207 4047 praeesse
3252 3982 3307 4029 te
3344 3973 3562 4028 noveris
3584 4014 3602 4040 ,

2028 4077 2278 4149 singulos
2302 4073 2488 4147 (prout
2532 4070 2798 4141 potueris)
2823 4069 2977 4139 jnva,
3010 4074 3064 4122 et
3112 4067 3359 4136 singulos
3390 4066 3601 4131 releva,

2029 4171 2122 4241 qui
2173 4177 2229 4225 et
2285 4166 2625 4237 singulorum
2674 4176 2814 4216 onus
2836 4168 2891 4215 et
2936 4156 3363 4213 sollicitudinem
3394 4162 3600 4226 portas.

2032 4255 2188 4313 Unde
2225 4264 2281 4311 et
2308 4270 2409 4326 ego
2440 4268 2586 4309 nunc
2616 4252 2759 4305 hanc
2789 4249 2887 4304 tibi
2917 4247 3211 4318 injungens
3243 4246 3608 4316 dispensatio-

2031 4363 2179 4412 nem,
2207 4346 2324 4402 scio
2356 4345 2484 4416 quia
2526 4342 2740 4413 accipio
2770 4340 3001 4411 gratiam
3030 4337 3238 4407 magis,
3269 4351 3432 4407 quam
3468 4351 3607 4406 prte-

2035 4448 2141 4493 sto.
2176 4435 2285 4492 Sed
2324 4444 2444 4492 esto
2488 4432 2769 4488 conlidens
2802 4437 2857 4486 et
2894 4428 3109 4485 fortiter
3160 4426 3376 4492 ferens;
3423 4434 3608 4482 certus

2040 4528 2167 4599 quia
2192 4526 2396 4583 laboris
2428 4525 2508 4579 tui
2534 4523 2789 4579 meritum
2816 4520 3049 4591 recipies
3069 4561 3083 4586 ,
3125 4534 3252 4575 cum
3292 4518 3361 4572 ad
3390 4526 3607 4589 portum

2041 4622 2241 4696 quietis
2302 4619 2633 4674 incolumem
2693 4616 2835 4669 hanc
2885 4613 3200 4685 provexeris
3256 4627 3471 4668 navem.
3533 4610 3612 4666 lbi

2045 4715 2325 4773 mercedes
2348 4722 2403 4769 et
2437 4712 2659 4785 praemia
2694 4726 2793 4781 pro
2821 4711 3069 4765 omnium
3101 4708 3277 4764 salute
3308 4708 3575 4778 suscipies
3594 4748 3609 4773 ,

2047 4810 2096 4866 si
2124 4808 2215 4863 hic
2239 4822 2339 4878 pro
2367 4806 2611 4861 omnium
2643 4802 3025 4858 incolumitate
3066 4801 3394 4873 vigilaveris.
3428 4800 3615 4871 Itaque

2050 4902 2097 4958 si
2122 4908 2177 4956 te
2211 4899 2367 4957 multi
2386 4914 2416 4953 e
2451 4896 2712 4951 fratribus
2738 4902 2965 4966 propter
2988 4894 3224 4964 rigorem
3243 4893 3471 4962 justitia:
3491 4891 3616 4945 odio

2050 4991 2362 5055 habuerint,
2398 5005 2465 5047 ex
2495 4989 2596 5043 hoc
2619 4987 2837 5057 quidem
2868 5000 2978 5040 non
3016 4985 3249 5049 hederis,
3278 4984 3372 5039 sed
3407 4999 3473 5038 ex
3513 4983 3619 5037 hu~

2046 5083 2349 5154 juscemodi
2377 5081 2520 5137 odiis
2553 5095 2705 5135 amor
2731 5079 2827 5134 tibi
2859 5078 3243 5133 conciliabitur
3262 5075 3381 5134 Dei.
3406 5075 3473 5130 Et
3496 5076 3620 5131 ideo

2051 5186 2238 5247 satage
2260 5175 2432 5246 magis
2452 5182 2508 5229 et
2530 5173 2647 5229 refu
2658 5189 2741 5244 ge,
2769 5188 2835 5228 ne
2859 5171 3097 5227 lauderis
3128 5171 3195 5226 ab
3225 5168 3451 5239 iniquis,
3476 5175 3529 5224 et
3553 5185 3622 5224 ne

2054 5286 2082 5323 a
2119 5268 2359 5339 pessime
2406 5266 2693 5337 agentibus
2729 5265 3008 5335 diligaris;
3058 5264 3155 5322 sed
3188 5262 3370 5333 potius
3399 5267 3623 5333 pr0pter

2049 5360 2256 5429 justam
2286 5357 2752 5427 dispensationem
2784 5357 2828 5388 "
2848 5395 2864 5420 ,
2895 5363 2951 5411 et
2978 5354 3347 5424 aequissimam
3376 5352 3623 5424 regulam

2059 5449 2391 5519 disciplinae.
2440 5463 2472 5501 a
2515 5447 3065 5503 Christocollaudari
3111 5448 3372 5501 merearis
3397 5446 3465 5500 ".
3498 5444 3625 5501 llaec

2209 5629 2254 5661 ⁸⁸
2276 5628 2375 5684 Ms.
2400 5645 2531 5682 cura
2562 5637 2653 5683 Sil.
2730 5627 2774 5659 ⁸⁷
2812 5626 2997 5681 lnms.
3036 5625 3190 5683 abest
3217 5640 3320 5680 vox
3340 5626 3620 5695 prwcipue.

2210 5716 2235 5749 ι’
2300 5701 2352 5749 in
2392 5715 2494 5749 ms.
2571 5699 2617 5729 ’τ’
2658 5696 2749 5749 lvo
2789 5699 2840 5749 in
2901 5698 3082 5749 Decret
3155 5707 3293 5749 Dart.
3358 5712 3436 5749 ιιι.
3488 5712 3537 5749 c.
3572 5698 3620 5749 l.

3155 5707 3293 5766 part.
3358 5712 3436 5766 ut,
3488 5712 3537 5751 c.
3572 5707 3622 5751 1.

1483 5768 1530 5838 β’
1598 5778 1890 5838 rocentur._
1933 5772 1979 5802 ⁸³
2011 5764 2115 5838 Ms:
2159 5770 2484 5823 Bithalaaaa.
2559 5769 2604 5799 "
2646 5768 2811 5838 ipsius
2886 5769 2930 5801 θ’
2968 5764 3246 5824 mercibits.
3325 5769 3370 5799 ’°
3388 5764 3625 5823 Evarist.

388 5843 430 5898 2
480 5844 657 5915 epist;
718 5836 1151 5911 “disjustitiw
1209 5837 1667 5898 dispensationem,
1745 5839 1789 5871 ”
1848 5836 2005 5894 Gesta
2045 5837 2101 5894 S.
2153 5840 2338 5907 Petri,
2393 5856 2443 5908 p.
2499 5839 2623 5895 M5.
