4090 6250
458 424 555 477 471

1308 411 1365 469 S.
1403 408 1793 468 CLEMENTIS
1832 410 1850 463 ι
1890 406 2058 462 ROM.
2096 405 2292 461 PONT.
2336 405 2563 461 OPERA
2601 404 2827 461 DUBIA.

3580 406 3683 459 4·ἷὲ

459 528 583 593 cum
616 534 866 595 dixisset,
898 532 1055 587 ethis
1088 530 1288 585 similia
1310 528 1758 603 quamplurima,
1804 539 2023 579 rursum
2051 529 2096 585 Α
2124 521 2393 585 Clemens,
2424 537 2607 578 coram
2637 522 2891 575 omnibus
2941 519 3033 590 qui
3077 526 3377 589 praesentes
3426 524 3587 579 sunt,
3624 529 3684 572 ut

458 626 759 697 respiciens
783 615 855 676 ad
882 621 1160 692 populum,
1191 606 1325 671 dixit
1362 636 1383 683 εκ
1420 614 1524 669 Sed
1565 622 1617 667 et
1662 628 1780 677 vos,
1812 610 2025 664 charis-

460 719 581 773 simi
614 696 811 770 fratres
846 723 901 782 et
931 710 1180 767 conservi
1212 708 1341 777 mei,
1374 707 1498 761 huic
1528 705 1620 776 qui
1650 702 1903 775 praesidet
1932 686 2049 755 vo-‘

458 802 647 883 bisad
685 796 969 863 veritatem
992 801 1300 877 docendam
1324 841 1339 864 .
1389 799 1444 853 in
1480 798 1747 873 omnibus
1777 795 2022 857 obedite;

461 902 697 956 scientes
721 890 863 969 quod
892 896 938 951 si
963 896 1087 969 quis
1113 894 1258 947 hunc
1280 889 1704 952 contristaverit,
1725 886 2047 963 Christum,’

458 990 552 1065 qui
582 993 631 1047 ei
661 989 892 1045 docendi
920 978 1150 1059 credidit
1192 983 1532 1043 cathedram,
1571 995 1679 1034 non
1718 978 1929 1047 recipit.
1962 975 2027 1029 Et

462 1070 553 1153 qui
577 1082 854 1137 Christum
880 1093 986 1153 non
1019 1074 1342 1144 susceperit,
1362 1088 1460 1125 nec
1485 1070 1647 1125 Deum
1670 1067 1885 1122 Patrem
1904 1082 2027 1121 sus-

461 1176 672 1244 cepisse
709 1170 1067 1243 judicabitur,
1101 1175 1155 1222 et
1181 1152 1301 1220 ideo
1339 1181 1440 1218 nec
1472 1163 1587 1233 ipse
1616 1158 1945 1228 suscipietur
1970 1156 2024 1209 in

462 1284 629 1339 regno
651 1266 943 1339 cmlorum.
984 1259 1214 1330 Propter
1247 1253 1392 1326 quod
1436 1253 1667 1322 satagite
1714 1251 1780 1304 ad
1812 1265 2025 1303 omnem

462 1340 745 1435 collectam
764 1334 828 1410 et
848 1336 1323 1433 congregationem
1372 1358 1588 1413 semper
1622 1340 1935 1403 convenire,
1969 1344 2027 1392 ut

463 1428 572 1507 non
619 1449 766 1533 velut
814 1428 1149 1525 negligentes
1184 1432 1241 1495 et
1270 1436 1487 1511 desides
1530 1448 1560 1487 a
1588 1432 1775 1516 judice
1804 1431 2027 1521 Christo
2056 1506 2059 1513 ’

464 1523 924 1603 condemnemini.
952 1523 1353 1590 Corivenientes
1378 1542 1510 1584 vero
1536 1541 1751 1609 semper
1790 1524 1858 1588 ad
1903 1523 2028 1578 Cle-
2054 1592 2058 1601 ι

462 1618 719 1703 mentem,
750 1629 871 1683 date
901 1636 1354 1703 omnesoperam
1390 1633 1491 1689 pro
1530 1617 1649 1687 ipso
1700 1616 1924 1679 sentire,
1973 1621 2027 1693 et

464 1708 678 1797 simnno
716 1708 897 1785 studio
922 1700 1161 1783 favorem
1196 1721 1437 1769 vestrum
1469 1725 1596 1780 erga
1620 1708 1799 1777 ipsum
1843 1690 2055 1761 osten-dv

463 1816 591 1891 dere
612 1802 942 1892 "1,,‘scieittes
966 1794 1093 1879 quia
1122 1813 1342 1875 propter
1371 1803 1616 1872 singulos
1637 1809 1900 1862 vestrum,
1926 1799 2027 1869 ipsi

2127 622 2479 685 posteaquam
2509 614 2674 684 (sicut
2700 602 2909 667 naturae
2938 613 2957 644 ⁸
2979 612 3220 667 debitum
3248 609 3355 680 est)
3394 612 3519 662 vitae
3554 626 3687 680 pra:-

2128 708 2300 762 sentis
2324 708 2482 760 tinem
2510 705 2722 771 fecero,
2748 705 2767 735 ⁷
2797 702 2999 758 Jacobo
3034 698 3446 775 fratri’Domini,
3477 700 3688 754 descri-

2127 786 2217 869 pta
2239 797 2494 860 breviter,
2514 796 2596 851 vel
2622 810 2743 865 quae
2776 795 2842 848 ad
2869 793 3084 847 initium
3119 792 3241 846 fidei
3278 798 3386 845 tua:
3410 798 3683 860 spectant,

2126 888 2210 944 vel
2256 890 2420 943 etiam
2449 902 2586 957 quos
2609 894 2735 941 ante
2783 884 2940 939 fidem
2989 884 3202 937 animos
3224 883 3483 952 gesseris,
3509 881 3604 936 sed
3631 889 3687 936 et

2127 980 2360 1051 qualiter
2390 978 2525 1032 mihi
2548 980 2616 1033 ab
2667 977 2825 1032 initio
2859 992 3033 1045 usque
3069 973 3135 1028 ad
3168 973 3329 1028 finem
3358 988 3541 1027 comes
3592 974 3684 1027 iti-

2128 1072 2273 1125 neris
2296 1079 2349 1124 et
2395 1078 2617 1123 actuum
2644 1058 2830 1133 fueris,
2856 1082 3083 1137 quaeque
3127 1080 3222 1135 per
3264 1065 3509 1134 singulas
3545 1063 3683 1117 civi-

2126 1164 2266 1217 tates
2295 1162 2403 1232 (me
2450 1159 2783 1230 disputante)
2814 1159 3084 1213 sollicitus
3136 1156 3349 1213 auditor
3376 1154 3683 1225 exceperis,

2127 1255 2328 1323 quique
2404 1253 2459 1307 in
2520 1250 2999 1322 praedicationibus
3061 1247 3197 1302 meis
3252 1247 3339 1300 vel
3392 1246 3685 1300 verborum

2128 1345 2294 1399 fnerit
2341 1344 2477 1398 ordo
2506 1343 2585 1397 vel
2621 1350 2882 1408 actuum;
2911 1340 3005 1397 sed
3044 1340 3138 1409 qui
3190 1354 3277 1392 me
3310 1337 3432 1392 finis
3464 1338 3519 1390 in
3578 1336 3685 1389 hac

2128 1438 2261 1492 urbe
2286 1437 2567 1506 repererit,
2606 1437 2746 1489 sicut
2779 1432 2915 1499 dixi,
2956 1433 3138 1487 omnia
3164 1445 3327 1501 quam
3360 1436 3534 1498 potes,
3559 1427 3686 1481 bre-

2129 1530 2271 1583 viter
2327 1527 2744 1597 comprehensa,
2794 1526 2862 1580 ad
2916 1526 3094 1595 ipsum
3136 1531 3190 1579 te
3246 1521 3522 1577 destinare
3578 1534 3687 1573 non

2128 1619 2327 1691 pigeat.
2393 1612 2519 1674 Nec
2575 1618 2815 1674 verearis
2872 1632 2942 1672 ne
2997 1615 3136 1670 forte
3181 1614 3411 1667 multum
3470 1610 3539 1666 de
3569 1625 3689 1665 meo

2130 1711 2280 1766 exitu
2331 1710 2742 1767 contristandus
2809 1709 2901 1773 sit,
2932 1724 3057 1764 cum
3100 1707 3153 1761 id
3197 1721 3284 1760 me
3330 1719 3428 1775 pro
3489 1705 3689 1773 pietate

2131 1806 2404 1862 sustinere
2425 1822 2532 1860 non
2556 1804 2811 1874 ambigat.
2866 1801 2979 1855 Erit
3002 1809 3179 1855 autem
3221 1798 3270 1853 ei
3322 1795 3523 1868 grande
3545 1796 3690 1850 sola-

464 1884 638 1985 magis
669 1884 770 1958 soli
793 1900 1025 1975 infestus
1052 1904 1137 1953 est
1166 1896 1420 1951 inimicus
1440 1894 1529 1958 ‘°°,
1554 1900 1607 1947 et
1635 1891 1691 1945 in
1722 1892 1898 1960 ipsum
1916 1904 2029 1942 ma-

2134 1899 2293 1962 tium,
2324 1898 2372 1953 si
2412 1897 2686 1961 didicerit,
2738 1893 2883 1964 quod
2914 1899 3035 1962 post
3058 1906 3144 1945 me
3166 1905 3273 1944 non
3300 1888 3584 1958 imperitus
3608 1886 3691 1940 vir

461 2002 582 2071 jora
614 1996 847 2069 suscitat
875 1993 1036 2067 bella.

498 2092 760 2171 .Oportet
795 2101 924 2156 ergo
965 2100 1059 2157 vos
1096 2097 1310 2139 summo
1373 2078 1555 2135 studio
1607 2077 1733 2143 niti,
1787 2083 1846 2129 ut
1879 2074 2029 2129 omni

464 2168 592 2256 erga
630 2177 1037 2257 illumvinculo
1066 2175 1269 2230 amoris
1316 2172 1498 2226 innexi
1538 2168 1857 2239 plenissimo
1899 2181 2029 2235 erga

465 2256 589 2347 eum
620 2256 935 2347 inlizereatis
967 2266 1183 2344 allecto.
1401 2272 1456 2318 et
1502 2277 1599 2316 vos
1661 2274 1878 2330 quoque
1926 2257 2030 2327 ipsi

468 2368 753 2435 unanimes
783 2364 839 2421 in
862 2362 1009 2417 omni
1043 2356 1337 2413 concordia
1386 2354 1703 2425 perdurate.
1750 2366 1860 2420 quo
1894 2348 2031 2402 faci-

468 2462 575 2519 lius
604 2461 769 2515 etiam
795 2456 872 2509 illi
914 2452 1137 2508 obedire
1180 2462 1373 2503 omnes
1414 2445 1531 2515 pari
1561 2451 1615 2499 et
1662 2456 1936 2497 consensu
1977 2447 2031 2494 et

469 2550 830 2609 unanimitate
858 2545 1103 2618 possitis.
1137 2541 1367 2611 Propter
1406 2536 1551 2608 quod
1579 2544 1633 2591 et
1662 2551 1758 2590 vos
1798 2533 2030 2589 salutem

468 2641 755 2710 consequi,
781 2648 835 2694 et
863 2639 953 2692 ille
988 2635 1181 2707 possit,
1207 2630 1708 2701 obtemperantibus
1727 2626 1831 2681 sibi
1852 2624 2029 2687 vobis,

470 2732 773 2804 promptius
804 2724 1040 2795 impositi
1055 2724 1237 2777 oneris
1252 2722 1462 2799 pondus
1473 2717 1745 2771 cvebere.‘
1776 2715 2031 2782 Quaedam

472 2832 635 2880 etiam
653 2820 899 2885 exrvobis
922 2820 1058 2889 ipsis
1078 2816 1381 2885 intelligere
1412 2808 1643 2877 debetis,
1667 2810 1714 2861 si
1742 2823 1848 2878 qua
1881 2813 2030 2872 sunt,

470 2932 592 2987 qna)
624 2916 739 2986 ipse
768 2922 989 2983 propter
1022 2908 1249 2965 insidias
1288 2904 1568 2959 hominum
1615 2902 1885 2955 malorum
1924 2913 2035 2952 non

474 3016 663 3078 potest.
695 3005 1000 3063 evidentius
1057 3008 1111 3057 et
1150 2995 1495 3054 manifestius
1545 2990 1814 3064 proloqui.
1872 2989 2036 3043 Verbi

475 3101 648 3171 gratia
672 3118 685 3155 :
714 3100 734 3129 '
768 3097 829 3152 Si
850 3095 1103 3151 inimicus
1124 3096 1209 3145 est
1229 3088 1393 3142 alicui
1420 3099 1519 3156 pro
1540 3083 1753 3137 actibus
1775 3080 1912 3144 suis,
1942 3095 2037 3135 vos

474 3196 647 3253 nolite
671 3201 1010 3261 exspectare,
1033 3192 1092 3239 ut
1120 3184 1236 3252 ipse
1254 3180 1409 3234 vobis
1439 3177 1622 3232 dicat:
1653 3173 1790 3230 Cum
1816 3172 1911 3226 illo
1934 3187 2035 3226 no-

477 3288 571 3352 lite
595 3283 766 3342 amici,
799 3295 961 3343 esse;
1023 3275 1117 3331 sed
1156 3271 1448 3343 prudenter
1476 3269 1770 3335 observare
1803 3263 2032 3329 debetis,

476 3385 531 3437 et
569 3370 831 3431 voluntati
891 3369 1013 3438 ejus
1044 3359 1632 3421 sine.commonitione
1663 3353 2037 3411 obsecundare

475 3477 531 3531 et
588 3475 835 3522 avertere
881 3476 983 3516 vos
1017 3458 1086 3512 ab
1114 3473 1180 3512 eo
1208 3454 1299 3510 cui
1346 3453 1526 3524 ipsum
1570 3450 1786 3506 sentitis
1841 3447 2037 3501 adver-

479 3576 602 3614 sum
631 3558 652 3589 ³
679 3574 694 3625 ;
725 3554 822 3611 sed
857 3568 957 3607 nec
1006 3549 1155 3616 loqui
1196 3547 1303 3611 his,
1346 3545 1544 3615 quibus
1570 3543 1687 3612 ipse
1720 3556 1831 3595 non
1861 3538 2039 3608 loqui-

476 3659 589 3713 tur,
637 3658 695 3703 ut
724 3644 1101 3714 unusquisque
1134 3639 1230 3709 qui
1272 3638 1329 3692 in
1377 3636 1535 3705 culpa
1584 3640 1690 3697 est,
1741 3631 1869 3686 dum
1892 3630 2040 3699 cupit

479 3742 724 3796 omnium
750 3744 995 3794 vestrum
1030 3729 1299 3786 amicitias
1328 3740 1602 3797 reparare,
1638 3723 1858 3778 festinet
1873 3721 2040 3777 citius

480 3826 828 3891 reconciliari
849 3826 921 3889 ei,
948 3826 1041 3894 qui
1068 3821 1326 3876 omnibus
1351 3826 1567 3888 praeest,
1596 3822 1652 3871 et
1688 3811 1907 3885 per'hoc
1924 3812 2047 3868 red-

482 3929 572 3974 eat
620 3917 691 3975 ad
730 3916 981 3979 salutem,
1007 3928 1129 3969 cum
1154 3910 1380 3967 obedire
1415 3907 1644 3979 cmperit
1664 3906 1885 3967 monitis
1907 3920 2042 3975 prae—

480 4009 734 4064 sidentis.
798 3992 1020 4075 Si‘vero
1064 4004 1191 4073 quis
1248 4002 1459 4056 amicus
1497 3999 1662 4054 fuerit
1716 3998 1802 4053 bis
1841 3996 2042 4066 quibus

480 4103 600 4172 ipse
659 4099 871 4154 amicus
894 4112 1002 4152 non
1042 4102 1148 4159 est,
1178 4101 1232 4159 et
1260 4093 1476 4147 locutus
1523 4089 1689 4145 fuerit
1735 4088 1821 4142 bis
1843 4087 2043 4157 quibus

481 4194 598 4263 ipse
626 4206 737 4245 non
766 4188 1031 4259 loquitur,
1082 4195 1328 4247 unusest
1378 4192 1432 4238 et
1464 4182 1579 4252 ipse
1611 4196 1675 4235 ex
1698 4179 1807 4234 illis
1826 4178 1918 4249 qui
1950 4193 2045 4233 ex-

486 4283 786 4339 terminare
813 4280 1000 4335 volunt
1032 4276 1331 4331 Ecclesiam
1368 4273 1467 4329 Dei
1502 4289 1515 4324 :
1563 4280 1616 4328 et
1652 4288 1776 4327 cum
1816 4286 2043 4341 corpore

481 4375 763 4430 vobiscum
790 4387 913 4428 esse
942 4370 1211 4432 videatur,
1244 4376 1424 4422 mente
1444 4375 1497 4420 et
1524 4365 1708 4419 animo
1736 4374 1925 4419 contra
1949 4380 2045 4419 vos

481 4474 586 4519 est.
643 4463 712 4517 Et
762 4472 846 4519 est
891 4463 1065 4517 multo
1112 4460 1343 4529 nequior
1387 4458 1564 4514 hostis
1622 4457 1732 4521 hic,
1776 4470 1938 4525 quam
1968 4456 2046 4510 illi

2132 1989 2351 2059 aliquis,
2382 1996 2475 2041 aut
2517 1986 2791 2049 indoctus,
2826 1992 2987 2053 atque
3032 1983 3289 2052 ignorans
3317 1979 3485 2034 divini
3524 1978 3672 2033 verbi

2132 2082 2453 2153 mysterium
2475 2080 2498 2111 ⁸
2530 2118 2544 2142 ,
2571 2085 2625 2133 et
2653 2074 3011 2131 ecclesiastici
3062 2072 3272 2127 ordinis
3323 2069 3691 2140 disciplinam,

2130 2174 2217 2227 vel
2259 2172 2521 2225 doctrinae
2549 2169 2789 2239 regulam
2819 2166 3094 2229 nesciens,
3144 2164 3453 2233 susceperit
3503 2163 3692 2214 cathe-

2132 2263 2287 2317 dram
2315 2276 2489 2339 meam
2515 2279 2530 2327 ;
2556 2262 2659 2315 scit
2694 2259 2860 2325 enim,
2902 2256 3029 2327 quia
3046 2255 3095 2311 si
3125 2254 3379 2323 indoctus
3400 2262 3455 2307 et
3483 2253 3695 2306 inscius

2132 2358 2365 2412 olIicium
2396 2353 2635 2409 doctoris
2682 2350 2933 2419 accipiat,
2976 2349 3098 2402 sine
3144 2346 3311 2400 dubio
3360 2342 3611 2412 discipuli
3641 2353 3695 2397 et

2133 2448 2411 2503 auditores
2439 2443 2757 2516 ignorantiae
2785 2440 3026 2496 tenebris
3056 2436 3298 2494 obvoluti
3319 2437 3361 2498 ',
3414 2435 3469 2487 in
3496 2433 3693 2487 interi-

2136 2549 2247 2595 tum
2279 2540 2679 2607 demergentur’.
2709 2532 2879 2589 'Unde
2905 2543 2957 2589 et
2975 2548 3096 2601 ego,
3122 2531 3195 2584 mi
3225 2529 3445 2583 domine
3466 2524 3691 2583 Jacobe.

2134 2627 2256 2687 cum
2285 2631 2400 2685 haec
2431 2630 2498 2684 ab
2514 2645 2579 2683 eo
2612 2634 2880 2697 praecepta
2908 2622 3263 2691 susceperim,
3286 2632 3513 2673 necesse
3526 2615 3694 2669 habui

2139 2723 2370 2793 implere
2397 2720 2539 2790 quod
2568 2719 2833 2787 iusserat,
2861 2716 3110 2770 indicans
3141 2712 3240 2766 tibi
3263 2718 3317 2765 et
3345 2710 3411 2763 de
3435 2709 3516 2763 his
3536 2708 3694 2778 ipsis,

2136 2814 2296 2870 simul
2333 2820 2387 2867 et
2419 2812 2486 2867 de
2517 2811 2623 2865 illis
2658 2809 2893 2864 breviter
2938 2802 3424 2875 comprehenderis,
3458 2816 3578 2870 quae
3600 2815 3697 2868 per

2136 2906 2381 2977 singulas
2410 2919 2655 2973 quasque
2690 2903 2853 2957 urbes
2872 2899 3202 2972 digrediens,
3229 2897 3394 2949 autin
3424 2892 3689 2963 praedica-

2135 3000 2302 3055 tionis
2330 3012 2580 3055 sermone
2611 2995 2930 3066 protulerit,
2963 2999 3058 3046 aut
3106 2992 3159 3044 in
3191 2999 3467 3060 gestorum
3490 2987 3695 3039 virtute

2137 3091 2447 3160 perfecerit;
2459 3090 2705 3158 quamvis
2722 3087 2817 3141 tibi
2835 3086 2901 3140 de
2920 3085 3005 3138 bis
3021 3082 3253 3153 plurima
3266 3081 3377 3149 jam
3409 3086 3462 3133 et
3481 3077 3697 3147 plenius

2061 3218 2107 3276 ο
2139 3190 2264 3237 ante
2296 3182 2590 3251 descripta,
2619 3180 2737 3249 ipso
2761 3179 2984 3249 jubente
3005 3216 3020 3241 ,
3047 3172 3465 3233 transmiserim,
3501 3170 3603 3225 sub
3631 3184 3698 3223 eo

2138 3276 2257 3345 ipso
2304 3273 2483 3337 titulo,
2541 3287 2703 3341 quem
2764 3270 2881 3340 ipse
2916 3267 3177 3339 'prtecipit
3224 3262 3389 3333 afﬁgi,
3427 3262 3469 3294 ¹⁰
3508 3261 3560 3314 id
3613 3266 3699 3315 est

2136 3367 2430 3422 Clementis
2489 3363 2866 3425 Itinerarium,
2908 3362 2949 3393 “
2994 3374 3104 3414 non
3136 3353 3552 3410 Praedicationis
3597 3349 3697 3405 Pe.

2136 3458 2209 3512 tri
2242 3458 2305 3511 ¹².

2210 3546 2316 3603 Sed
2336 3554 2391 3601 et
2406 3561 2555 3600 nunc
2580 3540 2854 3613 exponere
2875 3542 2986 3611 jam
3014 3556 3135 3610 qua:
3158 3536 3435 3609 praecepit,
3467 3534 3700 3589 Domino

2139 3656 2295 3711 opem
2325 3638 2557 3701 ferente,
2588 3635 2841 3705 incipiam
2870 3653 2882 3687 :
2926 3632 3277 3694 Parnitemini,
3306 3629 3507 3699 inquit,
3544 3636 3593 3681 et
3621 3642 3700 3680 ve-

2140 3747 2256 3786 ram
2277 3731 2417 3800 agite
2442 3728 2796 3799 penitentiam
2826 3725 2891 3779 “.
2921 3723 3125 3779 Omnes
3152 3737 3280 3792 ergo
3310 3721 3582 3783 homines,
3606 3718 3700 3788 qui

2140 3821 2456 3878 Christiano
2486 3815 2780 3874 censentur
2826 3816 3110 3885 vocabulo,
3154 3813 3370 3866 Patrem
3411 3820 3466 3865 ct
3502 3809 3700 3864 Filium

2141 3921 2196 3971 et
2227 3914 2488 3985 Spiritum
2518 3919 2786 3977 sanctum,
2814 3925 2979 3963 unum
3009 3907 3175 3962 Deum
3201 3913 3255 3961 ct
3286 3904 3574 3959 Dominum
3603 3916 3699 3955 ve-

2140 4007 2338 4062 raciter
2379 4005 2603 4059 credere
2632 4011 2686 4058 et
2726 3999 2997 4061 confiteri,
3022 4013 3257 4067 eumque
3285 4004 3399 4051 tota
3440 4002 3620 4048 mente
3641 3999 3699 4045 et

2140 4096 2252 4141 toto
2280 4085 2441 4140 corde
2461 4092 2516 4140 et
2546 4092 2657 4137 tota
2688 4082 2886 4138 virtute
2910 4082 3151 4151 diligere,
3178 4091 3231 4135 et
3254 4079 3534 4150 proximos
3559 4088 3691 4129 suos

2139 4187 2395 4243 tanquam
2443 4175 2790 4245 semetipsos,
2829 4173 3202 4241 docibilesque
3246 4183 3368 4225 esse
3414 4179 3586 4236 usque
3624 4163 3692 4217 ad

2139 4270 2427 4342 perfectam
2444 4268 2746 4324 doctrinam
2767 4265 2833 4321 ad
2849 4266 2964 4319 haec
2980 4261 3330 4334 perﬁcienda,
3348 4264 3695 4324 summepere

2137 4372 2364 4435 oportet.
2391 4361 2551 4417 Fides
2592 4359 2736 4414 enim
2772 4368 2825 4412 et
2850 4356 3085 4421 dilectio,
3117 4354 3281 4409 totius
3322 4347 3581 4405 bonitatis
3611 4353 3695 4399 est

2139 4455 2570 4511 fundamentum.
2619 4452 2746 4505 Sine
2780 4448 2883 4503 ﬁde
2918 4455 3094 4501 autem
3139 4444 3349 4513 placere
3381 4440 3491 4493 Deo
3534 4450 3697 4491 nemo

482 4557 579 4625 qui
616 4556 749 4611 foris
777 4563 928 4619 sunt,
960 4562 1015 4609 et
1039 4527 1315 4609 evidenter
1338 4550 1560 4606 inimici.
1585 4555 1733 4605 sunt.
1770 4547 1869 4603 Hic
1900 4549 2045 4603 enim
2076 4556 2121 4609 D
2142 4547 2334 4617 poterit
2355 4546 2417 4599 “.
2441 4544 2658 4600 Christo
2685 4541 2863 4611 itaque
2885 4534 3255 4607 resurgente"
3285 4544 3338 4586 et
3374 4527 3698 4585 ascendente

484 4663 583 4717 per
612 4648 977 4701 amicitiarum
1009 4645 1265 4715 speciem,
1288 4658 1410 4713 quae
1431 4642 1640 4696 inimici
1662 4642 1683 4673 ⁵
1706 4648 1856 4704 sunt,
1886 4640 2047 4710 gerit,

483 4750 539 4795 et
583 4740 882 4796 Ecclesiam
943 4738 1205 4807 dispergit
1251 4751 1314 4789 ac
1366 4743 1545 4789 vastat
1566 4735 1609 4789 ⁵.
1662 4734 1728 4787 Et
1770 4748 1893 4787 cum
1936 4733 2049 4787 haec

485 4831 736 4895 dixisset,
761 4832 816 4885 in
850 4830 1030 4884 medio
1060 4843 1244 4882 coram
1275 4827 1530 4881 omnibus
1567 4841 1762 4881 manus
1792 4826 1921 4879 mihi
1950 4826 2049 4879 im-

486 4923 691 4991 posuit,
741 4922 871 4978 etin
900 4920 1160 4975 cathedra
1189 4935 1309 4982 sua,
1356 4918 1559 4988 ingenti
1596 4917 1924 4971 verecundia
1964 4916 2041 4969 fa-

485 5014 736 5083 tigatum,
793 5014 983 5070 sedere
1014 5028 1101 5067 me
1142 5010 1422 5079 compulit.
1476 5008 1721 5078 Cumque
1760 5008 2043 5071 sedissem,

486 5106 601 5161 han:
659 5108 726 5161 ad
766 5122 852 5161 me
905 5120 1125 5161 rursum
1176 5104 1392 5157 locutus
1453 5109 1575 5156 est:
1607 5100 1876 5171 Deprecor
1902 5109 1975 5165 te,
2013 5118 2046 5156 ο

2143 4641 2195 4692 in
2240 4638 2469 4703 caelum,
2498 4635 2671 4690 misso
2708 4641 2895 4688 sancto
2947 4629 3171 4699 Spiritu,
3204 4625 3399 4681 collata
3438 4618 3705 4690 apostolis

2141 4731 2363 4784 scientia
2388 4729 2713 4799 linguarum,
2733 4725 2910 4779 adhuc
2933 4723 2985 4776 in
3011 4736 3120 4775 uno
3149 4715 3331 4789 positi,
3357 4711 3699 4785 Symbolum,

2141 4823 2283 4894 quod
2314 4820 2484 4875 ﬁdelis
2515 4834 2662 4873 nunc
2693 4825 2837 4871 tenet
2860 4811 3122 4878 Ecclesia,
3151 4806 3527 4876 unusquisque
3554 4802 3703 4871 quod

2142 4892 2314 4967 sensit
2342 4908 2589 4975 dicendo,
2619 4907 2998 4967 condiderunt,
3038 4912 3098 4957 ut
3135 4898 3472 4955 discedentes
3507 4894 3575 4946 ab
3614 4892 3704 4945 in-

2141 5005 2348 5066 vicem,
2385 5003 2523 5057 hanc
2558 5001 2798 5071 regulam
2840 5012 2933 5067 per
2978 5008 3169 5050 onmes
3209 4998 3396 5061 gentes
3441 4985 3708 5057 praedica—

2142 5105 2282 5152 rent.
2332 5096 2611 5151 Summam
2643 5108 2771 5164 ergo
2821 5091 2984 5146 totius
3017 5087 3140 5142 fidei
3184 5082 3467 5139 catholicae
3508 5092 3708 5133 recent-—

556 5348 599 5379 ⁹⁹
636 5344 937 5412 dependere.
1017 5345 1085 5376 ¹⁰⁰
1117 5344 1331 5412 infestat
1379 5343 1641 5396 inimicus.
1718 5344 1733 5373 ¹
1773 5343 1941 5397 Conc.
1977 5341 2216 5398 Vasense
2246 5340 2310 5402 ll,
2340 5354 2397 5412 c._
2421 5339 2474 5402 6,
2518 5355 2603 5412 an.
2625 5336 2767 5412 dm,
2798 5336 3042 5389 distinct.
3063 5332 3154 5386 95.
3184 5330 3248 5412 Et
3280 5327 3705 5412 in.epist.nde_cr.

485 5416 519 5470 5
567 5399 977 5497 Anaclet.papte
1007 5399 1411 5485 cujus'initium
1436 5420 1559 5469 est:
1592 5412 1900 5467 Benedictus
1934 5412 2106 5479 Deus,
2147 5420 2202 5466 et
2240 5399 2490 5467 similiter
2544 5407 2770 5462 Fabiani
2826 5417 3145 5476 papaz,qu:e
3195 5399 3385 5468 incipit
3436 5417 3449 5453 :

485 5496 772 5535 mret-enm.
862 5488 881 5517 ³
938 5487 1107 5535 Cone-
1165 5484 1407 5535 Metense
1467 5499 1596 5535 ann.
1641 5483 1765 5535 888.
1813 5498 1864 5535 c.
1908 5483 1959 5535 8.
2062 5484 2083 5515 ³
2124 5483 2230 5535 Ms.
2295 5496 2555 5534 aversum.
2630 5477 2914 5530 ‘inimica.
2991 5472 3197 5528 “Gesta
3228 5469 3401 5528 Petri.

2183 5500 2230 5536 S.
2295 5496 2555 5534 aversum.

484 5487 772 5557 ρηῳεεριὶε.
825 5483 1107 5557 ’[00]ιᾲ
1165 5484 1407 5541 Metense
1467 5499 1596 5557 ann.
1641 5483 1765 5546 888,
1813 5498 1864 5537 c.
1899 5483 1959 5557 8.

3504 5396 3707 5449 Divinis

2630 5466 2914 5530 ‘inimi'ca:
2986 5466 3012 5506 -δ
3039 5466 3197 5528 Gesta
3228 5466 3401 5528 Petri.
3474 5483 3527 5536 p.
3577 5466 3704 5536 £15.

487 5556 507 5585 ‘
536 5554 908 5610 Ms.naturale.
980 5534 1268 5611 {Neronis
1315 5570 1457 5608 anno
1493 5554 1546 5617 8,
1593 5534 1847 5608 currente
1888 5534 2094 5607 Christi
2130 5534 2233 5609 769.,
2278 5565 2451 5604 cazsus
2496 5554 2601 5611 est,
2652 5545 2849 5617 Petrus
2901 5558 3029 5599 vero
3069 5541 3300 5617 Neronis
3349 5534 3590 5607 ejusdem
3638 5534 3709 5589 1'5

485 5634 735 5687 exeunte,
771 5626 973 5680 Christi
1003 5627 1091 5680 67.
1168 5627 1190 5658 ⁸
1223 5626 1593 5685 ministerium,
1618 5624 1692 5678 ita
1724 5632 1778 5678 et
1836 5640 1885 5679 c.
1935 5622 2078 5677 Just.

2153 5622 2174 5652 θ
2218 5619 2315 5674 Ms.
2359 5618 2596 5678 involuti.
2675 5618 2718 5685 το
2749 5614 2981 5685 Reliqua
3026 5611 3317 5685 sententia
3361 5624 3479 5685 non
3524 5612 3711 5685 exstat

488 5694 540 5746 in
566 5696 1119 5774 ._ms.lnostro_ad_dita
1158 5697 1225 5774 a_b
1258 5697 1437 5765 aliquo
1488 5674 1892 5774 interpolatore'.
1940 5674 2238 5774 va‘tDecst
2263 5691 2378 5774 hate
2412 5675 2624 5769 negatio
2677 5684 2731 5739 in
2772 5674 2921 5774 mis;
2954 5680 3348 5774 "‘Ilicjle‘sinit
3392 5676 3625 5774 1epistola
3652 5674 3709 5727 in

486 5746 815 5833 quibus-diam
829 5746 1135 5821 codicibus.
1160 5746 1749 5819 tCaatera—‘sunt‘v'iceﬂ
1777 5746 2112 5832 appendicis,
2176 5760 2358 5815 addita
2411 5746 2793 5833 circa_annum
2816 5754 2944 5817 800,
2975 5762 3038 5833 u_t_
3078 5750 3311 5804 videtur.
3392 5749 3435 5780 ¹³
3460 5746 3635 5802 Marc.
3664 5758 3707 5798 ι.

489 5834 533 5865 ⁵⁵
561 5833 722 5890 Hebr.
756 5850 835 5890 ιι.
894 5839 947 5890 6.

1026 5838 1069 5868 ³⁵
1120 5833 1370 5889 Venantii
1403 5850 1525 5903 exp.
1575 5835 1631 5889 in
1694 5822 2007 5905 Symbolum
2056 5822 2107 5889 c.
2145 5833 2194 5899 i,
2227 5845 2399 5902 usque
2458 5828 2525 5884 ad
2548 5826 2771 5896 Diligere
2821 5840 2941 5894 ergo
2993 5822 3181 5888 Deum,
3224 5827 3332 5875 etc.
