2032 3128
137 187 197 215 473

731 182 912 212 EPISTOLE
932 183 1169 216 DECRETALES.

1710 185 1765 212 578

138 247 248 275 sentes,
266 242 296 269 in
310 248 364 276 qua
379 245 406 269 et
419 241 561 277 integritas
576 240 754 269 credulitatis
764 234 929 274 ostenditur,
944 246 968 274 Α
982 242 1028 269 nui
1041 247 1065 269 te
1078 242 1112 269 ".
1126 241 1159 268 Et
1175 241 1243 269 illud
1259 251 1265 268 :
1288 241 1342 269 Hic
1355 241 1426 269 Deus
1437 245 1537 274 noster.
1553 245 1579 269 et
1593 249 1645 268 non
1658 246 1773 276 reputa-_

136 294 171 317 et
185 288 265 315 unius
280 286 328 314 Dei
342 286 543 322 Omnipotentis
551 287 589 323 (id
603 291 645 315 est
661 291 763 314 sancta
776 281 931 323 Trinitatis)

136 333 284 370 aequalitas
315 333 482 366 declaratur,
498 336 525 361 et
549 333 711 369 mysterium
729 332 931 361 lncarnatiouis

137 380 204 408 Ii'ilii
228 380 288 412 Dei,
303 379 351 415 qui
370 387 420 414 pro
440 380 530 407 salute
547 379 662 406 humani
689 380 799 415 generis
817 388 833 407 a
849 379 931 408 Patre

138 428 177 454 de
203 428 273 454 caelo
301 425 483 457 descendens,
509 425 544 453 de
567 425 676 461 Virgine
699 426 774 454 nasci
802 427 931 461 dignatus

137 478 193 505 est,
226 480 338 508 quoquo
354 473 376 488 ¹⁶
389 473 494 505 ordine,
509 472 554 499 vel
570 472 680 507 quando
703 476 818 499 mortem
836 476 929 507 pertu-

138 519 213 550 lerit,
228 518 366 554 quomodo
381 518 505 553 sepultus
521 521 681 550 surrexerit,
692 523 719 545 et
734 519 761 545 in
774 526 856 546 carne
868 520 928 554 ipsa

138 566 226 593 ctelos
241 564 406 596 ascenderit,
423 564 455 591 ad
465 565 643 599 dextramque
660 565 747 591 Patris
764 566 928 598 consederit,

135 611 223 646 judex
238 616 375 639 venturus
396 610 446 642 sit,
468 618 500 637 ac
529 611 646 645 qualiter
661 611 852 638 remissionem
866 620 930 646 pec-

138 663 265 685 catorum
296 664 375 685 sacro
396 658 561 692 baptismate
595 657 698 684 renatis
717 658 874 689 contulerit,
903 661 930 684 et

139 703 375 732 resurrectionem
391 703 500 730 humani
517 703 626 738 generis
644 703 665 718 "
682 703 709 730 in
736 703 830 730 eadem
846 710 929 730 carne

141 755 171 778 et
198 751 226 777 in
251 751 334 778 vitam
357 754 486 776 aeternam
506 749 637 782 futuram,
653 741 694 776 sic
720 748 874 776 docuerunt
895 749 927 776 '9.

140 794 298 830 Symbolum
324 796 397 823 enim
417 794 520 827 Grasse,
553 795 650 822 Latine
671 796 788 823 ’collatio
817 796 926 823 dicitur.

139 841 174 868 Et
183 842 205 856 "
213 842 265 869 hoc
272 842 395 876 praedicti
404 843 614 877 sanctiapostoli
625 843 696 869 inter
705 851 734 870 se
742 850 789 877 per
797 842 928 877 Spiritum

130 891 267 915 sanctum
281 888 438 922 salubriter,
456 892 485 916 ut
507 889 612 915 dictum
626 892 678 922 est,
699 888 880 916 condiderunt
893 888 926 915 ’°.

981 288 1052 315 bitur
1071 288 1139 315 alter
1150 288 1185 314 ad
1196 288 1296 318 eum”.
1313 287 1345 314 Et
1365 291 1427 323 post
1442 295 1449 313 :
1477 287 1511 314 1η
1525 291 1596 315 terra
1616 288 1689 314 uisus
1711 293 1764 322 est,

980 339 1006 362 et
1019 335 1086 362 inter
1098 333 1213 361 homines
1229 339 1397 362 conversatus
1412 338 1452 360 est
1463 333 1508 361 ³⁰’.

1016 380 1037 395 ³¹
1045 379 1160 415 Diligere
1167 388 1231 415 ergo
1238 379 1321 407 Deum
1329 387 1550 414 unumquemque
1561 386 1594 406 ex
1606 382 1662 406 toto
1671 378 1766 412 corde,

980 430 1007 454 et
1023 435 1056 454 ex
1070 430 1126 453 tota
1146 427 1247 458 anima,
1264 430 1293 454 ut
1308 427 1447 461 prseﬁxnm
1462 430 1514 457 est,
1531 433 1564 453 e1
1584 430 1639 452 tota
1657 425 1766 452 fortitu-

981 471 1073 499 dine"
1090 477 1207 507 oportet,
1223 477 1250 499 et
1267 473 1419 507 proximum
1435 476 1563 506 tanquam
1576 472 1764 506 semetipsum,

980 519 1160 552 respondente
1174 518 1288 545 Domino
1299 518 1407 545 cuidam
1423 517 1580 544 Scribarum
1596 525 1628 543 ac
1639 518 1763 544 dicente:

980 563 1101 591 Primum
1118 565 1234 591 omnium
1258 565 1413 592 mandatum
1431 569 1481 597 est,
1500 564 1563 590 audi
1583 563 1669 590 Israel
1684 571 1693 590 :
1710 563 1766 590 Do-

981 611 1068 637 minus
1081 611 1151 637 Deus
1172 615 1243 643 tuus,
1257 611 1326 638 Deus
1347 619 1414 638 unus
1429 615 1485 643 est;
1500 615 1527 639 et
1541 619 1548 637 :
1565 611 1661 646 Diliges
1676 611 1765 637 Domi-

979 665 1041 683 num
1056 657 1140 684 Deum
1153 649 1224 684 tuum
1240 664 1273 685 ex
1291 663 1345 685 toto
1355 657 1432 684 corde
1451 663 1505 687 tuo.
1521 662 1545 684 et
1559 665 1591 684 ex
1603 662 1659 683 tota
1674 657 1765 683 anima

980 708 1036 736 tua,
1053 709 1077 731 et
1089 711 1122 731 ea:
1151 709 1205 730 tota
1219 709 1302 730 mente
1321 709 1377 735 tua,
1396 709 1421 730 et
1447 711 1479 730 ex
1499 707 1555 729 tota
1575 703 1670 730 virtute
1696 707 1764 729 tua:

978 749 1026 776 hoc
1043 754 1082 776 est
1093 749 1208 784 primunt
1232 749 1398 776 mandatum.
1421 748 1569 776 Secundum
1579 753 1666 775 autem
1677 749 1764 777 simile

978 801 1017 821 est
1032 795 1073 821 illi
1084 802 1093 821 :
1105 794 1206 830 Diliges
1217 796 1367 829 proximum
1380 799 1453 821 tuum
1468 802 1593 829 tanquam
1605 795 1719 828 teipsum
1727 795 1761 824 ³³.

979 840 1066 875 Majas
1081 841 1176 867 horum
1193 841 1264 867 aliud
1285 840 1442 867 mandatum
1459 848 1514 867 non
1536 845 1595 873 est,
1611 841 1684 876 quod
1704 849 1763 868 ma-

977 886 1023 921 jus
1046 890 1089 914 est
1111 887 1239 914 omnibus
1261 886 1527 914 holocautomatibus
1552 892 1579 914 et
1606 887 1760 915 sacriﬁciis.

139 933 245 960 Dicitur
259 937 286 961 et
302 933 444 967 indicium,
460 934 533 969 quod
549 942 596 969 per
618 934 680 966 hoc,
703 935 750 969 qui
767 938 839 962 recte
863 942 926 962 ere-
942 934 964 963 Β
979 931 1055 960 Unde
1068 937 1094 959 et
1110 932 1138 959 in
1158 932 1251 960 Veteri
1278 932 1454 960 Testamento
1472 931 1604 967 scriptum
1620 933 1735 960 habetur
1753 941 1760 960 :

139 979 250 1012 diderit,
277 980 425 1008 indicatur.
454 980 525 1015 Ergo
553 980 660 1007 cunctis
676 980 927 1016 credentibusque

139 1026 317 1054 continentur
333 1027 362 1054 in
388 1026 500 1062 praefato
520 1027 659 1061 Symbolo,
682 1027 758 1054 salus
773 1027 926 1055 animarum

140 1076 167 1100 et
201 1073 256 1099 vita
282 1078 412 1107 perpetua
441 1072 521 1100 bonis
544 1072 649 1099 actibus
675 1077 855 1108 prazparatur.

176 1118 208 1145 Et
219 1119 293 1154 quod
305 1119 326 1134 ¹¹
335 1119 363 1146 in
378 1119 526 1154 primordio
537 1118 783 1154 ejusdcmSymholi
791 1121 926 1155 praeponi—

141 1168 195 1197 tur,
204 1164 289 1192 Credo
302 1166 329 1191 in
338 1165 420 1192 Deum
428 1165 534 1191 Patrem
543 1169 742 1198 onmipotentem
750 1173 758 1197 ;
766 1167 925 1200 praeclarum

141 1211 201 1238 ﬁdei
216 1211 403 1239 testimonium
420 1215 447 1238 et
464 1211 670 1238 fundamentum
690 1212 718 1237 in
732 1213 820 1246 prima
836 1212 926 1240 fronte

141 1258 318 1289 monstratur,
332 1257 396 1292 quia
413 1257 505 1284 salvus
514 1264 576 1284 esse
590 1258 700 1291 poterit,
713 1259 759 1293 qui
776 1263 851 1286 recte
863 1266 924 1287 cre-

141 1303 247 1331 diderit.
260 1303 372 1331 Credere
380 1304 449 1330 enim
459 1308 558 1337 oportet
574 1304 737 1331 accedentem
747 1305 781 1331 ad
793 1305 905 1332 Deum"
916 1316 924 1340 ;

140 1350 266 1385 quoniam
280 1349 357 1376 corde
368 1350 483 1377 creditur
497 1350 530 1376 ad
545 1351 691 1385 justitiam,
708 1356 732 1377 et
748 1360 791 1378 ore
821 1352 925 1386 confes—

139 1396 177 1423 sio
190 1396 221 1431 ﬁt
247 1396 282 1423 ad
294 1396 406 1422 salutent
422 1397 455 1424 ".
479 1395 556 1424 Unde
574 1397 611 1423 ait
627 1397 762 1431 Propheta
781 1407 786 1424 :
804 1396 921 1430 Credidi,

138 1448 241 1477 propter
256 1443 324 1477 quod
349 1442 450 1469 locutus
482 1451 540 1470 sum
552 1443 584 1471 ".
615 1443 647 1469 Et
668 1443 754 1470 illud:
773 1443 868 1471 Justus
892 1452 924 1471 ea:

141 1490 193 1524 ﬁde
201 1490 263 1516 vivit
274 1490 306 1517 ".
324 1489 355 1516 Et
373 1497 379 1515 :
396 1488 458 1516 Nisi
474 1488 647 1522 credideritis,
659 1497 710 1515 non
726 1489 874 1524 intelligetis
888 1491 922 1518 '°.

141 1536 212 1571 Ergo
225 1536 248 1551 "’
264 1536 290 1563 in
312 1536 394 1563 rebus
411 1535 539 1563 humanis
555 1536 659 1562 nnllum
686 1543 755 1570 opus
782 1536 922 1570 incipitur,

140 1582 194 1609 nisi
208 1581 285 1609 labor
297 1581 387 1609 omnis
401 1583 435 1608 ad
447 1582 573 1608 elTectum
588 1582 680 1608 venire
695 1582 832 1609 credatur.
848 1581 923 1608 Unde

140 1629 305 1656 credendum
317 1633 358 1656 est
374 1629 401 1655 in
419 1628 512 1660 Deum,
529 1635 544 1654 a
569 1635 624 1662 quo
646 1631 701 1653 tam
717 1635 839 1662 praesens
856 1628 921 1659 vita,

141 1683 220 1710 quam
235 1675 327 1702 futura
343 1675 488 1702 tribuatur.
506 1673 577 1700 Deus
602 1677 692 1700 autem
710 1674 858 1708 appellatio
882 1677 924 1701 est

142 1721 301 1748 substantiae
322 1721 502 1755 sempiternae,
520 1720 577 1747 sive
593 1719 698 1746 timoris
718 1719 811 1746 divini.
842 1719 925 1754 Igitur

143 1766 210 1795 Deus
219 1768 285 1795 'Sine
297 1767 440 1802 principio,
451 1767 510 1794 sine
524 1766 586 1798 line,
600 1765 725 1800 simplex,
741 1765 921 1800 incorporeus

142 1817 167 1840 et
185 1813 478 1848 incomprehensibilis.
501 1812 608 1839 Patrem
630 1815 721 1838 autem
747 1819 809 1838 cum
833 1812 922 1844 audis,

142 1859 335 1895 agnoscequod
349 1860 445 1886 habeat
458 1858 554 1885 Filium
566 1858 698 1885 veraciter
709 1858 840 1893 genitum.
852 1859 924 1885 sicut

140 1914 283 1943 possessor
311 1905 411 1932 dicitur
437 1906 482 1940 qui
508 1904 611 1939 aliquid
634 1904 771 1938 possidet,
788 1907 814 1930 et
836 1904 923 1930 domi-

142 1960 194 1980 nus
220 1952 267 1987 qui
294 1951 375 1979 habet
389 1951 461 1986 quod
477 1951 641 1977 dominetur.
669 1949 741 1977 Deus
756 1958 821 1984 ergo
832 1949 922 1982 Pater,

140 1998 236 2026 tecreti
248 1991 413 2025 sacramenti
423 1997 585 2024 vocabulum
599 1998 651 2027 est,
667 1996 746 2030 cujus
758 2003 821 2023 vere
837 1995 922 2023 Filius

141 2048 181 2071 est
198 2044 327 2076 Verbum,
348 2038 375 2071 et
392 2043 543 2078 speculum,
565 2047 592 2070 et
607 2042 760 2074 character,
785 2047 811 2070 et
833 2043 924 2078 imago

142 2091 233 2118 vivens
248 2089 337 2117 Patris
356 2089 482 2122 viventis,
501 2090 529 2116 in
556 2089 684 2116 omnibus
712 2088 786 2116 Patri
811 2089 921 2122 similis,

141 2136 260 2170 ejusdem
277 2140 382 2163 natura
397 2137 424 2162 in
446 2136 598 2168 divinitate,
630 2136 749 2170 genitus,
765 2139 792 2162 et
807 2136 923 2170 genitori

141 2189 187 2216 per
208 2182 301 2209 omnia
318 2182 474 2217 coaequalis.
504 2181 559 2209 Nec
578 2186 715 2216 qum-alar
731 2182 866 2216 quomodo
876 2190 923 2216 ge-

142 2229 198 2255 nuit
213 2228 330 2262 Filium;
349 2228 421 2263 quod
435 2232 461 2255 et
476 2229 563 2263 angeli
580 2228 715 2258 nesciunt,
733 2232 760 2254 et
784 2227 923 2262 prophetis

979 978 1056 1011 Quod
1073 978 1120 1006 tibi
1139 979 1197 1013 ﬁeri
1220 988 1270 1005 non
1294 979 1342 1013 vis,
1355 978 1432 1006 alteri
1449 987 1480 1005 ne
1494 979 1586 1012 feceris
1598 979 1631 1007 ".
1659 979 1692 1005 Et
1707 979 1761 1007 Do-

977 1025 1068 1052 minus
1084 1025 1121 1051 ait
1139 1032 1145 1050 :
1164 1024 1259 1052 Omnia
1279 1033 1436 1060 quaecunque
1455 1025 1532 1052 uultis
1547 1030 1575 1051 ut
1599 1026 1702 1060 faciant
1716 1034 1762 1052 vo-

978 1070 1016 1097 bis
1033 1071 1160 1103 homines,
1187 1075 1212 1098 et
1230 1079 1273 1098 vos
1286 1072 1365 1106 facite
1385 1072 1507 1099 similiter
1535 1072 1588 1099 illis
1601 1072 1634 1100 ³⁵.
1656 1071 1761 1105 Quibus

977 1118 1102 1152 utrisque
1117 1118 1252 1145 mandatis
1269 1118 1301 1151 ’°,
1317 1127 1364 1153 per
1379 1126 1463 1146 unum
1479 1118 1582 1145 malitia
1606 1120 1762 1153 compesci-

977 1167 1032 1196 tur,
1049 1167 1075 1191 et
1088 1172 1135 1199 per
1148 1164 1221 1191 aliud
1237 1164 1392 1199 benignitas
1407 1168 1582 1200 propagatur,
1601 1168 1630 1192 ut
1658 1173 1691 1192 ne
1703 1173 1762 1192 ma—

978 1210 1032 1236 lum
1044 1210 1106 1244 quis
1122 1209 1230 1243 inferat,
1246 1211 1292 1238 sed
1305 1212 1404 1238 bonum
1414 1211 1561 1245 impendat.
1587 1210 1719 1243 Primum,
1731 1214 1761 1238 ut

977 1261 1071 1283 careat
1087 1257 1200 1291 lzederc;
1215 1257 1366 1285 secundum
1380 1260 1409 1284 ut
1421 1258 1493 1284 norit
1503 1258 1603 1285 bonum
1619 1262 1759 1293 praestare.

977 1302 1007 1330 Si
1014 1304 1082 1330 enim
1093 1303 1203 1336 fratrem
1218 1312 1293 1339 quem
1305 1304 1385 1336 vides,
1396 1312 1447 1330 non
1456 1303 1561 1338 diligis;
1580 1304 1672 1336 Deum,
1685 1312 1761 1339 quem

977 1358 1029 1376 non
1042 1350 1122 1381 vides,
1135 1349 1264 1393 quopzodo
1288 1354 1360 1384 potes
1383 1350 1492 1384 diligere
1506 1349 1529 1365 "
1540 1351 1552 1377 ?
1565 1350 1610 1377 Sic
1630 1359 1696 1386 ergo
1709 1358 1761 1379 nos

977 1396 1055 1424 decet
1070 1404 1198 1424 exercere
1217 1404 1310 1423 curam
1328 1400 1464 1427 nostram,
1482 1401 1573 1423 utnon
1589 1397 1760 1426 dimittamus

976 1450 1070 1469 curam
1086 1447 1204 1470 vestram
1222 1452 1228 1469 :
1247 1446 1273 1469 et
1288 1442 1328 1469 sic
1343 1442 1456 1477 diligere
1471 1450 1532 1474 nos,
1550 1450 1583 1469 ne
1606 1443 1760 1477 negligatur

976 1488 1085 1516 dilectio
1106 1488 1219 1523 proximi
1234 1496 1241 1521 ;
1257 1488 1322 1522 quia
1338 1488 1360 1504 ³⁸
1368 1487 1415 1515 Dei
1431 1488 1540 1515 dilectio
1558 1488 1637 1514 morti
1650 1496 1760 1523 compa-

976 1538 1062 1565 ratur,
1088 1534 1195 1561 dicente
1223 1533 1382 1568 Sapientia:
1417 1533 1513 1561 Valida
1540 1538 1580 1561 est
1605 1534 1709 1561 dilectio
1731 1539 1760 1561 ut

976 1588 1046 1607 mors
1059 1580 1081 1595 "
1094 1589 1101 1607 :
1118 1579 1234 1612 idcirco,
1247 1580 1310 1615 quia
1326 1580 1397 1607 sicut
1412 1587 1486 1607 mors
1504 1579 1637 1607 violenter
1651 1586 1760 1615 separat

976 1627 1095 1653 animam
1111 1634 1127 1653 τι
1142 1633 1267 1661 corpore,
1279 1626 1316 1652 ita
1328 1626 1437 1653 dilectio
1453 1626 1499 1653 Dei
1515 1631 1623 1661 separat
1639 1627 1759 1654 animant

975 1673 1109 1699 violenter
1125 1679 1141 1698 a
1158 1664 1296 1699 mundano
1310 1675 1337 1699 et
1351 1672 1455 1699 carnali
1482 1679 1583 1699 amore.
1612 1672 1663 1705 Qui
1677 1673 1757 1705 enim,

976 1718 1107 1745 Dominus
1123 1718 1221 1752 inquit,
1232 1717 1319 1752 diligit
1331 1726 1381 1749 me,
1391 1717 1517 1743 ntandata
1535 1726 1593 1744 mea
1604 1718 1715 1744 servabit
1724 1718 1757 1746 λθ.

975 1765 1043 1792 Nam
1057 1765 1104 1799 qui
1117 1764 1165 1791 Dei
1186 1767 1322 1803 praecepta
1344 1764 1507 1795 contemnit,
1524 1763 1607 1791 Deum
1624 1772 1677 1790 non
1694 1765 1758 1791 dili-

975 1812 1023 1846 git.
1055 1810 1132 1837 Unde
1148 1808 1290 1845 scriptum'
1306 1813 1349 1836 est
1366 1819 1372 1836 :
1391 1809 1481 1836 Nolite
1498 1815 1591 1843 putare
1612 1810 1681 1845 quod
1699 1820 1757 1837 ma-

974 1858 1058 1884 neatis
1078 1857 1104 1883 in
1119 1856 1257 1883 dilectione
1272 1864 1339 1886 mea.
1359 1857 1381 1882 si
1399 1865 1450 1882 non
1478 1857 1643 1883 servaveritis
1659 1865 1757 1891 prlece-

974 1908 1019 1939 pta
1034 1912 1091 1930 mea
1104 1904 1138 1930 “.
1163 1902 1255 1937 Neque
1266 1902 1339 1929 enim
1356 1910 1446 1937 regem
1474 1902 1623 1938 diligimus,
1643 1904 1665 1930 si
1693 1903 1757 1931 odio

975 1951 1046 1986 leges
1059 1951 1119 1985 ejus
1133 1950 1273 1976 habemus.
1297 1948 1389 1983 Neque
1403 1948 1475 1975 enim
1491 1956 1524 1975 ex
1538 1952 1596 1976 toto
1610 1950 1692 1977 corde
1707 1958 1756 1985 po-

975 1998 1038 2024 terit
1053 1997 1097 2024 ille
1116 1995 1199 2023 Deum
1217 1995 1340 2030 diligere,
1360 1995 1407 2029 qui
1434 1994 1557 2020 noscitur
1581 1996 1609 2022 in
1637 1997 1752 2031 proxim.

974 2051 1094 2070 corruere
1106 2042 1127 2057 "
1144 2041 1290 2068 dilectione
1304 2049 1311 2067 :
1327 2040 1390 2074 quia
1400 2048 1446 2074 per
1455 2039 1626 2067 dilectionem
1638 2043 1755 2076 proximi

974 2088 1132 2123 pervenitur
1156 2087 1189 2113 ad
1204 2087 1374 2113 charitatem
1405 2085 1526 2117 Christi,
1555 2088 1696 2120 quoniam,
1727 2095 1754 2116 ut

975 2134 1143 2170 przelibatum
1163 2136 1214 2163 est,
1236 2132 1262 2158 in
1279 2131 1322 2158 his
1350 2131 1457 2158 duobus
1470 2133 1613 2166 prmceptis
1632 2137 1688 2160 tota
1712 2135 1755 2162 lex

974 2180 1073 2215 pendet
1096 2183 1122 2206 et
1138 2179 1275 2213 propheta:
1291 2177 1324 2205 ⁸³.
1337 2176 1474 2204 Docibiles
1487 2185 1561 2212 ergo,
1573 2179 1618 2212 qui
1635 2179 1755 2213 perfecte

973 2226 1047 2253 docti
1067 2232 1122 2251 non
1137 2229 1201 2251 sunt
1216 2224 1249 2250 ad
1263 2224 1320 2250 luce
1336 2223 1489 2258 peragenda
1501 2243 1508 2255 ,
1525 2228 1632 2258 oportet
1660 2233 1755 2254 omnes

142 2275 307 2309 incognitum
323 2279 374 2302 est.
396 2274 474 2302 Unde
490 2275 554 2302 illud
569 2275 671 2301 dictum
686 2278 728 2301 est
745 2284 750 2301 :
769 2273 922 2301 Generatim
939 2275 959 2301 D
974 2279 1045 2303 esse,
1069 2274 1097 2298 et
1112 2274 1141 2297 ut
1164 2270 1215 2304 ipsi
1240 2270 1313 2296 docti
1338 2269 1403 2301 sint,
1423 2274 1450 2296 et
1465 2270 1534 2296 alios
1548 2271 1697 2305 prudenter
1712 2272 1760 2299 in-‘

142 2329 195 2348 nam
204 2321 261 2356 ejus
274 2322 331 2356 quis
340 2321 474 2348 enarrabit
486 2322 519 2336 "'
530 2321 633 2354 ?Quam
643 2324 776 2348 secretam
788 2320 920 2355 originem

141 2376 201 2395 cum
217 2367 328 2403 proprio
352 2367 431 2400 Filio,
459 2368 534 2394 novit
558 2367 616 2401 ipse
643 2367 718 2394 solus
746 2366 791 2401 qui
818 2366 920 2401 genuit.

141 2415 162 2429 ’⁸
171 2413 226 2442 Nec
241 2414 311 2441 Deus
323 2421 338 2440 a
351 2413 430 2440 nobis
444 2412 631 2440 discutiendus
642 2412 743 2443 est,sed
752 2411 922 2444 credendus;

141 2461 185 2496 qui
196 2462 224 2488 in
233 2457 314 2488 nobis
326 2460 393 2495 ipsis
402 2460 550 2492 nescimus,
564 2459 636 2494 quod
650 2459 774 2491 facimus,
787 2458 923 2493 quomodo

128 2505 286 2543 ‘sapientia,
296 2506 454 2542 ingenium,
465 2510 512 2533 aut
528 2506 693 2535 intellectus,
705 2508 751 2531 aut
765 2504 921 2538 consilium,

141 2559 186 2581 aut
197 2561 275 2580 mens
290 2551 382 2580 nostra
392 2557 504 2587 generat
515 2553 638 2580 verbmn.
658 2551 711 2578 Sed
721 2551 920 2582 suflicitnosse,

141 2601 203 2635 quia
221 2601 266 2627 lux
282 2599 374 2635 genuit
385 2599 567 2634 splendorem,
581 2599 652 2625 sicut
668 2599 704 2624 ait
717 2597 851 2632 Pr.0phcta
867 2606 873 2623 :
889 2596 923 2622 In

141 2645 320 2681 splendoribus
337 2650 487 2673 sanctorum
506 2652 538 2671 επ
559 2649 631 2671 utero
644 2649 703 2670 ante
718 2643 866 2678 Luciferum
879 2651 923 2677 ge-

171 2718 192 2734 ¹⁶
203 2721 312 2752 quoque.
352 2717 372 2732 "
385 2716 539 2743 resurrectio
555 2716 645 2752 futura
659 2715 704 2741 sit.

745 2714 772 2747 ΗΞ,
785 2713 813 2740 S.
830 2714 911 2747 Aug,
928 2720 1010 2739 serm.
1027 2711 1088 2742 HS.
1110 2711 1147 2738 De
1161 2716 1237 2745 temp.
1251 2718 1258 2741 ,'
1272 2709 1481 2747 Βυῐκὶ-ιιβῃηώ.

974 2321 1090 2347 struere,
1102 2319 1128 2343 et
1140 2315 1258 2351 perfecte
1276 2315 1381 2349 possint
1396 2315 1504 2346 docere,
1520 2315 1598 2350 juxta
1614 2316 1754 2345 Danieleni

973 2363 1142 2399 prophetam,
1166 2362 1212 2397 qui
1235 2362 1296 2388 ait:
1317 2360 1435 2395 Populus
1462 2366 1548 2388 autem
1565 2363 1649 2390 sciens
1670 2363 1753 2391 Deum

973 2418 1060 2441 suum,
1082 2408 1207 2435 obtinebit
1220 2413 1255 2441 _et
1278 2407 1368 2442 faciet,
1384 2412 1408 2434 et
1432 2407 1503 2434 docti
1518 2409 1544 2435 in
1564 2410 1658 2443 populo
1681 2410 1754 2438 doce-

975 2458 1036 2483 bunt
1051 2456 1177 2491 plurimos
1191 2450 1223 2482 δέ.
1252 2454 1353 2481 Omnes
1369 2454 1510 2486 docibiles,
1526 2459 1555 2482 ut
1567 2456 1623 2489 jam
1650 2456 1752 2484 dictum

975 2507 1028 2534 est,
1045 2503 1092 2538 qui
1103 2502 1174 2529 docti
1186 2501 1208 2524 l'
1223 2505 1298 2534 sunt,
1317 2509 1378 2528 esse
1392 2505 1516 2535 oportet;
1533 2501 1579 2528 sed
1598 2504 1753 2532 sacerdotes

975 2549 1112 2576 doctiores
1142 2547 1247 2574 caeteris
1274 2547 1382 2582 populis
1414 2549 1527 2574 neCesse
1553 2547 1610 2575 fore
1640 2549 1754 2576 docebat

977 2594 1106 2622 Christus
1129 2593 1270 2621 dicens“:
1298 2594 1367 2625 Quia
1392 2593 1415 2619 si
1429 2601 1512 2619 arcus
1540 2602 1608 2620 ueto
1629 2594 1753 2622 ducatum

975 2645 1093 2675 prwstet,
1116 2640 1240 2667 ambo-in
1265 2639 1365 2673 foveam
1385 2638 1481 2665 cadunt
1494 2640 1527 2666 ⁸⁷.
1558 2640 1718 2668 Sacerdotes
1731 2644 1753 2659 ⁸⁸

1521 2710 1541 2725 η
1554 2709 1625 2743 quia.
1664 2709 1686 2725 ’θ
1695 2718 1758 2736 con-

132 2744 267 2779 tu/enint.'
280 2755 288 2762 '
297 2753 317 2767 "
339 2752 406 2787 Ergo
420 2752 499 2787 quod.
514 2744 559 2787 p”.
572 2750 658 2787 Hebr:
667 2758 705 2787 xl,
722 2749 748 2776 6.
757 2744 772 2747 —
785 2749 807 2764 “
819 2744 924 2787 limbi}

976 2748 994 2774 t.
1032 2748 1055 2763 ’⁵
1068 2747 1141 2787 Psal'.
1149 2744 1264 2787 exsili).
1302 2746 1325 2761 "
1341 2745 1445 2787 ll‘ab'ac.‘
1457 2752 1486 2775 ιι,
1501 2744 1591 2787 4...²Σ
1606 2744 1658 2787 lsa.
1673 2746 1757 2787 vti,l_l.

132 2789 152 2803 "
171 2778 336 2822 liuf.,7pr:ef.
355 2778 453 2822 E‘iepds.
469 2788 495 2822 in
509 2785 609 2822 Sumo.
637 2778 739 2822 '7:_ls_:i.
753 2791 811 2815 ιλιι,
827 2784 869 2822 8.“
891 2784 914 2799 ¹⁸
928 2778 997 2822 ᾼ-υε.
1016 2782 1171 2822 sc_r_ni_._18_l,
1188 2782 1224 2807 De
1240 2780 1426 2822 teirtpppliufq
1440 2780 1456 2807 l.
1474 2786 1502 2822 (ξι
1573 2778 1643 2806 Psal.
1659 2788 1713 2822 cur.
1731 2780 1758 2807 5.

133 2823 155 2838 ³⁸
183 2817 290 2849 Baruch
307 2830 348 2853 ιιι,
360 2817 404 2849 ὄϋξ
442 2822 475 2838 ⁸ο·
489 2817 567 2852 Ibid.,
580 2820 623 2848 58.
662 2819 683 2835 ³¹
697 2819 833 2846 Hactenus
847 2817 915 2845 Ven.

976 2824 1005 2845 rt.
1044 2818 1065 2833 ³¹
1079 2817 1172 2844 Matth.
1188 2825 1254 2853 arti.

220 2857 244 2873 “
256 2856 324 2884 Tol).
341 2852 379 2889 iv,
398 2857 442 2885 i6.
480 2857 501 2872 ³³
517 2855 611 2882 Matth.
627 2862 674 2886 vn,
691 2854 737 2889 l2.
775 2854 798 2870 ³⁵
814 2853 842 2881 S.
858 2853 924 2888 Grca

976 2862 982 2880 ι
1002 2853 1116 2889 ΜονιιιἌ
1129 2852 1156 2889 4-.

133 2865 180 2884 XII.

1293 2817 1314 2831 "
1329 2816 1406 2842 Deut.
1419 2822 1462 2847 v1;
1479 2813 1573 2841 Matth.
1585 2822 1659 2847 xxn;
1674 2815 1758 2842 Male.

1195 2851 1216 2867 ³⁷
1233 2850 1333 2878 lJoan.
1348 2859 1383 2878 iv.
1422 2851 1444 2866 ⁸⁸
1470 2849 1498 2877 S.
1516 2849 1578 2876 Isid.
1600 2849 1628 2882 2,
1645 2855 1715 2880 sent,
1731 2850 1758 2877 '5.

133 2893 155 2908 "
166 2893 247 2919 Cant.
265 2900 326 2919 vin.
364 2884 387 2908 ίο
401 2884 478 2919 Joan.
495 2899 551 2922 xiv,
564 2890 611 2930 25:
627 2914 629 2917 .
646 2884 760 2930 “'Joan.
774 2897 818 2930 ξγ,
836 2889 879 2930 ‘l_0.
913 2884 1056 2930 “‘lqrarleﬂ.
1068 2886 1310 2930 ωυιῐδίιιιιιξεηχκιει,
1326 2887 1370 2930 4οί
1410 2885 1433 2902 ⁵⁵
1445 2884 1513 2913 Dan.
1530 2893 1568 2919 XI,
1580 2885 1625 2913 52.
1661 2885 1760 2930 ".non.

134 2927 156 2943 “
169 2926 232 2956 Haec
246 2928 302 2956 duo
318 2927 447 2956 vocabula
461 2936 513 2955 non
529 2930 592 2955 sunt
606 2925 632 2953 in
650 2932 702 2952 ms.

741 2925 761 2940 ‘7
774 2924 868 2951 Matth.
886 2933 929 2959 xv,
949 2924 989 2951 li.

1029 2924 1051 2940 ⁸⁸
1067 2923 1192 2952 Distinet.
1208 2923 1253 2956 93,
1268 2922 1422 2950 Sacerdotes
1435 2930 1503 2949 vero.
