4064 6256
466 360 573 418 475

1316 352 1373 412 8.
1414 348 1813 410 CLEMENTIS
1850 349 1872 403 l
1908 348 2077 406 ROM.
2113 347 2321 411 PONT.
2350 348 2581 409 OPERA
2617 352 2847 412 DUBIA.

3605 356 3716 412 £76

464 486 596 528 vero
622 471 706 527 sal
732 476 895 526 terra:
927 475 982 527 et
1025 467 1215 525 mundi
1245 466 1431 523 lumen
1455 466 1499 500 δ’
1528 467 1755 532 docens,
1788 466 2043 537 praecepit
2071 470 2118 527 A
2146 468 2311 538 cepit,
2337 469 2431 539 qui
2455 484 2566 524 non
2588 470 2901 540 primatum,
2924 478 3019 525 aut
3045 470 3604 551 archiepiscoporum,
3621 479 3721 526 aut

465 565 523 617 in
558 562 851 632 splendore
881 562 1152 617 bonorum
1193 574 1420 630 cperum
1470 557 1689 614 Patrem
1742 558 2047 630 gloriﬁcare

465 653 675 721 Deum;
716 654 784 709 de
815 655 1018 725 quibus
1067 652 1335 707 Dominus
1392 651 1471 705 ait
1504 670 1516 705 :
1560 650 1715 704 Beati
1751 651 1898 716 estis,
1929 668 2049 706 cum

462 746 839 800 inaledixerint
869 746 1015 801 vobis
1046 745 1303 808 homines,
1328 751 1377 798 et
1407 743 1668 811 persecuti
1694 759 1784 797 vos
1815 743 2043 812 fuerint,

463 848 513 893 et
543 839 779 892 dixerint
811 856 962 894 omne
1012 838 1215 891 malum
1272 836 1548 890 adversum
1590 851 1702 899 vos,
1745 835 2048 890 mentientes

462 941 675 1002 propter
700 948 801 987 me.
852 930 1084 984 Gaudete
1109 937 1160 983 et
1213 928 1496 991 exsultate,
1536 928 1788 997 quoniam
1852 943 2045 983 merces

468 1034 641 1079 vestra
670 1024 884 1092 copiosa
913 1031 990 1076 est
1014 1022 1069 1074 in
1099 1021 1274 1083 cazlis;
1306 1021 1382 1073 sic
1426 1019 1564 1074 enim
1618 1019 1879 1089 persecuti
1922 1028 2047 1074 sunt

466 1116 776 1185 prophetas,
808 1115 901 1185 qui
928 1114 1141 1182 fuerunt
1177 1120 1297 1165 ante
1324 1127 1432 1165 vos.
1480 1110 1578 1164 Vos
1603 1110 1733 1164 estis
1765 1110 1848 1164 sal
1893 1119 2047 1165 terra:

471 1209 625 1274 Quod
659 1209 705 1262 si
729 1207 811 1260 sal
833 1206 1124 1269 evanuerit,
1150 1205 1205 1256 in
1243 1218 1344 1274 quo
1392 1202 1616 1256 satietur
1644 1204 1670 1258 ?
1719 1201 1799 1253 Ad
1822 1201 2046 1257 nihilum

471 1301 607 1355 valet
636 1301 804 1365 ultra,
842 1299 945 1353 nisi
981 1308 1037 1351 ut
1063 1298 1210 1366 foras
1235 1296 1501 1359 mittatur,
1531 1302 1581 1347 et
1608 1294 1949 1348 conculcetur
1979 1294 2045 1349 ab

468 1392 790 1447 hominibus.
858 1389 983 1445 Non
1013 1397 1181 1459 potest
1204 1387 1390 1441 civitas
1424 1384 1677 1440 abscondi
1704 1402 1865 1455 supra
1898 1403 2047 1441 mon-

470 1496 573 1541 tem
596 1487 793 1556 posita,
846 1499 1010 1555 neque
1067 1478 1359 1534 accendunt
1415 1477 1709 1542 lucernam,
1747 1486 1797 1532 et
1846 1489 2044 1549 ponunt

468 1595 587 1634 eam
620 1579 715 1634 sub
762 1576 961 1641 modio,
1002 1574 1092 1628 sed
1142 1587 1297 1642 super
1326 1569 1724 1634 candelabrum,
1781 1580 1839 1624 ut
1873 1570 2046 1624 luceat

470 1671 713 1725 omnibus
750 1671 841 1741 qui
871 1670 924 1722 in
970 1668 1125 1721 domo
1165 1673 1286 1719 sunt
1316 1663 1384 1727 ’°,
1413 1671 1473 1717 ut
1502 1661 1598 1732 qui
1655 1662 2045 1733 ingrediuntur

470 1766 652 1819 lumen
682 1763 902 1818 videant
929 1761 994 1815 ⁸⁸.
1050 1759 1142 1813 Sic
1199 1757 1371 1810 luceat
1402 1755 1495 1809 lux
1532 1766 1706 1809 vestra
1735 1771 1917 1808 coram
1946 1754 2044 1808 ho-

470 1855 720 1917 minibus,
746 1862 805 1907 ut
835 1851 1043 1907 videant
1068 1849 1205 1903 bona
1233 1865 1393 1918 opera
1432 1856 1628 1911 vestra,
1659 1856 1709 1901 et
1747 1846 2043 1917 gloriﬁcent

470 1946 689 2001 Patrem
736 1954 987 2009 vestrum,
1022 1943 1112 2013 qui
1140 1943 1196 1996 in
1216 1941 1358 1995 ctelis
1401 1948 1480 1994 est
1509 1940 1577 1994 ".
1606 1938 1912 2010 Episcopos
1944 1954 2045 1994 au-

468 2048 577 2094 tem
608 2053 705 2108 per
746 2037 989 2108 singulas
1014 2034 1286 2096 civitates,
1321 2032 1521 2103 quibus
1571 2030 1661 2085 ille
1715 2046 1826 2084 non
1859 2031 2027 2086 mise-

470 2142 594 2196 rat,
678 2129 967 2201 perdoctos
1018 2134 1072 2183 et
1144 2125 1441 2197 prudentes
1505 2124 1649 2179 sicut
1724 2133 2035 2194 serpentes,

470 2227 862 2297 simplicesque
920 2223 1065 2278 sicut
1095 2218 1402 2283 columbas,
1454 2217 1611 2289 juxta
1645 2214 1861 2269 Domini
1902 2230 2044 2285 prae-

470 2320 802 2390 ceptionem,
852 2316 1014 2370 nobis
1073 2313 1291 2367 mittere
1344 2310 1624 2381 praecepit.
1676 2308 1833 2374 Quod
1879 2309 2045 2363 etiam

471 2413 651 2467 facere
679 2408 1078 2472 inchoavimus,
1102 2412 1155 2458 et
1191 2402 1422 2457 Domino
1460 2416 1619 2472 opem
1666 2400 1893 2467 ferente,
1948 2399 2035 2452 fa-

469 2504 615 2561 cturi
655 2518 867 2558 sumus.
903 2498 1011 2555 Vos
1052 2504 1233 2551 autem
1260 2511 1355 2565 per
1381 2501 1595 2550 vestras
1635 2492 1900 2548 diteceses
1931 2493 2047 2562 epi-

471 2611 672 2668 scopos
708 2602 920 2649 sacrate
949 2599 1004 2649 et
1032 2589 1251 2654 mittite,
1277 2588 1405 2659 quia
1440 2602 1542 2642 nos
1575 2585 1641 2641 ad
1669 2585 1806 2639 alias
1836 2591 2045 2654 partes,

468 2690 615 2759 quod
638 2688 777 2743 idem
801 2684 989 2756 jussit,
1017 2697 1181 2753 agere
1225 2680 1569 2737 curabimus.
1632 2677 1860 2749 Aliquos
1899 2693 2035 2737 vero

471 2780 539 2836 ad
567 2779 772 2835 Gallias
823 2776 1225 2848 Hispaniasque
1248 2772 1297 2805 ⁸⁸
1344 2762 1647 2836 mittemus,
1673 2779 1728 2827 et
1765 2770 2039 2843 quosdam

470 2874 539 2929 ad
570 2872 913 2928 Germaniam
936 2879 990 2925 et
1019 2866 1253 2932 Italiam,
1281 2873 1444 2936 atque
1474 2865 1541 2920 ad
1572 2865 1810 2936 reliquas
1853 2871 2043 2935 gentes

470 2965 707 3035 dirigere
750 2963 1024 3033 cupimus.
1074 2959 1180 3015 Ubi
1209 2968 1389 3013 autem
1444 2956 1741 3013 ferociores
1781 2964 1836 3011 et
1865 2955 2043 3010 rebel-

471 3057 637 3111 liores
684 3064 876 3127 gentes
941 3069 1063 3108 esse
1111 3048 1555 3121 cognoverimus,
1614 3048 1747 3103 illuc
1805 3047 2044 3118 dirigere

470 3147 834 3217 sapientiores
866 3152 920 3200 et
951 3143 1283 3199 austeriores
1339 3156 1568 3196 necesse
1616 3140 1901 3205 habemus,
1948 3142 2043 3211 qui

471 3238 717 3309 quotitie
758 3252 867 3291 non
921 3242 1140 3291 cessent
1184 3234 1371 3288 divina
1413 3233 1686 3287 seminare
1724 3233 1952 3298 semina,
1984 3243 2038 3289 et

470 3333 671 3386 multos
700 3330 921 3386 Christo
945 3328 1169 3392 lucrari,
1202 3336 1255 3382 et
1289 3327 1355 3380 ad
1386 3333 1590 3381 rectam
1623 3325 1781 3380 fidem
1808 3333 1864 3380 et
1894 3326 2038 3381 viam

469 3423 714 3479 veritatis
766 3422 1085 3492 perducere,
1130 3425 1191 3473 ut
1227 3418 1412 3489 plures
1459 3418 1769 3489 manipulos
1810 3416 2041 3475 Domino

470 3517 686 3571 valeant
742 3520 1098 3585 prmsentare.

538 3607 665 3662 “in
695 3607 803 3661 illis
833 3621 961 3661 vero
996 3605 1330 3670 civitatibus,
1381 3603 1439 3658 in
1477 3602 1678 3673 quibus
1716 3601 1846 3655 olim
1898 3599 2040 3671 apud

467 3701 719 3756 ethnicos
767 3698 1223 3754 archiﬂamines"
1268 3713 1481 3761 eorum,
1519 3705 1679 3766 atque
1724 3695 1884 3765 primi
1906 3694 2040 3764 legis

469 3791 727 3847 doctores
768 3800 945 3853 erant,
998 3789 1381 3859 episcoporum
1431 3787 1695 3858 primates
1750 3784 1901 3856 poni,
1951 3786 2039 3840 vel

469 3883 834 3955 patriarchas,
866 3884 960 3952 qui
1001 3882 1340 3951 reliquorum
1392 3878 1780 3950 episcoporum
1829 3875 2038 3945 judicia

468 3987 523 4031 et
571 3976 781 4046 majora
825 3973 1063 4046 (quoties
1112 3986 1342 4028 necesse
1384 3970 1545 4040 foret)
1576 3968 1793 4040 negotia
1836 3968 1890 4021 in
1930 3967 2037 4023 ﬁde

468 4069 758 4138 agitarent,
783 4074 836 4122 et
866 4064 1171 4121 secundum
1211 4062 1303 4119 Dei
1335 4062 1693 4125 voluntatem,
1727 4060 1872 4115 sicut
1899 4075 2034 4114 con-

468 4160 765 4214 stituerunt
799 4158 973 4212 sancti
997 4156 1251 4226 apostoli,
1281 4158 1356 4209 ita
1387 4162 1445 4209 ut
1466 4170 1532 4209 ne
1558 4154 1682 4224 quis
1711 4154 1916 4223 injuste
1942 4170 2037 4224 pe-

469 4252 821 4315 riclitaretur,
881 4249 1265 4305 delinirent."
1299 4248 1355 4302 ln
1408 4249 1517 4303 illis
1562 4257 1742 4303 autem
1794 4248 2033 4303 civitati-

469 4344 595 4408 bus,
620 4343 677 4398 in
706 4344 905 4414 quibus
943 4343 1151 4396 dudum
1190 4342 1332 4411 apud
1362 4342 1649 4411 praedictos
1670 4353 1825 4397 erant
1848 4343 2032 4397 archi-

467 4437 737 4501 flamines,
769 4452 907 4507 quos
939 4443 1121 4490 tamen
1152 4435 1392 4490 minores
1422 4435 1681 4488 tenebant
1724 4450 1885 4504 quam
1919 4452 2036 4491 tne--

468 4537 710 4585 moratos
738 4532 1020 4600 primates,
1040 4528 1482 4597 archiepiscopos
1517 4527 1729 4583 institui
1752 4529 2029 4599 praecepit,
2064 4523 2110 4583 D

466 4624 559 4693 qui
609 4637 718 4676 non
761 4630 943 4677 tamen
987 4620 1302 4690 primatum,
1352 4620 1449 4674 sed
1493 4620 2034 4692 archiepiscoporum

467 4716 781 4770 fruerentur
826 4715 1067 4768 nomine.
1118 4711 1511 4781 Episcoporum
1563 4728 1779 4783 quoque
1801 4715 2032 4783 judicia,

467 4817 527 4862 ut
577 4806 833 4877 superius
864 4810 1227 4860 memoratum
1275 4810 1380 4868 est,
1407 4813 1461 4856 et
1500 4805 1713 4874 majora
1764 4806 2037 4865 Ecclesia-

464 4919 588 4957 rum
634 4898 872 4970 negotia,
919 4898 966 4953 si
1014 4897 1116 4966 ipsi
1160 4895 1600 4961 reclamaverint,
1647 4905 1742 4952 aut
1787 4901 2027 4971 aliquem

464 4997 737 5058 timorem,
765 4999 859 5045 aut
890 4991 1026 5045 istos
1068 4988 1153 5043 vel
1191 4987 1329 5042 alios
1372 4998 1661 5057 suspectos
1710 4992 2027 5066 habuerint,

463 5088 532 5142 ad
555 5089 667 5157 jam
700 5086 877 5141 dictos
910 5083 1168 5152 primates
1202 5080 1287 5135 vel
1328 5082 1692 5149 patriarchas,
1720 5104 1791 5142 ne
1831 5090 2028 5159 aliquis

465 5187 725 5235 nocenter
748 5178 791 5209 "’
822 5176 1043 5246 periret,
1074 5173 1363 5228 transferri
1410 5176 1775 5243 perdocuit”.
1810 5178 1869 5235 In
1914 5183 2032 5238 sin-

462 5274 605 5345 gulis
629 5286 758 5326 vero
787 5270 1013 5339 reliquis
1060 5266 1375 5321 civitatibus
1405 5267 1675 5338 singulos,
1711 5280 1765 5328 et
1795 5289 1903 5328 non
1945 5277 2030 5331 bi-

465 5382 564 5423 nos
590 5367 673 5421 vel
701 5372 887 5419 ternos
918 5369 1010 5416 aut
1033 5360 1217 5431 plures
1242 5360 1551 5431 episcopos,
1575 5366 1837 5420 constitui
1879 5384 2023 5438 prae-

534 5586 577 5619 ”
592 5604 721 5644 esse.
804 5586 850 5621 ’θ
866 5586 1054 5641 Matth.
1070 5603 1124 5651 v,
1146 5586 1347 5644 11-16.

464 5658 679 5726 niasque
777 5655 977 5711 "Dist.
1014 5659 1108 5722 80,
1154 5657 1219 5710 In
1266 5659 1373 5712 illis
1410 5662 1741 5727 civitatibus;
1794 5674 1848 5719 et
1894 5664 2051 5719 Leol

464 5728 600 5780 Ana.
639 5730 691 5780 in
716 5727 845 5780 Adr.
887 5729 1012 5780 coll.
1045 5728 1222 5780 datam
1287 5728 1498 5780 lneilr--
1566 5749 1616 5780 ο-
1676 5733 1766 5780 23-
1796 5733 1905 5780 .lnl-
1940 5750 2026 5780 nn-

2159 5679 2244 5765 θεῖτ’
2277 5663 2330 5780 3;

516 5743 600 5852 αἳ.
639 5731 691 5780 in
716 5731 845 5781 Adr.
887 5731 1012 5781 coll.
1045 5731 1222 5780 datam
1287 5731 1499 5795 lngilr.,
1566 5749 1616 5787 c.
1676 5733 1767 5796 25,
1796 5733 1905 5789 Jul.
1940 5750 2027 5803 ep.

516 5799 661 5874 In“.
715 5797 936 5874 “‘fiq.
972 5796 1462 5874 l,‘Bcati_t.s.Petras
1514 5801 1715 5873 llaer,
1754 5820 1801 5859 c.
1834 5806 1925 5871 65,
1974 5806 2056 5859 col

2195 5734 2236 5765 ⁸⁷
2277 5732 2394 5803 quis
2430 5731 2750 5783 innocenter.
2827 5731 2872 5756 ⁵⁸
2902 5731 3084 5792 jussit.
3200 5731 3245 5758 δ’
3288 5731 3342 5776 In
3401 5731 3692 5776 UerrJvu.

2140 5804 2364 5874 rtiomsn
2441 5802 2481 5832 “
2509 5801 2563 5863 2,
2595 5815 2646 5869 q.
2687 5799 2745 5864 7,
2770 5795 2920 5850 Laici
2948 5796 2999 5847 in
3030 5796 3387 5851 accusatione.
3463 5794 3506 5825 "
3537 5788 3701 5853 Fab,

467 5798 583 5852 ΗΜ
605 5814 661 5865 υ.

466 5885 551 5936 cp.
582 5858 636 5921 Ξῖ
713 5867 755 5896 ⁶³
778 5858 998 5933 IUL-cp.
1031 5864 1085 5928 ἐ,
1111 5882 1159 5918 c.
1193 5858 1281 5913 '50.

2149 562 2697 630 metr0politanorum
2741 564 2982 628 nomine,
3014 564 3146 635 quia
3199 570 3403 623 matres
3432 563 3720 617 civitatum

2147 669 2259 709 non
2288 661 2503 719 tenent,
2538 655 2634 711 sed
2664 657 3048 727 epiSCOporum
3078 664 3288 709 tantum
3320 655 3587 710 vocabulo
3619 671 3718 727 po-

2145 749 2410 814 tirentur;
2438 749 2696 818 quoniam
2719 765 2821 804 nec
2845 751 2987 804 inter
3018 750 3168 819 ipsos
3199 748 3475 817 apostolos
3504 764 3603 818 par
3631 750 3720 804 in-

2147 840 2363 895 stitutio
2392 839 2518 904 fuit,
2553 840 2648 895 sed
2678 856 2822 896 unus
2861 841 3118 895 omnibus
3158 838 3458 910 praefuit".
3490 838 3607 894 Hoc
3633 847 3692 894 ta

2146 947 2270 987 men
2304 932 2712 1001 praevidendum
2763 933 3024 996 instituit,
3056 948 3127 988 ne
3167 932 3223 986 in
3268 932 3435 997 villis,
3486 942 3579 987 aut
3628 948 3721 987 ca-

2146 1023 2319 1078 stellis
2351 1024 2439 1079 vel
2484 1022 2715 1079 modicis
2751 1023 3088 1087 civitatibus,
3138 1024 3556 1078 instituerentur
3599 1025 3721 1094 epio

2145 1115 2331 1184 secpi;
2358 1130 2426 1170 ne
2456 1127 2565 1170 vite
2599 1130 2787 1171 eorum
2820 1130 3019 1169 nomen
3047 1115 3218 1169 ﬁeret.
3252 1113 3553 1185 Episcopus
3583 1131 3720 1187 ergo

2144 1205 2319 1259 vicem
2349 1212 2719 1275 apostolorum
2738 1222 2944 1277 gerere,
2971 1204 3258 1260 Dominum
3281 1206 3536 1262 docuisse
3566 1206 3719 1262 dice-

2145 1296 2259 1361 bat,
2292 1305 2345 1352 et
2377 1298 2713 1368 reliquorum
2740 1299 3135 1369 discipulorum
3165 1300 3341 1353 vicem
3370 1305 3559 1355 tenere
3587 1315 3719 1370 pre-

2147 1390 2400 1462 sbyteros
2437 1391 2639 1447 debere
2681 1391 3015 1446 insinuabat.
3047 1389 3114 1445 Et
3143 1391 3190 1445 si
3230 1391 3355 1461 quis
3379 1391 3613 1461 aliquem
3644 1408 3717 1448 ex

2146 1482 2234 1537 his
2267 1482 2685 1547 scandalizaret,
2729 1481 3109 1553 gravissimam
3141 1482 3220 1536 illi
3272 1498 3489 1552 pinnam
3523 1482 3716 1539 inferri

2146 1573 2345 1629 debere
2382 1574 2738 1645 praedicabat.
2766 1573 3011 1630 Cunctos
3052 1589 3113 1629 se
3140 1574 3372 1629 invicem
3406 1573 3631 1646 diligere
3660 1582 3718 1630 et

2147 1658 2411 1737 adjuvare
2450 1668 2669 1733 debere,
2709 1676 2762 1723 et
2791 1667 3064 1724 neminem
3098 1668 3166 1722 ab
3197 1666 3473 1737 adjutorio
3526 1668 3717 1726 fratris

2146 1776 2206 1816 se
2234 1761 2557 1816 subtrahere
2576 1746 2965 1822 instruebat.“
2998 1759 3313 1815 Homicidas
3335 1776 3464 1815 vero
3492 1769 3544 1815 et
3559 1760 3719 1815 adul-

2146 1861 2316 1919 teros,
2346 1869 2411 1909 ac
2434 1861 2667 1910 cunctos
2698 1852 3075 1908 criminalibus
3098 1852 3329 1908 nexibus
3358 1852 3631 1923 alligatos,
3660 1859 3717 1908 et

2143 1945 2237 2015 qui
2262 1945 2343 2000 eis
2374 1946 2680 2016 comquales
2700 1960 2810 1999 non
2836 1952 3013 2009 erant,
3047 1943 3329 2014 ableorum
3353 1944 3638 2000 vexatione
3660 1951 3717 1999 et

2143 2037 2512 2102 accusatione,
2550 2036 2780 2092 docente
2814 2036 3066 2101 Domino,
3104 2036 3447 2106 prohibebat,
3479 2043 3533 2092 et
3574 2052 3717 2091 non-

2143 2128 2252 2185 nisi
2282 2144 2313 2182 a
2336 2129 2706 2199 coaequalibus
2746 2129 2950 2200 aliquid
2978 2130 3058 2185 eis
3086 2127 3280 2184 inferri
3315 2128 3518 2184 debere
3547 2129 3718 2186 doce-

2142 2222 2267 2289 bat;
2300 2222 2430 2292 quia
2464 2220 2795 2293 discipulum
2836 2236 3004 2292 supra
3050 2221 3375 2293 magistrum
3429 2237 3574 2287 esse,
3621 2232 3718 2277 aut

2145 2313 2310 2370 ullam
2334 2312 2387 2368 ei
2432 2313 2689 2383 injuriam
2718 2312 2942 2379 inferre,
2984 2313 3296 2369 nullatenus
3323 2313 3520 2369 debere
3549 2328 3719 2385 opor-

2144 2414 2248 2466 tet.
2271 2408 2317 2439 “
2350 2405 2586 2464 lnfames
2617 2408 2782 2463 etiam
2834 2422 3045 2473 omnes,
3082 2414 3137 2462 et
3167 2422 3306 2477 quos
3357 2407 3620 2477 primates
3661 2414 3719 2462 et

2144 2501 2294 2572 leges
2332 2501 2516 2559 saeculi
2546 2516 2656 2556 non
2676 2500 3005 2572 suscipiunt,
3030 2500 3125 2557 sed
3152 2509 3204 2556 et
3227 2500 3397 2555 laicos
3419 2500 3488 2555 ab
3519 2515 3715 2555 eorum

2145 2593 2498 2649 accusatione
2541 2600 2595 2648 et
2642 2593 2930 2649 vexatione
2983 2607 3201 2661 semper
3251 2591 3442 2662 repelli
3485 2590 3712 2657 debere,

2144 2686 2393 2758 rogabat,
2443 2695 2498 2742 et
2546 2691 2778 2741 cunctos
2817 2685 2928 2741 illis
2968 2682 3218 2740 subditos
3263 2698 3388 2739 esse
3425 2682 3713 2753 praecipie-

2143 2779 2257 2834 bat.
2278 2778 2321 2809 “
2351 2776 2690 2833 Cunctorum
2748 2776 3093 2833 sacerdotum
3134 2775 3326 2841 vitam,
3371 2776 3715 2846 superiorem

2145 2869 2587 2941 sanctioremque
2607 2885 2671 2925 ac
2698 2870 2991 2925 discretam
3031 2884 3063 2923 a
3091 2867 3449 2923 saecularibus
3473 2875 3528 2922 et
3557 2866 3714 2925 laicis

2144 2963 2459 3019 hominibus
2480 2977 2623 3031 esse,
2647 2968 2701 3017 et
2724 2960 3034 3032 spirituales
3056 2975 3305 3030 quosque
3336 2966 3499 3029 atque
3528 2973 3713 3014 sacer-

2143 3056 2299 3111 dotes
2329 3070 2494 3126 super
2521 3054 2772 3109 carnales
2800 3068 2863 3107 ac
2891 3052 3060 3107 laicos
3102 3067 3317 3121 semper
3372 3051 3714 3107 constituen-

2070 3172 2110 3229 ρ
2145 3147 2244 3203 dos
2274 3148 2539 3215 docebat;
2570 3145 2829 3217 quoniam
2864 3159 2965 3215 pro
2996 3144 3224 3197 minimo
3258 3142 3417 3199 nobis
3450 3158 3572 3199 esse
3615 3144 3712 3198 de-

2143 3239 2252 3305 bet,
2285 3248 2343 3292 ut
2374 3254 2404 3293 a
2432 3238 2637 3294 talibus
2688 3250 2984 3308 arguamur
3026 3242 3079 3289 et
3119 3232 3451 3304 judicemur,
3498 3234 3584 3288 vel
3639 3235 3709 3289 ab

2141 3333 2381 3389 humano
2414 3331 2587 3390 die.“
2617 3330 2850 3400 Majores
2898 3344 3028 3384 vero
3063 3342 3094 3380 a
3118 3326 3421 3381 minoribus
3465 3340 3567 3380 nec
3617 3340 3713 3379 ac-

2142 3424 2324 3481 cusari
2358 3439 2459 3479 nec
2494 3423 2734 3494 judicari
2762 3423 3036 3477 ullatenus
3072 3434 3235 3491 posse
3277 3416 3532 3485 dicebat;
3568 3432 3711 3487 quo-

2142 3516 2288 3571 niam
2321 3531 2431 3571 non
2462 3516 2640 3571 solum
2680 3515 2785 3570 hoc
2832 3513 3070 3578 divinas,
3096 3512 3192 3567 sed
3211 3512 3277 3566 'et
3321 3509 3468 3582 leges
3520 3509 3711 3565 saeculi

2141 3610 2386 3665 inhibere
2416 3608 2667 3665 docebat.

2211 3704 2411 3760 Omnes
2432 3717 2563 3773 ergo
2595 3702 2770 3772 legum
2794 3698 3104 3753 divinarum
3132 3696 3367 3751 libenter
3389 3692 3708 3758 violatores,

2141 3801 2194 3850 ct
2234 3808 2516 3849 sacrarum
2560 3791 2968 3848 institutionum
2999 3789 3304 3843 voluntarie
3356 3785 3710 3855 perturbato-

2140 3903 2250 3953 res,
2296 3885 2671 3942 ecclesiastica
2720 3882 2974 3953 indignos
3023 3880 3211 3951 regula
3240 3886 3293 3934 et
3324 3886 3517 3933 sancta
3546 3892 3703 3931 com-

2139 3977 2398 4032 munione
2447 3975 2749 4045 judicabat;
2803 3972 3131 4043 Operatores
3180 3985 3311 4026 vero
3358 3970 3703 4035 earumdem,

2138 4073 2327 4141 eisque
2355 4070 2687 4134 obedientcs,
2710 4075 3062 4136 utrarumque
3085 4078 3147 4116 ac
3177 4073 3498 4117 caeterorum
3529 4060 3705 4114 bono-

2138 4180 2259 4219 rum
2303 4163 2498 4234 dignos
2547 4174 2671 4215 esse
2718 4158 2960 4237 dicebat.
2995 4154 3148 4210 Unde
3202 4161 3257 4209 et
3314 4154 3609 4223 prophetas
3647 4152 3705 4207 in

2138 4256 2510 4313 testimonium
2551 4253 2799 4309 sumebat
2825 4249 3071 4314 :Audite,
3102 4248 3239 4313 cazli,
3265 4256 3314 4301 et
3346 4246 3563 4300 auribus
3587 4261 3706 4315 per-

2137 4352 2267 4420 cipe,
2310 4359 2473 4414 terra,
2514 4347 2762 4418 quoniam
2809 4344 3062 4398 Dominus
3118 4342 3323 4396 locutus
3379 4350 3455 4395 est
3479 4355 3496 4392 .·
3536 4337 3703 4393 Filios

2137 4443 2361 4498 enutrivi
2399 4450 2447 4497 et
2495 4439 2748 4504 exaltavi,
2781 4437 2883 4507 ipsi
2924 4445 3100 4490 autem
3129 4442 3430 4503 spreverunt
3462 4448 3563 4487 me.
3600 4429 3704 4487 Co-

2134 4537 2309 4608 gnovit
2338 4534 2426 4588 bos
2453 4547 2803 4602 possessorem
2839 4545 3014 4592 suum,
3051 4535 3099 4581 et
3132 4527 3314 4580 asinus
3336 4541 3565 4596 prtesepe
3611 4524 3703 4577 do-

2138 4631 2266 4683 mini
2299 4629 2402 4691 sui,
2435 4625 2609 4680 Israel
2640 4632 2816 4678 autem
2854 4640 2955 4676 non
2986 4621 3221 4691 cognovit
3262 4635 3361 4683 me,
3395 4628 3445 4671 et
3479 4616 3703 4687 populus

2136 4738 2279 4775 meus
2296 4738 2397 4774 non
2429 4717 2707 4772 intellexit.
2736 4715 2821 4769 Vw
2842 4715 2981 4786 genti
3011 4712 3291 4782 peccatrici
3308 4712 3326 4763 ,ν
3347 4710 3535 4779 populo
3556 4709 3702 4778 gravi

2135 4813 2433 4883 iniquitate,
2466 4810 2653 4864 semini
2700 4823 2946 4878 nequam,
2976 4806 3103 4875 ﬁliis
3146 4802 3453 4857 sceleratis!
3504 4800 3705 4854 Dereli-

2134 4911 2354 4974 querunt
2384 4901 2687 4964 Dominum,
2712 4898 3196 4967 blasphemaverunt
3226 4896 3479 4950 Sanctum
3505 4893 3700 4960 Israel,

2139 4996 2426 5050 abalienati
2452 5005 2574 5049 sunt
2601 5002 2909 5047 retrorsum.
2943 4989 3109 5059 Super
3138 5006 3238 5060 quo
3280 4989 3571 5058 percutiam
3615 5004 3702 5042 vos

2135 5091 2299 5153 ultra,
2329 5086 2579 5141 addentes
2608 5084 3140 5155 prazvaricationem?
3181 5081 3345 5136 Omne
3392 5090 3549 5148 caput
3583 5080 3701 5133 lan-

2131 5182 2371 5253 guidum,
2395 5191 2445 5235 et
2474 5196 2622 5233 onme
2668 5196 2757 5232 cor
2797 5192 3017 5231 mwrens
3042 5192 3111 5229 :a
3140 5176 3328 5244 planta
3367 5173 3511 5243 pedis
3541 5190 3704 5243 usque

2134 5277 2202 5332 ad
2234 5278 2470 5331 verticem
2492 5290 2593 5328 non
2625 5280 2702 5325 est
2727 5270 2781 5322 in
2806 5286 2865 5322 eo
2890 5269 3131 5322 sanitas:
3166 5267 3351 5320 vulnus
3389 5276 3436 5320 et
3476 5267 3626 5328 livor,
3652 5274 3699 5318 et

2136 5371 2295 5441 plaga
2328 5378 2528 5423 tumens
2553 5380 2657 5418 non
2677 5372 2754 5416 est
2786 5360 3174 5430 circumligata,
3207 5375 3298 5413 nec
3329 5368 3515 5411 curata
3544 5358 3701 5410 medi-

1424 5587 1467 5621 ⁶¹
1485 5589 1645 5645 Deest
1670 5593 1843 5647 media
1868 5593 1982 5648 haec
2005 5593 2275 5650 sententia
2304 5594 2357 5645 in
2394 5588 2626 5644 Lucensi
2671 5586 2879 5641 codice.
2953 5582 3284 5644 “lliid.,16.
3350 5582 3512 5635 "Ms.
3560 5578 3699 5645 Spa-

3047 5655 3264 5709 amines.
3341 5655 3389 5685 ⁵⁸
3415 5652 3546 5705 Vide
3571 5650 3695 5701 Ant.

2412 5662 2455 5691 ⁵⁵
2493 5658 2653 5724 primi
2682 5656 2974 5711 sacerdotes
3004 5655 3264 5723 ﬂamines.
3341 5655 3389 5685 ⁵⁸
3415 5655 3546 5705 Vide
3571 5655 3668 5701 Aul

2430 5730 2750 5775 innocenter.
2827 5726 2872 5756 ⁵⁸
2914 5726 3084 5775 iussit.
3200 5725 3245 5758 δ’
3287 5722 3342 5775 In
3401 5717 3668 5775 DerrJVO

3310 5740 3342 5776 υ
3401 5732 3555 5776 verr.
3579 5732 3692 5769 IVO.

2277 5732 2394 5803 quis
2430 5730 2750 5803 innocenter.
2779 5795 2796 5803 _
2827 5726 2872 5803 δέ
2902 5726 3084 5803 jussit.
