2032 3128
134 183 183 212 ιπ

728 175 911 212 morm
929 181 1158 211 meram

1705 189 1761 218 4⁸18

134 243 246 275 contine,
261 249 345 277 neque
355 242 412 277 fota
430 242 497 270 oleo.
520 241 605 270 Terra
622 246 711 269 vestra
733 242 850 273 deserta.
863 244 925 271 civi-
940 250 959 278 Α
975 242 1113 277 episcopis
1131 241 1160 269 in
1177 241 1307 270 omnibus
1322 241 1428 278 absque
1445 249 1523 270 mora
1535 243 1704 277 obedientes,
1717 245 1762 273 in.

135 294 200 316 tam
215 293 311 316 vestrm
323 289 383 324 igne
397 296 549 317 succensis:
559 289 691 324 regionem
705 294 819 316 vestram
830 298 921 317 coram

133 334 204 362 vobis
232 335 316 362 alieni
334 335 472 369 devorant,
492 340 518 363 et
535 334 699 362 desolabitur
729 335 797 363 sicut
820 336 848 362 in
875 344 922 364 va-

133 382 224 408 stitate
251 381 356 415 hostili,
367 385 393 409 et
412 381 648 417 derelinquetur".
678 381 735 414 γω,
760 381 860 417 inquit,
876 383 922 418 qui

133 429 222 456 dicitis
253 428 353 456 bonum
375 428 487 462 malum,
508 433 534 456 et
552 429 654 456 malum
674 428 781 461 bonum,
797 435 922 464 ponentes

134 475 254 502 tenebras
266 476 361 507 lucem,
372 481 397 502 et
409 476 493 503 lucem
514 476 644 508 tenebras,
660 481 782 510 ponentes
799 485 921 504 amarum

133 522 161 548 in
176 521 263 554 dulce,
280 527 305 549 et
332 522 409 549 dulce
431 523 459 548 in
482 531 614 550 amarum.
633 521 778 557 Propterea
803 524 921 556 captivus

132 567 227 595 ductus
238 572 279 595 est
293 568 406 603 populus
423 577 505 601 meus,
518 569 580 604 quia
596 577 647 595 non
659 569 751 595 habuit
771 569 918 603 scientiam,

131 619 157 641 et
175 613 277 641 nobiles
300 615 356 649 ejus
375 615 533 642 interierunt
552 615 633 648 fame,
658 620 682 642 et
699 615 840 642 multitudo
863 615 920 650 ejus

131 661 176 688 siti
196 661 316 689 exaruit.
337 661 483 696 Propterea
507 661 631 688 dilatavit
652 662 771 696 infernus
802 662 919 689 animam

131 715 220 740 suam,
236 712 261 734 et
277 708 380 742 aperuit
398 716 426 734 os
447 716 523 734 suum
541 707 638 743 absque
666 708 721 735 ullo
746 710 867 736 termino.
885 709 920 736 Et

130 752 289 780 descendent
300 753 382 788 fortes
395 754 464 788 ejus,
480 759 504 780 et
525 754 635 788 populus
651 755 719 789 ejus,
747 759 772 781 et
795 755 919 782 sublimes

129 799 292 835 gloriosique
309 800 366 834 ejus
393 800 427 826 ad
443 808 512 828 eunt.
539 800 571 827 Et
588 801 769 827 incurvabitur
792 801 879 835 homo,
896 807 920 828 et

130 845 318 872 humiliabitur
332 846 382 878 vir,
398 851 422 873 et
434 847 504 873 oculi
518 846 670 873 sublimium
683 847 870 881 deprimantur.
886 847 919 874 Et

129 892 296 919 exaltabitur
310 892 440 920 Dominus
451 894 615 920 exercituum
630 893 778 928 injudicio,
799 898 823 921 et
848 894 919 921 Deus

129 943 238 965 sanctus
256 939 469 974 sanctiﬁcabitur
480 940 508 965 in
520 939 665 974 justitia“.
687 939 818 968 Carnales
833 941 917 975 spiri-

118 985 251 1013 tualihus
267 986 395 1013 resistere
412 986 581 1021 prohibebat.
595 986 628 1013 Et
640 987 674 1014 de
685 986 727 1014 his
740 987 786 1021 qui
796 988 917 1015 cervices

129 1039 194 1059 suas
211 1036 309 1058 contra
324 1032 471 1067 magistros
485 1036 512 1060 et
536 1033 659 1060 seniores
684 1041 749 1060 suos
764 1034 916 1069 erigebant,

130 1077 187 1104 haec
201 1077 230 1104 in
242 1078 397 1113 exemplum
413 1078 566 1106 adducebat
575 1079 597 1096 °‘
612 1087 618 1104 :
632 1079 759 1106 Detracta
773 1085 812 1107 est
828 1081 861 1107 ad
876 1082 917 1108 itt-

130 1124 201 1158 feros
218 1124 343 1159 superbia
358 1129 414 1157 tua,
433 1126 546 1152 concidit
555 1125 577 1145 'V
591 1126 704 1153 cadaver
722 1131 793 1153 tuum
805 1136 814 1154 :
829 1127 918 1155 subter

131 1176 155 1198 te
168 1175 302 1198 sternetur
321 1172 401 1204 tinea,
418 1176 442 1198 et
458 1173 646 1206 operimentum
666 1178 738 1199 tuum
761 1180 838 1200 erunt
859 1183 915 1201 ver-

130 1225 193 1245 mes.
210 1217 350 1251 Quomodo
369 1218 487 1245 cecidisti
505 1219 536 1246 de
557 1220 631 1252 ctelo,
648 1219 766 1255 Lucifer,
782 1221 826 1256 qui
842 1230 918 1248 niane

130 1263 257 1291 oriebaris
267 1263 419 1291 ?Corrttisti
432 1265 456 1291 in
468 1270 578 1298 terram,
589 1266 635 1300 qui
648 1266 806 1293 vulnerabas
816 1272 916 1301 gentes,

129 1310 173 1345 qui
187 1310 294 1337 dicebas
307 1311 333 1338 in
349 1311 426 1338 corde
439 1316 505 1338 tuo:
521 1311 554 1338 In
566 1313 659 1339 uelum
673 1313 857 1346 conscendam,
872 1322 918 1340 su-

128 1364 172 1390 per
182 1361 256 1384 astra
270 1356 320 1384 Dei
331 1357 455 1385 exaltabo
469 1358 565 1385 solium
578 1366 679 1391 meum;
691 1358 784 1386 sedebo
793 1360 819 1386 in
831 1364 917 1387 monte

129 1402 301 1436 Testamenti,
322 1404 349 1431 in
368 1405 495 1431 lateribus
518 1405 666 1440 aquilonis;
682 1406 822 1432 ascendam
838 1415 917 1441 super

127 1449 296 1478 altitudinem
309 1451 428 1483 nubium,
440 1451 535 1478 similis
550 1460 594 1478 ero
608 1451 759 1479 Altissimo.
781 1452 918 1480 Verumta—

127 1504 188 1523 men
204 1497 238 1523 ad
253 1497 383 1532 infernum
397 1497 544 1525 detraheris
558 1499 584 1525 in
598 1498 759 1533 profundum
782 1499 843 1526 laci.
862 1499 916 1533 Qui

129 1547 153 1569 te
170 1543 293 1576 viderint,
310 1543 345 1571 ad
363 1549 387 1573 te
411 1545 619 1578 inclinabuntur,
636 1551 709 1581 teque
733 1547 915 1581 prospicient;

128 1589 249 1625 nunquid
265 1590 313 1617 iste
328 1595 368 1618 est
383 1592 433 1623 vir,
446 1592 491 1627 qui
505 1591 620 1619 turbavit
633 1592 655 1607 ⁸¹¹
669 1597 778 1625 terram,
792 1593 837 1628 qui
851 1601 913 1620 con-

127 1637 209 1664 cussit
234 1645 325 1672 regna,
342 1639 388 1673 qui
414 1638 501 1672 posuit
524 1637 611 1665 orbem
636 1638 777 1671 desertum,
797 1644 822 1666 et
837 1638 914 1666 urbes

128 1682 183 1717 ejus
201 1681 347 1716 destruxit,
362 1684 456 1711 vinctis
475 1684 531 1718 ejus
548 1693 598 1712 rion
611 1686 716 1719 aperuit
732 1694 865 1713 carcerem
875 1686 916 1713 "?

128 1729 294 1758 Ebrietatem
307 1731 406 1765 oppido
423 1731 595 1766 prohibebat,
611 1736 637 1759 et
646 1732 781 1765 ebriosos,
798 1741 915 1768 corpore

128 1780 154 1803 et
169 1777 261 1804 animo
272 1781 395 1805 mortuos
411 1785 470 1805 esse
485 1777 668 1812 prmdicabat;
685 1778 717 1805 de
728 1779 828 1813 quibus
846 1784 871 1806 et
887 1779 914 1806 in

128 1823 283 1858 exemplum
317 1824 427 1851 aiebat:
447 1823 490 1850 Va:
517 1824 561 1859 qui
587 1825 744 1859 consurgitis
774 1833 849 1851 mane
881 1825 914 1851 ad

127 1869 280 1897 ebrietatem
296 1869 459 1903 sectandam,
479 1875 503 1897 et
518 1870 663 1905 potandutn
684 1879 764 1906 usque
784 1871 817 1898 ad
830 1879 915 1905 vespe-

129 1924 197 1950 ram,
206 1920 235 1942 ut
244 1917 303 1943 vino
317 1917 433 1944 azstuetis
447 1926 455 1944 :
471 1917 586 1949 cithara,
596 1922 620 1943 et
633 1917 701 1952 lyra,
716 1923 739 1944 et
749 1922 913 1953 tympanum,

127 1968 152 1990 et
163 1962 240 1998 tibia,
255 1967 279 1990 et
294 1963 380 1990 vinum
393 1964 419 1990 in
430 1964 553 1990 conviviis
570 1964 660 1990 vestris
673 1972 682 1991 :
695 1968 719 1991 et
731 1971 793 1998 opus
806 1964 916 1990 Domini

128 2018 179 2037 non
193 2010 334 2044 respicitis,
353 2018 398 2037 nec
425 2018 502 2045 opera
531 2019 657 2037 ntanuum
681 2012 737 2044 ejus
766 2011 916 2038 considera-

129 2059 161 2084 tis
169 2057 204 2084 ⁷⁸,
220 2056 254 2083 Et
264 2057 363 2084 iterum
377 2066 384 2084 :
403 2056 447 2083 Va:
459 2059 504 2091 qui
516 2062 632 2091 potentes
649 2058 712 2084 estis
728 2057 762 2084 ad
775 2057 914 2084 bibendunt

128 2102 228 2136 vinum,
242 2107 266 2130 et
282 2103 331 2130 viri
350 2103 431 2137 fortes
453 2103 487 2130 ad
507 2102 666 2130 miscendam
682 2103 835 2130 ebrietatem
846 2111 855 2129 .'
869 2105 914 2138 qui

124 2149 282 2185 justi/icatis
296 2150 403 2184 impium
417 2158 464 2184 pro
481 2150 642 2182 muneribus,
657 2155 681 2177 et
692 2151 826 2184 justitiam
844 2150 914 2184 justi

129 2196 243 2231 aufertis
258 2197 290 2222 ab
311 2204 351 2223 eo.
368 2196 481 2232 Propter
502 2197 560 2229 hos,
576 2197 643 2223 sicut
660 2196 766 2223 devorat
787 2196 914 2230 stipulam

129 2243 219 2278 lingua
230 2243 309 2278 ignis,
325 2248 349 2269 et
360 2243 433 2270 calor
443 2243 559 2277 flammtc
575 2243 672 2274 exurit,
686 2243 723 2269 sic
736 2242 814 2269 radix
824 2250 913 2269 eorum

127 2289 204 2324 quasi
217 2288 311 2324 favilla
331 2290 391 2322 erit,
408 2294 432 2317 et
446 2298 550 2324 germen
564 2297 654 2316 eorum
676 2294 703 2315 ut
718 2289 802 2323 pulvis
821 2296 912 2316 ascen—

127 2335 181 2364 det.
200 2336 358 2370 Abjecerunt
378 2337 447 2363 enim
471 2337 551 2371 legem
577 2336 682 2362 Domini
702 2337 874 2367 exercituum,
890 2341 914 2362 et

126 2383 258 2419 eloquium
271 2382 363 2410 Sancti
379 2382 466 2410 Israel
482 2383 736 2418 blaspltcmaverunt.
751 2382 813 2410 Ideo
829 2383 914 2410 iratus

126 2434 167 2457 est
186 2430 263 2466 furor
278 2429 385 2456 Domini
399 2430 426 2456 in
438 2429 534 2464 populo
548 2438 605 2460 suo,
623 2434 647 2455 et
668 2428 784 2455 extendit
807 2437 914 2455 munitm

128 2486 205 2505 suam
216 2485 293 2512 super
305 2485 375 2510 eum,
387 2481 411 2503 et
426 2475 552 2510 percussit
569 2484 638 2502 eum.
650 2474 684 2501 Et
696 2475 915 2501 conturbatisunt

128 2529 241 2556 montes,
252 2529 276 2551 et
292 2523 365 2558 facta
387 2528 447 2549 sunt
464 2522 604 2548 morticina
619 2530 708 2548 eorum
723 2521 800 2556 quasi
814 2525 914 2547 stercus

127 2571 157 2598 in
170 2571 256 2598 medio
276 2570 435 2605 platearum.
450 2568 483 2595 In
497 2568 615 2596 ontnibus
632 2568 671 2594 Itis
687 2576 737 2594 non
753 2572 790 2594 est
807 2575 913 2594 aversus

127 2617 206 2653 furor
220 2617 288 2652 ejus,
301 2616 346 2644 sed
368 2615 453 2643 adhuc
469 2624 562 2642 atauus
580 2614 636 2649 ejus
652 2614 798 2641 extenta“.
814 2613 914 2640 "Nul-

128 2665 185 2693 lum
197 2664 311 2692 etiam"
327 2663 516 2699 presbyterum
527 2663 554 2689 iu
567 2662 684 2696 alicujus
695 2661 817 2696 episcopi
833 2668 914 2696 paro-

127 2711 190 2740 chia
211 2711 314 2746 aliquid
330 2719 410 2746 agere
425 2710 533 2744 debere,
549 2710 653 2746 absque
677 2711 737 2744 ejus
763 2709 911 2745 permissu,

129 2757 295 2791 docebat“;
324 2757 372 2785 sed
394 2761 421 2785 et
444 2760 560 2784 cunctos
589 2757 765 2793 presbyteros
793 2757 911 2793 propriis

161 2840 184 2856 “
195 2837 259 2866 lsai.
275 2845 296 2868 ι.
309 2837 327 2863 9.
337 2840 364 2864 et
380 2845 438 2871 seq.

128 2906 215 2945 apt-ist.
233 2908 280 2936 36.
334 2907 523 2945 'j‘Acontentum
546 2906 616 2936 abire
647 2911 771 2942 oportere.

127 2941 151 2963 οδ
161 2944 172 2973 Ι
181 2945 248 2974 Cor.
264 2951 325 2977 Viti,
341 2941 374 2970 1’3
507 2956 511 2960 ~

225 2838 259 2865 ai.
275 2845 296 2868 ι.
309 2837 364 2864 εει
380 2845 438 2871 seq.
495 2836 518 2852 ⁸³
527 2836 589 2863 lsai.
601 2844 627 2868 ν,
640 2836 674 2863 εο
691 2840 716 2863 et
731 2844 788 2870 seq.
819 2835 842 2851 “
858 2835 916 2864 dice

225 2874 249 2889 ⁷³
261 2871 400 2899 lsai.v.il
415 2875 442 2899 et
458 2879 516 2899 seu.
554 2872 576 2887 “
592 2871 673 2899 lhid..
688 2871 723 2897 2‘2
736 2875 762 2898 et
776 2879 833 2899 sca.
858 2889 865 2894 -
892 2870 914 2885 τ’

970 2855 972 2857 .
1011 2833 1032 2848 ⁸⁷
1045 2833 1151 2860 cecidit.
1173 2833 1195 2848 ⁸⁸
1207 2833 1273 2858 Luc.
1290 2835 1378 2857 contui

967 2877 995 2896 n.
1012 2872 1100 2899 apost.
1113 2867 1157 2895 40.
1199 2867 1221 2882 ⁷³
1233 2866 1282 2894 Ms.
1298 2867 1378 2893 enim.

126 2883 186 2910 seq,
225 2874 249 2889 ⁷³
261 2871 400 2901 lsai.v.il
415 2875 442 2899 et
458 2879 516 2906 seq.
554 2872 576 2887 “
592 2871 673 2902 lhid..
688 2871 723 2897 22
736 2875 762 2898 et
776 2879 833 2906 seq.
858 2889 865 2894 -
892 2871 914 2885 τ’

128 2914 215 2947 aptis}.
233 2908 280 2936 36.
334 2907 523 2947 'fAcontentum
546 2906 616 2936 abire
647 2911 771 2942 oportere.
825 2907 855 2942 _"
871 2903 916 2933 Zat

967 2877 995 2896 n.
1012 2871 1157 2903 apostatU.
1199 2871 1221 2882 "
1233 2871 1282 2894 Ms.
1298 2875 1378 2893 enim.
1426 2871 1450 2883 "
1477 2871 1587 2895 volebat.
1639 2871 1663 2884 ⁷⁵
1679 2871 1746 2899 Can.

978 2912 1009 2938 u,
1044 2903 1070 2932 8.
1085 2904 1109 2920 ⁷⁸
1147 2902 1242 2931 Matth.
1262 2910 1339 2937 “till,
1368 2902 1385 2931 6
1413 2907 1441 2933 et
1472 2911 1529 2940 seq.
1561 2903 1746 2947 f'teremmr.

974 289 1105 316 stituente
1125 287 1253 321 Domino,
1274 296 1336 316 esse
1357 288 1457 317 debere
1477 289 1633 317 docebat".
1649 289 1761 321 Nullum

973 334 1040 362 item
1054 334 1144 361 aliena
1165 334 1361 369 concupiscere
1381 338 1429 362 aut
1453 342 1628 370 praesumere,
1641 344 1702 371 quae
1713 345 1764 366 eo-

973 388 1036 407 rum
1051 384 1142 412 erant,
1163 381 1208 408 sed
1236 388 1460 416 unumquemque
1477 381 1536 409 suis
1561 381 1670 417 sibique
1683 390 1761 410 com-

973 426 1068 454 missis
1092 430 1238 455 contentos
1264 434 1326 455 esse
1341 426 1496 454 docebat".
1511 426 1654 455 Neminem
1677 429 1761 457 etiam

974 472 1056 499 alicui
1072 473 1176 508 aliquid
1187 473 1288 506 facere,
1304 474 1357 502 nisi
1373 474 1446 509 quod
1462 474 1515 502 sibi
1526 474 1586 502 fieri
1600 475 1694 508 vellet,
1716 476 1760 502 in-

973 519 1108 546 struebat.
1125 519 1253 547 Sanctam
1269 527 1378 555 quoque
1387 520 1539 548 Ecclesium
1556 521 1760 549 immaculatum

973 571 1068 591 omnes
1084 572 1194 592 servare
1213 565 1312 594 debere
1330 566 1547 602 evangelizabat,
1567 568 1648 602 cujus
1668 568 1761 599 claves

973 611 1119 646 episcopos
1137 619 1198 639 esse
1223 612 1342 640 dicebat.
1366 612 1420 648 lpsi
1434 613 1506 640 enim
1523 613 1623 641 habent
1637 619 1759 650 potesta-

973 660 1028 684 tem
1043 657 1172 685 claudere
1195 660 1306 690 emtum,
1326 662 1353 686 et
1377 659 1484 694 aperire
1499 665 1592 694 portas
1605 660 1676 695 ejus,
1693 663 1758 697 quia

972 703 1063 731 claves
1078 704 1142 731 creti
1162 704 1226 731 facti
1242 709 1317 733 sunt.
1335 705 1489 733 Admonere
1505 711 1596 733 autem
1608 715 1656 734 eos
1670 709 1753 735 nemi-

973 757 1034 775 nem
1050 749 1149 777 debere
1163 750 1290 783 docebat,
1303 752 1367 786 quia
1377 752 1450 778 oculi
1463 751 1570 779 Domini
1585 758 1660 786 sunt,
1675 758 1702 782 et
1713 756 1759 790 qui

971 803 1014 822 eos
1031 797 1125 831 tangit,
1146 798 1228 832 tangit
1251 798 1379 832 pupillam
1396 799 1466 825 oculi
1496 799 1591 833 ejus".
1606 799 1639 826 Et
1655 805 1759 836 quanta

971 850 1051 877 paena
1066 843 1167 879 dignus
1181 845 1216 871 sit
1236 845 1281 880 qui
1298 853 1346 872 eos
1360 845 1541 879 scandalizat,
1555 847 1644 882 ipsum
1665 847 1758 874 Domi-

972 896 1037 915 num
1053 889 1181 918 docuisse
1196 891 1317 923 dicebat,
1333 892 1379 918 ubi
1393 892 1430 918 ait
1447 902 1453 919 :
1468 893 1520 925 Qui
1536 893 1757 921 scandalizaverit

935 944 955 970 Β
971 943 1052 961 unum
1066 937 1097 963 de
1110 937 1216 970 pusillis
1237 938 1296 964 istis
1311 939 1356 973 qui
1375 939 1403 964 in
1418 947 1458 965 me
1472 939 1592 971 credunt,
1616 940 1719 974 expedit
1734 941 1758 967 ei

969 987 998 1006 ut
1013 982 1191 1016 suspendatur
1204 983 1275 1009 mola
1290 983 1410 1010 asinaria
1424 984 1450 1011 in
1463 985 1530 1012 collo
1542 985 1609 1020 ejus,
1620 991 1644 1012 et
1657 985 1759 1013 denter-

969 1032 1048 1062 gatur
1063 1029 1089 1054 in
1102 1028 1262 1063 profundum
1278 1030 1371 1057 maris.
1390 1030 1433 1058 Va.-
1447 1031 1544 1058 mundo
1566 1040 1582 1058 a
1604 1032 1758 1060 scandulis!

971 1073 1083 1101 Necesse
1097 1080 1136 1102 est
1150 1076 1219 1102 enim
1240 1081 1268 1102 ut
1282 1076 1386 1103 veniant
1408 1077 1536 1104 scandala
1551 1086 1560 1106 :
1577 1082 1756 1105 verumtamen

969 1129 1007 1148 t‘tB
1018 1121 1118 1148 homini
1132 1122 1182 1154 illi,
1200 1130 1246 1156 per
1262 1131 1337 1157 quem
1350 1123 1506 1150 scandalum
1524 1124 1608 1150 venit!
1622 1124 1653 1151 Si
1667 1129 1757 1152 autem

969 1176 1064 1195 manus
1081 1173 1126 1194 tua
1143 1168 1312 1195 scandalizat
1328 1174 1361 1201 te,
1377 1169 1499 1196 abscinde
1515 1178 1584 1203 eam,
1610 1174 1634 1198 et
1659 1171 1758 1206 projice

968 1215 1015 1241 abs
1031 1219 1064 1242 te.
1080 1214 1183 1241 Bonum
1198 1219 1237 1242 est
1263 1215 1311 1242 tibi
1338 1216 1372 1242 ad
1391 1217 1472 1243 vitam
1501 1217 1602 1251 ingredi
1630 1217 1754 1250 debilem,

968 1269 1047 1295 quam
1072 1261 1139 1288 duas
1167 1269 1262 1289 manus
1291 1262 1428 1289 habentem
1458 1264 1528 1291 mitti
1558 1265 1585 1291 in
1613 1265 1757 1299 gehennam

968 1308 1046 1343 ignis.
1064 1308 1099 1334 Et
1113 1309 1137 1335 si
1159 1317 1203 1343 pes
1225 1313 1284 1336 tuus
1298 1309 1466 1337 scandalizat
1482 1316 1515 1342 te,
1542 1311 1666 1339 abscinde
1680 1320 1751 1345 eum,

967 1360 991 1381 et
1007 1355 1105 1389 prajice
1121 1355 1168 1382 abs
1181 1360 1213 1383 te.
1229 1355 1332 1382 Bonum
1356 1361 1396 1383 est
1417 1356 1463 1383 tibi
1488 1357 1598 1384 introire
1614 1358 1648 1385 ad
1674 1359 1757 1386 vitam

967 1400 1101 1435 claudum,
1117 1409 1195 1436 quant
1210 1401 1276 1428 duos
1292 1401 1368 1436 pedes
1382 1402 1518 1429 habentem
1546 1404 1614 1430 mitti
1630 1406 1656 1431 in
1672 1405 1757 1440 ignem

968 1451 1104 1474 wternum.
1120 1447 1153 1474 Et
1168 1448 1192 1474 si
1205 1448 1297 1474 oculus
1315 1453 1376 1474 tuus
1387 1449 1555 1476 scandalizat
1567 1454 1600 1482 te,
1609 1458 1671 1477 erue
1684 1459 1754 1483 eum,

966 1498 991 1519 et
1004 1494 1103 1528 projice
1112 1493 1158 1521 abs
1172 1498 1205 1521 te.
1219 1494 1322 1521 Bonum
1333 1500 1371 1521 est
1385 1496 1432 1521 tibi
1448 1503 1530 1522 unum
1541 1496 1646 1523 oculum
1655 1497 1754 1524 haben-

968 1544 1018 1566 tem
1036 1540 1156 1567 invitam
1178 1541 1297 1572 introire,
1313 1549 1391 1576 quant
1416 1541 1482 1568 duos
1511 1542 1600 1569 oculos
1619 1542 1755 1571 habentem

968 1586 1037 1613 mitti
1045 1587 1071 1613 in
1079 1587 1223 1622 gehennam
1234 1588 1312 1623 ignis.
1329 1587 1427 1620 Videte,
1440 1597 1471 1615 ite
1485 1590 1657 1617 contemnatis
1673 1598 1755 1618 unum

966 1640 998 1658 ea:
1009 1632 1049 1659 his
1060 1633 1176 1666 pusillis.
1194 1634 1275 1661 Amen
1292 1633 1350 1660 dico
1367 1634 1438 1661 vobis
1453 1643 1462 1661 :
1478 1634 1644 1671 Qtta'cunquc
1659 1636 1756 1672 alliga-

967 1679 1055 1705 veritis
1079 1688 1158 1714 super
1174 1685 1284 1713 terram,
1300 1685 1377 1707 erunt
1403 1680 1516 1716 alligata
1542 1686 1565 1708 et
1591 1683 1617 1709 in
1633 1684 1697 1710 cado
1709 1688 1756 1711 :st

967 1734 1125 1761 qua-cunque
1137 1727 1267 1754 solveritis
1279 1735 1355 1761 super
1371 1732 1481 1760 terram,
1495 1733 1571 1755 erunt
1587 1729 1676 1756 soluta
1691 1735 1716 1757 et
1727 1731 1755 1758 in

967 1772 1040 1800 cado.
1062 1772 1163 1799 lterum
1185 1773 1243 1799 dico
1264 1773 1346 1804 vobis,
1366 1775 1429 1809 quia
1446 1775 1469 1801 si
1489 1774 1540 1801 duo
1558 1783 1590 1801 ea:
1607 1775 1677 1802 vobis
1692 1785 1755 1804 con-

967 1819 1095 1845 senserint
1109 1827 1186 1853 super
1203 1824 1311 1848 terram.
1330 1819 1362 1846 de
1382 1821 1453 1847 omni
1476 1829 1503 1847 re
1517 1829 1698 1858 quamcunque
1711 1832 1756 1858 pe-

967 1866 1066 1898 tierint,
1082 1866 1127 1899 ﬁet
1151 1866 1205 1892 illis
1220 1874 1236 1892 a
1256 1865 1339 1893 Patre
1356 1875 1422 1899 meo,
1449 1867 1493 1902 qui
1510 1868 1535 1894 in
1552 1868 1622 1895 crvlis
1638 1874 1687 1896 est.
1706 1868 1756 1897 Ubi

966 1913 1034 1938 enim
1047 1917 1108 1939 sunt
1123 1911 1175 1938 dtto
1188 1913 1225 1940 vel
1242 1917 1293 1939 tres
1315 1914 1465 1948 congregati
1480 1914 1507 1940 in
1521 1915 1625 1941 nomine
1640 1924 1706 1948 meo,
1718 1916 1755 1943 ibi

966 1966 1025 1984 sum
1047 1959 1074 1984 in
1088 1959 1174 1985 medio
1191 1959 1325 1986 eorum".
1341 1959 1373 1986 Et
1388 1960 1486 1986 iterum
1512 1968 1561 1995 per
1591 1962 1753 1997 prophetam

966 2004 1098 2040 loquitur,
1115 2005 1209 2033 dicens
1224 2016 1230 2033 :
1246 2005 1370 2041 Expavit,
1388 2006 1486 2041 inquit,
1497 2007 1589 2034 cwlitnt
1604 2016 1683 2042 super
1693 2009 1752 2040 hoc,

965 2056 989 2078 et
1004 2051 1110 2078 horruit
1134 2053 1248 2086 amplius
1272 2053 1442 2087 vehementer,
1460 2053 1525 2080 dicit
1549 2054 1677 2081 Dominus
1686 2056 1718 2082 "’.
1731 2055 1753 2083 0

966 2097 1163 2125 intolerabilem
1190 2100 1397 2133 malignitatem,
1415 2108 1430 2126 ο
1446 2100 1564 2135 linguam
1580 2101 1752 2136 iniquitatem

966 2143 1121 2178 loquentem
1136 2150 1231 2171 contra
1248 2145 1342 2179 Deum,
1356 2150 1383 2173 et
1404 2150 1522 2173 mentem
1537 2147 1565 2174 in
1580 2148 1752 2176 altitudinem

965 2197 1050 2217 cornu
1066 2191 1257 2218 extollentem!
1277 2191 1308 2218 Et
1324 2193 1421 2219 iterum
1438 2202 1445 2220 :
1463 2192 1580 2228 Intpone,
1595 2193 1684 2226 homo,
1699 2199 1753 2222 tua:

967 2236 1064 2270 linguw
1072 2236 1169 2262 ostium
1183 2241 1208 2264 et
1222 2245 1319 2265 seram.
1332 2238 1427 2270 Cessa,
1441 2247 1526 2266 cornu
1540 2240 1566 2267 in
1579 2240 1753 2269 altitudinem

928 2293 950 2320 ι)
965 2283 1110 2316 extollens,
1126 2289 1152 2311 et
1180 2285 1296 2319 loquens
1318 2285 1450 2313 adversus
1474 2285 1558 2313 Deum
1579 2286 1752 2322 iniquitatem

966 2333 993 2357 et
1019 2331 1175 2364 proximum
1198 2335 1287 2359 tuum.
1315 2331 1464 2366 Quousque
1490 2333 1608 2360 insultas
1637 2334 1751 2368 patienti

965 2377 1074 2404 Christo
1092 2381 1119 2405 et
1134 2378 1284 2406 fratribus?
1296 2378 1342 2406 Sic
1365 2383 1456 2406 autem
1472 2385 1616 2414 peccantes
1643 2382 1671 2408 in
1697 2380 1752 2407 fra-

965 2430 1030 2457 tres,
1046 2429 1073 2452 et
1088 2425 1273 2459 percutientes
1284 2431 1380 2452 eorum
1397 2425 1533 2453 inﬁrmam
1556 2426 1751 2454 conscientiam

965 2473 993 2499 in
1006 2473 1146 2501 Christum
1163 2473 1283 2508 graviter
1298 2473 1417 2508 peccatis
1426 2474 1460 2505 λθ,
1473 2479 1499 2500 ct
1511 2474 1550 2500 rei
1570 2473 1675 2508 judicio
1686 2473 1752 2501 effe-

964 2520 1012 2551 cti,
1035 2519 1151 2547 infames
1173 2519 1338 2551 ellicieinini,
1358 2521 1384 2547 et
1407 2520 1481 2554 juste
1509 2520 1687 2555 repellemini.
1718 2521 1752 2547 Et

966 2565 1063 2593 iterum
1080 2574 1127 2601 per
1139 2566 1297 2601 prophetam
1314 2566 1445 2600 loquitur,
1461 2565 1556 2594 dicens
1572 2574 1578 2592 ι
1598 2566 1648 2594 Vos
1663 2573 1751 2595 autem

964 2611 1111 2638 sacerdotes
1127 2611 1234 2639 Domini
1254 2611 1426 2645 vocabimiiti;
1443 2613 1557 2639 ministri
1582 2614 1630 2640 Dei
1655 2616 1749 2649 nostri,

964 2658 1065 2685 dicetur
1081 2658 1151 2685 vobis
1164 2666 1173 2685 :
1187 2658 1382 2685 Fortitudinem
1395 2659 1510 2693 gentium
1524 2659 1674 2691 comedetis,
1686 2665 1711 2687 et
1723 2661 1750 2688 in

964 2706 1050 2741 gloria
1073 2714 1163 2732 eorum
1177 2705 1341 2740 superbietis.
1360 2705 1414 2731 Pro
1428 2705 1581 2739 confusione
1600 2710 1685 2733 vestra
1700 2707 1750 2733 du-

964 2754 1027 2790 plici
1041 2760 1065 2780 et
1083 2752 1187 2784 rubore,
1218 2751 1366 2778 laudabunt
1391 2756 1492 2786 partem
1520 2760 1620 2780 eorum.
1637 2752 1750 2788 Propter

1011 2833 1032 2848 ⁶⁷
1045 2831 1151 2860 cecidit.
1173 2832 1195 2848 ⁸⁸
1206 2831 1273 2858 Luc.
1290 2830 1464 2860 conturbavit.
1499 2832 1520 2847 "
1532 2831 1594 2860 lsai.
1610 2840 1666 2864 xw,
1681 2833 1711 2861 Η
1721 2839 1750 2863 et

1012 2872 1100 2897 anost.
1113 2867 1157 2895 40.
1199 2867 1221 2882 ⁷³
1233 2866 1282 2894 Ms.
1298 2867 1378 2893 enim.
1426 2867 1450 2883 ⁷⁸
1477 2867 1587 2895 volebat.
1639 2869 1663 2884 "
1679 2869 1747 2897 Can.
