  <div class='ocr_page' id='page_1' title='image "/cluster/home/n/w/nwhite01/storage/ocr_20150623/1/mdp.39015014764065/251.png"; bbox 0 0 4090 6250; ppageno 0'>
   <div class='ocr_carea' id='block_1_1' title="bbox 589 370 2887 437">
    <p class='ocr_par' dir='ltr' id='par_1_1' title="bbox 589 370 2887 437">
     <span class='ocr_line' id='line_1_1' title="bbox 589 370 2887 437; baseline -0.003 -2"><span class='ocrx_word' id='word_1_1' title='bbox 589 383 658 437; x_wconf 82' lang='lat'><strong><em>&#39;79</em></strong></span> <span class='ocrx_word' id='word_1_2' title='bbox 1368 377 1425 434; x_wconf 85' lang='lat'><strong><em>8.</em></strong></span> <span class='ocrx_word' id='word_1_3' title='bbox 1454 375 1850 433; x_wconf 78' lang='lat' dir='ltr'><strong><em>CLEMENTIS</em></strong></span> <span class='ocrx_word' id='word_1_4' title='bbox 1882 377 1902 431; x_wconf 87' lang='lat' dir='ltr'><strong><em>l</em></strong></span> <span class='ocrx_word' id='word_1_5' title='bbox 1944 374 2110 431; x_wconf 77' lang='lat' dir='ltr'><strong>ROM.</strong></span> <span class='ocrx_word' id='word_1_6' title='bbox 2153 370 2354 427; x_wconf 83' lang='grc' dir='ltr'><strong>ΡΟΝΤ.</strong></span> <span class='ocrx_word' id='word_1_7' title='bbox 2394 370 2621 429; x_wconf 76' lang='lat' dir='ltr'><strong>OPERA</strong></span> <span class='ocrx_word' id='word_1_8' title='bbox 2660 370 2887 428; x_wconf 83' lang='lat' dir='ltr'><strong><em>DUBlA.</em></strong></span> 
     </span>
    </p>
   </div>
   <div class='ocr_carea' id='block_1_2' title="bbox 3687 377 3792 433">
    <p class='ocr_par' dir='ltr' id='par_1_2' title="bbox 3687 377 3792 433">
     <span class='ocr_line' id='line_1_2' title="bbox 3687 377 3792 433; baseline 0.019 -2"><span class='ocrx_word' id='word_1_9' title='bbox 3687 377 3792 433; x_wconf 71' lang='grc'><strong><em>480</em></strong></span> 
     </span>
    </p>
   </div>
   <div class='ocr_carea' id='block_1_3' title="bbox 552 485 3793 560">
    <p class='ocr_par' dir='ltr' id='par_1_3' title="bbox 552 485 3793 560">
     <span class='ocr_line' id='line_1_3' title="bbox 552 485 3793 560; baseline -0 -11"><span class='ocrx_word' id='word_1_10' title='bbox 552 498 647 550; x_wconf 85' lang='lat' dir='ltr'><strong><em>hoc</em></strong></span> <span class='ocrx_word' id='word_1_11' title='bbox 670 494 724 547; x_wconf 88' lang='lat' dir='ltr'><strong><em>in</em></strong></span> <span class='ocrx_word' id='word_1_12' title='bbox 747 499 887 546; x_wconf 84' lang='lat' dir='ltr'><strong><em>terra</em></strong></span> <span class='ocrx_word' id='word_1_13' title='bbox 917 506 1014 545; x_wconf 92' lang='lat' dir='ltr'><strong><em>sua</em></strong></span> <span class='ocrx_word' id='word_1_14' title='bbox 1045 489 1279 560; x_wconf 87' lang='lat' dir='ltr'><strong><em>duplicia</em></strong></span> <span class='ocrx_word' id='word_1_15' title='bbox 1300 489 1665 558; x_wconf 87' lang='lat' dir='ltr'><strong><em>possidebunt,</em></strong></span> <span class='ocrx_word' id='word_1_16' title='bbox 1698 497 1749 542; x_wconf 91' lang='lat' dir='ltr'><strong><em>et</em></strong></span> <span class='ocrx_word' id='word_1_17' title='bbox 1776 489 1966 542; x_wconf 67' lang='lat' dir='ltr'><strong><em>laetitia</em></strong></span> <span class='ocrx_word' id='word_1_18' title='bbox 1990 502 2122 540; x_wconf 86' lang='lat' dir='ltr'><strong><em>sem-</em></strong></span> <span class='ocrx_word' id='word_1_19' title='bbox 2152 491 2194 543; x_wconf 84' lang='lat' dir='ltr'><strong><em>A</em></strong></span> <span class='ocrx_word' id='word_1_20' title='bbox 2226 502 2405 539; x_wconf 88' lang='lat' dir='ltr'><strong><em>eorum</em></strong></span> <span class='ocrx_word' id='word_1_21' title='bbox 2435 485 2695 541; x_wconf 76' lang='lat' dir='ltr'><strong><em>delectata</em></strong></span> <span class='ocrx_word' id='word_1_22' title='bbox 2725 498 2823 541; x_wconf 88' lang='lat' dir='ltr'><strong><em>est.</em></strong></span> <span class='ocrx_word' id='word_1_23' title='bbox 2862 486 3007 547; x_wconf 86' lang='lat' dir='ltr'><strong><em>Unde</em></strong></span> <span class='ocrx_word' id='word_1_24' title='bbox 3056 492 3108 541; x_wconf 88' lang='lat' dir='ltr'><strong><em>et</em></strong></span> <span class='ocrx_word' id='word_1_25' title='bbox 3162 503 3254 557; x_wconf 86' lang='lat' dir='ltr'><strong><em>ego</em></strong></span> <span class='ocrx_word' id='word_1_26' title='bbox 3297 486 3491 557; x_wconf 81' lang='lat' dir='ltr'><strong><em>eligam</em></strong></span> <span class='ocrx_word' id='word_1_27' title='bbox 3519 488 3793 548; x_wconf 80' lang='lat' dir='ltr'><strong><em>illusiones</em></strong></span> 
     </span>
    </p>
   </div>
   <div class='ocr_carea' id='block_1_4' title="bbox 552 577 2121 658">
    <p class='ocr_par' dir='ltr' id='par_1_4' title="bbox 552 577 2121 658">
     <span class='ocr_line' id='line_1_4' title="bbox 552 577 2121 658; baseline -0.008 -16"><span class='ocrx_word' id='word_1_28' title='bbox 552 591 759 658; x_wconf 84' lang='lat' dir='ltr'><strong><em>piterna</em></strong></span> <span class='ocrx_word' id='word_1_29' title='bbox 788 585 887 639; x_wconf 92' lang='lat' dir='ltr'><strong><em>erit</em></strong></span> <span class='ocrx_word' id='word_1_30' title='bbox 916 585 1031 646; x_wconf 85' lang='lat' dir='ltr'><strong><em>eis;</em></strong></span> <span class='ocrx_word' id='word_1_31' title='bbox 1060 583 1186 652; x_wconf 89' lang='lat' dir='ltr'><strong><em>quia</em></strong></span> <span class='ocrx_word' id='word_1_32' title='bbox 1207 597 1298 653; x_wconf 91' lang='lat' dir='ltr'><strong><em>ego</em></strong></span> <span class='ocrx_word' id='word_1_33' title='bbox 1324 580 1581 633; x_wconf 79' lang='lat' dir='ltr'><strong><em>Dominus</em></strong></span> <span class='ocrx_word' id='word_1_34' title='bbox 1597 580 1819 650; x_wconf 91' lang='lat' dir='ltr'><strong><em>diligens</em></strong></span> <span class='ocrx_word' id='word_1_35' title='bbox 1833 577 2121 648; x_wconf 74' lang='lat' dir='ltr'><strong><em>judicium,</em></strong></span> 
     </span>
    </p>
   </div>
   <div class='ocr_carea' id='block_1_5' title="bbox 552 669 2126 743">
    <p class='ocr_par' dir='ltr' id='par_1_5' title="bbox 552 669 2126 743">
     <span class='ocr_line' id='line_1_5' title="bbox 552 669 2126 743; baseline -0.006 -9"><span class='ocrx_word' id='word_1_36' title='bbox 552 691 602 735; x_wconf 88' lang='lat' dir='ltr'><strong><em>et</em></strong></span> <span class='ocrx_word' id='word_1_37' title='bbox 631 678 751 733; x_wconf 90' lang='lat' dir='ltr'><strong><em>odio</em></strong></span> <span class='ocrx_word' id='word_1_38' title='bbox 803 676 997 729; x_wconf 87' lang='lat' dir='ltr'><strong><em>habens</em></strong></span> <span class='ocrx_word' id='word_1_39' title='bbox 1056 675 1299 743; x_wconf 76' lang='lat' dir='ltr'><strong><em>rapinam</em></strong></span> <span class='ocrx_word' id='word_1_40' title='bbox 1343 673 1398 726; x_wconf 88' lang='lat' dir='ltr'><strong><em>in</em></strong></span> <span class='ocrx_word' id='word_1_41' title='bbox 1448 671 1851 734; x_wconf 73' lang='lat' dir='ltr'><strong><em>holocaustum;</em></strong></span> <span class='ocrx_word' id='word_1_42' title='bbox 1902 679 1952 725; x_wconf 88' lang='lat' dir='ltr'><strong><em>et</em></strong></span> <span class='ocrx_word' id='word_1_43' title='bbox 1989 669 2126 725; x_wconf 84' lang='lat' dir='ltr'><strong><em>dabo</em></strong></span> 
     </span>
    </p>
   </div>
   <div class='ocr_carea' id='block_1_6' title="bbox 554 763 2127 837">
    <p class='ocr_par' dir='ltr' id='par_1_6' title="bbox 554 763 2127 837">
     <span class='ocr_line' id='line_1_6' title="bbox 554 763 2127 837; baseline -0.007 -11"><span class='ocrx_word' id='word_1_44' title='bbox 554 778 683 837; x_wconf 82' lang='lat' dir='ltr'><strong><em>opus</em></strong></span> <span class='ocrx_word' id='word_1_45' title='bbox 722 784 901 833; x_wconf 88' lang='lat' dir='ltr'><strong><em>eorum</em></strong></span> <span class='ocrx_word' id='word_1_46' title='bbox 929 768 984 820; x_wconf 93' lang='lat' dir='ltr'><strong><em>in</em></strong></span> <span class='ocrx_word' id='word_1_47' title='bbox 1022 768 1263 831; x_wconf 88' lang='lat' dir='ltr'><strong><em>veritate,</em></strong></span> <span class='ocrx_word' id='word_1_48' title='bbox 1303 774 1351 818; x_wconf 93' lang='lat' dir='ltr'><strong><em>et</em></strong></span> <span class='ocrx_word' id='word_1_49' title='bbox 1384 763 1552 833; x_wconf 77' lang='lat' dir='ltr'><strong><em>fazdus</em></strong></span> <span class='ocrx_word' id='word_1_50' title='bbox 1594 773 1897 834; x_wconf 90' lang='lat' dir='ltr'><strong><em>perpetuum</em></strong></span> <span class='ocrx_word' id='word_1_51' title='bbox 1934 763 2127 832; x_wconf 81' lang='lat' dir='ltr'><strong><em>feriam</em></strong></span> 
     </span>
    </p>
   </div>
   <div class='ocr_carea' id='block_1_7' title="bbox 553 858 2127 928">
    <p class='ocr_par' dir='ltr' id='par_1_7' title="bbox 553 858 2127 928">
     <span class='ocr_line' id='line_1_7' title="bbox 553 858 2127 928; baseline -0.006 -11"><span class='ocrx_word' id='word_1_52' title='bbox 553 867 651 920; x_wconf 81' lang='lat' dir='ltr'><strong><em>eis.</em></strong></span> <span class='ocrx_word' id='word_1_53' title='bbox 684 863 754 915; x_wconf 88' lang='lat' dir='ltr'><strong><em>Et</em></strong></span> <span class='ocrx_word' id='word_1_54' title='bbox 788 862 982 916; x_wconf 76' lang='lat' dir='ltr'><strong><em>scietur</em></strong></span> <span class='ocrx_word' id='word_1_55' title='bbox 1016 862 1071 914; x_wconf 91' lang='lat' dir='ltr'><strong><em>in</em></strong></span> <span class='ocrx_word' id='word_1_56' title='bbox 1108 858 1346 928; x_wconf 76' lang='lat' dir='ltr'><strong><em>gentibus</em></strong></span> <span class='ocrx_word' id='word_1_57' title='bbox 1394 874 1567 912; x_wconf 82' lang='lat' dir='ltr'><strong><em>semen</em></strong></span> <span class='ocrx_word' id='word_1_58' title='bbox 1609 874 1812 918; x_wconf 85' lang='lat' dir='ltr'><strong><em>eorum,</em></strong></span> <span class='ocrx_word' id='word_1_59' title='bbox 1840 864 1889 911; x_wconf 88' lang='lat' dir='ltr'><strong><em>et</em></strong></span> <span class='ocrx_word' id='word_1_60' title='bbox 1919 864 2127 925; x_wconf 83' lang='lat' dir='ltr'><strong><em>germen</em></strong></span> 
     </span>
    </p>
   </div>
   <div class='ocr_carea' id='block_1_8' title="bbox 555 949 2125 1021">
    <p class='ocr_par' dir='ltr' id='par_1_8' title="bbox 555 949 2125 1021">
     <span class='ocr_line' id='line_1_8' title="bbox 555 949 2125 1021; baseline -0.006 -8"><span class='ocrx_word' id='word_1_61' title='bbox 555 972 737 1013; x_wconf 90' lang='lat' dir='ltr'><strong><em>eorum</em></strong></span> <span class='ocrx_word' id='word_1_62' title='bbox 767 957 822 1009; x_wconf 93' lang='lat' dir='ltr'><strong><em>in</em></strong></span> <span class='ocrx_word' id='word_1_63' title='bbox 848 954 1018 1008; x_wconf 91' lang='lat' dir='ltr'><strong><em>medio</em></strong></span> <span class='ocrx_word' id='word_1_64' title='bbox 1054 952 1386 1021; x_wconf 85' lang='lat' dir='ltr'><strong><em>populorum.</em></strong></span> <span class='ocrx_word' id='word_1_65' title='bbox 1421 950 1614 1006; x_wconf 87' lang='lat' dir='ltr'><strong><em>Omnes</em></strong></span> <span class='ocrx_word' id='word_1_66' title='bbox 1648 952 1736 1021; x_wconf 85' lang='lat' dir='ltr'><strong><em>qui</em></strong></span> <span class='ocrx_word' id='word_1_67' title='bbox 1763 949 1985 1004; x_wconf 88' lang='lat' dir='ltr'><strong><em>viderint</em></strong></span> <span class='ocrx_word' id='word_1_68' title='bbox 2014 964 2125 1015; x_wconf 83' lang='lat' dir='ltr'><strong><em>eos,</em></strong></span> 
     </span>
    </p>
   </div>
   <div class='ocr_carea' id='block_1_9' title="bbox 556 1042 2127 1121">
    <p class='ocr_par' dir='ltr' id='par_1_9' title="bbox 556 1042 2127 1121">
     <span class='ocr_line' id='line_1_9' title="bbox 556 1042 2127 1121; baseline -0.005 -17"><span class='ocrx_word' id='word_1_69' title='bbox 556 1058 864 1121; x_wconf 82' lang='lat' dir='ltr'><strong><em>cognoscent</em></strong></span> <span class='ocrx_word' id='word_1_70' title='bbox 902 1064 1011 1110; x_wconf 89' lang='lat' dir='ltr'><strong><em>eos,</em></strong></span> <span class='ocrx_word' id='word_1_71' title='bbox 1041 1047 1169 1116; x_wconf 82' lang='lat' dir='ltr'><strong><em>quia</em></strong></span> <span class='ocrx_word' id='word_1_72' title='bbox 1216 1047 1305 1098; x_wconf 87' lang='lat' dir='ltr'><strong><em>isti</em></strong></span> <span class='ocrx_word' id='word_1_73' title='bbox 1345 1054 1467 1098; x_wconf 90' lang='lat' dir='ltr'><strong><em>sunt</em></strong></span> <span class='ocrx_word' id='word_1_74' title='bbox 1510 1061 1681 1098; x_wconf 85' lang='lat' dir='ltr'><strong><em>semen</em></strong></span> <span class='ocrx_word' id='word_1_75' title='bbox 1734 1044 1819 1097; x_wconf 90' lang='lat' dir='ltr'><strong><em>cui</em></strong></span> <span class='ocrx_word' id='word_1_76' title='bbox 1868 1042 2127 1096; x_wconf 76' lang='lat' dir='ltr'><strong><em>benedixit</em></strong></span> 
     </span>
    </p>
   </div>
   <div class='ocr_carea' id='block_1_10' title="bbox 560 1134 2129 1206">
    <p class='ocr_par' dir='ltr' id='par_1_10' title="bbox 560 1134 2129 1206">
     <span class='ocr_line' id='line_1_10' title="bbox 560 1134 2129 1206; baseline -0.008 -8"><span class='ocrx_word' id='word_1_77' title='bbox 560 1145 839 1199; x_wconf 83' lang='lat' dir='ltr'><strong><em>Dominus.</em></strong></span> <span class='ocrx_word' id='word_1_78' title='bbox 899 1138 1141 1194; x_wconf 83' lang='lat' dir='ltr'><strong><em>Caudens</em></strong></span> <span class='ocrx_word' id='word_1_79' title='bbox 1176 1136 1411 1206; x_wconf 88' lang='lat' dir='ltr'><strong><em>gaudebo</em></strong></span> <span class='ocrx_word' id='word_1_80' title='bbox 1453 1137 1505 1189; x_wconf 90' lang='lat' dir='ltr'><strong><em>in</em></strong></span> <span class='ocrx_word' id='word_1_81' title='bbox 1542 1135 1788 1199; x_wconf 87' lang='lat' dir='ltr'><strong><em>Domino,</em></strong></span> <span class='ocrx_word' id='word_1_82' title='bbox 1821 1144 1871 1189; x_wconf 89' lang='lat' dir='ltr'><strong><em>et</em></strong></span> <span class='ocrx_word' id='word_1_83' title='bbox 1897 1134 2129 1189; x_wconf 51' lang='lat' dir='ltr'><strong><em>exsultar-</em></strong></span> 
     </span>
    </p>
   </div>
   <div class='ocr_carea' id='block_1_11' title="bbox 556 1226 2126 1297">
    <p class='ocr_par' dir='ltr' id='par_1_11' title="bbox 556 1226 2126 1297">
     <span class='ocr_line' id='line_1_11' title="bbox 556 1226 2126 1297; baseline -0.008 -5"><span class='ocrx_word' id='word_1_84' title='bbox 556 1240 633 1292; x_wconf 86' lang='lat' dir='ltr'><strong><em>bit</em></strong></span> <span class='ocrx_word' id='word_1_85' title='bbox 654 1237 835 1290; x_wconf 89' lang='lat' dir='ltr'><strong><em>anima</em></strong></span> <span class='ocrx_word' id='word_1_86' title='bbox 858 1250 972 1287; x_wconf 89' lang='lat' dir='ltr'><strong><em>mea</em></strong></span> <span class='ocrx_word' id='word_1_87' title='bbox 992 1234 1045 1285; x_wconf 89' lang='lat' dir='ltr'><strong><em>in</em></strong></span> <span class='ocrx_word' id='word_1_88' title='bbox 1068 1230 1178 1284; x_wconf 88' lang='lat' dir='ltr'><strong><em>Deo</em></strong></span> <span class='ocrx_word' id='word_1_89' title='bbox 1206 1244 1353 1291; x_wconf 88' lang='lat' dir='ltr'><strong><em>meo;</em></strong></span> <span class='ocrx_word' id='word_1_90' title='bbox 1384 1229 1507 1297; x_wconf 85' lang='lat' dir='ltr'><strong><em>quia</em></strong></span> <span class='ocrx_word' id='word_1_91' title='bbox 1527 1226 1701 1280; x_wconf 81' lang='lat' dir='ltr'><strong><em>induit</em></strong></span> <span class='ocrx_word' id='word_1_92' title='bbox 1722 1244 1800 1279; x_wconf 89' lang='lat' dir='ltr'><strong><em>me</em></strong></span> <span class='ocrx_word' id='word_1_93' title='bbox 1826 1227 2126 1281; x_wconf 86' lang='lat' dir='ltr'><strong><em>vestimento</em></strong></span> 
     </span>
    </p>
   </div>
   <div class='ocr_carea' id='block_1_12' title="bbox 556 1318 2128 1391">
    <p class='ocr_par' dir='ltr' id='par_1_12' title="bbox 556 1318 2128 1391">
     <span class='ocr_line' id='line_1_12' title="bbox 556 1318 2128 1391; baseline -0.008 -5"><span class='ocrx_word' id='word_1_94' title='bbox 556 1331 770 1391; x_wconf 88' lang='lat' dir='ltr'><strong><em>salutis,</em></strong></span> <span class='ocrx_word' id='word_1_95' title='bbox 802 1336 850 1382; x_wconf 90' lang='lat' dir='ltr'><strong><em>et</em></strong></span> <span class='ocrx_word' id='word_1_96' title='bbox 880 1325 1183 1380; x_wconf 85' lang='lat' dir='ltr'><strong><em>indumento</em></strong></span> <span class='ocrx_word' id='word_1_97' title='bbox 1209 1321 1438 1391; x_wconf 74' lang='lat' dir='ltr'><strong><em>justitia:</em></strong></span> <span class='ocrx_word' id='word_1_98' title='bbox 1469 1318 1813 1372; x_wconf 85' lang='lat' dir='ltr'><strong><em>circumdedit</em></strong></span> <span class='ocrx_word' id='word_1_99' title='bbox 1843 1334 1943 1381; x_wconf 87' lang='lat' dir='ltr'><strong><em>me,</em></strong></span> <span class='ocrx_word' id='word_1_100' title='bbox 1973 1318 2128 1389; x_wconf 84' lang='lat' dir='ltr'><strong><em>quasi</em></strong></span> 
     </span>
    </p>
   </div>
   <div class='ocr_carea' id='block_1_13' title="bbox 555 1412 2130 1492">
    <p class='ocr_par' dir='ltr' id='par_1_13' title="bbox 555 1412 2130 1492">
     <span class='ocr_line' id='line_1_13' title="bbox 555 1412 2130 1492; baseline -0.011 -13"><span class='ocrx_word' id='word_1_101' title='bbox 555 1439 805 1492; x_wconf 85' lang='lat' dir='ltr'><strong><em>sponsum</em></strong></span> <span class='ocrx_word' id='word_1_102' title='bbox 832 1419 1136 1473; x_wconf 83' lang='lat' dir='ltr'><strong><em>decoratum</em></strong></span> <span class='ocrx_word' id='word_1_103' title='bbox 1168 1430 1383 1476; x_wconf 89' lang='lat' dir='ltr'><strong><em>corona,</em></strong></span> <span class='ocrx_word' id='word_1_104' title='bbox 1411 1422 1461 1464; x_wconf 91' lang='lat' dir='ltr'><strong><em>et</em></strong></span> <span class='ocrx_word' id='word_1_105' title='bbox 1503 1412 1654 1481; x_wconf 90' lang='lat' dir='ltr'><strong><em>quasi</em></strong></span> <span class='ocrx_word' id='word_1_106' title='bbox 1697 1427 1944 1480; x_wconf 86' lang='lat' dir='ltr'><strong><em>sponsam</em></strong></span> <span class='ocrx_word' id='word_1_107' title='bbox 1966 1426 2130 1463; x_wconf 87' lang='lat' dir='ltr'><strong><em>orna-</em></strong></span> 
     </span>
    </p>
   </div>
   <div class='ocr_carea' id='block_1_14' title="bbox 557 1503 2127 1573">
    <p class='ocr_par' dir='ltr' id='par_1_14' title="bbox 557 1503 2127 1573">
     <span class='ocr_line' id='line_1_14' title="bbox 557 1503 2127 1573; baseline -0.009 -4"><span class='ocrx_word' id='word_1_108' title='bbox 557 1526 664 1568; x_wconf 89' lang='lat' dir='ltr'><strong><em>tam</em></strong></span> <span class='ocrx_word' id='word_1_109' title='bbox 696 1514 978 1568; x_wconf 85' lang='lat' dir='ltr'><strong><em>monilibus</em></strong></span> <span class='ocrx_word' id='word_1_110' title='bbox 1007 1510 1141 1563; x_wconf 87' lang='lat' dir='ltr'><strong><em>suis.</em></strong></span> <span class='ocrx_word' id='word_1_111' title='bbox 1176 1508 1323 1562; x_wconf 82' lang='lat' dir='ltr'><strong><em>Sicut</em></strong></span> <span class='ocrx_word' id='word_1_112' title='bbox 1349 1506 1488 1559; x_wconf 90' lang='lat' dir='ltr'><strong><em>enim</em></strong></span> <span class='ocrx_word' id='word_1_113' title='bbox 1522 1513 1661 1559; x_wconf 88' lang='lat' dir='ltr'><strong><em>terra</em></strong></span> <span class='ocrx_word' id='word_1_114' title='bbox 1688 1503 1885 1573; x_wconf 74' lang='lat' dir='ltr'><strong><em>profert</em></strong></span> <span class='ocrx_word' id='word_1_115' title='bbox 1918 1519 2127 1572; x_wconf 86' lang='lat' dir='ltr'><strong><em>germen</em></strong></span> 
     </span>
    </p>
   </div>
   <div class='ocr_carea' id='block_1_15' title="bbox 557 1594 2128 1671">
    <p class='ocr_par' dir='ltr' id='par_1_15' title="bbox 557 1594 2128 1671">
     <span class='ocr_line' id='line_1_15' title="bbox 557 1594 2128 1671; baseline -0.009 -11"><span class='ocrx_word' id='word_1_116' title='bbox 557 1624 732 1671; x_wconf 87' lang='lat' dir='ltr'><strong><em>suum,</em></strong></span> <span class='ocrx_word' id='word_1_117' title='bbox 757 1614 807 1658; x_wconf 86' lang='lat' dir='ltr'><strong><em>et</em></strong></span> <span class='ocrx_word' id='word_1_118' title='bbox 828 1606 963 1657; x_wconf 82' lang='lat' dir='ltr'><strong><em>sicut</em></strong></span> <span class='ocrx_word' id='word_1_119' title='bbox 994 1601 1176 1655; x_wconf 86' lang='lat' dir='ltr'><strong><em>hortus</em></strong></span> <span class='ocrx_word' id='word_1_120' title='bbox 1214 1615 1385 1653; x_wconf 89' lang='lat' dir='ltr'><strong><em>semen</em></strong></span> <span class='ocrx_word' id='word_1_121' title='bbox 1414 1613 1568 1650; x_wconf 88' lang='lat' dir='ltr'><strong><em>suum</em></strong></span> <span class='ocrx_word' id='word_1_122' title='bbox 1598 1597 1878 1666; x_wconf 85' lang='lat' dir='ltr'><strong><em>germinat,</em></strong></span> <span class='ocrx_word' id='word_1_123' title='bbox 1910 1596 1985 1648; x_wconf 89' lang='lat' dir='ltr'><strong><em>sic</em></strong></span> <span class='ocrx_word' id='word_1_124' title='bbox 2016 1594 2128 1647; x_wconf 80' lang='lat' dir='ltr'><strong><em>Do-</em></strong></span> 
     </span>
    </p>
   </div>
   <div class='ocr_carea' id='block_1_16' title="bbox 556 1687 2127 1764">
    <p class='ocr_par' dir='ltr' id='par_1_16' title="bbox 556 1687 2127 1764">
     <span class='ocr_line' id='line_1_16' title="bbox 556 1687 2127 1764; baseline -0.009 -11"><span class='ocrx_word' id='word_1_125' title='bbox 556 1701 727 1753; x_wconf 85' lang='lat' dir='ltr'><strong><em>minus</em></strong></span> <span class='ocrx_word' id='word_1_126' title='bbox 758 1696 897 1749; x_wconf 89' lang='lat' dir='ltr'><strong><em>Deus</em></strong></span> <span class='ocrx_word' id='word_1_127' title='bbox 945 1691 1257 1764; x_wconf 88' lang='lat' dir='ltr'><strong><em>germinabit</em></strong></span> <span class='ocrx_word' id='word_1_128' title='bbox 1291 1689 1563 1757; x_wconf 85' lang='lat' dir='ltr'><strong><em>justitiam</em></strong></span> <span class='ocrx_word' id='word_1_129' title='bbox 1602 1696 1651 1741; x_wconf 91' lang='lat' dir='ltr'><strong><em>et</em></strong></span> <span class='ocrx_word' id='word_1_130' title='bbox 1693 1687 1898 1740; x_wconf 87' lang='lat' dir='ltr'><strong><em>laudem</em></strong></span> <span class='ocrx_word' id='word_1_131' title='bbox 1949 1703 2127 1741; x_wconf 90' lang='lat' dir='ltr'><strong><em>coram</em></strong></span> 
     </span>
    </p>
   </div>
   <div class='ocr_carea' id='block_1_17' title="bbox 554 1778 2128 1857">
    <p class='ocr_par' dir='ltr' id='par_1_17' title="bbox 554 1778 2128 1857">
     <span class='ocr_line' id='line_1_17' title="bbox 554 1778 2128 1857; baseline -0.006 -13"><span class='ocrx_word' id='word_1_132' title='bbox 554 1789 813 1844; x_wconf 82' lang='lat' dir='ltr'><strong><em>universis</em></strong></span> <span class='ocrx_word' id='word_1_133' title='bbox 875 1784 1112 1857; x_wconf 87' lang='lat' dir='ltr'><strong><em>gentibus</em></strong></span> <span class='ocrx_word' id='word_1_134' title='bbox 1129 1783 1195 1837; x_wconf 83' lang='grc'><strong><em>⁸¹.</em></strong></span> <span class='ocrx_word' id='word_1_135' title='bbox 1226 1781 1396 1837; x_wconf 77' lang='lat' dir='ltr'><strong><em>&quot;Eos</em></strong></span> <span class='ocrx_word' id='word_1_136' title='bbox 1452 1790 1633 1835; x_wconf 90' lang='lat' dir='ltr'><strong><em>autem</em></strong></span> <span class='ocrx_word' id='word_1_137' title='bbox 1667 1796 1697 1833; x_wconf 84' lang='grc' dir='ltr'><strong><em>ιι</em></strong></span> <span class='ocrx_word' id='word_1_138' title='bbox 1726 1780 1844 1835; x_wconf 91' lang='lat' dir='ltr'><strong><em>solo</em></strong></span> <span class='ocrx_word' id='word_1_139' title='bbox 1898 1778 2128 1835; x_wconf 90' lang='lat' dir='ltr'><strong><em>Domino</em></strong></span> 
     </span>
    </p>
   </div>
   <div class='ocr_carea' id='block_1_18' title="bbox 557 1872 2127 1950">
    <p class='ocr_par' dir='ltr' id='par_1_18' title="bbox 557 1872 2127 1950">
     <span class='ocr_line' id='line_1_18' title="bbox 557 1872 2127 1950; baseline -0.006 -13"><span class='ocrx_word' id='word_1_140' title='bbox 557 1891 651 1937; x_wconf 84' lang='lat' dir='ltr'><strong><em>aut</em></strong></span> <span class='ocrx_word' id='word_1_141' title='bbox 678 1878 1029 1950; x_wconf 76' lang='lat' dir='ltr'><strong><em>iudicandos,</em></strong></span> <span class='ocrx_word' id='word_1_142' title='bbox 1072 1884 1175 1933; x_wconf 67' lang='lat' dir='ltr'><strong><em>aut.</em></strong></span> <span class='ocrx_word' id='word_1_143' title='bbox 1218 1875 1601 1937; x_wconf 83' lang='lat' dir='ltr'><strong><em>removendos,</em></strong></span> <span class='ocrx_word' id='word_1_144' title='bbox 1629 1882 1684 1928; x_wconf 90' lang='lat' dir='ltr'><strong><em>et</em></strong></span> <span class='ocrx_word' id='word_1_145' title='bbox 1732 1889 1843 1927; x_wconf 90' lang='lat' dir='ltr'><strong><em>non</em></strong></span> <span class='ocrx_word' id='word_1_146' title='bbox 1885 1873 1955 1927; x_wconf 91' lang='lat' dir='ltr'><strong><em>ab</em></strong></span> <span class='ocrx_word' id='word_1_147' title='bbox 2006 1872 2127 1927; x_wconf 91' lang='lat' dir='ltr'><strong><em>aliis</em></strong></span> 
     </span>
    </p>
   </div>
   <div class='ocr_carea' id='block_1_19' title="bbox 556 1965 2129 2040">
    <p class='ocr_par' dir='ltr' id='par_1_19' title="bbox 556 1965 2129 2040">
     <span class='ocr_line' id='line_1_19' title="bbox 556 1965 2129 2040; baseline -0.008 -10"><span class='ocrx_word' id='word_1_148' title='bbox 556 1990 680 2030; x_wconf 79' lang='lat' dir='ltr'><strong><em>esse</em></strong></span> <span class='ocrx_word' id='word_1_149' title='bbox 709 1972 949 2034; x_wconf 86' lang='lat' dir='ltr'><strong><em>dicebat,</em></strong></span> <span class='ocrx_word' id='word_1_150' title='bbox 980 1970 1108 2040; x_wconf 87' lang='lat' dir='ltr'><strong><em>quia</em></strong></span> <span class='ocrx_word' id='word_1_151' title='bbox 1170 1968 1255 2024; x_wconf 89' lang='lat' dir='ltr'><strong><em>sui</em></strong></span> <span class='ocrx_word' id='word_1_152' title='bbox 1315 1974 1465 2031; x_wconf 91' lang='lat' dir='ltr'><strong><em>sunt,</em></strong></span> <span class='ocrx_word' id='word_1_153' title='bbox 1498 1974 1552 2020; x_wconf 89' lang='lat' dir='ltr'><strong><em>et</em></strong></span> <span class='ocrx_word' id='word_1_154' title='bbox 1604 1982 1715 2020; x_wconf 90' lang='lat' dir='ltr'><strong><em>non</em></strong></span> <span class='ocrx_word' id='word_1_155' title='bbox 1771 1966 2018 2021; x_wconf 84' lang='lat' dir='ltr'><strong><em>alterius.</em></strong></span> <span class='ocrx_word' id='word_1_156' title='bbox 2063 1965 2129 2018; x_wconf 88' lang='lat' dir='ltr'><strong><em>Et</em></strong></span> 
     </span>
    </p>
   </div>
   <div class='ocr_carea' id='block_1_20' title="bbox 556 2055 2127 2135">
    <p class='ocr_par' dir='ltr' id='par_1_20' title="bbox 556 2055 2127 2135">
     <span class='ocr_line' id='line_1_20' title="bbox 556 2055 2127 2135; baseline -0.006 -15"><span class='ocrx_word' id='word_1_157' title='bbox 556 2066 682 2135; x_wconf 87' lang='lat' dir='ltr'><strong><em>quis</em></strong></span> <span class='ocrx_word' id='word_1_158' title='bbox 712 2074 815 2127; x_wconf 90' lang='lat' dir='ltr'><strong><em>est,</em></strong></span> <span class='ocrx_word' id='word_1_159' title='bbox 844 2062 939 2132; x_wconf 91' lang='lat' dir='ltr'><strong><em>qui</em></strong></span> <span class='ocrx_word' id='word_1_160' title='bbox 988 2060 1215 2115; x_wconf 81' lang='lat' dir='ltr'><strong><em>alterius</em></strong></span> <span class='ocrx_word' id='word_1_161' title='bbox 1237 2059 1446 2128; x_wconf 87' lang='lat' dir='ltr'><strong><em>judicet</em></strong></span> <span class='ocrx_word' id='word_1_162' title='bbox 1491 2058 1744 2111; x_wconf 88' lang='lat' dir='ltr'><strong><em>servum?</em></strong></span> <span class='ocrx_word' id='word_1_163' title='bbox 1772 2055 1905 2110; x_wconf 86' lang='lat' dir='ltr'><strong><em>Nam</em></strong></span> <span class='ocrx_word' id='word_1_164' title='bbox 1942 2058 1989 2111; x_wconf 93' lang='lat' dir='ltr'><strong><em>si</em></strong></span> <span class='ocrx_word' id='word_1_165' title='bbox 2017 2072 2127 2110; x_wconf 88' lang='lat' dir='ltr'><strong><em>non</em></strong></span> 
     </span>
    </p>
   </div>
   <div class='ocr_carea' id='block_1_21' title="bbox 556 2149 2129 2227">
    <p class='ocr_par' dir='ltr' id='par_1_21' title="bbox 556 2149 2129 2227">
     <span class='ocr_line' id='line_1_21' title="bbox 556 2149 2129 2227; baseline -0.004 -17"><span class='ocrx_word' id='word_1_166' title='bbox 556 2157 843 2227; x_wconf 89' lang='lat' dir='ltr'><strong><em>patiuntur</em></strong></span> <span class='ocrx_word' id='word_1_167' title='bbox 876 2154 1145 2215; x_wconf 87' lang='lat' dir='ltr'><strong><em>homines,</em></strong></span> <span class='ocrx_word' id='word_1_168' title='bbox 1180 2167 1281 2213; x_wconf 89' lang='lat' dir='ltr'><strong><em>nec</em></strong></span> <span class='ocrx_word' id='word_1_169' title='bbox 1332 2150 1474 2205; x_wconf 88' lang='lat' dir='ltr'><strong><em>Deus</em></strong></span> <span class='ocrx_word' id='word_1_170' title='bbox 1519 2150 1745 2211; x_wconf 90' lang='lat' dir='ltr'><strong><em>deorum</em></strong></span> <span class='ocrx_word' id='word_1_171' title='bbox 1778 2158 1833 2202; x_wconf 85' lang='lat' dir='ltr'><strong><em>et</em></strong></span> <span class='ocrx_word' id='word_1_172' title='bbox 1867 2149 2129 2204; x_wconf 85' lang='lat' dir='ltr'><strong><em>Dominus</em></strong></span> 
     </span>
    </p>
   </div>
   <div class='ocr_carea' id='block_1_22' title="bbox 556 2240 2123 2311">
    <p class='ocr_par' dir='ltr' id='par_1_22' title="bbox 556 2240 2123 2311">
     <span class='ocr_line' id='line_1_22' title="bbox 556 2240 2123 2311; baseline -0.007 -8"><span class='ocrx_word' id='word_1_173' title='bbox 556 2248 961 2304; x_wconf 76' lang='lat' dir='ltr'><strong><em>dominantium</em></strong></span> <span class='ocrx_word' id='word_1_174' title='bbox 994 2246 1109 2299; x_wconf 63' lang='lat' dir='ltr'><strong><em>haec</em></strong></span> <span class='ocrx_word' id='word_1_175' title='bbox 1145 2244 1417 2299; x_wconf 82' lang='lat' dir='ltr'><strong><em>ullatenus</em></strong></span> <span class='ocrx_word' id='word_1_176' title='bbox 1458 2242 1683 2311; x_wconf 88' lang='lat' dir='ltr'><strong><em>patitur.</em></strong></span> <span class='ocrx_word' id='word_1_177' title='bbox 1717 2240 1871 2296; x_wconf 86' lang='lat' dir='ltr'><strong><em>Unde</em></strong></span> <span class='ocrx_word' id='word_1_178' title='bbox 1913 2249 1967 2296; x_wconf 91' lang='lat' dir='ltr'><strong><em>et</em></strong></span> <span class='ocrx_word' id='word_1_179' title='bbox 1996 2255 2123 2311; x_wconf 88' lang='lat' dir='ltr'><strong><em>pro-</em></strong></span> 
     </span>
    </p>
   </div>
   <div class='ocr_carea' id='block_1_23' title="bbox 555 2332 2127 2409">
    <p class='ocr_par' dir='ltr' id='par_1_23' title="bbox 555 2332 2127 2409">
     <span class='ocr_line' id='line_1_23' title="bbox 555 2332 2127 2409; baseline -0.006 -14"><span class='ocrx_word' id='word_1_180' title='bbox 555 2341 748 2409; x_wconf 87' lang='lat' dir='ltr'><strong><em>phetas</em></strong></span> <span class='ocrx_word' id='word_1_181' title='bbox 788 2339 893 2395; x_wconf 88' lang='lat' dir='ltr'><strong><em>sibi</em></strong></span> <span class='ocrx_word' id='word_1_182' title='bbox 939 2344 1107 2391; x_wconf 89' lang='lat' dir='ltr'><strong><em>testes</em></strong></span> <span class='ocrx_word' id='word_1_183' title='bbox 1138 2350 1261 2389; x_wconf 89' lang='lat' dir='ltr'><strong><em>esse</em></strong></span> <span class='ocrx_word' id='word_1_184' title='bbox 1300 2334 1536 2396; x_wconf 88' lang='lat' dir='ltr'><strong><em>dicebat,</em></strong></span> <span class='ocrx_word' id='word_1_185' title='bbox 1572 2348 1667 2403; x_wconf 87' lang='lat' dir='ltr'><strong><em>per</em></strong></span> <span class='ocrx_word' id='word_1_186' title='bbox 1697 2348 1835 2402; x_wconf 88' lang='lat' dir='ltr'><strong><em>quos</em></strong></span> <span class='ocrx_word' id='word_1_187' title='bbox 1866 2332 2127 2386; x_wconf 88' lang='lat' dir='ltr'><strong><em>Dominus</em></strong></span> 
     </span>
    </p>
   </div>
   <div class='ocr_carea' id='block_1_24' title="bbox 558 2424 2127 2502">
    <p class='ocr_par' dir='ltr' id='par_1_24' title="bbox 558 2424 2127 2502">
     <span class='ocr_line' id='line_1_24' title="bbox 558 2424 2127 2502; baseline -0.007 -14"><span class='ocrx_word' id='word_1_188' title='bbox 558 2432 821 2502; x_wconf 81' lang='lat' dir='ltr'><strong><em>loquitur,</em></strong></span> <span class='ocrx_word' id='word_1_189' title='bbox 857 2430 1045 2484; x_wconf 91' lang='lat' dir='ltr'><strong><em>dicens</em></strong></span> <span class='ocrx_word' id='word_1_190' title='bbox 1074 2446 1088 2481; x_wconf 86' lang='lat'><strong>:</strong></span> <span class='ocrx_word' id='word_1_191' title='bbox 1124 2426 1256 2480; x_wconf 87' lang='lat' dir='ltr'><strong><em>Ecce</em></strong></span> <span class='ocrx_word' id='word_1_192' title='bbox 1285 2427 1470 2480; x_wconf 73' lang='lat' dir='ltr'><strong><em>excoxi</em></strong></span> <span class='ocrx_word' id='word_1_193' title='bbox 1500 2436 1567 2489; x_wconf 90' lang='lat' dir='ltr'><strong><em>te,</em></strong></span> <span class='ocrx_word' id='word_1_194' title='bbox 1594 2424 1683 2480; x_wconf 88' lang='lat' dir='ltr'><strong><em>sed</em></strong></span> <span class='ocrx_word' id='word_1_195' title='bbox 1713 2443 1815 2479; x_wconf 88' lang='lat' dir='ltr'><strong><em>non</em></strong></span> <span class='ocrx_word' id='word_1_196' title='bbox 1845 2427 1998 2494; x_wconf 90' lang='lat' dir='ltr'><strong><em>quasi</em></strong></span> <span class='ocrx_word' id='word_1_197' title='bbox 2037 2442 2127 2478; x_wconf 88' lang='lat' dir='ltr'><strong><em>ar-</em></strong></span> 
     </span>
    </p>
   </div>
   <div class='ocr_carea' id='block_1_25' title="bbox 556 2508 2128 2594">
    <p class='ocr_par' dir='ltr' id='par_1_25' title="bbox 556 2508 2128 2594">
     <span class='ocr_line' id='line_1_25' title="bbox 556 2508 2128 2594; baseline -0.003 -17"><span class='ocrx_word' id='word_1_198' title='bbox 556 2534 767 2594; x_wconf 83' lang='lat' dir='ltr'><strong><em>gentum</em></strong></span> <span class='ocrx_word' id='word_1_199' title='bbox 796 2508 926 2591; x_wconf 85' lang='lat' dir='ltr'><strong><em>elegi</em></strong></span> <span class='ocrx_word' id='word_1_200' title='bbox 963 2529 1010 2574; x_wconf 90' lang='lat' dir='ltr'><strong><em>te</em></strong></span> <span class='ocrx_word' id='word_1_201' title='bbox 1054 2521 1107 2572; x_wconf 90' lang='lat' dir='ltr'><strong><em>in</em></strong></span> <span class='ocrx_word' id='word_1_202' title='bbox 1158 2519 1370 2572; x_wconf 90' lang='lat' dir='ltr'><strong><em>camino</em></strong></span> <span class='ocrx_word' id='word_1_203' title='bbox 1414 2520 1760 2588; x_wconf 87' lang='lat' dir='ltr'><strong><em>paupertatis.</em></strong></span> <span class='ocrx_word' id='word_1_204' title='bbox 1793 2518 2017 2587; x_wconf 86' lang='lat' dir='ltr'><strong><em>Propter</em></strong></span> <span class='ocrx_word' id='word_1_205' title='bbox 2047 2535 2128 2572; x_wconf 90' lang='lat' dir='ltr'><strong><em>me</em></strong></span> 
     </span>
    </p>
   </div>
   <div class='ocr_carea' id='block_1_26' title="bbox 558 2611 2127 2684">
    <p class='ocr_par' dir='ltr' id='par_1_26' title="bbox 558 2611 2127 2684">
     <span class='ocr_line' id='line_1_26' title="bbox 558 2611 2127 2684; baseline -0.003 -15"><span class='ocrx_word' id='word_1_206' title='bbox 558 2616 779 2684; x_wconf 81' lang='lat' dir='ltr'><strong><em>faciant,</em></strong></span> <span class='ocrx_word' id='word_1_207' title='bbox 811 2624 868 2667; x_wconf 91' lang='lat' dir='ltr'><strong><em>ut</em></strong></span> <span class='ocrx_word' id='word_1_208' title='bbox 900 2630 1003 2667; x_wconf 88' lang='lat' dir='ltr'><strong><em>non</em></strong></span> <span class='ocrx_word' id='word_1_209' title='bbox 1043 2611 1390 2679; x_wconf 87' lang='lat' dir='ltr'><strong><em>blasphemer,</em></strong></span> <span class='ocrx_word' id='word_1_210' title='bbox 1415 2621 1464 2665; x_wconf 92' lang='lat' dir='ltr'><strong><em>et</em></strong></span> <span class='ocrx_word' id='word_1_211' title='bbox 1513 2612 1742 2682; x_wconf 87' lang='lat' dir='ltr'><strong><em>gloriam</em></strong></span> <span class='ocrx_word' id='word_1_212' title='bbox 1772 2628 1941 2665; x_wconf 85' lang='lat' dir='ltr'><strong><em>meam</em></strong></span> <span class='ocrx_word' id='word_1_213' title='bbox 1971 2611 2127 2664; x_wconf 90' lang='lat' dir='ltr'><strong><em>alteri</em></strong></span> 
     </span>
    </p>
   </div>
   <div class='ocr_carea' id='block_1_27' title="bbox 558 2702 2123 2776">
    <p class='ocr_par' dir='ltr' id='par_1_27' title="bbox 558 2702 2123 2776">
     <span class='ocr_line' id='line_1_27' title="bbox 558 2702 2123 2776; baseline -0.003 -14"><span class='ocrx_word' id='word_1_214' title='bbox 558 2725 663 2762; x_wconf 88' lang='lat' dir='ltr'><strong><em>non</em></strong></span> <span class='ocrx_word' id='word_1_215' title='bbox 689 2707 846 2762; x_wconf 89' lang='lat' dir='ltr'><strong><em>dabo.</em></strong></span> <span class='ocrx_word' id='word_1_216' title='bbox 878 2704 1020 2759; x_wconf 90' lang='lat' dir='ltr'><strong><em>Audi</em></strong></span> <span class='ocrx_word' id='word_1_217' title='bbox 1050 2721 1150 2771; x_wconf 90' lang='lat' dir='ltr'><strong><em>me,</em></strong></span> <span class='ocrx_word' id='word_1_218' title='bbox 1191 2702 1356 2759; x_wconf 76' lang='lat' dir='ltr'><strong><em>Iacob</em></strong></span> <span class='ocrx_word' id='word_1_219' title='bbox 1387 2713 1435 2757; x_wconf 91' lang='lat' dir='ltr'><strong><em>et</em></strong></span> <span class='ocrx_word' id='word_1_220' title='bbox 1462 2703 1656 2773; x_wconf 86' lang='lat' dir='ltr'><strong><em>Israel,</em></strong></span> <span class='ocrx_word' id='word_1_221' title='bbox 1682 2721 1835 2776; x_wconf 86' lang='lat' dir='ltr'><strong><em>quem</em></strong></span> <span class='ocrx_word' id='word_1_222' title='bbox 1867 2720 1957 2774; x_wconf 88' lang='lat' dir='ltr'><strong><em>ego</em></strong></span> <span class='ocrx_word' id='word_1_223' title='bbox 1981 2720 2123 2758; x_wconf 91' lang='lat' dir='ltr'><strong><em>voco.</em></strong></span> 
     </span>
    </p>
   </div>
   <div class='ocr_carea' id='block_1_28' title="bbox 564 2794 2129 2870">
    <p class='ocr_par' dir='ltr' id='par_1_28' title="bbox 564 2794 2129 2870">
     <span class='ocr_line' id='line_1_28' title="bbox 564 2794 2129 2870; baseline -0.004 -17"><span class='ocrx_word' id='word_1_224' title='bbox 564 2799 673 2870; x_wconf 85' lang='lat' dir='ltr'><strong><em>Ego</em></strong></span> <span class='ocrx_word' id='word_1_225' title='bbox 702 2800 831 2868; x_wconf 87' lang='lat' dir='ltr'><strong><em>ipse,</em></strong></span> <span class='ocrx_word' id='word_1_226' title='bbox 860 2814 952 2869; x_wconf 86' lang='lat' dir='ltr'><strong><em>ego</em></strong></span> <span class='ocrx_word' id='word_1_227' title='bbox 980 2798 1205 2866; x_wconf 89' lang='lat' dir='ltr'><strong><em>primus,</em></strong></span> <span class='ocrx_word' id='word_1_228' title='bbox 1232 2805 1280 2849; x_wconf 91' lang='lat' dir='ltr'><strong><em>et</em></strong></span> <span class='ocrx_word' id='word_1_229' title='bbox 1306 2812 1397 2867; x_wconf 89' lang='lat' dir='ltr'><strong><em>ego</em></strong></span> <span class='ocrx_word' id='word_1_230' title='bbox 1421 2797 1753 2851; x_wconf 83' lang='lat' dir='ltr'><strong><em>novissimus.</em></strong></span> <span class='ocrx_word' id='word_1_231' title='bbox 1782 2794 1974 2849; x_wconf 79' lang='lat' dir='ltr'><strong><em>Manus</em></strong></span> <span class='ocrx_word' id='word_1_232' title='bbox 1997 2812 2129 2865; x_wconf 36' lang='lat' dir='ltr'><strong><em>quo:</em></strong></span> 
     </span>
    </p>
   </div>
   <div class='ocr_carea' id='block_1_29' title="bbox 555 2888 2125 2963">
    <p class='ocr_par' dir='ltr' id='par_1_29' title="bbox 555 2888 2125 2963">
     <span class='ocr_line' id='line_1_29' title="bbox 555 2888 2125 2963; baseline -0.003 -19"><span class='ocrx_word' id='word_1_233' title='bbox 555 2909 654 2963; x_wconf 91' lang='lat' dir='ltr'><strong><em>que</em></strong></span> <span class='ocrx_word' id='word_1_234' title='bbox 684 2908 798 2945; x_wconf 89' lang='lat' dir='ltr'><strong><em>mea</em></strong></span> <span class='ocrx_word' id='word_1_235' title='bbox 832 2888 1075 2960; x_wconf 80' lang='lat' dir='ltr'><strong><em>[undavit</em></strong></span> <span class='ocrx_word' id='word_1_236' title='bbox 1108 2897 1327 2952; x_wconf 89' lang='lat' dir='ltr'><strong><em>terram,</em></strong></span> <span class='ocrx_word' id='word_1_237' title='bbox 1365 2898 1415 2941; x_wconf 92' lang='lat' dir='ltr'><strong><em>et</em></strong></span> <span class='ocrx_word' id='word_1_238' title='bbox 1438 2888 1654 2942; x_wconf 76' lang='lat' dir='ltr'><strong><em>dextera</em></strong></span> <span class='ocrx_word' id='word_1_239' title='bbox 1694 2906 1809 2942; x_wconf 82' lang='lat' dir='ltr'><strong><em>mea</em></strong></span> <span class='ocrx_word' id='word_1_240' title='bbox 1841 2906 2018 2942; x_wconf 86' lang='lat' dir='ltr'><strong><em>mensa</em></strong></span> <span class='ocrx_word' id='word_1_241' title='bbox 2048 2898 2125 2940; x_wconf 85' lang='lat' dir='ltr'><strong><em>est</em></strong></span> 
     </span>
    </p>
   </div>
   <div class='ocr_carea' id='block_1_30' title="bbox 556 2980 2129 3054">
    <p class='ocr_par' dir='ltr' id='par_1_30' title="bbox 556 2980 2129 3054">
     <span class='ocr_line' id='line_1_30' title="bbox 556 2980 2129 3054; baseline -0.003 -14"><span class='ocrx_word' id='word_1_242' title='bbox 556 2985 733 3040; x_wconf 63' lang='lat' dir='ltr'><strong><em>corios.</em></strong></span> <span class='ocrx_word' id='word_1_243' title='bbox 772 2983 883 3054; x_wconf 86' lang='lat' dir='ltr'><strong><em>Ego</em></strong></span> <span class='ocrx_word' id='word_1_244' title='bbox 913 2982 1105 3037; x_wconf 89' lang='lat' dir='ltr'><strong><em>vocabo</em></strong></span> <span class='ocrx_word' id='word_1_245' title='bbox 1135 2999 1244 3045; x_wconf 90' lang='lat' dir='ltr'><strong><em>eos,</em></strong></span> <span class='ocrx_word' id='word_1_246' title='bbox 1276 2991 1325 3035; x_wconf 91' lang='lat' dir='ltr'><strong><em>et</em></strong></span> <span class='ocrx_word' id='word_1_247' title='bbox 1358 2980 1910 3051; x_wconf 49' lang='lat' dir='ltr'><strong><em>stabuntsimul’fﬂMe</em></strong></span> <span class='ocrx_word' id='word_1_248' title='bbox 1939 2980 2129 3036; x_wconf 72' lang='lat' dir='ltr'><strong><em>insula:</em></strong></span> 
     </span>
    </p>
   </div>
   <div class='ocr_carea' id='block_1_31' title="bbox 553 3071 2124 3147">
    <p class='ocr_par' dir='ltr' id='par_1_31' title="bbox 553 3071 2124 3147">
     <span class='ocr_line' id='line_1_31' title="bbox 553 3071 2124 3147; baseline -0.006 -14"><span class='ocrx_word' id='word_1_249' title='bbox 553 3077 954 3147; x_wconf 61' lang='lat' dir='ltr'><strong><em>exspectabant,</em></strong></span> <span class='ocrx_word' id='word_1_250' title='bbox 983 3084 1032 3128; x_wconf 92' lang='lat' dir='ltr'><strong><em>et</em></strong></span> <span class='ocrx_word' id='word_1_251' title='bbox 1075 3074 1345 3127; x_wconf 88' lang='lat' dir='ltr'><strong><em>brachium</em></strong></span> <span class='ocrx_word' id='word_1_252' title='bbox 1380 3090 1550 3141; x_wconf 89' lang='lat' dir='ltr'><strong><em>meum</em></strong></span> <span class='ocrx_word' id='word_1_253' title='bbox 1614 3071 1969 3127; x_wconf 87' lang='lat' dir='ltr'><strong><em>sustinebunt.</em></strong></span> <span class='ocrx_word' id='word_1_254' title='bbox 2022 3072 2124 3126; x_wconf 89' lang='lat' dir='ltr'><strong><em>Sa-</em></strong></span> 
     </span>
    </p>
   </div>
   <div class='ocr_carea' id='block_1_32' title="bbox 558 3162 2190 3235">
    <p class='ocr_par' dir='ltr' id='par_1_32' title="bbox 558 3162 2190 3235">
     <span class='ocr_line' id='line_1_32' title="bbox 558 3162 2190 3235; baseline -0.004 -12"><span class='ocrx_word' id='word_1_255' title='bbox 558 3172 643 3223; x_wconf 85' lang='lat' dir='ltr'><strong><em>lus</em></strong></span> <span class='ocrx_word' id='word_1_256' title='bbox 675 3178 849 3222; x_wconf 79' lang='lat' dir='ltr'><strong><em>autent</em></strong></span> <span class='ocrx_word' id='word_1_257' title='bbox 892 3184 1009 3220; x_wconf 91' lang='lat' dir='ltr'><strong><em>mea</em></strong></span> <span class='ocrx_word' id='word_1_258' title='bbox 1037 3166 1090 3217; x_wconf 91' lang='lat' dir='ltr'><strong><em>in</em></strong></span> <span class='ocrx_word' id='word_1_259' title='bbox 1138 3164 1507 3235; x_wconf 84' lang='lat' dir='ltr'><strong><em>sempiternum</em></strong></span> <span class='ocrx_word' id='word_1_260' title='bbox 1540 3165 1661 3227; x_wconf 90' lang='lat' dir='ltr'><strong><em>erit,</em></strong></span> <span class='ocrx_word' id='word_1_261' title='bbox 1693 3172 1741 3217; x_wconf 89' lang='lat' dir='ltr'><strong><em>et</em></strong></span> <span class='ocrx_word' id='word_1_262' title='bbox 1771 3162 1980 3232; x_wconf 79' lang='lat' dir='ltr'><strong><em>justitia</em></strong></span> <span class='ocrx_word' id='word_1_263' title='bbox 2009 3181 2124 3216; x_wconf 71' lang='lat' dir='ltr'><strong><em>mea</em></strong></span> <span class='ocrx_word' id='word_1_264' title='bbox 2150 3170 2190 3225; x_wconf 89' lang='lat' dir='ltr'>C</span> 
     </span>
    </p>
   </div>
   <div class='ocr_carea' id='block_1_33' title="bbox 556 3254 2122 3328">
    <p class='ocr_par' dir='ltr' id='par_1_33' title="bbox 556 3254 2122 3328">
     <span class='ocr_line' id='line_1_33' title="bbox 556 3254 2122 3328; baseline -0.004 -12"><span class='ocrx_word' id='word_1_265' title='bbox 556 3278 659 3316; x_wconf 89' lang='lat' dir='ltr'><strong><em>non</em></strong></span> <span class='ocrx_word' id='word_1_266' title='bbox 690 3260 914 3328; x_wconf 91' lang='lat' dir='ltr'><strong><em>deﬁciet.</em></strong></span> <span class='ocrx_word' id='word_1_267' title='bbox 950 3256 1142 3309; x_wconf 82' lang='lat' dir='ltr'><strong><em>Audite</em></strong></span> <span class='ocrx_word' id='word_1_268' title='bbox 1192 3272 1290 3319; x_wconf 91' lang='lat' dir='ltr'><strong><em>me,</em></strong></span> <span class='ocrx_word' id='word_1_269' title='bbox 1332 3256 1420 3323; x_wconf 91' lang='lat' dir='ltr'><strong><em>qui</em></strong></span> <span class='ocrx_word' id='word_1_270' title='bbox 1455 3256 1604 3308; x_wconf 86' lang='lat' dir='ltr'><strong><em>scitis</em></strong></span> <span class='ocrx_word' id='word_1_271' title='bbox 1635 3254 1866 3325; x_wconf 87' lang='lat' dir='ltr'><strong><em>justum,</em></strong></span> <span class='ocrx_word' id='word_1_272' title='bbox 1900 3257 2122 3324; x_wconf 87' lang='lat' dir='ltr'><strong><em>populus</em></strong></span> 
     </span>
    </p>
   </div>
   <div class='ocr_carea' id='block_1_34' title="bbox 556 3345 2125 3416">
    <p class='ocr_par' dir='ltr' id='par_1_34' title="bbox 556 3345 2125 3416">
     <span class='ocr_line' id='line_1_34' title="bbox 556 3345 2125 3416; baseline -0.003 -11"><span class='ocrx_word' id='word_1_273' title='bbox 556 3369 725 3416; x_wconf 76' lang='lat' dir='ltr'><strong><em>meus,</em></strong></span> <span class='ocrx_word' id='word_1_274' title='bbox 760 3351 842 3403; x_wconf 72' lang='lat' dir='ltr'><strong><em>lea:</em></strong></span> <span class='ocrx_word' id='word_1_275' title='bbox 868 3366 984 3402; x_wconf 90' lang='lat' dir='ltr'><strong><em>mea</em></strong></span> <span class='ocrx_word' id='word_1_276' title='bbox 1012 3348 1067 3400; x_wconf 91' lang='lat' dir='ltr'><strong><em>in</em></strong></span> <span class='ocrx_word' id='word_1_277' title='bbox 1098 3346 1253 3401; x_wconf 90' lang='lat' dir='ltr'><strong><em>corde</em></strong></span> <span class='ocrx_word' id='word_1_278' title='bbox 1282 3363 1483 3401; x_wconf 89' lang='lat' dir='ltr'><strong><em>eorum.</em></strong></span> <span class='ocrx_word' id='word_1_279' title='bbox 1524 3345 1704 3400; x_wconf 87' lang='lat' dir='ltr'><strong><em>Nolite</em></strong></span> <span class='ocrx_word' id='word_1_280' title='bbox 1726 3349 1906 3401; x_wconf 90' lang='lat' dir='ltr'><strong><em>timere</em></strong></span> <span class='ocrx_word' id='word_1_281' title='bbox 1943 3364 2125 3416; x_wconf 90' lang='lat' dir='ltr'><strong><em>oppro-</em></strong></span> 
     </span>
    </p>
   </div>
   <div class='ocr_carea' id='block_1_35' title="bbox 558 3436 2120 3507">
    <p class='ocr_par' dir='ltr' id='par_1_35' title="bbox 558 3436 2120 3507">
     <span class='ocr_line' id='line_1_35' title="bbox 558 3436 2120 3507; baseline -0.001 -12"><span class='ocrx_word' id='word_1_282' title='bbox 558 3445 731 3495; x_wconf 86' lang='lat' dir='ltr'><strong><em>brium</em></strong></span> <span class='ocrx_word' id='word_1_283' title='bbox 765 3442 1054 3502; x_wconf 88' lang='lat' dir='ltr'><strong><em>hominum,</em></strong></span> <span class='ocrx_word' id='word_1_284' title='bbox 1089 3449 1139 3491; x_wconf 90' lang='lat' dir='ltr'><strong><em>et</em></strong></span> <span class='ocrx_word' id='word_1_285' title='bbox 1164 3436 1515 3507; x_wconf 88' lang='lat' dir='ltr'><strong><em>blasphemias</em></strong></span> <span class='ocrx_word' id='word_1_286' title='bbox 1547 3454 1727 3491; x_wconf 89' lang='lat' dir='ltr'><strong><em>eorum</em></strong></span> <span class='ocrx_word' id='word_1_287' title='bbox 1754 3455 1817 3492; x_wconf 91' lang='lat' dir='ltr'><strong><em>ne</em></strong></span> <span class='ocrx_word' id='word_1_288' title='bbox 1851 3440 2120 3494; x_wconf 88' lang='lat' dir='ltr'><strong><em>metuatis.</em></strong></span> 
     </span>
    </p>
   </div>
   <div class='ocr_carea' id='block_1_36' title="bbox 556 3528 2121 3595">
    <p class='ocr_par' dir='ltr' id='par_1_36' title="bbox 556 3528 2121 3595">
     <span class='ocr_line' id='line_1_36' title="bbox 556 3528 2121 3595; baseline -0.001 -8"><span class='ocrx_word' id='word_1_289' title='bbox 556 3534 705 3589; x_wconf 88' lang='lat' dir='ltr'><strong><em>Sicut</em></strong></span> <span class='ocrx_word' id='word_1_290' title='bbox 748 3533 885 3586; x_wconf 89' lang='lat' dir='ltr'><strong><em>enim</em></strong></span> <span class='ocrx_word' id='word_1_291' title='bbox 924 3531 1308 3593; x_wconf 87' lang='lat' dir='ltr'><strong><em>vestimentum,</em></strong></span> <span class='ocrx_word' id='word_1_292' title='bbox 1346 3529 1423 3581; x_wconf 92' lang='lat' dir='ltr'><strong><em>sic</em></strong></span> <span class='ocrx_word' id='word_1_293' title='bbox 1446 3528 1678 3583; x_wconf 84' lang='lat' dir='ltr'><strong><em>comedet</em></strong></span> <span class='ocrx_word' id='word_1_294' title='bbox 1711 3548 1795 3585; x_wconf 88' lang='lat' dir='ltr'><strong><em>eos</em></strong></span> <span class='ocrx_word' id='word_1_295' title='bbox 1836 3533 2043 3595; x_wconf 86' lang='lat' dir='ltr'><strong><em>vermis,</em></strong></span> <span class='ocrx_word' id='word_1_296' title='bbox 2074 3543 2121 3586; x_wconf 91' lang='lat' dir='ltr'><strong><em>et</em></strong></span> 
     </span>
    </p>
   </div>
   <div class='ocr_carea' id='block_1_37' title="bbox 556 3621 2123 3695">
    <p class='ocr_par' dir='ltr' id='par_1_37' title="bbox 556 3621 2123 3695">
     <span class='ocr_line' id='line_1_37' title="bbox 556 3621 2123 3695; baseline 0.001 -17"><span class='ocrx_word' id='word_1_297' title='bbox 556 3627 689 3691; x_wconf 79' lang='lat' dir='ltr'><strong><em>sicut</em></strong></span> <span class='ocrx_word' id='word_1_298' title='bbox 722 3625 902 3695; x_wconf 91' lang='lat' dir='ltr'><strong><em>lanam</em></strong></span> <span class='ocrx_word' id='word_1_299' title='bbox 928 3624 1003 3676; x_wconf 90' lang='lat' dir='ltr'><strong><em>sic</em></strong></span> <span class='ocrx_word' id='word_1_300' title='bbox 1033 3621 1302 3675; x_wconf 87' lang='lat' dir='ltr'><strong><em>devorabit</em></strong></span> <span class='ocrx_word' id='word_1_301' title='bbox 1324 3638 1409 3675; x_wconf 82' lang='lat' dir='ltr'><strong><em>eos</em></strong></span> <span class='ocrx_word' id='word_1_302' title='bbox 1440 3622 1596 3675; x_wconf 91' lang='lat' dir='ltr'><strong><em>tinea.</em></strong></span> <span class='ocrx_word' id='word_1_303' title='bbox 1632 3621 1790 3677; x_wconf 90' lang='lat' dir='ltr'><strong><em>Salus</em></strong></span> <span class='ocrx_word' id='word_1_304' title='bbox 1813 3633 1986 3678; x_wconf 90' lang='lat' dir='ltr'><strong><em>autem</em></strong></span> <span class='ocrx_word' id='word_1_305' title='bbox 2010 3642 2123 3679; x_wconf 88' lang='lat' dir='ltr'><strong><em>mea</em></strong></span> 
     </span>
    </p>
   </div>
   <div class='ocr_carea' id='block_1_38' title="bbox 556 3700 2121 3787">
    <p class='ocr_par' dir='ltr' id='par_1_38' title="bbox 556 3700 2121 3787">
     <span class='ocr_line' id='line_1_38' title="bbox 556 3700 2121 3787; baseline 0.001 -15"><span class='ocrx_word' id='word_1_306' title='bbox 556 3720 611 3773; x_wconf 91' lang='lat' dir='ltr'><strong><em>in</em></strong></span> <span class='ocrx_word' id='word_1_307' title='bbox 641 3719 1016 3787; x_wconf 87' lang='lat' dir='ltr'><strong><em>sempiternum</em></strong></span> <span class='ocrx_word' id='word_1_308' title='bbox 1050 3717 1168 3778; x_wconf 88' lang='lat' dir='ltr'><strong><em>erit,</em></strong></span> <span class='ocrx_word' id='word_1_309' title='bbox 1194 3724 1242 3768; x_wconf 91' lang='lat' dir='ltr'><strong><em>et</em></strong></span> <span class='ocrx_word' id='word_1_310' title='bbox 1260 3715 1480 3784; x_wconf 88' lang='lat' dir='ltr'><strong><em>justitia</em></strong></span> <span class='ocrx_word' id='word_1_311' title='bbox 1531 3732 1649 3769; x_wconf 87' lang='lat' dir='ltr'><strong><em>mea</em></strong></span> <span class='ocrx_word' id='word_1_312' title='bbox 1674 3700 1739 3769; x_wconf 35' lang='lat' dir='ltr'><strong><em>&#39;in</em></strong></span> <span class='ocrx_word' id='word_1_313' title='bbox 1765 3719 2121 3787; x_wconf 87' lang='lat' dir='ltr'><strong><em>generationes</em></strong></span> 
     </span>
    </p>
   </div>
   <div class='ocr_carea' id='block_1_39' title="bbox 554 3806 2124 3885">
    <p class='ocr_par' dir='ltr' id='par_1_39' title="bbox 554 3806 2124 3885">
     <span class='ocr_line' id='line_1_39' title="bbox 554 3806 2124 3885; baseline 0.001 -22"><span class='ocrx_word' id='word_1_314' title='bbox 554 3808 1031 3880; x_wconf 72' lang='lat' dir='ltr'><strong><em>generationum“.</em></strong></span> <span class='ocrx_word' id='word_1_315' title='bbox 1060 3806 1126 3859; x_wconf 88' lang='lat' dir='ltr'><strong><em>Et</em></strong></span> <span class='ocrx_word' id='word_1_316' title='bbox 1170 3807 1366 3861; x_wconf 81' lang='lat' dir='ltr'><strong><em>iterum</em></strong></span> <span class='ocrx_word' id='word_1_317' title='bbox 1396 3827 1409 3861; x_wconf 88' lang='lat'><strong>:</strong></span> <span class='ocrx_word' id='word_1_318' title='bbox 1435 3806 1761 3862; x_wconf 83' lang='lat' dir='ltr'><strong><em>Abscondita</em></strong></span> <span class='ocrx_word' id='word_1_319' title='bbox 1787 3818 1866 3865; x_wconf 84' lang='lat' dir='ltr'><strong><em>est</em></strong></span> <span class='ocrx_word' id='word_1_320' title='bbox 1896 3810 1979 3863; x_wconf 88' lang='lat' dir='ltr'><strong><em>via</em></strong></span> <span class='ocrx_word' id='word_1_321' title='bbox 2011 3828 2124 3885; x_wconf 87' lang='lat' dir='ltr'><strong><em>mea</em></strong></span> 
     </span>
    </p>
   </div>
   <div class='ocr_carea' id='block_1_40' title="bbox 556 3898 2119 3967">
    <p class='ocr_par' dir='ltr' id='par_1_40' title="bbox 556 3898 2119 3967">
     <span class='ocr_line' id='line_1_40' title="bbox 556 3898 2119 3967; baseline 0.001 -13"><span class='ocrx_word' id='word_1_322' title='bbox 556 3919 591 3954; x_wconf 94' lang='lat' dir='ltr'><strong><em>a</em></strong></span> <span class='ocrx_word' id='word_1_323' title='bbox 618 3900 865 3967; x_wconf 88' lang='lat' dir='ltr'><strong><em>Domino,</em></strong></span> <span class='ocrx_word' id='word_1_324' title='bbox 895 3909 945 3953; x_wconf 88' lang='lat' dir='ltr'><strong><em>et</em></strong></span> <span class='ocrx_word' id='word_1_325' title='bbox 979 3917 1011 3952; x_wconf 92' lang='lat' dir='ltr'><strong><em>a</em></strong></span> <span class='ocrx_word' id='word_1_326' title='bbox 1040 3898 1149 3953; x_wconf 90' lang='lat' dir='ltr'><strong><em>Deo</em></strong></span> <span class='ocrx_word' id='word_1_327' title='bbox 1195 3916 1307 3953; x_wconf 91' lang='lat' dir='ltr'><strong><em>meo</em></strong></span> <span class='ocrx_word' id='word_1_328' title='bbox 1351 3898 1617 3967; x_wconf 86' lang='lat' dir='ltr'><strong><em>judicium</em></strong></span> <span class='ocrx_word' id='word_1_329' title='bbox 1652 3916 1823 3953; x_wconf 87' lang='lat' dir='ltr'><strong><em>meum</em></strong></span> <span class='ocrx_word' id='word_1_330' title='bbox 1853 3903 2119 3956; x_wconf 87' lang='lat' dir='ltr'><strong><em>transivit.</em></strong></span> 
     </span>
    </p>
   </div>
   <div class='ocr_carea' id='block_1_41' title="bbox 557 3992 2123 4071">
    <p class='ocr_par' dir='ltr' id='par_1_41' title="bbox 557 3992 2123 4065">
     <span class='ocr_line' id='line_1_41' title="bbox 557 3992 2123 4065; baseline 0.001 -18"><span class='ocrx_word' id='word_1_331' title='bbox 557 3992 812 4065; x_wconf 83' lang='lat' dir='ltr'><strong><em>Nunquid</em></strong></span> <span class='ocrx_word' id='word_1_332' title='bbox 841 3993 1031 4057; x_wconf 89' lang='lat' dir='ltr'><strong><em>nescis,</em></strong></span> <span class='ocrx_word' id='word_1_333' title='bbox 1068 4000 1158 4045; x_wconf 88' lang='lat' dir='ltr'><strong><em>aut</em></strong></span> <span class='ocrx_word' id='word_1_334' title='bbox 1188 4010 1289 4046; x_wconf 94' lang='lat' dir='ltr'><strong><em>non</em></strong></span> <span class='ocrx_word' id='word_1_335' title='bbox 1320 3993 1557 4047; x_wconf 87' lang='lat' dir='ltr'><strong><em>audisti?</em></strong></span> <span class='ocrx_word' id='word_1_336' title='bbox 1589 3992 1749 4057; x_wconf 89' lang='lat' dir='ltr'><strong><em>Deus,</em></strong></span> <span class='ocrx_word' id='word_1_337' title='bbox 1778 3995 2123 4061; x_wconf 88' lang='lat' dir='ltr'><strong><em>sempiternus</em></strong></span> 
     </span>
    </p>
   </div>
   <div class='ocr_carea' id='block_1_42' title="bbox 556 4087 2121 4158">
    <p class='ocr_par' dir='ltr' id='par_1_42' title="bbox 556 4087 2121 4158">
     <span class='ocr_line' id='line_1_42' title="bbox 556 4087 2121 4158; baseline -0.001 -16"><span class='ocrx_word' id='word_1_338' title='bbox 556 4088 836 4151; x_wconf 85' lang='lat' dir='ltr'><strong><em>Dominus,</em></strong></span> <span class='ocrx_word' id='word_1_339' title='bbox 873 4088 963 4158; x_wconf 88' lang='lat' dir='ltr'><strong><em>qui</em></strong></span> <span class='ocrx_word' id='word_1_340' title='bbox 1000 4088 1195 4140; x_wconf 89' lang='lat' dir='ltr'><strong><em>creavit</em></strong></span> <span class='ocrx_word' id='word_1_341' title='bbox 1245 4087 1493 4139; x_wconf 87' lang='lat' dir='ltr'><strong><em>terminos</em></strong></span> <span class='ocrx_word' id='word_1_342' title='bbox 1541 4096 1713 4151; x_wconf 71' lang='lat' dir='ltr'><strong><em>terraz,</em></strong></span> <span class='ocrx_word' id='word_1_343' title='bbox 1747 4104 1849 4140; x_wconf 89' lang='lat' dir='ltr'><strong><em>non</em></strong></span> <span class='ocrx_word' id='word_1_344' title='bbox 1894 4087 2121 4155; x_wconf 88' lang='lat' dir='ltr'><strong><em>deﬁciet,</em></strong></span> 
     </span>
    </p>
   </div>
   <div class='ocr_carea' id='block_1_43' title="bbox 555 4177 2121 4250">
    <p class='ocr_par' dir='ltr' id='par_1_43' title="bbox 555 4177 2121 4250">
     <span class='ocr_line' id='line_1_43' title="bbox 555 4177 2121 4250; baseline 0.002 -16"><span class='ocrx_word' id='word_1_345' title='bbox 555 4196 717 4250; x_wconf 86' lang='lat' dir='ltr'><strong><em>neque</em></strong></span> <span class='ocrx_word' id='word_1_346' title='bbox 749 4177 1032 4242; x_wconf 88' lang='lat' dir='ltr'><strong><em>laborabit,</em></strong></span> <span class='ocrx_word' id='word_1_347' title='bbox 1065 4194 1157 4231; x_wconf 89' lang='lat' dir='ltr'><strong><em>nec</em></strong></span> <span class='ocrx_word' id='word_1_348' title='bbox 1191 4187 1268 4231; x_wconf 86' lang='lat' dir='ltr'><strong><em>est</em></strong></span> <span class='ocrx_word' id='word_1_349' title='bbox 1304 4179 1634 4248; x_wconf 84' lang='lat' dir='ltr'><strong><em>investigatio</em></strong></span> <span class='ocrx_word' id='word_1_350' title='bbox 1684 4182 1959 4249; x_wconf 78' lang='lat' dir='ltr'><strong><em>sapientia:</em></strong></span> <span class='ocrx_word' id='word_1_351' title='bbox 1986 4183 2121 4250; x_wconf 84' lang='lat' dir='ltr'><strong><em>ejus.</em></strong></span> 
     </span>
    </p>
   </div>
   <div class='ocr_carea' id='block_1_44' title="bbox 557 4269 2125 4341">
    <p class='ocr_par' dir='ltr' id='par_1_44' title="bbox 557 4269 2125 4341">
     <span class='ocr_line' id='line_1_44' title="bbox 557 4269 2125 4341; baseline 0.003 -18"><span class='ocrx_word' id='word_1_352' title='bbox 557 4272 662 4339; x_wconf 82' lang='lat' dir='ltr'><strong><em>Qui</em></strong></span> <span class='ocrx_word' id='word_1_353' title='bbox 691 4270 784 4323; x_wconf 89' lang='lat' dir='ltr'><strong><em>dat</em></strong></span> <span class='ocrx_word' id='word_1_354' title='bbox 826 4271 967 4324; x_wconf 85' lang='lat' dir='ltr'><strong><em>lasso</em></strong></span> <span class='ocrx_word' id='word_1_355' title='bbox 998 4271 1262 4333; x_wconf 87' lang='lat' dir='ltr'><strong><em>virtutem,</em></strong></span> <span class='ocrx_word' id='word_1_356' title='bbox 1288 4280 1337 4323; x_wconf 89' lang='lat' dir='ltr'><strong><em>et</em></strong></span> <span class='ocrx_word' id='word_1_357' title='bbox 1368 4269 1447 4323; x_wconf 85' lang='lat' dir='ltr'><strong><em>his</em></strong></span> <span class='ocrx_word' id='word_1_358' title='bbox 1471 4271 1558 4340; x_wconf 88' lang='lat' dir='ltr'><strong><em>qui</em></strong></span> <span class='ocrx_word' id='word_1_359' title='bbox 1606 4288 1709 4324; x_wconf 89' lang='lat' dir='ltr'><strong><em>non</em></strong></span> <span class='ocrx_word' id='word_1_360' title='bbox 1735 4282 1877 4337; x_wconf 88' lang='lat' dir='ltr'><strong><em>sunt,</em></strong></span> <span class='ocrx_word' id='word_1_361' title='bbox 1909 4274 2125 4341; x_wconf 77' lang='lat' dir='ltr'><strong><em>fortitu-</em></strong></span> 
     </span>
    </p>
   </div>
   <div class='ocr_carea' id='block_1_45' title="bbox 556 4361 2126 4443">
    <p class='ocr_par' dir='ltr' id='par_1_45' title="bbox 556 4361 2126 4443">
     <span class='ocr_line' id='line_1_45' title="bbox 556 4361 2126 4443; baseline 0.003 -26"><span class='ocrx_word' id='word_1_362' title='bbox 556 4364 732 4443; x_wconf 84' lang='lat' dir='ltr'><strong><em>dinem</em></strong></span> <span class='ocrx_word' id='word_1_363' title='bbox 751 4373 799 4417; x_wconf 91' lang='lat' dir='ltr'><strong><em>et</em></strong></span> <span class='ocrx_word' id='word_1_364' title='bbox 827 4364 991 4417; x_wconf 91' lang='lat' dir='ltr'><strong><em>robur</em></strong></span> <span class='ocrx_word' id='word_1_365' title='bbox 1008 4364 1352 4432; x_wconf 89' lang='lat' dir='ltr'><strong><em>multiplicat.</em></strong></span> <span class='ocrx_word' id='word_1_366' title='bbox 1376 4362 1637 4443; x_wconf 76' lang='lat' dir='ltr'><strong><em>Deﬁcient</em></strong></span> <span class='ocrx_word' id='word_1_367' title='bbox 1660 4365 1808 4433; x_wconf 90' lang='lat' dir='ltr'><strong><em>pueri</em></strong></span> <span class='ocrx_word' id='word_1_368' title='bbox 1837 4375 1885 4419; x_wconf 87' lang='lat' dir='ltr'><strong><em>et</em></strong></span> <span class='ocrx_word' id='word_1_369' title='bbox 1912 4361 2126 4441; x_wconf 77' lang='lat' dir='ltr'><strong><em>labora-</em></strong></span> 
     </span>
    </p>
   </div>
   <div class='ocr_carea' id='block_1_46' title="bbox 556 4457 2122 4526">
    <p class='ocr_par' dir='ltr' id='par_1_46' title="bbox 556 4457 2122 4526">
     <span class='ocr_line' id='line_1_46' title="bbox 556 4457 2122 4526; baseline 0.004 -17"><span class='ocrx_word' id='word_1_370' title='bbox 556 4457 708 4523; x_wconf 89' lang='lat' dir='ltr'><strong><em>bunt,</em></strong></span> <span class='ocrx_word' id='word_1_371' title='bbox 736 4468 783 4511; x_wconf 91' lang='lat' dir='ltr'><strong><em>et</em></strong></span> <span class='ocrx_word' id='word_1_372' title='bbox 807 4457 1022 4526; x_wconf 85' lang='lat' dir='ltr'><strong><em>juvenes</em></strong></span> <span class='ocrx_word' id='word_1_373' title='bbox 1055 4457 1110 4509; x_wconf 92' lang='lat' dir='ltr'><strong><em>in</em></strong></span> <span class='ocrx_word' id='word_1_374' title='bbox 1165 4458 1482 4525; x_wconf 90' lang='lat' dir='ltr'><strong><em>inﬁrmitate</em></strong></span> <span class='ocrx_word' id='word_1_375' title='bbox 1534 4457 1742 4513; x_wconf 85' lang='lat' dir='ltr'><strong><em>cadent.</em></strong></span> <span class='ocrx_word' id='word_1_376' title='bbox 1801 4458 1904 4525; x_wconf 83' lang='lat' dir='ltr'><strong><em>Qui</em></strong></span> <span class='ocrx_word' id='word_1_377' title='bbox 1949 4472 2122 4515; x_wconf 90' lang='lat' dir='ltr'><strong><em>autem</em></strong></span> 
     </span>
    </p>
   </div>
   <div class='ocr_carea' id='block_1_47' title="bbox 556 4549 2125 4619">
    <p class='ocr_par' dir='ltr' id='par_1_47' title="bbox 556 4549 2125 4619">
     <span class='ocr_line' id='line_1_47' title="bbox 556 4549 2125 4619; baseline 0.003 -15"><span class='ocrx_word' id='word_1_378' title='bbox 556 4560 766 4617; x_wconf 83' lang='lat' dir='ltr'><strong><em>sperant</em></strong></span> <span class='ocrx_word' id='word_1_379' title='bbox 798 4550 853 4603; x_wconf 94' lang='lat' dir='ltr'><strong><em>in</em></strong></span> <span class='ocrx_word' id='word_1_380' title='bbox 888 4549 1133 4615; x_wconf 89' lang='lat' dir='ltr'><strong><em>Domino,</em></strong></span> <span class='ocrx_word' id='word_1_381' title='bbox 1191 4550 1471 4603; x_wconf 90' lang='lat' dir='ltr'><strong><em>mutabunt</em></strong></span> <span class='ocrx_word' id='word_1_382' title='bbox 1520 4551 1889 4619; x_wconf 68' lang='lat' dir='ltr'><strong><em>fortitudinem</em></strong></span> <span class='ocrx_word' id='word_1_383' title='bbox 1920 4574 1939 4609; x_wconf 91' lang='grc'><strong><em>.·</em></strong></span> <span class='ocrx_word' id='word_1_384' title='bbox 1971 4572 2125 4609; x_wconf 87' lang='lat' dir='ltr'><strong><em>assu-</em></strong></span> 
     </span>
    </p>
   </div>
   <div class='ocr_carea' id='block_1_48' title="bbox 557 4643 2123 4711">
    <p class='ocr_par' dir='ltr' id='par_1_48' title="bbox 557 4643 2123 4711">
     <span class='ocr_line' id='line_1_48' title="bbox 557 4643 2123 4711; baseline 0.005 -17"><span class='ocrx_word' id='word_1_385' title='bbox 557 4650 697 4694; x_wconf 86' lang='lat' dir='ltr'><strong><em>ment</em></strong></span> <span class='ocrx_word' id='word_1_386' title='bbox 724 4657 920 4709; x_wconf 85' lang='lat' dir='ltr'><strong><em>pennas</em></strong></span> <span class='ocrx_word' id='word_1_387' title='bbox 954 4644 1089 4695; x_wconf 86' lang='lat' dir='ltr'><strong><em>sicut</em></strong></span> <span class='ocrx_word' id='word_1_388' title='bbox 1141 4643 1630 4711; x_wconf 79' lang='lat' dir='ltr'><strong><em>aquilw:current,</em></strong></span> <span class='ocrx_word' id='word_1_389' title='bbox 1680 4654 1730 4697; x_wconf 89' lang='lat' dir='ltr'><strong><em>et</em></strong></span> <span class='ocrx_word' id='word_1_390' title='bbox 1780 4662 1883 4699; x_wconf 88' lang='lat' dir='ltr'><strong><em>non</em></strong></span> <span class='ocrx_word' id='word_1_391' title='bbox 1923 4646 2123 4702; x_wconf 90' lang='lat' dir='ltr'><strong><em>labora-</em></strong></span> 
     </span>
    </p>
   </div>
   <div class='ocr_carea' id='block_1_49' title="bbox 558 4719 2126 4811">
    <p class='ocr_par' dir='ltr' id='par_1_49' title="bbox 558 4719 2126 4811">
     <span class='ocr_line' id='line_1_49' title="bbox 558 4719 2126 4811; baseline 0.004 -24"><span class='ocrx_word' id='word_1_392' title='bbox 558 4734 1117 4811; x_wconf 67' lang='lat' dir='ltr'><strong><em>bunltambulabttnl,</em></strong></span> <span class='ocrx_word' id='word_1_393' title='bbox 1173 4744 1221 4787; x_wconf 88' lang='lat' dir='ltr'><strong><em>ct</em></strong></span> <span class='ocrx_word' id='word_1_394' title='bbox 1274 4752 1375 4789; x_wconf 91' lang='lat' dir='ltr'><strong><em>non</em></strong></span> <span class='ocrx_word' id='word_1_395' title='bbox 1420 4719 1658 4803; x_wconf 86' lang='lat' dir='ltr'><strong><em>deﬁcient</em></strong></span> <span class='ocrx_word' id='word_1_396' title='bbox 1682 4736 1748 4791; x_wconf 82' lang='grc'><strong><em>⁸⁸.</em></strong></span> <span class='ocrx_word' id='word_1_397' title='bbox 1798 4733 2027 4793; x_wconf 78' lang='lat' dir='ltr'><strong><em>Taceant</em></strong></span> <span class='ocrx_word' id='word_1_398' title='bbox 2058 4742 2126 4794; x_wconf 92' lang='lat' dir='ltr'><strong><em>ad</em></strong></span> 
     </span>
    </p>
   </div>
   <div class='ocr_carea' id='block_1_50' title="bbox 557 4814 2126 4899">
    <p class='ocr_par' dir='ltr' id='par_1_50' title="bbox 557 4814 2126 4899">
     <span class='ocr_line' id='line_1_50' title="bbox 557 4814 2126 4899; baseline 0.004 -19"><span class='ocrx_word' id='word_1_399' title='bbox 557 4845 639 4899; x_wconf 83' lang='lat' dir='ltr'><strong><em>me</em></strong></span> <span class='ocrx_word' id='word_1_400' title='bbox 662 4829 873 4891; x_wconf 62' lang='lat' dir='ltr'><strong><em>insulae,</em></strong></span> <span class='ocrx_word' id='word_1_401' title='bbox 905 4838 953 4881; x_wconf 91' lang='lat' dir='ltr'><strong><em>et</em></strong></span> <span class='ocrx_word' id='word_1_402' title='bbox 989 4836 1162 4898; x_wconf 88' lang='lat' dir='ltr'><strong><em>gentes</em></strong></span> <span class='ocrx_word' id='word_1_403' title='bbox 1196 4838 1391 4881; x_wconf 86' lang='lat' dir='ltr'><strong><em>mutent</em></strong></span> <span class='ocrx_word' id='word_1_404' title='bbox 1422 4814 1807 4897; x_wconf 80' lang='lat' dir='ltr'><strong><em>fortitudinem.</em></strong></span> <span class='ocrx_word' id='word_1_405' title='bbox 1842 4831 2126 4898; x_wconf 79' lang='lat' dir='ltr'><strong><em>Accedant,</em></strong></span> 
     </span>
    </p>
   </div>
   <div class='ocr_carea' id='block_1_51' title="bbox 554 4919 2127 4998">
    <p class='ocr_par' dir='ltr' id='par_1_51' title="bbox 554 4919 2127 4998">
     <span class='ocr_line' id='line_1_51' title="bbox 554 4919 2127 4998; baseline 0.004 -26"><span class='ocrx_word' id='word_1_406' title='bbox 554 4929 603 4987; x_wconf 82' lang='lat' dir='ltr'><strong><em>et</em></strong></span> <span class='ocrx_word' id='word_1_407' title='bbox 639 4929 757 4998; x_wconf 86' lang='lat' dir='ltr'><strong><em>tunc</em></strong></span> <span class='ocrx_word' id='word_1_408' title='bbox 798 4921 1106 4990; x_wconf 90' lang='lat' dir='ltr'><strong><em>loquantur,</em></strong></span> <span class='ocrx_word' id='word_1_409' title='bbox 1161 4920 1320 4974; x_wconf 87' lang='lat' dir='ltr'><strong><em>simul</em></strong></span> <span class='ocrx_word' id='word_1_410' title='bbox 1370 4919 1437 4973; x_wconf 89' lang='lat' dir='ltr'><strong><em>ad</em></strong></span> <span class='ocrx_word' id='word_1_411' title='bbox 1483 4920 1747 4989; x_wconf 85' lang='lat' dir='ltr'><strong><em>judicium</em></strong></span> <span class='ocrx_word' id='word_1_412' title='bbox 1814 4924 2127 4995; x_wconf 81' lang='lat' dir='ltr'><strong><em>propinque-</em></strong></span> 
     </span>
    </p>
   </div>
   <div class='ocr_carea' id='block_1_52' title="bbox 557 5012 2122 5081">
    <p class='ocr_par' dir='ltr' id='par_1_52' title="bbox 557 5012 2122 5081">
     <span class='ocr_line' id='line_1_52' title="bbox 557 5012 2122 5081; baseline 0.004 -16"><span class='ocrx_word' id='word_1_413' title='bbox 557 5028 674 5065; x_wconf 91' lang='lat' dir='ltr'><strong><em>mus</em></strong></span> <span class='ocrx_word' id='word_1_414' title='bbox 699 5013 764 5067; x_wconf 81' lang='grc'><strong><em>⁸⁸.</em></strong></span> <span class='ocrx_word' id='word_1_415' title='bbox 799 5012 913 5066; x_wconf 87' lang='lat' dir='ltr'><strong><em>Hos</em></strong></span> <span class='ocrx_word' id='word_1_416' title='bbox 944 5020 1124 5066; x_wconf 88' lang='lat' dir='ltr'><strong><em>autem</em></strong></span> <span class='ocrx_word' id='word_1_417' title='bbox 1155 5012 1249 5081; x_wconf 88' lang='lat' dir='ltr'><strong><em>qui</em></strong></span> <span class='ocrx_word' id='word_1_418' title='bbox 1276 5026 1371 5066; x_wconf 89' lang='lat' dir='ltr'><strong><em>eos</em></strong></span> <span class='ocrx_word' id='word_1_419' title='bbox 1402 5020 1605 5077; x_wconf 82' lang='lat' dir='ltr'><strong><em>vetant,</em></strong></span> <span class='ocrx_word' id='word_1_420' title='bbox 1639 5023 1733 5067; x_wconf 90' lang='lat' dir='ltr'><strong><em>aut</em></strong></span> <span class='ocrx_word' id='word_1_421' title='bbox 1762 5030 2013 5069; x_wconf 75' lang='lat' dir='ltr'><strong><em>amovere</em></strong></span> <span class='ocrx_word' id='word_1_422' title='bbox 2039 5018 2122 5071; x_wconf 92' lang='lat' dir='ltr'><strong><em>vel</em></strong></span> 
     </span>
    </p>
   </div>
   <div class='ocr_carea' id='block_1_53' title="bbox 558 5090 2130 5174">
    <p class='ocr_par' dir='ltr' id='par_1_53' title="bbox 558 5090 2130 5174">
     <span class='ocr_line' id='line_1_53' title="bbox 558 5090 2130 5174; baseline 0.003 -17"><span class='ocrx_word' id='word_1_423' title='bbox 558 5090 819 5159; x_wconf 85' lang='lat' dir='ltr'><strong><em>damnare</em></strong></span> <span class='ocrx_word' id='word_1_424' title='bbox 880 5105 1153 5167; x_wconf 90' lang='lat' dir='ltr'><strong><em>nituntur,</em></strong></span> <span class='ocrx_word' id='word_1_425' title='bbox 1219 5090 1481 5157; x_wconf 75' lang='lat' dir='ltr'><strong><em>Dominus</em></strong></span> <span class='ocrx_word' id='word_1_426' title='bbox 1528 5120 1625 5173; x_wconf 84' lang='lat' dir='ltr'><strong><em>per</em></strong></span> <span class='ocrx_word' id='word_1_427' title='bbox 1672 5094 1988 5174; x_wconf 78' lang='lat' dir='ltr'><strong><em>prephetam</em></strong></span> <span class='ocrx_word' id='word_1_428' title='bbox 2032 5110 2130 5162; x_wconf 92' lang='lat' dir='ltr'><strong><em>da-</em></strong></span> 
     </span>
    </p>
   </div>
   <div class='ocr_carea' id='block_1_54' title="bbox 557 5184 2125 5266">
    <p class='ocr_par' dir='ltr' id='par_1_54' title="bbox 557 5184 2125 5266">
     <span class='ocr_line' id='line_1_54' title="bbox 557 5184 2125 5266; baseline 0.005 -19"><span class='ocrx_word' id='word_1_429' title='bbox 557 5184 1046 5266; x_wconf 71' lang='lat' dir='ltr'><strong><em>mnat&quot;,etu$que</em></strong></span> <span class='ocrx_word' id='word_1_430' title='bbox 1078 5197 1141 5250; x_wconf 87' lang='lat' dir='ltr'><strong><em>ad</em></strong></span> <span class='ocrx_word' id='word_1_431' title='bbox 1169 5195 1597 5250; x_wconf 80' lang='lat' dir='ltr'><strong><em>satisfactionem</em></strong></span> <span class='ocrx_word' id='word_1_432' title='bbox 1627 5213 1813 5251; x_wconf 87' lang='lat' dir='ltr'><strong><em>eorum</em></strong></span> <span class='ocrx_word' id='word_1_433' title='bbox 1845 5206 1898 5253; x_wconf 86' lang='lat' dir='ltr'><strong><em>et</em></strong></span> <span class='ocrx_word' id='word_1_434' title='bbox 1938 5201 2125 5255; x_wconf 85' lang='lat' dir='ltr'><strong><em>Eccle-</em></strong></span> 
     </span>
    </p>
   </div>
   <div class='ocr_carea' id='block_1_55' title="bbox 557 5280 2123 5364">
    <p class='ocr_par' dir='ltr' id='par_1_55' title="bbox 557 5280 2123 5364">
     <span class='ocr_line' id='line_1_55' title="bbox 557 5280 2123 5364; baseline 0.005 -23"><span class='ocrx_word' id='word_1_435' title='bbox 557 5289 651 5343; x_wconf 78' lang='lat' dir='ltr'><strong><em>sia:</em></strong></span> <span class='ocrx_word' id='word_1_436' title='bbox 702 5290 986 5343; x_wconf 87' lang='lat' dir='ltr'><strong><em>damnatos</em></strong></span> <span class='ocrx_word' id='word_1_437' title='bbox 1033 5306 1154 5344; x_wconf 66' lang='lat' dir='ltr'><strong><em>esse</em></strong></span> <span class='ocrx_word' id='word_1_438' title='bbox 1210 5280 1468 5352; x_wconf 86' lang='lat' dir='ltr'><strong><em>docebat,</em></strong></span> <span class='ocrx_word' id='word_1_439' title='bbox 1500 5290 1590 5344; x_wconf 89' lang='lat' dir='ltr'><strong><em>ubi</em></strong></span> <span class='ocrx_word' id='word_1_440' title='bbox 1627 5291 1702 5343; x_wconf 87' lang='lat' dir='ltr'><strong><em>ait</em></strong></span> <span class='ocrx_word' id='word_1_441' title='bbox 1732 5307 1743 5342; x_wconf 95' lang='lat'>:</span> <span class='ocrx_word' id='word_1_442' title='bbox 1774 5292 1929 5345; x_wconf 85' lang='lat' dir='ltr'><strong><em>Talia</em></strong></span> <span class='ocrx_word' id='word_1_443' title='bbox 1960 5294 2123 5364; x_wconf 70' lang='lat' dir='ltr'><strong><em>elegeo</em></strong></span> 
     </span>
    </p>
   </div>
   <div class='ocr_carea' id='block_1_56' title="bbox 556 5382 2120 5447">
    <p class='ocr_par' dir='ltr' id='par_1_56' title="bbox 556 5382 2120 5447">
     <span class='ocr_line' id='line_1_56' title="bbox 556 5382 2120 5447; baseline 0.006 -15"><span class='ocrx_word' id='word_1_444' title='bbox 556 5391 677 5434; x_wconf 67' lang='lat' dir='ltr'><strong><em>sunt</em></strong></span> <span class='ocrx_word' id='word_1_445' title='bbox 730 5384 783 5435; x_wconf 92' lang='lat' dir='ltr'><strong><em>in</em></strong></span> <span class='ocrx_word' id='word_1_446' title='bbox 845 5383 940 5438; x_wconf 85' lang='lat' dir='ltr'><strong><em>viis</em></strong></span> <span class='ocrx_word' id='word_1_447' title='bbox 977 5383 1110 5447; x_wconf 88' lang='lat' dir='ltr'><strong><em>suis,</em></strong></span> <span class='ocrx_word' id='word_1_448' title='bbox 1143 5392 1193 5437; x_wconf 87' lang='lat' dir='ltr'><strong><em>et</em></strong></span> <span class='ocrx_word' id='word_1_449' title='bbox 1242 5382 1725 5438; x_wconf 87' lang='lat' dir='ltr'><strong><em>abominationibus</em></strong></span> <span class='ocrx_word' id='word_1_450' title='bbox 1774 5387 1883 5439; x_wconf 89' lang='lat' dir='ltr'><strong><em>suis</em></strong></span> <span class='ocrx_word' id='word_1_451' title='bbox 1940 5390 2120 5443; x_wconf 89' lang='lat' dir='ltr'><strong><em>anima</em></strong></span> 
     </span>
    </p>
   </div>
   <div class='ocr_carea' id='block_1_57' title="bbox 622 5555 1256 5632">
    <p class='ocr_par' dir='ltr' id='par_1_57' title="bbox 622 5555 1256 5632">
     <span class='ocr_line' id='line_1_57' title="bbox 622 5555 1256 5632; baseline 0.008 -19"><span class='ocrx_word' id='word_1_452' title='bbox 622 5564 664 5592; x_wconf 75' lang='grc'><strong><em>⁸⁸</em></strong></span> <span class='ocrx_word' id='word_1_453' title='bbox 690 5555 818 5617; x_wconf 78' lang='lat' dir='ltr'><strong><em>Isai.</em></strong></span> <span class='ocrx_word' id='word_1_454' title='bbox 856 5579 965 5621; x_wconf 83' lang='lat' dir='ltr'><strong><em>th.</em></strong></span> <span class='ocrx_word' id='word_1_455' title='bbox 995 5563 1027 5617; x_wconf 84' lang='lat'><strong>6</strong></span> <span class='ocrx_word' id='word_1_456' title='bbox 1058 5572 1112 5617; x_wconf 90' lang='lat' dir='ltr'><strong><em>et</em></strong></span> <span class='ocrx_word' id='word_1_457' title='bbox 1141 5580 1256 5632; x_wconf 85' lang='lat' dir='ltr'><strong><em>seq.</em></strong></span> 
     </span>
    </p>
   </div>
   <div class='ocr_carea' id='block_1_58' title="bbox 558 5631 853 5691">
    <p class='ocr_par' dir='ltr' id='par_1_58' title="bbox 558 5631 853 5691">
     <span class='ocr_line' id='line_1_58' title="bbox 558 5631 853 5691; baseline 0.007 -8"><span class='ocrx_word' id='word_1_458' title='bbox 558 5631 686 5683; x_wconf 78' lang='lat' dir='ltr'><strong><em>Dant</em></strong></span> <span class='ocrx_word' id='word_1_459' title='bbox 698 5675 710 5687; x_wconf 92' lang='lat'><strong><em>.</em></strong></span> <span class='ocrx_word' id='word_1_460' title='bbox 722 5674 734 5691; x_wconf 86' lang='lat'><strong><em>.</em></strong></span> <span class='ocrx_word' id='word_1_461' title='bbox 750 5643 853 5687; x_wconf 76' lang='lat' dir='ltr'><strong><em>etc.</em></strong></span> 
     </span>
    </p>
   </div>
   <div class='ocr_carea' id='block_1_59' title="bbox 558 5704 1821 5771">
    <p class='ocr_par' dir='ltr' id='par_1_59' title="bbox 558 5704 1821 5771">
     <span class='ocr_line' id='line_1_59' title="bbox 558 5704 1821 5771; baseline 0.003 -18"><span class='ocrx_word' id='word_1_462' title='bbox 558 5704 754 5754; x_wconf 84' lang='lat' dir='ltr'><strong><em>minum</em></strong></span> <span class='ocrx_word' id='word_1_463' title='bbox 788 5704 1062 5771; x_wconf 87' lang='lat' dir='ltr'><strong><em>damnare.</em></strong></span> <span class='ocrx_word' id='word_1_464' title='bbox 1172 5705 1217 5735; x_wconf 81' lang='grc'><strong><em>⁸⁸</em></strong></span> <span class='ocrx_word' id='word_1_465' title='bbox 1241 5705 1361 5758; x_wconf 84' lang='lat' dir='ltr'><strong><em>lsai.</em></strong></span> <span class='ocrx_word' id='word_1_466' title='bbox 1395 5719 1539 5761; x_wconf 67' lang='grc' dir='ltr'>ιιι-ι.</span> <span class='ocrx_word' id='word_1_467' title='bbox 1572 5704 1605 5756; x_wconf 79' lang='lat'><strong><em>&#39;5</em></strong></span> <span class='ocrx_word' id='word_1_468' title='bbox 1632 5709 1686 5755; x_wconf 86' lang='lat' dir='ltr'><strong><em>ct</em></strong></span> <span class='ocrx_word' id='word_1_469' title='bbox 1707 5719 1821 5771; x_wconf 81' lang='lat' dir='ltr'><strong><em>seq.</em></strong></span> 
     </span>
    </p>
   </div>
   <div class='ocr_carea' id='block_1_60' title="bbox 550 5770 2116 5842">
    <p class='ocr_par' dir='ltr' id='par_1_60' title="bbox 550 5770 2116 5842">
     <span class='ocr_line' id='line_1_60' title="bbox 550 5770 2116 5842; baseline 0.004 -19"><span class='ocrx_word' id='word_1_470' title='bbox 550 5772 601 5802; x_wconf 66' lang='grc' dir='ltr'><strong><em>θ’</em></strong></span> <span class='ocrx_word' id='word_1_471' title='bbox 630 5788 689 5832; x_wconf 86' lang='grc' dir='ltr'>ιι,</span> <span class='ocrx_word' id='word_1_472' title='bbox 712 5790 767 5842; x_wconf 86' lang='lat' dir='ltr'><strong><em>q.</em></strong></span> <span class='ocrx_word' id='word_1_473' title='bbox 794 5774 849 5833; x_wconf 83' lang='lat'><strong><em>5,</em></strong></span> <span class='ocrx_word' id='word_1_474' title='bbox 883 5770 942 5827; x_wconf 89' lang='lat' dir='ltr'><strong><em>Si</em></strong></span> <span class='ocrx_word' id='word_1_475' title='bbox 972 5783 1145 5827; x_wconf 84' lang='lat' dir='ltr'><strong><em>autem</em></strong></span> <span class='ocrx_word' id='word_1_476' title='bbox 1178 5774 1340 5829; x_wconf 82' lang='lat' dir='ltr'><strong><em>vobis.</em></strong></span> <span class='ocrx_word' id='word_1_477' title='bbox 1417 5775 1461 5807; x_wconf 84' lang='lat'><strong>&quot;</strong></span> <span class='ocrx_word' id='word_1_478' title='bbox 1484 5772 1577 5842; x_wconf 71' lang='lat' dir='ltr'><strong><em>De</em></strong></span> <span class='ocrx_word' id='word_1_479' title='bbox 1598 5770 2054 5839; x_wconf 69' lang='lat' dir='ltr'><strong><em>pmnit.distinct.</em></strong></span> <span class='ocrx_word' id='word_1_480' title='bbox 2080 5791 2116 5829; x_wconf 91' lang='grc' dir='ltr'>ι.</span> 
     </span>
    </p>
   </div>
   <div class='ocr_carea' id='block_1_61' title="bbox 556 5840 1787 5913">
    <p class='ocr_par' dir='ltr' id='par_1_61' title="bbox 556 5840 1787 5913">
     <span class='ocr_line' id='line_1_61' title="bbox 556 5840 1787 5913; baseline 0.002 -18"><span class='ocrx_word' id='word_1_481' title='bbox 556 5840 775 5913; x_wconf 82' lang='lat' dir='ltr'><strong><em>quidam</em></strong></span> <span class='ocrx_word' id='word_1_482' title='bbox 816 5844 1023 5898; x_wconf 86' lang='lat' dir='ltr'><strong><em>notavit</em></strong></span> <span class='ocrx_word' id='word_1_483' title='bbox 1068 5843 1133 5898; x_wconf 82' lang='lat' dir='ltr'><strong><em>ad</em></strong></span> <span class='ocrx_word' id='word_1_484' title='bbox 1161 5860 1310 5901; x_wconf 89' lang='lat' dir='ltr'><strong><em>oram</em></strong></span> <span class='ocrx_word' id='word_1_485' title='bbox 1338 5846 1390 5899; x_wconf 86' lang='lat' dir='ltr'><strong><em>in</em></strong></span> <span class='ocrx_word' id='word_1_486' title='bbox 1414 5860 1516 5898; x_wconf 87' lang='lat' dir='ltr'><strong><em>ms.</em></strong></span> <span class='ocrx_word' id='word_1_487' title='bbox 1554 5840 1787 5903; x_wconf 80' lang='lat' dir='ltr'><strong><em>Justclli.</em></strong></span> 
     </span>
    </p>
   </div>
   <div class='ocr_carea' id='block_1_62' title="bbox 2191 5772 2739 5836">
    <p class='ocr_par' dir='ltr' id='par_1_62' title="bbox 2191 5772 2739 5836">
     <span class='ocr_line' id='line_1_62' title="bbox 2191 5772 2739 5836; baseline -0.005 -9"><span class='ocrx_word' id='word_1_488' title='bbox 2191 5774 2235 5806; x_wconf 75' lang='lat'>&quot;</span> <span class='ocrx_word' id='word_1_489' title='bbox 2294 5772 2493 5828; x_wconf 81' lang='lat' dir='ltr'><strong><em>lJoan.</em></strong></span> <span class='ocrx_word' id='word_1_490' title='bbox 2532 5789 2614 5836; x_wconf 88' lang='lat' dir='ltr'><strong><em>Ill,</em></strong></span> <span class='ocrx_word' id='word_1_491' title='bbox 2662 5774 2739 5825; x_wconf 74' lang='grc'><strong><em>15.</em></strong></span> 
     </span>
    </p>
   </div>
   <div class='ocr_carea' id='block_1_63' title="bbox 2226 578 3793 649">
    <p class='ocr_par' dir='ltr' id='par_1_63' title="bbox 2226 578 3793 649">
     <span class='ocr_line' id='line_1_63' title="bbox 2226 578 3793 649; baseline 0.005 -19"><span class='ocrx_word' id='word_1_492' title='bbox 2226 594 2427 645; x_wconf 87' lang='lat' dir='ltr'><strong><em>eorum,</em></strong></span> <span class='ocrx_word' id='word_1_493' title='bbox 2462 589 2512 633; x_wconf 90' lang='lat' dir='ltr'><strong><em>et</em></strong></span> <span class='ocrx_word' id='word_1_494' title='bbox 2541 579 2937 632; x_wconf 84' lang='lat' dir='ltr'><strong><em>damnationem</em></strong></span> <span class='ocrx_word' id='word_1_495' title='bbox 2969 578 3232 632; x_wconf 88' lang='lat' dir='ltr'><strong><em>adducam</em></strong></span> <span class='ocrx_word' id='word_1_496' title='bbox 3276 580 3388 644; x_wconf 89' lang='lat' dir='ltr'><strong><em>eis;</em></strong></span> <span class='ocrx_word' id='word_1_497' title='bbox 3411 580 3535 649; x_wconf 92' lang='lat' dir='ltr'><strong><em>quia</em></strong></span> <span class='ocrx_word' id='word_1_498' title='bbox 3588 580 3793 638; x_wconf 90' lang='lat' dir='ltr'><strong><em>locutus</em></strong></span> 
     </span>
    </p>
   </div>
   <div class='ocr_carea' id='block_1_64' title="bbox 2226 671 3796 743">
    <p class='ocr_par' dir='ltr' id='par_1_64' title="bbox 2226 671 3796 743">
     <span class='ocr_line' id='line_1_64' title="bbox 2226 671 3796 743; baseline 0.003 -17"><span class='ocrx_word' id='word_1_499' title='bbox 2226 688 2345 726; x_wconf 90' lang='lat' dir='ltr'><strong><em>sum</em></strong></span> <span class='ocrx_word' id='word_1_500' title='bbox 2392 673 2493 738; x_wconf 91' lang='lat' dir='ltr'><strong><em>eis,</em></strong></span> <span class='ocrx_word' id='word_1_501' title='bbox 2532 680 2582 725; x_wconf 90' lang='lat' dir='ltr'><strong><em>et</em></strong></span> <span class='ocrx_word' id='word_1_502' title='bbox 2615 688 2719 725; x_wconf 90' lang='lat' dir='ltr'><strong><em>non</em></strong></span> <span class='ocrx_word' id='word_1_503' title='bbox 2762 672 3088 725; x_wconf 84' lang='lat' dir='ltr'><strong><em>audierunt:</em></strong></span> <span class='ocrx_word' id='word_1_504' title='bbox 3121 671 3453 743; x_wconf 80' lang='lat' dir='ltr'><strong><em>feceruntque</em></strong></span> <span class='ocrx_word' id='word_1_505' title='bbox 3504 674 3705 728; x_wconf 91' lang='lat' dir='ltr'><strong><em>malum</em></strong></span> <span class='ocrx_word' id='word_1_506' title='bbox 3741 678 3796 731; x_wconf 86' lang='lat' dir='ltr'><strong><em>in</em></strong></span> 
     </span>
    </p>
   </div>
   <div class='ocr_carea' id='block_1_65' title="bbox 2229 763 3796 834">
    <p class='ocr_par' dir='ltr' id='par_1_65' title="bbox 2229 763 3796 834">
     <span class='ocr_line' id='line_1_65' title="bbox 2229 763 3796 834; baseline 0.003 -17"><span class='ocrx_word' id='word_1_507' title='bbox 2229 764 2396 817; x_wconf 91' lang='lat' dir='ltr'><strong><em>oculis</em></strong></span> <span class='ocrx_word' id='word_1_508' title='bbox 2428 766 2579 831; x_wconf 89' lang='lat' dir='ltr'><strong><em>meis,</em></strong></span> <span class='ocrx_word' id='word_1_509' title='bbox 2612 773 2660 818; x_wconf 92' lang='lat' dir='ltr'><strong><em>et</em></strong></span> <span class='ocrx_word' id='word_1_510' title='bbox 2689 780 2805 834; x_wconf 80' lang='lat' dir='ltr'><strong><em>qute</em></strong></span> <span class='ocrx_word' id='word_1_511' title='bbox 2849 763 3019 829; x_wconf 88' lang='lat' dir='ltr'><strong><em>nolui,</em></strong></span> <span class='ocrx_word' id='word_1_512' title='bbox 3050 763 3333 834; x_wconf 90' lang='lat' dir='ltr'><strong><em>elegerunt.</em></strong></span> <span class='ocrx_word' id='word_1_513' title='bbox 3364 765 3559 821; x_wconf 87' lang='lat' dir='ltr'><strong><em>Audite</em></strong></span> <span class='ocrx_word' id='word_1_514' title='bbox 3586 768 3796 823; x_wconf 88' lang='lat' dir='ltr'><strong><em>verbum</em></strong></span> 
     </span>
    </p>
   </div>
   <div class='ocr_carea' id='block_1_66' title="bbox 2232 855 3796 930">
    <p class='ocr_par' dir='ltr' id='par_1_66' title="bbox 2232 855 3796 930">
     <span class='ocr_line' id='line_1_66' title="bbox 2232 855 3796 930; baseline 0.004 -22"><span class='ocrx_word' id='word_1_515' title='bbox 2232 855 2470 919; x_wconf 89' lang='lat' dir='ltr'><strong><em>Domini,</em></strong></span> <span class='ocrx_word' id='word_1_516' title='bbox 2496 857 2586 925; x_wconf 89' lang='lat' dir='ltr'><strong><em>qui</em></strong></span> <span class='ocrx_word' id='word_1_517' title='bbox 2613 856 2836 909; x_wconf 88' lang='lat' dir='ltr'><strong><em>tremitis</em></strong></span> <span class='ocrx_word' id='word_1_518' title='bbox 2888 855 2955 908; x_wconf 91' lang='lat' dir='ltr'><strong><em>ad</em></strong></span> <span class='ocrx_word' id='word_1_519' title='bbox 3004 856 3211 923; x_wconf 84' lang='lat' dir='ltr'><strong><em>verbum</em></strong></span> <span class='ocrx_word' id='word_1_520' title='bbox 3231 857 3382 925; x_wconf 84' lang='lat' dir='ltr'><strong><em>ejus;</em></strong></span> <span class='ocrx_word' id='word_1_521' title='bbox 3406 857 3651 913; x_wconf 68' lang='lat' dir='ltr'><strong><em>diaerunt</em></strong></span> <span class='ocrx_word' id='word_1_522' title='bbox 3682 861 3796 930; x_wconf 80' lang='lat' dir='ltr'><strong><em>fra-</em></strong></span> 
     </span>
    </p>
   </div>
   <div class='ocr_carea' id='block_1_67' title="bbox 2228 946 3795 1019">
    <p class='ocr_par' dir='ltr' id='par_1_67' title="bbox 2228 946 3795 1019">
     <span class='ocr_line' id='line_1_67' title="bbox 2228 946 3795 1019; baseline 0.005 -20"><span class='ocrx_word' id='word_1_523' title='bbox 2228 957 2332 1002; x_wconf 89' lang='lat' dir='ltr'><strong><em>tres</em></strong></span> <span class='ocrx_word' id='word_1_524' title='bbox 2378 949 2555 1013; x_wconf 89' lang='lat' dir='ltr'><strong><em>vestri,</em></strong></span> <span class='ocrx_word' id='word_1_525' title='bbox 2624 946 2859 1001; x_wconf 90' lang='lat' dir='ltr'><strong><em>odientes</em></strong></span> <span class='ocrx_word' id='word_1_526' title='bbox 2889 964 2999 1011; x_wconf 89' lang='lat' dir='ltr'><strong><em>vos,</em></strong></span> <span class='ocrx_word' id='word_1_527' title='bbox 3031 958 3079 1001; x_wconf 89' lang='lat' dir='ltr'><strong><em>et</em></strong></span> <span class='ocrx_word' id='word_1_528' title='bbox 3132 947 3432 1016; x_wconf 83' lang='lat' dir='ltr'><strong><em>abjicientes</em></strong></span> <span class='ocrx_word' id='word_1_529' title='bbox 3460 962 3669 1019; x_wconf 84' lang='lat' dir='ltr'><strong><em>propter</em></strong></span> <span class='ocrx_word' id='word_1_530' title='bbox 3696 970 3795 1006; x_wconf 90' lang='lat' dir='ltr'><strong><em>no-</em></strong></span> 
     </span>
    </p>
   </div>
   <div class='ocr_carea' id='block_1_68' title="bbox 2229 1038 3796 1109">
    <p class='ocr_par' dir='ltr' id='par_1_68' title="bbox 2229 1038 3796 1109">
     <span class='ocr_line' id='line_1_68' title="bbox 2229 1038 3796 1109; baseline 0.004 -16"><span class='ocrx_word' id='word_1_531' title='bbox 2229 1058 2343 1094; x_wconf 91' lang='lat' dir='ltr'><strong><em>men</em></strong></span> <span class='ocrx_word' id='word_1_532' title='bbox 2373 1056 2542 1107; x_wconf 84' lang='lat' dir='ltr'><strong><em>meum</em></strong></span> <span class='ocrx_word' id='word_1_533' title='bbox 2581 1054 2600 1093; x_wconf 89' lang='lat'><strong><em>:</em></strong></span> <span class='ocrx_word' id='word_1_534' title='bbox 2623 1038 2959 1109; x_wconf 84' lang='lat' dir='ltr'><strong><em>Gloriﬁcetur</em></strong></span> <span class='ocrx_word' id='word_1_535' title='bbox 3006 1040 3282 1105; x_wconf 89' lang='lat' dir='ltr'><strong><em>Dominus,</em></strong></span> <span class='ocrx_word' id='word_1_536' title='bbox 3326 1050 3377 1095; x_wconf 91' lang='lat' dir='ltr'><strong><em>et</em></strong></span> <span class='ocrx_word' id='word_1_537' title='bbox 3414 1042 3699 1097; x_wconf 87' lang='lat' dir='ltr'><strong><em>videbimus</em></strong></span> <span class='ocrx_word' id='word_1_538' title='bbox 3738 1046 3796 1100; x_wconf 84' lang='lat' dir='ltr'><strong><em>in</em></strong></span> 
     </span>
    </p>
   </div>
   <div class='ocr_carea' id='block_1_69' title="bbox 2232 1132 3795 1202">
    <p class='ocr_par' dir='ltr' id='par_1_69' title="bbox 2232 1132 3795 1202">
     <span class='ocr_line' id='line_1_69' title="bbox 2232 1132 3795 1202; baseline 0.002 -15"><span class='ocrx_word' id='word_1_539' title='bbox 2232 1132 2419 1187; x_wconf 77' lang='lat' dir='ltr'><strong><em>lwtitia</em></strong></span> <span class='ocrx_word' id='word_1_540' title='bbox 2443 1141 2636 1196; x_wconf 85' lang='lat' dir='ltr'><strong><em>vestra,</em></strong></span> <span class='ocrx_word' id='word_1_541' title='bbox 2662 1133 2767 1202; x_wconf 91' lang='lat' dir='ltr'><strong><em>ipsi</em></strong></span> <span class='ocrx_word' id='word_1_542' title='bbox 2788 1141 2972 1187; x_wconf 83' lang='lat' dir='ltr'><strong><em>.autem</em></strong></span> <span class='ocrx_word' id='word_1_543' title='bbox 3002 1132 3390 1199; x_wconf 79' lang='lat' dir='ltr'><strong><em>confundentur</em></strong></span> <span class='ocrx_word' id='word_1_544' title='bbox 3404 1133 3469 1188; x_wconf 81' lang='grc'><strong><em>⁸⁸.</em></strong></span> <span class='ocrx_word' id='word_1_545' title='bbox 3502 1134 3620 1189; x_wconf 83' lang='grc' dir='ltr'>Νοιι</span> <span class='ocrx_word' id='word_1_546' title='bbox 3645 1136 3795 1190; x_wconf 89' lang='lat' dir='ltr'><strong><em>enim</em></strong></span> 
     </span>
    </p>
   </div>
   <div class='ocr_carea' id='block_1_70' title="bbox 2229 1224 3793 1295">
    <p class='ocr_par' dir='ltr' id='par_1_70' title="bbox 2229 1224 3793 1295">
     <span class='ocr_line' id='line_1_70' title="bbox 2229 1224 3793 1295; baseline 0.003 -18"><span class='ocrx_word' id='word_1_547' title='bbox 2229 1224 2563 1279; x_wconf 88' lang='lat' dir='ltr'><strong><em>laborabunt</em></strong></span> <span class='ocrx_word' id='word_1_548' title='bbox 2594 1224 2797 1279; x_wconf 89' lang='lat' dir='ltr'><strong><em>frustra</em></strong></span> <span class='ocrx_word' id='word_1_549' title='bbox 2832 1225 2886 1277; x_wconf 91' lang='lat' dir='ltr'><strong><em>in</em></strong></span> <span class='ocrx_word' id='word_1_550' title='bbox 2914 1225 3335 1280; x_wconf 89' lang='lat' dir='ltr'><strong><em>conturbatione</em></strong></span> <span class='ocrx_word' id='word_1_551' title='bbox 3366 1228 3624 1295; x_wconf 68' lang='lat' dir='ltr'><strong><em>praesules</em></strong></span> <span class='ocrx_word' id='word_1_552' title='bbox 3664 1230 3793 1293; x_wconf 89' lang='lat' dir='ltr'><strong><em>mei,</em></strong></span> 
     </span>
    </p>
   </div>
   <div class='ocr_carea' id='block_1_71' title="bbox 2228 1316 3796 1387">
    <p class='ocr_par' dir='ltr' id='par_1_71' title="bbox 2228 1316 3796 1387">
     <span class='ocr_line' id='line_1_71' title="bbox 2228 1316 3796 1387; baseline 0.003 -19"><span class='ocrx_word' id='word_1_553' title='bbox 2228 1318 2357 1382; x_wconf 87' lang='lat' dir='ltr'><strong><em>quia</em></strong></span> <span class='ocrx_word' id='word_1_554' title='bbox 2390 1333 2563 1369; x_wconf 91' lang='lat' dir='ltr'><strong><em>semen</em></strong></span> <span class='ocrx_word' id='word_1_555' title='bbox 2594 1316 2980 1371; x_wconf 87' lang='lat' dir='ltr'><strong><em>benedictorum</em></strong></span> <span class='ocrx_word' id='word_1_556' title='bbox 3002 1318 3216 1372; x_wconf 91' lang='lat' dir='ltr'><strong><em>Domini</em></strong></span> <span class='ocrx_word' id='word_1_557' title='bbox 3239 1327 3333 1372; x_wconf 91' lang='lat' dir='ltr'><strong><em>est.</em></strong></span> <span class='ocrx_word' id='word_1_558' title='bbox 3368 1318 3655 1387; x_wconf 77' lang='lat' dir='ltr'><strong><em>Antequam</em></strong></span> <span class='ocrx_word' id='word_1_559' title='bbox 3680 1321 3796 1373; x_wconf 85' lang='lat' dir='ltr'><strong><em>cla-</em></strong></span> 
     </span>
    </p>
   </div>
   <div class='ocr_carea' id='block_1_72' title="bbox 2229 1409 3798 1482">
    <p class='ocr_par' dir='ltr' id='par_1_72' title="bbox 2229 1409 3798 1482">
     <span class='ocr_line' id='line_1_72' title="bbox 2229 1409 3798 1482; baseline 0.004 -23"><span class='ocrx_word' id='word_1_560' title='bbox 2229 1417 2391 1472; x_wconf 89' lang='lat' dir='ltr'><strong><em>ment,</em></strong></span> <span class='ocrx_word' id='word_1_561' title='bbox 2442 1425 2535 1477; x_wconf 89' lang='lat' dir='ltr'><strong><em>ego</em></strong></span> <span class='ocrx_word' id='word_1_562' title='bbox 2591 1409 2913 1473; x_wconf 77' lang='lat' dir='ltr'><strong><em>exaudiam;</em></strong></span> <span class='ocrx_word' id='word_1_563' title='bbox 2944 1409 3114 1463; x_wconf 89' lang='lat' dir='ltr'><strong><em>adhuc</em></strong></span> <span class='ocrx_word' id='word_1_564' title='bbox 3163 1410 3273 1464; x_wconf 91' lang='lat' dir='ltr'><strong><em>illis</em></strong></span> <span class='ocrx_word' id='word_1_565' title='bbox 3327 1410 3675 1480; x_wconf 87' lang='lat' dir='ltr'><strong><em>loquentibus,</em></strong></span> <span class='ocrx_word' id='word_1_566' title='bbox 3705 1428 3798 1482; x_wconf 89' lang='lat' dir='ltr'><strong><em>ego</em></strong></span> 
     </span>
    </p>
   </div>
   <div class='ocr_carea' id='block_1_73' title="bbox 2231 1500 3798 1571">
    <p class='ocr_par' dir='ltr' id='par_1_73' title="bbox 2231 1500 3798 1571">
     <span class='ocr_line' id='line_1_73' title="bbox 2231 1500 3798 1571; baseline 0.004 -20"><span class='ocrx_word' id='word_1_567' title='bbox 2231 1501 2450 1553; x_wconf 89' lang='lat' dir='ltr'><strong><em>audiam</em></strong></span> <span class='ocrx_word' id='word_1_568' title='bbox 2466 1500 2533 1555; x_wconf 72' lang='grc'><strong><em>⁸³.</em></strong></span> <span class='ocrx_word' id='word_1_569' title='bbox 2566 1500 2646 1553; x_wconf 81' lang='lat' dir='ltr'><strong><em>Ad</em></strong></span> <span class='ocrx_word' id='word_1_570' title='bbox 2681 1501 3095 1571; x_wconf 80' lang='lat' dir='ltr'><strong><em>glorificandum</em></strong></span> <span class='ocrx_word' id='word_1_571' title='bbox 3120 1517 3201 1567; x_wconf 90' lang='lat' dir='ltr'><strong><em>se,</em></strong></span> <span class='ocrx_word' id='word_1_572' title='bbox 3232 1509 3285 1556; x_wconf 91' lang='lat' dir='ltr'><strong><em>et</em></strong></span> <span class='ocrx_word' id='word_1_573' title='bbox 3318 1503 3504 1556; x_wconf 86' lang='lat' dir='ltr'><strong><em>divina</em></strong></span> <span class='ocrx_word' id='word_1_574' title='bbox 3541 1503 3798 1557; x_wconf 88' lang='lat' dir='ltr'><strong><em>mandata</em></strong></span> 
     </span>
    </p>
   </div>
   <div class='ocr_carea' id='block_1_74' title="bbox 2231 1592 3799 1669">
    <p class='ocr_par' dir='ltr' id='par_1_74' title="bbox 2231 1592 3799 1669">
     <span class='ocr_line' id='line_1_74' title="bbox 2231 1592 3799 1669; baseline 0.003 -23"><span class='ocrx_word' id='word_1_575' title='bbox 2231 1592 2555 1647; x_wconf 88' lang='lat' dir='ltr'><strong><em>seminanda</em></strong></span> <span class='ocrx_word' id='word_1_576' title='bbox 2594 1593 3041 1669; x_wconf 72' lang='lat' dir='ltr'><strong><em>evangelizanda,</em></strong></span> <span class='ocrx_word' id='word_1_577' title='bbox 3075 1610 3170 1649; x_wconf 90' lang='lat' dir='ltr'><strong><em>eos</em></strong></span> <span class='ocrx_word' id='word_1_578' title='bbox 3209 1594 3475 1650; x_wconf 91' lang='lat' dir='ltr'><strong><em>Dominus</em></strong></span> <span class='ocrx_word' id='word_1_579' title='bbox 3510 1596 3693 1666; x_wconf 83' lang='lat' dir='ltr'><strong><em>elegit,</em></strong></span> <span class='ocrx_word' id='word_1_580' title='bbox 3741 1606 3799 1651; x_wconf 91' lang='lat' dir='ltr'><strong><em>et</em></strong></span> 
     </span>
    </p>
   </div>
   <div class='ocr_carea' id='block_1_75' title="bbox 2231 1686 3802 1758">
    <p class='ocr_par' dir='ltr' id='par_1_75' title="bbox 2231 1686 3802 1758">
     <span class='ocr_line' id='line_1_75' title="bbox 2231 1686 3802 1758; baseline 0.003 -20"><span class='ocrx_word' id='word_1_581' title='bbox 2231 1702 2341 1740; x_wconf 92' lang='lat' dir='ltr'><strong><em>non</em></strong></span> <span class='ocrx_word' id='word_1_582' title='bbox 2378 1694 2437 1739; x_wconf 91' lang='lat' dir='ltr'><strong><em>ut</em></strong></span> <span class='ocrx_word' id='word_1_583' title='bbox 2480 1686 2897 1755; x_wconf 83' lang='lat' dir='ltr'><strong><em>prohibeantur,</em></strong></span> <span class='ocrx_word' id='word_1_584' title='bbox 2930 1694 3024 1739; x_wconf 90' lang='lat' dir='ltr'><strong><em>aut</em></strong></span> <span class='ocrx_word' id='word_1_585' title='bbox 3077 1688 3489 1757; x_wconf 82' lang='lat' dir='ltr'><strong><em>perturbentur,</em></strong></span> <span class='ocrx_word' id='word_1_586' title='bbox 3548 1703 3802 1758; x_wconf 72' lang='lat' dir='ltr'><strong><em>suggere-</em></strong></span> 
     </span>
    </p>
   </div>
   <div class='ocr_carea' id='block_1_76' title="bbox 2234 1777 3801 1850">
    <p class='ocr_par' dir='ltr' id='par_1_76' title="bbox 2234 1777 3801 1850">
     <span class='ocr_line' id='line_1_76' title="bbox 2234 1777 3801 1850; baseline 0.004 -19"><span class='ocrx_word' id='word_1_587' title='bbox 2234 1777 2361 1843; x_wconf 86' lang='lat' dir='ltr'><strong><em>bat;</em></strong></span> <span class='ocrx_word' id='word_1_588' title='bbox 2394 1779 2718 1848; x_wconf 81' lang='lat' dir='ltr'><strong><em>”quoniam</em></strong></span> <span class='ocrx_word' id='word_1_589' title='bbox 2773 1779 2867 1848; x_wconf 88' lang='lat' dir='ltr'><strong><em>qui</em></strong></span> <span class='ocrx_word' id='word_1_590' title='bbox 2923 1793 3018 1834; x_wconf 88' lang='lat' dir='ltr'><strong><em>eos</em></strong></span> <span class='ocrx_word' id='word_1_591' title='bbox 3060 1779 3224 1843; x_wconf 67' lang='lat' dir='ltr'><strong><em>laedit,</em></strong></span> <span class='ocrx_word' id='word_1_592' title='bbox 3256 1795 3381 1835; x_wconf 89' lang='lat' dir='ltr'><strong><em>eum</em></strong></span> <span class='ocrx_word' id='word_1_593' title='bbox 3435 1779 3599 1843; x_wconf 62' lang='lat' dir='ltr'><strong><em>lmdit,</em></strong></span> <span class='ocrx_word' id='word_1_594' title='bbox 3636 1782 3801 1850; x_wconf 87' lang='lat' dir='ltr'><strong><em>cujus</em></strong></span> 
     </span>
    </p>
   </div>
   <div class='ocr_carea' id='block_1_77' title="bbox 2232 1870 3800 1942">
    <p class='ocr_par' dir='ltr' id='par_1_77' title="bbox 2232 1870 3800 1942">
     <span class='ocr_line' id='line_1_77' title="bbox 2232 1870 3800 1942; baseline 0.004 -18"><span class='ocrx_word' id='word_1_595' title='bbox 2232 1872 2506 1941; x_wconf 76' lang='lat' dir='ltr'><strong><em>legatione</em></strong></span> <span class='ocrx_word' id='word_1_596' title='bbox 2564 1870 2883 1942; x_wconf 79' lang='lat' dir='ltr'><strong><em>funguntur.</em></strong></span> <span class='ocrx_word' id='word_1_597' title='bbox 2940 1870 3243 1929; x_wconf 64' lang='lat' dir='ltr'><strong><em>Praedicare</em></strong></span> <span class='ocrx_word' id='word_1_598' title='bbox 3297 1888 3394 1928; x_wconf 90' lang='lat' dir='ltr'><strong><em>eos</em></strong></span> <span class='ocrx_word' id='word_1_599' title='bbox 3446 1874 3688 1939; x_wconf 88' lang='lat' dir='ltr'><strong><em>assidue,</em></strong></span> <span class='ocrx_word' id='word_1_600' title='bbox 3745 1884 3800 1930; x_wconf 86' lang='lat' dir='ltr'><strong><em>et</em></strong></span> 
     </span>
    </p>
   </div>
   <div class='ocr_carea' id='block_1_78' title="bbox 2231 1963 3801 2022">
    <p class='ocr_par' dir='ltr' id='par_1_78' title="bbox 2231 1963 3801 2022">
     <span class='ocr_line' id='line_1_78' title="bbox 2231 1963 3801 2022; baseline 0.003 -4"><span class='ocrx_word' id='word_1_601' title='bbox 2231 1965 2487 2019; x_wconf 89' lang='lat' dir='ltr'><strong><em>mandata</em></strong></span> <span class='ocrx_word' id='word_1_602' title='bbox 2522 1963 2737 2019; x_wconf 90' lang='lat' dir='ltr'><strong><em>Domini</em></strong></span> <span class='ocrx_word' id='word_1_603' title='bbox 2763 1965 2882 2019; x_wconf 87' lang='lat' dir='ltr'><strong><em>sine</em></strong></span> <span class='ocrx_word' id='word_1_604' title='bbox 2926 1966 3336 2021; x_wconf 85' lang='lat' dir='ltr'><strong><em>intermissione</em></strong></span> <span class='ocrx_word' id='word_1_605' title='bbox 3360 1967 3686 2022; x_wconf 88' lang='lat' dir='ltr'><strong><em>annuntiare</em></strong></span> <span class='ocrx_word' id='word_1_606' title='bbox 3709 1982 3801 2021; x_wconf 86' lang='lat' dir='ltr'><strong><em>ro-</em></strong></span> 
     </span>
    </p>
   </div>
   <div class='ocr_carea' id='block_1_79' title="bbox 2230 2055 3803 2125">
    <p class='ocr_par' dir='ltr' id='par_1_79' title="bbox 2230 2055 3803 2125">
     <span class='ocr_line' id='line_1_79' title="bbox 2230 2055 3803 2125; baseline 0.004 -17"><span class='ocrx_word' id='word_1_607' title='bbox 2230 2056 2410 2124; x_wconf 79' lang='lat' dir='ltr'><strong><em>gabat.</em></strong></span> <span class='ocrx_word' id='word_1_608' title='bbox 2437 2055 2614 2125; x_wconf 86' lang='lat' dir='ltr'><strong><em>Opera</em></strong></span> <span class='ocrx_word' id='word_1_609' title='bbox 2643 2072 2832 2110; x_wconf 89' lang='lat' dir='ltr'><strong><em>eorum</em></strong></span> <span class='ocrx_word' id='word_1_610' title='bbox 2881 2057 3023 2111; x_wconf 89' lang='lat' dir='ltr'><strong><em>bona</em></strong></span> <span class='ocrx_word' id='word_1_611' title='bbox 3067 2072 3252 2111; x_wconf 86' lang='lat' dir='ltr'><strong><em>coram</em></strong></span> <span class='ocrx_word' id='word_1_612' title='bbox 3290 2057 3603 2114; x_wconf 90' lang='lat' dir='ltr'><strong><em>hominibus</em></strong></span> <span class='ocrx_word' id='word_1_613' title='bbox 3642 2075 3803 2114; x_wconf 84' lang='lat' dir='ltr'><strong><em>mon-</em></strong></span> 
     </span>
    </p>
   </div>
   <div class='ocr_carea' id='block_1_80' title="bbox 2229 2149 3811 2214">
    <p class='ocr_par' dir='ltr' id='par_1_80' title="bbox 2229 2149 3811 2214">
     <span class='ocr_line' id='line_1_80' title="bbox 2229 2149 3811 2214; baseline 0.004 -12"><span class='ocrx_word' id='word_1_614' title='bbox 2229 2156 2426 2214; x_wconf 89' lang='lat' dir='ltr'><strong><em>strare,</em></strong></span> <span class='ocrx_word' id='word_1_615' title='bbox 2460 2156 2513 2203; x_wconf 90' lang='lat' dir='ltr'><strong><em>et</em></strong></span> <span class='ocrx_word' id='word_1_616' title='bbox 2545 2150 2939 2203; x_wconf 88' lang='lat' dir='ltr'><strong><em>conscientiam</em></strong></span> <span class='ocrx_word' id='word_1_617' title='bbox 2982 2149 3179 2203; x_wconf 87' lang='lat' dir='ltr'><strong><em>bonam</em></strong></span> <span class='ocrx_word' id='word_1_618' title='bbox 3230 2165 3414 2204; x_wconf 90' lang='lat' dir='ltr'><strong><em>coram</em></strong></span> <span class='ocrx_word' id='word_1_619' title='bbox 3447 2150 3558 2207; x_wconf 90' lang='lat' dir='ltr'><strong><em>Deo</em></strong></span> <span class='ocrx_word' id='word_1_620' title='bbox 3602 2151 3811 2209; x_wconf 81' lang='lat' dir='ltr'><strong><em>habere</em></strong></span> 
     </span>
    </p>
   </div>
   <div class='ocr_carea' id='block_1_81' title="bbox 2232 2238 3802 2311">
    <p class='ocr_par' dir='ltr' id='par_1_81' title="bbox 2232 2238 3802 2311">
     <span class='ocr_line' id='line_1_81' title="bbox 2232 2238 3802 2311; baseline 0.004 -19"><span class='ocrx_word' id='word_1_621' title='bbox 2232 2238 2570 2295; x_wconf 90' lang='lat' dir='ltr'><strong><em>insinuabat.</em></strong></span> <span class='ocrx_word' id='word_1_622' title='bbox 2607 2238 2809 2295; x_wconf 88' lang='lat' dir='ltr'><strong><em>Omnes</em></strong></span> <span class='ocrx_word' id='word_1_623' title='bbox 2850 2241 3127 2311; x_wconf 86' lang='lat' dir='ltr'><strong><em>principes</em></strong></span> <span class='ocrx_word' id='word_1_624' title='bbox 3155 2248 3333 2303; x_wconf 65' lang='lat' dir='ltr'><strong><em>terra},</em></strong></span> <span class='ocrx_word' id='word_1_625' title='bbox 3367 2250 3420 2296; x_wconf 91' lang='lat' dir='ltr'><strong><em>et</em></strong></span> <span class='ocrx_word' id='word_1_626' title='bbox 3446 2251 3676 2299; x_wconf 88' lang='lat' dir='ltr'><strong><em>cunctos</em></strong></span> <span class='ocrx_word' id='word_1_627' title='bbox 3700 2244 3802 2298; x_wconf 84' lang='lat' dir='ltr'><strong><em>ho-</em></strong></span> 
     </span>
    </p>
   </div>
   <div class='ocr_carea' id='block_1_82' title="bbox 2229 2332 3803 2402">
    <p class='ocr_par' dir='ltr' id='par_1_82' title="bbox 2229 2332 3803 2402">
     <span class='ocr_line' id='line_1_82' title="bbox 2229 2332 3803 2402; baseline 0.003 -18"><span class='ocrx_word' id='word_1_628' title='bbox 2229 2332 2404 2386; x_wconf 89' lang='lat' dir='ltr'><strong><em>mines</em></strong></span> <span class='ocrx_word' id='word_1_629' title='bbox 2425 2332 2505 2387; x_wconf 91' lang='lat' dir='ltr'><strong><em>eis</em></strong></span> <span class='ocrx_word' id='word_1_630' title='bbox 2536 2332 2779 2394; x_wconf 87' lang='lat' dir='ltr'><strong><em>obedire.</em></strong></span> <span class='ocrx_word' id='word_1_631' title='bbox 2812 2341 2864 2388; x_wconf 87' lang='lat' dir='ltr'><strong><em>et</em></strong></span> <span class='ocrx_word' id='word_1_632' title='bbox 2883 2333 3062 2402; x_wconf 87' lang='lat' dir='ltr'><strong><em>capita</em></strong></span> <span class='ocrx_word' id='word_1_633' title='bbox 3095 2348 3195 2388; x_wconf 92' lang='lat' dir='ltr'><strong><em>sua</em></strong></span> <span class='ocrx_word' id='word_1_634' title='bbox 3221 2333 3557 2399; x_wconf 88' lang='lat' dir='ltr'><strong><em>submittere,</em></strong></span> <span class='ocrx_word' id='word_1_635' title='bbox 3578 2350 3803 2389; x_wconf 86' lang='lat' dir='ltr'><strong><em>eorum-</em></strong></span> 
     </span>
    </p>
   </div>
   <div class='ocr_carea' id='block_1_83' title="bbox 2227 2424 3805 2497">
    <p class='ocr_par' dir='ltr' id='par_1_83' title="bbox 2227 2424 3805 2497">
     <span class='ocr_line' id='line_1_83' title="bbox 2227 2424 3805 2497; baseline 0.001 -19"><span class='ocrx_word' id='word_1_636' title='bbox 2227 2440 2333 2494; x_wconf 92' lang='lat' dir='ltr'><strong><em>que</em></strong></span> <span class='ocrx_word' id='word_1_637' title='bbox 2359 2424 2642 2494; x_wconf 81' lang='lat' dir='ltr'><strong><em>adjutores</em></strong></span> <span class='ocrx_word' id='word_1_638' title='bbox 2674 2428 2907 2480; x_wconf 79' lang='lat' dir='ltr'><strong><em>existere</em></strong></span> <span class='ocrx_word' id='word_1_639' title='bbox 2945 2426 3311 2496; x_wconf 66' lang='lat' dir='ltr'><strong><em>praacipiebat,</em></strong></span> <span class='ocrx_word' id='word_1_640' title='bbox 3340 2434 3398 2479; x_wconf 87' lang='lat' dir='ltr'><strong><em>ut</em></strong></span> <span class='ocrx_word' id='word_1_641' title='bbox 3432 2440 3621 2480; x_wconf 88' lang='lat' dir='ltr'><strong><em>omnes</em></strong></span> <span class='ocrx_word' id='word_1_642' title='bbox 3650 2428 3805 2497; x_wconf 88' lang='lat' dir='ltr'><strong><em>pari-</em></strong></span> 
     </span>
    </p>
   </div>
   <div class='ocr_carea' id='block_1_84' title="bbox 2227 2516 3800 2591">
    <p class='ocr_par' dir='ltr' id='par_1_84' title="bbox 2227 2516 3800 2591">
     <span class='ocr_line' id='line_1_84' title="bbox 2227 2516 3800 2591; baseline 0.003 -22"><span class='ocrx_word' id='word_1_643' title='bbox 2227 2524 2313 2573; x_wconf 88' lang='lat' dir='ltr'><strong><em>ter</em></strong></span> <span class='ocrx_word' id='word_1_644' title='bbox 2346 2518 2530 2591; x_wconf 83' lang='lat' dir='ltr'><strong><em>ﬁdeles</em></strong></span> <span class='ocrx_word' id='word_1_645' title='bbox 2558 2526 2611 2573; x_wconf 90' lang='lat' dir='ltr'><strong><em>et</em></strong></span> <span class='ocrx_word' id='word_1_646' title='bbox 2640 2518 3187 2589; x_wconf 77' lang='lat' dir='ltr'><strong><em>cooperatoreslegis</em></strong></span> <span class='ocrx_word' id='word_1_647' title='bbox 3220 2516 3313 2572; x_wconf 89' lang='lat' dir='ltr'><strong><em>Dei</em></strong></span> <span class='ocrx_word' id='word_1_648' title='bbox 3335 2527 3800 2586; x_wconf 87' lang='lat' dir='ltr'><strong><em>monstrarentur,</em></strong></span> 
     </span>
    </p>
   </div>
   <div class='ocr_carea' id='block_1_85' title="bbox 2228 2609 3803 2679">
    <p class='ocr_par' dir='ltr' id='par_1_85' title="bbox 2228 2609 3803 2679">
     <span class='ocr_line' id='line_1_85' title="bbox 2228 2609 3803 2679; baseline -0.001 -14"><span class='ocrx_word' id='word_1_649' title='bbox 2228 2628 2315 2667; x_wconf 24' lang='lat' dir='ltr'><strong><em>ne.</em></strong></span> <span class='ocrx_word' id='word_1_650' title='bbox 2339 2611 2406 2666; x_wconf 89' lang='lat' dir='ltr'><strong><em>de</em></strong></span> <span class='ocrx_word' id='word_1_651' title='bbox 2440 2612 2520 2666; x_wconf 85' lang='lat' dir='ltr'><strong><em>eis</em></strong></span> <span class='ocrx_word' id='word_1_652' title='bbox 2553 2610 2767 2666; x_wconf 84' lang='lat' dir='ltr'><strong><em>dicatur</em></strong></span> <span class='ocrx_word' id='word_1_653' title='bbox 2795 2630 2807 2665; x_wconf 92' lang='lat'>:</span> <span class='ocrx_word' id='word_1_654' title='bbox 2834 2609 3231 2679; x_wconf 83' lang='lat' dir='ltr'><strong><em>Confundentur</em></strong></span> <span class='ocrx_word' id='word_1_655' title='bbox 3264 2620 3312 2664; x_wconf 89' lang='lat' dir='ltr'><strong><em>et</em></strong></span> <span class='ocrx_word' id='word_1_656' title='bbox 3340 2609 3641 2679; x_wconf 87' lang='lat' dir='ltr'><strong><em>erubescent</em></strong></span> <span class='ocrx_word' id='word_1_657' title='bbox 3684 2627 3803 2664; x_wconf 92' lang='lat' dir='ltr'><strong><em>om-</em></strong></span> 
     </span>
    </p>
   </div>
   <div class='ocr_carea' id='block_1_86' title="bbox 2228 2702 3810 2774">
    <p class='ocr_par' dir='ltr' id='par_1_86' title="bbox 2228 2702 3810 2774">
     <span class='ocr_line' id='line_1_86' title="bbox 2228 2702 3810 2774; baseline -0.001 -17"><span class='ocrx_word' id='word_1_658' title='bbox 2228 2720 2318 2757; x_wconf 87' lang='lat' dir='ltr'><strong><em>nes</em></strong></span> <span class='ocrx_word' id='word_1_659' title='bbox 2362 2704 2451 2774; x_wconf 88' lang='lat' dir='ltr'><strong><em>qui</em></strong></span> <span class='ocrx_word' id='word_1_660' title='bbox 2480 2712 2716 2773; x_wconf 89' lang='lat' dir='ltr'><strong><em>pugnant</em></strong></span> <span class='ocrx_word' id='word_1_661' title='bbox 2744 2702 3021 2755; x_wconf 88' lang='lat' dir='ltr'><strong><em>adversum</em></strong></span> <span class='ocrx_word' id='word_1_662' title='bbox 3078 2711 3146 2764; x_wconf 80' lang='lat' dir='ltr'><strong><em>te,</em></strong></span> <span class='ocrx_word' id='word_1_663' title='bbox 3198 2711 3245 2755; x_wconf 89' lang='lat' dir='ltr'><strong><em>et</em></strong></span> <span class='ocrx_word' id='word_1_664' title='bbox 3298 2711 3450 2756; x_wconf 88' lang='lat' dir='ltr'><strong><em>erunt</em></strong></span> <span class='ocrx_word' id='word_1_665' title='bbox 3496 2703 3651 2773; x_wconf 88' lang='lat' dir='ltr'><strong><em>quasi</em></strong></span> <span class='ocrx_word' id='word_1_666' title='bbox 3695 2720 3810 2756; x_wconf 76' lang='lat' dir='ltr'><strong><em>non</em></strong></span> 
     </span>
    </p>
   </div>
   <div class='ocr_carea' id='block_1_87' title="bbox 2227 2793 3800 2865">
    <p class='ocr_par' dir='ltr' id='par_1_87' title="bbox 2227 2793 3800 2865">
     <span class='ocr_line' id='line_1_87' title="bbox 2227 2793 3800 2865; baseline -0.001 -13"><span class='ocrx_word' id='word_1_667' title='bbox 2227 2798 2356 2861; x_wconf 88' lang='lat' dir='ltr'><strong><em>sint,</em></strong></span> <span class='ocrx_word' id='word_1_668' title='bbox 2390 2805 2439 2849; x_wconf 91' lang='lat' dir='ltr'><strong><em>et</em></strong></span> <span class='ocrx_word' id='word_1_669' title='bbox 2466 2796 2709 2865; x_wconf 88' lang='lat' dir='ltr'><strong><em>peribunt</em></strong></span> <span class='ocrx_word' id='word_1_670' title='bbox 2754 2796 2852 2849; x_wconf 86' lang='lat' dir='ltr'><strong><em>viri</em></strong></span> <span class='ocrx_word' id='word_1_671' title='bbox 2894 2796 2984 2864; x_wconf 89' lang='lat' dir='ltr'><strong><em>qui</em></strong></span> <span class='ocrx_word' id='word_1_672' title='bbox 3019 2793 3389 2848; x_wconf 87' lang='lat' dir='ltr'><strong><em>contradicunt</em></strong></span> <span class='ocrx_word' id='word_1_673' title='bbox 3420 2793 3533 2849; x_wconf 91' lang='lat' dir='ltr'><strong><em>tibi.</em></strong></span> <span class='ocrx_word' id='word_1_674' title='bbox 3582 2794 3800 2861; x_wconf 67' lang='lat' dir='ltr'><strong><em>Qua&#39;res</em></strong></span> 
     </span>
    </p>
   </div>
   <div class='ocr_carea' id='block_1_88' title="bbox 2224 2874 3809 2958">
    <p class='ocr_par' dir='ltr' id='par_1_88' title="bbox 2224 2874 3809 2958">
     <span class='ocr_line' id='line_1_88' title="bbox 2224 2874 3809 2958; baseline -0.001 -16"><span class='ocrx_word' id='word_1_675' title='bbox 2224 2874 2336 2952; x_wconf 90' lang='lat' dir='ltr'><strong><em>eos,</em></strong></span> <span class='ocrx_word' id='word_1_676' title='bbox 2369 2898 2419 2942; x_wconf 91' lang='lat' dir='ltr'><strong><em>et</em></strong></span> <span class='ocrx_word' id='word_1_677' title='bbox 2449 2906 2553 2942; x_wconf 82' lang='lat' dir='ltr'><strong><em>non</em></strong></span> <span class='ocrx_word' id='word_1_678' title='bbox 2596 2889 2822 2942; x_wconf 88' lang='lat' dir='ltr'><strong><em>invenies</em></strong></span> <span class='ocrx_word' id='word_1_679' title='bbox 2859 2889 2995 2941; x_wconf 87' lang='lat' dir='ltr'><strong><em>viros</em></strong></span> <span class='ocrx_word' id='word_1_680' title='bbox 3026 2886 3239 2942; x_wconf 89' lang='lat' dir='ltr'><strong><em>rebelles</em></strong></span> <span class='ocrx_word' id='word_1_681' title='bbox 3276 2896 3411 2942; x_wconf 91' lang='lat' dir='ltr'><strong><em>tuos.</em></strong></span> <span class='ocrx_word' id='word_1_682' title='bbox 3448 2886 3619 2941; x_wconf 91' lang='lat' dir='ltr'><strong><em>Erunt</em></strong></span> <span class='ocrx_word' id='word_1_683' title='bbox 3645 2890 3809 2958; x_wconf 87' lang='lat' dir='ltr'><strong><em>quasi</em></strong></span> 
     </span>
    </p>
   </div>
   <div class='ocr_carea' id='block_1_89' title="bbox 2227 2979 3800 3049">
    <p class='ocr_par' dir='ltr' id='par_1_89' title="bbox 2227 2979 3800 3049">
     <span class='ocr_line' id='line_1_89' title="bbox 2227 2979 3800 3049; baseline -0.001 -15"><span class='ocrx_word' id='word_1_684' title='bbox 2227 2998 2330 3035; x_wconf 89' lang='lat' dir='ltr'><strong><em>non</em></strong></span> <span class='ocrx_word' id='word_1_685' title='bbox 2357 2982 2484 3048; x_wconf 89' lang='lat' dir='ltr'><strong><em>sint,</em></strong></span> <span class='ocrx_word' id='word_1_686' title='bbox 2518 2990 2566 3034; x_wconf 91' lang='lat' dir='ltr'><strong><em>et</em></strong></span> <span class='ocrx_word' id='word_1_687' title='bbox 2590 2980 2748 3035; x_wconf 91' lang='lat' dir='ltr'><strong><em>veluti</em></strong></span> <span class='ocrx_word' id='word_1_688' title='bbox 2776 2980 3109 3049; x_wconf 86' lang='lat' dir='ltr'><strong><em>consumptio</em></strong></span> <span class='ocrx_word' id='word_1_689' title='bbox 3133 2979 3359 3035; x_wconf 86' lang='lat' dir='ltr'><strong><em>hominis</em></strong></span> <span class='ocrx_word' id='word_1_690' title='bbox 3411 2979 3661 3035; x_wconf 92' lang='lat' dir='ltr'><strong><em>bellantis</em></strong></span> <span class='ocrx_word' id='word_1_691' title='bbox 3699 2980 3800 3034; x_wconf 88' lang='lat' dir='ltr'><strong><em>ad-</em></strong></span> 
     </span>
    </p>
   </div>
   <div class='ocr_carea' id='block_1_90' title="bbox 2226 3072 2593 3137">
    <p class='ocr_par' dir='ltr' id='par_1_90' title="bbox 2226 3072 2593 3137">
     <span class='ocr_line' id='line_1_90' title="bbox 2226 3072 2593 3137; baseline 0 -10"><span class='ocrx_word' id='word_1_692' title='bbox 2226 3072 2431 3137; x_wconf 83' lang='lat' dir='ltr'><strong><em>versum</em></strong></span> <span class='ocrx_word' id='word_1_693' title='bbox 2467 3081 2512 3126; x_wconf 83' lang='lat' dir='ltr'><strong><em>te</em></strong></span> <span class='ocrx_word' id='word_1_694' title='bbox 2529 3072 2593 3127; x_wconf 78' lang='lat'><strong><em>“.</em></strong></span> 
     </span>
    </p>
   </div>
   <div class='ocr_carea' id='block_1_91' title="bbox 2292 3163 3803 3236">
    <p class='ocr_par' dir='ltr' id='par_1_91' title="bbox 2292 3163 3803 3236">
     <span class='ocr_line' id='line_1_91' title="bbox 2292 3163 3803 3236; baseline 0.001 -17"><span class='ocrx_word' id='word_1_695' title='bbox 2292 3166 2337 3195; x_wconf 82' lang='lat'>”</span> <span class='ocrx_word' id='word_1_696' title='bbox 2374 3163 2575 3219; x_wconf 90' lang='lat' dir='ltr'><strong><em>Omnes</em></strong></span> <span class='ocrx_word' id='word_1_697' title='bbox 2592 3166 2729 3236; x_wconf 80' lang='lat' dir='ltr'><strong><em>ergo</em></strong></span> <span class='ocrx_word' id='word_1_698' title='bbox 2751 3164 2843 3234; x_wconf 89' lang='lat' dir='ltr'><strong><em>qui</em></strong></span> <span class='ocrx_word' id='word_1_699' title='bbox 2868 3164 2947 3222; x_wconf 90' lang='lat' dir='ltr'><strong><em>eis</em></strong></span> <span class='ocrx_word' id='word_1_700' title='bbox 2981 3165 3421 3227; x_wconf 85' lang='lat' dir='ltr'><strong><em>contravcniunt,</em></strong></span> <span class='ocrx_word' id='word_1_701' title='bbox 3458 3165 3532 3219; x_wconf 89' lang='lat' dir='ltr'><strong><em>ita</em></strong></span> <span class='ocrx_word' id='word_1_702' title='bbox 3566 3165 3803 3220; x_wconf 90' lang='lat' dir='ltr'><strong><em>damna-</em></strong></span> 
     </span>
    </p>
   </div>
   <div class='ocr_carea' id='block_1_92' title="bbox 2227 3257 3805 3327">
    <p class='ocr_par' dir='ltr' id='par_1_92' title="bbox 2227 3257 3805 3327">
     <span class='ocr_line' id='line_1_92' title="bbox 2227 3257 3805 3327; baseline 0.001 -17"><span class='ocrx_word' id='word_1_703' title='bbox 2227 3268 2310 3312; x_wconf 91' lang='lat' dir='ltr'><strong><em>tos</em></strong></span> <span class='ocrx_word' id='word_1_704' title='bbox 2332 3264 2385 3311; x_wconf 90' lang='lat' dir='ltr'><strong><em>et</em></strong></span> <span class='ocrx_word' id='word_1_705' title='bbox 2414 3257 2645 3312; x_wconf 79' lang='lat' dir='ltr'><strong><em>infames</em></strong></span> <span class='ocrx_word' id='word_1_706' title='bbox 2677 3274 2851 3327; x_wconf 88' lang='lat' dir='ltr'><strong><em>usque</em></strong></span> <span class='ocrx_word' id='word_1_707' title='bbox 2873 3258 2939 3312; x_wconf 90' lang='lat' dir='ltr'><strong><em>ad</em></strong></span> <span class='ocrx_word' id='word_1_708' title='bbox 2976 3258 3404 3313; x_wconf 78' lang='lat' dir='ltr'><strong><em>satisfactionem</em></strong></span> <span class='ocrx_word' id='word_1_709' title='bbox 3436 3259 3805 3323; x_wconf 85' lang='lat' dir='ltr'><strong><em>monstrabat,</em></strong></span> 
     </span>
    </p>
   </div>
   <div class='ocr_carea' id='block_1_93' title="bbox 2222 3350 3804 3415">
    <p class='ocr_par' dir='ltr' id='par_1_93' title="bbox 2222 3350 3804 3415">
     <span class='ocr_line' id='line_1_93' title="bbox 2222 3350 3804 3415; baseline 0.001 -10"><span class='ocrx_word' id='word_1_710' title='bbox 2222 3358 2277 3405; x_wconf 91' lang='lat' dir='ltr'><strong><em>et</em></strong></span> <span class='ocrx_word' id='word_1_711' title='bbox 2303 3350 2409 3405; x_wconf 88' lang='lat' dir='ltr'><strong><em>nisi</em></strong></span> <span class='ocrx_word' id='word_1_712' title='bbox 2438 3359 2901 3415; x_wconf 82' lang='lat' dir='ltr'><strong><em>converterentur,</em></strong></span> <span class='ocrx_word' id='word_1_713' title='bbox 2934 3368 2963 3406; x_wconf 91' lang='lat' dir='ltr'><strong><em>a</em></strong></span> <span class='ocrx_word' id='word_1_714' title='bbox 2998 3351 3278 3407; x_wconf 89' lang='lat' dir='ltr'><strong><em>liminibus</em></strong></span> <span class='ocrx_word' id='word_1_715' title='bbox 3304 3352 3549 3406; x_wconf 64' lang='lat' dir='ltr'><strong><em>ecclesiae</em></strong></span> <span class='ocrx_word' id='word_1_716' title='bbox 3587 3352 3804 3408; x_wconf 88' lang='lat' dir='ltr'><strong><em>alienos</em></strong></span> 
     </span>
    </p>
   </div>
   <div class='ocr_carea' id='block_1_94' title="bbox 2223 3443 3803 3514">
    <p class='ocr_par' dir='ltr' id='par_1_94' title="bbox 2223 3443 3803 3514">
     <span class='ocr_line' id='line_1_94' title="bbox 2223 3443 3803 3514; baseline 0.001 -17"><span class='ocrx_word' id='word_1_717' title='bbox 2223 3458 2344 3498; x_wconf 83' lang='lat' dir='ltr'><strong><em>esse</em></strong></span> <span class='ocrx_word' id='word_1_718' title='bbox 2370 3443 2736 3512; x_wconf 60' lang='lat' dir='ltr'><strong><em>praecipiebat.</em></strong></span> <span class='ocrx_word' id='word_1_719' title='bbox 2759 3444 2804 3474; x_wconf 72' lang='grc'><strong><em>³³</em></strong></span> <span class='ocrx_word' id='word_1_720' title='bbox 2834 3443 3260 3498; x_wconf 87' lang='lat' dir='ltr'><strong><em>Homicidiorum</em></strong></span> <span class='ocrx_word' id='word_1_721' title='bbox 3292 3458 3421 3499; x_wconf 90' lang='lat' dir='ltr'><strong><em>vero</em></strong></span> <span class='ocrx_word' id='word_1_722' title='bbox 3462 3445 3567 3497; x_wconf 83' lang='lat' dir='ltr'><strong><em>tria</em></strong></span> <span class='ocrx_word' id='word_1_723' title='bbox 3596 3459 3803 3514; x_wconf 82' lang='lat' dir='ltr'><strong><em>genera</em></strong></span> 
     </span>
    </p>
   </div>
   <div class='ocr_carea' id='block_1_95' title="bbox 2223 3535 3800 3607">
    <p class='ocr_par' dir='ltr' id='par_1_95' title="bbox 2223 3535 3800 3607">
     <span class='ocr_line' id='line_1_95' title="bbox 2223 3535 3800 3607; baseline 0.002 -18"><span class='ocrx_word' id='word_1_724' title='bbox 2223 3550 2344 3591; x_wconf 92' lang='lat' dir='ltr'><strong><em>esse</em></strong></span> <span class='ocrx_word' id='word_1_725' title='bbox 2371 3536 2605 3602; x_wconf 90' lang='lat' dir='ltr'><strong><em>dicebat,</em></strong></span> <span class='ocrx_word' id='word_1_726' title='bbox 2627 3543 2680 3591; x_wconf 89' lang='lat' dir='ltr'><strong><em>et</em></strong></span> <span class='ocrx_word' id='word_1_727' title='bbox 2708 3551 2923 3605; x_wconf 65' lang='lat' dir='ltr'><strong><em>poenam</em></strong></span> <span class='ocrx_word' id='word_1_728' title='bbox 2947 3552 3135 3591; x_wconf 90' lang='lat' dir='ltr'><strong><em>eorum</em></strong></span> <span class='ocrx_word' id='word_1_729' title='bbox 3158 3538 3381 3607; x_wconf 84' lang='lat' dir='ltr'><strong><em>parilem</em></strong></span> <span class='ocrx_word' id='word_1_730' title='bbox 3408 3535 3525 3592; x_wconf 82' lang='lat' dir='ltr'><strong><em>fore</em></strong></span> <span class='ocrx_word' id='word_1_731' title='bbox 3546 3536 3800 3592; x_wconf 86' lang='lat' dir='ltr'><strong><em>docebat.</em></strong></span> 
     </span>
    </p>
   </div>
   <div class='ocr_carea' id='block_1_96' title="bbox 2227 3620 3801 3693">
    <p class='ocr_par' dir='ltr' id='par_1_96' title="bbox 2227 3620 3801 3693">
     <span class='ocr_line' id='line_1_96' title="bbox 2227 3620 3801 3693; baseline 0.002 -12"><span class='ocrx_word' id='word_1_732' title='bbox 2227 3626 2379 3681; x_wconf 90' lang='lat' dir='ltr'><strong><em>Sicut</em></strong></span> <span class='ocrx_word' id='word_1_733' title='bbox 2418 3626 2563 3683; x_wconf 91' lang='lat' dir='ltr'><strong><em>enim</em></strong></span> <span class='ocrx_word' id='word_1_734' title='bbox 2593 3627 2897 3682; x_wconf 90' lang='lat' dir='ltr'><strong><em>homicidas</em></strong></span> <span class='ocrx_word' id='word_1_735' title='bbox 2928 3628 3308 3684; x_wconf 79' lang='lat' dir='ltr'><strong><em>interfectores</em></strong></span> <span class='ocrx_word' id='word_1_736' title='bbox 3344 3627 3599 3693; x_wconf 82' lang='lat' dir='ltr'><strong><em>fratrum,</em></strong></span> <span class='ocrx_word' id='word_1_737' title='bbox 3641 3629 3717 3683; x_wconf 89' lang='lat' dir='ltr'><strong><em>ita</em></strong></span> <span class='ocrx_word' id='word_1_738' title='bbox 3748 3620 3801 3684; x_wconf 87' lang='lat' dir='ltr'><strong><em>et</em></strong></span> 
     </span>
    </p>
   </div>
   <div class='ocr_carea' id='block_1_97' title="bbox 2224 3704 3803 3791">
    <p class='ocr_par' dir='ltr' id='par_1_97' title="bbox 2224 3704 3803 3791">
     <span class='ocr_line' id='line_1_97' title="bbox 2224 3704 3803 3791; baseline -0.001 -14"><span class='ocrx_word' id='word_1_739' title='bbox 2224 3704 2796 3786; x_wconf 76' lang='lat' dir='ltr'><strong><em>detraCtoreseorum,</em></strong></span> <span class='ocrx_word' id='word_1_740' title='bbox 2823 3706 3027 3791; x_wconf 82' lang='lat' dir='ltr'><strong><em>eosque</em></strong></span> <span class='ocrx_word' id='word_1_741' title='bbox 3049 3721 3317 3785; x_wconf 89' lang='lat' dir='ltr'><strong><em>odientes,</em></strong></span> <span class='ocrx_word' id='word_1_742' title='bbox 3346 3720 3649 3776; x_wconf 88' lang='lat' dir='ltr'><strong><em>homicidas</em></strong></span> <span class='ocrx_word' id='word_1_743' title='bbox 3677 3736 3803 3776; x_wconf 88' lang='lat' dir='ltr'><strong><em>esse</em></strong></span> 
     </span>
    </p>
   </div>
   <div class='ocr_carea' id='block_1_98' title="bbox 2222 3812 3799 3883">
    <p class='ocr_par' dir='ltr' id='par_1_98' title="bbox 2222 3812 3799 3883">
     <span class='ocr_line' id='line_1_98' title="bbox 2222 3812 3799 3883; baseline -0.002 -14"><span class='ocrx_word' id='word_1_744' title='bbox 2222 3812 2647 3880; x_wconf 73' lang='lat' dir='ltr'><strong><em>manifestabat‘;</em></strong></span> <span class='ocrx_word' id='word_1_745' title='bbox 2675 3813 2802 3883; x_wconf 87' lang='lat' dir='ltr'><strong><em>quia</em></strong></span> <span class='ocrx_word' id='word_1_746' title='bbox 2822 3821 2875 3867; x_wconf 89' lang='lat' dir='ltr'><strong><em>et</em></strong></span> <span class='ocrx_word' id='word_1_747' title='bbox 2916 3814 3008 3883; x_wconf 90' lang='lat' dir='ltr'><strong><em>qui</em></strong></span> <span class='ocrx_word' id='word_1_748' title='bbox 3039 3812 3238 3867; x_wconf 90' lang='lat' dir='ltr'><strong><em>occidit</em></strong></span> <span class='ocrx_word' id='word_1_749' title='bbox 3270 3812 3490 3869; x_wconf 83' lang='lat' dir='ltr'><strong><em>fratrem</em></strong></span> <span class='ocrx_word' id='word_1_750' title='bbox 3531 3828 3711 3878; x_wconf 89' lang='lat' dir='ltr'><strong><em>suum,</em></strong></span> <span class='ocrx_word' id='word_1_751' title='bbox 3745 3819 3799 3866; x_wconf 87' lang='lat' dir='ltr'><strong><em>et</em></strong></span> 
     </span>
    </p>
   </div>
   <div class='ocr_carea' id='block_1_99' title="bbox 2223 3905 3796 3979">
    <p class='ocr_par' dir='ltr' id='par_1_99' title="bbox 2223 3905 3796 3979">
     <span class='ocr_line' id='line_1_99' title="bbox 2223 3905 3796 3979; baseline -0.001 -18"><span class='ocrx_word' id='word_1_752' title='bbox 2223 3908 2314 3979; x_wconf 91' lang='lat' dir='ltr'><strong><em>qui</em></strong></span> <span class='ocrx_word' id='word_1_753' title='bbox 2350 3906 2485 3970; x_wconf 90' lang='lat' dir='ltr'><strong><em>odit,</em></strong></span> <span class='ocrx_word' id='word_1_754' title='bbox 2518 3914 2571 3961; x_wconf 92' lang='lat' dir='ltr'><strong><em>et</em></strong></span> <span class='ocrx_word' id='word_1_755' title='bbox 2601 3906 2693 3975; x_wconf 88' lang='lat' dir='ltr'><strong><em>qui</em></strong></span> <span class='ocrx_word' id='word_1_756' title='bbox 2726 3906 2963 3961; x_wconf 86' lang='lat' dir='ltr'><strong><em>detrahit</em></strong></span> <span class='ocrx_word' id='word_1_757' title='bbox 3002 3906 3073 3971; x_wconf 87' lang='lat' dir='ltr'><strong><em>ei,</em></strong></span> <span class='ocrx_word' id='word_1_758' title='bbox 3114 3906 3318 3975; x_wconf 86' lang='lat' dir='ltr'><strong><em>pariter</em></strong></span> <span class='ocrx_word' id='word_1_759' title='bbox 3346 3905 3633 3960; x_wconf 75' lang='lat' dir='ltr'><strong><em>homicidae</em></strong></span> <span class='ocrx_word' id='word_1_760' title='bbox 3674 3921 3796 3960; x_wconf 83' lang='lat' dir='ltr'><strong><em>esse</em></strong></span> 
     </span>
    </p>
   </div>
   <div class='ocr_carea' id='block_1_100' title="bbox 2224 3999 3797 4077">
    <p class='ocr_par' dir='ltr' id='par_1_100' title="bbox 2224 3999 3797 4077">
     <span class='ocr_line' id='line_1_100' title="bbox 2224 3999 3797 4077; baseline -0.002 -21"><span class='ocrx_word' id='word_1_761' title='bbox 2224 4009 2600 4056; x_wconf 85' lang='lat' dir='ltr'><strong><em>monstrantur</em></strong></span> <span class='ocrx_word' id='word_1_762' title='bbox 2622 4000 2691 4077; x_wconf 73' lang='lat'><strong><em>&quot;._</em></strong></span> <span class='ocrx_word' id='word_1_763' title='bbox 2721 4000 2922 4057; x_wconf 91' lang='lat' dir='ltr'><strong><em>Omnes</em></strong></span> <span class='ocrx_word' id='word_1_764' title='bbox 2950 4001 3113 4055; x_wconf 88' lang='lat' dir='ltr'><strong><em>etiam</em></strong></span> <span class='ocrx_word' id='word_1_765' title='bbox 3146 4016 3176 4054; x_wconf 85' lang='lat' dir='ltr'><strong><em>a</em></strong></span> <span class='ocrx_word' id='word_1_766' title='bbox 3218 4001 3533 4056; x_wconf 90' lang='lat' dir='ltr'><strong><em>carnalibus</em></strong></span> <span class='ocrx_word' id='word_1_767' title='bbox 3581 3999 3797 4053; x_wconf 86' lang='lat' dir='ltr'><strong><em>deside-</em></strong></span> 
     </span>
    </p>
   </div>
   <div class='ocr_carea' id='block_1_101' title="bbox 2221 4092 3799 4163">
    <p class='ocr_par' dir='ltr' id='par_1_101' title="bbox 2221 4092 3799 4163">
     <span class='ocr_line' id='line_1_101' title="bbox 2221 4092 3799 4163; baseline -0.001 -17"><span class='ocrx_word' id='word_1_768' title='bbox 2221 4092 2341 4157; x_wconf 87' lang='lat' dir='ltr'><strong><em>riis,</em></strong></span> <span class='ocrx_word' id='word_1_769' title='bbox 2375 4107 2495 4163; x_wconf 68' lang='lat' dir='ltr'><strong><em>qua)</em></strong></span> <span class='ocrx_word' id='word_1_770' title='bbox 2530 4093 2765 4146; x_wconf 89' lang='lat' dir='ltr'><strong><em>militant</em></strong></span> <span class='ocrx_word' id='word_1_771' title='bbox 2790 4092 3050 4147; x_wconf 89' lang='lat' dir='ltr'><strong><em>adversus</em></strong></span> <span class='ocrx_word' id='word_1_772' title='bbox 3080 4094 3339 4160; x_wconf 90' lang='lat' dir='ltr'><strong><em>animam,</em></strong></span> <span class='ocrx_word' id='word_1_773' title='bbox 3392 4092 3688 4155; x_wconf 87' lang='lat' dir='ltr'><strong><em>abstinere,</em></strong></span> <span class='ocrx_word' id='word_1_774' title='bbox 3740 4098 3799 4144; x_wconf 87' lang='lat' dir='ltr'><strong><em>et</em></strong></span> 
     </span>
    </p>
   </div>
   <div class='ocr_carea' id='block_1_102' title="bbox 2222 4186 3795 4243">
    <p class='ocr_par' dir='ltr' id='par_1_102' title="bbox 2222 4186 3795 4243">
     <span class='ocr_line' id='line_1_102' title="bbox 2222 4186 3795 4243; baseline -0.003 -2"><span class='ocrx_word' id='word_1_775' title='bbox 2222 4186 2421 4243; x_wconf 84' lang='lat' dir='ltr'><strong><em>bonam</em></strong></span> <span class='ocrx_word' id='word_1_776' title='bbox 2461 4202 2649 4242; x_wconf 90' lang='lat' dir='ltr'><strong><em>eorum</em></strong></span> <span class='ocrx_word' id='word_1_777' title='bbox 2682 4188 3151 4242; x_wconf 88' lang='lat' dir='ltr'><strong><em>conversationem</em></strong></span> <span class='ocrx_word' id='word_1_778' title='bbox 3182 4203 3246 4241; x_wconf 88' lang='lat' dir='ltr'><strong><em>ac</em></strong></span> <span class='ocrx_word' id='word_1_779' title='bbox 3301 4187 3643 4240; x_wconf 86' lang='lat' dir='ltr'><strong><em>innocentem</em></strong></span> <span class='ocrx_word' id='word_1_780' title='bbox 3675 4199 3795 4237; x_wconf 89' lang='lat' dir='ltr'><strong><em>om-</em></strong></span> 
     </span>
    </p>
   </div>
   <div class='ocr_carea' id='block_1_103' title="bbox 2224 4277 3801 4349">
    <p class='ocr_par' dir='ltr' id='par_1_103' title="bbox 2224 4277 3801 4349">
     <span class='ocr_line' id='line_1_103' title="bbox 2224 4277 3801 4349; baseline -0.001 -17"><span class='ocrx_word' id='word_1_781' title='bbox 2224 4278 2387 4333; x_wconf 89' lang='lat' dir='ltr'><strong><em>nibus</em></strong></span> <span class='ocrx_word' id='word_1_782' title='bbox 2418 4285 2723 4333; x_wconf 89' lang='lat' dir='ltr'><strong><em>monstrare</em></strong></span> <span class='ocrx_word' id='word_1_783' title='bbox 2755 4280 3001 4349; x_wconf 81' lang='lat' dir='ltr'><strong><em>rogabat.</em></strong></span> <span class='ocrx_word' id='word_1_784' title='bbox 3052 4278 3129 4332; x_wconf 81' lang='lat' dir='ltr'><strong><em>Ex</em></strong></span> <span class='ocrx_word' id='word_1_785' title='bbox 3164 4278 3330 4333; x_wconf 87' lang='lat' dir='ltr'><strong><em>corde</em></strong></span> <span class='ocrx_word' id='word_1_786' title='bbox 3375 4277 3521 4333; x_wconf 89' lang='lat' dir='ltr'><strong><em>enim</em></strong></span> <span class='ocrx_word' id='word_1_787' title='bbox 3563 4282 3801 4330; x_wconf 84' lang='lat' dir='ltr'><strong><em>cunctos</em></strong></span> 
     </span>
    </p>
   </div>
   <div class='ocr_carea' id='block_1_104' title="bbox 2225 4365 3797 4442">
    <p class='ocr_par' dir='ltr' id='par_1_104' title="bbox 2225 4365 3797 4442">
     <span class='ocr_line' id='line_1_104' title="bbox 2225 4365 3797 4442; baseline -0.002 -19"><span class='ocrx_word' id='word_1_788' title='bbox 2225 4370 2485 4425; x_wconf 90' lang='lat' dir='ltr'><strong><em>attentius</em></strong></span> <span class='ocrx_word' id='word_1_789' title='bbox 2516 4370 2745 4426; x_wconf 86' lang='lat' dir='ltr'><strong><em>invicem</em></strong></span> <span class='ocrx_word' id='word_1_790' title='bbox 2776 4372 2999 4442; x_wconf 80' lang='lat' dir='ltr'><strong><em>diligere</em></strong></span> <span class='ocrx_word' id='word_1_791' title='bbox 3026 4371 3356 4433; x_wconf 88' lang='lat' dir='ltr'><strong><em>insinuabat,</em></strong></span> <span class='ocrx_word' id='word_1_792' title='bbox 3390 4376 3442 4424; x_wconf 87' lang='lat' dir='ltr'><strong><em>et</em></strong></span> <span class='ocrx_word' id='word_1_793' title='bbox 3470 4382 3649 4422; x_wconf 84' lang='lat' dir='ltr'><strong><em>veram</em></strong></span> <span class='ocrx_word' id='word_1_794' title='bbox 3682 4365 3797 4420; x_wconf 81' lang='lat' dir='ltr'><strong><em>fra-</em></strong></span> 
     </span>
    </p>
   </div>
   <div class='ocr_carea' id='block_1_105' title="bbox 2228 4446 3792 4527">
    <p class='ocr_par' dir='ltr' id='par_1_105' title="bbox 2228 4446 3792 4527">
     <span class='ocr_line' id='line_1_105' title="bbox 2228 4446 3792 4527; baseline -0.005 -8"><span class='ocrx_word' id='word_1_795' title='bbox 2228 4446 2537 4525; x_wconf 74' lang='lat' dir='ltr'><strong><em>ternitatem</em></strong></span> <span class='ocrx_word' id='word_1_796' title='bbox 2562 4464 2702 4519; x_wconf 87' lang='lat' dir='ltr'><strong><em>inter</em></strong></span> <span class='ocrx_word' id='word_1_797' title='bbox 2725 4480 2783 4520; x_wconf 90' lang='lat' dir='ltr'><strong><em>se</em></strong></span> <span class='ocrx_word' id='word_1_798' title='bbox 2807 4464 3005 4519; x_wconf 88' lang='lat' dir='ltr'><strong><em>habere</em></strong></span> <span class='ocrx_word' id='word_1_799' title='bbox 3024 4462 3269 4518; x_wconf 85' lang='lat' dir='ltr'><strong><em>docebat.</em></strong></span> <span class='ocrx_word' id='word_1_800' title='bbox 3299 4458 3624 4527; x_wconf 88' lang='lat' dir='ltr'><strong><em>Quotidiana</em></strong></span> <span class='ocrx_word' id='word_1_801' title='bbox 3647 4459 3792 4512; x_wconf 89' lang='lat' dir='ltr'><strong><em>enim</em></strong></span> 
     </span>
    </p>
   </div>
   <div class='ocr_carea' id='block_1_106' title="bbox 2188 4540 3793 4628">
    <p class='ocr_par' dir='ltr' id='par_1_106' title="bbox 2188 4540 3793 4628">
     <span class='ocr_line' id='line_1_106' title="bbox 2188 4540 3793 4628; baseline -0.004 -18"><span class='ocrx_word' id='word_1_802' title='bbox 2188 4540 2201 4609; x_wconf 66' lang='lat'><strong><em>.&#39;</em></strong></span> <span class='ocrx_word' id='word_1_803' title='bbox 2228 4540 2375 4612; x_wconf 87' lang='lat' dir='ltr'><strong><em>illius</em></strong></span> <span class='ocrx_word' id='word_1_804' title='bbox 2408 4556 2740 4628; x_wconf 71' lang='lat' dir='ltr'><strong><em>praedicatio,</em></strong></span> <span class='ocrx_word' id='word_1_805' title='bbox 2773 4557 2913 4611; x_wconf 90' lang='lat' dir='ltr'><strong><em>inter</em></strong></span> <span class='ocrx_word' id='word_1_806' title='bbox 2943 4563 3136 4610; x_wconf 52' lang='lat' dir='ltr'><strong><em>cetera</em></strong></span> <span class='ocrx_word' id='word_1_807' title='bbox 3156 4554 3338 4609; x_wconf 81' lang='lat' dir='ltr'><strong><em>divina</em></strong></span> <span class='ocrx_word' id='word_1_808' title='bbox 3356 4550 3629 4615; x_wconf 86' lang='lat' dir='ltr'><strong><em>mandata,</em></strong></span> <span class='ocrx_word' id='word_1_809' title='bbox 3675 4549 3793 4604; x_wconf 86' lang='lat' dir='ltr'><strong><em>haec</em></strong></span> 
     </span>
    </p>
   </div>
   <div class='ocr_carea' id='block_1_107' title="bbox 2225 4640 3797 4719">
    <p class='ocr_par' dir='ltr' id='par_1_107' title="bbox 2225 4640 3797 4719">
     <span class='ocr_line' id='line_1_107' title="bbox 2225 4640 3797 4719; baseline -0.006 -14"><span class='ocrx_word' id='word_1_810' title='bbox 2225 4656 2363 4713; x_wconf 87' lang='lat' dir='ltr'><strong><em>erat,</em></strong></span> <span class='ocrx_word' id='word_1_811' title='bbox 2398 4664 2562 4719; x_wconf 91' lang='lat' dir='ltr'><strong><em>quam</em></strong></span> <span class='ocrx_word' id='word_1_812' title='bbox 2611 4648 2666 4702; x_wconf 90' lang='lat' dir='ltr'><strong><em>in</em></strong></span> <span class='ocrx_word' id='word_1_813' title='bbox 2717 4640 2835 4717; x_wconf 86' lang='lat' dir='ltr'><strong><em>ejus</em></strong></span> <span class='ocrx_word' id='word_1_814' title='bbox 2883 4648 3186 4717; x_wconf 80' lang='lat' dir='ltr'><strong><em>exemplum</em></strong></span> <span class='ocrx_word' id='word_1_815' title='bbox 3243 4645 3406 4700; x_wconf 87' lang='lat' dir='ltr'><strong><em>etiam</em></strong></span> <span class='ocrx_word' id='word_1_816' title='bbox 3454 4644 3572 4709; x_wconf 82' lang='lat' dir='ltr'><strong><em>tibi,</em></strong></span> <span class='ocrx_word' id='word_1_817' title='bbox 3624 4642 3797 4697; x_wconf 81' lang='lat' dir='ltr'><strong><em>frater</em></strong></span> 
     </span>
    </p>
   </div>
   <div class='ocr_carea' id='block_1_108' title="bbox 2226 4734 3788 4811">
    <p class='ocr_par' dir='ltr' id='par_1_108' title="bbox 2226 4734 3788 4811">
     <span class='ocr_line' id='line_1_108' title="bbox 2226 4734 3788 4811; baseline -0.006 -15"><span class='ocrx_word' id='word_1_818' title='bbox 2226 4740 2551 4796; x_wconf 87' lang='lat' dir='ltr'><strong><em>charissime</em></strong></span> <span class='ocrx_word' id='word_1_819' title='bbox 2575 4779 2590 4805; x_wconf 90' lang='lat'><strong><em>,</em></strong></span> <span class='ocrx_word' id='word_1_820' title='bbox 2620 4741 2926 4811; x_wconf 84' lang='lat' dir='ltr'><strong><em>signiﬁcare</em></strong></span> <span class='ocrx_word' id='word_1_821' title='bbox 2966 4738 3173 4793; x_wconf 86' lang='lat' dir='ltr'><strong><em>curavi.</em></strong></span> <span class='ocrx_word' id='word_1_822' title='bbox 3196 4738 3241 4769; x_wconf 78' lang='lat'><strong>&quot;</strong></span> <span class='ocrx_word' id='word_1_823' title='bbox 3271 4734 3566 4796; x_wconf 86' lang='lat' dir='ltr'><strong><em>Bonorum,</em></strong></span> <span class='ocrx_word' id='word_1_824' title='bbox 3594 4736 3788 4805; x_wconf 86' lang='lat' dir='ltr'><strong><em>inquit,</em></strong></span> 
     </span>
    </p>
   </div>
   <div class='ocr_carea' id='block_1_109' title="bbox 2224 4828 3793 4909">
    <p class='ocr_par' dir='ltr' id='par_1_109' title="bbox 2224 4828 3793 4909">
     <span class='ocr_line' id='line_1_109' title="bbox 2224 4828 3793 4909; baseline -0.005 -21"><span class='ocrx_word' id='word_1_825' title='bbox 2224 4843 2447 4902; x_wconf 82' lang='lat' dir='ltr'><strong><em>Operam</em></strong></span> <span class='ocrx_word' id='word_1_826' title='bbox 2474 4832 2615 4909; x_wconf 86' lang='lat' dir='ltr'><strong><em>inter</em></strong></span> <span class='ocrx_word' id='word_1_827' title='bbox 2642 4838 2835 4886; x_wconf 71' lang='lat' dir='ltr'><strong><em>caetera</em></strong></span> <span class='ocrx_word' id='word_1_828' title='bbox 2868 4832 3074 4887; x_wconf 87' lang='lat' dir='ltr'><strong><em>semina</em></strong></span> <span class='ocrx_word' id='word_1_829' title='bbox 3105 4828 3167 4885; x_wconf 89' lang='lat' dir='ltr'><strong><em>ac</em></strong></span> <span class='ocrx_word' id='word_1_830' title='bbox 3191 4831 3405 4902; x_wconf 77' lang='lat' dir='ltr'><strong><em>negotia</em></strong></span> <span class='ocrx_word' id='word_1_831' title='bbox 3430 4838 3575 4893; x_wconf 89' lang='lat' dir='ltr'><strong><em>sunt,</em></strong></span> <span class='ocrx_word' id='word_1_832' title='bbox 3624 4844 3793 4899; x_wconf 88' lang='lat' dir='ltr'><strong><em>quan-</em></strong></span> 
     </span>
    </p>
   </div>
   <div class='ocr_carea' id='block_1_110' title="bbox 2227 4922 3791 4996">
    <p class='ocr_par' dir='ltr' id='par_1_110' title="bbox 2227 4922 3791 4996">
     <span class='ocr_line' id='line_1_110' title="bbox 2227 4922 3791 4996; baseline -0.004 -17"><span class='ocrx_word' id='word_1_833' title='bbox 2227 4935 2343 4979; x_wconf 91' lang='lat' dir='ltr'><strong><em>tum</em></strong></span> <span class='ocrx_word' id='word_1_834' title='bbox 2374 4925 2753 4996; x_wconf 89' lang='lat' dir='ltr'><strong><em>unusquisque</em></strong></span> <span class='ocrx_word' id='word_1_835' title='bbox 2775 4925 2915 4994; x_wconf 88' lang='lat' dir='ltr'><strong><em>sapit</em></strong></span> <span class='ocrx_word' id='word_1_836' title='bbox 2943 4931 2995 4979; x_wconf 90' lang='lat' dir='ltr'><strong><em>et</em></strong></span> <span class='ocrx_word' id='word_1_837' title='bbox 3022 4932 3220 4994; x_wconf 87' lang='lat' dir='ltr'><strong><em>potest,</em></strong></span> <span class='ocrx_word' id='word_1_838' title='bbox 3251 4931 3396 4980; x_wconf 89' lang='lat' dir='ltr'><strong><em>totus</em></strong></span> <span class='ocrx_word' id='word_1_839' title='bbox 3444 4922 3621 4976; x_wconf 91' lang='lat' dir='ltr'><strong><em>intimi</em></strong></span> <span class='ocrx_word' id='word_1_840' title='bbox 3670 4936 3791 4974; x_wconf 83' lang='lat' dir='ltr'><strong><em>cor-</em></strong></span> 
     </span>
    </p>
   </div>
   <div class='ocr_carea' id='block_1_111' title="bbox 2230 5015 3787 5089">
    <p class='ocr_par' dir='ltr' id='par_1_111' title="bbox 2230 5015 3787 5089">
     <span class='ocr_line' id='line_1_111' title="bbox 2230 5015 3787 5089; baseline -0.003 -17"><span class='ocrx_word' id='word_1_841' title='bbox 2230 5019 2337 5083; x_wconf 88' lang='lat' dir='ltr'><strong><em>dis,</em></strong></span> <span class='ocrx_word' id='word_1_842' title='bbox 2370 5025 2429 5071; x_wconf 88' lang='lat' dir='ltr'><strong><em>ut</em></strong></span> <span class='ocrx_word' id='word_1_843' title='bbox 2466 5018 2807 5089; x_wconf 65' lang='lat' dir='ltr'><strong><em>prmlibatum</em></strong></span> <span class='ocrx_word' id='word_1_844' title='bbox 2835 5023 2939 5081; x_wconf 88' lang='lat' dir='ltr'><strong><em>est,</em></strong></span> <span class='ocrx_word' id='word_1_845' title='bbox 2970 5015 3272 5072; x_wconf 87' lang='lat' dir='ltr'><strong><em>visceribus</em></strong></span> <span class='ocrx_word' id='word_1_846' title='bbox 3320 5015 3487 5071; x_wconf 89' lang='lat' dir='ltr'><strong><em>Deum</em></strong></span> <span class='ocrx_word' id='word_1_847' title='bbox 3540 5015 3787 5085; x_wconf 78' lang='lat' dir='ltr'><strong><em>diligere,</em></strong></span> 
     </span>
    </p>
   </div>
   <div class='ocr_carea' id='block_1_112' title="bbox 2225 5106 3785 5182">
    <p class='ocr_par' dir='ltr' id='par_1_112' title="bbox 2225 5106 3785 5182">
     <span class='ocr_line' id='line_1_112' title="bbox 2225 5106 3785 5182; baseline -0.007 -14"><span class='ocrx_word' id='word_1_848' title='bbox 2225 5121 2279 5168; x_wconf 89' lang='lat' dir='ltr'><strong><em>et</em></strong></span> <span class='ocrx_word' id='word_1_849' title='bbox 2306 5112 2613 5182; x_wconf 82' lang='lat' dir='ltr'><strong><em>proximum</em></strong></span> <span class='ocrx_word' id='word_1_850' title='bbox 2637 5111 2785 5166; x_wconf 80' lang='lat' dir='ltr'><strong><em>velut</em></strong></span> <span class='ocrx_word' id='word_1_851' title='bbox 2809 5108 3046 5180; x_wconf 81' lang='lat' dir='ltr'><strong><em>seipsum</em></strong></span> <span class='ocrx_word' id='word_1_852' title='bbox 3072 5110 3373 5179; x_wconf 81' lang='lat' dir='ltr'><strong><em>:abnegare</em></strong></span> <span class='ocrx_word' id='word_1_853' title='bbox 3395 5109 3633 5178; x_wconf 85' lang='lat' dir='ltr'><strong><em>seipsum</em></strong></span> <span class='ocrx_word' id='word_1_854' title='bbox 3663 5106 3785 5165; x_wconf 81' lang='lat' dir='ltr'><strong><em>sibi,</em></strong></span> 
     </span>
    </p>
   </div>
   <div class='ocr_carea' id='block_1_113' title="bbox 2225 5190 3787 5270">
    <p class='ocr_par' dir='ltr' id='par_1_113' title="bbox 2225 5190 3787 5270">
     <span class='ocr_line' id='line_1_113' title="bbox 2225 5190 3787 5270; baseline -0.007 -10"><span class='ocrx_word' id='word_1_855' title='bbox 2225 5194 2284 5260; x_wconf 86' lang='lat' dir='ltr'><strong><em>ut</em></strong></span> <span class='ocrx_word' id='word_1_856' title='bbox 2311 5190 2497 5260; x_wconf 65' lang='lat' dir='ltr'><strong><em>Iesum</em></strong></span> <span class='ocrx_word' id='word_1_857' title='bbox 2526 5203 2805 5259; x_wconf 87' lang='lat' dir='ltr'><strong><em>Christum</em></strong></span> <span class='ocrx_word' id='word_1_858' title='bbox 2833 5201 3117 5257; x_wconf 89' lang='lat' dir='ltr'><strong><em>Dominum</em></strong></span> <span class='ocrx_word' id='word_1_859' title='bbox 3150 5209 3395 5257; x_wconf 90' lang='lat' dir='ltr'><strong><em>nostrum</em></strong></span> <span class='ocrx_word' id='word_1_860' title='bbox 3422 5206 3711 5270; x_wconf 88' lang='lat' dir='ltr'><strong><em>sequatur;</em></strong></span> <span class='ocrx_word' id='word_1_861' title='bbox 3736 5203 3787 5250; x_wconf 81' lang='lat' dir='ltr'><strong><em>et</em></strong></span> 
     </span>
    </p>
   </div>
   <div class='ocr_carea' id='block_1_114' title="bbox 2222 5294 3786 5367">
    <p class='ocr_par' dir='ltr' id='par_1_114' title="bbox 2222 5294 3786 5367">
     <span class='ocr_line' id='line_1_114' title="bbox 2222 5294 3786 5367; baseline -0.007 -15"><span class='ocrx_word' id='word_1_862' title='bbox 2222 5298 2360 5353; x_wconf 90' lang='lat' dir='ltr'><strong><em>nihil</em></strong></span> <span class='ocrx_word' id='word_1_863' title='bbox 2382 5296 2504 5367; x_wconf 87' lang='lat' dir='ltr'><strong><em>ejus</em></strong></span> <span class='ocrx_word' id='word_1_864' title='bbox 2533 5296 2706 5350; x_wconf 86' lang='lat' dir='ltr'><strong><em>amori</em></strong></span> <span class='ocrx_word' id='word_1_865' title='bbox 2736 5310 3068 5366; x_wconf 70' lang='lat' dir='ltr'><strong><em>prteponere,</em></strong></span> <span class='ocrx_word' id='word_1_866' title='bbox 3102 5296 3383 5350; x_wconf 88' lang='lat' dir='ltr'><strong><em>veritatem</em></strong></span> <span class='ocrx_word' id='word_1_867' title='bbox 3423 5294 3587 5349; x_wconf 88' lang='lat' dir='ltr'><strong><em>corde</em></strong></span> <span class='ocrx_word' id='word_1_868' title='bbox 3611 5300 3663 5346; x_wconf 91' lang='lat' dir='ltr'><strong><em>et</em></strong></span> <span class='ocrx_word' id='word_1_869' title='bbox 3695 5304 3786 5343; x_wconf 89' lang='lat' dir='ltr'><strong><em>ore</em></strong></span> 
     </span>
    </p>
   </div>
   <div class='ocr_carea' id='block_1_115' title="bbox 2224 5387 3786 5461">
    <p class='ocr_par' dir='ltr' id='par_1_115' title="bbox 2224 5387 3786 5461">
     <span class='ocr_line' id='line_1_115' title="bbox 2224 5387 3786 5461; baseline -0.005 -18"><span class='ocrx_word' id='word_1_870' title='bbox 2224 5390 2470 5461; x_wconf 84' lang='lat' dir='ltr'><strong><em>proferre</em></strong></span> <span class='ocrx_word' id='word_1_871' title='bbox 2504 5388 2720 5453; x_wconf 87' lang='lat' dir='ltr'><strong><em>debere,</em></strong></span> <span class='ocrx_word' id='word_1_872' title='bbox 2752 5397 2806 5443; x_wconf 89' lang='lat' dir='ltr'><strong><em>et</em></strong></span> <span class='ocrx_word' id='word_1_873' title='bbox 2838 5398 3002 5443; x_wconf 83' lang='lat' dir='ltr'><strong><em>totam</em></strong></span> <span class='ocrx_word' id='word_1_874' title='bbox 3032 5388 3181 5458; x_wconf 84' lang='lat' dir='ltr'><strong><em>spem</em></strong></span> <span class='ocrx_word' id='word_1_875' title='bbox 3224 5387 3332 5443; x_wconf 89' lang='lat' dir='ltr'><strong><em>Deo</em></strong></span> <span class='ocrx_word' id='word_1_876' title='bbox 3376 5402 3590 5456; x_wconf 87' lang='lat' dir='ltr'><strong><em>semper</em></strong></span> <span class='ocrx_word' id='word_1_877' title='bbox 3639 5400 3786 5439; x_wconf 89' lang='lat' dir='ltr'><strong><em>com-</em></strong></span> 
     </span>
    </p>
   </div>
   <div class='ocr_carea' id='block_1_116' title="bbox 1329 5561 3783 5632">
    <p class='ocr_par' dir='ltr' id='par_1_116' title="bbox 1329 5561 3783 5632">
     <span class='ocr_line' id='line_1_116' title="bbox 1329 5561 3783 5632; baseline -0.001 -17"><span class='ocrx_word' id='word_1_878' title='bbox 1329 5564 1372 5596; x_wconf 73' lang='grc' dir='ltr'><strong><em>θ’</em></strong></span> <span class='ocrx_word' id='word_1_879' title='bbox 1395 5562 1484 5615; x_wconf 84' lang='lat' dir='ltr'><strong><em>lvo</em></strong></span> <span class='ocrx_word' id='word_1_880' title='bbox 1520 5562 1572 5616; x_wconf 89' lang='lat' dir='ltr'><strong><em>in</em></strong></span> <span class='ocrx_word' id='word_1_881' title='bbox 1608 5564 1783 5625; x_wconf 85' lang='lat' dir='ltr'><strong><em>Decr.,</em></strong></span> <span class='ocrx_word' id='word_1_882' title='bbox 1815 5579 1867 5631; x_wconf 90' lang='lat' dir='ltr'><strong><em>p.</em></strong></span> <span class='ocrx_word' id='word_1_883' title='bbox 1900 5564 1953 5627; x_wconf 88' lang='lat'><strong><em>5,</em></strong></span> <span class='ocrx_word' id='word_1_884' title='bbox 1982 5581 2031 5620; x_wconf 90' lang='lat' dir='ltr'><strong><em>c.</em></strong></span> <span class='ocrx_word' id='word_1_885' title='bbox 2058 5566 2183 5619; x_wconf 73' lang='lat'><strong><em>9.52.</em></strong></span> <span class='ocrx_word' id='word_1_886' title='bbox 2210 5566 2422 5624; x_wconf 83' lang='lat' dir='ltr'><strong><em>Anacl.,</em></strong></span> <span class='ocrx_word' id='word_1_887' title='bbox 2454 5582 2540 5632; x_wconf 81' lang='lat' dir='ltr'><strong><em>ep.</em></strong></span> <span class='ocrx_word' id='word_1_888' title='bbox 2561 5565 2613 5618; x_wconf 72' lang='lat'><strong><em>9..</em></strong></span> <span class='ocrx_word' id='word_1_889' title='bbox 2642 5564 2792 5618; x_wconf 78' lang='lat' dir='ltr'><strong><em>Alex.</em></strong></span> <span class='ocrx_word' id='word_1_890' title='bbox 2820 5564 2969 5632; x_wconf 53' lang='lat' dir='ltr'><strong><em>epﬂ.</em></strong></span> <span class='ocrx_word' id='word_1_891' title='bbox 3003 5563 3253 5632; x_wconf 71' lang='lat' dir='ltr'><strong><em>Telesph.</em></strong></span> <span class='ocrx_word' id='word_1_892' title='bbox 3277 5563 3405 5617; x_wconf 81' lang='lat' dir='ltr'><strong><em>Fab.</em></strong></span> <span class='ocrx_word' id='word_1_893' title='bbox 3430 5562 3581 5618; x_wconf 84' lang='lat' dir='ltr'><strong><em>Melc.</em></strong></span> <span class='ocrx_word' id='word_1_894' title='bbox 3610 5561 3783 5624; x_wconf 78' lang='lat' dir='ltr'><strong><em>Julius</em></strong></span> 
     </span>
    </p>
   </div>
   <div class='ocr_carea' id='block_1_117' title="bbox 892 5633 2512 5767">
    <p class='ocr_par' dir='ltr' id='par_1_117' title="bbox 892 5633 2512 5767">
     <span class='ocr_line' id='line_1_117' title="bbox 892 5633 2512 5704; baseline -0.001 -18"><span class='ocrx_word' id='word_1_895' title='bbox 892 5676 895 5677; x_wconf 43' lang='grc' dir='ltr'><em>ν</em></span> <span class='ocrx_word' id='word_1_896' title='bbox 928 5634 974 5666; x_wconf 79' lang='grc'>⁸³</span> <span class='ocrx_word' id='word_1_897' title='bbox 1001 5634 1123 5688; x_wconf 88' lang='lat' dir='ltr'><strong><em>lsai.</em></strong></span> <span class='ocrx_word' id='word_1_898' title='bbox 1156 5650 1344 5697; x_wconf 77' lang='lat' dir='ltr'><strong><em>XLVIII,</em></strong></span> <span class='ocrx_word' id='word_1_899' title='bbox 1380 5635 1448 5687; x_wconf 79' lang='grc'><strong><em>10</em></strong></span> <span class='ocrx_word' id='word_1_900' title='bbox 1471 5641 1525 5686; x_wconf 88' lang='lat' dir='ltr'><strong><em>et</em></strong></span> <span class='ocrx_word' id='word_1_901' title='bbox 1556 5650 1671 5701; x_wconf 90' lang='lat' dir='ltr'><strong><em>seq.</em></strong></span> <span class='ocrx_word' id='word_1_902' title='bbox 1727 5636 1773 5664; x_wconf 72' lang='grc'><strong><em>⁸⁸</em></strong></span> <span class='ocrx_word' id='word_1_903' title='bbox 1795 5633 1918 5689; x_wconf 83' lang='lat' dir='ltr'><strong><em>lsai.</em></strong></span> <span class='ocrx_word' id='word_1_904' title='bbox 1952 5650 2025 5692; x_wconf 93' lang='grc' dir='ltr'>ιι.</span> <span class='ocrx_word' id='word_1_905' title='bbox 2063 5636 2160 5690; x_wconf 74' lang='lat' dir='ltr'><strong><em>Set</em></strong></span> <span class='ocrx_word' id='word_1_906' title='bbox 2194 5651 2309 5704; x_wconf 75' lang='lat' dir='ltr'><strong><em>seq.</em></strong></span> <span class='ocrx_word' id='word_1_907' title='bbox 2386 5638 2430 5666; x_wconf 83' lang='grc'><strong><em>⁸⁵</em></strong></span> <span class='ocrx_word' id='word_1_908' title='bbox 2457 5636 2512 5688; x_wconf 84' lang='lat' dir='ltr'><strong><em>Is:</em></strong></span> 
     </span>
     <span class='ocr_line' id='line_1_118' title="bbox 892 5703 2512 5767; baseline 0.002 -13"><span class='ocrx_word' id='word_1_909' title='bbox 892 5721 1062 5758; x_wconf 84' lang='lat' dir='ltr'><strong><em>mare.</em></strong></span> <span class='ocrx_word' id='word_1_910' title='bbox 1172 5705 1217 5735; x_wconf 81' lang='grc'><strong><em>⁸⁸</em></strong></span> <span class='ocrx_word' id='word_1_911' title='bbox 1241 5705 1361 5758; x_wconf 84' lang='lat' dir='ltr'><strong><em>lsai.</em></strong></span> <span class='ocrx_word' id='word_1_912' title='bbox 1395 5719 1539 5761; x_wconf 67' lang='grc' dir='ltr'>ιιι-ι.</span> <span class='ocrx_word' id='word_1_913' title='bbox 1572 5704 1605 5756; x_wconf 79' lang='lat'><strong><em>&#39;5</em></strong></span> <span class='ocrx_word' id='word_1_914' title='bbox 1632 5709 1686 5755; x_wconf 86' lang='lat' dir='ltr'><strong><em>ct</em></strong></span> <span class='ocrx_word' id='word_1_915' title='bbox 1707 5719 1821 5767; x_wconf 83' lang='lat' dir='ltr'><strong><em>seq.</em></strong></span> <span class='ocrx_word' id='word_1_916' title='bbox 1925 5706 1971 5735; x_wconf 82' lang='grc'><strong><em>⁸⁸</em></strong></span> <span class='ocrx_word' id='word_1_917' title='bbox 1997 5703 2118 5758; x_wconf 86' lang='lat' dir='ltr'><strong><em>lsai.</em></strong></span> <span class='ocrx_word' id='word_1_918' title='bbox 2151 5720 2271 5767; x_wconf 77' lang='lat' dir='ltr'><strong><em>va,</em></strong></span> <span class='ocrx_word' id='word_1_919' title='bbox 2298 5706 2390 5764; x_wconf 70' lang='lat'><strong><em>25,</em></strong></span> <span class='ocrx_word' id='word_1_920' title='bbox 2424 5705 2512 5757; x_wconf 68' lang='lat'><strong><em>24.</em></strong></span> 
     </span>
    </p>
   </div>
   <div class='ocr_carea' id='block_1_118' title="bbox 2386 5632 3777 5707">
    <p class='ocr_par' dir='ltr' id='par_1_118' title="bbox 2386 5632 3777 5707">
     <span class='ocr_line' id='line_1_119' title="bbox 2386 5632 3777 5707; baseline -0.001 -22"><span class='ocrx_word' id='word_1_921' title='bbox 2386 5636 2578 5707; x_wconf 12' lang='lat' dir='ltr'><strong><em>“il‘sai.</em></strong></span> <span class='ocrx_word' id='word_1_922' title='bbox 2618 5652 2702 5707; x_wconf 72' lang='lat' dir='ltr'><strong><em>x1._.</em></strong></span> <span class='ocrx_word' id='word_1_923' title='bbox 2732 5636 2801 5686; x_wconf 73' lang='grc'><strong><em>27</em></strong></span> <span class='ocrx_word' id='word_1_924' title='bbox 2831 5646 2885 5688; x_wconf 80' lang='lat' dir='ltr'><strong><em>ct</em></strong></span> <span class='ocrx_word' id='word_1_925' title='bbox 2916 5651 3030 5707; x_wconf 55' lang='lat' dir='ltr'><strong><em>seq:</em></strong></span> <span class='ocrx_word' id='word_1_926' title='bbox 3108 5635 3295 5707; x_wconf 15' lang='lat' dir='ltr'><strong><em>“frlsai.</em></strong></span> <span class='ocrx_word' id='word_1_927' title='bbox 3331 5650 3442 5697; x_wconf 75' lang='lat' dir='ltr'><strong><em>xm,</em></strong></span> <span class='ocrx_word' id='word_1_928' title='bbox 3470 5634 3552 5707; x_wconf 38' lang='grc' dir='ltr'><strong><em>1Ῐᾷ</em></strong></span> <span class='ocrx_word' id='word_1_929' title='bbox 3601 5635 3643 5665; x_wconf 77' lang='grc'><strong><em>⁸⁷</em></strong></span> <span class='ocrx_word' id='word_1_930' title='bbox 3670 5632 3777 5707; x_wconf 81' lang='lat' dir='ltr'><strong><em>Do—</em></strong></span> 
     </span>
    </p>
   </div>
   <div class='ocr_carea' id='block_1_119' title="bbox 2592 5703 3775 5773">
    <p class='ocr_par' dir='ltr' id='par_1_119' title="bbox 2592 5703 3775 5773">
     <span class='ocr_line' id='line_1_120' title="bbox 2592 5703 3775 5773; baseline -0.003 -16"><span class='ocrx_word' id='word_1_931' title='bbox 2592 5712 2637 5740; x_wconf 71' lang='lat'><strong><em>9&quot;</em></strong></span> <span class='ocrx_word' id='word_1_932' title='bbox 2661 5705 2817 5773; x_wconf 75' lang='lat' dir='ltr'><strong><em>Greg.</em></strong></span> <span class='ocrx_word' id='word_1_933' title='bbox 2844 5720 2939 5763; x_wconf 78' lang='lat' dir='ltr'><strong><em>xtl,</em></strong></span> <span class='ocrx_word' id='word_1_934' title='bbox 2965 5703 3054 5754; x_wconf 66' lang='lat'><strong><em>:2.</em></strong></span> <span class='ocrx_word' id='word_1_935' title='bbox 3102 5705 3311 5773; x_wconf 10' lang='lat' dir='ltr'><strong><em>ri“lsai.</em></strong></span> <span class='ocrx_word' id='word_1_936' title='bbox 3343 5720 3452 5765; x_wconf 75' lang='lat' dir='ltr'><strong><em>xu,</em></strong></span> <span class='ocrx_word' id='word_1_937' title='bbox 3497 5704 3555 5756; x_wconf 78' lang='lat' dir='ltr'><strong><em>il</em></strong></span> <span class='ocrx_word' id='word_1_938' title='bbox 3592 5712 3643 5757; x_wconf 90' lang='lat' dir='ltr'><strong><em>et</em></strong></span> <span class='ocrx_word' id='word_1_939' title='bbox 3664 5703 3775 5768; x_wconf 77' lang='lat' dir='ltr'><strong><em>seq.</em></strong></span> 
     </span>
    </p>
   </div>
   <div class='ocr_carea' id='block_1_120' title="bbox 2841 5772 3782 5844">
    <p class='ocr_par' dir='ltr' id='par_1_120' title="bbox 2841 5772 3782 5844">
     <span class='ocr_line' id='line_1_121' title="bbox 2841 5772 3782 5844; baseline -0.002 -19"><span class='ocrx_word' id='word_1_940' title='bbox 2841 5776 2885 5804; x_wconf 77' lang='lat'><strong><em>&quot;</em></strong></span> <span class='ocrx_word' id='word_1_941' title='bbox 2920 5790 2968 5825; x_wconf 71' lang='grc' dir='ltr'><strong><em>ς.</em></strong></span> <span class='ocrx_word' id='word_1_942' title='bbox 3010 5775 3037 5826; x_wconf 67' lang='grc'>4</span> <span class='ocrx_word' id='word_1_943' title='bbox 3098 5772 3229 5844; x_wconf 68' lang='lat' dir='ltr'><strong><em>Reg.</em></strong></span> <span class='ocrx_word' id='word_1_944' title='bbox 3262 5773 3318 5827; x_wconf 91' lang='lat' dir='ltr'><strong><em>S.</em></strong></span> <span class='ocrx_word' id='word_1_945' title='bbox 3368 5774 3582 5827; x_wconf 67' lang='lat' dir='ltr'><strong><em>Benedic</em></strong></span> <span class='ocrx_word' id='word_1_946' title='bbox 3606 5777 3676 5837; x_wconf 89' lang='lat' dir='ltr'><strong><em>ti,</em></strong></span> <span class='ocrx_word' id='word_1_947' title='bbox 3723 5781 3782 5824; x_wconf 78' lang='lat' dir='ltr'><strong><em>ut</em></strong></span> 
     </span>
    </p>
   </div>
  </div>
