2032 3128
134 167 206 198 ’481

746 165 925 195 EPISTOLE
946 150 1181 195 DECRETALES.‘

1730 166 1782 195 (82

158 226 278 254 mittere.
290 222 448 252 Instruebat
462 226 540 251 actus
555 230 612 256 suae
622 222 684 250 vitae
696 223 771 250 omni
781 223 848 251 hora
856 227 949 251 eusto—
962 226 987 254 Α
999 231 1056 250 cere
1067 222 1148 250 nolite
1159 223 1179 251 '.
1195 222 1248 258 ipsi
1263 226 1353 251 autem
1367 220 1498 258 episcopi,
1511 223 1534 251 si
1547 222 1782 259 exorbitaverint',

157 272 226 301 dire,
238 274 266 298 et
279 270 307 297 in
320 269 395 297 omni
410 269 470 296 loeo
481 269 565 296 Deum
577 268 729 305 respicere;
742 268 856 296 ﬁrmiter
863 269 945 302 scire,

155 315 337 352 cogitationes
353 315 439 343 malas
452 315 528 342 cordi
547 322 597 342 suo
612 315 798 346 advenientes,
823 322 887 342 mox
912 315 946 343 ad

155 361 298 390 Christum
322 360 446 393 allidere,
461 364 488 388 et
512 361 701 389 sacerdotibus
723 361 831 389 Domini
857 361 946 389 mani-

155 406 269 434 festare.
294 405 332 434 Os
352 414 432 434 suum
457 413 472 432 a
494 406 612 433 multo"
637 407 679 433 vel
705 414 788 442 pravo
809 407 945 442 colloquio

154 452 306 484 custodire,
323 457 349 479 et
364 452 445 479 verba
471 459 551 485 vana,
565 456 612 478 aut
627 452 767 479 mendacia
783 460 836 480 non
852 453 943 488 loqui;

154 497 218 532 quia
233 505 264 524 os
287 496 356 532 quod
381 497 518 528 mentitur,
547 490 642 524 occidit
667 498 783 524 animam
794 499 827 526 "’.
856 499 943 527 Verba

154 542 246 570 divina
261 543 379 570 libenter
394 542 500 576 audire,
515 547 543 570 et
558 543 747 571 sacerdotibus
759 544 817 571 suis
829 545 944 572 libenter

153 589 356 623 obtemperare,
374 592 457 623 atque
471 589 628 617 obedientes
643 597 704 617 esse
723 590 848 617 docebat.
871 589 944 618 Prae-

153 635 285 663 dicationi
300 638 327 662 et
340 635 458 662 orationi
474 643 506 662 ac
524 636 634 663 lectioni
656 635 813 671 frequenter
837 637 943 664 incum-

152 680 238 714 bere,
268 683 295 708 et
320 679 507 717 eleemosynas
532 690 611 709 veras
637 684 776 718 perficere.
805 683 942 710 Desideria

151 727 246 755 carnis
261 734 317 754 non
331 727 472 762 perlicere,
490 727 536 755 sed
552 728 689 763 propriam
708 728 833 769 frangere
849 729 943 756 volun-

151 777 236 801 tatem
253 782 260 800 :
275 773 340 800 boni
355 774 456 808 aliquid
470 774 497 801 in
513 782 542 801 se
558 782 619 801 cum
643 775 753 808 viderit,
777 775 832 802 Deo
856 775 942 810 appli-

152 826 215 846 care
225 819 260 852 ”,
278 826 333 846 non
346 819 397 846 sibi
411 828 418 846 :
430 823 457 847 et
471 820 572 847 malum
588 828 601 846 a
618 828 648 848 se
664 820 764 848 factum
780 826 938 856 cognoscat,

151 869 178 892 et
202 865 256 892 sibi
279 865 393 900 imputet
402 866 435 893 ".
463 865 576 893 Multum
598 867 671 902 loqui
696 875 752 894 non
773 875 873 901 amare,
893 869 939 895 sed

149 910 290 938 custodire
305 910 375 938 labia
388 919 447 944 sua,
464 920 498 939 ne
512 912 605 939 dolum
635 916 682 939 aut
696 912 798 939 malum
823 913 940 948 loquan-

151 960 205 984 tur.
225 955 304 983 Diem
324 957 421 991 iudicii
445 959 552 990 timere,
576 958 728 994 gehennam
748 967 938 993 expavescere,

150 1001 232 1028 vitam
254 1006 384 1030 aeternam
411 1004 484 1030 omni
511 1004 733 1039 concupiscentia
762 1004 937 1040 desiderare;

150 1054 204 1074 non
221 1046 360 1080 occidere,
383 1056 437 1076 non
462 1049 622 1081 sdulterari,
640 1058 694 1078 non
711 1050 812 1078 furtum
836 1051 937 1084 facere,

149 1101 205 1120 non
227 1100 286 1120 rem
304 1094 420 1129 proximi
443 1097 650 1131 concupiscere,
674 1105 728 1124 non
746 1098 843 1124 falsum
863 1098 939 1125 testi-

149 1139 269 1166 monium
285 1139 377 1167 dicere
389 1140 433 1173 ‘°°,
455 1141 503 1168 sed
525 1149 620 1170 omnes
644 1143 768 1170 homines
791 1143 936 1177 honorare,

148 1192 249 1222 corpus
268 1186 418 1219 custodire,
440 1195 525 1215 vanas
546 1191 573 1215 et
594 1188 712 1216 caducas
734 1196 788 1216 non
810 1190 937 1225 amplecti

148 1230 272 1265 delicias,
286 1232 420 1268 jejunium
435 1236 462 1259 et
476 1233 583 1268 vigilias
598 1239 707 1261 sanctas
718 1241 819 1268 amare,
836 1243 937 1270 paupe-

147 1284 191 1305 res
202 1285 341 1311 recreare,
359 1278 447 1306 nudos
470 1279 581 1312 vestire,
606 1279 728 1308 inﬁrmos
751 1281 873 1313 tisitare,
899 1281 937 1308 si-

147 1323 246 1352 tientes
273 1328 391 1360 potare,
420 1328 543 1352 mortuos
570 1326 686 1360 sepelire
705 1346 712 1357 ,
736 1331 763 1353 et
791 1326 936 1362 diligenter

145 1377 240 1398 eorum
257 1371 402 1405 exsequias
414 1378 553 1407 peragere,
568 1379 617 1406 pro
627 1372 721 1406 eisque
735 1379 814 1400 orare
825 1377 850 1400 et
865 1373 936 1400 elee-

146 1422 277 1451 mosynas
290 1416 376 1450 dare;
398 1417 521 1445 dolentes
546 1419 694 1450 consolari,
722 1423 749 1446 et
774 1419 831 1446 suis
856 1419 935 1446 bonis

145 1462 281 1495 refovere,
294 1467 322 1491 et
337 1471 351 1490 a
367 1464 446 1491 malis
463 1464 569 1491 actibus
581 1471 610 1491 se
627 1465 745 1492 alienum
760 1464 861 1492 facere.
874 1464 934 1492 Non

145 1516 211 1536 esse
226 1510 384 1544 superbum,
403 1518 458 1537 non
473 1510 653 1543 vinolentum,
669 1518 720 1538 nec
734 1511 848 1537 multum
870 1511 935 1538 eda-

997 268 1031 296 ab
1045 268 1106 297 istis
1117 276 1171 295 non
1188 274 1252 296 sunt
1264 269 1479 304 reprehendendi
1501 269 1544 296 vel
1568 269 1710 304 arguendi,
1734 270 1781 297 sed

994 315 1200 350 supportandi‘,
1218 315 1271 342 nisi
1286 316 1313 343 in
1329 315 1381 343 fide
1393 316 1553 343 erraverint.

1032 360 1072 387 llli
1089 368 1153 395 ergo
1168 368 1250 396 super
1266 361 1334 388 istos
1351 366 1426 394 sunt,
1442 370 1496 388 non
1519 365 1608 388 autem
1631 359 1675 389 isti
1701 369 1782 396 super

996 406 1074 439 illos;
1096 407 1224 441 quoniam
1240 407 1327 441 major
1343 414 1357 433 a
1373 407 1480 434 minore
1497 415 1548 434 nec
1566 407 1653 442 argui,
1669 414 1718 434 nec
1734 408 1781 441 jn-

995 451 1080 479 dicari
1094 455 1192 486 potest.
1207 451 1304 480 Nullus
1322 460 1351 480 se
1366 453 1478 480 extollat
1488 454 1553 488 erga
1563 454 1708 480 doctores’
1724 460 1782 480 nia-

995 498 1094 533 gistros
1113 506 1188 531 suos,
1205 499 1268 533 quia
1282 499 1434 534 discipulus
1449 507 1531 534 super
1544 500 1704 534 magistrum
1720 507 1782 528 esse

994 551 1049 570 non
1064 543 1152 575 debet.
1167 552 1217 571 nec
1228 548 1317 579 potest
1330 545 1361 572 '°.
1372 543 1398 560 ’¹¹
1408 545 1504 573 Nullus
1518 546 1582 572 velit
1593 545 1645 573 diei
1657 549 1780 578 sanctus,

994 593 1138 624 antequam
1155 590 1207 623 sit;
1233 591 1279 618 sed
1296 591 1373 625 prius
1393 591 1440 623 sit,
1465 592 1527 618 ut“
1548 591 1641 619 verius
1660 592 1778 620 dicatur.

993 633 1130 670 Praecepta
1150 636 1267 669 Domini,
1294 637 1492 672 doctorumque
1517 644 1548 664 ac
1573 638 1778 673 magistrorum,

993 680 1072 707 factis
1088 682 1208 716 quotidie
1225 683 1384 717 adimplere.
1402 686 1428 710 et
1444 683 1472 709 in
1487 682 1589 711 Christi
1604 685 1715 711 nomine
1730 691 1780 718 pro

993 727 1110 756 inimicis
1124 736 1201 756 orare
1216 733 1332 763 oportet.
1351 728 1538 756 Il‘Obedientia
1554 729 1625 756 enim
1648 733 1674 756 et
1690 729 1780 755 humi-

992 773 1067 801 liatio
1095 782 1155 808 quae
1181 775 1319 809 magistris
1346 774 1455 809 agitur,
1483 774 1599 801 Domino
1622 775 1777 802 exhibetur.

994 819 1084 847 Timor
1101 820 1206 847 Domini
1227 820 1365 847 delectabit
1390 829 1445 852 cor,
1468 826 1492 847 et
1513 821 1587 848 dabit
1610 821 1730 847 la’titiam
1754 827 1779 848 et

991 866 1117 900 gaudium
1130 867 1156 893 in
1168 866 1355 901 longitudinem
1366 867 1479 893 dierum.
1496 867 1606 893 Timenti
1623 867 1704 893 Deum
1717 866 1780 894 bene

990 912 1039 937 erit
1054 912 1081 938 in
1096 913 1230 943 extremis,
1247 917 1272 939 et
1287 913 1313 939 in
1329 912 1370 939 die
1385 912 1561 947 defunctionis
1577 921 1632 939 sua:
1645 913 1779 940 benedice-

990 961 1033 983 tur
1045 958 1075 985 “.
1096 957 1141 984 Va:
1153 958 1290 985 dissolutis
1303 958 1393 990 corde,
1407 959 1451 994 qui
1467 967 1518 985 non
1533 959 1640 985 credunt
1661 959 1726 990 Deo,
1751 964 1779 987 et

988 1003 1122 1030 resistunt
1139 1004 1276 1031 mandatis
1288 1004 1359 1038 ejus,
1380 1008 1407 1031 et
1422 1002 1611 1032 inobedientes
1625 1012 1656 1031 ac
1680 1010 1778 1032 contu-

989 1056 1081 1076 maces
1096 1053 1162 1076 sunt
1184 1050 1227 1077 his
1253 1051 1300 1085 qui
1327 1051 1387 1084 ejus
1410 1051 1543 1084 legatione
1567 1050 1776 1086 funguntur:et

986 1095 1045 1121 ideo
1060 1104 1111 1122 non
1126 1101 1293 1130 protegentur
1307 1096 1340 1122 ab
1356 1105 1395 1123 eo.
1417 1096 1462 1123 Var
1477 1096 1517 1123 his
1543 1098 1588 1132 qui
1608 1097 1777 1132 perdiderunt

987 1141 1182 1174 sustinentium,
1199 1143 1243 1176 qui
1258 1142 1452 1177 dereliquerunt
1466 1144 1521 1169 vias
1539 1148 1635 1175 rectas,
1651 1148 1675 1170 et
1690 1143 1777 1170 diuer-

987 1191 1073 1214 terunt
1088 1188 1115 1215 in
1127 1189 1182 1215 vias
1195 1196 1300 1222 pravas.
1318 1189 1351 1215 Et
1361 1189 1424 1224 quid
1442 1189 1550 1223 facient,
1566 1198 1622 1216 cum
1637 1191 1761 1223 inspicere

987 1234 1090 1267 creperi!
1104 1233 1253 1262 Dominus?
1267 1235 1319 1268 Qui
1335 1236 1426 1262 timent
1441 1235 1582 1262 Dominum
1595 1255 1603 1267 ,
1628 1244 1678 1262 non
1698 1241 1775 1262 erunt

986 1279 1150 1307 incredibiles
1172 1280 1248 1307 verbo
1260 1281 1353 1308 illius:
1370 1286 1395 1308 et
1409 1281 1454 1316 qui
1475 1280 1587 1316 diligunt
1604 1281 1690 1313 illum,
1714 1290 1776 1308 σηιιη

986 1325 1124 1352 servabunt
1137 1327 1205 1352 viam
1223 1327 1306 1354 illius.
1323 1327 1376 1360 Qui
1399 1328 1489 1355 timent
1513 1328 1665 1360 Dominum,
1688 1329 1776 1364 inqui-

985 1375 1042 1397 rent
1066 1379 1124 1406 qute
1138 1371 1299 1407 beneplacita
1315 1378 1376 1400 sunt
1391 1374 1433 1400 illi
1446 1383 1455 1401 :
1470 1379 1494 1400 et
1508 1375 1551 1409 qui
1571 1375 1683 1410 diligunt
1703 1383 1773 1407 eum,

985 1417 1151 1451 replebuntur
1163 1418 1218 1453 lege
1235 1420 1326 1452 ipsius.
1343 1420 1394 1452 Qui
1406 1421 1496 1447 timent
1512 1421 1660 1453 Dominum,
1672 1430 1775 1455 pra’pa-

984 1462 1080 1490 rabunt
1096 1464 1176 1490 corda
1192 1473 1251 1497 sua,
1267 1470 1291 1491 et
1307 1466 1333 1492 in
1356 1471 1494 1500 conspectu
1517 1467 1590 1493 illius
1615 1467 1772 1501 sanctiﬁca-

985 1508 1048 1535 bunl
1064 1511 1166 1536 animus
1181 1519 1254 1537 suas.
1271 1511 1323 1544 Qui
1339 1512 1429 1539 timent
1447 1512 1599 1545 Dominum,
1621 1513 1773 1539 custodiunt

145 1563 217 1586 cem,
234 1563 287 1583 non
303 1556 515 1589 somnolentum,
536 1564 591 1584 non
606 1558 723 1592 pigrum,
739 1564 794 1584 non
813 1565 932 1584 murmu-
949 1565 970 1593 ο
987 1555 1115 1582 mandata
1130 1556 1214 1588 illius,
1226 1563 1250 1584 et
1264 1559 1419 1591 patientiam
1432 1558 1561 1585 habebunt
1579 1567 1659 1594 usque
1678 1559 1711 1585 ad
1732 1560 1773 1585 in-

143 1604 277 1633 ratorem,
294 1609 345 1629 nec
360 1602 542 1629 detractorem
557 1612 564 1635 ;
580 1603 643 1638 quia
658 1605 705 1638 qui
726 1604 854 1636 detrahit,
877 1612 931 1632 non

145 1654 175 1674 se
187 1647 208 1679 ¹,
223 1647 272 1675 sed
287 1654 314 1674 et
326 1648 425 1676 multos
440 1648 508 1676 alios
524 1648 633 1676 occidit.
646 1648 715 1675 lram
724 1657 778 1676 non
790 1650 930 1684 perﬁcere,

145 1700 195 1720 nec
208 1693 359 1720 iracundia:
374 1698 479 1729 tempus
504 1702 653 1722 reservare.
679 1695 775 1722 Dolum
799 1696 827 1722 in
849 1696 932 1724 corde

143 1746 199 1765 non
213 1743 319 1771 tenere,
336 1747 385 1766 nec
408 1747 501 1774 pacem
523 1739 619 1767 falsam
641 1741 735 1768 dare'.
761 1740 931 1769 Charitalem

143 1791 197 1811 non
211 1784 412 1820 derelinquere,
435 1793 484 1813 nec
497 1786 600 1820 jurare,
617 1794 652 1813 ne
679 1786 748 1814 forte
768 1787 929 1821 perjurium,

143 1831 216 1865 quod
240 1831 332 1858 absitl
349 1831 405 1858 fiat.
434 1831 532 1859 Malum
559 1839 609 1867 pro
631 1832 702 1859 malo
727 1840 781 1860 non
806 1833 929 1866 reddere,

143 1883 194 1904 nec
211 1877 342 1911 injuriam
355 1877 454 1910 facere,
474 1878 521 1906 sed
538 1877 635 1905 factam
656 1879 788 1913 patienter
804 1879 927 1908 suﬂ‘erre.

142 1922 273 1951 Inimicos
289 1923 400 1959 diligere
412 1943 419 1955 ,
437 1924 629 1952 maledicentes
644 1932 674 1952 se
686 1932 741 1951 non
756 1925 927 1957 maledicere,

144 1969 191 1997 sed
214 1970 304 2005 magis
316 1969 486 2002 benedicere.
502 1975 529 1998 et
545 1972 762 2005 persecutionem
779 1979 828 2006 pro
848 1972 929 2006 justi-

143 2016 181 2042 tia
194 2015 343 2043 sustinere.
361 2015 528 2043 Charitatem
541 2017 551 2032 ⁸
567 2024 669 2048 amare,
685 2021 712 2045 et
737 2019 841 2045 nullum
865 2019 929 2046 odio

143 2061 263 2094 habere;
279 2062 343 2097 quia
357 2063 401 2097 qui
411 2062 466 2089 odit
482 2063 591 2097 fratrem
606 2068 682 2090 suum
702 2064 832 2090 homicida
855 2070 893 2091 est
905 2066 926 2092 ⁵.

143 2103 295 2136 Elationem
311 2108 415 2144 fugere,
431 2110 518 2136 zelum
534 2110 635 2136 malum
650 2118 704 2137 non
726 2110 835 2141 habere.
858 2111 928 2137 invi-

143 2152 214 2181 diam
229 2161 285 2181 non
299 2162 436 2187 exercere,
452 2163 503 2183 nec
517 2156 717 2183 contentionem
740 2164 841 2183 amare.
858 2156 927 2183 Cum

141 2199 363 2229 discordantibus
378 2205 440 2229 ante
456 2202 523 2229 solis
536 2209 664 2229 occasum
676 2203 703 2229 in
718 2209 812 2236 pacem
827 2202 924 2234 redire,

103 2261 107 2264 -
141 2250 168 2274 et
181 2246 215 2274 de
229 2246 278 2274 Dei
296 2247 483 2274 misericordia
499 2255 637 2282 nunquam
657 2249 810 2282 desperare.
829 2247 926 2275 Senio-
943 2244 964 2271 D

142 2300 185 2320 res
197 2293 334 2325 venerari,
345 2298 372 2321 et
389 2294 512 2328 iuniores
524 2294 644 2329 diligere.
661 2293 820 2328 Episcopos,
838 2301 927 2321 sacer—

140 2338 218 2367 dotes
233 2347 309 2371 suos,
326 2347 358 2366 ac
372 2343 485 2367 cunctos
498 2340 618 2374 reliquos
633 2340 760 2367 Ecolesia:
774 2340 925 2373 ministros,

141 2387 223 2420 atque
237 2393 344 2413 omnem
357 2386 461 2420 plebem
473 2386 523 2414 sibi
538 2387 722 2419 commissam,
738 2387 820 2414 verbo
833 2387 926 2414 divino

140 2436 167 2458 et
181 2432 310 2459 mandato
323 2432 458 2460 instruere
473 2441 504 2460 ac
519 2433 646 2469 dirigere,
669 2433 772 2468 hosque
786 2441 881 2460 omnes
899 2437 926 2460 et

139 2484 235 2508 eorum
255 2478 399 2513 episcopos
415 2483 471 2506 tota
482 2471 679 2507 animi-virtute
692 2480 805 2514 diligere
816 2483 845 2505 ut
859 2487 925 2506 ocu-

150 2530 182 2550 os
204 2531 281 2556 suos,
306 2525 369 2559 quia
384 2525 455 2552 oculi
474 2531 537 2553 sunt
551 2515 668 2553 illorum.
686 2526 696 2541 ⁸
708 2525 807 2552 Εοι-ιιιη
824 2533 926 2559 βιωθε-

140 2569 194 2604 ptis
213 2570 242 2597 in
257 2571 385 2598 omnibus
401 2571 521 2603 obedire,
543 2572 650 2599 etiamsi
675 2572 726 2606 ipsi
745 2572 833 2603 aliter,
850 2571 922 2605 quod

139 2615 229 2644 absitl
246 2620 338 2651 agant,
358 2625 493 2645 memores
505 2618 607 2645 scilicet
617 2618 690 2645 illius
700 2617 833 2644 Dominici
854 2624 923 2652 prae-

141 2662 214 2698 cepti
231 2671 238 2689 :
255 2662 321 2695 Qua:
335 2662 436 2696 dicunt,
449 2663 527 2697 facite
543 2671 552 2689 .'
567 2672 623 2698 qua:
637 2668 723 2690 anteiit
747 2663 857 2698 faciunt,
879 2663 922 2697 fa-

544 2763 568 2779 "
581 2763 732 2790 attribuere.
766 2764 788 2780 ”
802 2764 920 2798 applicet.

175 2761 199 2777 "
208 2761 289 2789 malo.
322 2762 345 2778 "’
357 2769 418 2796 cap.
434 2772 453 2792 v.
465 2764 508 2790 11.
544 2763 568 2779 ’³
581 2763 732 2790 attribuere.
766 2764 788 2780 ”
802 2769 856 2798 appl

175 2796 468 2825 Iastitatem.itams.c.
502 2797 536 2824 ⁸1
566 2798 644 2825 Joan.
668 2806 709 2825 ιιι.
725 2799 767 2825 15.
818 2800 828 2815 ⁸
840 2801 856 2825 2

858 2820 866 2832 ν

141 2796 468 2828 ³Εαιιὶιιιιε1η,ἰιειιιιε.ε.
502 2797 536 2824 ⁸1
566 2798 644 2825 Joan.
668 2806 709 2829 ιιι,
725 2799 767 2826 15.

141 2832 193 2861 sub
216 2830 391 2867 Symmacho.
407 2866 411 2867 γ
428 2834 440 2848 ⁵
453 2833 584 2867 portandi.
622 2833 633 2848 ⁸
654 2841 694 2861 ac.

143 2869 170 2895 5.
206 2861 326 2903 "Egi-li.
343 2874 362 2899 ι,
385 2866 429 2899 12,
511 2868 547 2903 7"
566 2867 649 2903 Eceli.
666 2876 697 2899 ιι,
718 2868 753 2896 15
766 2874 792 2896 et
806 2874 863 2903 s't‘q.

143 2903 189 2932 15.
225 2903 245 2919 "
262 2900 335 2930 Psal.
349 2909 424 2935 un,
442 2902 469 2935 9,
489 2902 532 2931 11.
570 2902 592 2918 ¹⁸
606 2902 672 2931 Luc.
692 2911 752 2937 χιιι,
773 2903 808 2932 29

924 2800 939 2808 _
959 2767 993 2808 Ὺ
1003 2765 1080 2808 Deut.
1089 2776 1114 2795 ν.

733 2800 767 2826 l5.
818 2800 828 2815 '
840 2801 866 2832 2,
880 2808 908 2834 q.
924 2800 950 2829 7,
967 2800 1134 2829 δαεενᾰοιει.
1210 2804 1220 2818 ⁶
1233 2803 1326 2831 Matth.
1346 2812 1425 2835 χχιιι,
1444 2805 1471 2832 5.

733 2834 754 2850 ¹⁰
767 2834 861 2877 Matth.
882 2843 918 2868 ις
934 2835 1050 2863 Luc.vl.
1080 2838 1137 2866 “c.
1158 2838 1175 2865 4
1205 2837 1270 2890 Reg.
1290 2838 1319 2867 S.
1339 2838 1487 2868 Benedicti.

736 2868 753 2890 Ξ
766 2874 791 2890 ut
806 2876 851 2890 emt
922 2871 953 2886 ιι·
965 2870 1023 2890 βςηι
1051 2879 1134 2890 ην...
1162 2873 1195 2890 m
1257 2874 1266 2889 ιι
1283 2873 1346 2890 tm...
1367 2882 1404 2890 -..
1434 2875 1467 2890 ut:

858 2890 863 2897 .
922 2870 1035 2897 “‘Psal.
1051 2879 1145 2905 xum,
1162 2873 1206 2902 12.

858 2905 878 2919 ι’
914 2902 1045 2940 Πριοριιξι.
1064 2914 1099 2936 Iv.

983 1603 1139 1637 spectianem
1169 1603 1263 1635 illius,
1291 1604 1434 1630 dicentes:
1467 1604 1497 1631 Si
1517 1606 1693 1639 pwnitentiam
1720 1614 1772 1632 non

982 1649 1122 1683 egerimus,
1135 1650 1279 1677 incidemus
1298 1651 1324 1676 in
1340 1659 1433 1676 manus
1448 1650 1506 1683 Dei,
1524 1656 1548 1677 et
1564 1660 1614 1677 non
1632 1652 1659 1678 in
1678 1660 1771 1678 manus

982 1695 1117 1723 hominum
1129 1704 1139 1723 .‘
1155 1697 1297 1724 secundant
1308 1698 1376 1724 enim
1401 1698 1606 1732 magnitudinem
1630 1698 1714 1730 illius,
1733 1700 1771 1725 sic

982 1747 1007 1769 et
1023 1744 1205 1770 misericordia
1221 1744 1302 1778 ipsius
1314 1752 1372 1770 cum
1393 1745 1448 1777 ipso
1459 1748 1497 1770 est
1507 1744 1538 1770 ”.
1559 1743 1647 1770 Venite
1660 1744 1771 1779 (inquit)

982 1789 1042 1823 ﬁlii,
1051 1789 1138 1816 audite
1145 1798 1194 1823 me,
1207 1790 1325 1816 timorem
1336 1789 1443 1816 Domini
1451 1789 1545 1816 docebo
1557 1798 1599 1817 vos
1609 1791 1653 1817 "‘.
1665 1790 1771 1818 Currite

981 1835 1043 1861 dum
1054 1835 1204 1862 lumenvitw
1210 1836 1320 1868 habetis,
1331 1844 1361 1862 ne
1373 1836 1484 1863 tenebrat
1492 1838 1583 1864 mortis
1596 1846 1639 1864 vos
1651 1846 1770 1873 compre-

981 1881 1095 1909 hendant
1106 1882 1136 1910 η.
1152 1883 1242 1910 Omnis
1257 1883 1301 1917 qui
1318 1883 1371 1909 vult
1386 1883 1475 1915 vitam,
1488 1888 1512 1910 et
1532 1884 1603 1918 cupit
1615 1884 1700 1910 videre
1712 1884 1769 1911 dies

981 1928 1072 1960 bonos,
1087 1928 1223 1962 prohibeat
1238 1929 1356 1964 linguam
1368 1938 1444 1956 suam
1461 1938 1476 1956 α
1489 1930 1570 1961 malo,
1586 1934 1612 1956 et
1628 1930 1699 1957 labia
1711 1931 1767 1965 ejus

981 1983 1012 2001 ne
1023 1976 1164 2009 loquantur
1177 1975 1278 2002 dolum.
1298 1975 1415 2002 Dioertat
1435 1984 1451 2002 ιι
1464 1976 1546 2008 malo,
1572 1980 1596 2002 et
1617 1976 1700 2011 faciat
1720 1977 1768 2004 bo-

979 2029 1041 2047 num
1055 2029 1063 2048 :
1077 2021 1191 2055 inquirat
1205 2029 1304 2055 pacem,
1320 2026 1343 2048 et
1355 2026 1524 2056 persequatur
1535 2030 1592 2048 eam
1602 2031 1612 2049 :
1624 2023 1685 2057 quia
1699 2024 1769 2049 oculi

978 2066 1087 2093 Domini
1103 2075 1179 2101 super
1189 2067 1288 2101 justus,
1303 2072 1327 2094 et
1338 2076 1414 2094 aures
1428 2067 1484 2101 ejus
1506 2067 1540 2093 ad
1562 2075 1649 2101 preces
1665 2077 1766 2095 eorum.

985 2112 1076 2139 Vultus
1103 2118 1189 2139 autent
1214 2112 1321 2140 Domini
1351 2121 1429 2147 super
1462 2113 1585 2147 facientes
1612 2114 1684 2140 mala
1701 2134 1708 2145 ,
1737 2118 1768 2140 ut

977 2159 1068 2191 perdat
1082 2158 1114 2184 de
1128 2163 1197 2185 terra
1212 2159 1363 2185 memoriam
1373 2167 1462 2185 eorum
1472 2159 1514 2185 η’.
1526 2159 1668 2193 Propterea
1684 2160 1766 2187 nolite

978 2206 1036 2239 ﬁeri
1048 2206 1114 2231 sicui
1127 2213 1206 2239 equus
1222 2210 1246 2231 et
1268 2206 1366 2236 mulus,
1387 2206 1413 2231 in
1436 2206 1529 2240 quibus
1541 2214 1591 2232 non
1605 2211 1644 2232 est
1663 2206 1766 2233 intelle—

978 2256 1045 2277 ctus.
1060 2250 1111 2278 Sed
1128 2252 1254 2278 [τρισπιίηί
1268 2252 1295 2278 in
1310 2251 1433 2283 Domino,
1454 2257 1478 2278 et
1500 2253 1630 2278 exsultate
1646 2253 1725 2286 justi,
1739 2257 1764 2280 et

978 2298 1130 2332 gloriamini
1150 2306 1236 2325 omnes
1248 2298 1312 2324 recti
1332 2298 1409 2325 corde
1422 2298 1453 2325 ”.
1475 2298 1545 2331 Quia
1567 2298 1643 2325 multi
1663 2299 1764 2325 uenient

979 2343 1011 2370 ab
1026 2345 1125 2370 oriente
1146 2349 1170 2371 et
1191 2344 1340 2376 occidente,
1357 2343 1472 2371 Domino
1497 2344 1615 2376 dicente,
1636 2350 1663 2371 et
1682 2353 1696 2371 ιι
1719 2354 1763 2372 se—

978 2391 1130 2424 ptentrione
1144 2395 1224 2425 atque
1236 2391 1357 2422 meridie,
1369 2396 1394 2418 et
1403 2391 1548 2418 recumbenl
1560 2399 1617 2417 cum
1628 2391 1762 2417 Abraham

977 2440 1002 2461 et
1025 2435 1105 2462 Isaac
1128 2435 1288 2464 etJacob".
1315 2436 1429 2472 Propta‘
1446 2438 1517 2472 quod
1529 2438 1560 2468 ",
1578 2437 1709 2472 deprecor
1724 2442 1760 2469 te,

977 2480 1061 2508 frater
1076 2482 1248 2515 charissime,
1261 2486 1290 2509 ut
1312 2482 1410 2510 doceas
1432 2484 1562 2511 attentius
1576 2484 1647 2510 hunc
1663 2485 1761 2518 pranli—

975 2528 1091 2555 cationis
1104 2528 1225 2556 ordinem
1249 2533 1276 2556 et
1289 2529 1489 2556 absolutionum
1500 2530 1569 2560 dies,
1582 2534 1611 2556 ut
1623 2530 1761 2557 solventur

974 2573 1071 2600 anima:
1093 2574 1243 2606 hominum,
1260 2582 1327 2610 qua:
1349 2575 1456 2602 occulta
1482 2575 1528 2602 Dei
1549 2576 1661 2606 virtute,
1678 2584 1758 2610 quem

973 2618 1090 2646 debeant
1104 2620 1225 2655 diligere,
1240 2621 1399 2656 priusquam
1419 2621 1578 2653 doceantur,
1594 2625 1756 2655 agnoscunt.

973 2663 1091 2699 Operum
1107 2673 1172 2693 vero
1187 2667 1257 2693 ratio
1273 2667 1400 2701 potestati
1414 2673 1441 2694 et
1456 2668 1568 2694 arbitrio
1582 2667 1756 2701 uniuscujus-

1153 2768 1160 2784 ³
1174 2765 1192 2795 f.
1204 2775 1231 2794 se
1242 2765 1338 2800 solum,
1350 2773 1386 2795 ita
1401 2769 1532 2797 msJust.
1570 2770 1754 2803 'pra’tendere.

1210 2804 1220 2818 ⁶
1233 2803 1326 2831 Matth.
1346 2812 1425 2835 χχιιι,
1444 2805 1471 2832 5.
1508 2804 1613 2835 Τϐοιιρ.
1630 2804 1709 2833 Rom.
1726 2813 1753 2837 v,

1526 2840 1533 2856 ¹
1559 2848 1619 2875 quo.
1660 2840 1680 2855 ⁸³
1691 2847 1754 2874 cap.

1278 2873 1417 2908 Joan.xn,
1433 2875 1478 2904 35.
1525 2873 1632 2903 “'Psal
1655 2873 1754 2908 sunt.
