4064 6256
563 314 672 373 683
1380 310 1437 369 S.
1471 310 1865 368 CLEMENTIS
1898 311 1917 365 l
1954 311 2123 370 ROM.
2162 310 2365 366 PONT.
2407 309 2632 366 OPERA
2669 306 2894 363 DUBIA.
3710 302 3809 359 ιει

561 441 670 498 que
699 424 1057 496 permittitur,
1090 433 1146 481 et
1176 425 1281 480 hoc
1303 426 1546 497 ipsorum
1578 434 1663 483 est
1710 427 2012 498 proprium.
2038 427 2140 483 De—
2166 437 2213 495 Α
2245 428 2362 483 sine
2396 426 2563 480 dubio
2607 432 2661 481 et
2698 427 2851 480 vacui
2892 425 2960 479 ab
3013 424 3268 496 Operibus
3305 424 3466 479 bonis
3519 439 3815 495 pergemus

555 519 823 576 siderium
869 533 999 572 vero
1030 518 1228 573 habere
1258 536 1385 591 erga
1422 520 1697 575 doctorem
1738 521 2003 586 veritatis,
2036 520 2140 575 hoc
2240 518 2308 573 ad
2373 516 2566 584 Deum,
2612 518 2704 572 ubi
2744 518 3013 586 judicium
3059 533 3282 588 operum
3332 525 3641 570 nostrorum
3693 520 3809 575 tiet.

556 625 586 663 a
639 609 802 665 Patre
844 609 1053 665 cmlesti
1086 608 1346 665 donatum
1375 618 1476 668 est.
1511 611 1614 667 Sed
1645 614 1796 668 salus
1834 613 1890 667 in
1922 628 1986 669 eo
2030 623 2134 679 est,

557 712 618 757 ut
647 702 984 757 voluntatem
1032 701 1175 771 ejus,
1216 704 1376 772 cujus
1411 720 1653 760 amorem
1702 714 1756 761 et
1781 706 2133 773 desiderium,

537 792 675 881 'iDeo
727 794 1011 864 largiente,
1041 796 1380 865 conceperis,
1403 795 1606 863 facias;
1642 813 1710 853 ne
1725 798 1942 851 dicatur
1956 814 2136 853 sermo

558 887 680 956 ejus
711 886 777 942 ad
809 902 930 951 nos,
962 903 1123 957 quem
1150 887 1293 943 idem
1315 889 1455 943 dixit
1481 906 1496 944 :
1533 890 1673 956 Quid
1695 900 1867 944 autem
1896 908 1975 945 me
2002 891 2135 946 dici—

564 980 657 1047 tis,
684 978 929 1043 Domine,
959 979 1200 1044 Domine,
1237 990 1287 1035 et
1319 998 1421 1035 non
1448 981 1628 1051 facitis
1660 1000 1777 1053 qua:
1799 982 1918 1036 dico
1936 983 2019 1036 ὀἳ
2040 983 2134 1039 Est

557 1084 690 1139 ergo
723 1073 927 1142 proprii
971 1074 1234 1139 muneris,
1296 1082 1357 1128 ut
1410 1076 1787 1146 unusquisque
1829 1077 1920 1141 sit,
1971 1086 2134 1147 prout

560 1162 824 1221 Dominus
865 1174 1053 1221 noster
1080 1166 1310 1230 dederit,
1336 1167 1610 1237 perfectus
1633 1169 1686 1221 in
1720 1168 1981 1232 Ecclesia,
2007 1170 2133 1223 mit-

557 1263 790 1327 tensque
827 1259 1035 1313 semina
1064 1258 1272 1325 divina,
1303 1268 1363 1314 ut
1388 1260 1456 1314 de
1486 1261 1664 1326 nobis,
1698 1277 1804 1316 non
1838 1263 2131 1331 praedictus

556 1363 763 1413 sermo,
796 1348 893 1403 sed
925 1350 1013 1405 ille
1042 1350 1278 1416 dicatur,
1307 1368 1466 1422 quem
1492 1353 1621 1407 alibi
1652 1352 1915 1409 Dominus
1945 1363 2131 1411 noster

556 1439 739 1494 dixit:
794 1440 947 1506 Ideo,
996 1443 1196 1513 inquit,
1239 1445 1409 1498 omnis
1444 1444 1620 1498 scriba
1661 1445 1846 1500 doctus
1877 1448 1933 1499 in
1973 1463 2129 1511 regno

555 1531 830 1597 caelorum,
860 1534 1055 1589 similis
1077 1545 1156 1590 est
1188 1537 1386 1590 homini
1429 1538 1834 1606 patrifamilias,
1871 1540 1961 1609 qui
2001 1555 2128 1608 pro-

556 1624 660 1693 fert
681 1625 747 1679 de
769 1626 1014 1681 thesauro
1040 1645 1137 1682 suo
1161 1646 1291 1683 nova
1320 1638 1369 1682 et
1396 1638 1565 1683 vetera
1582 1631 1647 1683 “.
1688 1628 1879 1686 Nullus
1914 1647 2043 1702 ergo
2060 1634 2125 1699 ",

557 1716 757 1786 inquit,
793 1718 1053 1789 impediat
1081 1722 1349 1787 ordinem,
1381 1730 1475 1776 aut
1506 1724 1684 1777 locum
1722 1731 1949 1793 occupet
1985 1726 2128 1779 irra-

554 1809 910 1877 tionabiliter,
929 1814 1014 1868 vel
1036 1824 1338 1884 temporum
1358 1823 1627 1886 permutet
1648 1817 1818 1883 vices;
1843 1821 1937 1872 sed
1957 1817 2133 1887 primo

552 1916 675 1970 qua:
704 1902 776 1958 sit
799 1903 1017 1973 justitia
1045 1906 1186 1976 ejus,
1226 1924 1349 1978 quae
1374 1909 1643 1973 voluntas,
1678 1908 2040 1979 requiramus,
2074 1917 2134 1964 ut

554 1995 717 2051 bonis
746 1998 1007 2067 operibus
1029 2014 1094 2054 ac
1122 1998 1216 2056 Dei
1248 2002 1423 2072 gratia
1453 2003 1780 2072 repleamur.
1808 2000 1952 2057 Deus
1986 2003 2132 2058 enim

554 2084 643 2141 his
681 2089 775 2159 qui
810 2098 960 2147 recte
999 2094 1245 2148 sentiunt
1312 2104 1367 2150 et
1412 2095 1554 2150 bona
1597 2103 1765 2166 agunt
1812 2101 2131 2165 prastoesto

553 2180 817 2248 quoniam
848 2182 940 2239 hic
967 2185 1284 2241 manifestat
1311 2186 1575 2257 seipsum.
1607 2185 1742 2240 Nam
1773 2187 1821 2242 si
1851 2188 1976 2260 quis
2003 2190 2133 2244 velit

553 2269 876 2344 (antequam
906 2283 1063 2333 actus
1107 2292 1239 2333 suos
1276 2277 1548 2350 emendet)
1592 2278 1660 2339 de
1694 2278 1782 2333 his
1823 2279 2124 2349 requirere,

557 2375 679 2429 quae
699 2381 809 2421 non
843 2374 1023 2437 potest
1048 2368 1313 2434 invenire,
1338 2370 1505 2425 stulta
1534 2376 1589 2424 et
1616 2368 1859 2425 inellicax
1883 2371 1989 2427 erit
2024 2371 2126 2427 hu-

551 2452 798 2524 jusmedi
842 2458 1147 2530 inquisitio.
1190 2458 1426 2533 Tempus
1472 2462 1617 2516 enim
1668 2461 1832 2519 breve
1854 2470 1959 2532 est,
1983 2472 2039 2519 ct
2068 2465 2125 2519 in

550 2546 763 2617 judicio
786 2549 879 2607 Dei
897 2560 1173 2622 gestorum
1197 2568 1365 2611 causa
1388 2556 1584 2625 agitur,
1607 2571 1716 2611 non
1739 2556 2123 2626 quaestionum.

556 2637 791 2712 Ideoque
819 2651 947 2700 ante
973 2645 1156 2700 omnia
1202 2646 1305 2702 hoc
1349 2662 1681 2717 quaeramus,
1727 2648 1860 2718 quid
1902 2664 2003 2704 nos
2038 2658 2132 2704 aut

556 2733 793 2802 qualiter
810 2751 973 2807 agere
997 2747 1263 2809 oporteat,
1294 2749 1357 2796 ut
1384 2752 1641 2796 aeternam
1671 2742 1839 2796 vitam
1862 2743 2127 2817 consequi

556 2838 886 2885 mereamur.
920 2828 1055 2884 Nam
1098 2830 1145 2886 si
1177 2833 1430 2903 exiguum
1462 2833 1827 2904 hoctempus
1862 2834 1985 2889 vitae.
2032 2849 2129 2904 per

557 2918 749 2976 inanes
775 2936 1110 2993 occupamus
1155 2932 1210 2979 et
1251 2924 1472 2981 inutiles
1524 2926 1879 2996 quaestiones,
1930 2926 2126 2981 inanes

574 3091 1475 3117 ——-————_——-

2240 611 2588 682 Unaquaeque
2615 613 2812 666 etenim
2842 626 2928 665 res
2952 625 3109 665 suum
3154 619 3365 678 tempus
3414 608 3575 663 habet
3622 616 3677 663 et
3724 610 3874 713 1οηεδ

2236 719 2381 759 cum.
2407 705 2452 735 ”
2493 702 2729 775 Operum
2772 703 2861 757 hic
2902 703 3077 765 locus,
3116 701 3219 755 hoc
3251 708 3466 769 tempus
3494 709 3608 767 est;
3641 702 3814 756 meri-

2236 802 2439 859 torum,
2474 796 2733 851 sazculum
2760 794 3022 848 futurum.
3051 793 3319 848 Curratur
3343 794 3509 863 igitur
3536 809 3635 863 per
3661 793 3810 848 viam

2232 887 2614 942 mandatorum
2644 887 2762 951 Dei,
2791 897 2844 941 et
2874 901 2903 939 a
2932 887 3214 941 beatorum
3266 895 3659 956 praceptorum
3699 885 3815 939 Do-

2232 980 2367 1033 mini
2418 979 2708 1043 institutis,
2747 987 2801 1033 et
2832 994 2861 1031 a
2901 977 3138 1049 Spiritus
3183 977 3355 1033 sancti
3398 978 3646 1031 doctrina
3694 992 3811 1031 non

2232 1070 2540 1125 recedatur.
2570 1071 2911 1141 Quapropter
2937 1070 3292 1140 praeparanda
3324 1078 3451 1124 sunt
3494 1070 3658 1124 corda
3706 1085 3813 1125 nov

2232 1171 2345 1216 stra
2372 1178 2436 1217 ac
2463 1178 2713 1234 corpora,
2758 1172 2961 1217 sancta:
2994 1163 3373 1216 mandatorum
3402 1162 3520 1231 ejus
3551 1177 3814 1217 suorum-

2231 1269 2338 1323 que
2385 1256 2768 1326 episcoporum
2835 1270 2899 1309 ac
2953 1254 3432 1325 praedicatorum“
3484 1253 3814 1309 obedientiae

2230 1346 2567 1413 militatura,
2620 1355 2681 1401 ut
2723 1349 3067 1417 sumgratia!
3106 1346 3295 1415 jubcat
3342 1346 3500 1401 nobis
3540 1347 3813 1400 auxilium

2231 1440 2553 1505 ministrari,
2587 1449 2640 1495 et
2670 1440 2939 1511 fugientes
2962 1440 3222 1510 gehennae
3251 1454 3493 1509 pinnam,
3521 1438 3587 1493 ad
3633 1439 3811 1493 vitam

2229 1531 2508 1587 valeamus
2530 1546 2721 1587 omnes
2748 1533 3032 1601 pervenire
3062 1540 3343 1587 aeternam.

2300 1623 2345 1654 "
2372 1623 2494 1677 llaec
2526 1624 2731 1693 itaque,
2763 1622 2932 1678 frater
2964 1623 3292 1679 cbarissime
3336 1622 3559 1688 Jacobe,
3600 1624 3668 1678 ab
3706 1638 3810 1679 ore

2234 1718 2409 1771 sancti
2456 1714 2599 1770 Petri
2638 1716 2882 1784 jubentis
2938 1716 3142 1784 accepi,
3185 1715 3414 1785 tibique,
3454 1723 3512 1770 ut
3550 1716 3808 1786 optabas,

2164 1785 2516 1864 Binsinuare
2565 1809 2772 1875 studui,
2829 1817 2888 1861 ut
2945 1807 3153 1862 servari
3210 1810 3393 1861 omnia
3451 1808 3811 1862 immaculata

2232 1904 2538 1972 praecipias,
2578 1902 2707 1972 quia
2742 1900 3115 1957 ecclesiastica
3151 1916 3256 1955 non
3286 1910 3498 1972 oportet
3529 1902 3812 1971 negligen-

2229 2002 2333 2061 ter,
2365 1996 2458 2050 sed
2488 1995 2776 2066 diligenter
2803 1995 3005 2065 expleri
3038 1995 3275 2064 negotia.
3329 1993 3453 2049 Hac
3489 2010 3619 2064 ergo
3664 2011 3813 2064 pra:-

2232 2095 2391 2158 cepta
2438 2104 2599 2143 nemo
2648 2087 2835 2143 credat
2876 2088 3083 2158 absque
3118 2090 3204 2157 sui
3247 2088 3489 2158 periculo
3536 2088 3812 2158 negligere

2233 2180 2319 2236 vel
2352 2179 2722 2243 dissimulare,
2770 2179 2900 2250 quia
2946 2179 3000 2233 in
3034 2179 3245 2250 judicio
3292 2179 3385 2235 Dei
3430 2180 3572 2250 ignis
3613 2180 3809 2235 interni

2232 2278 2502 2327 tormenta
2528 2272 2860 2342 hustinebit,
2902 2272 2994 2342 qui
3033 2272 3407 2328 ecclesiastica
3452 2272 3669 2328 decreta
3709 2288 3813 2327 ne-

2230 2365 2477 2436 glexerit.
2509 2364 2613 2431 Qui
2634 2381 2764 2420 vero
2790 2372 2840 2419 te
2858 2364 3112 2439 audierit,
3138 2375 3199 2421 ut
3229 2365 3472 2435 jusserat
3496 2367 3745 2421 minister
3761 2366 3812 2398 "

2230 2455 2437 2513 Christi
2457 2456 2610 2522 Jesu,
2642 2459 2868 2530 gloriam
2894 2457 3142 2527 accipiet.
3172 2456 3275 2524 Qui
3299 2466 3479 2513 autem
3496 2465 3554 2513 te
3575 2476 3683 2514 non
3706 2474 3811 2513 au-

2231 2550 2415 2617 dierit,
2445 2550 2556 2605 imo
2597 2549 2905 2620 loquentem
2957 2548 3241 2606 Dominum
3289 2567 3385 2622 per
3416 2558 3492 2617 te,
3536 2550 3652 2620 ipse
3699 2551 3809 2606 sibi

2230 2644 2631 2700 damnationem
2651 2642 2899 2713 accipiet.
2918 2642 3229 2700 Curandum
3246 2645 3290 2676 "
3311 2660 3440 2715 ergo
3456 2650 3509 2699 et
3523 2641 3811 2698 attenden-

2227 2739 2357 2794 dum
2384 2746 2468 2794 est
2495 2736 2654 2792 nobis
2683 2734 2959 2799 omnibus,
2980 2736 3124 2807 quod
3147 2737 3200 2795 in
3219 2745 3538 2817 perpetuum
3564 2736 3807 2807 expedit,

2230 2842 2289 2888 ut
2308 2832 2508 2888 Christi
2536 2828 2886 2901 passionibus
2913 2844 3008 2898 per
3049 2830 3364 2901 patientiam
3387 2831 3807 2901 participemus,

2231 2934 2399 2998 atque
2419 2923 2578 2997 regni
2610 2922 2735 2991 ejus
2776 2936 3083 2976 mereamur
3122 2938 3245 2980 esse
3272 2932 3576 2981 consortes.
3604 2925 3804 2979 Amen.

1724 3222 2308 3319 EPISTOLA
2344 3208 2391 3243 ’⁸
2486 3229 2621 3317 II.

1552 3416 1661 3479 AD
1694 3419 2063 3485 JACOBUM
2109 3422 2498 3487 FRATREM
2538 3424 2858 3493 DOMINI.

1753 3581 1831 3638 De
1858 3585 2085 3640 sacratis
2113 3587 2342 3644 vestibus
2372 3597 2422 3643 et
2457 3590 2617 3645 uasis.

637 3852 884 3910 Census
935 3854 980 3887 ”
1018 3852 1280 3910 Romanae
1329 3851 1588 3911 Ecclesia:
1648 3855 1884 3927 pracsul,
1930 3856 2130 3915 Jacoso
2157 3868 2198 3925 c
2230 3860 2361 3917 Iesu
2391 3858 2596 3916 Christi
2649 3862 2696 3917 si
2728 3862 3062 3936 negligenter
3105 3871 3379 3934 erogetur,
3425 3872 3479 3918 et
3517 3864 3803 3934 presbyter

563 3945 1065 4017 Hierosolymorum
1097 3947 1374 4018 episcopo.

635 4041 680 4073 ³⁸
711 4039 1006 4108 Quoniam,
1039 4040 1181 4095 sicut
1204 4058 1234 4096 a
1262 4041 1423 4097 beato
1446 4040 1606 4097 Petro
1630 4042 1878 4113 apostolo
1909 4044 2128 4114 accepi-

564 4147 708 4198 mus,
739 4133 984 4189 omnium
1017 4133 1390 4204 apostolorum
1419 4134 1601 4199 Patre,
1634 4136 1728 4204 qui
1765 4118 2129 4208 claves_regni

560 4224 807 4280 cmlestis
836 4225 1066 4295 accepit,
1094 4225 1329 4296 qualiter
1355 4232 1541 4281 tenere
1567 4227 1827 4284 debemus
1853 4228 1919 4285 de
1948 4243 2130 4285 sacra-

559 4317 778 4382 mentis,
810 4331 932 4388 quae
961 4324 1226 4388 geruntur
1260 4318 1316 4373 in
1358 4320 1589 4384 sanctis,
1621 4329 1673 4375 te
1709 4335 1775 4376 ex
1804 4320 1995 4378 ordine
2031 4337 2133 4378 nos

574 4407 718 4463 ieeet
749 4408 1043 4464 instruere.
1080 4409 1124 4441 “
1145 4408 1346 4466 Tribus
1373 4412 1519 4466 enim
1549 4411 1809 4482 gradibus
1838 4414 2133 4470 commissa

562 4510 693 4558 sunt
756 4509 1101 4557 sacramenta
1148 4501 1460 4559 divinorum
1515 4511 1891 4572 secretorum,
1943 4508 1997 4563 id
2048 4516 2135 4565 est

563 4593 906 4665 presbytero,
940 4594 1176 4649 diacono
1216 4603 1271 4650 et
1292 4596 1544 4652 ministro
1567 4597 1632 4666 ",
1664 4598 1758 4668 qui
1785 4613 1908 4653 cum
1938 4600 2135 4657 timore

563 4692 621 4740 et
665 4692 901 4739 tremore
962 4686 1318 4751 clericorum,
1382 4688 1643 4757 reliquias
1703 4688 2130 4760 fragmentorum

562 4778 813 4849 corporis
857 4777 1127 4835 Dominici
1168 4780 1447 4837 custodire
1480 4782 1717 4846 debent,
1758 4798 1829 4837 ne
1875 4798 1982 4853 qua
2025 4799 2129 4853 pu-

560 4871 721 4928 tredo
777 4872 838 4927 in
878 4873 1123 4928 sacrario
1177 4872 1486 4929 inveniatur
1534 4889 1605 4929 ne
1632 4888 1756 4929 cum
1799 4874 2133 4945 negligenter

563 4963 747 5035 agitur
760 4963 827 5028 ³³,
853 4964 1090 5034 portioni
1123 4964 1370 5036 corporis
1406 4963 1619 5020 Domini
1657 4965 1841 5036 gravis
1864 4966 2133 5022 inferatur

563 5055 788 5127 injuria.
838 5056 1166 5113 Communio
1211 5058 1359 5129 enim
1400 5058 1648 5129 corporis
1695 5056 1907 5113 Domini
1958 5059 2131 5114 nostri

638 5204 688 5235 ¹⁶
720 5202 855 5259 Luc.
888 5217 963 5268 vi,
989 5201 1082 5257 46.
1194 5202 1241 5236 ’ί
1274 5200 1465 5257 Matth.
1499 5216 1622 5267 xm,
1645 5200 1736 5257 52.

1850 5206 1895 5237 ”
1930 5202 2203 5276 Recognit.
2233 5203 2289 5258 2.

2040 5274 2087 5309 ³⁷
2110 5274 2449 5330 currendum.

2240 3952 2453 4007 minora
2483 3968 2592 4006 non
2627 3961 2782 4008 curet
2814 3955 3111 4011 admonere
3147 3954 3351 4018 ollicia,
3383 3953 3533 4024 gravi
3574 3954 3803 4009 anathe-

2238 4052 2384 4099 mate
2414 4044 2458 4077 ³⁸
2486 4052 2541 4099 et
2564 4045 2726 4115 digna
2755 4046 3153 4101 humiliationis
3182 4047 3336 4117 plaga
3368 4045 3610 4100 feriatur.
3641 4044 3802 4099 Certe

2236 4143 2390 4190 tanta
2426 4136 2483 4191 in
2524 4136 2568 4168 ³⁸
2607 4136 2803 4191 altario
2850 4137 3171 4193 holoeausta
3216 4137 3543 4201 offerantur,
3594 4144 3803 4206 quanta

2236 4229 2441 4300 populo
2471 4227 2717 4285 sufﬁcere
2758 4229 3008 4286 debeant.
3050 4229 3205 4296 Quod
3245 4230 3293 4285 si
3328 4229 3713 4295 remanserint,
3746 4228 3802 4283 in

2236 4322 2541 4378 crastinum
2572 4322 2617 4352 ³⁸
2643 4337 2752 4376 non
2791 4329 3174 4386 reserventur,
3216 4319 3310 4375 sed
3360 4334 3482 4372 cum
3520 4319 3717 4373 timore
3749 4327 3804 4373 et

2235 4420 2494 4480 tremore,
2545 4414 2869 4470 clericorum
2918 4412 3197 4483 diligentia
3237 4420 3655 4467 consumantur.
3698 4409 3803 4476 Qui

2235 4515 2418 4563 autem
2458 4507 2676 4562 residua
2724 4506 2972 4575 corporis
3019 4504 3256 4569 Domini,
3293 4519 3414 4574 quae
3460 4503 3516 4557 in
3559 4504 3804 4558 sacrario

2234 4600 2424 4655 relicta
2458 4606 2607 4663 sunt,
2633 4600 2675 4630 ³⁷
2702 4603 3052 4661 consumunt,
3085 4612 3192 4650 non
3221 4596 3406 4651 statim
3450 4595 3517 4649 ad
3556 4610 3805 4648 commu-

2234 4708 2335 4748 nes
2390 4690 2737 4762 accipiendos
2790 4689 2945 4744 cibos
2998 4688 3361 4754 Conveniam;
3414 4702 3484 4740 ne
3525 4686 3569 4718 ³⁸
3607 4692 3804 4757 putent

2236 4794 2439 4840 sancta:
2482 4783 2720 4854 portioni
2758 4782 3101 4837 commisceri
3134 4781 3337 4844 cibum,
3369 4781 3461 4850 qui
3494 4795 3593 4849 per
3630 4795 3805 4849 aqua-

2236 4878 2432 4933 liculos
2482 4876 2745 4948 digestus,
2798 4875 2852 4929 in
2907 4890 3185 4929 secessum
3239 4872 3502 4927 funditur.
3556 4871 3615 4926 Si
3672 4889 3803 4943 ergo

2233 4980 2396 5019 mane
2450 4964 2730 5021 Dominica
2769 4965 2944 5034 portio
2986 4964 3187 5024 editur,
3241 4977 3413 5032 usque
3467 4963 3536 5017 ad
3589 4972 3802 5019 sextam

2231 5057 2482 5128 jejunent
2531 5057 2770 5114 ministri
2815 5057 2909 5128 qui
2957 5071 3078 5112 eam
3120 5060 3605 5125 consumpserunt.
3652 5054 3721 5110 Et
3760 5058 3803 5111 si

2402 5203 2450 5235 "
2475 5200 2670 5267 Clem.,
2711 5216 2796 5270 ep.
2829 5201 2883 5254 ’5.

2995 5197 3043 5231 ’⁸
3067 5196 3217 5269 Prtef.
3253 5196 3396 5269 Reg.'
3432 5183 3491 5252 S.
3528 5192 3813 5269 Benedicti

2561 5274 2605 5303 ’“‘
2638 5274 2692 5326 In
2730 5268 2900 5325 altero
2933 5285 2962 5321 c
2995 5285 3127 5323 mss.
3164 5268 3398 5332 nostris,
3447 5268 3541 5336 qni
3590 5277 3721 5322 sunt
3748 5283 3811 5336 ex

548 5274 595 5306 "
627 5274 826 5337 Clem.,
854 5288 941 5343 ep.
972 5273 1029 5327 2.
1140 5272 1187 5305 “
1219 5273 1368 5327 utilis
1400 5272 1527 5343 erit_
1548 5288 1620 5324 τη.
1656 5272 1711 5326 J.
1754 5273 1816 5328 (Ι.
1850 5282 1921 5330 et.
2040 5272 2089 5309 ’ί
2110 5293 2130 5329 c

2231 5274 2459 5343 'endum.
2561 5274 2605 5303 ’“‘
2638 5274 2692 5326 In
2730 5273 2900 5325 altero
2916 5285 2962 5343 _c
2995 5285 3127 5323 mss.
3164 5272 3417 5343 nostris,_
3447 5272 3541 5343 qui
3590 5277 3721 5343 sunt
3748 5283 3817 5342 ex.

548 5337 1012 5417 antiquissimist
1051 5343 1440 5417 titulus_es_t_:
1497 5339 1636 5417 Item
1691 5345 1916 5417 epistola
1982 5356 2361 5417 praeceptorum
2419 5342 2491 5417 ‘S.
2551 5343 2837 5417 Clementis
2904 5337 3090 5417 Papia,
3154 5337 3816 5417 missa_.lr_1‘cobo_fra_rri

548 5406 785 5483 Domini.
850 5413 907 5468 ln
965 5414 1137 5469 altero
1181 5432 1194 5468 :
1238 5412 1440 5482 Incipit
1500 5414 1675 5483 prima
1720 5406 1793 5470 'S.
1858 5406 2160 5472 Clementis
2204 5415 2428 5469 Romani
2491 5414 2559 5465 ad
2612 5412 2869 5465 Iacobum
2923 5406 2997 5463 de'
3037 5410 3381 5483 sacramentis
3424 5407 3694 5483 Ecclesia.
3736 5406 3813 5458 ιιι·

548 5482 903 5555 ῌειιόιιίιιιιε,
963 5484 1056 5555 qui
1108 5500 1176 5540 ex
1234 5475 1510 5555 przedictis
1570 5483 1855 5541 codicibus
1917 5489 2021 5543 has
2079 5487 2354 5540 variantes
2417 5485 2677 5555 lectiones
2716 5482 3139 5555 _:m_i_madverti_t.
3206 5481 3294 5555 -.τ’
3332 5478 3394 5535 C.
3458 5479 3523 5532 ll.
3569 5475 3819 5555 Clemens

547 5553 747 5609 Iacobo
797 5546 1132 5626 charisijmo.
1234 5546 1288 5626 ’ξθ
1330 5554 1406 5609 De
1430 5568 1661 5626 Aconsec.
1702 5556 1943 5611 distinct.
1985 5557 2055 5619 2,
2102 5555 2289 5609 Tribus
2331 5553 2600 5626 gradibus.
2711 5553 2752 5583 ³¹
2798 5551 2992 5626 llumb.
3034 5552 3155 5604 adv.
3197 5546 3462 5626 Nicetam.
3575 5550 3621 5626 ’ξ
3647 5547 3809 5626 [θυμοῖ

550 5626 793 5680 diacono.
833 5687 845 5697 _
874 5625 950 5697 _”
986 5623 1286 5697 Luc._eod_.
1343 5624 1470 5697 legit
1510 5642 1525 5678 :
1566 5633 1616 5697 et
1672 5626 1717 5680 si
1772 5618 2090 5697 negligenter
2144 5618 2351 5693 agendd
2398 5625 2693 5697 portionem
2749 5624 2981 5691 corporis
3023 5628 3242 5697 (manus
3278 5622 3517 5697 antiqua
3556 5618 3706 5673 addit
3763 5622 3810 5667 et

548 5687 1084 5766 sanguinis)Dom_ini
1124 5693 1199 5748 N.
1240 5693 1296 5766 τι,
1340 5687 1422 5749 (ἐῖ
1443 5695 1718 5766 pre:s_byter
1751 5687 1961 5750 minerva
2000 5712 2101 5749 non
2140 5687 2314 5766 cura},
2355 5687 2458 5748 etc.
2572 5694 2616 5725 ³⁸
2645 5687 2920 5766 percussus
2958 5687 3039 5748 ex'
3065 5707 3128 5766 c._
3154 5688 3294 5747 Just.
3375 5687 3560 5766 _De
3590 5699 3806 5766 censeo.

546 5760 793 5836 distinct.
816 5760 873 5831 2,
904 5764 1093 5821 Tribus
1118 5764 1395 5836 gradibus,
1425 5760 1510 5822 vel
1542 5760 1711 5821 Tanta
1742 5768 1814 5823 in.
1844 5766 1913 5822 Et
1942 5768 1996 5823 in
2026 5766 2233 5820 Decret.
2266 5763 2375 5820 lvo.
2414 5766 2505 5819 lib.
2540 5780 2578 5819 ι.
2646 5760 2700 5798 ³⁸
2729 5762 2830 5817 Ms.
2871 5762 2936 5816 In
2966 5761 3279 5817 crastinum.
3373 5761 3415 5792 ³⁷
3452 5760 3677 5826 llumb.,
3716 5760 3806 5812 cit.

547 5834 692 5893 loco.
766 5836 810 5868 "'
841 5852 951 5890 nec.
