2032 3128
110 164 113 166 ’
146 185 197 213 iss

740 182 920 213 EPISTOLE
940 183 1030 211 DECR
1034 181 1176 211 ETALES.

1715 181 1768 208 ‘86

146 242 225 272 tertia
240 242 284 271 vel
297 245 398 278 quarta
411 242 478 271 hora
488 244 653 280 acceperint,
663 243 787 279 jejunent
798 249 887 278 usque
899 240 932 269 ad
946 244 969 272 Α
982 244 1082 275 sceret,
1095 240 1119 269 si
1133 240 1252 268 mundus
1263 243 1336 268 esset
1349 246 1364 267 a
1378 239 1502 272 muliere,
1515 246 1577 268 cum
1590 247 1621 268 se
1635 239 1768 268 mundum

145 292 301 323 vesperam.
320 287 367 316 Sic
375 292 484 316 secreta
498 289 714 316 sanctiﬁcatione
724 293 826 316 aeterna
838 290 933 315 custo—

145 334 245 361 dienda
267 338 333 361 sunt
354 338 534 362 sacramenta.
551 333 590 362 De
604 335 678 362 rasis
695 342 761 363 sane
783 334 871 362 sacris
894 333 932 361 ita

144 378 296 414 gerendum
317 382 360 407 est
375 386 383 405 :
400 379 502 407 Altaris
524 380 610 415 palla,
632 380 761 408 cathedra
778 379 812 413 ⁸⁸,
828 379 930 407 cande-

142 424 252 452 labrum
267 428 295 452 et
315 425 423 458 velum,
440 425 463 453 si
480 425 583 453 fuerint
604 429 739 454 vetustate
756 429 931 460 consumpta,

143 469 271 497 incendio
287 469 396 503 dentur,
409 471 538 505 quoniam
555 479 609 498 non
629 472 692 498 licet
704 478 735 498 ea
749 478 808 505 quae
820 470 846 497 in
867 477 931 497 san-

142 515 251 542 ctuario
266 514 378 548 fuerint,
391 516 461 542 male
475 516 597 549 tractari,
610 516 656 543 sed
669 516 793 543 incendio
805 515 930 541 universa

145 560 300 588 tradantur.
326 561 440 589 Cineres
463 569 572 597 quoque
600 569 694 589 eorum
717 562 744 588 in
772 561 931 595 baptisterio

143 607 318 639 inferantur,
336 607 382 634 ubi
406 607 497 634 nullus
524 608 668 634 transitum
692 607 800 638 haheat,
829 610 875 632 aut
903 606 930 633 in

145 653 259 689 pariete,
272 657 320 680 aut
340 653 368 680 in
395 653 478 681 fossis
493 654 710 688 pavimentorum
731 653 880 687 jactentur,
897 660 931 679 ne

142 698 346 726 introeuntium
368 698 484 733 pedibus
512 699 697 734 inquinentur.
726 697 810 724 Nemo
839 705 886 731 per
907 697 931 712 ⁸ο

141 745 331 780 ignorantiam
347 744 463 771 clericus
479 744 550 779 palla
566 748 703 771 mortuum
725 743 818 770 credat
837 742 932 770 obvol-

143 791 275 822 vendum,
303 793 350 817 aut
371 790 503 818 diaconus
529 790 656 825 scapulas
682 790 788 825 operire
809 789 874 816 velit
896 789 929 820 “,

143 843 204 871 quae
219 835 272 862 fuit
288 836 315 863 in
331 836 420 868 altari,
439 840 485 863 aut
503 841 577 863 certe
594 845 654 871 qum
666 836 729 863 data
748 840 789 862 est
810 835 837 862 in
854 843 931 862 men-

145 889 202 909 sam
218 883 241 898 “
262 881 380 909 Domini.
393 883 445 915 Qui
464 883 521 910 haec
536 883 647 915 fecerit,
668 883 710 909 vel
736 882 831 909 leviter
851 881 929 916 quasi

147 927 214 954 nihil
236 931 264 954 et
286 927 456 962 negligenter
480 928 606 955 habuerit
629 928 720 955 divina
744 927 872 962 mysteria
897 926 929 957 ³³,
946 916 967 942 Β

145 973 278 1001 diaconus
313 974 443 1005 triennio,
472 982 573 1009 sexque
596 974 736 1001 mensibus
759 981 774 1000 a
791 973 931 999 Dominico

145 1020 251 1048 alienus
277 1021 330 1048 erit
356 1021 453 1054 altari,
478 1021 554 1055 gravi
574 1028 722 1055 percussus
746 1020 929 1046 anathemate.

143 1067 222 1101 Quod
245 1067 269 1095 si
290 1068 420 1095 clericum
442 1068 582 1102 presbyter
607 1075 661 1094 non
686 1067 883 1093 commonuerit
896 1066 929 1098 ⁸⁵,

145 1112 237 1140 decem
254 1113 335 1140 annis
348 1117 374 1140 et
389 1114 509 1148 quinque
524 1113 664 1139 mensibus
679 1112 931 1139 excommunicatus

144 1159 198 1193 sit;
214 1164 359 1194 propterea
373 1158 447 1194 quod
461 1158 495 1186 de
509 1158 660 1185 Dominicis
676 1158 855 1185 sacramentis
869 1158 931 1184 sub-

144 1205 214 1240 jecta
237 1205 290 1233 sibi
316 1212 372 1232 non
393 1204 592 1232 commonuerit
614 1203 778 1235 ministeria,
795 1208 821 1230 et
836 1207 930 1238 postea

147 1258 207 1278 cum
222 1251 322 1287 grandi
347 1250 500 1278 humilitate
520 1250 601 1277 matri
626 1249 818 1277 reconcilietur
835 1249 930 1277 Eccle-

146 1297 201 1325 siae.
216 1297 241 1313 "
253 1296 345 1324 Pallas
355 1303 420 1323 vero
437 1301 464 1324 et
481 1296 558 1328 vela,
575 1303 635 1330 qua:
655 1295 683 1322 in
700 1295 849 1322 sanctuarii
868 1303 930 1323 sor-

147 1343 236 1377 didata
254 1342 356 1370 fuerint
378 1342 540 1374 ministerio,
568 1341 676 1368 diaconi
699 1349 761 1368 cum
783 1341 930 1369 humilibus

145 1389 282 1417 ministris
300 1389 380 1424 juxta
395 1388 417 1404 ‘°
432 1388 583 1415 sacrarium
599 1389 688 1415 lavent
698 1408 706 1420 ,
721 1396 775 1415 non
790 1388 930 1423 ejicientcs

145 1434 219 1463 foras
244 1442 259 1462 a
282 1435 404 1463 sacrario
425 1434 560 1462 velamina
586 1434 733 1461 Dominicte
754 1442 871 1466 menste,
896 1442 930 1462 ne

146 1482 215 1509 forte
228 1481 317 1516 pulvis
336 1481 470 1508 Dominici
487 1480 611 1515 corporis
634 1481 705 1507 male
719 1480 826 1508 decidat
840 1488 856 1507 a
873 1480 931 1508 sin-

144 1526 219 1555 done
235 1527 299 1555 foris
313 1527 416 1559 abluta,
431 1531 459 1554 et
474 1526 527 1554 erit
546 1526 603 1554 haec
623 1527 747 1561 operanti
762 1530 903 1561 peccatum
922 1536 927 1553 :

982 290 1046 315 ante
1078 286 1200 314 triduum
1232 285 1425 321 proﬁteretur,
1454 293 1539 320 panes
1571 285 1767 320 propositionis

981 333 1164 361 manducavit.

1015 378 1039 399 ⁸⁷
1058 378 1098 406 Ad
1115 378 1257 406 Dominica
1271 381 1361 405 autem
1384 378 1516 414 mysteria
1533 377 1602 405 tales
1619 377 1765 413 eligantur,

981 425 1062 461 “qui
1076 429 1140 453 ante
1159 425 1361 453 ordinationem
1378 432 1457 452 suam
1478 424 1611 459 conjuges
1633 432 1698 452 suas
1712 431 1766 451 non

981 471 1106 498 noverint
1121 470 1153 497 θ’.
1176 471 1255 503 Quod
1279 470 1302 498 si
1321 475 1382 505 post
1407 470 1622 501 ordinationem,
1639 471 1766 497 ministro

982 517 1076 544 altaris
1093 516 1240 552 contigerit
1258 516 1398 551 proprium
1410 515 1540 542 invadere
1556 516 1645 543 cubile
1661 516 1764 547 uxoris.

982 562 1094 589 sacrarii
1115 570 1170 589 non
1195 562 1278 589 intret
1302 559 1406 594 limina,
1430 569 1480 589 nec
1503 562 1631 589 sacrificii
1650 563 1766 597 portitor

982 608 1038 641 fiat,
1054 616 1105 636 nec
1124 609 1208 636 altare
1223 608 1371 642 contingat,
1389 616 1439 635 nec
1452 609 1486 635 ab
1500 608 1674 636 oll‘erentibus
1690 610 1766 637 holo-

981 655 1069 682 causti
1088 654 1253 681 oblationem
1266 654 1408 688 suscipiat,
1431 662 1481 681 nec
1500 655 1533 681 ad
1557 654 1690 682 Dominici
1705 664 1766 682 cor—

982 700 1056 735 poris
1072 700 1251 734 portationem
1263 700 1286 714 5°
1304 699 1426 731 accedat,
1456 707 1506 726 nec
1520 700 1540 715 “
1560 708 1658 735 aquam
1674 708 1766 728 sacer-

981 745 1090 772 dotibus
1116 745 1237 780 porrigat
1259 745 1292 771 ad
1319 752 1428 772 manus.
1453 744 1530 772 Ostia
1549 746 1583 760 ⁶¹’
1611 746 1765 774 forinsecus

981 792 1100 824 claudat,
1117 792 1224 818 minora
1241 796 1317 826 gerat
1330 791 1429 823 ofﬁcia,
1450 799 1562 819 urceum
1579 792 1636 819 sive
1650 793 1764 820 calicem

982 837 1014 864 ad
1030 838 1115 864 altare
1141 845 1196 864 non
1213 837 1324 864 sufferat
1340 838 1373 865 θ’.
1390 836 1418 864 Si
1443 837 1513 864 forte
1537 838 1672 873 quispiam
1699 846 1762 873 pre-

982 884 1084 918 sbyter,
1102 884 1158 911 sive
1173 884 1316 915 diaconus,
1333 884 1446 911 sacrarii
1460 884 1602 911 sindonem
1613 884 1654 911 vel
1662 885 1762 916 velum,

982 930 1123 958 subtracta
1139 930 1301 960 vendiderit,
1313 930 1334 945 ⁵³
1343 929 1418 957 Judaa
1432 929 1570 957 lscariotis
1583 930 1682 957 similis
1695 931 1766 957 aesti-

981 977 1101 1003 mabitur
1122 976 1153 1003 "'.
1180 977 1231 1009 Qui
1255 981 1366 1011 propter
1394 976 1570 1010 cupiditatem
1596 976 1690 1003 fecerit
1713 976 1765 1003 hoc

981 1029 1060 1056 opus,
1081 1022 1187 1049 noverit
1201 1029 1230 1048 se
1247 1021 1397 1056 supradicti
1411 1021 1487 1048 Iudae
1508 1025 1698 1056 suscepturum
1711 1029 1766 1056 po:-

981 1075 1044 1094 nam
1059 1067 1092 1093 “’.
1104 1066 1227 1094 Clericus
1250 1074 1315 1094 vero
1336 1067 1411 1093 solus
1428 1067 1461 1093 ad
1482 1066 1588 1093 feminae
1602 1067 1765 1093 tabernacu-

981 1113 1037 1140 lum
1053 1120 1107 1140 non
1127 1112 1250 1144 accedat,
1265 1120 1316 1139 nec
1332 1116 1470 1147 properet,
1492 1112 1550 1139 sine
1572 1112 1684 1147 majoris
1699 1117 1764 1139 natu

981 1159 1113 1195 principis
1130 1159 1265 1193 jussione.
1281 1158 1302 1173 “
1318 1157 1372 1185 Nec
1384 1158 1524 1193 presbyter
1540 1158 1615 1185 solus
1628 1166 1689 1184 cum
1706 1158 1764 1184 sola

981 1204 1155 1239 adjungatur,
1181 1203 1228 1230 sed
1249 1202 1357 1230 duobus
1382 1201 1508 1229 adductis
1531 1201 1647 1229 testibus
1672 1202 1765 1229 visitet

979 1251 1126 1278 inﬁrmam.
1139 1249 1194 1276 Nec
1214 1249 1290 1277 solus
1311 1256 1373 1275 cum
1393 1247 1451 1275 sola
1468 1246 1568 1274 femina
1583 1246 1690 1275 fabulas
1709 1247 1763 1274 mi-

981 1300 1066 1324 sceat.
1079 1296 1101 1313 "
1116 1295 1171 1323 Nec
1183 1294 1393 1322 archidiaconus
1414 1297 1460 1320 aut
1476 1293 1620 1325 diaconus,
1637 1293 1687 1320 sub
1698 1300 1764 1328 prae

981 1347 1056 1371 textu
1084 1342 1163 1370 ollicii
1190 1341 1353 1369 humilitatis
1380 1340 1420 1372 ⁸⁸,
1445 1340 1601 1374 frequenter
1626 1339 1763 1366 domicilia

981 1395 1179 1421 matronarum,
1193 1393 1239 1416 aut
1256 1388 1326 1415 forte
1345 1395 1392 1421 per
1407 1387 1522 1414 clericos
1535 1389 1581 1412 aut
1598 1385 1764 1413 domesticos

980 1440 1050 1475 ejus,
1064 1443 1195 1465 matronae
1208 1436 1336 1464 mandent
1349 1435 1445 1462 secreti
1462 1435 1483 1450 "
1499 1433 1611 1469 aliquid.
1626 1433 1653 1460 Si
1670 1433 1764 1467 cogni-

980 1491 1038 1514 tum
1056 1485 1147 1518 fuerit,
1172 1488 1199 1511 et
1227 1483 1271 1510 ille
1296 1482 1457 1516 deponatur,
1482 1484 1509 1507 et
1531 1480 1576 1506 illa
1591 1486 1606 1506 a
1624 1479 1764 1506 liminibus

982 1536 1107 1560 arceatur
1121 1530 1257 1557 Ecclesire.
1280 1527 1333 1555 Sed
1355 1527 1378 1555 si
1400 1526 1469 1553 forte
1491 1525 1580 1560 aliqua
1602 1524 1764 1552 intercessio

143 1572 251 1601 idcirco
269 1573 339 1600 intra
356 1573 507 1601 sacrarium
523 1572 656 1600 ministris
671 1573 854 1607 praecipimus,
871 1572 927 1599 haec
942 1584 962 1613 ο
979 1579 1070 1611 fuerit.
1085 1576 1213 1612 episcopo
1226 1577 1395 1610 suggeratur.
1411 1572 1443 1598 Et
1458 1572 1480 1598 si
1496 1571 1558 1599 talis
1571 1574 1622 1602 est,
1638 1570 1670 1596 ad
1682 1577 1763 1604 quam

141 1623 242 1647 sancta
257 1620 278 1635 "
293 1627 356 1647 cum
370 1619 508 1654 diligentia
529 1618 846 1653 custodire.Sanepelvis
860 1626 928 1646 nova

145 1670 329 1701 comparetur,
345 1670 372 1693 et
387 1669 483 1700 praeter
503 1665 555 1691 hoc
573 1664 641 1691 nihil
662 1665 735 1691 aliud
757 1668 860 1699 tangat.
877 1664 930 1692 Sed

145 1719 198 1739 nec
213 1711 236 1727 ⁵⁸
259 1711 319 1747 ipsa
341 1711 427 1745 pelvis
442 1710 510 1737 velis
537 1713 690 1744 apponatur
716 1710 856 1741 lavandis,
876 1710 930 1737 nisi

147 1765 207 1793 qua
219 1757 255 1785 ad
272 1756 406 1783 Dominici
422 1756 517 1783 altaris
532 1756 635 1782 cultum
649 1755 797 1790 pertinent.
815 1755 837 1771 "
850 1754 931 1782 Pallae

146 1804 241 1831 altaris
255 1802 320 1831 solae
336 1802 363 1829 in
387 1810 419 1828 ea
433 1803 569 1832 laventur,
585 1805 611 1828 et
628 1801 656 1827 in
680 1801 732 1827 alia
754 1801 814 1828 vela
832 1801 931 1835 janua-

143 1858 207 1878 rum
230 1850 265 1878 ".
294 1849 332 1877 De
351 1849 419 1876 velis
443 1852 532 1876 autem
555 1848 701 1883 januarum
719 1847 741 1862 δι
761 1855 827 1874 cura
857 1848 892 1875 sit
907 1848 930 1864 "

145 1896 268 1924 ostiariis
280 1903 314 1922 ex
337 1894 523 1921 admonitione
539 1893 672 1928 majorum
683 1912 691 1925 ,
707 1901 742 1920 ne
763 1894 826 1927 quis
842 1893 929 1928 negli~

144 1950 213 1978 gens
226 1945 273 1969 aut
294 1941 406 1977 ignarus
433 1940 466 1967 ad
489 1940 578 1968 velum
601 1940 691 1975 januze
706 1939 804 1967 domus
824 1939 931 1967 Domini

145 1995 246 2015 manus
272 1986 410 2014 incondite
430 1989 535 2021 tergat;
560 1985 608 2013 sed
624 1986 716 2012 statim
729 1985 865 2013 coercitus
886 1986 930 2013 di—

146 2038 206 2062 scat
220 2034 311 2062 omnis
326 2033 419 2064 homo,
432 2033 494 2068 quia
506 2032 596 2060 velum
620 2032 684 2059 atrii
710 2032 807 2060 domus
823 2032 931 2059 Domini

148 2085 274 2109 sanctum
289 2084 341 2108 est.
357 2081 381 2096 ⁵³
395 2080 571 2115 Praecipimus
587 2080 668 2107 etiam
689 2087 723 2107 ne
744 2080 932 2107 excommuni-

145 2130 210 2154 cato
222 2127 245 2143 "'
261 2126 398 2158 Ecclesiae,
414 2126 473 2153 sive
487 2126 566 2156 laico,
586 2125 620 2152 de
641 2125 800 2160 fragmentis
816 2125 932 2153 oblatio-

146 2180 213 2200 num
235 2172 344 2200 Domini
368 2175 486 2208 ponatur
505 2172 539 2199 ad
565 2179 697 2199 mensam.
720 2170 797 2199 Unde
818 2172 874 2199 scis
890 2175 930 2203 tu,

146 2217 195 2251 qui
221 2218 325 2253 passim
349 2217 462 2245 sacrarii
489 2217 512 2233 ”
534 2224 618 2252 panes
641 2216 760 2252 indignis
785 2216 930 2251 impendis,

981 1625 1076 1652 debeat
1091 1623 1132 1650 ire
1144 1622 1189 1657 pio
1203 1621 1226 1637 '°
1243 1621 1395 1646 interventu
1411 1618 1469 1652 ipse
1483 1620 1587 1652 pergat.
1601 1615 1650 1642 Sin
1661 1619 1763 1646 autem,

980 1670 1014 1697 de
1030 1670 1113 1696 latere
1127 1675 1177 1695 suo
1189 1666 1298 1700 dirigat,
1316 1672 1378 1691 cum
1394 1663 1501 1690 duobus
1526 1665 1573 1688 aut
1598 1661 1702 1692 tribus,
1716 1659 1763 1694 qui

980 1717 1033 1744 hoc
1048 1723 1146 1743 sanare
1161 1713 1275 1741 debeant
1294 1711 1328 1738 '“.
1346 1710 1417 1737 Sane
1432 1709 1466 1735 ad
1481 1707 1644 1735 visitandam
1665 1705 1764 1732 mulie-

980 1770 1037 1790 rem
1052 1761 1187 1788 inﬁrmam
1201 1758 1294 1785 nullus
1305 1756 1422 1783 clericus
1441 1752 1618 1789 ingrediatur,
1631 1751 1685 1778 nisi
1700 1758 1763 1777 cum

981 1807 1088 1835 duobus
1098 1808 1145 1832 aut
1159 1804 1257 1831 tribus.
1274 1802 1359 1829 Nemo
1381 1804 1472 1827 tamen
1485 1799 1647 1826 clericorum
1662 1797 1686 1812 "‘
1700 1803 1762 1823 cum

980 1857 1110 1881 extranea
1125 1850 1229 1878 habitet
1245 1848 1343 1875 femina
1360 1846 1393 1878 "’,
1410 1845 1462 1873 nisi
1481 1844 1606 1880 proxima
1621 1846 1667 1869 aut
1685 1849 1764 1869 soror

981 1898 1073 1927 fuerit.
1088 1896 1122 1923 Et
1142 1896 1194 1923 hoc
1218 1902 1280 1922 cum
1303 1899 1402 1927 magna
1423 1890 1606 1919 sollicitudine
1629 1888 1684 1915 liat.
1703 1887 1764 1914 Non

980 1944 1140 1979 ignoramus
1162 1940 1282 1968 malitias
1309 1937 1426 1969 Satanae.
1454 1935 1588 1963 Universa
1615 1932 1672 1960 hmo

981 1976 1189 2017 mansuetudine
1211 1983 1398 2012 ecclesiastica
1421 1980 1583 2015 complenda
1602 1981 1666 2006 sunt
1681 1976 1763 2004 mini-

982 2036 1075 2064 steria.
1095 2033 1238 2068 Negotium
1257 2030 1329 2058 enim
1352 2028 1399 2055 Dei
1423 2034 1478 2055 non
1496 2026 1574 2053 decet
1596 2024 1765 2059 negligenter

981 2080 1096 2117 expleri.
1112 2079 1212 2106 lterum
1224 2080 1307 2111 atque
1330 2075 1427 2101 iterum
1449 2072 1482 2117 de
1497 2070 1657 2106 fragmentis
1672 2068 1764 2117 Demi-

980 2113 1036 2153 nici
1058 2123 1180 2158 corporis
1202 2119 1407 2147 demandamus.
1425 2116 1542 2143 Calicem
1561 2121 1626 2141 vero
1648 2113 1681 2139 ad
1699 2120 1763 2147 per-

983 2170 1122 2199 ferendum
1137 2167 1295 2202 sanguinem
1308 2162 1425 2194 Domini,
1437 2163 1618 2196 praeparatum
1633 2166 1695 2185 cum
1706 2161 1764 2184 tota

982 2214 1114 2244 munditia
1150 2209 1311 2241 ministerii,
1336 2207 1460 2235 minister
1484 2207 1626 2241 przeparet,
1648 2210 1692 2235 ne,
1709 2209 1763 2228 non

147 2247 318 2296 unde-nosti,
334 2264 357 2291 si
373 2271 388 2290 a
402 2247 561 2291 mulieribus
584 2262 680 2290 mundi
701 2247 770 2289 sunt
791 2247 930 2297 lii-quibus
946 2259 968 2287 D
984 2264 1052 2291 bene
1067 2261 1139 2287 lotus
1163 2257 1249 2289 calix,
1264 2255 1381 2282 diacono
1395 2255 1536 2287 peccatum
1560 2249 1605 2276 fiat
1627 2247 1762 2275 ollerenti.

148 2308 300 2345 impendis?
314 2309 383 2337 Hinc
398 2313 425 2337 et
436 2309 521 2336 David
536 2309 570 2336 ab
584 2308 740 2336 Abimelech
753 2307 777 2323 “
791 2308 931 2336 sacerdote

148 2355 341 2393 interrogatus,
357 2364 419 2384 cum
451 2363 535 2391 panes
552 2355 603 2384 sibi
616 2355 649 2383 ad
668 2355 863 2382 comedendum
883 2364 932 2390 p0-

983 2308 1023 2335 lla
1037 2314 1098 2335 cum
1111 2304 1184 2333 omni
1200 2304 1356 2333 honestate,
1373 2302 1472 2326 cuncta
1496 2305 1556 2332 qua:
1576 2303 1657 2331 supra
1680 2301 1763 2328 expo—

984 2355 1101 2383 suimus.
1120 2353 1226 2385 oportet
1247 2346 1363 2382 impleri.
1380 2345 1459 2373 Tales
1484 2344 1517 2371 ad
1539 2342 1564 2359 "
1582 2341 1764 2369 ministerium

182 2468 204 2484 "
223 2466 359 2496 canthum.
373 2466 412 2495 De
419 2474 529 2496 eonsec.
538 2466 661 2495 distinct.
671 2470 682 2478 ‘
694 2466 812 2494 :Attaria
822 2466 907 2501 palla.
943 2468 967 2484 ⁸ο
974 2467 1010 2495 De
1017 2472 1126 2494 consec.
1134 2461 1275 2501 distinct._l
1287 2468 1294 2501 ξ
1306 2460 1389 2501 Νεφο
1402 2467 1471 2501 ηεξ.-
1494 2457 1516 2499 ξ’
1524 2455 1761 2501 Cong-Atii??-

149 2491 359 2535 aeta-“X1165;
374 2491 1125 2534 Ῑὲξὶἕῖ’ἶιῖίῖΪὲτῖἓηρὶιῖάξΞῖἰίἲξίἰὲἰιυεῑπῖῖιέιῐέἓῖγῐιζ⁷
1151 2499 1174 2535 εξ
1187 2498 1237 2525 Ms.
1249 2496 1369 2523 habuerit
1383 2491 1539 2535 πίίηξειςνία.
1577 2491 1764 2535 λέμυάμφέ

149 2538 247 2570 nuerit,
263 2541 291 2566 et
305 2539 343 2565 ita
358 2546 467 2565 rursum
484 2541 588 2573 postea.

148 2573 204 2600 duo
218 2573 311 2601 verba.
348 2573 371 2589 ⁸⁸
382 2573 431 2601 Ms.
447 2580 511 2600 non.

149 2615 206 2646 sec.
221 2608 402 2646 distinct.__2_:_
409 2608 511 2646 Tribus
520 2607 661 2646 gradibus,
673 2606 698 2646 ι
706 2606 793 2646 1_'_anta
803 2608 840 2634 in.

144 2642 302 2678 januarum.
339 2643 363 2659 "
379 2643 484 2670 Matisc.
500 2642 544 2674 ll,
557 2650 582 2670 c.
600 2642 627 2670 6.

635 2536 658 2554 "
683 2535 739 2565 lvo.
756 2541 826 2572 part.
844 2545 886 2567 in.
903 2545 929 2565 c.
946 2538 1024 2565 266.-

549 2572 572 2588 "
583 2571 634 2600 Ms.
646 2571 741 2607 Polla,
754 2571 781 2598 in
794 2572 849 2599 alia
862 2572 932 2607 pelve
949 2574 1077 2603 laventur,
1093 2577 1119 2600 et
1131 2571 1168 2597 in.
1211 2571 1234 2607 ἦν
1247 2571 1353 2607 Absunt
1368 2573 1382 2592 a
1399 2573 1424 2592 c.
1437 2571 1570 2607 sustenta
1594 2571 1642 2607 “:2:

891 2597 1081 2636 “milia”;
1095 2597 1173 2632 icura
1200 2604 1245 2635 sit,
1258 2601 1364 2630 caeteris
1385 2600 1510 2636 pmissis.
1538 2597 1655 2636 geretis
1675 2601 1762 2636 autem

680 2641 703 2659 ³⁸
712 2641 761 2669 Ms.
778 2651 809 2669 ne
825 2650 939 2674 unquam
954 2647 1052 2670 extero.

149 2673 222 2706 brma
246 2678 419 2705 Achimelecli.
457 2678 478 2694 "'
494 2678 579 2713 Aliter
593 2678 620 2704 in
634 2685 701 2705 mss.
715 2677 798 2704 Hard.
811 2682 837 2705 et
854 2678 924 2705 Just.
940 2686 1001 2713 quae
1013 2679 1187 2713 reservantur
1200 2673 1286 2713 notis.

1440 2530 1462 2545 "
1479 2528 1508 2555 ln
1526 2535 1578 2555 ms.
1593 2526 1693 2554 absunt
1704 2526 1762 2554 ha‘c

1062 2537 1084 2552 "
1099 2535 1149 2563 Ms.
1162 2534 1245 2564 intra,
1265 2535 1295 2559 ut
1311 2538 1383 2558 mox.
1440 2534 1461 2545 "
1479 2534 1508 2555 In
1526 2535 1578 2555 ms.
1593 2534 1693 2554 ausum.
1705 2534 1744 2554 na‘

1062 2580 1066 2586 -
1094 2577 1119 2588 ιι
1131 2571 1157 2588 ἐκ
1211 2569 1234 2585 ⁵ο
1250 2567 1353 2588 Διιειιηι
1368 2573 1382 2588 a
1399 2573 1423 2588 α
1439 2563 1557 2588 Iustelli.
1609 2562 1630 2577 "
1646 2560 1684 2588 De
1695 2569 1747 2588 con

1211 2569 1234 2585 ⁵ο
1247 2567 1353 2594 Ahsunt
1368 2573 1382 2592 a
1399 2573 1424 2592 c.
1439 2563 1557 2592 Justelli.

1347 2636 1370 2651 ⁵⁸
1385 2635 1424 2662 Ita
1435 2642 1487 2662 ms.
1503 2636 1531 2660 at
1538 2631 1692 2666 Vulgata,et
1709 2630 1762 2658 He-

1097 2640 1120 2656 ΙΙ
1140 2638 1284 2656 nuru-nuru."

1137 2645 1295 2667 sanauerit.
1347 2645 1370 2651 "'
1385 2645 1424 2662 ua
1436 2645 1487 2662 IIIS.
1503 2645 1531 2660 al
1544 2645 1692 2666 νωδᾱιεινυι
1709 2645 1761 2658 nt:-

1137 2679 1187 2701 ιιιιι·
1200 2673 1286 2701 notis.
1336 2671 1360 2687 ⁸⁸
1373 2670 1422 2697 Ms.
1436 2669 1481 2704 qui
1495 2672 1554 2695 ante
1570 2666 1761 2704 ordinationem

148 2700 484 2748 ῖιὶιῖίὶὶρέῑέλλέῑῖιςίῑένίηι.
494 2700 800 2748 ·ῖῖξέίιῖεε·ί;”;ίρῑςι,;ξ,ξ;
810 2700 1150 2748 εειηῑῑιῑέέρτεξῑῑιιεῑῑλίςείέ
1162 2700 1226 2748 ea.
1236 2709 1307 2735 ιιυηο
1318 2706 1409 2748 tot...
1423 2700 1449 2748 et
1466 2700 1760 2748 g.,..-p;e;=_n_lyrp_ggn_-

151 2736 246 2776 Ι)εῆυέ
259 2736 432 2780 'eardvinalis,
447 2752 566 2782 tempore
576 2736 674 2775 Leonis
685 2747 732 2780 IX,
747 2736 795 2775 lib.
806 2736 1259 2782 ωηινᾶΝἰξέίᾶιῆξωξορὀτιίὄιιεηι
1273 2750 1298 2769 c.
1315 2737 1586 2782 .lust."“r.seti.'ﬂ_“"
1599 2736 1761 2782 Μιξηςιανξςςη

149 2770 732 2819 “ibiiféaET'EJiiiiiE"iiii:
743 2770 796 2810 are:
805 2770 1089 2819 ἶστὲὶῖείὶὶνὶἱῖἇὲὲῖςιιι
1105 2770 1190 2819 erat;
1391 2773 1459 2819 nar.-
1472 2772 1639 2819 esis-.3
1654 2770 1758 2819 332:.-

149 2818 194 2851 25,
211 2818 246 2846 Ill
278 2818 358 2846 Brac.
375 2819 401 2846 5.

149 2847 297 2885 sententia,
316 2854 443 2888 quoniam
458 2853 573 2888 inferius
586 2852 727 2887 repetitur.
765 2852 786 2868 ⁸⁷
802 2847 905 2881 Turon.
921 2853 964 2886 Ill,
975 2853 1003 2885 2,
1019 2853 1046 2880 9.
1084 2851 1108 2868 ⁸⁸
1128 2847 1254 2888 [turnia-el
1267 2847 1352 2888 oﬂicii.

453 2806 475 2834 δι
488 2806 627 2845 ἱίΞζἾῖιὶιὲ
643 2806 1086 2850 sinatisEismaiuli'sciﬁilii}.
1106 2806 1307 2850 "65_Hipp."_i6»_
1325 2811 1355 2850 ,ξ’
1370 2810 1470 2850 mn“)?
1489 2806 1634 2850 demum“
1656 2807 1760 2850 ἰριεεη

1394 2845 1417 2861 "
1428 2844 1479 2872 Ms.
1492 2843 1620 2871 secretim.
1656 2842 1680 2858 "°
1701 2849 1759 2875 pro.

148 2877 595 2926 ’π’ᾖξῖῗᾷέὺἷᾶίζᾷξῆλιῆἕξἻξξῐῖ
603 2877 774 2926 iisiiss:
796 2877 853 2917 v—o—x-
920 2877 1085 2917 atii—obium.
1124 2886 1160 2926 _"
1175 2877 1357 2921 Συνεισάίιτῳ,
1368 2880 1403 2910 de
1424 2887 1479 2917 qua
1504 2886 1575 2914 saepe
1594 2878 1622 2906 in
1635 2877 1761 2906 conciliis

149 2928 176 2952 et
188 2923 331 2953 Patribus.
367 2923 391 2940 ⁷⁸
401 2923 525 2952 Distinet.
541 2923 576 2951 25
592 2932 599 2951 ς
616 2921 692 2950 Tales
707 2922 751 2951 ad.

771 2981 801 2990 ιν·
843 2967 868 2983 ’δ’
911 2965 932 2976 ‘M

912 2957 944 2976 ξ...
967 2959 1009 2976 τᾳ*
