4064 6256
575 340 683 395 487

1458 338 1514 394 S.
1551 337 1943 394 CLEMENTIS
1977 340 1995 393 Ι
2030 337 2197 394 ROM.
2235 337 2441 395 PONT.
2481 336 2705 393 OPERA
2753 340 2980 397 DUBIA.

3724 343 3826 398 488

570 456 846 527 eligantur
867 452 1078 517 clerici,
1104 452 1390 523 qui'digne
1410 455 1621 524 possint
1642 453 1925 509 Dominica
1953 471 2142 510 sacra-
2168 462 2214 516 Α
2242 466 2547 512 convertar.
2579 455 2698 510 Non
2744 456 2971 526 requirit
3014 469 3045 509 a
3096 462 3148 510 te
3196 454 3339 510 Deus
3380 454 3691 524 pecuniam,
3725 459 3827 511 δειΙ

569 555 755 603 menta
782 554 1038 604 tractare.
1074 545 1266 601 Melius
1297 554 1380 599 est
1411 546 1557 600 enim
1590 546 1820 605 Domini
1868 546 2139 602 sacerdoti

571 655 778 709 paucos
828 639 1028 693 habere
1065 639 1367 702 ministros,
1417 638 1510 708 qui
1562 639 1774 708 possint
1812 639 1975 709 digne
2003 654 2140 709 opus

570 731 666 786 Dei
692 738 1161 800 exercere,'quam
1189 730 1391 784 multos
1414 730 1657 795 inutiles,
1690 732 1783 801 qui
1811 746 1951 785 onus
1979 748 2141 802 grave

538 823 871 878 ordinatori
902 822 1192 878 adducant.
1227 822 1273 875 A
1299 822 1567 893 principio
1597 824 2139 894 epistolae-usquead

570 916 718 971 hunc
748 917 949 980 locum,
981 915 1048 971 de
1077 916 1436 971 sacramentis
1466 916 1715 985 delegavi
1746 917 1883 972 bene
1924 917 2141 973 intuen-

564 1007 657 1064 dis
686 1008 733 1039 ⁷⁸
766 1022 779 1060 :
812 1008 904 1062 ubi
944 1022 1053 1062 non
1103 1006 1337 1061 murium
1369 1016 1611 1063 stercora
1654 1008 1798 1062 inter
1836 1008 2138 1079 fragmenta

568 1096 1159 1168 Dominicaaportionis
1185 1105 1500 1167 appareant,
1526 1112 1700 1168 neque
1730 1099 1777 1130 "
1799 1099 2012 1169 putrida
2044 1116 2139 1169 per

566 1188 952 1262 negligentiam
984 1200 1302 1246 remaneant
1337 1193 1691 1255 clericorum,
1726 1198 1780 1246 et
1807 1193 2139 1247 convenien-

568 1295 671 1343 tes.
705 1282 798 1354 qui
837 1284 1085 1353 accipere
1119 1284 1223 1338 sibi
1274 1284 1600 1339 medicinam
1651 1283 1996 1347 desiderant,
2037 1299 2139 1354 pu-

542 1375 713 1429 -trida
741 1390 866 1430 cum
898 1375 1151 1442 viderint,
1197 1375 1371 1445 magis
1402 1390 1527 1429 cum
1565 1373 1796 1429 ridiculo
1825 1382 1878 1429 et
1920 1374 2139 1429 fastidio

566 1469 858 1523 videantur
884 1470 1153 1539 accipere,
1187 1475 1241 1521 et
1268 1468 1322 1522 in
1356 1477 1637 1538 peceatum
1673 1468 1843 1538 magis
1884 1467 2138 1522 decidant

567 1575 665 1631 per
718 1542 1099 1632 negligentiam
1155 1561 1503 1615 clericorum.
1564 1558 1906 1630 Quapropter
1978 1574 2138 1614 nemo

567 1654 897 1709 clericorum
930 1655 1071 1709 ultra
1112 1654 1227 1708 ba:c
1254 1653 1597 1717 dissimulet,
1629 1664 1723 1708 aut
1750 1654 2023 1725 negligere
2054 1654 2139 1708 ul—

566 1744 784 1800 iatenus
814 1745 1029 1813 audeat,
1065 1745 1158 1799 sed
1211 1746 1464 1807 libenter,
1498 1758 1620 1813 quae
1666 1743 1819 1812 jussa
1851 1751 1999 1808 sunt,
2041 1761 2138 1800 ex-

532 1862 537 1863 ν
568 1837 734 1905 pleat,
770 1845 823 1891 et
852 1845 1193 1892 sacramenta
1218 1836 1398 1890 divina
1434 1851 1779 1905 nequaquam
1809 1837 2141 1907 negligenter
2172 1820 2212 1875 Β

562 1935 890 1983 contrectet.
925 1927 1157 1998 Ideoque
1182 1934 1291 1980 tam
1315 1927 1544 1997 juvenes
1570 1942 1734 1997 quam
1760 1943 1920 1982 senes
1943 1928 2008 1982 de
2032 1927 2139 1995 his,

527 2028 622 2076 ‘ct
648 2019 714 2075 de
758 2020 909 2073 omni
953 2020 1371 2075 conversatione
1407 2033 1542 2081 sua,
1578 2028 1632 2073 et
1679 2020 2058 2083 conversione,
2088 2026 2144 2073 et

565 2110 894 2181 pcenitentia
937 2111 1095 2165 valde
1144 2125 1268 2165 esse
1322 2109 1589 2165 sollicitos
1634 2117 1867 2180 Oportet,
1899 2111 2143 2179 satisque

567 2220 751 2276 agere,
780 2213 863 2269 ut,
897 2204 1015 2258 ha3c
1044 2203 1313 2273 condigne
1347 2210 1530 2272 agant,
1563 2200 1651 2259 .et'
1671 2205 1739 2257 de
1792 2203 2005 2273 reliquo
2048 2218 2145 2255 or-

564 2303 699 2349 nent
736 2301 846 2347 tam
882 2294 1070 2348 clerici
1101 2308 1281 2363 quam
1305 2292 1596 2363 saeculares
1635 2293 1847 2347 animas
1879 2306 2009 2347 suas
2054 2308 2145 2346 or-

566 2386 843 2441 namentis
866 2384 1230 2456 dignissimis,
1255 2383 1602 2454 dogmatibus
1638 2385 1849 2439 scilicet
1875 2386 2141 2449 veritatis,

566 2477 768 2533 decore
788 2476 1080 2548 pudicitiae,
1120 2477 1407 2546 splendore
1435 2476 1682 2546 justitite,
1707 2478 1945 2532 candore
1972 2478 2144 2547 pieta-

530 2582 537 2589 '
564 2572 662 2636 tis,
694 2571 926 2639 aliisque
955 2569 1229 2634 omnibus,
1262 2569 1463 2639 quibus
1507 2566 1868 2639 Compositam
1898 2568 1943 2600 "’
1988 2570 2144 2625 decet

568 2676 693 2715 esse
720 2660 1101 2715 rationabilem
1130 2656 1386 2715 mentem.
1413 2658 1549 2713 Tum
1578 2667 1843 2731 praeterea
1871 2660 2146 2716 declinare

571 2769 603 2807 a
633 2742 931 2807 consortiis
962 2750 1269 2806 inhonestis
1310 2758 1365 2805 et
1394 2750 1724 2817 infidelibus,
1757 2759 1812 2805 et
1853 2752 2144 2809 societates

527 2863 535 2871 ·
571 2846 775 2901 habere
807 2843 1069 2905 ﬁdelium,
1096 2842 1258 2913 atque
1281 2843 1402 2899 illos
1432 2843 1780 2914 frequentare
1815 2855 2140 2910 conventus,

570 2939 628 2994 in
656 2936 858 3009 quibus
893 2937 959 2992 de
1002 2937 1286 3009 pudicitia,
1320 2938 1387 2992 de
1430 2937 1666 3006 justitia,
1701 2937 1769 2992 de
1807 2940 2007 3007 pietate
2039 2946 2147 2993 tra-

570 3038 774 3086 ctatur.
822 3026 993 3085 Orare
1024 3044 1240 3100 semper
1284 3026 1453 3084 Deum
1493 3044 1560 3083 ex
1605 3036 1722 3083 toto
1769 3030 1953 3094 corde,
1992 3036 2045 3085 et
2078 3032 2146 3086 ab

528 3148 533 3153 λ
571 3123 696 3195 ipso
725 3130 910 3194 petere
958 3138 1083 3193 qua:
1123 3123 1314 3186 decet,
1347 3122 1450 3192 ipsi
1482 3122 1689 3192 gratias
1728 3137 1907 3192 agere,
1960 3138 2142 3178 veram

572 3214 973 3286 pmnitudinem
1020 3210 1225 3284 gerere
1255 3215 1657 3284 praeteritorum
1682 3224 2012 3282 gestorum,
2046 3215 2148 3274 ali-

572 3307 897 3377 quantulum
939 3308 1126 3369 etiam,
1172 3307 1219 3361 si
1248 3306 1508 3377 possibile
1545 3319 1651 3373 est,
1699 3324 1795 3379 per
1835 3307 2148 3362 miscricor-

572 3399 694 3453 dias
724 3413 1020 3468 pauperum
1048 3399 1243 3467 juvare
1272 3400 1679 3468 paenitentiam.
1715 3399 1818 3455 Per
1859 3400 1973 3454 hinc
2003 3401 2147 3455 enim

572 3487 787 3543 facilior
814 3489 970 3544 venia
1001 3490 1240 3557 dabitur,
1272 3498 1326 3545 et
1354 3491 1654 3563 indulgenti
1698 3494 1862 3548 citius
1908 3493 2151 3564 indulge-

571 3580 742 3635 bitur.
768 3579 925 3646 Quod
974 3571 1040 3636 si'
1072 3582 1432 3651 provectioris
1484 3584 1660 3639 aetatis
1710 3585 1782 3639 sit
1835 3585 1914 3649 is,
1947 3586 2041 3653 qui
2080 3585 2148 3639 ad

573 3672 953 3743 paenitentiam
999 3673 1167 3736 venit,
1201 3689 1268 3729 eo
1319 3672 1491 3742 magis
1538 3675 1743 3745 gratias
1784 3680 1942 3746 agere
1987 3676 2147 3732 debet

574 3762 707 3828 Deo,
735 3764 879 3832 quod
910 3770 1198 3834 postquam
1226 3765 1349 3820 linis
1371 3766 1419 3797 ⁷⁸
1448 3773 1531 3820 est
1556 3766 1737 3822 omnis
1761 3767 1995 3836 impetus
2023 3782 2150 3820 con-

575 3854 931 3924 cupiscenlite
981 3856 1260 3919 carnalis,
1323 3856 1551 3911 scientia
1601 3856 1846 3912 veritatis
1900 3867 2144 3926 accepta,

526 3952 531 3955 '
574 3947 725 4001 nulla
755 3947 805 4001 ei
850 3948 1097 4001 imminet
1133 3954 1314 4017 pugna
1346 3946 1684 4011 certaminis,
1718 3963 1814 4017 per
1845 3963 2030 4018 quam,
2063 3948 2149 4002 in-

575 4047 864 4109 surgentes
889 4038 1152 4095 adversus
1195 4041 1455 4103 animam,
1488 4040 1749 4109 reprimat
1774 4041 2020 4111 corporis
2049 4056 2147 4096 vo-

573 4130 818 4186 luntates
845 4131 913 4187 ".
950 4129 1210 4201 Superest
1233 4145 1364 4201 ergo
1392 4131 1440 4185 ei
1472 4130 1527 4185 in
1560 4130 1836 4201 agnitione
1875 4132 2142 4197 veritatis,

574 4229 631 4278 et
663 4222 1054 4279 misericordia:
1083 4223 1341 4293 operibus
1390 4223 1657 4288 exerceri,
1702 4230 1762 4277 ut
1802 4222 1993 4277 afferat
2031 4222 2147 4278 fru-
2188 4262 2193 4265 -

572 4323 700 4372 ctus
727 4317 923 4388 dignos
949 4318 1301 4387 ptenitentiae.
1326 4316 1437 4373 Nec
1467 4325 1650 4389 putet,
1683 4318 1812 4387 quia
1840 4317 1895 4372 in
1934 4326 2147 4389 tempo-
2190 4364 2195 4371 .

572 4410 653 4465 ris
678 4411 1018 4482 longitudine
1047 4410 1433 4491 documentum
1474 4413 1849 4467 conversionis
1896 4411 2146 4466 ostendi-

2240 549 2483 603 animum
2505 549 2910 603 misericordem
2933 555 2986 601 et
3012 547 3155 617 piam
3182 554 3437 601 mentem.
3461 546 3647 617 Neque
3668 547 3829 603 dives

2239 638 2650 693 conversionem
2684 637 3081 701 suam'dilierat
3112 652 3209 706 pro
3246 636 3616 700 sollicitudine
3648 653 3799 692 δίει-υ

2239 730 2361 792 lari,
2393 731 2521 793 dum
2554 732 2754 800 cogitat
2797 729 3071 799 quomodo
3114 729 3828 797 dispensctabundantiam

2239 821 2477 894 frugum.
2518 822 2703 893 Neque
2751 822 2896 876 dicat
2939 822 3080 875 intra
3130 821 3478 889 semetipsum
3508 820 3707 886 :'Quid
3742 819 3829 873 fa-

2237 916 2419 970 ciam?
2456 916 2551 970 ubi
2591 914 2883 970 recondam
2936 913 3147 968 fructus
3205 914 3390 968 meos?
3434 911 3621 983 Neque
3674 912 3831 968 dicat

2238 1008 2432 1061 animae
2459 1023 2599 1063 sum:
2624 1005 2800 1060 Habes
2822 1008 2990 1071 multa
3012 1006 3147 1061 bona
3166 1006 3399 1073 reposita
3420 1008 3475 1059 in
3496 1018 3662 1064 annos
3683 1006 3831 1060 mul-

2239 1108 2362 1162 tos,
2385 1098 2596 1167 epulare
2624 1106 2673 1152 et
2706 1097 2906 1151 (crtare.
2933 1096 3066 1151 Nam
3106 1096 3315 1151 dicetur
3347 1096 3396 1151 ei
3434 1116 3447 1150 :
3488 1095 3682 1161 Stulte,
3724 1097 3831 1149 hac

2208 1216 2209 1221 η
2237 1200 2386 1245 nocte
2412 1190 2681 1259 auferetur
2709 1189 2801 1244 abs
2839 1198 2887 1243 te
2927 1189 3106 1242 anima
3134 1199 3246 1254 tua,
3277 1198 3326 1244 et
3349 1206 3465 1260 qua:
3498 1188 3703 1256 parasti
3738 1205 3833 1242 cu-

2229 1282 2324 1351 jus
2371 1282 2583 1336 erunt“
2615 1282 2637 1336 ?
2671 1281 2859 1353 Itaque
2887 1280 3106 1337 festinet
3130 1281 3196 1334 ad
3221 1282 3594 1351 pmnitentiam
3644 1282 3831 1336 omnis

2212 1381 2391 1437 actas,
2438 1376 2617 1429 omnis
2678 1390 2843 1429 sexus
2891 1374 3177 1443 omnisque
3225 1372 3490 1436 conditio,
3551 1379 3608 1426 ut
3652 1372 3829 1431 vitam

2238 1474 2609 1536 consequatur
2642 1475 2924 1521 aeternam.
2955 1465 3190 1533 Juvenes
3221 1465 3447 1534 quidem.
3489 1465 3544 1518 in
3584 1478 3650 1518 eo
3681 1464 3832 1533 grati

2238 1560 2372 1623 sint,
2423 1558 2569 1627 quod
2617 1559 2671 1612 in
2716 1559 2835 1628 ipso
2882 1558 3085 1627 impetu
3132 1557 3548 1620 desideriorum,
3580 1556 3830 1610 cervices

2239 1668 2369 1709 suas
2392 1652 2535 1721 .jugo
2567 1651 2867 1720 subjiciunt
2910 1650 3233 1719 disciplinae.
3286 1648 3456 1703 Senes
3482 1654 3537 1701 ct
3570 1646 3675 1717 ipsi
3704 1648 3825 1701 lau-

2241 1748 2468 1810 dabiles,
2529 1747 2655 1816 quia
2711 1744 3180 1813 multi‘temporis
3231 1740 3714 1803 consuetudinem,
3771 1740 3829 1792 in

2245 1855 2350 1911 qua
2381 1840 2525 1894 male
2542 1837 2798 1909 prteventi
2833 1845 2982 1899 sunt,
3009 1844 3105 1906 pro
3158 1834 3253 1891 Dei
3295 1850 3478 1888 amore
3502 1835 3547 1865 "
3579 1848 3829 1888 comnm-

2245 1940 2381 1987 tant.
2429 1930 2597 1986 Nemo
2643 1946 2772 2000 ergo
2815 1929 3047 1995 differat,
3079 1944 3239 1983 nemo
3287 1935 3600 1982 cunctetur.
3632 1924 3831 1991 "Quae

2247 2024 2393 2079 enim
2434 2022 2928 2077 causarcunctandi
2960 2032 3044 2076 est
3086 2020 3150 2074 ad
3194 2021 3331 2074 bene
3366 2017 3829 2090 agendum?Ani-

2202 2152 2205 2157 ι
2248 2132 2370 2171 mus
2400 2116 2504 2170 sibi
2542 2114 2684 2169 male
2737 2114 3015 2178 conscius,
3054 2113 3181 2183 dum
3220 2112 3438 2166 videtur
3467 2111 3570 2165 sibi
3616 2109 3825 2164 nullam

2248 2224 2462 2281 pinnam
2493 2210 2630 2280 pati,
2664 2209 2838 2263 credit
2887 2208 3013 2277 quia
3064 2222 3173 2261 non
3230 2206 3438 2277 judiret
3520 2203 3825 2263 Dominus;

2248 2310 2371 2357 cu’m
2406 2300 2556 2354 abuti
2588 2300 2849 2369 patientia
2883 2297 3000 2361 Dei,
3025 2305 3079 2352 et
3115 2310 3228 2351 non
3258 2296 3562 2365 intelligere
3593 2307 3830 2363 parcen-

2249 2392 2320 2447 tis
2372 2391 2788 2460 benignitatem,
2813 2389 2927 2458 jam
2981 2387 3053 2441 sit
3096 2402 3292 2457 magna
3336 2383 3632 2439 damnatio.
3665 2380 3829 2436 Unde

2248 2483 2513 2554 scriptum
2547 2490 2672 2539 est:
2708 2481 3025 2536 Maledictus
3068 2480 3235 2533 omnis
3291 2478 3379 2549 qui
3432 2494 3558 2547 opus
3602 2473 3832 2529 Domini

2250 2577 2569 2646 negligenter
2600 2576 2710 2646 agit
2730 2573 2797 2628 ⁸⁸.
2856 2573 3202 2643 Quapropter
3260 2569 3552 2641 pastoralis
3605 2567 3829 2621 ordinis

2247 2674 2352 2729 est,
2397 2665 2814 2735 infatigabiliter
2866 2677 3142 2725 revocare,
3196 2660 3463 2731 quidquid
3521 2656 3589 2713 ad
3636 2672 3831 2731 corre-

2195 2792 2203 2799 -
2247 2759 2484 2814 ctionem
2528 2757 2882 2827 populorum,
2917 2756 3026 2809 imo
3065 2754 3239 2824 magis
3294 2752 3530 2813 filiorum
3566 2751 3832 2821 spiritua-

2196 2870 2201 2877 ο
2248 2849 2383 2903 lium
2453 2856 2719 2919 quantum
2749 2857 2831 2901 est
2860 2845 2943 2899 fas
2978 2845 3303 2914 intelligere.
3352 2842 3675 2913 cognoverit
3704 2855 3831 2910 per-

2247 2943 2444 3007 tinere,
2469 2948 2522 2996 et
2549 2955 2681 3005 non,
2715 2938 2858 3008 quod
2895 2938 3073 3008 absit!
3109 2946 3235 2990 Cum
3280 2951 3380 2991 suo
3415 2934 3661 3006 periculo
3691 2933 3829 2987 alie-z

2249 3055 2333 3094 na:
2380 3038 2495 3107 spei
2551 3052 2649 3107 per
2680 3036 2850 3091 solam
2895 3033 3281 3103 negligentiam
3314 3031 3490 3086 facere
3525 3028 3829 3084 detrimeno

2170 3165 2214 3223 ε
2250 3139 2389 3195 tum;
2423 3130 2517 3184 sed
2572 3128 2718 3198 quod
2771 3127 2834 3181 ad
2888 3126 3159 3195 generalis
3208 3123 3400 3179 salutis
3428 3129 3638 3191 spectat
3676 3136 3831 3176 com-

2252 3220 2534 3292 pendium,
2565 3219 2773 3275 salubri
2804 3231 3031 3271 necesse
3086 3222 3171 3271 est
3215 3214 3501 3284 providere
3556 3219 3823 3267 tractatu.

2250 3315 2296 3346 ⁸⁸
2318 3313 2535 3367 Homini
2585 3310 2843 3381 religioso
2894 3315 3091 3378 parum
3133 3322 3256 3362 esse
3305 3306 3465 3360 debet
3505 3303 3828 3359 inimicitias

2249 3406 2478 3459 aliorum
2536 3419 2645 3457 non
2696 3416 2977 3465 exercere,
3005 3399 3089 3455 vel
3134 3413 3242 3453 non
3295 3412 3494 3466 augere
3542 3397 3686 3451 male
3742 3396 3828 3448 lo-

2248 3497 2483 3568 quendo.
2517 3496 2623 3551 nisi
2660 3509 2752 3550 eas
2793 3493 2961 3548 etiam
2988 3491 3340 3560 exstinguere
3375 3489 3511 3544 bene
3546 3486 3825 3557 loquendo

2249 3587 2541 3643 studuerit.
2575 3584 2781 3639 “Ecce
2811 3584 2927 3639 oris
2964 3580 3135 3636 nostri
3163 3579 3399 3634 buccina
3424 3578 3490 3631 ad
3523 3594 3688 3633 aures
3717 3576 3821 3632 bo-

2248 3678 2456 3731 minum
2508 3688 2891 3746 personamus,
2923 3687 3100 3742 neque
3134 3686 3194 3727 se
3216 3670 3485 3740 deinceps
3536 3670 3827 3726 excusabit

2246 3784 2357 3829 non
2388 3770 2679 3833 monitum,
2709 3769 2825 3833 qui,
2861 3767 3003 3837 quod
3049 3765 3203 3835 sequi
3238 3764 3451 3826 debeat,
3480 3775 3593 3818 tam
3639 3768 3825 3821 verbis

2246 3878 2409 3934 quam
2437 3860 2635 3915 litteris
2668 3860 2948 3914 edocetur.
2974 3857 3017 3890 ⁸⁷
3035 3856 3225 3921 Qualis
3261 3861 3441 3910 autem
3472 3855 3815 3910 condemna-

2245 3956 2347 4014 tio.
2379 3959 2432 4010 et
2453 3953 2643 4025 qualis
2674 3951 2926 4005 imminet
2957 3949 3275 4003 maledictio
3304 3948 3390 4001 bis
3425 3947 3514 4016 qui
3546 3948 3599 4000 in
3630 3956 3824 4016 patres

2246 4045 2706 4121 peccant,diviua
2730 4058 2829 4097 nos
2860 4042 3019 4097 docet
3048 4037 3355 4109 Scriptura.
3388 4038 3443 4092 Si
3473 4038 3616 4093 enim
3643 4038 3821 4093 Cham

2248 4138 2535 4213 filius.Noe
2552 4137 2621 4202 ⁸⁸,
2654 4152 2779 4191 cum
2821 4136 3053 4191 vidisset
3099 4134 3306 4189 nudum
3357 4148 3513 4187 suum
3578 4138 3820 4199 patrem,

2245 4231 2504 4304 quoniam
2533 4244 2645 4283 non
2674 4228 2960 4298 coOperuit
2985 4226 3159 4297 patris
3197 4224 3495 4294 corporalis
3517 4218 3562 4254 δ’
3593 4222 3822 4276 nudita-

2246 4330 2381 4385 tem,
2414 4319 2509 4375 sed
2539 4332 2818 4389 egressus,
2848 4317 3121 4372 nuntiavit
3161 4331 3280 4370 eam
3330 4314 3696 4377 fratribus,et
3741 4314 3823 4368 illi

2246 4414 2571 4468 vestimento
2610 4425 2735 4465 eum
2786 4416 3221 4479 cooperuerunt;
3251 4409 3368 4477 ipse
3397 4405 3612 4477 quidem
3645 4404 3821 4460 Cham

572 4508 686 4565 tur,
715 4512 769 4556 et
789 4518 898 4556 non
928 4501 982 4555 in
1014 4502 1318 4557 devotionis
1341 4518 1404 4556 ac
1432 4503 1695 4572 propositi
1731 4502 2004 4559 ﬁrmitate.
2037 4502 2147 4557 Deo
2180 4509 2223 4566 D
2251 4511 2306 4558 et
2346 4503 2421 4556 illi
2458 4501 2548 4571 qui
2596 4515 2664 4557 ex
2708 4514 2775 4555 eo
2823 4501 2939 4555 nati
2984 4506 3133 4564 sunt,
3186 4498 3291 4555 sub
3339 4498 3632 4552 maleditto
3691 4496 3822 4551 facti

570 4592 719 4646 enim
756 4590 1059 4645 manifestae
1103 4600 1231 4646 sunt
1262 4601 1490 4656 mentes,
1516 4594 1644 4663 quia
1688 4609 1797 4647 non
1838 4604 2142 4664 temporum

522 4686 525 4693 ’
569 4686 835 4739 rationem
860 4685 1084 4756 colligit,
1118 4686 1211 4741 sed
1242 4688 1567 4744 animorum.
1602 4687 1719 4758 Ipse
1755 4691 1897 4744 enim
1929 4693 2142 4760 probat,

571 4772 618 4827 si
650 4772 792 4843 quis,
822 4774 1004 4842 agnita
1043 4776 1285 4830 veritatis
1333 4779 1736 4847 prmdicatione,
1777 4796 1884 4834 non
1910 4782 2141 4847 distulit,

526 4930 529 4931 ν
570 4877 748 4931 neque
780 4868 993 4933 tempus
1022 4864 1338 4935 negligendo
1366 4868 1703 4936 consumpsit
1732 4870 1797 4931 ⁸ο,
1830 4871 1923 4923 sed
1962 4872 2147 4931 statim

568 4965 643 5019 et,
673 4954 719 5009 si
763 4954 868 5009 dici
901 4964 1097 5024 potest,
1143 4955 1330 5011 eodem
1381 4968 1656 5014 momento
1706 4962 1975 5028 praeterita
2022 4978 2145 5030 per-

546 5044 916 5111 horrescens,
947 5047 1250 5101 futurorum
1281 5048 1611 5103 desiderium
1637 5053 1798 5119 cepit,
1819 5061 1873 5106 et
1908 5051 1961 5105 in
1995 5067 2145 5105 amo-

572 5152 686 5193 rem
719 5140 870 5210 regni
902 5140 1139 5195 caelestis
1173 5141 1396 5195 exarsit.
1436 5138 1669 5210 Propter
1707 5143 1847 5211 quod
1874 5158 2032 5197 nemo
2057 5160 2151 5197 ve-

570 5236 747 5284 strum
785 5233 927 5285 ultra
956 5231 1280 5295 dissimulet,
1330 5246 1429 5286 nec
1466 5239 1611 5293 retro
1642 5234 1918 5302 respiciat,
1953 5235 2046 5289 sed
2081 5234 2149 5288 ad

572 5316 920 5392 Evangelium
972 5324 1123 5393 regni
1173 5321 1265 5375 Dei
1320 5322 1549 5376 libenter
1573 5312 1577 5321 ”
1595 5323 1838 5378 accedat.
1902 5322 2019 5378 Non
2066 5324 2152 5378 di-

571 5425 662 5469 cat
696 5431 939 5485 pauper:
975 5415 1147 5483 Quia.
1195 5432 1319 5471 cum
1367 5416 1519 5472 dives
1566 5417 1744 5471 factus
1791 5416 1968 5479 fuero,
2020 5424 2148 5471 tunc

2252 4607 2379 4653 sunt
2398 4614 2413 4663 ;
2431 4597 2523 4666 qui
2554 4601 2738 4650 autem
2756 4599 3181 4663 cooperuerunt,
3206 4605 3456 4660 magnam
3480 4588 3821 4643 benedictio-

2253 4706 2378 4745 nem
2421 4694 2777 4751 meruerunt;
2807 4686 2980 4739 multo
3019 4684 3192 4754 magis
3243 4684 3336 4738 isti
3388 4682 3597 4751 majore
3626 4688 3681 4737 et
3705 4697 3822 4735 am-

2251 4784 2425 4853 pliore
2461 4778 2915 4835 condemnatione
2955 4774 3106 4846 digiti
3146 4781 3275 4828 sunt
3321 4774 3412 4843 qui
3443 4771 3694 4842 patribus
3724 4773 3809 4827 ob

2252 4872 2422 4935 viare,
2450 4877 2552 4924 aut
2573 4876 2763 4924 contra
2810 4882 2906 4922 eos
2932 4867 3219 4936 insurgere
3248 4865 3520 4927 nituntur,
3553 4870 3649 4917 aut
3679 4865 3809 4932 inju-

2251 4966 2389 5019 riam
2412 4963 2499 5017 vel
2548 4959 2933 5016 contumeliam
2964 4959 3044 5013 eis
3076 4958 3279 5011 inferre
3312 4956 3653 5023 moliuntur;
3688 4973 3821 5027 quo-

2252 5056 2398 5110 niam
2419 5054 2530 5124 qui
2561 5053 2643 5108 eis
2670 5051 2903 5113 resistit,
2937 5049 3051 5104 Deo
3087 5050 3326 5115 resistit,
3367 5056 3422 5103 et
3446 5049 3538 5118 qui
3574 5050 3655 5104 eis
3681 5049 3811 5116 inju-

2251 5146 2388 5199 riam
2416 5145 2500 5198 vel
2537 5142 2923 5197 contumeliam
2967 5140 3117 5203 facit,
3166 5140 3296 5203 Deo,
3331 5140 3492 5209 cujus
3548 5140 3819 5208 legatione

2252 5235 2576 5306 funguntur,
2610 5233 2741 5286 facit
2771 5253 2782 5286 :
2815 5232 3043 5302 Expavit
3072 5233 3255 5285 crrlum
3284 5247 3436 5299 super
3468 5231 3585 5294 hoc,
3618 5243 3668 5285 et
3701 5232 3815 5284 hor.

2251 5325 2359 5377 ruit
2390 5323 2619 5391 amplius
2644 5321 2984 5385 vehementer,
3010 5321 3139 5373 dicit
3178 5321 3433 5373 Dominus
3456 5321 3523 5374 ὀ.
3550 5319 3594 5373 Ο
3626 5321 3816 5373 intole-

2250 5415 2477 5469 rabilem
2516 5413 2943 5482 malignitatem!
2980 5428 3013 5467 o
3060 5414 3300 5482 linguam
3358 5412 3671 5483 loquentem
3725 5411 3815 5464 ini-

641 5571 688 5603 "
742 5573 965 5627 tuendis.

572 5639 963 5713 ’ξ’-ινοιιιρςαιᾳε,
1038 5646 1083 5676 ⁸⁰
1115 5639 1443 5713 εοηιεηψιξὶι.

573 5708 696 5765 £38.
806 5710 852 5745 "
878 5712 1076 5767 Jerem.
1105 5730 1293 5769 xum.

570 5778 617 5812 ⁸⁷
644 5777 898 5836 Justinia.
948 5783 1015 5839 de
1059 5784 1092 5837 5
1119 5784 1396 5855 capitulis.
1473 5787 1517 5817 ’"
1547 5777 1681 5839 Gen.
1738 5798 1815 5836 lx.
1892 5784 1940 5815 δ’
1986 5782 2326 5846 corporalem.

1068 5574 1195 5629 "S.
1252 5575 1411 5645 Greg.
1470 5575 1524 5628 in
1560 5572 1824 5633 fSacram.
1872 5571 2125 5645 'capuDe

2240 5569 2641 5645 Lsubdiacqni.
2748 5570 3353 5645 7"_cor_nptam,ita_m_s_.
3455 5569 3503 5599 "
3585 5567 3815 5634 fractus.

1522 5646 1562 5676 θ’
1595 5645 1729 5698 Luc.
1756 5658 1855 5705 xtl,
1896 5638 1978 5701 l9.
2010 5642 2100 5696 25).
2180 5642 2224 5671 θ’
2281 5643 2482 5695 timore.
2544 5640 2589 5670 ⁸³
2616 5642 2753 5706 Aug.
2791 5640 2843 5690 in
2890 5638 2975 5693 Ps.
3016 5657 3087 5694 ix.
3118 5638 3257 5708 apud
3298 5638 3648 5705 Prosperum.
3675 5648 3814 5693 sent.

1369 5717 1413 5746 ³⁸
1466 5715 1719 5783 Prosper.
1754 5720 1895 5767 si-nt.
1952 5714 2073 5768 178.
2110 5710 2309 5763 Calixt.
2368 5726 2454 5778 ep.
2492 5709 2540 5763 l.
2590 5730 2593 5733 ν
2644 5710 2690 5740 ⁸⁸
2726 5709 2780 5762 ‘2.
2807 5712 2991 5774 Qumst
3062 5710 3112 5768 7,
3147 5708 3479 5772 Sacerdotes,
3516 5719 3567 5762 et
3606 5711 3815 5781 reliqui.

1369 5802 1396 5835 ε.
1473 5787 1517 5817 ⁸³⁸
1547 5784 1681 5835 Gen.
1738 5798 1815 5835 lx.
1892 5784 1940 5815 δ’
1986 5782 2326 5835 corporalem.
2428 5782 2475 5814 ⁹⁰
2519 5778 2630 5835 Jer.
2682 5795 2744 5834 tt.
