4090 6250
347 356 454 417 689

1547 352 1913 412 ΕΡΙΒΤΟΕΕ
1949 346 2419 409 DECRETALES.

3496 359 3600 414 490

344 472 609 543 quitatem
649 482 842 525 contra
885 467 1074 536 Deum,
1100 476 1153 523 et
1200 477 1441 523 mentem
1487 468 1541 521 in
1572 468 1920 522 altitudinem
1952 469 1998 526 Α
2025 468 2155 537 gite,
2186 475 2240 522 et
2262 467 2547 521 veritatem
2584 466 2753 522 corde
2779 469 3057 538 prolerte,
3092 468 3350 537 quoniam
3392 471 3601 531 multos

345 579 516 618 cornu
560 562 941 617 extollentem!
974 560 1039 614 Et
1070 562 1264 615 iterum
1300 580 1313 615 :
1345 558 1578 630 Impone,
1614 561 1791 625 homo,
1817 570 1922 613 tua:

347 656 537 725 lingua:
592 655 787 708 ostium
836 662 885 708 et
945 670 1120 708 seram
1139 653 1205 707 “.
1237 653 1465 709 Cessa“
1489 655 1543 708 in
1569 653 1922 709 altitudinem

344 747 629 809 extollens,
662 753 715 801 et
751 747 984 815 loquens
1032 745 1295 801 adversus
1342 746 1513 801 Deum
1570 746 1919 815 iniquitatem

344 846 399 893 et
450 839 758 907 proximum
819 846 994 891 tuum.
1047 837 1343 909 Quousque
1399 839 1636 895 insultas
1689 837 1919 907 patienti

343 925 564 981 Christo
624 933 679 981 et
737 925 1039 982 fratribus?
1105 927 1229 983 Haec
1280 944 1384 983 nos
1443 929 1772 985 familiarius
1820 929 1920 984 do-

343 1017 523 1083 cebat,
569 1026 624 1072 et
680 1017 797 1072 haec
846 1018 1007 1073 nobis
1050 1020 1416 1089 publicitus”
1449 1020 1747 1091 praedictus
1798 1034 1917 1076 ma-

344 1110 512 1179 gister
597 1114 653 1163 et
724 1109 1026 1165 instructor
1111 1119 1274 1181 atque
1342 1112 1629 1166 ordinator
1704 1120 1913 1177 noster,

344 1200 600 1271 princeps
658 1202 1027 1271 apostolorum
1083 1202 1312 1266 Petrus,
1366 1206 1420 1258 in
1477 1205 1724 1260 Ecclesia
1778 1221 1916 1275 pra:-

343 1293 580 1359 dicabat,
616 1294 925 1364 exemplum
977 1296 1135 1357 dans,
1162 1305 1219 1349 ut
1253 1304 1307 1350 et
1336 1312 1437 1350 nos
1468 1297 1722 1352 similiter
1749 1297 1917 1352 facia-

343 1400 512 1441 mus:
549 1384 947 1450 Humiliamini,
1003 1388 1199 1456 inquit,
1252 1388 1306 1441 in
1352 1399 1633 1456 conspectu
1676 1388 1912 1453 Domini,

344 1486 393 1531 et
434 1476 696 1531 exaltabit
772 1476 946 1534 vos".
970 1475 1152 1531 Nolite
1222 1479 1497 1533 detrahere
1574 1479 1913 1548 alterutrum,

343 1571 591 1638 quoniam
628 1570 718 1640 qui
750 1568 978 1624 detrahit
1008 1570 1186 1638 fratri,
1225 1580 1318 1625 aut
1351 1573 1440 1642 qui
1460 1572 1670 1641 judicat
1695 1573 1916 1642 fratrem

344 1678 516 1723 suum,
573 1659 801 1715 detrahit
850 1662 968 1732 legi,
1004 1671 1054 1715 et
1093 1661 1305 1731 judicat
1364 1663 1545 1733 legem.
1590 1664 1694 1731 Qui
1740 1676 1913 1720 autem

344 1752 542 1806 indicat
599 1755 781 1824 legem,
831 1771 934 1808 non
999 1764 1077 1809 est
1125 1756 1297 1824 factor
1353 1756 1501 1827 legis,
1578 1757 1669 1811 sed
1721 1758 1909 1827 judex.

349 1842 492 1897 Unus
522 1856 600 1899 est
624 1847 762 1899 enim
793 1847 1066 1917 legislator
1086 1856 1136 1900 et
1159 1847 1348 1916 judex,
1380 1849 1470 1917 qui
1498 1858 1667 1917 potest
1696 1849 1915 1916 perdere

341 1946 389 1987 et
421 1936 662 1993 liberare.
712 1937 792 1992 Tu
831 1948 1005 1993 autem
1050 1940 1165 2009 quis
1214 1955 1290 2003 es,
1345 1942 1436 2010 qui
1471 1941 1686 2009 judicas
1734 1944 1914 2011 proxi-

344 2043 487 2102 mum
505 2026 586 2086 “2
609 2027 728 2085 Non
746 2038 981 2100 oportet.
1014 2028 1132 2084 Non
1167 2032 1409 2102 praecipit
1428 2048 1530 2088 nos
1554 2032 1801 2102 judicare
1830 2035 1914 2090 in-

339 2119 541 2183 vicem,
572 2119 666 2175 sed
696 2122 865 2191 magis
897 2122 1159 2176 auxilium
1193 2121 1409 2181 ferre."
1444 2123 1534 2178 Va:
1553 2125 1678 2189 erit,
1711 2125 1909 2196 inquit,

343 2211 430 2267 bis
460 2213 555 2280 qui
585 2212 780 2270 fratres
808 2215 1095 2279 tribulant,
1137 2227 1189 2271 et
1211 2217 1294 2272 eis
1325 2216 1418 2287 qui
1447 2233 1543 2273 eos
1572 2234 1911 2291 persequun-

340 2310 449 2358 tur.
488 2302 595 2360 Vos
626 2312 806 2360 autem
836 2319 1042 2377 quanto
1079 2309 1314 2378 amplius
1360 2310 1717 2378 tribulamini,
1759 2322 1909 2368 tanto

338 2395 684 2466 purgatiores
726 2407 893 2469 atque
937 2399 1212 2455 beatiores
1256 2400 1570 2457 efficiemini
1596 2444 1609 2467 ,
1645 2404 1690 2459 si
1726 2413 1906 2459 tamen

338 2487 454 2557 ipsa
496 2488 780 2545 tribulatio
838 2492 1105 2562 patienter
1161 2493 1322 2549 fuerit
1370 2504 1709 2565 supportata.
1750 2497 1907 2563 Quod

336 2579 496 2635 etiam
527 2581 647 2653 ipse
671 2598 771 2639 nos
809 2583 1070 2641 Dominus
1104 2586 1290 2641 docuit
1316 2607 1329 2640 :
1368 2588 1522 2642 Beati
1549 2590 1639 2658 qui
1665 2606 1907 2659 persecu-

339 2672 530 2728 tionem
556 2675 835 2742 patiuntur
856 2687 1067 2746 propter
1087 2679 1356 2747 justitiam
1373 2681 1437 2735 “.
1460 2681 1526 2736 Et
1553 2681 1681 2736 item
1707 2698 1719 2733 :
1752 2682 1907 2738 Beati
1934 2732 1943 2740 .

334 2765 501 2830 eritis,
532 2783 650 2819 cum
682 2784 770 2822 vos
801 2769 1005 2824 oderint
1031 2771 1286 2836 homines,
1316 2784 1364 2827 et
1392 2776 1647 2842 persecuti
1675 2792 1762 2829 vos
1790 2775 1907 2846 fue-

335 2856 463 2922 rint,
490 2866 541 2912 et
579 2858 824 2921 eiecerint
876 2879 1061 2917 nomen
1114 2875 1341 2918 vestrum
1383 2875 1635 2937 tanquam
1679 2867 1900 2924 malum.

338 2946 569 3005 Gaudete
597 2953 652 3005 in
675 2952 775 3006 illa
803 2952 887 3008 die
916 2964 964 3008 et
993 2959 1284 3023 exsultate,
1317 2961 1565 3029 quoniam
1605 2978 1799 3016 merces
1827 2979 1906 3017 ve-

336 3051 446 3097 stra
467 3044 637 3098 multa
669 3047 825 3099 estin
856 3048 1063 3103 cwlo".
1099 3048 1250 3105 Unde
1286 3059 1339 3105 et
1384 3052 1501 3122 ipse
1544 3052 1621 3105 ait
1655 3073 1666 3106 :
1701 3053 1900 3124 Diliges

2020 559 2133 629 jam
2165 560 2533 630 supplantavit
2563 560 2860 629 suspicio'.
2895 560 3231 616 Charitatem
3266 577 3482 632 semper
3510 564 3603 620 diu

2024 651 2208 721 ligite.
2240 661 2295 704 et
2323 647 2523 705 fratres
2566 651 2840 716 adiuvate.
2886 651 3061 706 Erunt
3100 654 3245 706 enim
3283 655 3442 723 quasi
3486 672 3600 713 non

2022 754 2133 799 sunt
2177 755 2233 800 et
2268 740 2526 815 peribunt
2565 747 2669 800 viri
2693 745 2786 815 qui
2816 743 3206 800 contradicunt
3237 748 3411 804 vobis.
3447 743 3601 807 Unda

2021 846 2075 891 et
2099 833 2367 893 Dominus
2388 839 2463 891 ait
2496 853 2510 889 :
2546 837 2651 904 Qui
2674 855 2760 892 vos
2800 838 2973 899 audit,
3002 855 3082 893 me
3111 851 3299 901 auatt;
3328 856 3378 895 et
3396 859 3484 913 qui
3509 861 3600 899 vos

2020 931 2239 997 spernit,
2270 948 2350 984 me
2376 932 2672 1001 spernit;et
2688 933 2778 1002 qui
2807 933 3004 994 spernit
3026 951 3126 997 me,
3150 939 3348 1003 spernit
3375 954 3491 990 eum
3507 938 3605 1008 qui

2020 1038 2102 1076 me
2139 1023 2342 1079 misit’.
2366 1023 2433 1077 Ει
2465 1024 2593 1079 item
2629 1044 2641 1078 :
2665 1025 2769 1091 Qui
2790 1026 2929 1079 enim
2954 1042 3055 1079 non
3075 1036 3153 1080 est
3184 1026 3461 1083 adversum
3483 1047 3597 1097 vos,

2016 1130 2110 1183 pro
2140 1114 2281 1169 vobis
2309 1127 2407 1169 est.
2443 1115 2693 1187 Quisquis
2730 1118 2866 1170 enim
2891 1127 3070 1186 potum
3097 1119 3297 1173 dederit
3340 1122 3480 1177 vobis
3506 1139 3601 1178 ca-

2018 1208 2169 1261 licem
2198 1225 2348 1278 aqua:
2378 1210 2429 1263 in
2464 1210 2673 1262 nomine
2716 1226 2852 1274 meo,
2886 1212 3012 1281 quia
3036 1210 3236 1266 Christi
3264 1215 3410 1277 estis,
3444 1232 3595 1271 amen

2017 1302 2135 1354 dico
2152 1301 2315 1364 vobis,
2345 1319 2447 1356 non
2469 1302 2647 1370 perdet
2670 1302 2952 1356 mercedem
2975 1320 3145 1358 suam.
3174 1303 3240 1357 Et
3261 1308 3349 1375 qui
3369 1308 3597 1361 scanda-

2018 1392 2254 1447 lizaverit
2285 1411 2447 1446 unum
2477 1410 2541 1447 ex
2572 1393 2652 1449 his
2671 1394 2883 1462 pusillis
2913 1394 3244 1450 credentibus
3274 1398 3327 1451 in
3371 1415 3470 1465 me,
3503 1399 3596 1452 bo-

2017 1503 2143 1540 num
2188 1496 2265 1540 est
2306 1488 2355 1540 ei
2400 1488 2589 1556 magis,
2634 1489 2682 1541 si
2728 1487 3144 1541 circumdaretur
3182 1490 3323 1543 mola
3353 1492 3596 1547 asinaria

2018 1579 2152 1633 collo
2174 1579 2311 1648 ejus,
2341 1589 2390 1633 et
2417 1582 2470 1634 in
2500 1597 2645 1634 mare
2677 1582 2991 1635 mitteretur.
3018 1581 3088 1634 Et
3120 1584 3167 1636 si
3196 1585 3594 1640 scandalizave-

2016 1673 2085 1724 rit
2112 1680 2159 1724 te
2190 1688 2379 1725 manus
2410 1681 2523 1736 tua,
2557 1672 2804 1726 abscinde
2841 1673 3010 1727 illam.
3033 1674 3239 1727 Bonum
3260 1686 3337 1729 est
3369 1676 3465 1730 tibi
3502 1680 3595 1733 de-

2017 1762 2172 1816 bilem
2193 1764 2412 1817 introire
2432 1765 2489 1817 in
2521 1765 2700 1827 vitam,
2724 1781 2882 1836 quam
2913 1764 3049 1820 duas
3093 1783 3281 1821 manus
3311 1768 3585 1823 habentem

2019 1856 2095 1908 ire
2117 1856 2170 1908 in
2190 1854 2497 1925 gehennam,
2534 1858 2588 1910 in
2616 1858 2787 1926 ignem
2823 1858 3323 1928 inexstinguibilem,
3360 1861 3449 1915 ubi
3481 1879 3593 1916 ver-

2018 1950 2118 2000 mis
2148 1964 2329 2001 eorum
2352 1965 2455 2002 non
2476 1950 2722 2015 moritur,
2748 1959 2797 2003 et
2825 1950 2961 2021 ignis
2993 1968 3094 2004 non
3116 1953 3487 2023 exstinguitur.
3524 1953 3594 2009 Et

2016 2040 2066 2093 si
2089 2056 2177 2107 pes
2199 2049 2319 2093 tuus
2346 2040 2679 2095 scandalizat
2709 2052 2779 2107 te,
2812 2052 3029 2111 amputa
3070 2044 3241 2100 illum.
3282 2045 3488 2099 Bonum
3514 2054 3592 2101 est

2018 2132 2134 2195 tibi,
2160 2132 2408 2187 claudum
2430 2134 2654 2189 introire
2682 2136 2738 2188 in
2768 2136 2929 2189 vitam
2967 2145 3240 2201 a'ternam,
3272 2154 3430 2208 quam
3458 2137 3591 2192 duos

2013 2223 2167 2292 pedes
2194 2223 2487 2291 habentem,
2512 2227 2652 2279 mitti
2682 2228 2736 2280 in
2765 2227 3053 2298 gehennam
3081 2230 3217 2300 ignis
3240 2230 3591 2301 inexstingui-

2015 2315 2157 2380 bilis,
2184 2316 2273 2371 ubi
2292 2320 2479 2373 vermis
2499 2336 2679 2373 eorum
2704 2338 2807 2374 non
2835 2322 3078 2385 moritur,
3097 2332 3145 2375 et
3176 2323 3313 2391 ignis
3343 2341 3447 2377 non
3476 2339 3593 2378 ess-

2016 2408 2291 2479 tinguitur.
2339 2410 2491 2476 Quod
2512 2412 2560 2466 si
2588 2413 2771 2467 oculus
2802 2422 2920 2468 tuus
2968 2414 3302 2468 scandalizat
3352 2427 3419 2478 te,
3462 2418 3592 2484 ejice

2011 2520 2149 2557 eum.
2192 2502 2398 2558 Bonum
2436 2515 2514 2561 est
2549 2506 2643 2560 tibi
2661 2506 2863 2561 luscum
2897 2509 3116 2561 introire
3145 2509 3197 2561 in
3227 2525 3440 2578 regnum
3466 2510 3587 2574 Dei,

2010 2611 2169 2665 quam
2233 2596 2365 2650 duos
2427 2599 2607 2652 oculos
2678 2598 2949 2653 habentem
3004 2601 3143 2653 mitti
3199 2601 3251 2654 in
3303 2600 3587 2672 gehennam

2010 2688 2169 2760 ignis,
2228 2692 2319 2744 ubi
2370 2693 2557 2745 vermis
2604 2706 2784 2746 eorum
2818 2709 2920 2745 non
2952 2692 3196 2756 moritur,
3250 2708 3296 2746 et
3329 2693 3461 2763 ignis
3486 2710 3590 2748 non

2010 2786 2378 2856 exstinguitur.
2425 2787 2609 2840 Omnis
2671 2787 2809 2840 enim
2855 2786 3006 2839 homo
3053 2786 3169 2855 igne
3222 2787 3465 2850 salietur,
3538 2796 3590 2841 et

2011 2879 2181 2932 omnis
2211 2878 2424 2932 victima
2458 2878 2682 2932 salietur
2698 2877 2739 2932 ⁸.
2775 2878 2981 2932 Bonum
3004 2887 3079 2930 est
3110 2878 3194 2929 sal
3221 2877 3397 2939 :quod
3431 2879 3478 2931 si
3504 2878 3589 2933 sal

2009 2969 2272 3023 insulsum
2299 2970 2479 3040 fuerit,
2511 2971 2567 3023 in
2605 2988 2707 3041 quo
2770 2970 2904 3023 illud
2934 2969 3132 3023 salietis
3152 2972 3177 3023 ?
3199 2968 3397 3022 Ilabete
3428 2969 3512 3022 sal
3530 2970 3588 3023 in

2010 3062 2173 3123 vobis,
2205 3072 2253 3116 et
2274 3078 2454 3131 pacem
2473 3061 2656 3118 habete
2696 3064 2836 3117 inter
2866 3064 3029 3127 vos';
3055 3061 3183 3131 quia
3214 3061 3462 3130 quisquis
3495 3075 3577 3114 ve-

335 3132 618 3190 Dominum
649 3137 817 3191 Deum
857 3149 1002 3192 tuum
1025 3158 1087 3194 ex
1125 3150 1231 3196 toto
1273 3145 1427 3198 corde
1459 3154 1568 3212 tuo,
1601 3156 1651 3199 et
1688 3162 1752 3200 ea:
1793 3156 1905 3203 tota

2012 3162 2181 3209 strum
2208 3166 2355 3211 recte
2385 3155 2659 3220 docuerit,
2695 3162 2750 3211 et
2779 3155 2930 3223 juste
2968 3153 3186 3217 vixerit,
3218 3153 3435 3206 habebit
3469 3154 3587 3223 glo-

336 3230 513 3282 anima
538 3239 649 3296 tua,
679 3241 729 3284 et
757 3248 820 3284 ea:
845 3235 966 3286 lotis
997 3234 1191 3289 viribus
1219 3238 1341 3301 tuis,
1366 3248 1415 3290 et
1435 3241 1734 3306 proximum
1758 3250 1902 3294 tuum

337 3320 470 3373 sicut
507 3322 836 3391 teipsum’".
870 3324 987 3379 Non
1022 3329 1164 3382 enim
1190 3369 1204 3393 ,
1264 3330 1474 3400 inquit,
1534 3341 1681 3389 recte
1730 3335 1905 3405 diligit

340 3408 528 3475 Deum,
554 3413 646 3483 qui
666 3413 888 3469 fratrem
917 3417 1255 3489 insequitur:
1279 3439 1380 3478 nec
1401 3424 1577 3495 diligit
1597 3429 1903 3496 proximum

335 3502 432 3574 qui
459 3504 510 3558 ei
540 3504 806 3570 detrahit,
849 3510 933 3564 vel
964 3513 1057 3580 qui
1099 3513 1250 3566 illum
1292 3526 1548 3584 accusat;
1588 3521 1715 3589 quia
1760 3523 1903 3590 quod

337 3595 444 3650 sibi
468 3596 592 3666 quis
623 3597 735 3655 ﬁeri
762 3617 874 3656 non
905 3605 1040 3666 vult,
1077 3605 1179 3660 hoc
1203 3608 1359 3663 alteri
1388 3611 1703 3669 nullatenus
1728 3613 1905 3671 facere

337 3686 520 3742 debet.
558 3687 772 3767 Discite,
806 3693 1001 3763 inquit,
1032 3695 1124 3749 filii
1165 3699 1645 3770 mei.sapientiam,
1677 3714 1731 3759 et
1761 3714 1905 3762 tene-

336 3784 451 3833 tote
464 3778 620 3865 fidem
636 3790 858 3847 rectam,
876 3795 929 3840 et
946 3788 1333 3855 amplectimini
1351 3793 1695 3860 charitatem,
1714 3807 1770 3852 ut
1796 3815 1902 3855 non

336 3870 622 3927 excidatis.
644 3873 785 3928 Data
808 3886 884 3930 est
910 3879 1045 3931 enim
1077 3898 1109 3932 a
1132 3880 1358 3936 Domino
1378 3895 1629 3953 potestas,
1656 3899 1705 3943 et
1738 3892 1902 3945 virtus

338 3961 402 4014 ab
431 3963 728 4035 4ltissimo,
754 3971 842 4038 qui
869 3971 1211 4042 interrogabit
1232 3992 1390 4045 opera
1419 3990 1609 4045 vestra,
1628 3992 1676 4035 et
1700 3987 1904 4053 cogita—

342 4055 502 4112 tiones
533 4061 856 4115 scrutabitur
880 4076 1078 4120 vestras
1101 4068 1165 4122 ⁸⁸.
1197 4068 1299 4134 Qui
1329 4080 1508 4126 autem
1547 4078 1904 4134 custodierint

335 4148 603 4219 justitiam
644 4155 793 4223 juste
826 4157 1220 4226 judicabuutur
1261 4182 1273 4216 :
1314 4174 1367 4218 et
1408 4167 1501 4235 qui
1535 4167 1903 4222 didicerint"'

335 4241 570 4309 iusta,”
595 4245 744 4313 juste
776 4247 1050 4303 invenient
1082 4252 1211 4320 quid
1243 4257 1627 4331 respondeant.
1678 4257 1904 4331 Semper

339 4343 605 4391 cavetote.
628 4335 890 4407 Prazcepit
916 4342 1059 4395 enim
1106 4359 1174 4398 ne
1203 4346 1496 4415 aliquando
1520 4359 1743 4418 peccato
1767 4368 1901 4407 con-

340 4430 643 4485 sentiamus
678 4438 732 4485 et
772 4434 1248 4501 praetermittamus
1278 4449 1545 4509 praecepta
1576 4439 1685 4496 De?
1702 4446 1897 4501 nostri.

345 4519 415 4553 ⁵⁸⁸
438 4520 717 4578 Ecclesias
748 4540 845 4592 per
871 4540 1113 4596 congrua
1141 4535 1195 4582 et
1226 4504 1380 4584 utilia
1412 4504 1574 4587 facite
1602 4533 1740 4599 loca,
1780 4554 1901 4607 qum
1936 4504 1977 4557 θ

338 4611 537 4670 divinis
570 4616 823 4685 precibus
852 4631 1069 4672 sacrare
1092 4629 1344 4689 oportet,
1383 4633 1437 4677 et
1460 4624 1515 4677 in
1541 4626 1772 4696 singulis
1812 4646 1900 4684 sa-

338 4706 621 4770 cerdntes,
672 4707 870 4763 divinis
919 4711 1261 4767 orationibus
1320 4712 1430 4769 Deo
1486 4717 1715 4784 dicatos,
1748 4722 1896 4790 poni.

338 4793 488 4862 Quos
510 4801 580 4853 ab
600 4800 851 4855 omnibus
872 4806 1121 4857 venerari
1151 4814 1388 4874 Oportet,
1411 4816 1463 4862 et
1494 4824 1601 4863 non
1626 4827 1899 4883 quoquam

339 4890 573 4969 gravari.
607 4891 832 4963 Semper
870 4895 1037 4951 vitate
1066 4899 1230 4965 mala,
1263 4911 1316 4955 et
1359 4918 1458 4971 pro
1492 4905 1778 4963 animabus
1805 4927 1899 4966 ve-

340 4982 470 5039 stris
500 5000 569 5041 ne
590 4988 999 5047 confundamini
1031 4992 1214 5049 dicere
1239 5011 1425 5049 verum
1443 4998 1481 5055 ¹.
1507 4996 1786 5057 Mcndacia
1817 5006 1901 5061 fu-

2008 3246 2165 3302 riam.
2200 3246 2303 3313 Qui
2331 3256 2509 3304 autem
2543 3263 2704 3303 secus
2743 3247 2936 3317 egerit,
2964 3244 3336 3299 indubitanter
3365 3259 3585 3315 pinnam

2009 3341 2320 3395 sustinebit.
2354 3340 2480 3396 Ideo
2504 3341 2646 3395 bona
2681 3356 2841 3410 agere
2868 3354 2966 3395 vos
2997 3354 3213 3409 semper
3250 3346 3489 3409 oportet,
3524 3346 3586 3393 ut

2008 3432 2255 3487 bravium
2295 3444 2514 3489 aeterna;
2536 3435 2661 3488 vita:
2690 3432 3029 3504 percipiatis.

2074 3524 2173 3583 His
2202 3544 2333 3597 ergo
2358 3528 2496 3583 bene
2513 3535 2702 3599 parete
2724 3526 3038 3582 sententiis.
3068 3523 3146 3580 Ne
3167 3525 3293 3595 quis
3309 3524 3424 3578 base
3446 3540 3585 3595 piae-

2006 3626 2161 3689 cepta
2190 3619 2413 3675 minime
2442 3620 2632 3675 credat
2662 3617 2959 3689 implenda,
2992 3616 3275 3686 etjudieio
3298 3616 3392 3670 Dei
3423 3624 3585 3671 aeter-

2005 3711 2061 3764 ni
2088 3711 2227 3782 ignis
2253 3718 2524 3766 tormenta
2555 3710 2861 3775 sustineat,
2895 3709 2991 3780 qui
3019 3708 3379 3763 ecclesiastici
3402 3707 3584 3778 operis

2007 3817 2165 3857 sacra
2204 3803 2526 3872 neglexerit.
2560 3802 2687 3857 Haec
2716 3802 2903 3873 igitur,
2933 3800 3102 3855 frater
3132 3800 3356 3868 Jacobe,
3388 3800 3457 3856 de
3485 3817 3584 3856 ore

2006 3896 2181 3951 sancti
2211 3894 2357 3951 Petri
2378 3895 2628 3965 jubentis
2666 3895 2853 3949 audivi
2880 3910 2893 3944 :
2929 3892 2987 3947 Si
3019 3894 3144 3963 quis
3176 3903 3441 3964 praecepta
3466 3893 3583 3948 iure

2004 4006 2114 4050 non
2148 3991 2360 4061 integra
2388 3989 2734 4053 custodierit,
2762 3989 2833 4044 sit
2860 3987 3148 4041 anathema
3181 4003 3353 4056 usque
3384 3986 3451 4041 ad
3479 3987 3579 4041 ad-

2004 4094 2227 4140 ventum
2266 4084 2480 4138 Domini
2515 4082 2692 4137 nostri
2724 4080 2855 4136 Jesu
2896 4078 3124 4135 Christi.
3154 4078 3280 4133 llaec
3309 4087 3580 4149 praecepta

2005 4194 2036 4233 a
2056 4185 2247 4233 sancto
2257 4176 2420 4231 Petro
2435 4175 2682 4246 apostolo
2702 4174 2887 4243 accepi
2908 4190 2923 4239 ;
2942 4180 2995 4227 et
3018 4171 3140 4235 tibi,
3163 4170 3336 4226 frater
3365 4171 3580 4225 charis-

2005 4270 2163 4336 sime,
2201 4268 2482 4324 insinuare
2507 4266 2720 4331 curavi,
2745 4272 2805 4319 ut
2826 4263 3033 4319 servari
3067 4262 3252 4318 omnia
3292 4262 3579 4333 praecipias

2005 4361 2124 4416 sine
2152 4360 2389 4415 macula.
2424 4357 2482 4412 Si
2505 4358 2630 4428 quis
2654 4371 2783 4411 vero
2805 4354 3043 4410 audierit
3071 4362 3148 4418 te,
3172 4354 3326 4408 utilis
3344 4354 3450 4407 erit
3475 4356 3579 4407 mi-

2006 4454 2178 4508 nister
2203 4451 2329 4508 Iesu
2361 4451 2585 4506 Christi.
2611 4450 2713 4517 Qui
2746 4458 2927 4503 autem
2951 4462 3061 4501 non
3091 4445 3324 4499 audierit
3354 4452 3427 4507 te,
3464 4445 3578 4499 ilno

2008 4550 2315 4615 loquentem
2346 4543 2634 4598 Dominum
2665 4558 2761 4613 per
2790 4551 2864 4607 te,
2898 4541 3013 4612 ipse
3040 4540 3146 4595 sibi
3177 4539 3575 4594 damnationem

2006 4639 2259 4708 accipiet.
2284 4638 2304 4668 ⁸
2334 4635 2693 4706 Omnipotens
2712 4634 2877 4696 Dens,
2895 4631 3240 4696 charissime,
3260 4646 3358 4686 sua
3377 4637 3428 4683 te
3452 4646 3578 4700 prum

2007 4731 2243 4786 lectione
2260 4728 2549 4791 custodiat,
2572 4735 2734 4797 atque
2746 4726 2812 4780 ad
2827 4724 3067 4781 cmlestis
3084 4723 3576 4778 remunerationem

2004 4823 2215 4893 patriae,
2247 4820 2532 4891 multiplici
2570 4821 2877 4874 animarum
2908 4816 3088 4871 fructu
3122 4818 3405 4886 perducat.
3431 4813 3577 4872 Deus

2006 4924 2060 4972 te
2078 4917 2275 4972 iterum
2300 4914 2606 4983 iterumque
2631 4913 2962 4969 incolumem
2990 4909 3287 4973 custodiat,
3318 4916 3575 4964 reveren-

2006 5010 2220 5066 tissime
2250 5008 2437 5064 frater.
2461 5010 2659 5062 Amen.

406 5214 447 5300 ’.¹
482 5212 874 5300 Εεςξίηξκνιιι.
951 5223 996 5300 ’_'
1027 5241 1209 5300 cornu2
1288 5226 1333 5300 ’_’
1365 5227 1586 5300 publice.
1663 5230 1708 5260 "
1737 5229 1758 5283 Ι
1790 5230 1935 5288 Petr.
1968 5228 2223 5287 v.”'Jac.
2256 5247 2335 5295 iv,
2364 5229 2429 5282 ad
2462 5245 2621 5300 quem
2653 5236 2833 5300 tamen
2859 5230 2970 5282 lucc
3000 5228 3161 5300 scribi
3207 5230 3409 5286 dicitur
3454 5228 3566 5299 epi-

336 5287 494 5368 stola.
547 5287 617 5368 A’f
637 5287 815 5355 Alex.,
849 5296 1019 5368 ep._i.
1096 5279 1431 5368 "'Mattli.'v,
1464 5279 1585 5352 iii."
1626 5279 1904 5366 ⁹⁷

2018 5279 2618 5365 βτίδὶἐὶιῑιζῖὶῖιῖὲῆζ
2658 5279 2716 5329 in
2734 5279 2843 5368 sap

1469 5370 1535 5401 ¹⁶⁰
1588 5371 1655 5425 10
1684 5388 1739 5440 q.
1773 5374 1828 5426 7,
1869 5372 2133 5427 Ecclesias
2159 5388 2293 5440 per.,
2345 5382 2399 5426 et
2437 5372 2505 5425 de
2538 5383 2708 5440 icons.
2766 5370 2893 5424 dist.
2945 5377 2996 5423 1»
3025 5368 3311 5440 Ecclesium

335 5355 566 5411 "Abest
599 5358 712 5412 haec
792 5355 981 5419 vocula
1040 5381 1067 5416 a
1131 5381 1181 5421 c.
1218 5366 1360 5422 Just.

334 5426 425 5499 eli.
456 5442 508 5479 tv
608 5429 821 5486 ’Ecclt.
883 5450 965 5492 Ill.
1040 5435 1210 5492 'Luc.
1274 5454 1333 5499 ι,
1368 5438 1456 5495 16.

334 5493 430 5552 lib.
466 5513 564 5553 vn.

639 5926 905 5981 Parnm.
948 5921 1065 5980 Gn.
1104 5919 1155 5983 1..
1178 5901 1183 5909 ’

1563 5441 1585 5472 ⁸
1635 5444 1744 5497 sale
1778 5445 2019 5499 salietur.

2851 5342 2861 5352 .
2897 5316 2972 5363 vt,
3002 5298 3054 5352 4.
3132 5300 3196 5331 ⁸⁸·
3227 5298 3560 5352 crediderint.

2856 5380 2893 5422 ι.
2945 5377 2996 5422 1»
3026 5368 3311 5422 Ecclessas.
3420 5370 3435 5399 ¹
3463 5369 3560 5422 Ec~

2116 5438 2351 5495 "Marc.
2404 5458 2479 5505 is,
2533 5439 2602 5494 39
2642 5449 2693 5493 et
2734 5456 2849 5509 seq.
2960 5440 2981 5469 ⁸
3016 5438 3075 5495 S.
3127 5439 3286 5511 Greg.
3337 5454 3423 5509 ep.
3470 5439 3560 5504 27,

3242 5923 3320 5984 16
