4090 6250
471 412 568 469 491

1352 409 1411 469 S'
1446 406 1840 469 CLEMENTIS
1872 412 1892 466 l
1928 410 2092 469 ROM.
2133 408 2334 469 PONT.
2372 407 2601 470 OPEBA
2634 406 2865 472 DUBIA.

3608 409 3713 466 692

1620 665 2202 759 EPISTOLA
2246 653 2265 685 ⁷
2364 670 2551 757 ΙΙΙ.

474 816 568 871 AD
602 813 999 877 EPISCOPOS,
1019 813 1537 879 PRESBYTEROS,
1572 815 1934 881 DIACONOS,
1960 815 2137 879 ETC.,
2171 817 2257 871 ET
2301 815 2694 873 UNIVERSOS
2727 817 3038 884 FIDELES,
3060 819 3145 873 DE
3167 818 3252 876 OF
3256 817 3435 876 FICIO
3463 818 3718 877 SACER-

1679 908 1883 965 DOTIS
1915 909 2005 965 ET
2035 908 2481 967 CLERICORUM
2490 950 2506 977 ,

1412 1049 1599 1121 Ruﬁno
1622 1049 1835 1107 Torano
1853 1050 2177 1123 Aquileiensi
2206 1050 2510 1123 presbytero
2536 1053 2833 1123 interprete.

556 1271 808 1328 Cesuens
839 1272 992 1328 urbis
1009 1271 1194 1328 Romae
1233 1274 1523 1346 episcopus
1546 1275 1804 1333 omnibus
1833 1276 2051 1349 coepis-
2078 1281 2127 1339 Α
2152 1277 2299 1334 nime
2342 1278 2633 1335 crediderit
2681 1277 3002 1335 doctoribus
3031 1284 3085 1333 et
3119 1276 3392 1349 episcopis
3422 1275 3536 1331 suis
3561 1315 3577 1340 ,
3609 1290 3721 1330 non
3800 1252 3803 1253 ν

477 1365 650 1435 cepis.
687 1365 1039 1435 presbyteris,
1077 1365 1324 1422 diaconis
1351 1382 1416 1422 ac
1457 1367 1689 1438 reliquis
1722 1368 1965 1435 clericis,
1995 1377 2052 1425 et

475 1457 693 1512 cunctis
726 1458 1066 1528 principibus
1096 1458 1400 1527 majoribus
1436 1460 1840 1527 miuoribusve,
1873 1462 2054 1516 omni-

476 1548 691 1620 busque
740 1550 1073 1620 generaliter
1101 1548 1124 1581 ⁸
1165 1549 1418 1606 ﬁdelibus
1453 1550 1790 1618 benedictio,
1830 1553 2054 1611 claritas

476 1651 533 1699 et
592 1642 765 1712 gloria
818 1643 873 1696 in
926 1642 1102 1713 gratia
1156 1641 1292 1710 Dei,
1334 1658 1455 1714 quae
1487 1642 1613 1700 data
1669 1651 1753 1703 est
1782 1646 1944 1702 nobis
1995 1646 2055 1704 in

478 1731 701 1791 Christo
734 1733 864 1792 Jesu
895 1735 1128 1792 Domino
1157 1744 1366 1793 nostro.

553 1825 719 1897 Urget
748 1843 870 1891 nos,
922 1828 1144 1895 fratres,
1178 1830 1386 1887 multus
1420 1846 1576 1886 amor
1615 1840 1817 1898 vester,
1846 1841 1901 1889 et
1927 1833 2056 1890 reli-

479 1918 632 1989 giosa
662 1918 853 1974 invitat
871 1920 1110 1985 devotio,
1137 1923 1266 1992 quia
1287 1922 1561 1981 debitores
1584 1941 1796 1989 sumus,
1816 1936 1875 1980 ut
1903 1942 2053 1997 qua:-

478 2011 603 2066 dam
633 2011 791 2067 vobis
819 2013 1145 2071 scribamus.
1184 2014 1294 2071 Vos
1314 2032 1466 2087 ergo,
1492 2017 1584 2087 qui
1610 2019 1920 2074 sacerdotio
1944 2019 2053 2075 Do-

481 2103 615 2157 mini
646 2102 912 2170 fruimini,
952 2113 1008 2160 et
1034 2106 1090 2160 in
1118 2108 1339 2178 specula
1369 2110 1503 2165 estis
1536 2110 1719 2179 positi,
1761 2112 1883 2181 plus
1914 2113 2057 2171 scire

483 2203 718 2264 oportet,
755 2205 813 2251 ut
854 2196 1104 2254 subditos
1133 2200 1291 2255 vobis
1334 2203 1565 2270 populos
1597 2204 1831 2273 pleniter
1860 2204 2057 2264 docere

484 2288 732 2358 possitis,
757 2289 948 2360 eisque
970 2291 1038 2345 ad
1053 2307 1233 2362 ,regna
1265 2297 1529 2350 cmlorum
1556 2296 1819 2352 ducatum
1848 2299 2057 2368 praebe-

484 2394 562 2443 re,
583 2377 694 2434 Deo
724 2391 1020 2450 annuente,
1046 2384 1295 2441 valeatis.
1328 2385 1479 2443 Unde
1504 2396 1560 2444 et
1584 2387 1703 2459 ipsa
1740 2404 1836 2459 per
1867 2406 1928 2447 se
1952 2390 2059 2448 Ve-

482 2472 618 2527 ritas
649 2473 763 2527 ait:
813 2474 973 2531 Vobis
1007 2475 1192 2530 datum
1230 2488 1310 2533 est
1368 2495 1520 2535 nosse
1556 2484 1867 2552 mysterium
1912 2485 2059 2556 regni

484 2560 603 2632 Dei,
634 2568 837 2624 caeteris
866 2578 1040 2623 autem
1080 2571 1133 2625 in
1157 2572 1426 2637 parabolis
1444 2575 1485 2641 ’,
1519 2585 1623 2632 etc.
1653 2574 1881 2647 Pr0pter
1911 2577 2058 2649 quod

484 2656 776 2713 consilium
804 2658 874 2715 do
905 2663 1202 2734 unicuique
1229 2673 1491 2730 vestrum,
1519 2676 1839 2724 constanter
1858 2670 2059 2727 docere

484 2748 651 2804 verba
676 2750 861 2807 divina
887 2771 903 2821 ;
945 2764 999 2811 et
1029 2757 1391 2823 discentibus,
1422 2760 1655 2817 libenter
1684 2764 2059 2819 accommoda-

484 2856 545 2896 re
575 2858 765 2899 aurem
797 2848 965 2903 verbo
994 2847 1109 2905 Dei.
1143 2848 1400 2907 Vestrum
1431 2852 1601 2919 enim,
1627 2855 1754 2924 quia
1790 2855 2060 2926 legatione

487 2930 701 2991 Domini
734 2937 1048 3011 fungimini,
1078 2950 1163 2998 est
1186 2944 1384 2998 docere
1408 2946 1671 3014 populos;
1702 2961 1890 3001 eorum
1930 2962 2060 3002 vero

487 3037 571 3082 est
600 3029 755 3086 vobis
784 3033 1011 3089 obedire
1043 3041 1104 3089 ut
1139 3035 1251 3091 Deo
1272 3037 1337 3093 ¹⁰,
1367 3035 1423 3091 Si
1449 3048 1630 3093 autem
1663 3038 1818 3094 vobis
1846 3038 2062 3109 episco-

488 3122 574 3193 pis
591 3139 698 3179 non
717 3125 1021 3182 obedierint
1043 3143 1232 3183 omnes
1250 3130 1573 3200 presbyteri,
1587 3131 1803 3185 diaconi
1836 3144 1901 3184 ac
1931 3130 2062 3185 sub-

488 3216 727 3284 diaconi,
758 3227 812 3274 et
837 3221 1033 3291 reliqui
1064 3222 1272 3286 clerici,
1304 3238 1603 3293 omnesque
1623 3224 1920 3295 principes,
1952 3232 2061 3279 tam

491 3310 719 3378 majoris
756 3312 967 3368 ordinis
1004 3329 1169 3383 quam
1209 3313 1508 3379 inferioris,
1543 3322 1707 3385 atque
1736 3316 1928 3385 reliqui
1966 3331 2059 3386 po-

492 3401 605 3468 puli
636 3402 816 3457 tribus
850 3411 904 3459 et
936 3405 1133 3476 lingua:
1155 3422 1265 3460 non
1301 3407 1816 3477 obtemperaverint,
1841 3423 1951 3464 non
1974 3423 2064 3463 so-

494 3490 606 3545 lum
639 3494 892 3561 infames,
947 3499 1043 3552 sed
1087 3508 1141 3554 et
1172 3507 1424 3556 extorres
1471 3516 1501 3555 a
1532 3517 1701 3574 regno
1730 3502 1824 3557 Dei
1854 3510 1907 3557 et
1931 3500 2064 3557 co'n-

494 3586 664 3641 sortio
690 3587 951 3653 ﬁdelium,
985 3606 1049 3645 ac
1072 3607 1102 3645 a
1136 3593 1416 3650 liminibus
1450 3604 1652 3651 sanct:e
1687 3594 1780 3651 Dei
1812 3595 2067 3652 Ecclesiae

496 3679 657 3734 alieni
686 3692 866 3737 erunt.
902 3682 1036 3739 Nam
1062 3694 1305 3741 vestrum
1360 3696 1447 3743 est
1494 3704 1588 3745 eos
1634 3690 1938 3751 instruere;
1973 3704 2064 3744 eo.

496 3788 617 3828 rum
645 3781 729 3830 est
773 3778 927 3833 vobis
963 3778 1182 3834 obedire
1213 3789 1269 3834 ut
1294 3781 1425 3849 Deo,
1458 3782 1615 3851 cujus
1641 3782 1909 3853 legatione
1939 3781 2066 3836 fun-

497 3867 710 3937 gimini,
736 3868 951 3926 dicente
979 3871 1251 3928 Domino:
1288 3874 1394 3943 Qui
1422 3893 1509 3931 vos
1541 3876 1728 3940 audit,
1771 3890 1851 3929 me
1892 3875 2063 3940 audit,

2091 2623 2135 2680 Β

2154 1370 2475 1437 benevolus,
2509 1372 2605 1429 sed
2629 1373 2848 1429 rebellis
2872 1381 3036 1443 atque
3078 1370 3398 1426 inobediens
3426 1368 3720 1434 exstiterit.

2156 1462 2396 1521 fructum
2428 1481 2540 1521 non
2569 1465 2896 1537 germinahit
2927 1480 3029 1521 nec
3058 1469 3253 1536 pariet,
3287 1464 3383 1519 sed
3413 1462 3610 1518 similis
3638 1469 3725 1518 est

2155 1558 2337 1614 arbori
2369 1558 2470 1624 illi,
2504 1558 2572 1614 de
2600 1572 2708 1629 qua
2748 1557 3011 1614 Dominus
3050 1557 3165 1611 ait:
3201 1555 3384 1611 Omnis
3430 1553 3589 1608 arbor
3607 1569 3725 1626 quae

2156 1665 2259 1704 non
2301 1650 2433 1721 facit
2454 1652 2687 1720 fructum
2709 1651 2921 1715 bonum,
2948 1648 3238 1716 excidetur,
3256 1658 3306 1701 et
3334 1648 3389 1701 in
3406 1647 3575 1717 ignem
3600 1647 3727 1699 mit-

2155 1751 2297 1797 tetur
2321 1742 2384 1798 “.
2422 1742 2465 1778 ¹⁸
2497 1742 2717 1799 Primus
2742 1744 2887 1798 enim
2910 1740 3153 1813 pontifex
3183 1740 3388 1803 Aaron,
3426 1738 3727 1795 chrismate

2155 1834 2572 1904 compositionis
2613 1842 2910 1905 perunctus
2933 1874 2949 1898 ,
2999 1834 3255 1904 princeps
3284 1832 3469 1903 pepuli
3501 1830 3598 1886 fuit
3625 1850 3639 1899 ;
3672 1841 3729 1887 et

2156 1934 2415 1997 tanquam
2438 1943 2555 1995 rex,
2586 1928 2857 1998 primitias
2878 1933 2932 1982 et
2957 1928 3219 1982 tributum
3250 1941 3347 1996 per
3367 1925 3546 1997 capita
3576 1940 3729 1980 acce-

2160 2021 2240 2091 pit
2261 2035 2292 2074 a
2314 2021 2551 2091 populo:
2581 2019 2936 2087 etjudicandi
2967 2019 3221 2089 populum
3258 2023 3407 2072 sorte
3446 2022 3724 2086 suscepta,

2157 2112 2226 2168 de
2254 2112 2473 2168 mundis
2497 2112 2899 2183 immundisque
2934 2110 3237 2181 judicabat.
3280 2106 3385 2164 Sed
3409 2115 3463 2163 et
3497 2108 3545 2163 si
3587 2109 3728 2164 alius

2157 2220 2226 2261 ex
2255 2206 2375 2275 ipso
2417 2212 2695 2275 unguento
2732 2212 3029 2275 perunctus
3058 2207 3164 2265 est,
3192 2200 3394 2255 virtute
3438 2198 3566 2253 inde
3596 2214 3731 2253 con-

2160 2305 2343 2367 cepta,
2367 2296 2529 2352 etiam
2560 2297 2677 2367 ipse
2696 2312 2792 2350 rex
2818 2306 2911 2349 aut
2941 2294 3202 2365 propheta
3241 2298 3335 2345 aut
3362 2289 3602 2360 pontifex
3633 2288 3731 2345 ﬁc-

2160 2388 2274 2443 bat.
2306 2387 2461 2455 Quod
2493 2388 2538 2443 si
2570 2388 2884 2458 temporalis
2921 2386 3093 2457 gratia
3125 2384 3195 2438 ab
3232 2381 3546 2436 hominibus
3576 2395 3730 2434 com-

2160 2482 2361 2552 posita,
2391 2488 2601 2534 tantum
2634 2481 2811 2551 potuit
2836 2520 2854 2547 ,
2884 2476 3170 2547 intelligite
3206 2474 3321 2546 jam
3365 2482 3629 2544 quantum
3658 2471 3731 2527 sit

2161 2572 2295 2628 illud
2328 2581 2689 2644 unguentum,
2713 2571 2858 2643 quod
2888 2586 2918 2625 a
2964 2569 3073 2625 Deo
3097 2568 3165 2622 de
3194 2566 3431 2637 virgulto
3455 2563 3579 2619 vitae
3598 2577 3725 2634 pro-

2160 2665 2329 2721 latum
2360 2675 2465 2730 est,
2499 2682 2621 2721 cum
2645 2664 2750 2719 hoc
2776 2664 2920 2734 quod
2943 2662 3013 2716 ab
3050 2658 3362 2714 hominibus
3388 2656 3590 2710 factum
3621 2662 3727 2717 est,

2158 2764 2272 2814 tam
2289 2759 2519 2815 eximias
2543 2759 2689 2813 inter
2704 2758 2954 2811 homines
2981 2753 3228 2808 conferat
3253 2749 3565 2820 dignitates.
3587 2745 3729 2814 Quid

2160 2850 2307 2906 enim
2336 2852 2392 2905 in
2426 2850 2683 2921 praesenti
2712 2848 2913 2903 saeculo
2944 2845 3209 2917 propheta
3240 2840 3560 2914 gloriosius,
3600 2853 3732 2909 pon-

2161 2943 2308 2999 tiﬁce
2337 2944 2561 3008 clarius,
2596 2957 2723 3012 rege
2745 2938 3076 2996 sublimius?
3104 2935 3297 2992 Omnis
3315 2934 3460 2990 enim
3487 2930 3729 3003 pontifex

2163 3051 2323 3092 sacro
2346 3034 2643 3090 chrismate
2671 3040 2971 3103 perunctus
2992 3069 3008 3094 ,
3038 3036 3093 3085 et
3129 3029 3186 3084 in
3219 3026 3438 3083 civitate
3466 3023 3733 3080 constitu-

2163 3136 2274 3195 tus,
2305 3126 2604 3197 Scripturis
2631 3125 2804 3181 sacris
2837 3122 3092 3178 conditus
3110 3121 3176 3187 ’⁸,
3213 3119 3417 3175 cbarus
3441 3125 3495 3173 et
3524 3115 3730 3187 pretio-

2165 3237 2260 3277 sus
2301 3219 2615 3275 hominibus
2648 3216 2845 3288 oppido
2884 3231 3006 3272 esse
3046 3210 3274 3272 debet.“
3341 3210 3534 3277 Quem,
3575 3208 3733 3278 quasi

2164 3314 2368 3370 Christi
2396 3315 2575 3369 locum
2601 3318 2896 3374 tenentem,
2918 3309 3191 3364 honorare
3208 3319 3398 3359 omnes
3421 3302 3637 3361 debent.
3655 3300 3735 3352 ei-

2165 3424 2271 3479 que
2298 3410 2526 3472 servire,
2551 3413 2607 3462 et
2636 3404 2951 3461 obedientes
2977 3402 3044 3456 ad
3076 3401 3307 3458 salutem
3330 3412 3483 3453 suam
3505 3394 3737 3449 ﬁdeliter

2165 3502 2420 3565 existere,
2440 3501 2677 3556 scientes
2697 3495 2841 3569 quod
2864 3495 2979 3550 sive
3005 3494 3200 3555 honor,
3225 3491 3338 3546 sive
3370 3486 3594 3557 injuria,
3614 3499 3737 3555 qua:

2164 3595 2218 3653 ei
2241 3592 2504 3660 defertur,
2534 3592 2590 3646 in
2630 3590 2909 3646 Christum
2940 3584 3211 3642 redundat
3237 3622 3252 3648 ,
3283 3590 3338 3637 et
3367 3596 3397 3635 a
3428 3580 3649 3634 Christo
3680 3578 3737 3631 in

2171 3690 2360 3744 Deum.
2392 3686 2436 3717 ¹⁸
2465 3685 2670 3739 Audire
2703 3697 2834 3754 ergo
2867 3695 2992 3736 eum
3036 3678 3297 3732 attentius
3325 3680 3562 3745 Oportet,
3590 3671 3737 3727 etab

2171 3780 2295 3852 ipso
2314 3777 2596 3847 suscipere
2640 3774 2949 3830 doctrinam
2988 3770 3133 3835 ﬁdei,
3166 3768 3373 3823 monita
3406 3773 3587 3820 autent
3614 3762 3739 3817 vita:

2172 3888 2202 3927 a
2234 3869 2567 3944 presbyteris
2585 3868 2883 3938 inquirere,
2908 3881 2937 3918 a
2962 3862 3210 3920 diaconis
3232 3875 3364 3916 vero
3390 3860 3635 3914 ordinem
3655 3855 3739 3909 di-

497 3970 545 4013 et
571 3959 659 4030 qui
689 3977 776 4013 vos
811 3966 1029 4031 spernit,
1061 3982 1140 4019 me
1168 3968 1362 4034 spernit
1383 3968 1454 4035 “;
1482 3976 1535 4023 et
1561 3985 1575 4023 :
1604 3968 1708 4034 Qui
1739 3986 1823 4023 vos
1864 3970 2066 4038 recipit,
2096 3969 2138 4025 C
2176 3965 2439 4036 sciplinze.
2484 3961 2712 4032 Propter
2750 3952 2897 4029 quod
2946 3957 3208 4026 deprecor
3244 3968 3343 4008 vos
3365 3962 3653 4006 conservos
3685 3953 3739 3998 et

501 4071 581 4107 me
612 4056 814 4124 recipit,
844 4067 893 4111 et
931 4059 1018 4128 qui
1041 4077 1122 4114 me
1155 4062 1359 4130 recipit,
1391 4063 1574 4130 recipit
1597 4078 1714 4115 eum
1745 4063 1833 4133 qui
1862 4079 1942 4117 me
1972 4062 2071 4115 mi-

501 4147 570 4200 sit
590 4146 803 4202 ".Nihil
834 4151 978 4205 enim
1014 4152 1275 4222 injustius
1296 4155 1379 4209 vel
1406 4155 1749 4210 inhonestius
1769 4162 1873 4220 est,
1906 4170 2072 4225 quam

503 4238 645 4294 ﬁlios
678 4241 926 4311 patribus
960 4245 1225 4313 rebelles,
1261 4253 1354 4299 aut
1385 4247 1618 4302 clericos
1649 4248 1735 4302 vel
1771 4248 1943 4303 laicos
1974 4247 2074 4302 do—

505 4332 777 4399 ctoribus,
821 4350 917 4389 seu
948 4336 1248 4408 discipulos
1275 4339 1553 4410 magistris
1583 4339 1958 4395 inobedientes
1991 4342 2074 4396 vel

505 4433 790 4494 protervos
823 4428 1078 4485 existere.
1109 4429 1368 4488 Novimus
1414 4432 1560 4486 enim
1607 4432 1843 4503 primum
1899 4432 2078 4486 homi—

506 4528 630 4570 nem
678 4535 776 4588 per
817 4520 1241 4579 inobedientiam
1273 4525 1541 4584 cecidisse
1585 4545 1599 4581 :
1652 4526 1858 4581 idcirco
1886 4539 2076 4581 omnes

507 4608 614 4663 hoc
644 4612 839 4666 vitium
877 4630 1225 4686 summopere
1265 4632 1458 4673 cavere
1496 4634 1802 4675 monemus.
1838 4618 1905 4672 Et
1947 4618 2077 4688 quia

500 4700 768 4757 Dominus
793 4708 1029 4775 superbis
1060 4710 1291 4774 resistit,
1317 4711 1599 4765 humilibus
1640 4721 1814 4766 autem
1843 4711 1935 4765 dat
1954 4727 2079 4781 gra-

510 4795 643 4849 tiam
659 4796 723 4860 ¹³,
739 4795 1004 4855 Dominus
1024 4808 1211 4857 noster
1243 4803 1465 4859 mittens
1489 4819 1587 4858 vos
1604 4805 1723 4859 vice
1750 4820 1849 4860 sua
1873 4804 1928 4858 in
1958 4804 2078 4858 loco

512 4891 883 4961 apostolorum
906 4893 972 4948 ad
1002 4893 1425 4964 praedicandum,
1457 4897 1713 4965 prmcepit
1734 4898 1888 4953 vobis
1917 4896 2081 4951 doce-

511 4998 573 5038 re
603 4999 815 5049 omnes,
860 5001 1160 5055 omnesque
1199 4987 1353 5041 vobis
1384 4987 1615 5042 ﬁdeliter
1649 4989 1985 5056 obedientes,
2020 4998 2080 5042 ut

510 5075 639 5147 ipsi,
672 5079 938 5145 existere;
970 5080 1229 5149 quoniam
1265 5094 1365 5134 nec
1396 5080 1555 5134 aliter
1584 5089 1729 5135 terra
1753 5081 1927 5149 pariet
1960 5083 2077 5135 fru-

511 5177 635 5226 ctus
663 5186 829 5237 suos,
881 5171 993 5227 nisi
1034 5173 1181 5226 culta
1215 5176 1482 5242 receperit
1530 5188 1737 5236 semen,
1774 5180 1828 5227 et
1857 5174 2081 5244 irrigata

514 5266 922 5336 germinaverit,
976 5276 1030 5322 et
1077 5267 1252 5337 pariat
1288 5282 1408 5336 quae
1446 5276 1530 5321 est
1575 5268 1839 5337 paritura.
1892 5263 1985 5321 Sic
2028 5276 2081 5321 et

513 5363 695 5416 omnis
724 5364 907 5426 homo,
932 5363 1024 5432 qui
1043 5363 1275 5417 libenter
1291 5377 1399 5417 non
1425 5361 1688 5430 receperit
1710 5363 1931 5417 verbum
1962 5360 2077 5423 Dei,

516 5454 761 5527 illudque
783 5458 838 5511 in
868 5457 1032 5513 corde
1060 5472 1160 5513 suo
1182 5458 1487 5527 germinare
1508 5471 1619 5511 non
1642 5455 1848 5522 siverit,
1884 5471 1948 5510 ac
1982 5456 2081 5509 mi-

2113 5314 2158 5371 D

2175 4059 2454 4129 adjutores
2484 4069 2655 4121 meos,
2681 4063 2740 4108 ut
2764 4050 2989 4106 discatis
3021 4046 3283 4103 attentius
3317 4044 3620 4099 animarum
3649 4053 3740 4092 cu-

2174 4167 2291 4207 ram
2328 4164 2536 4222 gerere,
2568 4154 2623 4202 et
2662 4161 2762 4217 pro
2789 4142 3043 4199 omnibus
3073 4150 3244 4203 stare,
3288 4137 3521 4193 maxime
3558 4142 3742 4187 tamen

2175 4258 2276 4315 pro
2307 4242 2393 4298 his
2421 4241 2515 4313 qui
2545 4241 2601 4294 in
2642 4238 2793 4293 cultu
2837 4235 3022 4289 divino
3065 4234 3338 4287 laborant.
3375 4225 3743 4282 Ecclesiarum

2176 4337 2421 4392 omnium
2451 4346 2641 4388 curam
2672 4330 2948 4393 habetote,
2981 4326 3265 4393 servisque
3303 4334 3490 4377 earum
3530 4317 3746 4385 adjuto-

2176 4430 2320 4483 rium
2353 4426 2621 4497 petebete,
2657 4421 2946 4477 viduarum
2980 4417 3297 4487 religiosam
3333 4426 3522 4467 curam
3552 4408 3743 4479 gerite,

2178 4522 2412 4593 pupillos
2449 4517 2668 4575 enixius
2704 4513 3013 4578 liberate",
3059 4508 3390 4581 pauperibus
3434 4502 3747 4559 misericor-

2178 4616 2323 4670 diam
2348 4612 2532 4678 facite,
2559 4612 2789 4680 juvenes
2820 4604 3140 4679 pudicitiam
3172 4601 3384 4655 docete.
3414 4598 3503 4665 Et,
3537 4604 3596 4651 ut
3624 4596 3748 4651 bre—

2181 4709 2321 4764 viter
2345 4713 2517 4760 totum
2562 4704 2765 4767 dicam,
2798 4701 3123 4756 alterutrum
3161 4708 3283 4761 vos,
3322 4694 3379 4748 in
3412 4690 3612 4761 quibus
3660 4703 3749 4744 res

2180 4798 2510 4872 poposcerit,
2541 4802 2861 4852 sustentate.
2879 4792 3048 4848 Deum
3084 4789 3266 4852 colite,
3296 4785 3389 4857 qui
3412 4783 3615 4839 creavit
3636 4796 3750 4836 eaa-

2176 4884 2293 4947 lum
2317 4904 2370 4947 et
2396 4903 2619 4955 terram,
2656 4896 2710 4944 et
2738 4886 2960 4943 Christo
2982 4884 3207 4947 credite,
3235 4882 3469 4936 invicem
3493 4895 3591 4936 vos
3620 4879 3747 4933 dili-

2181 4988 2312 5058 gite,
2356 4992 2409 5039 et
2449 4982 2833 5040 misericordes
2875 4986 3052 5033 estote
3099 4977 3153 5031 in
3186 4992 3398 5041 omnes,
3444 4990 3553 5028 non
3586 4972 3753 5027 verbo

2184 5079 2323 5142 Solo,
2349 5078 2441 5131 sed
2465 5093 2627 5147 opere
2644 5083 2696 5130 et
2712 5076 2878 5130 rebus
2900 5073 3116 5143 implete
3132 5070 3452 5125 cbaritatem
3471 5069 3537 5122 ’°.
3557 5068 3599 5097 “
3622 5066 3765 5135 Agi-t

2182 5182 2234 5229 te
2262 5188 2360 5244 pro
2381 5174 2607 5238 viribus,
2637 5168 2883 5225 conservi
2900 5164 3260 5231 dilectissimi,
3288 5164 3415 5233 quia
3442 5161 3645 5215 bonum
3667 5166 3755 5211 est

2184 5278 2244 5321 ut
2274 5265 2648 5336 unusquisque
2682 5273 2922 5317 vestrum
2946 5302 2961 5325 ,
3008 5258 3306 5314 secundum
3356 5256 3501 5326 quod
3552 5262 3749 5325 potest,

2184 5360 2358 5429 prosit
2401 5356 2785 5413 accedentibus
2813 5353 2881 5408 ad
2919 5352 3076 5407 ﬁdem
3108 5350 3389 5421 religionis
3425 5358 3644 5403 nostrae.
3687 5344 3754 5399 Et

2183 5454 2305 5509 ideo
2330 5467 2403 5506 no
2460 5466 2558 5504 vos
2586 5448 3103 5519 pigeat,secundum
3134 5444 3477 5514 sapientiam,
3508 5456 3629 5511 quae
3654 5454 3752 5492 vo-

589 5594 610 5624 '-'
660 5593 715 5645 In
779 5607 879 5646 ms.
924 5601 1114 5647 nostro
1142 5594 1333 5647 titulus
1369 5599 1452 5646 est
1487 5607 1500 5642 :
1568 5587 1703 5643 Item
1734 5589 1914 5657 incipit
1947 5587 2189 5655 Epistola
2212 5586 2469 5655 generalis
2506 5582 2788 5657 Clementis
2824 5596 2998 5657 papae,
3032 5578 3269 5657 omnibus
3301 5588 3407 5657 tam
3434 5577 3746 5657 majoribus.

521 5681 680 5735 quam
731 5663 995 5735 inferioris
1049 5664 1249 5717 ordinis
1301 5662 1552 5735 clericis._
1585 5677 1648 5735 ac
1704 5650 2465 5735 cunojis_ﬁdelibus'scripta.
2509 5654 2839 5735 litabunt-«'51s:
2912 5652 3080 5707 ‘lnc.
3101 5650 3493 5735 gust.‘dicitur
3527 5651 3750 5735 epistola

1518 5732 1558 5762 ιο

1144 5751 1257 5798 vut,
1320 5734 1406 5787 10.
1518 5732 1663 5785 “il.
1820 5732 1955 5794 '5,Si
2005 5747 2059 5782 at

1103 5803 1351 5867 “Jacoh,
1385 5820 1457 5865 tv,
1489 5802 1542 5859 6.
1576 5811 1629 5855 et
1678 5799 1697 5852 l
1767 5809 1865 5853 etr.
1924 5817 1973 5855 ν,
2006 5800 2059 5853 5.

524 5733 802 5805 generalis.
908 5733 1082 5805 Hauc.
1144 5751 1257 5805 vim,
1298 5734 1406 5805 710.

530 5803 573 5837 δ’
600 5805 789 5857 Matth.
823 5822 878 5868 x,
910 5803 998 5856 ~50.

1757 5772 1770 5785 .
1820 5722 1964 5794 '5,Si
2005 5738 2177 5782 autem
2234 5722 2399 5782 vobis.
2424 5723 2971 5794 -Conc.rTriburi.,
3010 5738 3059 5776 c.
3100 5722 3152 5776 8.

3270 5721 3312 5751 “
3357 5720 3488 5775 Luc.
3540 5734 3593 5781 x,
3658 5719 3744 5775 16.

2169 5797 2212 5829 ³⁵
2263 5796 2451 5851 Matth.
2501 5814 2607 5853 vn.
2655 5793 2755 5850 19..
2821 5795 2863 5824 ¹⁸
2903 5792 3176 5862 Recognit.
3209 5792 3274 5862 j.
3383 5791 3426 5862 ’ξ
3490 5787 3745 5862 erudiens.

533 5876 575 5911 η
600 5852 878 5942 ﬁliiﬁlii]
901 5852 1032 5941 ἐξὲξ.
1061 5852 1426 5929 66.“¹’⁸’ῧῖδίξ
1444 5852 1513 5939 ’δζ
1531 5852 1733 5926 audire
1748 5852 2063 5939 episcopum.

2167 5870 2177 5900 ’
2214 5866 2415 5936 iuvate.
2490 5869 2535 5900 ¹⁰
2572 5852 2753 5936 repleti
2784 5852 3062 5918 charttate".
3135 5852 3545 5930 “Recognit.3,
3571 5875 3623 5916 c.
3651 5859 3743 5915 ὅτ,
