2032 3128
139 223 188 254 ωε

734 210 914 244 EPISTOLIE
933 209 1159 242 DECRETALES

1703 211 1757 240 ιρι

140 282 181 309 bis
191 288 240 316 per
252 277 300 307 Dei
313 278 513 314 providentiam
524 276 622 304 collata
632 278 685 308 est,
697 274 835 301 instruere
846 273 922 307 igna-
938 277 959 306 Α
974 271 1010 299 tis
1024 270 1161 298 daemones
1176 275 1238 295 cum
1252 267 1430 302 passionibus
1439 288 1447 301 ,
1462 275 1531 303 quas
1545 268 1699 297 hominibus
1719 271 1759 297 io-

140 335 185 356 res
199 330 226 355 et
243 326 354 354 dooere.
371 323 538 352 Desiderium
552 330 619 358 ergo
629 321 729 349 habere
745 327 840 347 omnes
858 325 921 353 erga

140 375 280 403 doctorem
302 372 438 404 veritatis,
461 377 579 406 eumque
592 373 622 397 ut
636 368 731 396 oculos
748 374 813 395 suos
830 372 923 393 amare

140 424 263 457 oportet;
279 420 344 456 quia
359 423 386 447 et
401 419 491 454 ipsum
512 417 642 453 populum
663 414 716 443 sibi
734 413 921 444 commissum,

141 475 187 495 ceu
202 468 328 503 proprios
344 466 425 498 filios,
440 472 532 492 amare
548 470 574 491 et
588 464 686 490 docere
707 460 854 491 condecet;
872 458 923 484 hoc

139 516 211 543 enim
221 514 246 542 ei
261 522 277 541 a
293 513 374 540 Patre
389 512 495 540 cmlesti
506 511 635 538 donatum
646 508 728 536 est".
746 506 798 533 Sed
808 510 835 532 et
849 503 923 531 salus

140 563 167 590 in
177 569 210 590 eo
226 566 279 594 est,
300 566 328 588 ut
342 561 508 587 voluntatem
522 558 582 593 ejus
597 556 676 591 cujus
698 560 817 582 amorem
832 555 860 579 et
876 551 924 578 de-

141 609 284 641 siderium,
301 608 357 636 Deo
372 607 516 642 largiente,
531 603 720 639 conceperint,
735 596 924 630 faciant,",Si

140 657 202 692 quis
214 664 281 692 ergo
299 655 387 683 fidelis
402 654 519 681 voluerit
534 652 663 683 existere,
681 654 708 677 et
723 648 858 676 desiderat
876 646 925 672 ba-

140 703 249 739 ptizari,
264 706 364 730 exutus
376 701 513 736 prioribus
525 699 614 731 malis,
627 698 660 725 de
674 697 779 731 reliquo
789 702 838 730 pro
846 693 925 721 bonis

141 750 248 777 actibus
264 750 350 777 ᾕρει-οε
360 750 492 776 bonorum
505 746 655 774 caalestium
668 752 701 772 ex
711 743 793 779 gestis
807 740 925 776 propriis

141 798 194 825 fiet.
212 796 333 824 Accedat
353 799 441 823 autem
457 794 503 829 qui
519 793 576 819 vult
602 791 635 818 ad
654 790 822 818 sacerdotem
835 794 924 819 suum,

142 848 169 872 et
180 844 232 878 ipsi
244 843 291 870 det
304 849 404 869 nomen
419 849 511 871 suum,
525 844 606 874 atque
618 838 651 864 ab
672 845 704 864 eo
718 835 812 862 audiat
825 837 926 869 myste-

142 890 182 918 ria
193 891 271 927 regni
281 890 425 923 caelorum,
434 888 546 924 jejuniis
559 885 745 921 frequentibus
757 889 866 918 operam
879 881 927 908 itu-

142 938 253 975 pendat,
266 947 298 966 ac
309 939 485 973 semetipsum
496 937 524 964 in
536 936 663 963 omnibus
674 933 779 969 probet,
796 937 824 958 ut
837 930 926 957 tribus
942 948 962 975 Β

142 987 284 1016 mensibus
298 987 356 1022 jam
370 985 577 1018 consummatis,
593 984 621 1010 in
635 982 679 1010 die
693 982 762 1009 festo
775 979 862 1015 possit
877 978 926 1005 ba-

143 1036 252 1071 ptizari.
275 1035 432 1070 Baptizetur
448 1037 537 1060 autem
552 1030 741 1065 unusquisque
752 1028 779 1055 in
789 1026 867 1062 aquis
883 1033 928 1060 pe-

143 1083 285 1116 rennihus,
302 1082 412 1109 nomine
426 1081 505 1107 trina:
520 1077 696 1106 beatitudinis
709 1075 835 1102 invocato
846 1080 928 1107 super

143 1139 184 1165 se,
202 1133 353 1167 perunctus
362 1129 450 1165 primo
459 1128 519 1156 oleo
529 1134 576 1162 per
587 1126 737 1153 orationem
747 1121 925 1153 sanctificato,

144 1182 174 1205 ut
187 1178 224 1205 ita
239 1177 349 1204 demum
362 1197 370 1209 ,
385 1183 434 1212 per
448 1175 506 1203 haec
527 1177 723 1205 consecratus,
739 1172 826 1207 possit
838 1170 928 1206 perci-

143 1231 206 1260 pere
220 1223 312 1251 locum
326 1231 389 1251 eum
409 1223 549 1251 sanctis.“
559 1222 656 1250 Nullus
668 1222 740 1249 enim
757 1225 867 1257 propter
879 1228 928 1255 0p-

143 1272 285 1307 probrium
301 1271 450 1299 senectutis
464 1276 510 1298 aut
522 1271 684 1306 juventutis,
702 1270 744 1297 vel
758 1269 926 1296 nobilitatem

143 1320 262 1354 generis,
283 1327 299 1346 a
314 1319 435 1354 parvulis
450 1322 477 1346 et
493 1319 583 1346 minus
593 1316 708 1344 eruditis
718 1338 724 1349 ,
741 1317 764 1344 si
778 1316 843 1351 quid
859 1316 928 1343 forte

141 1370 184 1392 est
199 1365 329 1392 utilitatis
338 1370 384 1392 aut
392 1365 499 1397 salutis,
507 1364 643 1399 inquirere
655 1363 783 1398 negligat.
795 1362 847 1395 Qui
856 1362 928 1389 enim

143 1411 284 1440 rebelliter
297 1412 371 1445 vivit,
386 1417 413 1439 et
425 1412 529 1439 discere
540 1417 621 1446 atque
633 1418 712 1445 agerc
725 1410 795 1437 bona
809 1413 927 1441 recusat,

143 1459 233 1495 magis
243 1459 346 1487 diaboli
361 1467 441 1494 quant
453 1458 556 1486 Christi
571 1458 723 1485 membrum
738 1465 799 1484 esse
813 1456 930 1484 ostendi-

147 1510 203 1539 tur,
223 1510 250 1533 et
272 1506 364 1541 potius
390 1505 506 1532 inﬁdelis
528 1512 610 1539 quam
639 1503 726 1531 fidelis
750 1506 927 1530 monstratur.

145 1550 289 1585 Quomodo
299 1558 364 1586 ergo
380 1559 433 1578 non
449 1550 576 1577 omnibus
598 1549 650 1577 hoc
665 1549 781 1575 amabile
795 1552 847 1581 est,
862 1556 931 1575 cun-

973 320 1113 348 vexerant,
1126 314 1295 342 transierunt
1305 317 1333 341 et
1341 314 1427 350 fugati
1440 319 1515 341 sunt.
1528 314 1549 330 ³⁸
1558 313 1626 347 Quia
1637 322 1702 350 ergo
1712 317 1757 344 alii

973 361 1081 397 quidem
1095 361 1221 388 homines
1241 361 1403 396 patiuntur,
1427 360 1472 387 alii
1493 360 1627 395 patientes
1650 366 1758 394 sanant,

973 414 1057 435 causa
1072 407 1132 434 sine
1145 406 1229 434 dubio
1241 407 1284 434 vel
1297 406 1418 442 patiendi
1436 405 1479 434 vel
1491 405 1607 434 curandi
1623 406 1761 434 noscenda

973 458 1035 487 est;
1053 461 1114 488 qttae
1129 461 1184 481 non
1198 454 1251 480 alia
1267 461 1340 485 esse,
1358 460 1440 488 quam
1456 452 1624 488 patientibus
1639 453 1759 487 quidem,

975 499 1154 533 infidelitatis,
1175 500 1337 527 curantibus
1360 506 1442 532 vero,
1458 499 1530 529 ﬁdei,
1547 498 1759 526 demonstratur.

974 546 1121 574 lulidelitas
1137 546 1211 573 enim
1231 546 1296 573 dum
1318 553 1373 573 non
1390 546 1477 573 credit
1493 545 1615 572 futurum
1630 544 1678 572 Dei
1692 544 1763 580 judi-

974 592 1046 619 cium
1057 611 1065 625 ,
1081 591 1212 627 peccandi
1232 591 1370 619 licentiam
1391 591 1509 626 prmbet;
1532 595 1673 625 peccatum
1687 582 1762 623 vero,

975 637 1112 665 hominem
1126 637 1300 673 passionibus
1315 638 1462 665 obnoxium
1480 636 1553 664 facit.
1566 635 1647 664 Fides
1662 641 1763 670 autem,

977 683 1101 711 futurum
1119 683 1165 711 Dei
1177 683 1311 719 judicium
1331 691 1392 712 esse
1406 683 1530 716 credens,
1545 684 1667 711 continet
1678 683 1765 710 homi-

977 738 1026 757 nes
1040 738 1055 756 a
1071 735 1195 765 peccato.
1209 730 1267 757 Non
1288 734 1434 765 peccantes
1449 737 1514 757 vero
1524 750 1532 762 ,
1549 738 1604 757 non
1626 730 1715 757 solum
1732 729 1765 756 li-

976 776 1034 803 beri
1045 780 1109 804 sunt
1120 785 1134 803 a
1144 776 1314 803 daemonibus
1325 779 1351 803 et
1361 775 1546 811 passionibus,
1558 783 1651 802 verum
1660 779 1687 802 et
1697 775 1763 802 alio-

977 830 1036 850 rum
1050 822 1186 850 daemones
1198 826 1225 850 et
1241 823 1383 857 passiones
1395 822 1489 857 fugare
1502 826 1627 857 possunt.
1643 821 1710 848 "Ex
1721 822 1765 850 his

976 877 1041 904 ergo
1056 869 1184 896 omnibus
1198 868 1343 904 colligitur,
1363 868 1438 904 quod
1453 869 1530 903 origo
1547 869 1630 895 totius
1652 868 1715 894 mali
1730 868 1764 895 ab

979 915 1132 949 ignorantia
1153 914 1313 947 descendat,
1330 919 1355 941 et
1371 915 1429 949 ipsa
1444 914 1479 942 sit
1497 915 1617 941 omnium
1632 915 1765 941 malorum

978 965 1075 993 mater,
1084 969 1144 996 qua:
1151 961 1256 988 incuria
1265 964 1292 987 et
1300 960 1406 996 ignavia
1414 961 1544 995 gignitur,
1551 960 1712 995 negligentia
1720 969 1762 988 ve-

977 1014 1008 1034 ro
1017 1006 1100 1033 alitur
1106 1011 1133 1034 et
1139 1010 1263 1042 augetur,
1276 1011 1357 1042 atque
1366 1006 1393 1033 in
1404 1007 1530 1034 sensibus
1541 1006 1681 1033 hominum
1693 1006 1766 1033 radi-

977 1052 1139 1085 catur,dum
1155 1056 1272 1086 amatur;
1291 1060 1373 1087 quam
1387 1053 1410 1079 si
1426 1053 1488 1087 quis
1505 1052 1577 1080 forte
1587 1052 1684 1078 doceat
1695 1051 1766 1079 eitu-

978 1099 1093 1135 gandam
1109 1099 1183 1127 velut
1198 1099 1318 1134 antiquis
1333 1103 1360 1126 et
1374 1097 1556 1125 haereditariis
1571 1097 1695 1129 sedibus,
1712 1104 1768 1123 mo-

978 1146 1046 1173 leste
1059 1149 1087 1172 ct
1104 1145 1280 1180 indignanter
1294 1144 1431 1171 avellitur.
1450 1143 1483 1170 Et
1493 1143 1553 1171 ideo
1569 1143 1709 1178 paululum
1726 1143 1767 1170 la-

978 1191 1130 1218 borandum
1155 1191 1235 1219 nobis
1261 1194 1314 1223 est,
1332 1194 1362 1217 ut
1392 1189 1577 1225 indignantes,
1609 1189 1768 1224 ignorantiae

978 1237 1217 1272 praesumptionem
1233 1236 1355 1264 scientiae
1370 1236 1476 1263 ratione
1492 1243 1667 1269 resecemus;
1684 1235 1711 1262 in
1725 1235 1768 1262 his

980 1282 1125 1317 praecipue,
1138 1282 1185 1317 qui
1203 1282 1230 1309 in
1241 1282 1380 1317 aliquibus
1394 1281 1484 1308 minus
1496 1281 1578 1309 rectis
1593 1281 1769 1316 opinionibus

979 1328 1109 1363 praeventi
1129 1331 1203 1359 sunt,
1221 1335 1268 1362 per
1292 1335 1372 1362 quas,
1388 1327 1467 1362 quasi
1482 1327 1533 1354 sub
1546 1327 1638 1362 specie
1651 1326 1769 1362 alicujus

979 1374 1113 1405 scientiae,
1130 1374 1286 1408 ignorantia
1314 1373 1342 1400 in
1359 1373 1403 1401 his
1431 1373 1620 1401 vehementius
1645 1372 1769 1402 radicata

979 1423 1031 1448 cst.
1043 1419 1116 1447 Nihil
1131 1420 1205 1447 enim
1219 1424 1260 1448 est
1276 1420 1397 1455 gravius,
1412 1427 1493 1454 quam
1503 1419 1527 1447 si
1542 1419 1569 1446 id
1578 1419 1650 1454 quod
1663 1419 1769 1454 ignorat

980 1467 1053 1501 quis,
1070 1467 1139 1494 scire
1155 1474 1184 1494 se
1197 1466 1302 1499 credat,
1315 1469 1343 1493 et
1357 1465 1486 1493 defendat
1500 1473 1593 1493 verum
1609 1473 1680 1498 esse,
1695 1466 1768 1501 quod

982 1513 1080 1540 falsutn
1093 1516 1150 1540 est;
1165 1512 1239 1547 quod
1253 1512 1307 1539 tale
1320 1515 1373 1544 est,
1389 1511 1469 1546 quale
1485 1511 1508 1539 si
1525 1512 1587 1546 quis
1601 1512 1694 1539 ebrius
1720 1519 1768 1539 so-

982 1559 1071 1586 brium
1097 1566 1127 1586 se
1150 1562 1237 1593 putet,
1253 1562 1279 1586 et
1294 1562 1357 1593 agat
1372 1557 1482 1592 quidem
1496 1561 1595 1584 cuncta
1617 1561 1646 1584 ut
1661 1558 1767 1590 ebrius,

144 1598 256 1633 etisque
266 1602 423 1633 exoptatum
435 1618 441 1629 ,
459 1601 488 1624 ut
501 1604 561 1631 quae
576 1597 699 1631 ignorat,
712 1596 809 1629 discat,
830 1599 857 1622 el
871 1602 930 1643 qua?
944 1614 964 1643 ε
983 1604 1104 1632 sobrium
1121 1612 1150 1632 se
1164 1608 1255 1631 tamen
1269 1607 1296 1631 et
1321 1605 1380 1639 ipse
1393 1607 1480 1638 putet,
1497 1606 1525 1631 'ct
1536 1603 1591 1631 dici
1618 1611 1633 1630 a
1660 1603 1769 1630 caeteris

144 1644 284 1677 didicerit,
298 1644 410 1671 doceat?
426 1643 447 1659 ’⁸
456 1642 645 1670 Certissimum
659 1650 776 1677 namque
789 1645 840 1674 est,
856 1641 927 1676 quod

145 1699 234 1726 neque
248 1691 381 1724 amicitia,
401 1698 490 1725 neque
503 1690 693 1724 propinquitas
708 1689 826 1724 generis,
842 1695 930 1722 neque

145 1738 222 1773 regni
238 1737 405 1769 sublimitas,
421 1737 525 1764 homini
541 1736 619 1763 debet
629 1743 690 1763 esse
701 1735 845 1770 pretiosior
857 1735 930 1761 veri-

144 1789 209 1819 tate,
224 1786 290 1820 quia
302 1784 370 1811 nihil
384 1789 427 1812 est
440 1784 586 1819 pretiosius
594 1783 695 1810 anima.
708 1781 870 1809 “Dominus
881 1790 930 1808 au-

145 1835 198 1859 tem
215 1835 325 1858 creator
337 1831 457 1857 omnium
468 1849 476 1862 ,
500 1838 533 1856 ex
549 1829 628 1856 initio
639 1830 673 1855 ad
689 1829 834 1863 imaginem
852 1836 929 1856 suam

145 1877 284 1905 hominem
309 1877 384 1909 fecit,
413 1876 493 1911 eique
517 1875 732 1903 dominationem
755 1879 845 1908 terrae,
869 1882 929 1901 ma-

145 1924 238 1959 risque
263 1927 291 1951 et
318 1923 389 1951 aeris
419 1923 505 1958 ipsius
536 1922 631 1955 dedit,
659 1923 853 1956 veritatemque
888 1922 929 1948 in-

143 1971 256 2005 quirere
281 1969 422 2004 praecepit,
447 1970 519 1996 sicut
544 1972 571 1996 et
597 1976 676 1996 verus
699 1968 779 1995 nobis
799 1968 929 2003 propheta

144 2016 295 2048 enarravit,
312 2019 339 2042 et
362 2015 419 2050 ipsa
441 2022 532 2042 rerum
552 2014 621 2041 ratio
643 2014 731 2041 docet.
761 2013 841 2040 Solus
858 2014 929 2040 enim

146 2061 227 2089 homo
245 2061 390 2089 rationalis
407 2065 467 2094 est,
484 2065 510 2088 ct
524 2068 696 2095 consequens
712 2064 763 2094 est,
776 2065 806 2088 ut
819 2062 890 2089 ratio
902 2062 930 2089 iu

146 2108 327 2136 rationalibus
341 2108 362 2124 "’
384 2108 551 2136 dominetur.
564 2108 614 2135 llic
629 2109 700 2135 enim
718 2109 751 2135 ab
767 2109 856 2142 initio,
869 2117 930 2136 cum

145 2155 237 2182 adhuc
246 2155 339 2188 justus
353 2159 435 2187 esset,
452 2155 559 2182 cunctis
570 2155 643 2183 vitiis
655 2159 682 2182 et
693 2155 767 2182 omni
785 2155 929 2190 fragilitate

144 2202 272 2237 superior
299 2205 374 2234 erat;
400 2200 445 2228 ubi
470 2205 560 2228 autem
585 2201 717 2235 peccavit,
736 2206 763 2228 et
778 2201 866 2229 factus
889 2206 930 2229 est

146 2256 244 2276 servus
257 2248 374 2283 peccati,
390 2248 470 2275 simul
482 2252 509 2274 ct
533 2247 672 2282 fragilitati
692 2248 810 2275 efﬁcitur
823 2249 929 2276 debitor

144 2299 172 2322 et
185 2294 334 2322 obnoxius.
358 2293 435 2327 Quod
452 2294 554 2321 idcirco
570 2295 700 2329 scriptum
716 2298 768 2326 est,
793 2299 822 2321 ut
843 2295 932 2323 sciant
948 2285 968 2311 D

146 2341 290 2373 homines,
313 2341 378 2375 quia
397 2341 469 2367 sicut
489 2344 522 2367 ex
542 2340 679 2374 impietate
702 2340 846 2374 passibiles
867 2341 931 2368 facti

146 2392 222 2422 sunt,
243 2387 281 2414 ita
295 2395 343 2422 per
355 2387 482 2422 pietatem
496 2391 609 2421 possunt
619 2394 681 2414 esse
694 2387 877 2422 impassihiles
887 2388 909 2403 "‘
923 2398 929 2415 :

145 2438 173 2462 et
187 2441 244 2461 non
256 2434 344 2462 solum
356 2433 550 2468 impassibiles,
562 2441 655 2460 verum
667 2437 693 2460 et
708 2441 790 2468 parva
805 2434 832 2460 in
847 2433 931 2461 Deum

145 2481 198 2509 fide
209 2480 325 2507 aliorum
338 2480 480 2515 passiones
491 2484 630 2508 curantes.
648 2479 686 2506 lta
696 2480 768 2507 enim
784 2488 865 2508 verus
876 2482 933 2515 ipse

144 2527 279 2563 propheta
294 2527 429 2562 promisit,
445 2527 540 2554 (licens
554 2537 559 2554 :
577 2527 658 2553 Amen
674 2527 731 2554 dico
747 2527 828 2558 vobis,
848 2528 871 2554 si
884 2528 932 2554 ha-

144 2574 257 2601 bueritis
277 2573 355 2608 ﬁdem
376 2574 444 2600 sicut
465 2581 576 2608 granum
599 2574 720 2608 sinapis,
735 2574 827 2600 dicetis
850 2575 933 2601 monti

144 2621 207 2647 huic
220 2628 230 2647 :
247 2619 343 2647 Transi
361 2620 432 2652 hinc,
443 2625 467 2647 et
483 2620 606 2647 transibit
615 2621 647 2647 ".
662 2620 749 2655 Hujus
761 2621 836 2648 vocis
849 2621 931 2648 etiam

144 2676 196 2696 vos
210 2667 262 2701 ipsi
280 2667 445 2694 documenta
466 2667 587 2701 cepistis,
607 2670 634 2694 et
650 2667 705 2701 jam
721 2667 792 2694 facta
808 2667 932 2701 quaedam

143 2721 196 2748 per
219 2714 366 2748 magistros
383 2717 503 2746 nostros,
525 2713 599 2748 ipsos
623 2714 751 2741 videlicet
775 2715 929 2749 apostolos,

146 2767 203 2787 non
215 2760 367 2795 ignoratis;
384 2760 459 2794 quia,
472 2761 626 2788 astantibus
640 2761 728 2794 nobis,
744 2769 838 2788 eorum
854 2762 934 2789 meri-

173 2832 195 2847 η
212 2830 348 2865 Recognit.
375 2838 411 2862 tv,
434 2830 508 2865 c.75.
564 2830 736 2864 “Recognit.
761 2837 804 2865 nt,
827 2837 851 2856 c.
879 2829 922 2856 67.

136 2868 158 2882 "
177 2868 244 2893 Ans.
271 2864 339 2892 Luc.
363 2866 408 2892 lib.
431 2873 440 2892 ι
464 2864 496 2891 In
523 2864 680 2892 Wibertum.

137 2903 159 2918 ¹²
174 2902 270 2928 Matth.
289 2908 354 2935 μη,
369 2901 412 2928 19.
465 2900 488 2915 ³ο
503 2900 637 2935 Recognit.
660 2908 685 2931 v,
703 2908 727 2927 c.
741 2900 767 2927 5.

737 2865 759 2880 ¹⁶
780 2864 913 2899 Recognit.
937 2873 967 2896 v,
991 2872 1015 2892 c.
1029 2865 1057 2893 2.

825 2899 845 2915 ³ι
863 2899 995 2934 Recognit.
1016 2909 1042 2933 v,
1058 2908 1082 2927 c.
1106 2900 1132 2927 4.

982 1652 1054 1678 velit.
1070 1650 1108 1677 [ta
1127 1655 1263 1685 Suntergo
1277 1650 1353 1682 ethi,
1365 1651 1412 1685 qui
1420 1650 1580 1685 ignorantes
1587 1649 1659 1684 quod
1674 1657 1769 1676 verum

980 1702 1033 1729 cst.
1059 1698 1178 1733 speciem
1204 1701 1294 1724 tamen
1322 1697 1439 1732 alicujus
1470 1695 1592 1724 scientiae
1621 1699 1723 1727 tenent,
1742 1700 1770 1723 et

981 1745 1051 1771 mala
1072 1744 1150 1779 quasi
1166 1744 1237 1771 bona
1255 1747 1363 1779 gerunt,
1379 1747 1462 1778 atque
1476 1742 1509 1769 ad
1526 1742 1673 1777 perniciem
1690 1743 1769 1776 quasi

980 1791 1013 1818 ad
1027 1791 1144 1818 salutem
1160 1790 1302 1817 festinant.
1319 1789 1342 1804 "
1355 1788 1470 1823 Propter
1497 1788 1571 1823 quod
1601 1791 1663 1815 ante
1677 1787 1769 1814 omnia

980 1835 1183 1871 properandum
1199 1839 1241 1863 est
1257 1835 1290 1862 ad
1306 1835 1472 1869 agnitionem
1486 1834 1622 1866 veritatis,
1638 1838 1666 1860 ut
1681 1833 1770 1868 possi-

980 1890 1052 1914 mus,
1070 1882 1149 1917 quasi
1166 1881 1270 1910 lumine
1285 1881 1364 1908 nobis
1380 1880 1443 1907 inde
1459 1887 1576 1907 accenso
1591 1880 1625 1911 ",
1642 1886 1769 1906 errorum

980 1929 1107 1956 tenebras
1121 1928 1265 1963 depellere.
1287 1927 1395 1954 Grande
1410 1927 1482 1954 enim
1496 1927 1597 1953 malum
1616 1930 1669 1959 est,
1685 1929 1716 1952 ut
1728 1926 1770 1953 di-

981 1976 1080 2008 ximus,
1095 1974 1267 2009 ignorantia;
1280 1973 1327 2001 sed
1335 1973 1399 2008 quia
1412 1972 1595 2000 substantiam
1606 1979 1661 1998 non
1677 1971 1768 2003 habet,

980 2021 1059 2048 facile
1077 2021 1111 2048 ab
1129 2020 1183 2051 his,
1209 2019 1256 2054 qui
1286 2019 1406 2047 studiosi
1435 2022 1509 2049 sunt,
1533 2018 1681 2052 elIugatur.
1711 2016 1770 2043 Non

979 2067 1053 2094 enim
1069 2067 1143 2094 aliud
1151 2070 1193 2093 est
1207 2066 1373 2101 ignorantia,
1386 2064 1440 2091 nisi
1456 2072 1510 2091 non
1522 2064 1684 2098 cognovisse
1697 2064 1769 2098 quod

979 2113 1098 2148 expedit.
1124 2113 1175 2140 Ubi
1205 2116 1292 2139 autcm
1307 2110 1568 2146 cognoveris,perit
1592 2109 1764 2144 ignorantia.

980 2160 1068 2193 Quaeri
1084 2167 1149 2194 ergo
1159 2166 1323 2193 magnopere
1332 2158 1411 2185 debet
1421 2158 1545 2185 veritatis
1559 2157 1672 2190 agnitio,
1689 2163 1769 2190 quam

980 2214 1060 2234 nemo
1074 2206 1145 2233 alius
1161 2206 1302 2240 assignare
1318 2209 1419 2239 potest,
1437 2203 1490 2230 nisi
1517 2210 1597 2230 verus
1627 2202 1759 2236 propheta

985 2253 1046 2279 ΙΙωο
1060 2252 1132 2279 enim
1146 2251 1169 2267 3"
1183 2251 1226 2278 via
1242 2251 1263 2266 ³⁸
1280 2255 1337 2282 est,
1357 2250 1440 2277 vitam
1467 2249 1622 2277 volentibus
1652 2249 1758 2283 ingredi

983 2303 1010 2325 ct
1025 2305 1161 2325 sumntum
1176 2297 1197 2312 ³⁸
1212 2297 1262 2324 iter
1278 2297 1411 2324 bonorum
1424 2304 1535 2331 operum
1548 2296 1724 2331 pergentibus
1737 2296 1770 2323 ad

983 2344 1121 2371 civitatem
1137 2343 1243 2371 salutis.
1254 2343 1274 2358 ³⁷
1292 2342 1321 2369 Si
1335 2342 1396 2377 quis
1411 2350 1477 2369 sane
1492 2342 1607 2369 audiens
1617 2350 1769 2370 sermonem

985 2391 1041 2419 veri
1067 2390 1205 2426 prophetae
1226 2389 1291 2416 velit
1304 2392 1351 2416 aut
1366 2388 1434 2415 nolit
1450 2388 1572 2423 recipere
1589 2392 1615 2415 et
1644 2387 1771 2422 amplecti

985 2446 1055 2466 onus
1070 2437 1141 2472 ejus,
1158 2436 1184 2463 id
1200 2440 1242 2463 est
1256 2436 1383 2463 mandata
1399 2435 1470 2467 vitae,
1490 2435 1571 2461 habet
1583 2442 1610 2461 in
1625 2442 1674 2461 sua
1694 2437 1771 2468 pote—

986 2488 1070 2518 state;
1093 2484 1172 2511 liberi
1186 2483 1258 2510 enim
1269 2490 1364 2510 sumus
1374 2481 1490 2509 arbitrii.
1503 2480 1570 2507 Nam
1585 2481 1606 2508 si
1622 2481 1673 2508 hoc
1686 2484 1769 2511 esset,

985 2535 1013 2557 ut
1028 2530 1151 2558 videntes
1164 2537 1206 2560 ca,
1221 2529 1278 2563 jam
1291 2536 1345 2555 non
1360 2528 1493 2555 haberent
1506 2527 1533 2554 in
1547 2531 1682 2562 potestate
1695 2526 1769 2553 aliud

983 2577 1081 2608 facere,
1099 2584 1181 2611 quam
1196 2575 1340 2603 audierant
1353 2584 1360 2607 ;
1375 2574 1416 2601 vis
1431 2578 1490 2601 erat
1504 2574 1628 2608 qutedam
1652 2577 1768 2605 naturm,

984 2631 1031 2657 per
1048 2630 1130 2658 quam
1145 2623 1261 2650 liberum
1271 2628 1325 2648 non
1339 2625 1410 2648 esset
1425 2620 1459 2647 ad
1476 2620 1557 2646 aliam
1572 2620 1692 2654 migrare
1706 2627 1768 2646 sen—

983 2670 1107 2697 tentiam.
1123 2669 1177 2695 Aut
1192 2669 1215 2696 si
1230 2675 1327 2695 rursus
1346 2675 1379 2693 ex
1402 2666 1578 2693 audientibus
1598 2666 1691 2693 nullus
1711 2674 1766 2693 om-

984 2716 1049 2743 nino
1064 2716 1207 2750 reciperet,
1225 2719 1252 2742 et
1274 2714 1326 2741 hoc
1342 2716 1446 2740 naturae
1461 2712 1502 2739 vis
1518 2716 1587 2744 erat,
1605 2720 1665 2747 quae
1685 2720 1767 2738 unum

986 2762 1088 2798 aliquid
1103 2761 1160 2790 fieri
1173 2764 1293 2796 cogeret,
1302 2764 1329 2787 et
1338 2759 1417 2786 alteri
1427 2759 1499 2794 parti
1508 2766 1563 2786 non
1575 2759 1652 2786 daret
1667 2759 1766 2786 locum.

981 2829 1003 2845 “
1020 2829 1087 2880 Ἦεῑ.
1104 2829 1149 2880 ξς,
1165 2828 1427 2880 Nullusrepiscopus.
1445 2842 1480 2847 —
1493 2827 1629 2880 fecugnit.
1647 2837 1664 2862 t,
1682 2831 1771 2880 ch67.

992 2872 1005 2880 ιι
1152 2870 1256 2880 υΠΙΙιλδιιν
1271 2872 1291 2880 ευ
1311 2864 1488 2880 ἇιινιιιέιιηηιιιιῧ
1509 2872 1538 2880 ηρ
1605 2866 1627 2878 ΙΗ
1648 2865 1701 2880 ιιι-ρ.
1723 2867 1760 2880 ~7-

1152 2864 1292 2891 rationulis
1310 2864 1549 2890 irt'ationabtlibus.
1605 2866 1627 2878 "‘
1646 2864 1773 2896 ἀπειθεῖς.

1190 2899 1211 2915 ³¹¹
1227 2899 1362 2934 liecoynit.
1385 2900 1462 2930 ihid.,
1476 2907 1499 2926 υ.
1517 2899 1542 2926 5.
1599 2899 1621 2915 ³³
1639 2908 1770 2927 sui-ccum.

137 2937 160 2952 "
176 2937 227 2977 Ms.
240 2941 269 2962 et
283 2934 428 2977 ﬂeo-eguit.
453 2940 529 2970 porta
554 2940 591 2962 est
615 2935 685 2967 ritw,
710 2934 853 2961 valentibus
874 2935 986 2969 ingredi,
1008 2940 1031 2962 et
1055 2937 1113 2963 iter.
1136 2934 1303 2964 llanbuta‘us.
1342 2935 1364 2950 ³⁵
1384 2943 1471 2969 portu.
1510 2935 1532 2950 3"
1547 2936 1649 2962 semita.
1689 2936 1708 2950 ³⁷
1724 2935 1772 2962 ιω-

136 2973 248 3007 εοςμιίιη
266 2978 292 3003 V,
310 2977 333 2997 c.
349 2971 374 2996 6.
