4064 6256
533 411 639 467 495

1420 407 1478 463 s.
1504 381 1910 465 CLEMENTIS
1944 409 1962 462 ι
1999 407 2163 463 non.
2199 407 2400 463 rom.
2436 406 2660 465 OPERA
2696 400 2920 466 eum;

3665 411 3765 468 £96

534 518 687 585 Nunc
716 536 918 594 autem,
951 529 1080 600 quia
1104 528 1334 583 liberum
1363 534 1447 581 est
1464 526 1670 591 animo,
1702 525 1759 580 in
1781 541 1943 596 quam
1970 506 2100 582 velit
2129 535 2174 589 Α
2206 544 2554 584 concurrere.
2584 528 2813 599 Propter
2843 530 2948 584 hoc
2992 526 3227 597 denique
3280 536 3442 579 verus
3480 522 3762 593 propheta,

533 629 740 690 partem
772 621 1050 675 declinare
1092 620 1363 689 judicium
1398 634 1582 683 suum,
1612 626 1666 672 et
1696 634 1861 689 quam
1906 619 2105 689 proba—

532 713 686 776 verit,
720 712 923 782 eligere
954 711 1129 777 viam;
1157 718 1373 765 constat
1389 710 1690 775 evidenter,
1713 712 1897 765 inesse
1931 711 2104 765 homi-

530 805 697 859 nibus-
740 803 952 857 arbitrii
991 803 1315 857 libertatem.
1351 802 1396 833 ³⁸
1423 801 1591 872 Igitur
1645 792 1970 872 priusquam
1999 816 2100 855 au-

526 894 640 949 diat
666 896 809 966 quis,
843 894 987 965 quod
1016 895 1064 949 ei
1091 894 1329 964 expedit,
1362 901 1572 949 certum
1588 902 1671 949 est
1698 894 1827 964 quia
1856 894 2093 964 ignoret:

527 996 578 1042 et
609 987 866 1057 ignorans
892 986 1010 1039 vult
1052 993 1105 1039 et
1156 984 1459 1049 desiderat,
1515 983 1661 1054 quod
1715 1000 1826 1039 non
1879 984 2100 1055 expedit

527 1094 705 1149 agere,
737 1085 963 1149 propter
1018 1075 1164 1146 quod
1208 1091 1307 1145 pro
1335 1076 1438 1129 hoc
1467 1092 1575 1129 non
1605 1075 1906 1145 judicatur.
1957 1076 2096 1133 Cum

524 1186 653 1226 vero
680 1171 913 1226 audierit
944 1183 1140 1224 causas
1175 1167 1379 1223 erroris
1410 1168 1527 1232 sui,
1556 1176 1611 1223 et
1652 1168 1924 1223 rationem
1956 1169 2097 1224 veri-

522 1262 651 1319 tatis
693 1262 985 1331 aceeperit,
1042 1268 1173 1314 tunc
1203 1260 1249 1314 si
1302 1261 1667 1329 permanserit
1697 1263 1751 1315 in
1780 1262 1864 1317 his
1895 1263 2097 1317 errori-

522 1355 664 1420 bus,
714 1355 916 1425 quibus
947 1354 1149 1408 dudum
1178 1352 1356 1407 fuerat
1389 1361 1715 1423 praeventus,
1781 1361 1930 1409 recte
1979 1354 2091 1424 jam

520 1446 805 1501 vocabitur
855 1446 921 1499 ad
947 1445 1236 1515 judicium,
1267 1445 1495 1500 daturus
1525 1460 1715 1516 pmnas
1738 1486 1753 1510 ,
1803 1446 1929 1515 quia
1968 1445 2093 1500 vitae

521 1538 687 1608 hujus
718 1538 978 1608 spatium,
1007 1536 1152 1608 quod
1185 1536 1251 1590 ad
1271 1537 1410 1592 bene
1429 1537 1719 1591 vivendum
1757 1538 2001 1608 accepit,
2035 1539 2091 1591 in

520 1630 775 1686 ludibriis
802 1631 1205 1699 consumpserit
1233 1644 1503 1685 errorum.
1562 1629 1664 1695 Qui
1698 1645 1825 1684 vero
1862 1630 2089 1684 audiens

521 1722 656 1788 haec,
688 1722 918 1778 libenter
960 1722 1180 1792 accipit,
1211 1728 1264 1776 et
1317 1722 1627 1792 gratulatur
1672 1722 1938 1776 bonorum
1983 1722 2088 1777 sibi

517 1815 823 1870 doctrinam
880 1813 1055 1869 fuisse
1111 1814 1374 1881 delatam;
1420 1815 1663 1885 requirat
1718 1814 2003 1878 intentius,
2034 1822 2088 1869 et

2208 636 2333 674 cum
2370 631 2514 677 esset
2543 638 2782 692 praesens
2822 622 3127 684 nobiscum,
3156 626 3209 674 et
3238 617 3501 686 quosdam
3530 632 3597 670 ex
3628 618 3770 673 divi~

2208 713 2355 768 tibus
2386 715 2721 784 negligentes
2743 729 2873 784 erga
2900 714 2997 768 Dei
3027 714 3234 767 cultum
3252 711 3480 775 videret,
3505 710 3670 779 hujus
3688 712 3766 767 rei

2206 801 2279 854 ita
2312 804 2529 871 aperuit
2561 804 2881 859 veritatem:
2920 803 3086 857 Nemo
3120 811 3308 871 potest,
3335 802 3531 872 inquit,
3564 802 3767 859 duobus

2206 892 2433 948 dominis
2463 896 2693 959 servire;
2749 903 2835 950 et:
2871 894 2995 949 Non
3042 894 3257 964 potestis
3307 893 3417 948 Deo
3473 896 3665 949 servire
3715 904 3768 951 et

2201 1001 2514 1040 mammome
2536 986 2611 1053 ‘3;
2639 1002 2968 1051 mammona,
3007 987 3182 1057 patria
3204 1001 3394 1042 eorum
3424 1001 3578 1054 voce,
3626 988 3768 1043 divi-

2198 1079 2300 1133 tias
2334 1093 2557 1135 vocans.
2586 1078 2631 1111 “
2650 1078 2749 1133 Hic
2798 1094 2927 1149 ergo
2956 1094 3117 1133 verus
3149 1077 3432 1148 proiibeta,
3456 1078 3551 1148 qui
3583 1079 3640 1133 in
3664 1077 3766 1134 Ju-

2197 1167 2311 1223 daza
2339 1170 2497 1225 nobis
2532 1171 2807 1240 apparuit,
2848 1181 2906 1226 ut
2929 1170 3190 1238 audistis;
3215 1172 3330 1241 qui,
3351 1179 3503 1227 stans
3528 1174 3761 1242 publice,

2197 1262 2311 1317 sola
2337 1262 2587 1332 jussione
2614 1262 2852 1317 faciebat
2881 1278 3055 1319 caecos
3085 1264 3293 1327 videre,
3327 1263 3523 1319 surdos
3551 1266 3760 1331 audire,

2197 1351 2417 1423 fugabat
2450 1355 2743 1419 daemones,
2767 1356 2924 1425 aegris
2952 1357 3237 1410 sanitatem
3263 1356 3521 1411 reddebat
3548 1365 3601 1410 et
3625 1373 3768 1410 mor-

2193 1444 2303 1499 tuis
2326 1445 2525 1501 vitam:
2568 1461 2801 1517 cumque
2822 1447 2957 1501 nihil
2978 1457 3124 1502 esset
3141 1448 3189 1501 ei
3208 1448 3567 1517 impossibile,
3598 1450 3764 1502 etiam

2193 1539 2550 1609 cogitationes
2580 1538 2862 1592 hominum
2913 1539 3251 1608 pervidebat,
3300 1540 3442 1609 quod
3494 1540 3628 1594 nulli
3679 1550 3764 1595 est

2192 1630 2479 1700 possibile,
2511 1630 2619 1685 nisi
2650 1629 2755 1687 soli
2786 1629 2917 1685 Deo.
2978 1629 3079 1685 Hic
3126 1631 3489 1685 annuntiabat
3534 1647 3763 1702 regnum

2191 1721 2320 1789 Dei;
2358 1721 2448 1776 cui
2479 1736 2582 1777 nos
2633 1722 2701 1778 de
2727 1723 2985 1779 omnibus
3038 1739 3158 1794 quae
3202 1723 3450 1791 dicebat,
3504 1732 3762 1795 tanquam

2188 1828 2317 1868 vero
2348 1812 2647 1883 prophetae,
2674 1813 2951 1870 credimus
2977 1833 2991 1881 ;
3042 1814 3351 1871 ﬁrmitatem
3403 1814 3527 1871 ﬁdei
3558 1825 3763 1873 nostrae

515 1907 727 1963 discere
763 1922 874 1962 non
923 1907 1161 1974 desinat,
1205 1922 1493 1977 usquequo
1541 1916 1857 1977 cognoscat,
1908 1906 1954 1962 si
2001 1915 2085 1961 est
2116 1899 2157 1954 Β
2186 1920 2297 1959 non
2328 1906 2504 1960 solum
2528 1919 2594 1959 ex
2625 1905 2811 1961 verbis
2831 1906 2973 1975 ejus,
2991 1908 3086 1961 sed
3103 1915 3158 1962 et
3185 1908 3444 1978 operibus
3474 1923 3763 1963 assumen-

514 2013 639 2053 vere
668 1998 816 2053 aliud
846 1999 1127 2065 smculum,
1179 2001 1235 2053 in
1265 2014 1373 2069 quo
1401 1998 1562 2054 bonis
1613 1999 1832 2069 praemia
1873 2012 2085 2068 praepa-

514 2099 633 2144 rata
659 2091 787 2145 sint.
817 2090 882 2144 Et
911 2106 1036 2146 cum
1062 2099 1247 2145 certus
1278 2090 1345 2145 de
1375 2090 1481 2145 hoc
1513 2088 1699 2153 fuerit,
1730 2089 1937 2160 gratias
1962 2097 2086 2160 agat

513 2182 649 2247 Deo,
706 2184 852 2253 quod
883 2182 988 2239 sibi
1020 2183 1267 2238 veritatis
1312 2183 1495 2237 lumen
1526 2182 1868 2244 ostenderit,
1909 2196 1971 2235 ac
2020 2180 2087 2237 de

514 2282 717 2329 caetero
747 2274 947 2347 dirigat
977 2284 1135 2330 actus
1167 2290 1297 2330 suos
1323 2275 1378 2328 in
1410 2275 1669 2330 omnibus
1696 2274 1956 2344 operibus
1988 2274 2087 2331 bo-

512 2367 621 2430 nis,
653 2382 887 2437 quorum
930 2366 1035 2422 sibi
1064 2368 1121 2421 in
1175 2365 1362 2421 futuro
1418 2366 1725 2422 mercedem
1780 2375 1963 2422 certus
2002 2376 2086 2424 est

511 2469 894 2529 praeparatam,
928 2459 1205 2514 demirans
1238 2474 1334 2529 per
1366 2460 1552 2515 omnia
1580 2466 1635 2513 et
1661 2468 1888 2529 stupens
1920 2470 2078 2516 caete-

510 2564 699 2604 rorum
722 2551 1006 2605 hominum
1029 2567 1263 2616 errores,
1294 2560 1345 2606 et
1376 2553 1520 2622 quod
1554 2561 1681 2606 ante
1715 2552 1905 2607 oculos
1936 2553 2084 2622 posi—

512 2650 621 2695 tam
642 2641 926 2697 veritatem
964 2658 1123 2698 nemo
1179 2645 1381 2699 videat.
1430 2642 1551 2714 Ipse
1606 2653 1788 2699 tamen
1838 2645 2083 2714 gaudens

512 2750 676 2804 super
697 2732 917 2790 divitias
949 2736 1251 2805 sapientiae,
1278 2752 1417 2807 quas
1436 2737 1663 2802 invenit,
1700 2736 2082 2793 satiabiliter”

507 2825 597 2881 his
630 2825 965 2897 perfruatur,
996 2837 1049 2883 et
1075 2829 1337 2884 exercitio
1365 2829 1634 2884 bonorum
1667 2844 1892 2899 cperum
1936 2829 2076 2883 dele-

509 2926 688 2974 ctetur
710 2959 724 2982 ,
750 2918 1019 2977 festinans
1042 2922 1111 2975 ad
1140 2922 1399 2977 saeculum
1432 2921 1676 2977 futurum
1695 2921 1898 2977 mundo
1919 2922 2083 2976 corde

512 3020 568 3064 et
598 3026 736 3080 pura
797 3012 1138 3067 conscientia
1168 3014 1455 3081 pervenire
1480 3052 1496 3078 ,
1547 3013 1643 3068 ubi
1698 3013 1861 3067 etiam
1898 3012 2084 3067 videre

508 3099 679 3156 Deum
713 3116 895 3171 regem
921 3104 1165 3157 omnium
1200 3105 1395 3173 possit.
1430 3104 1473 3135 ⁸ο
1498 3103 1594 3159 His
1625 3111 1804 3159 autem
1826 3104 2081 3159 omnibus

509 3210 699 3251 carere
736 3210 836 3250 nos
863 3203 918 3251 et
943 3196 1209 3260 fraudari,
1260 3196 1377 3251 sola
1407 3195 1538 3250 facit
1570 3195 1900 3266 ignorantia.
1940 3194 2077 3249 Dum
2109 3229 2149 3287 Ο

508 3286 651 3341 enim
710 3286 963 3357 ignorant
1026 3288 1315 3351 homines,
1373 3294 1640 3357 quantum
1686 3287 1816 3341 boni
1882 3287 2081 3342 habeat

510 3376 762 3442 scientia,
812 3378 1135 3448 ignorantia:
1184 3379 1386 3432 malum
1424 3378 1492 3434 de
1533 3394 1593 3434 se
1639 3393 1748 3434 non
1802 3377 2082 3448 patiuntur

507 3467 764 3534 excludi;
800 3469 1057 3524 nesciunt
1112 3471 1257 3524 enim
1304 3478 1510 3540 quanta
1540 3471 1612 3525 sit
1638 3472 1693 3525 in
1721 3472 1913 3526 horum
1950 3487 2076 3541 per-

507 3559 809 3614 mutatione
868 3560 1178 3617 diversitas.
1213 3560 1441 3631 Pr0pter
1475 3564 1621 3633 quod
1667 3566 1958 3620 consilium
2010 3566 2080 3621 do

510 3651 807 3721 unicuique
840 3653 1097 3719 discenti,
1134 3654 1364 3709 libenter
1413 3655 1654 3725 praebere
1684 3664 1864 3712 autem
1913 3659 2080 3714 verbo

509 3741 625 3809 Dei,
650 3752 705 3799 et
726 3760 851 3799 cum
877 3761 1064 3802 amore
1092 3748 1337 3803 veritatis
1360 3749 1552 3803 audire
1580 3764 1701 3818 quae
1728 3750 1985 3815 dicimus,
2019 3759 2079 3805 ut

511 3852 664 3893 mens
712 3840 919 3908 optimo
963 3839 1173 3895 semine
1228 3850 1506 3910 suscepto,
1567 3857 1665 3911 per
1716 3842 1891 3898 bonos
1922 3852 2077 3899 actus

510 3930 660 3985 lectos
682 3931 869 3987 aii‘erat
892 3931 1123 3988 fructus.
1148 3930 1284 3985 Nam
1318 3932 1386 3997 si,
1414 3947 1499 3986 me
1522 3932 1751 3988 docente
1779 3947 1843 3988 ea
1864 3949 1985 4004 qua:
2010 3935 2077 3988 ad

506 4026 738 4081 salutem
765 4025 1063 4095 pertinent,
1088 4025 1331 4094 recipere
1354 4025 1479 4094 quis
1507 4025 1737 4091 abnuit,
1785 4036 1839 4082 et
1893 4029 2075 4084 animo

510 4117 695 4184 pravis
725 4116 1076 4186 opinionibus
1101 4123 1368 4186 occupato
1393 4116 1661 4172 obsistere
1690 4116 1918 4186 nititur;
1965 4134 2076 4174 non

507 4224 572 4261 ex
604 4209 783 4272 nobis,
818 4210 913 4265 sed
943 4224 1010 4264 ex
1033 4206 1331 4279 Semetipso
1362 4208 1584 4264 habebit
1629 4210 1894 4281 pereundi
1947 4225 2078 4267 cau-

507 4317 644 4358 sam.
694 4301 865 4359 Debet
885 4302 1033 4358 enim
1059 4302 1211 4372 justo
1233 4302 1441 4373 judicio
1462 4303 1777 4358 examinare
1801 4319 1921 4375 quae
1948 4306 2078 4360 dici-

508 4410 650 4461 mus,
681 4404 735 4451 et
774 4395 1101 4466 intelligere,
1140 4395 1270 4465 quia
1302 4395 1470 4450 verba
1500 4396 1777 4466 loquimur
1803 4397 2074 4463 veritatis,

508 4499 567 4541 ut
597 4487 832 4559 cognitis
860 4489 948 4544 his
976 4503 1098 4559 quae
1118 4496 1266 4553 sunt,
1301 4495 1360 4542 ut
1389 4497 1540 4553 sunt,
1587 4490 1641 4544 in
1667 4489 1827 4561 bonis
1861 4492 2075 4546 actibus

2188 2003 2306 2063 tes;
2341 1997 2469 2066 quia
2503 1997 2647 2051 dicta
2674 1997 2830 2067 legis,
2851 2014 2972 2068 quae
2992 2007 3117 2054 ante
3147 2000 3349 2053 multas
3379 2001 3762 2069 generationes

2186 2090 2254 2145 de
2277 2090 2569 2160 praesentia
2584 2088 2706 2157 ejus
2729 2102 3120 2159 exposuerant,
3158 2092 3212 2145 in
3239 2090 3359 2159 ipso
3376 2090 3759 2160 designantur,

2186 2186 2240 2233 et
2276 2179 2539 2249 imagines
2570 2188 2849 2250 gestorum
2884 2180 3071 2245 Mosis,
3093 2187 3146 2235 et
3176 2191 3299 2237 ante
3328 2183 3504 2252 ipsum
3525 2185 3761 2252 patriar-

2187 2271 2301 2325 chae
2332 2270 2520 2335 Jacob,
2546 2272 2723 2343 ipsius
2757 2288 2853 2341 per
2882 2275 3064 2327 omnia
3085 2279 3271 2343 typum
3302 2273 3569 2329 ferebant.
3604 2274 3764 2329 Tem-

2186 2378 2291 2432 pus
2328 2379 2547 2434 quoque
2591 2365 2857 2419 adventus
2888 2364 3031 2433 ejus,
3065 2364 3169 2419 hoc
3220 2373 3304 2419 est
3335 2365 3513 2435 ipsum
3542 2366 3595 2419 in
3646 2380 3761 2434 quo

2186 2460 2428 2518 venerat,
2462 2456 2782 2524 praedictum
2809 2455 2875 2508 ab
2897 2456 2982 2509 his
3009 2463 3259 2523 constat;
3283 2465 3335 2511 et
3358 2472 3522 2527 super
3549 2458 3757 2522 omnia,

2186 2546 2331 2615 quod
2361 2555 2510 2600 esset
2543 2561 2572 2600 a
2595 2548 2849 2617 gentibus
2880 2547 3304 2616 exspectandus,
3334 2551 3510 2605 sacris
3561 2550 3757 2606 litteris

2184 2637 2635 2707 comprehensum
2659 2648 2763 2702 est,
2790 2654 2910 2708 qua:
2938 2640 2990 2693 in
3014 2655 3078 2693 eo
3102 2640 3308 2709 pariter
3332 2642 3584 2695 universa
3605 2656 3761 2695 com-

2184 2728 2326 2798 pleta
2351 2736 2498 2782 sunt.
2519 2727 2564 2760 ⁸⁵
2579 2727 2731 2795 Quod
2745 2729 3243 2785 autemJudzeorum
3259 2732 3519 2801 propheta
3550 2732 3595 2762 “
3619 2747 3761 2802 plm-

2182 2819 2320 2874 dixit
2344 2836 2467 2876 eum
2498 2838 2529 2875 a
2562 2823 2814 2891 gentibus
2842 2824 3289 2893 exspectandum,
3336 2839 3500 2894 supra
3531 2825 3757 2879 modum

2184 2912 2240 2966 in
2262 2928 2327 2967 eo
2358 2911 2518 2967 fidem
2549 2929 2733 2969 veram
2766 2895 3041 2970 tirmat.Si
3062 2916 3208 2969 enim
3239 2915 3468 2971 dixisset
3489 2931 3519 2969 a
3550 2916 3756 2973 Judaeis

2183 3006 2628 3073 exspectandum,
2658 3021 2769 3061 non
2794 3007 2999 3077 aliquid
3031 3007 3287 3061 eximium
3322 3008 3676 3078 prophetasse
3706 3010 3753 3042 δ’

2182 3097 2480 3162 videretur,
2528 3098 2674 3168 quod
2718 3113 2747 3152 a
2792 3100 3088 3154 contribuli
3131 3102 3355 3171 populo,
3381 3110 3435 3157 et
3470 3118 3499 3156 a
3532 3104 3755 3173 propria

2183 3197 2341 3257 gente
2391 3198 2706 3258 speraretur
2756 3191 2830 3255 is,
2885 3192 3042 3261 cujus
3070 3192 3338 3249 adventus
3394 3194 3461 3248 ad
3516 3197 3754 3249 salutem

2186 3282 2372 3335 mundi
2405 3282 2582 3337 fuerat
2607 3284 2995 3352 repromissus.
3019 3283 3244 3339 Videtur
3262 3288 3406 3341 enim
3429 3288 3602 3356 magis
3617 3302 3755 3341 con-

2183 3388 2418 3444 sequens
2442 3375 2582 3429 ratio
2607 3391 2749 3440 esse,
2775 3383 2833 3430 ut
2873 3377 2977 3431 hoc
3020 3377 3194 3442 fieret,
3228 3393 3389 3447 quam
3426 3378 3570 3448 quod
3606 3396 3752 3449 prae-

2181 3464 2397 3521 dicebat
2420 3468 2821 3537 magnificentia
2849 3469 3378 3540 prophetalis.Nunc
3409 3479 3589 3526 autem
3622 3488 3749 3526 cum

2182 3558 2459 3625 prophetae
2488 3559 2694 3625 dicant,
2719 3576 2936 3615 omnem
2958 3562 3103 3615 illam
3138 3577 3312 3631 spem,
3335 3578 3456 3633 quae
3483 3563 3550 3618 de
3574 3563 3751 3618 salute

2181 3648 2367 3703 mundi
2391 3652 2807 3720 repromittitur,
2840 3660 2893 3707 et
2928 3654 3225 3708 novitatem
3262 3656 3451 3725 regni,
3486 3671 3608 3724 qua:
3661 3655 3750 3709 in-

2181 3742 2441 3797 struenda
2474 3760 2571 3814 per
2602 3744 2880 3801 Christum
2912 3755 3015 3813 est,
3041 3756 3200 3817 atque
3230 3749 3413 3802 omnia
3445 3764 3565 3818 qua:
3594 3750 3661 3801 de
3682 3764 3748 3801 eo

2180 3831 2493 3888 indicantur
2546 3835 2612 3890 ad
2660 3844 2850 3906 gentes
2877 3852 3001 3893 esse
3039 3838 3448 3904 transferenda,
3477 3840 3591 3908 jam
3637 3855 3745 3893 non

2181 3927 2480 3981 secundum
2533 3931 2979 3999 consequentiam
3031 3946 3248 3994 rerum,
3300 3932 3395 3986 sed
3441 3932 3747 3986 incredibili

2178 4019 2414 4088 quodam
2445 4022 2853 4077 vaticinationis
2893 4031 3127 4089 eventu,
3178 4024 3580 4095 magnificentia
3617 4039 3748 4093 pro-

2178 4110 2393 4179 phetica
2430 4113 2801 4169 confirmatur.
2832 4114 3006 4170 Judaei
3055 4130 3291 4185 namque
3321 4132 3389 4171 ex
3432 4115 3611 4179 initio,
3645 4114 3743 4167 ad-

2177 4202 2295 4256 fore
2322 4203 2612 4273 aliquando
2640 4205 2785 4261 hunc
2814 4206 3013 4271 virum,
3049 4223 3143 4278 per
3169 4224 3331 4279 quem
3361 4217 3559 4263 cuncta
3585 4224 3747 4278 repa-

2178 4304 2392 4360 rentur,
2424 4300 2709 4352 verissima
2742 4300 3040 4355 traditione
3095 4309 3484 4371 susceperunt;
3524 4310 3579 4357 et
3608 4317 3746 4370 quo-

2179 4389 2309 4444 tidie
2327 4391 2652 4449 meditantes
2685 4407 2749 4447 ac
2769 4394 3186 4463 prospicientes,
3204 4394 3423 4464 quando
3439 4393 3558 4464 ejus
3594 4393 3744 4448 tieret

2178 4480 2481 4549 adventus;
2515 4485 2608 4539 ubi
2654 4485 2847 4541 adesse
2893 4501 3017 4541 eum
3075 4487 3349 4550 viderunt,
3382 4494 3436 4541 et
3477 4486 3631 4556 signa
3680 4500 3743 4539 ac

507 4576 749 4648 dirigens
772 4581 915 4633 viam
940 4596 1117 4644 suam,
1144 4582 1296 4651 regni
1320 4582 1585 4636 caelorum
1610 4585 1783 4652 possit
1803 4584 2074 4655 particeps
2108 4578 2151 4632 D
2180 4577 2445 4646 prodigia,
2473 4578 2615 4634 sicut
2642 4581 2710 4635 de
2736 4594 2802 4634 eo
2828 4579 3092 4649 scriptum
3117 4579 3315 4643 fuerat,
3335 4579 3739 4647 adimplentem;

507 4669 763 4735 inveniri,
796 4672 1096 4739 subiiciens
1129 4673 1230 4728 sibi
1255 4675 1437 4729 carnis
1466 4674 1757 4740 desideria,
1790 4683 1844 4729 et
1879 4674 2075 4730 'domi-

507 4777 614 4816 nus
644 4777 834 4816 eorum
865 4763 1065 4825 factus,
1124 4772 1184 4818 ut
1237 4765 1309 4819 ita
1355 4765 1572 4821 demum
1605 4766 1771 4822 etiam
1813 4767 1930 4836 ipse
1979 4765 2073 4820 fiat

507 4852 870 4910 dominatoris
893 4856 1137 4911 omnium
1161 4857 1401 4926 jucunda
1424 4859 1723 4928 possessio.
1753 4857 1797 4889 “
1819 4857 1956 4912 Nam
1979 4861 2072 4927 qui

508 4952 787 5013 permanet
816 4946 872 5000 in
902 4947 1064 5010 malo,
1096 4957 1149 5003 et
1188 4964 1379 5004 servus
1421 4957 1504 5004 est
1537 4950 1688 5013 mali,
1747 4965 1856 5005 non
1893 4957 2072 5019 potest

507 5034 644 5091 eliici
675 5038 855 5107 portio
874 5038 1025 5104 boni,
1051 5040 1224 5095 donec
1250 5048 1529 5110 permanet
1559 5041 1614 5094 in
1635 5041 1814 5107 malo;
1847 5042 1975 5110 quia
2005 5043 2073 5096 ab

508 5128 686 5193 initio,
721 5139 780 5186 ut
806 5140 929 5187 ante
948 5132 1061 5202 jam
1091 5134 1355 5198 diximus,
1376 5132 1483 5189 duo
1511 5149 1677 5201 regna
1698 5134 1890 5188 statuit
1909 5132 2075 5200 Deus;

507 5227 561 5273 et
595 5230 919 5290 potestatem
947 5224 1095 5279 dedit
1140 5226 1431 5294 unicuique
1476 5225 1759 5279 hominum
1782 5265 1798 5289 ,
1834 5232 1893 5279 ut
1929 5225 2077 5281 illius

508 5314 661 5384 regni
686 5313 777 5373 fiat
806 5317 1008 5385 portio,
1037 5318 1125 5371 cui
1156 5332 1214 5373 se
1235 5317 1302 5371 ad
1327 5316 1690 5371 obediendum
1731 5317 1847 5386 ipse
1893 5317 2075 5386 subje-

510 5405 666 5460 cerit.
700 5406 767 5460 Et
794 5410 918 5479 quia
950 5408 1229 5464 definitum
1252 5420 1333 5465 est
1359 5411 1500 5480 apud
1524 5409 1715 5474 Deum,
1761 5426 1871 5463 non
1913 5423 2077 5478 posse

513 5513 677 5553 unum
722 5501 998 5558 hominem
1018 5504 1303 5574 utriusque
1320 5506 1470 5573 regni
1496 5518 1617 5558 esse
1640 5518 1858 5558 servum
1881 5520 1895 5569 ;
1926 5501 2075 5556 omni

512 5592 693 5648 studio
723 5594 848 5650 date
879 5611 1122 5666 operam,
1154 5597 1210 5651 in
1242 5597 1370 5652 boni
1391 5598 1534 5668 regis
1563 5596 1744 5651 aulam
1780 5595 1824 5628 δ’
1856 5610 1921 5650 ac
1947 5595 2073 5665 jura

566 5711 614 5785 ξ’
646 5712 914 5781 Recognit.
975 5729 1025 5768 v.
1095 5731 1144 5770 c.
1197 5718 1249 5785 7,
1292 5721 1513 5775 totidem
1565 5722 1768 5776 verbis.

488 5779 793 5856 quam»;
895 5786 939 5856 ut
966 5786 1182 5852 [οεάιωη.
1234 5779 1325 5820 ἰε
1351 5790 1538 5844 Matth.
1572 5807 1646 5856 Vl,
1675 5794 1766 5847 es.

484 5849 532 5880 “
559 5850 693 5906 Gen.
736 5866 883 5917 XLIX,
921 5849 1008 5907 10.
1086 5858 1128 5887 ³⁸
1158 5856 1427 5927 Rccoguit.
1486 5877 1538 5923 v,
1573 5849 1745 5917 (τίη.

1874 5722 1918 5753 ³⁸
1950 5716 2343 5773 insatiabiliter.

1866 5792 1916 5823 “
1944 5790 2213 5858 Recognit.
2248 5806 2296 5853 v,
2324 5806 2373 5845 c.
2409 5791 2496 5846 l0.
2572 5789 2637 5861 ι⁸⁵
2672 5791 2966 5858 liccognit.,
3000 5790 3156 5855 ibid.,
3190 5806 3240 5846 c.
3269 5791 3354 5845 M.

2180 4668 2383 4723 invidia
2399 4672 2676 4739 excaecati,
2696 4687 2991 4742 agnoscere
3015 4673 3380 4741 nequiverunt
3394 4679 3738 4741 praesentem,

2177 4762 2233 4816 in
2261 4763 2420 4833 cujus
2450 4779 2546 4833 spe
2574 4765 2896 4820 laetabantur
2927 4766 3192 4820 absentis.
3213 4765 3597 4819 intellexerunt
3624 4771 3741 4815 tan-

2178 4865 2293 4909 tum
2324 4857 2500 4912 sancti
2529 4858 2794 4930 apostoli,
2826 4859 2919 4927 qui
2949 4872 2979 4910 a
3004 4858 3114 4913 Deo
3142 4857 3301 4913 electi
3349 4862 3497 4918 sunt,
3530 4863 3586 4910 et
3620 4869 3738 4917 nos,

2179 4954 2273 5021 qui
2302 4960 2425 5022 post
2462 4952 2529 5006 ab
2554 4953 2636 5008 eis
2685 4953 2840 5008 electi
2875 4942 3086 5006 sumus.
3124 4951 3169 4983 ⁸⁸
3191 4950 3304 5004 Hoc
3336 4960 3517 5003 autem
3562 4946 3728 5017 provi.

2177 5045 2361 5100 dentia
2394 5045 2487 5099 Dei
2519 5045 2722 5099 factum
2746 5053 2851 5107 est,
2880 5052 2939 5099 ut
2972 5044 3179 5114 agnitio
3218 5043 3347 5098 boni
3386 5042 3551 5111 hujus
3577 5041 3737 5095 etiam

2176 5138 2429 5206 gentibus
2461 5137 2802 5203 traderetur;
2845 5145 2899 5191 et
2926 5137 2979 5190 hi
3005 5137 3099 5205 qui
3133 5150 3413 5205 nunquam
3444 5134 3512 5188 de
3553 5148 3619 5187 eo
3645 5146 3729 5184 au-

2176 5228 2408 5289 dierant,
2442 5244 2544 5283 nec
2574 5246 2605 5283 a
2658 5228 2933 5299 prophetis
2988 5227 3331 5291 didicerant,
3384 5229 3732 5295 agnoscerent

2175 5336 2331 5386 cum;
2366 5321 2440 5374 illi
2474 5337 2624 5380 vero.
2660 5323 2751 5390 qui
2776 5321 3111 5390 quotidianis
3141 5318 3589 5374 meditationibus
3615 5330 3729 5369 eva-

2176 5419 2427 5476 nuerant,
2462 5413 2794 5482 ignorarent.
2831 5412 2969 5467 Ecce
2995 5411 3139 5466 enim
3169 5426 3315 5465 nunc
3365 5425 3462 5479 per
3498 5424 3613 5469 vos,
3645 5405 3730 5475 qui

2176 5513 2469 5572 praesentes
2514 5506 2669 5566 estis,
2726 5513 2780 5558 et
2809 5505 3136 5559 desideratis
3189 5504 3377 5557 audire
3429 5501 3729 5555 doctrinam

2175 5593 2296 5649 fidei
2320 5595 2460 5663 ejus,
2489 5602 2544 5649 et
2571 5610 2868 5665 agnoscere
2910 5596 3031 5664 quis
3061 5605 3113 5649 et
3153 5594 3426 5665 quomodo
3456 5602 3509 5648 et
3560 5593 3729 5663 qualis

2455 5721 2500 5752 ⁸ο
2530 5719 2820 5791 Re_cognit.,
2888 5719 3042 5784 ibid.,
3108 5734 3158 5773 c.
3205 5720 3239 5774 8
3371 5720 3413 5751 “
3450 5720 3741 5791 Recogm‘h

3449 5792 3496 5823 “
3517 5795 3651 5862 Agg.
3686 5804 3739 5841 ll-
