2032 3128
174 145 226 174 397

773 143 951 173 EPISTOLE
969 143 1204 172 DECRETALES.

1742 147 1795 177 498

174 206 210 234 sit
221 204 282 240 ejus
305 204 450 237 adventus,
475 202 634 239 prophetica
656 202 758 231 veritas
780 203 955 239 adimpletur.
971 205 992 232 Α
1008 203 1096 230 luceat
1111 202 1235 230 omnibus
1259 203 1345 238 quiin
1360 202 1437 230 domo
1465 208 1527 230 sunt
1542 204 1576 232 ".
1598 203 1705 240 Siquis
1730 212 1795 241 ergo

173 252 195 268 ⁸⁸
207 251 263 278 Hoc
273 251 345 278 enim
360 251 500 286 propheta:
513 250 536 265 '°
551 249 743 285 przedixerant,
759 249 822 284 quia
847 257 862 276 a
878 249 954 276 vobis

173 298 336 335 quaerendus
348 301 430 328 esset,
445 296 491 332 qui
506 296 540 324 de
557 303 589 324 eo
607 303 747 330 nunquam
761 295 876 322 audistis
887 315 894 322 .
923 293 956 322 Et

173 345 233 373 ideo
244 344 367 371 videntes
382 343 409 370 in
425 342 501 370 vobis
523 341 589 376 ipsis
612 341 769 376 prophetica
792 341 865 368 dicta
880 348 955 368 com-

173 390 251 426 pleri,
267 390 330 417 huic
342 388 389 415 uni
403 391 478 416 recte
492 387 614 418 creditis,
629 387 702 414 hunc
722 390 796 414 recte
813 391 954 421 exspecta-

172 437 220 468 tis,
236 435 270 463 de
286 436 337 463 hoc
351 439 425 462 recte
441 433 591 469 inquiritis,
606 437 701 460 utnon
713 433 801 460 solum
812 436 954 468 exspecte-

171 483 208 510 tis
222 489 296 514 eum,
313 481 361 508 sed
376 484 403 508 et
421 479 606 507 haereditatem
628 479 705 514 regni
730 479 790 514 ejus
812 478 953 506 credentes

171 528 388 563 consequamini,
421 526 570 555 secundum
596 526 668 561 quod
696 526 754 561 ipse
780 526 860 558 dixit,
889 526 953 560 quia

171 574 360 609 unusquisque
375 573 449 600 illius
474 573 503 600 lit
517 580 623 605 servus,
645 573 688 600 cui
705 580 734 600 se
754 572 812 607 ipse
829 572 954 606 subjece-

171 622 215 650 rit.
230 622 252 638 “
271 620 418 655 Propterea
433 627 498 655 ergo
513 619 633 654 vigilate,
647 623 674 646 et
688 618 832 645 Dominum
852 617 953 644 Deum-

170 675 222 703 que
236 670 361 694 nostrum
390 665 468 693 vobis
483 665 649 693 conscribite
670 664 824 696 Dominum.
852 665 899 700 qui
926 668 954 692 et

170 713 233 741 coeli
249 721 281 740 ac
296 716 376 740 terra;
393 711 524 739 Dominus
539 715 592 739 est.
607 711 640 738 Et
654 711 686 739 ad
703 711 789 746 ipsius
812 719 861 738 vos
885 711 952 738 ima—

169 761 259 796 ginem
271 766 303 786 ac
318 758 522 786 similitudinem
538 757 693 791 reformate,
709 759 780 785 sicut
804 758 862 792 ipse
873 765 953 785 verus

171 805 301 840 propheta
313 804 402 835 docet,
417 803 526 831 dicens:
540 803 631 831 Estote
645 803 716 835 boni,
732 809 756 830 et
772 803 952 831 misericordes

170 852 238 879 sicut
256 855 280 878 et
293 850 374 877 Pater
385 855 467 877 vester
475 849 586 877 ccclesiis
602 849 750 876 misericors
765 854 814 881 est,
831 850 875 885 qui
888 850 954 876 oriri

170 897 235 932 facit
246 897 328 924 solem
343 904 419 923 suum
436 904 514 930 super
530 895 609 922 bonos
620 900 645 922 et
657 896 751 925 malos.
763 901 787 922 et
798 896 865 930 pluit
876 904 953 930 super

166 944 253 978 justas
269 948 293 970 et
309 943 421 977 injustas
435 943 468 970 ".
486 942 563 970 iiunc
577 936 642 977 eigo
657 942 815 973 imitamini,
836 946 863 970 et
881 942 953 970 hunc

171 992 280 1024 timete;
298 994 326 1018 et
338 990 410 1018 sicut
421 990 578 1016 mandatum
602 988 683 1016 datur
709 988 877 1020 hominibus,
898 987 952 1015 Do-

169 1038 269 1064 mimtm
294 1036 376 1063 Deum
392 1041 466 1062 tuum
488 1035 600 1066 timebis,
627 1039 651 1061 et
673 1034 714 1061 illi
730 1034 780 1062 soli
807 1035 901 1062 servies
917 1035 950 1062 ".

169 1082 192 1099 "
208 1081 366 1110 lniidelibus
385 1082 495 1116 quidem
509 1080 610 1108 dormit
624 1080 755 1108 Dominus
768 1100 776 1112 ,
802 1084 829 1107 et
853 1080 951 1108 absens

169 1130 286 1157 habetur
299 1129 342 1156 his
358 1136 372 1155 a
387 1128 486 1163 quibus
502 1135 562 1154 esse
577 1134 632 1153 non
647 1126 778 1157 creditur,
797 1129 824 1153 et
838 1126 951 1153 manda-

168 1175 203 1204 tis
225 1175 355 1210 ejns‘non
377 1174 525 1207 obediunt;
544 1177 626 1207 atque
650 1172 685 1199 ob
707 1171 733 1199 id
762 1172 816 1199 illis
844 1171 951 1199 videtur

168 1221 245 1256 quasi
260 1220 378 1248 dormire
386 1219 529 1251 Dominus,
545 1218 609 1253 quia
623 1225 671 1253 pro
684 1217 802 1252 peccatis
820 1217 877 1244 suis
895 1225 950 1244 non

167 1267 362 1295 exaudiuntur.
390 1266 413 1282 "
429 1266 600 1301 Quapropter
623 1264 730 1291 cunctis
756 1264 896 1296 ﬁdelibus,
924 1269 951 1291 et

167 1321 341 1348 summopere
354 1312 482 1340 omnibus
496 1312 663 1347 presbyteris
680 1315 707 1339 et
724 1310 847 1338 diaconis
868 1314 894 1338 et
909 1318 951 1338 re-

167 1360 250 1395 liquis
275 1360 384 1387 clericis
413 1358 608 1386 attendendum
624 1362 666 1385 est
699 1361 728 1384 ut
753 1357 821 1384 nihil
847 1357 951 1391 absque

165 1406 285 1441 episcopi
301 1405 401 1441 proprii
419 1405 527 1432 licentia
540 1407 631 1439 agant.
645 1404 668 1419 “
683 1403 742 1430 Non
750 1403 843 1438 utique
853 1403 951 1431 missas

165 1454 226 1480 sine
243 1453 303 1488 ejus
326 1453 403 1487 jussu
427 1451 574 1486 quisquam
601 1449 822 1485 presbyterorum
851 1449 878 1475 in
901 1456 950 1475 sua

165 1499 295 1535 parochia
310 1502 381 1534 agat,
398 1505 452 1524 non
469 1496 597 1532 haptizet,
615 1503 664 1523 nec
676 1495 823 1530 quidquam
848 1494 951 1529 absque

165 1546 226 1581 ejus
238 1545 374 1581 permissu
398 1545 489 1571 faciat.
517 1543 648 1570 Similiter
676 1545 702 1569 et.
720 1541 818 1576 reliqui
847 1541 949 1575 populi,

164 1592 285 1627 majores
301 1591 407 1620 scilicet
425 1598 456 1618 ac
468 1590 588 1617 minores
602 1589 637 1621 ",
649 1596 697 1623 per
716 1588 775 1623 ejus
800 1587 947 1620 licentiam,

164 1639 296 1674 quidquid
324 1637 456 1673 agendum
472 1640 526 1668 est,
542 1639 639 1671 agant:
665 1642 716 1662 nec
730 1636 790 1662 sine
805 1634 864 1669 ejus
888 1641 949 1669 per-

164 1685 252 1713 missu
269 1691 284 1711 a
300 1684 427 1719 parochia
440 1682 599 1714 abscedant,
618 1682 659 1709 vel
678 1681 706 1709 in
720 1689 752 1708 ea
772 1680 948 1708 adventantes

164 1731 266 1758 morari
280 1732 455 1765 praesumant.
468 1728 573 1755 Animae
592 1734 658 1755 vero
672 1734 767 1754 eorum
791 1727 816 1753 ei
841 1725 949 1753 creditae

164 1781 240 1805 sunt.
253 1776 317 1804 Ideo
332 1776 423 1803 omnia
438 1775 498 1811 ejus
513 1775 628 1802 consilio
642 1781 721 1808 agere
742 1773 851 1803 debent,
867 1777 893 1800 et
915 1779 949 1800 eo

163 1822 321 1851 inconsulto
332 1821 410 1849 nihil.
425 1822 446 1837 "
454 1821 614 1855 Quicunque
622 1820 693 1846 enim
706 1818 835 1846 obediunt
842 1818 949 1853 episco-

163 1869 206 1904 pis
220 1868 289 1900 suis,
305 1868 432 1895 videntur
454 1867 564 1903 quidem
590 1866 691 1901 aliquid
710 1865 804 1900 gratiae
825 1863 949 1892 conferre

163 1913 231 1942 Deo.
249 1913 301 1946 Qui
315 1918 405 1941 autem
419 1914 458 1941 eis
473 1921 527 1940 non
543 1913 683 1945 obediunt,
705 1910 891 1938 indubitanter
908 1909 949 1937 rei

163 1964 191 1988 et
203 1960 313 1995 reprobi
337 1960 468 1988 existunt.
483 1959 568 1987 Porro
580 1959 632 1994 ipsi
644 1966 659 1985 a
672 1958 725 1985 Deo
735 1953 836 1985 donum
849 1956 949 1984 summi

164 2007 286 2034 muneris
303 2011 520 2041 consequuntur,
536 2006 584 2041 qui
603 2013 652 2040 per
669 2004 782 2039 justitice
800 2007 826 2030 et
848 2010 949 2038 praece-

165 2057 274 2088 ptorum
303 2053 362 2088 ejus
390 2053 502 2081 semitas
525 2052 682 2080 incedentes
706 2050 865 2078 doctoribus
891 2050 949 2077 suis

165 2099 224 2134 (qui
238 2103 312 2127 recte
327 2099 445 2134 episcopi
463 2098 663 2133 intelliguntur)
681 2098 796 2125 libenter
806 2097 946 2124 obediunt.

163 2145 202 2173 De
221 2145 321 2181 quibus
336 2151 362 2173 et
372 2145 467 2173 beatus
477 2145 583 2176 Petrus,
599 2145 749 2171 instructor
766 2147 792 2171 et
807 2143 948 2171 ordinator

165 2196 270 2224 noster,
286 2195 313 2219 et
326 2191 453 2226 princeps
469 2191 668 2226 apostolorum,
682 2189 826 2217 manifeste
834 2194 949 2217 cunctos

1006 249 1048 276 his
1064 249 1281 282 obedierit,Deo~,
1294 253 1324 276 ut
1353 248 1455 276 dictum
1471 255 1521 282 est,
1544 258 1671 285 magnum
1696 259 1795 280 munus

1006 294 1097 322 oﬂ'ert.
1110 295 1162 328 Qui
1172 299 1262 323 autem
1278 295 1321 323 his
1330 295 1471 328 restiterit,
1485 299 1531 322 aut
1541 296 1700 324 inohediens
1711 299 1796 325 exsti-

1006 341 1081 374 terit,
1099 349 1154 368 non
1166 342 1220 373 his,
1235 341 1282 369 sed
1298 341 1414 369 Domino
1430 341 1564 370 Salvatori
1584 346 1696 374 nostro,
1717 342 1795 377 cujus

1004 388 1141 423 legatione
1161 387 1325 423 funguntur,
1340 388 1455 416 resistit.
1470 388 1491 403 “
1505 388 1620 422 Propter
1640 389 1712 423 quod
1740 389 1794 424 pri-

1004 442 1079 462 mum
1092 438 1134 463 est
1149 435 1282 467 omnium,
1308 435 1443 470 justitiam
1463 435 1520 466 Dei.
1542 443 1712 471 regnumque
1733 436 1794 471 ejus

1004 480 1161 515 inquirere,
1178 484 1205 508 et
1225 480 1283 508 suis
1298 480 1471 515 jussionibus
1485 481 1692 516 obtemperare;
1713 482 1795 517 justi~

1004 526 1070 553 tiam
1092 525 1220 561 quidem,
1235 530 1267 553 ut
1290 530 1365 554 recte
1389 533 1468 562 agere
1490 527 1656 561 doceamur;
1680 535 1793 563 regnum

1004 579 1078 605 vero,
1097 576 1136 606 ut,
1149 579 1210 606 quae
1222 571 1369 600 sitmerces
1384 572 1473 607 posita
1487 572 1589 600 laboris
1603 576 1629 600 et
1644 573 1792 608 patientiae,

1004 617 1180 651 noverimus;
1197 617 1225 644 in
1246 625 1300 653 quo
1320 621 1362 645 est
1389 618 1468 646 bonis
1489 618 1600 653 quidem
1624 623 1793 646 aeternorum

1004 663 1139 692 bonorum
1154 664 1351 697 remuneratio,
1367 664 1410 692 his
1421 669 1511 692 autem
1527 664 1574 700 qui
1587 669 1683 692 contra
1697 666 1794 693 volun-

1005 713 1086 737 tatem
1102 710 1162 745 ejus
1173 711 1288 746 egerint,
1303 718 1353 745 pro
1367 710 1586 746 uniuscujusque
1598 712 1683 746 gestis
1696 719 1775 746 poma
1787 726 1794 730 -

1004 764 1064 784 rum
1080 757 1161 792 digna
1176 757 1323 785 restitutio.
1341 757 1363 773 ⁶¹
1381 757 1430 784 Hic
1445 765 1521 792 ergo,
1540 757 1592 785 hoc
1608 763 1660 790 est,
1674 759 1702 785 in
1724 767 1792 794 prae-

1005 803 1075 831 senti
1088 804 1144 830 vita
1158 804 1273 838 positos,
1284 807 1391 838 oportet
1406 812 1457 832 nos
1467 812 1617 838 agnoscere
1626 805 1792 832 voluntatem

1005 848 1063 882 Dei,
1079 849 1125 877 ubi
1141 853 1168 877 et
1177 849 1284 885 agendi,
1295 854 1322 877 et
1336 850 1510 877 sacrificandi
1522 854 1564 877 est
1579 850 1672 883 locus;
1688 850 1711 866 “
1724 858 1794 885 quo-

1004 897 1078 922 niam
1099 896 1126 922 in
1142 896 1202 924 aliis
1221 896 1288 924 locis
1301 896 1458 924 sacriﬁcare
1475 901 1502 924 et
1523 896 1624 924 missas
1649 897 1791 925 celebrare

1003 950 1057 969 non
1071 942 1145 976 licet,
1164 943 1216 970 nisi
1232 943 1258 970 in
1274 943 1328 976 his,
1340 944 1367 970 in
1382 943 1483 978 quibus
1496 943 1642 979 episcopus
1665 944 1793 979 proprius

1000 988 1127 1023 jusserit,
1143 993 1191 1016 aut
1209 990 1243 1016 ab
1258 990 1388 1025 episcopo
1401 990 1563 1025 regulariter
1580 990 1706 1018 ordinato
1719 1011 1727 1024 ,
1750 995 1791 1019 te-

1002 1039 1084 1063 nente
1096 1035 1224 1063 videlicet
1239 1036 1387 1070 civitatem,
1403 1041 1582 1064 consecratus
1598 1037 1690 1065 fuerit.
1705 1036 1792 1065 Aliter

1001 1083 1074 1111 enim
1102 1091 1157 1110 non
1185 1088 1248 1110 sunt
1268 1083 1324 1110 hate
1341 1084 1457 1118 agenda,
1482 1091 1532 1111 nec
1547 1084 1599 1111 rite
1617 1084 1790 1117 celebranda,

1001 1129 1116 1157 docente
1151 1137 1201 1157 nos
1231 1129 1306 1157 Novo
1335 1133 1362 1157 et
1389 1129 1479 1157 Veteri
1511 1129 1697 1158 Testamento.
1727 1130 1791 1159 Haec

1001 1176 1116 1210 apostoli
1145 1183 1161 1202 a
1184 1175 1299 1203 Domino
1333 1180 1512 1211 acceperunt,
1540 1180 1567 1204 et
1599 1177 1677 1204 nobis
1703 1177 1790 1204 tradi-

1001 1221 1117 1256 derunt;
1133 1223 1190 1249 haec
1211 1230 1261 1250 nos
1277 1222 1424 1256 fdocemus,
1445 1223 1578 1257 vobisque
1607 1227 1633 1250 et
1653 1224 1790 1254 omnibus,

1001 1269 1103 1303 absque
1125 1269 1351 1304 reprehensione,
1386 1273 1479 1297 tenere
1507 1274 1534 1296 et
1558 1269 1667 1302 docere,
1691 1270 1791 1305 quibus

1002 1315 1137 1348 agendum
1169 1318 1220 1347 est,
1249 1314 1422 1341 mandamus.
1449 1314 1659 1350 “Unaquaeque
1688 1315 1790 1343 etenim

1002 1367 1045 1387 res
1076 1365 1183 1394 tempus
1209 1368 1288 1387 suum
1320 1360 1400 1386 habet
1429 1364 1456 1386 et
1487 1360 1587 1387 locum.
1604 1360 1722 1395 Operum
1744 1360 1790 1388 hic

1001 1405 1079 1433 locus
1093 1410 1144 1438 est,
1160 1410 1267 1441 tempus
1282 1414 1346 1433 vero
1361 1406 1518 1433 meritorum
1536 1410 1578 1433 est
1601 1407 1729 1434 saeculum
1743 1405 1789 1434 fu-

1002 1455 1105 1479 turum.
1120 1451 1159 1479 Ne
1171 1459 1235 1486 ergo
1251 1451 1432 1486 impediamur
1444 1472 1451 1484 ,
1468 1451 1591 1479 ordinem
1608 1452 1730 1479 locorum
1757 1459 1790 1480 ac

1001 1501 1155 1532 temporum
1169 1502 1366 1532 permutantes,
1381 1498 1479 1532 primo,
1493 1505 1553 1532 qum
1565 1498 1601 1524 sit
1615 1496 1788 1532 Deijuslitia,

965 1545 985 1574 Ο
1003 1543 1219 1578 requiramus,et
1231 1547 1359 1578 tanquam
1381 1543 1432 1570 iter
1447 1543 1547 1576 acturi,
1561 1543 1711 1570 abundanti
1735 1542 1790 1569 via.

1000 1589 1055 1616 tico
1079 1589 1159 1616 bonis
1180 1589 1308 1624 operibus
1330 1589 1505 1624 repleamur,
1522 1595 1577 1624 quo
1594 1589 1733 1624 possimus
1754 1588 1789 1615 ad

1000 1642 1112 1669 regnum
1134 1634 1191 1668 Dei,
1207 1638 1336 1669 tanquam
1353 1635 1385 1661 ad
1402 1634 1498 1662 urbem
1522 1636 1680 1667 maximam,
1691 1641 1788 1669 perve-

1000 1681 1070 1709 nire.
1096 1681 1165 1708 Deus
1179 1681 1251 1708 enim
1268 1681 1310 1708 his
1336 1681 1382 1715 qui
1412 1685 1485 1708 recte
1513 1681 1636 1708 sentiunt
1654 1687 1704 1715 per
1729 1680 1789 1714 ipsa

1000 1734 1082 1762 opera
1103 1726 1209 1760 mundi,
1229 1735 1290 1762 quae
1314 1726 1389 1757 fecit,
1407 1726 1570 1753 manifestus
1581 1730 1624 1753 est
1636 1725 1677 1759 ";
1702 1726 1789 1760 ipsius

1000 1778 1132 1801 creatum
1143 1781 1199 1801 suae
1214 1777 1294 1800 utens
1310 1773 1482 1800 testimonio:
1498 1777 1525 1800 et
1539 1772 1600 1799 ideo
1616 1779 1678 1799 cum
1690 1772 1723 1799 de
1733 1771 1789 1799 Deo

1000 1819 1133 1847 dubitatio
1153 1827 1212 1847 esse
1225 1827 1278 1847 non
1289 1819 1398 1850 debeat,
1414 1819 1448 1846 de
1460 1819 1517 1847 sola
1534 1827 1608 1846 nunc
1632 1818 1692 1852 ejus
1705 1818 1789 1852 justi-

1000 1866 1037 1892 tia
1049 1865 1219 1900 requiramus
1229 1869 1256 1893 et
1272 1873 1365 1900 regno.
1375 1865 1480 1893 Idcirco
1493 1864 1643 1900 persuadeo
1656 1864 1787 1898 primum,

998 1912 1131 1947 justitiam
1147 1912 1206 1946 ejus
1217 1919 1277 1939 esse
1293 1911 1497 1946 requirendam,
1512 1914 1541 1937 ut
1565 1918 1614 1945 per
1636 1909 1708 1936 hanc
1735 1909 1788 1936 iter

1000 1962 1121 1993 agentes,
1137 1962 1164 1985 et
1179 1958 1205 1984 in
1218 1958 1260 1984 via
1274 1958 1396 1985 veritatis
1409 1957 1501 1992 positi,
1514 1964 1608 1984 verum
1623 1955 1787 1990 prophetam

1000 2004 1122 2032 invenire
1137 2004 1284 2038 possimus,
1298 2011 1352 2030 non
1363 2003 1507 2030 velocitate
1518 2002 1629 2037 pedum,
1643 2000 1690 2028 sed
1701 2001 1788 2028 bono-

1000 2058 1060 2077 rum
1075 2057 1187 2085 operum
1200 2049 1343 2077 velocitate
1356 2053 1499 2076 currentes
1512 2057 1518 2080 ;
1530 2051 1559 2074 ut
1571 2048 1631 2081 ipso
1647 2047 1718 2074 duce
1732 2045 1785 2077 uSi,

1000 2096 1105 2123 nullum
1121 2095 1170 2122 vite
1186 2095 1266 2129 hujus
1278 2094 1412 2129 patiamur
1423 2101 1555 2120 errorem.
1570 2092 1598 2119 Si
1609 2092 1682 2119 enim
1697 2092 1786 2126 ipsum

1001 2144 1155 2176 sequentes,
1172 2140 1276 2176 ingredi
1305 2140 1487 2167 meruerimus
1515 2139 1600 2170 illam,
1617 2145 1673 2173 quo
1688 2146 1786 2173 perve-

1000 2188 1059 2215 nire
1070 2188 1206 2222 cupimus,
1214 2186 1351 2213 civitatem
1362 2195 1369 2219 ;
1385 2185 1477 2212 omnia
1491 2185 1547 2219 jam
1556 2184 1590 2211 do
1602 2184 1702 2219 quibus
1714 2191 1786 2218 qua:-

165 2239 307 2267 audientes
323 2239 486 2269 instruebat,
503 2237 613 2264 dicens:
626 2237 649 2252 δν
664 2235 882 2266 Videnturmihi,
901 2235 948 2269 qui
964 2233 986 2261 Ι)
1001 2234 1079 2266 ritur,
1096 2233 1183 2259 oculis
1201 2232 1364 2263 videbimus,
1384 2235 1515 2266 tanquam
1528 2230 1649 2258 hazredes
1663 2230 1785 2259 omnium

165 2286 315 2320 loquuntur
326 2285 407 2312 verba
423 2284 556 2315 veritatis,
571 2287 598 2309 et
613 2283 659 2317 qui
675 2282 830 2308 illuminant
842 2281 948 2308 animas

166 2332 318 2364 hominum,
335 2331 438 2359 similes
452 2338 513 2359 esse
529 2330 613 2357 radiis
625 2330 707 2361 solis;
724 2329 770 2363 qui
787 2332 816 2355 ut
839 2335 949 2362 proces-

166 2379 252 2406 serint
261 2382 289 2406 et
301 2378 478 2413 apparuerint
490 2377 601 2407 mundo.
617 2376 701 2403 celari
717 2376 787 2402 ultra
802 2379 847 2401 aut
857 2374 949 2401 occul-

167 2423 218 2451 tari
230 2424 386 2451 nullatenus
402 2426 527 2458 possunt,
547 2422 610 2449 dum
633 2429 687 2448 non
703 2425 756 2448 tam
770 2420 897 2448 videntur
916 2420 949 2446 ab

166 2469 305 2501 omnibus,
320 2477 400 2504 quam
414 2463 506 2497 videre
523 2467 651 2495 omnibus
663 2470 803 2501 praestant.
823 2465 900 2492 Unde
924 2470 951 2492 et

167 2516 234 2543 bene
244 2516 303 2550 ipsa
318 2523 365 2550 per
377 2523 406 2542 se
422 2515 529 2542 Veritas
545 2514 578 2541 ad
590 2513 720 2541 Veritatis
736 2521 878 2547 prmcoues
894 2513 949 2540 ait:

172 2560 223 2588 Vas
233 2562 296 2588 estis
309 2561 355 2587 lux
367 2561 478 2592 mundi;
495 2564 521 2587 et
533 2570 538 2587 :
554 2559 612 2586 Non
621 2564 703 2593 potest
719 2559 811 2585 civitas
825 2558 951 2585 abscondi

167 2615 247 2641 supra
263 2611 375 2633 montem
389 2607 484 2640 posita.
501 2613 580 2640 neque
607 2604 751 2631 accendunt
779 2604 912 2630 lucernam
926 2609 951 2630 et

167 2658 266 2687 ponunt
279 2661 337 2680 eam
353 2652 399 2679 sub
417 2652 513 2684 modio,
541 2651 586 2679 sed
601 2659 682 2686 supra
706 2649 904 2683 candelabrum,
922 2654 950 2676 ut

1003 2279 1077 2307 iacti.
1093 2279 1236 2314 Intelligite
1246 2278 1337 2313 itaque
1351 2277 1422 2304 viam
1438 2285 1499 2305 esse
1513 2276 1587 2304 hunc
1612 2277 1673 2304 vita:
1686 2281 1787 2304 nostris

1002 2333 1131 2358 cursum;
1148 2324 1276 2357 viatores,
1292 2331 1339 2351 eos
1353 2323 1400 2358 qui
1415 2331 1466 2350 nos
1484 2322 1633 2354 instruunt,
1658 2322 1700 2350 vel
1714 2322 1785 2351 bona

1002 2379 1084 2407 opera
1095 2375 1208 2407 gerunt;
1225 2373 1332 2405 portam
1339 2377 1413 2402 vero,
1428 2369 1587 2405 prophetam
1603 2369 1636 2398 de
1646 2367 1784 2404 quodici-

1003 2426 1077 2450 mus;
1091 2418 1195 2450 urbem,
1211 2424 1324 2452 regnum
1340 2423 1413 2447 esse,
1427 2416 1454 2442 in
1467 2423 1522 2450 quo
1547 2414 1649 2442 residet
1661 2412 1786 2448 omnipo-

1003 2468 1063 2492 tens
1076 2464 1165 2496 Pater,
1182 2471 1262 2499 quem
1284 2462 1334 2490 soli
1350 2462 1440 2489 videre
1453 2465 1567 2496 possunt
1588 2461 1615 2488 hi
1628 2459 1786 2495 quimundo

1002 2515 1066 2539 sunt
1081 2511 1172 2539 corde.
1194 2510 1253 2538 Non
1269 2516 1333 2544 ergo
1346 2507 1559 2536 nobisdiﬂicilis
1571 2507 1694 2534 videatur
1703 2505 1785 2540 hujus

1002 2557 1108 2585 itineris
1124 2558 1211 2588 labor,
1225 2556 1288 2591 quia
1311 2556 1338 2582 in
1351 2555 1403 2583 (ine
1415 2554 1474 2588 ejus
1491 2553 1598 2588 requies
1612 2552 1673 2581 erit.
1682 2550 1749 2579 Nam
1758 2555 1786 2578 et

1002 2604 1061 2639 ipse
1072 2612 1153 2631 verus
1166 2603 1308 2638 propheta,
1319 2601 1353 2628 ab
1365 2601 1443 2628 initio
1467 2599 1560 2627 mundi
1581 2607 1629 2634 per
1653 2597 1784 2625 saeculum

1003 2656 1129 2682 currens,
1146 2649 1258 2677 festinat
1268 2647 1301 2675 ad
1316 2647 1447 2682 requiem.
1462 2645 1626 2676 Adcstenim
1634 2643 1714 2672 nobis
1725 2650 1785 2670 om-

193 2721 215 2757 δέ
232 2720 281 2748 Est
295 2721 375 2757 quod.
423 2722 517 2757 “15a.
534 2729 595 2748 va.
644 2720 667 2736 “
690 2720 836 2757 liceagnil.,
856 2728 882 2757 γε
902 2727 928 2757 c.
954 2719 993 2745 l5.
1016 2719 1067 2757 “"1
1080 2717 1216 2757 Luc.mvi_,
1234 2714 1400 2757 27i‘lilatth.
1420 2721 1446 2745 v,
1520 2756 1527 2757 ὲ
1555 2710 1790 2757 ἲᾶιὲεξυῑῖηνξζ

157 2747 330 2792 "Recognit.
353 2747 411 2784 vin.
448 2747 650 2791 “7716,7quxst.
673 2764 698 2787 ι,
723 2747 976 2792 (έῶιειίέβιὶωζῇῡιιξ.
1015 2754 1132 2792 “Cone.
1149 2750 1319 2792 T_i'ibur._5'2.
1335 2749 1394 2789 lvo,
1414 2757 1442 2792 ll)...
1462 2756 1498 2779 Il,
1515 2756 1539 2775 c.
1669 2747 1793 2792 ξῖ-εοξιἜ-

159 2782 256 2819 resmae
264 2782 403 2827 “juniores.
441 2792 463 2807 ⁵⁸
474 2782 657 2827 Iie'cég’hiii‘n.
692 2782 718 2827 '5"
737 2791 799 2818 Haec
812 2782 883 2827 beati
898 2789 968 2827 Petri
986 2789 1102 2824 apOstoli
1121 2788 1201 2827 verba
1215 2785 1403 2827 .llaillatllltfdll
1417 2784 1546 2827 librovlu
1556 2782 1791 2827 ΔΙίεείξριξξιξᾳηιηιι

158 2815 251 2855 ἱεῗιῗ
418 2835 444 2858 ν,
458 2815 518 2854 id."
528 2815 720 2861 'ii'iieéb'gnn.
955 2815 1141 2855 Dei-unseen,
1159 2821 1268 2850 disliuc.
1286 2821 1296 2847 Ι
1309 2841 1316 2854 ,
1332 2819 1382 2846 llic
1397 2827 1468 2855 ergo,
1486 2818 1512 2845 id
1525 2824 1573 2845 est.
1611 2815 1642 2853 ,⁸³
1656 2817 1731 2845 Felix
1746 2815 1791 2851 ιν.

274 2828 296 2843 ⁶⁰
311 2827 404 2854 Matth.
418 2835 444 2858 v,
458 2827 501 2854 M.

159 2871 200 2898 ep.
218 2863 241 2891 l.
281 2863 304 2880 ⁸⁸
319 2863 454 2897 liecognit.
470 2871 499 2896 η,
514 2867 539 2890 et
554 2870 635 2898 supra
652 2859 678 2890 in
694 2862 773 2895 epist.
790 2861 814 2888 l.
854 2861 874 2876 ⁸⁵
892 2859 972 2888 Rom.
992 2868 1010 2888 ι.

281 2863 304 2880 ⁸⁸
319 2863 454 2897 liecognit.
470 2871 499 2896 η,
514 2867 539 2890 et
554 2870 635 2898 supra
652 2863 678 2890 in
694 2862 773 2895 epist.
790 2861 814 2888 l.
