4064 6256
434 266 439 271 ’
490 272 600 330 499

1363 266 1422 324 S.
1456 264 1848 323 CLEMENTIS
1881 264 1899 317 Ι
1933 262 2113 319 ΒΟΜμ
2138 260 2339 320 ΡΟΝΤ.
2377 259 2602 316 OPERA
2639 258 2865 315 DUBIA.

3608 256 3713 313 500

480 382 641 437 nibus
661 380 878 450 diebus;
908 390 962 438 et
983 383 1030 438 si
1055 381 1276 453 quando
1306 397 1535 439 necesse
1555 391 1661 446 est,
1711 389 1956 453 apparet,
1995 392 2050 436 et
2076 388 2124 446 Α
2154 396 2278 434 rum
2313 395 2480 435 causa
2522 380 2589 445 τι,
2639 378 2770 433 utile
2807 392 2918 431 non
2949 374 3195 432 videtur:
3240 389 3309 430 ne
3330 372 3494 430 ~l'orte
3521 375 3707 432 existi-

476 473 701 542 corrigit
725 490 847 541 nos,
871 488 930 529 ut
954 476 1391 545 obtemperantes
1411 477 1538 542 sibi,
1569 476 1636 531 ad
1659 476 1823 530 vitam
1848 476 2048 545 perdu-

476 571 563 617 cat
589 572 867 622 azternam.
902 566 977 622 De
1005 566 1092 623 his
1135 577 1315 624 autem
1346 570 1438 640 qui
1463 568 1741 639 negligunt
1768 568 1909 621 viam
1936 584 2050 624 sua:

475 653 692 721 salutis,
732 663 786 712 et
807 658 987 713 adhuc
1015 659 1063 690 ⁶⁶
1092 675 1203 713 non
1220 660 1361 716 bene
1413 659 1628 723 ﬁdeles,
1660 667 1715 714 et
1763 661 2049 729 praeceptis

474 746 595 814 ejus
611 762 945 821 suorumque
960 752 1278 821 pontiﬁcum
1291 752 1637 823 jussionibus
1653 752 2046 817 inobedientes,

475 839 563 894 vel
612 849 967 899 contumaces
1022 845 1103 901 eis
1143 846 1420 909 existunt,
1470 845 1513 877 ⁸⁷
1548 844 1832 900 Dominus
1860 853 2049 900 noster

474 928 637 988 Iesus
663 933 939 997 Christus.
996 938 1221 994 mittens
1254 938 1554 1009 discipulos
1591 955 1743 1005 suos,
1793 942 2051 1012 praecepit

476 1023 657 1090 nobis,
674 1025 861 1082 dicens
884 1046 897 1080 :
923 1026 989 1081 Ut
1006 1029 1061 1081 in
1082 1046 1439 1100 quamcunque
1454 1033 1711 1086 civitatem
1724 1042 1817 1091 aut
1833 1031 2048 1092 domum

471 1116 853 1185 introierimus,
877 1118 1116 1174 dicamus
1150 1136 1170 1174 :
1194 1120 1315 1174 Paa:
1344 1122 1465 1176 huic
1492 1122 1698 1178 domui.
1741 1123 1810 1178 Et
1841 1125 1888 1179 si
1929 1126 2049 1195 qui-

471 1214 612 1280 dem,
637 1211 1015 1286 inquitnftterit
1041 1214 1114 1266 ibi
1142 1214 1287 1282 ﬁlius
1311 1217 1491 1283 pacis,
1532 1218 1697 1271 veniet
1747 1234 1901 1287 super
1928 1235 2048 1272 eum

470 1324 578 1376 pax
593 1318 785 1364 vestra.
805 1309 866 1364 Si
890 1326 1006 1366 vero
1018 1323 1126 1364 non
1142 1306 1326 1375 fuerit,
1342 1323 1451 1377 pax
1473 1319 1646 1363 vestra
1666 1309 1734 1362 ad
1752 1328 1839 1364 vos
1876 1327 2047 1366 rever-

474 1412 630 1458 tetur.
671 1402 869 1459 Euntes
901 1413 1077 1458 autem
1103 1402 1167 1457 de
1207 1401 1369 1458 domo
1394 1400 1471 1456 vel
1510 1401 1717 1456 civitate
1741 1402 1858 1467 illa,
1884 1404 2045 1458 etiam

470 1495 733 1563 pulverem
755 1497 844 1566 qui
873 1495 1150 1550 adiuuerit
1169 1495 1385 1565 pedibus
1409 1494 1623 1560 vestris,
1651 1495 1934 1549 excutiatis
1955 1511 2048 1549 su-

470 1601 563 1654 per
590 1603 697 1642 eos.
749 1586 1101 1641 Tolerabilius
1144 1588 1246 1641 erit
1276 1596 1432 1643 terra:
1463 1586 1820 1643 Sodomorum
1857 1595 1908 1640 et
1941 1584 2047 1641 Go-

471 1679 855 1732 morrhaaorunt
900 1680 956 1733 in
985 1678 1069 1733 die
1107 1678 1325 1748 judicii,
1374 1696 1531 1750 quam
1580 1680 1665 1734 illi
1708 1679 1916 1735 civitati
1966 1679 2046 1736 vel

468 1769 651 1824 domui
681 1771 745 1825 ⁸⁸.
781 1771 936 1836 Quod
967 1745 1155 1843 utique
1181 1772 1255 1825 ita
1287 1745 1507 1827 demum
1538 1772 1658 1827 ﬁeri
1686 1772 1963 1844 praecepit,
1992 1771 2048 1832 si
2078 1745 2122 1802 Β

468 1863 623 1934 prius
644 1862 703 1917 in
726 1862 947 1919 civitate
975 1865 1059 1922 vel
1103 1865 1265 1921 domo
1301 1864 1546 1921 veritatis
1574 1881 1754 1922 sermo
1776 1866 2042 1936 praedice-

470 1964 592 2023 tur;
640 1971 709 2011 ex
760 1971 871 2026 quo
914 1958 1001 2014 vel
1046 1957 1373 2028 recipientes
1414 1958 1663 2015 veritatis
1711 1958 1896 2024 ﬁdem,
1945 1959 2042 2014 ﬁlii

469 2046 625 2116 pacis
654 2055 709 2103 et
732 2048 827 2104 lilii
866 2048 958 2103 Dei
990 2049 1123 2106 ﬁant
1149 2067 1164 2117 ;
1192 2050 1275 2104 vel
1301 2065 1410 2104 non
1446 2050 1775 2121 recipientes
1807 2067 2044 2122 arguan~

472 2148 588 2206 tur,
642 2141 803 2212 quasi
834 2140 1046 2197 inimici
1086 2142 1238 2211 pacis
1266 2149 1322 2198 et
1368 2140 1486 2197 Dei.
1533 2142 1613 2196 Ita
1641 2158 1770 2213 ergo
1824 2151 1878 2199 et
1917 2158 2041 2209 nos,

468 2232 721 2302 magistri
751 2232 1001 2289 instituta
1031 2240 1328 2299 sectantes,
1354 2233 1531 2303 primo
1566 2249 1755 2303 pacem
1784 2235 2044 2304 proponi-

469 2338 597 2380 mus
660 2324 1047 2387 auditoribus,
1108 2334 1168 2379 ut
1217 2324 1425 2395 absque
1475 2325 1585 2380 ulla
1635 2326 2044 2399 perturbatione

469 2416 650 2486 possit
674 2414 763 2470 via
797 2415 994 2475 salutis
1024 2415 1267 2486 agnosci.
1292 2415 1449 2483 Quod
1479 2412 1666 2487 siquis
1696 2418 1847 2488 pacis
1877 2419 2041 2473 verba

469 2520 582 2560 non
618 2507 875 2577 suscipit,
909 2523 1091 2578 neque
1113 2509 1415 2578 acquiescit
1440 2510 1676 2575 veritati,
1708 2511 1913 2565 scimus
1953 2510 2043 2565 ad-

471 2614 669 2656 versus
706 2615 833 2655 eum
885 2616 1122 2671 pugnam
1162 2603 1316 2659 verbi
1354 2618 1596 2670 movere,
1639 2610 1695 2659 et
1730 2619 1960 2675 arguere
1997 2604 2042 2638 “

468 2692 680 2760 acrius,
728 2692 1067 2748 confutando
1124 2695 1511 2767 ignorantiam,
1564 2704 1619 2751 et
1664 2695 2044 2767 redarguendo

470 2792 718 2853 peccata.
754 2783 1079 2841 Necessario
1122 2788 1289 2856 igitur
1332 2802 1519 2858 pacem
1553 2791 1935 2858 proponimus,
1983 2796 2043 2844 ut

467 2877 517 2933 si
562 2878 687 2949 quis
736 2884 820 2935 est
850 2878 999 2936 ﬁlius
1040 2881 1217 2950 pacis,
1249 2897 1354 2953 pax
1401 2890 1591 2939 nostra
1641 2882 1825 2938 veniat
1878 2897 2043 2957 super

467 2986 633 3042 eum;
673 2972 743 3028 ab
772 2986 838 3030 eo
878 2981 1061 3033 autem
1094 2974 1191 3045 qui
1233 2989 1294 3029 se
1323 2975 1562 3030 alienum
1606 2974 1731 3045 paci
1777 2973 2040 3043 eﬁ‘ecerit,

2153 480 2302 528 ment
2353 488 2456 527 nos
2508 471 2880 543 responsionis
2943 468 3170 541 penuria
3222 467 3495 523 declinare
3534 478 3718 526 certa-

2150 580 2297 629 men,
2327 573 2382 619 et
2427 565 2560 620 ﬁdes
2599 580 2789 620 eorum
2839 566 3089 631 laedatur,
3129 578 3240 617 non
3283 564 3639 634 intelligentia
3667 564 3715 599 "

2148 657 2414 726 propositi
2443 657 2617 714 nostri
2640 657 2709 712 ".
2763 656 3017 729 "Magna
3055 656 3409 722 contumelia,
3454 666 3509 713 et
3552 674 3718 729 grave

2150 751 2313 805 nobis
2361 751 2469 805 erit
2507 759 2815 821 peccatum,
2856 751 2902 808 si
2954 751 3029 805 ita
3083 748 3439 819 desipiamus,
3481 758 3542 806 ut
3588 766 3716 811 cum

2149 842 2433 898 videamus
2460 858 2585 899 eum
2608 843 2704 914 qui
2727 842 2872 897 idola
2903 843 3038 897 colit
3052 858 3174 898 esse
3200 841 3468 909 sobrium,
3497 858 3600 900 nos
3621 846 3717 915 qui

2149 933 2319 990 Deum
2348 936 2604 1000 colimus,
2640 935 2813 992 sobrii
2844 951 2967 993 esse
2993 950 3337 995 recusemus.
3364 935 3482 991 Non
3514 937 3619 995 hoc
3645 940 3717 997 sit

2150 1027 2292 1083 inter
2318 1044 2441 1094 nos,
2473 1029 2568 1085 sed
2604 1044 2860 1100 magnum
2891 1029 3191 1085 habeamus
3242 1029 3509 1097 studium,
3560 1043 3621 1088 ut
3667 1035 3717 1091 si

2150 1118 2229 1174 illi
2280 1122 2372 1192 qui
2429 1130 2620 1178 errant
2668 1122 3027 1178 homicidium
3076 1138 3185 1177 non
3241 1122 3466 1188 faciunt,
3502 1140 3604 1181 nos
3650 1143 3719 1183 ne

2149 1211 2457 1269 irascamur
2504 1213 2747 1285 quidem.
2786 1212 2852 1269 Et
2879 1214 2926 1270 si
2958 1215 3037 1270 illi
3067 1215 3399 1273 adulterium
3430 1234 3539 1272 non
3567 1235 3720 1274 com—

2149 1304 2395 1373 mittunt,
2429 1321 2530 1363 nec
2566 1306 3026 1377 concupiscamus
3057 1308 3274 1378 quidem
3312 1309 3547 1364 alienam
3592 1328 3722 1365 mu-

2148 1395 2359 1452 lierem.
2409 1396 2466 1452 Si
2507 1398 2585 1454 illi
2630 1407 2819 1453 amant
2867 1401 3153 1471 proximos
3204 1417 3357 1469 suos,
3409 1417 3511 1458 nos
3551 1403 3718 1458 etiam

2148 1486 2441 1558 diligamus
2470 1489 2724 1545 inimicos
2764 1499 3006 1547 nostros.
3042 1490 3100 1546 Si
3138 1493 3217 1547 illi
3249 1500 3441 1548 mutuo
3469 1494 3602 1549 dant
3632 1495 3720 1552 his

2149 1581 2244 1652 qui
2274 1581 2476 1638 habent
2512 1583 2655 1637 unde
2694 1583 2948 1649 reddant,
2981 1599 3084 1638 nos
3125 1585 3286 1640 etiam
3326 1585 3411 1640 his
3433 1585 3651 1654 demus,
3688 1602 3721 1640 a

2149 1674 2351 1745 quibus
2382 1675 2625 1746 recipere
2654 1690 2763 1730 non
2791 1690 3097 1744 speramus.
3136 1675 3203 1729 Et
3240 1692 3337 1747 per
3366 1678 3552 1735 omnia
3594 1694 3719 1744 nos,

2155 1765 2250 1837 qui
2276 1766 2324 1801 ⁷⁸
2353 1768 2541 1822 aeterni
2577 1766 2761 1822 saeculi
2800 1766 3174 1823 baereditatem
3211 1784 3520 1839 speramus,
3556 1769 3723 1827 debe-

2148 1874 2274 1915 mus
2301 1859 2612 1931 praecedere
2643 1859 2690 1892 "°
2714 1874 2833 1927 eos,
2883 1861 2977 1932 qui
3022 1875 3265 1932 prtesens
3297 1870 3509 1918 tantum
3542 1878 3721 1920 saccu-

2144 1954 2262 2011 lum
2299 1961 2599 2021 noverunt;
2622 1954 2880 2021 scientes,
2908 1955 3037 2025 quia
3069 1954 3115 2010 si
3148 1970 3313 2023 opera
3366 1956 3587 2010 illorum
3620 1971 3722 2012 no-

2145 2056 2279 2103 stris
2307 2044 2566 2114 Operihus
2615 2046 2835 2110 collata,
2878 2046 2935 2101 in
2977 2046 3064 2101 die
3099 2046 3294 2116 judicii
3342 2046 3544 2103 similia
3576 2048 3725 2105 invo-

2143 2139 2375 2194 niantur
2409 2152 2473 2192 ac
2503 2138 2677 2208 paria,
2706 2138 2959 2193 confusio
2983 2140 3144 2195 nobis
3167 2141 3289 2208 erit,
3314 2141 3458 2211 quod
3485 2142 3723 2211 aequales

2142 2229 2492 2285 inveniamur
2515 2229 2571 2283 in
2594 2230 2977 2299 operibus,his
2997 2232 3091 2301 qui
3114 2240 3337 2305 propter
3356 2232 3721 2303 ignorantiam

2143 2323 2605 2386 condemnamur,
2657 2334 2711 2379 et
2755 2324 2960 2380 nullam
2992 2340 3143 2395 spem
3188 2325 3358 2380 futuri
3398 2327 3584 2381 saeculi
3622 2327 3723 2382 ba-

2143 2415 2411 2473 buerunt.
2454 2415 2503 2447 ⁸⁰
2545 2415 2611 2469 Et
2646 2431 2772 2471 vere
2805 2416 2969 2487 digna
3001 2417 3255 2473 confusio
3306 2426 3412 2483 est,
3456 2419 3549 2477 ubi
3585 2420 3722 2477 nihil

2145 2509 2382 2580 amplius
2410 2507 2689 2580 gessimus
2716 2509 2787 2565 ab
2815 2508 2903 2565 his
2931 2510 3136 2581 quibus
3177 2511 3411 2581 amplius
3451 2512 3722 2568 intellexi-

2145 2615 2289 2657 mus.
2320 2600 2480 2668 Quod
2508 2600 2557 2655 si
2586 2600 2842 2656 confusio
2886 2602 3048 2658 nobis
3079 2603 3205 2669 erit,
3238 2605 3477 2675 aequales
3510 2604 3596 2661 his
3634 2604 3723 2663 in-

2143 2693 2320 2748 veniri
2342 2693 2397 2748 in
2422 2693 2685 2765 operibus
2707 2694 2901 2763 bonis;
2928 2696 3061 2767 quid
3087 2697 3191 2751 erit
3215 2697 3396 2760 nobis,
3430 2696 3477 2751 si
3504 2696 3723 2753 inferio-

2144 2799 2235 2841 res
2267 2801 2370 2841 nos
2402 2801 2468 2841 ac
2496 2784 2820 2852 deteriores,
2853 2788 3187 2843 examinatio
3232 2788 3415 2843 futura
3449 2790 3722 2860 reperiat?

2143 2877 2341 2934 Audite
2370 2893 2522 2949 ergo,
2563 2877 2838 2950 quomodo
2869 2877 2937 2936 de
2968 2880 3056 2936 bis
3107 2896 3213 2937 nos
3246 2882 3364 2951 ipse
3391 2897 3555 2936 verus
3595 2897 3722 2953 pro-

2145 2970 2306 3040 pheta
2338 2970 2609 3028 docuerit.
2636 2969 2719 3026 Ad
2745 2988 2840 3029 eos
2868 2980 3052 3030 autem
3093 2974 3188 3044 qui
3216 2974 3497 3045 negligunt
3532 2975 3723 3030 audire

470 3066 812 3137 regredietur
858 3066 928 3121 ad
968 3082 1073 3124 nos
1111 3082 1217 3139 pax
1248 3065 1516 3123 nostra."
1568 3066 1636 3121 Et
1666 3067 1715 3124 si
1749 3069 1951 3125 iterum
1982 3070 2038 3124 in
2068 3091 2111 3149 ο
2144 3062 2312 3117 verba
2349 3062 2655 3135 sapientiae,
2708 3064 2786 3118 ita
2833 3065 2950 3121 ait:
2982 3064 3183 3136 Regina
3228 3066 3401 3121 austri
3447 3076 3623 3138 surget
3666 3066 3722 3123 in

470 3157 746 3214 mandatis
779 3157 1066 3225 habemus,
1093 3165 1155 3212 ut
1182 3159 1467 3214 venientes
1516 3157 1582 3211 ad
1628 3158 1927 3229 civitatem,
1958 3160 2044 3215 di-

479 3265 704 3307 scamus
732 3250 885 3323 prius
918 3250 1047 3323 quis
1076 3249 1132 3304 in
1169 3265 1233 3305 ea
1277 3249 1476 3321 dignus
1525 3249 1621 3317 sit,
1644 3257 1703 3305 ut
1728 3250 1872 3321 apud
1917 3267 2043 3311 eum

471 3343 656 3397 cibum
681 3357 968 3398 sumamus
982 3342 1028 3378 τί
1048 3359 1063 3409 ;
1096 3349 1309 3413 quanto
1322 3342 1496 3412 magis
1510 3343 1767 3403 convenit
1790 3358 2042 3411 noscere,

472 3435 623 3505 quis,
655 3435 905 3507 qualisve
928 3435 1004 3491 sit
1032 3434 1102 3501 is,
1132 3434 1222 3489 cui
1263 3435 1692 3493 immortalitatis
1723 3436 1887 3491 verba
1932 3452 2048 3492 (ιι-θη

473 3526 650 3583 denda
687 3529 857 3591 sunt?
895 3528 1130 3584 Solliciti
1160 3528 1331 3593 enim,
1369 3536 1424 3583 et
1446 3528 1609 3584 valde
1649 3528 1874 3583 solliciti
1921 3545 2046 3587 esse

474 3620 759 3686 debemus,
820 3636 891 3678 ne
939 3621 1266 3692 margaritas
1310 3628 1530 3677 nostras
1582 3622 1864 3683 mittamus
1919 3634 2047 3679 ante

476 3728 673 3784 porcos
701 3714 772 3771 7'.
805 3712 916 3775 Sed
939 3721 994 3769 et
1029 3713 1169 3769 alias
1191 3713 1263 3767 ob
1289 3728 1510 3778 causas,
1537 3715 1669 3770 utile
1694 3724 1778 3771 est
1816 3717 1922 3773 viri
1950 3718 2049 3771 hu-

472 3805 566 3875 jus
585 3806 790 3862 habere
815 3822 905 3862 Ine
941 3806 1218 3862 notitiam.
1260 3806 1320 3863 Si
1372 3809 1520 3862 enim
1550 3809 1745 3875 sciam,
1801 3811 1933 3880 quia
1988 3810 2045 3867 in

475 3898 587 3965 his,
618 3897 686 3954 de
712 3898 916 3969 quibus
945 3914 1054 3955 non
1085 3906 1265 3968 potest
1293 3898 1535 3954 dubitari
1573 3901 1719 3977 quod
1747 3902 1886 3957 bona
1909 3901 2044 3968 sint,

478 3990 800 4048 emendatus
828 3999 913 4047 est
926 3999 981 4053 et
1005 3991 1389 4062 inculpabilis;
1414 3992 1520 4047 hoc
1532 4002 1638 4059 est,
1665 3995 1712 4050 si
1726 3995 1962 4059 sobrius,
1998 3997 2044 4052 si

477 4085 818 4150 misericors,
848 4085 895 4141 si
914 4085 1122 4155 justus,
1160 4085 1207 4140 si
1236 4084 1390 4139 mitis
1413 4096 1469 4141 et
1490 4086 1764 4143 humanus
1787 4097 1893 4155 est,
1924 4105 2047 4159 qua:

476 4179 667 4250 utique
702 4180 847 4237 bona
876 4193 1000 4237 esse
1028 4178 1215 4233 nullus
1250 4177 1515 4248 ambigit;
1545 4187 1677 4235 tunc
1698 4195 2046 4251 consequens

477 4271 769 4341 videbitur,
802 4280 861 4327 ut
884 4272 935 4326 ei
962 4270 1056 4343 qui
1092 4270 1301 4325 obtinet
1348 4272 1489 4325 bona
1532 4271 1819 4338 virtutum,
1855 4273 2043 4339 etiam,

476 4366 620 4436 quod
643 4366 799 4423 deest
830 4364 957 4420 ﬁdei
984 4371 1041 4421 et
1069 4364 1336 4429 scientiae,
1370 4363 1718 4431 conferatur;
1742 4375 1798 4419 et
1828 4366 1883 4419 in
1929 4366 2047 4436 qui-

476 4458 580 4514 bus
604 4458 867 4513 maculari
901 4457 1120 4513 videtur
1148 4458 1270 4528 ejus
1295 4458 1427 4523 vita,
1460 4472 1580 4529 quae
1607 4464 1694 4512 est
1722 4458 1777 4512 in
1814 4457 2045 4528 reliquis

477 4550 801 4621 probabilis,
844 4551 1186 4606 emendetur.
1230 4548 1290 4605 Si
1327 4565 1459 4606 vero
1500 4550 1558 4605 in
1588 4549 1676 4610 bis
1714 4566 1835 4620 quae
1864 4551 2045 4622 palam

476 4654 607 4700 sunt
638 4644 877 4714 peccatis
906 4643 1186 4703 involutus
1236 4651 1520 4713 permanet
1565 4644 1905 4714 inquinatus,
1935 4659 2045 4699 non

475 4752 565 4792 me
591 4744 807 4806 oportet
829 4734 1036 4806 aliquid
1074 4735 1143 4795 de
1175 4736 1564 4792 secretioribus
1605 4744 1661 4793 et
1685 4736 1915 4792 remotis
1961 4737 2047 4793 di-

473 4829 616 4883 vina:
643 4827 888 4882 scientiae
908 4826 1181 4897 proloqui,
1208 4826 1303 4882 sed
1320 4828 1494 4898 magis
1514 4827 1806 4899 protestari
1836 4835 1893 4883 et
1913 4841 2046 4881 con-

474 4922 665 4977 venire
714 4936 861 4986 eum,
901 4926 963 4975 ut
993 4935 1222 4991 peccare
1267 4919 1502 4987 desinat,
1545 4927 1602 4975 et
1639 4928 1795 4975 actus
1844 4934 1976 4975 suos
2010 4935 2045 4984 a

473 5014 627 5070 vitiis
655 5012 927 5069 emendet.
950 5012 1107 5079 Quod
1134 5011 1180 5067 si
1212 5011 1505 5083 ingesserit
1527 5027 1609 5077 se,
1632 5018 1687 5066 et
1713 5026 2046 5082 provocave-

478 5108 552 5160 rit
585 5120 684 5160 nos
720 5106 923 5172 dicere,
978 5119 1099 5176 quae
1134 5118 1283 5168 eum,
1326 5102 1515 5157 minus
1561 5111 1713 5158 recte
1765 5110 2040 5173 agentem,

477 5214 587 5252 non
639 5205 890 5268 oporteat
950 5197 1177 5264 audire;
1228 5192 1525 5267 prudenter
1585 5210 1710 5249 eum
1782 5194 2049 5251 debemus

478 5290 697 5346 eludere
718 5290 765 5323 ⁷³
799 5309 812 5344 :
842 5305 969 5345 nam
1012 5289 1152 5345 nihil
1180 5287 1407 5349 omnino
1437 5285 1791 5358 respondere,
1828 5286 2046 5353 audito.-

535 5505 595 5582 δ’,
630 5507 695 5582 σιξ
729 5507 846 5565 hoc.
899 5580 918 5582 _
959 5511 1020 5582 °_"_
1050 5509 1320 5582 Recognit.
1365 5527 1423 5582 ιι.

467 5643 740 5717 ligentium
809 5643 1387 5719 repositum—nostrum.
1411 5650 1745 5706 Hanbumus.

468 5713 509 5777 1.,
542 5732 615 5777 v1.
647 5733 698 5773 c.
728 5666 813 5773 ἄ.
890 5721 932 5751 ⁸¹
964 5720 1153 5777 Matth.
1185 5739 1283 5777 xu.
1316 5722 1423 5777 42;
1457 5721 1593 5777 Luc.
1624 5738 1687 5777 ιι.
1708 5722 1743 5777 2

493 5754 509 5779 ._
542 5732 615 5781 νι.
647 5733 698 5773 C.
728 5732 815 5779 10.

1212 5512 1320 5585 mit.
1365 5527 1423 5589 ιι.
1538 5508 1590 5589 ⁸ξ
1620 5507 1812 5589 Matth.
1851 5528 1907 5576 x,
1945 5510 2042 5575 li;
2080 5507 2212 5589 Duc.
2262 5523 2316 5589 χ,
2511 5506 2563 5589 Δ⁶⁹
2604 5520 2823 5589 praete;

463 5571 509 5606 "
549 5575 738 5632 Matth.
773 5596 825 5633 χ.
898 5580 945 5614 ⁷³
971 5579 1161 5645 Matth.
1187 5571 1288 5636 vn.
1365 5581 1412 5613 ⁷³
1440 5581 1670 5635 erudire.
1746 5583 1792 5613 ⁷⁵
1819 5571 2037 5636 εαιίδιλνδ.⁷

467 5643 740 5718 “gentium
771 5652 1100 5718 Propositum
1128 5662 1387 5707 nostrum.
1411 5650 1745 5706 Hanbumus.
1843 5654 1885 5683 ⁷⁷
1914 5656 2061 5718 Ιίιιεος

2164 5594 2267 5631 non
2293 5575 2558 5630 intellecta
2581 5571 2881 5646 diligentia.
2957 5578 3004 5609 ⁷⁵
3030 5578 3089 5629 In

2145 5659 2182 5699 t.
2216 5662 2290 5718 vi,
2320 5663 2370 5700 c.
2408 5647 2494 5700 15.
2529 5716 2557 5718 R
2591 5646 2637 5679 ⁷⁸
2666 5647 2814 5716 quia.
2905 5648 2951 5686 "-’
2975 5660 3088 5714 pne

890 5721 932 5751 ⁸¹
964 5720 1153 5777 Matth.
1185 5739 1283 5782 xu.
1316 5722 1423 5784 42;
1457 5721 1593 5777 Luc.
1624 5738 1687 5787 ιι,
1708 5722 1798 5777 24.
1875 5724 1919 5755 δ’
1947 5716 2105 5785 Ibid},
2133 5718 2194 5772 4i
2219 5734 2234 5786 ;
2263 5716 2389 5778 Jou.
2416 5733 2498 5788 tu,
2526 5716 2582 5772 5.

2136 3154 2344 3226 judicio
2390 3172 2510 3211 cum
2553 3159 2888 3229 generatione
2930 3158 3052 3224 hac,
3094 3168 3143 3213 et
3186 3159 3550 3215 condemnabit
3578 3176 3718 3226 eam,

2144 3250 2269 3320 quia
2295 3250 2433 3304 venit
2456 3267 2489 3304 a
2511 3249 2706 3321 ﬁnibus
2734 3259 2887 3306 terrae
2914 3252 3102 3307 audire
3125 3254 3438 3321 sapientiam
3471 3252 3720 3309 Salomo—

2146 3341 2228 3394 nis
2255 3356 2273 3394 :
2295 3350 2345 3396 et
2367 3359 2481 3397 ecce
2502 3343 2783 3413 plusquam
2807 3342 3059 3399 Salomon
3084 3345 3188 3411 hic,
3211 3356 3259 3401 et
3283 3363 3384 3400 non
3407 3345 3629 3403 audiunt
3645 3349 3716 3411 ”.

2145 3434 2229 3494 Ad
2255 3450 2350 3491 eos
2382 3450 2531 3503 vero,
2564 3436 2659 3506 qui
2691 3436 2759 3491 de
2781 3438 2943 3493 malis
2986 3439 3205 3494 actibus
3228 3454 3417 3510 gerere
3451 3440 3722 3496 detrecta-

2146 3526 2279 3580 bant
2299 3528 2701 3597 pmnitentiam,
2730 3530 2804 3582 ita
2835 3530 2949 3585 ait:
2990 3530 3105 3586 Viri
3134 3530 3386 3588 Ninivita:
3411 3543 3623 3603 surgent
3661 3535 3719 3591 in

2132 3618 2342 3688 judicio
2368 3636 2486 3675 eum
2506 3621 2840 3691 generatione
2883 3621 3004 3687 hac,
3033 3633 3084 3677 et
3109 3623 3531 3679 condemnabunt
3577 3643 3717 3693 eam,

2145 3712 2271 3777 quia
2289 3712 2647 3779 paenitentiam
2684 3723 2899 3783 egerunt
2942 3715 2998 3769 in
3036 3716 3416 3784 prwdicatione
3452 3716 3628 3786 Jonw,
3668 3731 3717 3774 et

2146 3820 2260 3859 ecce
2286 3804 2405 3873 plus
2431 3822 2590 3875 quam
2619 3804 2789 3861 Jonas
2810 3805 2893 3861 hic
2920 3806 2988 3864 ⁸³.
3017 3806 3232 3865 Videtis
3258 3824 3412 3880 ergo,
3440 3811 3717 3881 quomodo

2147 3911 2267 3961 eos,
2300 3896 2395 3967 qui
2434 3897 2832 3958 erudiebantur
2860 3914 2928 3956 ex
2972 3899 3110 3971 lege,
3142 3902 3393 3957 adductis
3426 3902 3492 3957 ad
3533 3918 3717 3957 exem-

2148 3988 2296 4057 plum
2342 3989 2453 4049 illis
2492 3989 2584 4060 qui
2626 4006 2693 4045 ex
2736 3991 2927 4061 gentili
2972 3992 3281 4063 ignorantia
3319 3994 3629 4059 veniebant,
3662 4002 3718 4051 et

2148 4080 2448 4137 ostendens
2477 4098 2573 4139 eos
2598 4098 2701 4138 nec
2728 4084 2965 4155 aequales
2995 4085 3102 4141 illis
3138 4102 3262 4141 esse
3296 4088 3391 4159 qui
3428 4087 3483 4142 in
3528 4103 3715 4144 errore

2147 4173 2311 4243 positi
2357 4173 2704 4242 videbantur,
2743 4192 2809 4231 ex
2865 4178 2985 4249 ipsa
3047 4186 3257 4233 tantum
3306 4181 3716 4251 comparatione

2147 4267 2497 4323 condemnat.
2533 4267 2612 4325 Ex
2641 4271 2842 4340 quibus
2875 4272 3134 4326 omnibus
3162 4287 3363 4337 sermo,
3398 4290 3558 4344 quem
3588 4290 3718 4344 pro-

2149 4360 2451 4429 posuimus,
2467 4362 2821 4431 approbatur,
2841 4371 2900 4416 ut
2925 4365 3272 4430 castimonia,
3304 4381 3425 4436 quae
3449 4366 3717 4437 aliquate-

2074 4428 2121 4485 D
2148 4428 2255 4508 nus
2280 4452 2444 4511 etiam
2472 4428 2660 4510 abhis
2690 4455 2746 4509 in
2790 4470 2981 4511 errore
3013 4464 3143 4512 sunt
3167 4428 3338 4528 positi
3370 4428 3714 4527 custoditur;

2148 4546 2322 4601 multo
2352 4547 2506 4621 prius
2537 4555 2593 4606 et
2639 4548 2924 4618 attentius,
2955 4557 3010 4605 et
3039 4566 3135 4620 per
3164 4551 3410 4622 singulas
3436 4567 3707 4623 quasque,

2145 4639 2289 4699 sicut
2317 4654 2483 4710 supra
2521 4640 2885 4705 ostendimus,
2935 4643 3145 4711 species
3169 4659 3198 4697 a
3225 4645 3407 4711 nobis,
3450 4648 3544 4717 qui
3574 4646 3717 4702 veri-

2146 4740 2314 4786 tatem
2361 4731 2665 4803 sequimur,
2708 4738 2993 4802 teneatur;
3035 4750 3099 4789 eo
3149 4737 3343 4807 magis,
3384 4740 3530 4808 quod
3571 4741 3715 4809 apud

2146 4839 2249 4882 nos
2272 4824 2635 4881 observantia:
2662 4825 2782 4895 ejus
2815 4828 3033 4895 praemia
3063 4835 3267 4887 acterna
3323 4840 3456 4886 sum
3512 4832 3711 4902 posita.

2149 4914 2326 4971 Aliter
2352 4917 2498 4972 enim
2529 4932 2691 4972 nemo
2725 4917 2909 4977 salvus
2940 4934 3065 4975 esse
3095 4921 3319 4994 poterit,
3346 4921 3453 4979 nisi
3488 4924 3575 4980 his
3616 4925 3719 4987 ob:

2151 5010 2556 5070 servationibus
2576 5026 2679 5080 pro
2700 5012 2909 5068 viribus
2931 5028 3150 5083 operam
3179 5014 3411 5073 dederit.
3455 5016 3597 5073 Deus
3619 5034 3716 5075 vos

2152 5102 2209 5157 in
2252 5119 2353 5159 sua
2407 5104 2707 5169 voluntate,
2764 5121 3212 5177 unumquemque
3266 5108 3322 5162 in
3374 5125 3477 5164 suo
3523 5112 3715 5167 ordine

2151 5210 2367 5265 semper
2386 5196 2680 5265 custodiat,
2723 5196 2944 5265 fratres,
2982 5200 3085 5259 sibi
3106 5200 3322 5278 placere
3355 5201 3413 5257 in
3461 5205 3714 5261 omnibus

2151 5288 2433 5354 concedat.
2464 5288 2658 5350 Amen.

2517 5506 2563 5540 “
2615 5520 2819 5575 urgere.
2929 5506 2979 5540 "
3010 5504 3283 5575 Recognit.
3321 5520 3382 5573 ιι,
3425 5521 3475 5561 c.
3519 5505 3554 5560 5
3580 5506 3711 5575 eti

3118 5563 3425 5646 Recognit'q'
3446 5592 3549 5629 non
3576 5572 3727 5627 intel-

3385 5648 3433 5685 ⁸⁰η
3459 5646 3729 5718 Recognit.

2591 5646 2637 5679 ⁷⁸
2666 5647 2814 5716 quia.
2905 5648 2951 5686 ἰ’
2975 5647 3296 5714 prwcellere.
