  <div class='ocr_page' id='page_1' title='image "/cluster/home/n/w/nwhite01/storage/ocr_20150623/1/mdp.39015014764065/262.png"; bbox 0 0 4064 6256; ppageno 0'>
   <div class='ocr_carea' id='block_1_1' title="bbox 1519 289 2401 351">
    <p class='ocr_par' dir='ltr' id='par_1_1' title="bbox 1519 289 2401 351">
     <span class='ocr_line' id='line_1_1' title="bbox 1519 289 2401 351; baseline 0.008 -8"><span class='ocrx_word' id='word_1_1' title='bbox 1519 289 1885 347; x_wconf 66' lang='grc' dir='ltr'><strong>ΕΡΙΞΤΟΙΑΕ</strong></span> <span class='ocrx_word' id='word_1_2' title='bbox 1924 290 2401 351; x_wconf 78' lang='lat' dir='ltr'><strong>DECRETALES.</strong></span> 
     </span>
    </p>
   </div>
   <div class='ocr_carea' id='block_1_2' title="bbox 533 441 3514 476">
    <p class='ocr_par' dir='ltr' id='par_1_2' title="bbox 533 441 3514 476">
     <span class='ocr_line' id='line_1_2' title="bbox 533 441 3514 476; baseline 0.006 -19"><span class='ocrx_word' id='word_1_3' title='bbox 533 441 3514 476; x_wconf 65' lang='lat'><strong>—-——-—~————————__________________________</strong></span> 
     </span>
    </p>
   </div>
   <div class='ocr_carea' id='block_1_3' title="bbox 3486 300 3593 357">
    <p class='ocr_par' dir='ltr' id='par_1_3' title="bbox 3486 300 3593 357">
     <span class='ocr_line' id='line_1_3' title="bbox 3486 300 3593 357; baseline 0.037 -4"><span class='ocrx_word' id='word_1_4' title='bbox 3486 300 3593 357; x_wconf 60' lang='grc' dir='ltr'><strong>[οε</strong></span> 
     </span>
    </p>
   </div>
   <div class='ocr_carea' id='block_1_4' title="bbox 1552 566 2393 664">
    <p class='ocr_par' dir='ltr' id='par_1_4' title="bbox 1552 566 2393 664">
     <span class='ocr_line' id='line_1_4' title="bbox 1552 566 2393 664; baseline 0.004 -10"><span class='ocrx_word' id='word_1_5' title='bbox 1552 566 2147 661; x_wconf 81' lang='lat' dir='ltr'><strong>EPISTOLA</strong></span> <span class='ocrx_word' id='word_1_6' title='bbox 2228 573 2393 664; x_wconf 87' lang='lat' dir='ltr'><strong>IV.</strong></span> 
     </span>
    </p>
   </div>
   <div class='ocr_carea' id='block_1_5' title="bbox 421 749 3529 834">
    <p class='ocr_par' dir='ltr' id='par_1_5' title="bbox 421 749 3529 834">
     <span class='ocr_line' id='line_1_5' title="bbox 421 749 3529 834; baseline 0.007 -29"><span class='ocrx_word' id='word_1_7' title='bbox 421 749 631 819; x_wconf 78' lang='lat' dir='ltr'><strong>Scripta</strong></span> <span class='ocrx_word' id='word_1_8' title='bbox 660 750 931 822; x_wconf 75' lang='lat' dir='ltr'><strong>discipulis</strong></span> <span class='ocrx_word' id='word_1_9' title='bbox 956 754 1077 834; x_wconf 56' lang='lat' dir='ltr'><strong>suis</strong></span> <span class='ocrx_word' id='word_1_10' title='bbox 1097 754 1247 809; x_wconf 81' lang='lat' dir='ltr'><strong>Julia</strong></span> <span class='ocrx_word' id='word_1_11' title='bbox 1269 764 1319 809; x_wconf 85' lang='lat' dir='ltr'><strong>et</strong></span> <span class='ocrx_word' id='word_1_12' title='bbox 1346 753 1587 834; x_wconf 60' lang='grc' dir='ltr'><strong>ζαιὶᾳῃο,</strong></span> <span class='ocrx_word' id='word_1_13' title='bbox 1612 758 1701 828; x_wconf 88' lang='lat' dir='ltr'><strong>qui</strong></span> <span class='ocrx_word' id='word_1_14' title='bbox 1725 760 1990 834; x_wconf 66' lang='lat' dir='ltr'><strong>malarum</strong></span> <span class='ocrx_word' id='word_1_15' title='bbox 2024 758 2775 834; x_wconf 68' lang='lat' dir='ltr'><strong>hominum&#39;persuasionibur</strong></span> <span class='ocrx_word' id='word_1_16' title='bbox 2810 764 3143 834; x_wconf 71' lang='lat' dir='ltr'><strong>aliquatenus</strong></span> <span class='ocrx_word' id='word_1_17' title='bbox 3188 785 3221 821; x_wconf 89' lang='lat' dir='ltr'><strong><em>a</em></strong></span> <span class='ocrx_word' id='word_1_18' title='bbox 3268 778 3410 823; x_wconf 83' lang='lat' dir='ltr'><strong>recta</strong></span> <span class='ocrx_word' id='word_1_19' title='bbox 3437 769 3529 828; x_wconf 73' lang='lat' dir='ltr'><strong>uia</strong></span> 
     </span>
    </p>
   </div>
   <div class='ocr_carea' id='block_1_6' title="bbox 942 823 3004 901">
    <p class='ocr_par' dir='ltr' id='par_1_6' title="bbox 942 823 3004 901">
     <span class='ocr_line' id='line_1_6' title="bbox 942 823 3004 901; baseline 0.008 -25"><span class='ocrx_word' id='word_1_20' title='bbox 942 823 1542 901; x_wconf 73' lang='lat' dir='ltr'><strong>declinaverant,{ethis</strong></span> <span class='ocrx_word' id='word_1_21' title='bbox 1578 823 1755 900; x_wconf 77' lang='lat' dir='ltr'><strong>atque]</strong></span> <span class='ocrx_word' id='word_1_22' title='bbox 1778 830 2041 901; x_wconf 80' lang='lat' dir='ltr'><strong>gentibus,</strong></span> <span class='ocrx_word' id='word_1_23' title='bbox 2070 831 2203 884; x_wconf 85' lang='lat' dir='ltr'><strong>inter</strong></span> <span class='ocrx_word' id='word_1_24' title='bbox 2243 823 2375 901; x_wconf 74' lang='lat' dir='ltr'><strong>quas</strong></span> <span class='ocrx_word' id='word_1_25' title='bbox 2416 832 2750 899; x_wconf 76' lang='lat' dir='ltr'><strong>habitabant,</strong></span> <span class='ocrx_word' id='word_1_26' title='bbox 2780 823 3004 893; x_wconf 65' lang='lat' dir='ltr'><strong>directa,</strong></span> 
     </span>
    </p>
   </div>
   <div class='ocr_carea' id='block_1_7' title="bbox 416 1054 3594 1138">
    <p class='ocr_par' dir='ltr' id='par_1_7' title="bbox 416 1054 3594 1138">
     <span class='ocr_line' id='line_1_7' title="bbox 416 1054 3594 1138; baseline 0.004 -29"><span class='ocrx_word' id='word_1_27' title='bbox 416 1055 670 1110; x_wconf 72' lang='lat' dir='ltr'><strong>Ctenens</strong></span> <span class='ocrx_word' id='word_1_28' title='bbox 699 1054 958 1111; x_wconf 82' lang='lat' dir='ltr'><strong>Romana</strong></span> <span class='ocrx_word' id='word_1_29' title='bbox 1015 1056 1166 1112; x_wconf 84' lang='lat' dir='ltr'><strong>urbis</strong></span> <span class='ocrx_word' id='word_1_30' title='bbox 1210 1055 1522 1127; x_wconf 88' lang='lat' dir='ltr'><strong>episcopus,</strong></span> <span class='ocrx_word' id='word_1_31' title='bbox 1566 1058 1913 1115; x_wconf 77' lang='lat' dir='ltr'><strong>cliarissimis</strong></span> <span class='ocrx_word' id='word_1_32' title='bbox 1942 1065 1990 1123; x_wconf 74' lang='grc' dir='ltr'>Α</span> <span class='ocrx_word' id='word_1_33' title='bbox 2017 1054 2365 1120; x_wconf 83' lang='lat' dir='ltr'><strong>abstraxerit,</strong></span> <span class='ocrx_word' id='word_1_34' title='bbox 2400 1062 2454 1110; x_wconf 92' lang='lat' dir='ltr'><strong>et</strong></span> <span class='ocrx_word' id='word_1_35' title='bbox 2482 1054 2538 1110; x_wconf 92' lang='lat' dir='ltr'><strong>in</strong></span> <span class='ocrx_word' id='word_1_36' title='bbox 2584 1072 2705 1128; x_wconf 83' lang='lat' dir='ltr'><strong>qua</strong></span> <span class='ocrx_word' id='word_1_37' title='bbox 2742 1060 3097 1130; x_wconf 81' lang='lat' dir='ltr'><strong>pracipitarit</strong></span> <span class='ocrx_word' id='word_1_38' title='bbox 3124 1064 3286 1130; x_wconf 87' lang='lat' dir='ltr'><strong>mala,</strong></span> <span class='ocrx_word' id='word_1_39' title='bbox 3328 1074 3401 1131; x_wconf 92' lang='lat' dir='ltr'><strong>et,</strong></span> <span class='ocrx_word' id='word_1_40' title='bbox 3448 1068 3594 1138; x_wconf 90' lang='lat' dir='ltr'><strong>quod</strong></span> 
     </span>
    </p>
   </div>
   <div class='ocr_carea' id='block_1_8' title="bbox 349 1147 1913 1221">
    <p class='ocr_par' dir='ltr' id='par_1_8' title="bbox 349 1147 1913 1221">
     <span class='ocr_line' id='line_1_8' title="bbox 349 1147 1913 1221; baseline 0.004 -17"><span class='ocrx_word' id='word_1_41' title='bbox 349 1148 610 1205; x_wconf 75' lang='lat' dir='ltr'><strong>fratribus</strong></span> <span class='ocrx_word' id='word_1_42' title='bbox 634 1147 791 1204; x_wconf 81' lang='lat' dir='ltr'><strong>Juuo</strong></span> <span class='ocrx_word' id='word_1_43' title='bbox 822 1158 875 1204; x_wconf 90' lang='lat' dir='ltr'><strong>et</strong></span> <span class='ocrx_word' id='word_1_44' title='bbox 902 1148 1150 1215; x_wconf 66' lang='lat' dir='ltr'><strong>Juuano,</strong></span> <span class='ocrx_word' id='word_1_45' title='bbox 1181 1164 1245 1205; x_wconf 91' lang='lat' dir='ltr'><strong>ac</strong></span> <span class='ocrx_word' id='word_1_46' title='bbox 1270 1150 1495 1221; x_wconf 85' lang='lat' dir='ltr'><strong>reliquis</strong></span> <span class='ocrx_word' id='word_1_47' title='bbox 1525 1152 1913 1211; x_wconf 88' lang='lat' dir='ltr'><strong>consodalibus</strong></span> 
     </span>
    </p>
   </div>
   <div class='ocr_carea' id='block_1_9' title="bbox 347 1244 1606 1315">
    <p class='ocr_par' dir='ltr' id='par_1_9' title="bbox 347 1244 1606 1315">
     <span class='ocr_line' id='line_1_9' title="bbox 347 1244 1606 1315; baseline 0.001 -16"><span class='ocrx_word' id='word_1_48' title='bbox 347 1244 577 1311; x_wconf 90' lang='lat' dir='ltr'><strong>nostris,</strong></span> <span class='ocrx_word' id='word_1_49' title='bbox 612 1244 976 1315; x_wconf 77' lang='lat' dir='ltr'><strong>gentibusque</strong></span> <span class='ocrx_word' id='word_1_50' title='bbox 1006 1259 1128 1315; x_wconf 85' lang='lat' dir='ltr'><strong>qua</strong></span> <span class='ocrx_word' id='word_1_51' title='bbox 1155 1244 1299 1299; x_wconf 89' lang='lat' dir='ltr'><strong>circa</strong></span> <span class='ocrx_word' id='word_1_52' title='bbox 1335 1260 1430 1300; x_wconf 93' lang='lat' dir='ltr'><strong>vos</strong></span> <span class='ocrx_word' id='word_1_53' title='bbox 1458 1253 1606 1300; x_wconf 90' lang='lat' dir='ltr'><strong>sunt.</strong></span> 
     </span>
    </p>
   </div>
   <div class='ocr_carea' id='block_1_10' title="bbox 414 1334 1911 1408">
    <p class='ocr_par' dir='ltr' id='par_1_10' title="bbox 414 1334 1911 1408">
     <span class='ocr_line' id='line_1_10' title="bbox 414 1334 1911 1408; baseline 0.002 -16"><span class='ocrx_word' id='word_1_54' title='bbox 414 1336 642 1406; x_wconf 89' lang='lat' dir='ltr'><strong>Oportet</strong></span> <span class='ocrx_word' id='word_1_55' title='bbox 670 1334 891 1400; x_wconf 77' lang='lat' dir='ltr'><strong>fratres,</strong></span> <span class='ocrx_word' id='word_1_56' title='bbox 925 1350 1116 1391; x_wconf 89' lang='lat' dir='ltr'><strong>omnes</strong></span> <span class='ocrx_word' id='word_1_57' title='bbox 1139 1336 1416 1401; x_wconf 87' lang='lat' dir='ltr'><strong>doctores,</strong></span> <span class='ocrx_word' id='word_1_58' title='bbox 1442 1340 1531 1408; x_wconf 88' lang='lat' dir='ltr'><strong>qui</strong></span> <span class='ocrx_word' id='word_1_59' title='bbox 1564 1338 1633 1392; x_wconf 92' lang='lat' dir='ltr'><strong>ad</strong></span> <span class='ocrx_word' id='word_1_60' title='bbox 1680 1339 1911 1395; x_wconf 77' lang='lat' dir='ltr'><strong>salutem</strong></span> 
     </span>
    </p>
   </div>
   <div class='ocr_carea' id='block_1_11' title="bbox 348 1428 1910 1495">
    <p class='ocr_par' dir='ltr' id='par_1_11' title="bbox 348 1428 1910 1495">
     <span class='ocr_line' id='line_1_11' title="bbox 348 1428 1910 1495; baseline 0.004 -12"><span class='ocrx_word' id='word_1_61' title='bbox 348 1431 655 1484; x_wconf 84' lang='lat' dir='ltr'><strong>animarum</strong></span> <span class='ocrx_word' id='word_1_62' title='bbox 683 1428 919 1483; x_wconf 87' lang='lat' dir='ltr'><strong>instituti</strong></span> <span class='ocrx_word' id='word_1_63' title='bbox 963 1436 1113 1495; x_wconf 89' lang='lat' dir='ltr'><strong>sunt,</strong></span> <span class='ocrx_word' id='word_1_64' title='bbox 1158 1437 1212 1484; x_wconf 91' lang='lat' dir='ltr'><strong>et</strong></span> <span class='ocrx_word' id='word_1_65' title='bbox 1262 1430 1327 1484; x_wconf 89' lang='lat' dir='ltr'><strong>ad</strong></span> <span class='ocrx_word' id='word_1_66' title='bbox 1355 1431 1649 1487; x_wconf 90' lang='lat' dir='ltr'><strong>lucrandas</strong></span> <span class='ocrx_word' id='word_1_67' title='bbox 1697 1434 1910 1491; x_wconf 89' lang='lat' dir='ltr'><strong>animas</strong></span> 
     </span>
    </p>
   </div>
   <div class='ocr_carea' id='block_1_12' title="bbox 345 1523 1912 1594">
    <p class='ocr_par' dir='ltr' id='par_1_12' title="bbox 345 1523 1912 1594">
     <span class='ocr_line' id='line_1_12' title="bbox 345 1523 1912 1594; baseline 0.003 -17"><span class='ocrx_word' id='word_1_68' title='bbox 345 1525 585 1593; x_wconf 81' lang='lat' dir='ltr'><strong>episcopi</strong></span> <span class='ocrx_word' id='word_1_69' title='bbox 616 1531 745 1580; x_wconf 91' lang='lat' dir='ltr'><strong>sunt</strong></span> <span class='ocrx_word' id='word_1_70' title='bbox 774 1523 1103 1588; x_wconf 91' lang='lat' dir='ltr'><strong>consecrati,</strong></span> <span class='ocrx_word' id='word_1_71' title='bbox 1130 1538 1228 1594; x_wconf 89' lang='lat' dir='ltr'><strong>pro</strong></span> <span class='ocrx_word' id='word_1_72' title='bbox 1244 1523 1458 1579; x_wconf 90' lang='lat' dir='ltr'><strong>cunctis</strong></span> <span class='ocrx_word' id='word_1_73' title='bbox 1485 1524 1912 1583; x_wconf 86' lang='lat' dir='ltr'><strong>sollicitudinem</strong></span> 
     </span>
    </p>
   </div>
   <div class='ocr_carea' id='block_1_13' title="bbox 346 1616 1912 1688">
    <p class='ocr_par' dir='ltr' id='par_1_13' title="bbox 346 1616 1912 1688">
     <span class='ocr_line' id='line_1_13' title="bbox 346 1616 1912 1688; baseline 0.001 -18"><span class='ocrx_word' id='word_1_74' title='bbox 346 1632 553 1685; x_wconf 88' lang='lat' dir='ltr'><strong>gerere,</strong></span> <span class='ocrx_word' id='word_1_75' title='bbox 593 1624 648 1669; x_wconf 91' lang='lat' dir='ltr'><strong>et</strong></span> <span class='ocrx_word' id='word_1_76' title='bbox 673 1626 918 1671; x_wconf 80' lang='lat' dir='ltr'><strong>errantes</strong></span> <span class='ocrx_word' id='word_1_77' title='bbox 948 1616 1012 1670; x_wconf 90' lang='lat' dir='ltr'><strong>ad</strong></span> <span class='ocrx_word' id='word_1_78' title='bbox 1048 1617 1189 1670; x_wconf 89' lang='lat' dir='ltr'><strong>viam</strong></span> <span class='ocrx_word' id='word_1_79' title='bbox 1234 1616 1480 1671; x_wconf 79' lang='lat' dir='ltr'><strong>veritatis</strong></span> <span class='ocrx_word' id='word_1_80' title='bbox 1507 1623 1561 1672; x_wconf 91' lang='lat' dir='ltr'><strong>et</strong></span> <span class='ocrx_word' id='word_1_81' title='bbox 1584 1616 1651 1670; x_wconf 88' lang='lat' dir='ltr'><strong>ad</strong></span> <span class='ocrx_word' id='word_1_82' title='bbox 1694 1626 1912 1688; x_wconf 86' lang='lat' dir='ltr'><strong>portum</strong></span> 
     </span>
    </p>
   </div>
   <div class='ocr_carea' id='block_1_14' title="bbox 344 1706 1911 1782">
    <p class='ocr_par' dir='ltr' id='par_1_14' title="bbox 344 1706 1911 1782">
     <span class='ocr_line' id='line_1_14' title="bbox 344 1706 1911 1782; baseline 0.004 -19"><span class='ocrx_word' id='word_1_83' title='bbox 344 1708 535 1763; x_wconf 79' lang='lat' dir='ltr'><strong>salutis</strong></span> <span class='ocrx_word' id='word_1_84' title='bbox 565 1707 845 1763; x_wconf 88' lang='lat' dir='ltr'><strong>reducere.</strong></span> <span class='ocrx_word' id='word_1_85' title='bbox 881 1706 946 1762; x_wconf 89' lang='lat' dir='ltr'><strong>Et</strong></span> <span class='ocrx_word' id='word_1_86' title='bbox 978 1708 1103 1763; x_wconf 92' lang='lat' dir='ltr'><strong>licet</strong></span> <span class='ocrx_word' id='word_1_87' title='bbox 1128 1717 1348 1780; x_wconf 77' lang='lat' dir='ltr'><strong>propter</strong></span> <span class='ocrx_word' id='word_1_88' title='bbox 1378 1721 1587 1781; x_wconf 88' lang='lat' dir='ltr'><strong>gentes,</strong></span> <span class='ocrx_word' id='word_1_89' title='bbox 1620 1728 1741 1782; x_wconf 83' lang='lat' dir='ltr'><strong>qua</strong></span> <span class='ocrx_word' id='word_1_90' title='bbox 1763 1714 1911 1770; x_wconf 91' lang='lat' dir='ltr'><strong>circa</strong></span> 
     </span>
    </p>
   </div>
   <div class='ocr_carea' id='block_1_15' title="bbox 344 1799 1909 1876">
    <p class='ocr_par' dir='ltr' id='par_1_15' title="bbox 344 1799 1909 1876">
     <span class='ocr_line' id='line_1_15' title="bbox 344 1799 1909 1876; baseline 0.004 -22"><span class='ocrx_word' id='word_1_91' title='bbox 344 1817 439 1856; x_wconf 82' lang='lat' dir='ltr'><strong>vos</strong></span> <span class='ocrx_word' id='word_1_92' title='bbox 458 1809 612 1865; x_wconf 90' lang='lat' dir='ltr'><strong>sunt,</strong></span> <span class='ocrx_word' id='word_1_93' title='bbox 640 1800 694 1854; x_wconf 92' lang='lat' dir='ltr'><strong>in</strong></span> <span class='ocrx_word' id='word_1_94' title='bbox 726 1799 943 1855; x_wconf 87' lang='lat' dir='ltr'><strong>modico</strong></span> <span class='ocrx_word' id='word_1_95' title='bbox 972 1816 1072 1855; x_wconf 93' lang='lat' dir='ltr'><strong>vos</strong></span> <span class='ocrx_word' id='word_1_96' title='bbox 1093 1817 1312 1858; x_wconf 89' lang='lat' dir='ltr'><strong>errasse</strong></span> <span class='ocrx_word' id='word_1_97' title='bbox 1344 1804 1638 1876; x_wconf 78' lang='lat' dir='ltr'><strong>contigerit</strong></span> <span class='ocrx_word' id='word_1_98' title='bbox 1664 1824 1677 1873; x_wconf 89' lang='lat'><strong>;</strong></span> <span class='ocrx_word' id='word_1_99' title='bbox 1712 1806 1909 1861; x_wconf 88' lang='lat' dir='ltr'><strong>melius</strong></span> 
     </span>
    </p>
   </div>
   <div class='ocr_carea' id='block_1_16' title="bbox 342 1891 1908 1967">
    <p class='ocr_par' dir='ltr' id='par_1_16' title="bbox 342 1891 1908 1967">
     <span class='ocr_line' id='line_1_16' title="bbox 342 1891 1908 1967; baseline 0.005 -20"><span class='ocrx_word' id='word_1_100' title='bbox 342 1900 425 1948; x_wconf 84' lang='lat' dir='ltr'><strong>est</strong></span> <span class='ocrx_word' id='word_1_101' title='bbox 464 1902 641 1947; x_wconf 86' lang='lat' dir='ltr'><strong>tamen</strong></span> <span class='ocrx_word' id='word_1_102' title='bbox 678 1892 862 1947; x_wconf 89' lang='lat' dir='ltr'><strong>redire</strong></span> <span class='ocrx_word' id='word_1_103' title='bbox 903 1891 972 1947; x_wconf 88' lang='lat' dir='ltr'><strong>ad</strong></span> <span class='ocrx_word' id='word_1_104' title='bbox 1000 1893 1251 1949; x_wconf 86' lang='lat' dir='ltr'><strong>veritatis</strong></span> <span class='ocrx_word' id='word_1_105' title='bbox 1294 1894 1460 1961; x_wconf 89' lang='lat' dir='ltr'><strong>viam,</strong></span> <span class='ocrx_word' id='word_1_106' title='bbox 1494 1912 1657 1967; x_wconf 88' lang='lat' dir='ltr'><strong>quam</strong></span> <span class='ocrx_word' id='word_1_107' title='bbox 1703 1899 1908 1956; x_wconf 89' lang='lat' dir='ltr'><strong>diutius</strong></span> 
     </span>
    </p>
   </div>
   <div class='ocr_carea' id='block_1_17' title="bbox 342 1984 1909 2059">
    <p class='ocr_par' dir='ltr' id='par_1_17' title="bbox 342 1984 1909 2059">
     <span class='ocr_line' id='line_1_17' title="bbox 342 1984 1909 2059; baseline 0.006 -20"><span class='ocrx_word' id='word_1_108' title='bbox 342 1985 395 2039; x_wconf 91' lang='lat' dir='ltr'><strong>in</strong></span> <span class='ocrx_word' id='word_1_109' title='bbox 421 1984 541 2053; x_wconf 90' lang='lat' dir='ltr'><strong>ipso</strong></span> <span class='ocrx_word' id='word_1_110' title='bbox 571 2000 758 2040; x_wconf 90' lang='lat' dir='ltr'><strong>errore</strong></span> <span class='ocrx_word' id='word_1_111' title='bbox 780 1999 1133 2055; x_wconf 88' lang='lat' dir='ltr'><strong>perseverare</strong></span> <span class='ocrx_word' id='word_1_112' title='bbox 1150 1986 1218 2041; x_wconf 79' lang='grc'><strong>⁸³.</strong></span> <span class='ocrx_word' id='word_1_113' title='bbox 1244 1985 1615 2059; x_wconf 85' lang='lat' dir='ltr'><strong>Quoscunque</strong></span> <span class='ocrx_word' id='word_1_114' title='bbox 1657 1992 1800 2046; x_wconf 88' lang='lat' dir='ltr'><strong>enim</strong></span> <span class='ocrx_word' id='word_1_115' title='bbox 1841 1993 1909 2048; x_wconf 88' lang='lat' dir='ltr'><strong>de</strong></span> 
     </span>
    </p>
   </div>
   <div class='ocr_carea' id='block_1_18' title="bbox 343 2075 1908 2154">
    <p class='ocr_par' dir='ltr' id='par_1_18' title="bbox 343 2075 1908 2154">
     <span class='ocr_line' id='line_1_18' title="bbox 343 2075 1908 2154; baseline 0.007 -26"><span class='ocrx_word' id='word_1_116' title='bbox 343 2075 447 2141; x_wconf 85' lang='lat' dir='ltr'><strong>his,</strong></span> <span class='ocrx_word' id='word_1_117' title='bbox 471 2076 566 2146; x_wconf 91' lang='lat' dir='ltr'><strong>qui</strong></span> <span class='ocrx_word' id='word_1_118' title='bbox 594 2092 693 2132; x_wconf 90' lang='lat' dir='ltr'><strong>vos</strong></span> <span class='ocrx_word' id='word_1_119' title='bbox 722 2092 910 2133; x_wconf 91' lang='lat' dir='ltr'><strong>errare</strong></span> <span class='ocrx_word' id='word_1_120' title='bbox 945 2076 1215 2145; x_wconf 82' lang='lat' dir='ltr'><strong>fecerunt,</strong></span> <span class='ocrx_word' id='word_1_121' title='bbox 1247 2080 1333 2135; x_wconf 89' lang='lat' dir='ltr'><strong>vel</strong></span> <span class='ocrx_word' id='word_1_122' title='bbox 1364 2080 1432 2135; x_wconf 90' lang='lat' dir='ltr'><strong>de</strong></span> <span class='ocrx_word' id='word_1_123' title='bbox 1461 2082 1570 2148; x_wconf 83' lang='lat' dir='ltr'><strong>bis,</strong></span> <span class='ocrx_word' id='word_1_124' title='bbox 1600 2083 1694 2154; x_wconf 88' lang='lat' dir='ltr'><strong>qui</strong></span> <span class='ocrx_word' id='word_1_125' title='bbox 1728 2084 1908 2140; x_wconf 89' lang='lat' dir='ltr'><strong>adhuc</strong></span> 
     </span>
    </p>
   </div>
   <div class='ocr_carea' id='block_1_19' title="bbox 342 2169 1906 2246">
    <p class='ocr_par' dir='ltr' id='par_1_19' title="bbox 342 2169 1906 2246">
     <span class='ocr_line' id='line_1_19' title="bbox 342 2169 1906 2246; baseline 0.008 -25"><span class='ocrx_word' id='word_1_126' title='bbox 342 2169 563 2223; x_wconf 84' lang='lat' dir='ltr'><strong>verbum</strong></span> <span class='ocrx_word' id='word_1_127' title='bbox 595 2169 1002 2239; x_wconf 84' lang='lat' dir='ltr'><strong>pradicationis</strong></span> <span class='ocrx_word' id='word_1_128' title='bbox 1032 2186 1146 2227; x_wconf 90' lang='lat' dir='ltr'><strong>non</strong></span> <span class='ocrx_word' id='word_1_129' title='bbox 1173 2172 1488 2241; x_wconf 88' lang='lat' dir='ltr'><strong>audierunt,</strong></span> <span class='ocrx_word' id='word_1_130' title='bbox 1529 2177 1783 2246; x_wconf 89' lang='lat' dir='ltr'><strong>potestis,</strong></span> <span class='ocrx_word' id='word_1_131' title='bbox 1811 2193 1906 2234; x_wconf 79' lang='lat' dir='ltr'><strong>vo-</strong></span> 
     </span>
    </p>
   </div>
   <div class='ocr_carea' id='block_1_20' title="bbox 342 2248 1907 2335">
    <p class='ocr_par' dir='ltr' id='par_1_20' title="bbox 342 2248 1907 2335">
     <span class='ocr_line' id='line_1_20' title="bbox 342 2248 1907 2335; baseline 0.01 -22"><span class='ocrx_word' id='word_1_132' title='bbox 342 2258 551 2315; x_wconf 87' lang='lat' dir='ltr'><strong>biscum</strong></span> <span class='ocrx_word' id='word_1_133' title='bbox 583 2262 868 2326; x_wconf 90' lang='lat' dir='ltr'><strong>assumite,</strong></span> <span class='ocrx_word' id='word_1_134' title='bbox 893 2270 948 2318; x_wconf 88' lang='lat' dir='ltr'><strong>et</strong></span> <span class='ocrx_word' id='word_1_135' title='bbox 973 2248 1041 2319; x_wconf 89' lang='lat' dir='ltr'><strong>ad</strong></span> <span class='ocrx_word' id='word_1_136' title='bbox 1069 2264 1213 2319; x_wconf 89' lang='lat' dir='ltr'><strong>viam</strong></span> <span class='ocrx_word' id='word_1_137' title='bbox 1254 2266 1501 2322; x_wconf 84' lang='lat' dir='ltr'><strong>veritatis</strong></span> <span class='ocrx_word' id='word_1_138' title='bbox 1530 2268 1806 2335; x_wconf 88' lang='lat' dir='ltr'><strong>adducite,</strong></span> <span class='ocrx_word' id='word_1_139' title='bbox 1839 2288 1907 2328; x_wconf 91' lang='lat' dir='ltr'><strong>ne</strong></span> 
     </span>
    </p>
   </div>
   <div class='ocr_carea' id='block_1_21' title="bbox 340 2349 1906 2419">
    <p class='ocr_par' dir='ltr' id='par_1_21' title="bbox 340 2349 1906 2419">
     <span class='ocr_line' id='line_1_21' title="bbox 340 2349 1906 2419; baseline 0.01 -15"><span class='ocrx_word' id='word_1_140' title='bbox 340 2349 651 2418; x_wconf 81' lang='lat' dir='ltr'><strong>iuiructosi,</strong></span> <span class='ocrx_word' id='word_1_141' title='bbox 681 2352 777 2409; x_wconf 89' lang='lat' dir='ltr'><strong>sed</strong></span> <span class='ocrx_word' id='word_1_142' title='bbox 804 2353 1073 2412; x_wconf 79' lang='lat' dir='ltr'><strong>iructuosi</strong></span> <span class='ocrx_word' id='word_1_143' title='bbox 1098 2357 1328 2412; x_wconf 90' lang='lat' dir='ltr'><strong>Domino</strong></span> <span class='ocrx_word' id='word_1_144' title='bbox 1360 2359 1737 2419; x_wconf 88' lang='lat' dir='ltr'><strong>inveniamini.</strong></span> <span class='ocrx_word' id='word_1_145' title='bbox 1767 2361 1812 2394; x_wconf 77' lang='lat'><strong>“</strong></span> <span class='ocrx_word' id='word_1_146' title='bbox 1840 2362 1906 2419; x_wconf 87' lang='lat' dir='ltr'><strong>Et</strong></span> 
     </span>
    </p>
   </div>
   <div class='ocr_carea' id='block_1_22' title="bbox 2017 1148 3594 1222">
    <p class='ocr_par' dir='ltr' id='par_1_22' title="bbox 2017 1148 3594 1222">
     <span class='ocr_line' id='line_1_22' title="bbox 2017 1148 3594 1222; baseline 0.008 -19"><span class='ocrx_word' id='word_1_147' title='bbox 2017 1158 2102 1204; x_wconf 91' lang='lat' dir='ltr'><strong>est</strong></span> <span class='ocrx_word' id='word_1_148' title='bbox 2130 1164 2292 1219; x_wconf 87' lang='lat' dir='ltr'><strong>super</strong></span> <span class='ocrx_word' id='word_1_149' title='bbox 2326 1148 2508 1205; x_wconf 87' lang='lat' dir='ltr'><strong>omnia</strong></span> <span class='ocrx_word' id='word_1_150' title='bbox 2550 1150 2794 1220; x_wconf 86' lang='lat' dir='ltr'><strong>gravius,</strong></span> <span class='ocrx_word' id='word_1_151' title='bbox 2831 1153 2976 1222; x_wconf 90' lang='lat' dir='ltr'><strong>quod</strong></span> <span class='ocrx_word' id='word_1_152' title='bbox 3009 1171 3106 1209; x_wconf 86' lang='lat' dir='ltr'><strong>vos</strong></span> <span class='ocrx_word' id='word_1_153' title='bbox 3158 1156 3211 1209; x_wconf 92' lang='lat' dir='ltr'><strong>in</strong></span> <span class='ocrx_word' id='word_1_154' title='bbox 3267 1156 3450 1213; x_wconf 79' lang='lat' dir='ltr'><strong>futuro</strong></span> <span class='ocrx_word' id='word_1_155' title='bbox 3489 1175 3594 1216; x_wconf 80' lang='lat' dir='ltr'><strong>sa-</strong></span> 
     </span>
    </p>
   </div>
   <div class='ocr_carea' id='block_1_23' title="bbox 2018 1240 3595 1320">
    <p class='ocr_par' dir='ltr' id='par_1_23' title="bbox 2018 1240 3595 1320">
     <span class='ocr_line' id='line_1_23' title="bbox 2018 1240 3595 1320; baseline 0.009 -26"><span class='ocrx_word' id='word_1_156' title='bbox 2018 1241 2143 1295; x_wconf 89' lang='lat' dir='ltr'><strong>culo</strong></span> <span class='ocrx_word' id='word_1_157' title='bbox 2172 1240 2393 1297; x_wconf 84' lang='lat' dir='ltr'><strong>aternis</strong></span> <span class='ocrx_word' id='word_1_158' title='bbox 2438 1241 2617 1310; x_wconf 83' lang='lat' dir='ltr'><strong>poenis</strong></span> <span class='ocrx_word' id='word_1_159' title='bbox 2649 1242 2916 1299; x_wconf 80' lang='lat' dir='ltr'><strong>obnoxios</strong></span> <span class='ocrx_word' id='word_1_160' title='bbox 2959 1245 3105 1301; x_wconf 86' lang='lat' dir='ltr'><strong>fecit.</strong></span> <span class='ocrx_word' id='word_1_161' title='bbox 3154 1247 3345 1305; x_wconf 86' lang='lat' dir='ltr'><strong>Nonne</strong></span> <span class='ocrx_word' id='word_1_162' title='bbox 3374 1266 3471 1320; x_wconf 93' lang='lat' dir='ltr'><strong>pro</strong></span> <span class='ocrx_word' id='word_1_163' title='bbox 3511 1253 3595 1309; x_wconf 84' lang='lat' dir='ltr'><strong>his</strong></span> 
     </span>
    </p>
   </div>
   <div class='ocr_carea' id='block_1_24' title="bbox 2018 1332 3595 1417">
    <p class='ocr_par' dir='ltr' id='par_1_24' title="bbox 2018 1332 3595 1417">
     <span class='ocr_line' id='line_1_24' title="bbox 2018 1332 3595 1417; baseline 0.011 -32"><span class='ocrx_word' id='word_1_164' title='bbox 2018 1334 2293 1397; x_wconf 88' lang='lat' dir='ltr'><strong>omnibus,</strong></span> <span class='ocrx_word' id='word_1_165' title='bbox 2345 1332 2435 1387; x_wconf 89' lang='lat' dir='ltr'><strong>ubi</strong></span> <span class='ocrx_word' id='word_1_166' title='bbox 2482 1334 2637 1389; x_wconf 90' lang='lat' dir='ltr'><strong>vobis</strong></span> <span class='ocrx_word' id='word_1_167' title='bbox 2660 1337 2907 1391; x_wconf 86' lang='lat' dir='ltr'><strong>veritatis</strong></span> <span class='ocrx_word' id='word_1_168' title='bbox 2952 1339 3136 1394; x_wconf 87' lang='lat' dir='ltr'><strong>lumen</strong></span> <span class='ocrx_word' id='word_1_169' title='bbox 3175 1342 3399 1409; x_wconf 84' lang='lat' dir='ltr'><strong>eﬁ&#39;ulsit,</strong></span> <span class='ocrx_word' id='word_1_170' title='bbox 3452 1346 3595 1417; x_wconf 86' lang='lat' dir='ltr'><strong>ignis</strong></span> 
     </span>
    </p>
   </div>
   <div class='ocr_carea' id='block_1_25' title="bbox 2013 1425 3596 1497">
    <p class='ocr_par' dir='ltr' id='par_1_25' title="bbox 2013 1425 3596 1497">
     <span class='ocr_line' id='line_1_25' title="bbox 2013 1425 3596 1497; baseline 0.01 -19"><span class='ocrx_word' id='word_1_171' title='bbox 2013 1425 2337 1494; x_wconf 89' lang='lat' dir='ltr'><strong>justissima</strong></span> <span class='ocrx_word' id='word_1_172' title='bbox 2372 1426 2769 1497; x_wconf 84' lang='lat' dir='ltr'><strong>indignationis</strong></span> <span class='ocrx_word' id='word_1_173' title='bbox 2812 1430 3158 1497; x_wconf 79' lang='lat' dir='ltr'><strong>accenditur,</strong></span> <span class='ocrx_word' id='word_1_174' title='bbox 3201 1442 3255 1489; x_wconf 91' lang='lat' dir='ltr'><strong>et</strong></span> <span class='ocrx_word' id='word_1_175' title='bbox 3298 1436 3596 1495; x_wconf 85' lang='lat' dir='ltr'><strong>iracundia</strong></span> 
     </span>
    </p>
   </div>
   <div class='ocr_carea' id='block_1_26' title="bbox 2018 1515 3594 1602">
    <p class='ocr_par' dir='ltr' id='par_1_26' title="bbox 2018 1515 3594 1602">
     <span class='ocr_line' id='line_1_26' title="bbox 2018 1515 3594 1602; baseline 0.011 -34"><span class='ocrx_word' id='word_1_176' title='bbox 2018 1515 2129 1572; x_wconf 91' lang='lat' dir='ltr'><strong>Deo</strong></span> <span class='ocrx_word' id='word_1_177' title='bbox 2178 1519 2389 1588; x_wconf 85' lang='lat' dir='ltr'><strong>placita</strong></span> <span class='ocrx_word' id='word_1_178' title='bbox 2428 1519 2573 1572; x_wconf 87' lang='lat' dir='ltr'><strong>intra</strong></span> <span class='ocrx_word' id='word_1_179' title='bbox 2614 1535 2711 1576; x_wconf 90' lang='lat' dir='ltr'><strong>vos</strong></span> <span class='ocrx_word' id='word_1_180' title='bbox 2757 1523 3041 1592; x_wconf 86' lang='lat' dir='ltr'><strong>consurgit</strong></span> <span class='ocrx_word' id='word_1_181' title='bbox 3091 1524 3429 1595; x_wconf 86' lang='lat' dir='ltr'><strong>incendium,</strong></span> <span class='ocrx_word' id='word_1_182' title='bbox 3484 1546 3594 1602; x_wconf 91' lang='lat' dir='ltr'><strong>quo</strong></span> 
     </span>
    </p>
   </div>
   <div class='ocr_carea' id='block_1_27' title="bbox 2017 1613 3594 1689">
    <p class='ocr_par' dir='ltr' id='par_1_27' title="bbox 2017 1613 3594 1689">
     <span class='ocr_line' id='line_1_27' title="bbox 2017 1613 3594 1689; baseline 0.007 -23"><span class='ocrx_word' id='word_1_183' title='bbox 2017 1619 2374 1667; x_wconf 87' lang='lat' dir='ltr'><strong>consumatur</strong></span> <span class='ocrx_word' id='word_1_184' title='bbox 2397 1620 2449 1667; x_wconf 86' lang='lat' dir='ltr'><strong>et</strong></span> <span class='ocrx_word' id='word_1_185' title='bbox 2477 1613 2743 1667; x_wconf 89' lang='lat' dir='ltr'><strong>radicitus</strong></span> <span class='ocrx_word' id='word_1_186' title='bbox 2790 1613 3025 1669; x_wconf 87' lang='lat' dir='ltr'><strong>intereat</strong></span> <span class='ocrx_word' id='word_1_187' title='bbox 3072 1631 3233 1673; x_wconf 87' lang='lat' dir='ltr'><strong>omne</strong></span> <span class='ocrx_word' id='word_1_188' title='bbox 3267 1635 3512 1689; x_wconf 86' lang='lat' dir='ltr'><strong>germen,</strong></span> <span class='ocrx_word' id='word_1_189' title='bbox 3546 1624 3594 1678; x_wconf 93' lang='lat' dir='ltr'><strong>si</strong></span> 
     </span>
    </p>
   </div>
   <div class='ocr_carea' id='block_1_28' title="bbox 2015 1704 3595 1783">
    <p class='ocr_par' dir='ltr' id='par_1_28' title="bbox 2015 1704 3595 1783">
     <span class='ocr_line' id='line_1_28' title="bbox 2015 1704 3595 1783; baseline 0.007 -26"><span class='ocrx_word' id='word_1_190' title='bbox 2015 1704 2159 1775; x_wconf 92' lang='lat' dir='ltr'><strong>quod</strong></span> <span class='ocrx_word' id='word_1_191' title='bbox 2197 1704 2337 1759; x_wconf 82' lang='lat' dir='ltr'><strong>forte</strong></span> <span class='ocrx_word' id='word_1_192' title='bbox 2368 1705 2508 1769; x_wconf 85' lang='lat' dir='ltr'><strong>intra</strong></span> <span class='ocrx_word' id='word_1_193' title='bbox 2538 1721 2634 1760; x_wconf 88' lang='lat' dir='ltr'><strong>vos</strong></span> <span class='ocrx_word' id='word_1_194' title='bbox 2668 1707 2823 1761; x_wconf 89' lang='lat' dir='ltr'><strong>mala</strong></span> <span class='ocrx_word' id='word_1_195' title='bbox 2871 1709 3223 1763; x_wconf 80' lang='lat' dir='ltr'><strong>conscientia</strong></span> <span class='ocrx_word' id='word_1_196' title='bbox 3270 1711 3315 1742; x_wconf 85' lang='lat'><strong>&#39;°</strong></span> <span class='ocrx_word' id='word_1_197' title='bbox 3357 1714 3595 1783; x_wconf 86' lang='lat' dir='ltr'><strong>pullula-</strong></span> 
     </span>
    </p>
   </div>
   <div class='ocr_carea' id='block_1_29' title="bbox 2014 1796 3594 1870">
    <p class='ocr_par' dir='ltr' id='par_1_29' title="bbox 2014 1796 3594 1870">
     <span class='ocr_line' id='line_1_29' title="bbox 2014 1796 3594 1870; baseline 0.008 -22"><span class='ocrx_word' id='word_1_198' title='bbox 2014 1799 2091 1851; x_wconf 91' lang='lat' dir='ltr'><strong>vit</strong></span> <span class='ocrx_word' id='word_1_199' title='bbox 2113 1798 2196 1851; x_wconf 76' lang='lat'><strong>?°°</strong></span> <span class='ocrx_word' id='word_1_200' title='bbox 2216 1802 2233 1819; x_wconf 79' lang='lat'><strong>&#39;</strong></span> <span class='ocrx_word' id='word_1_201' title='bbox 2263 1796 2415 1853; x_wconf 85' lang='lat' dir='ltr'><strong>Unde</strong></span> <span class='ocrx_word' id='word_1_202' title='bbox 2436 1807 2488 1852; x_wconf 92' lang='lat' dir='ltr'><strong>et</strong></span> <span class='ocrx_word' id='word_1_203' title='bbox 2518 1797 2635 1869; x_wconf 86' lang='lat' dir='ltr'><strong>ipse</strong></span> <span class='ocrx_word' id='word_1_204' title='bbox 2663 1800 2755 1869; x_wconf 91' lang='lat' dir='ltr'><strong>qui</strong></span> <span class='ocrx_word' id='word_1_205' title='bbox 2779 1800 2927 1856; x_wconf 87' lang='lat' dir='ltr'><strong>misit</strong></span> <span class='ocrx_word' id='word_1_206' title='bbox 2956 1817 3078 1865; x_wconf 91' lang='lat' dir='ltr'><strong>nos,</strong></span> <span class='ocrx_word' id='word_1_207' title='bbox 3104 1818 3226 1857; x_wconf 90' lang='lat' dir='ltr'><strong>cum</strong></span> <span class='ocrx_word' id='word_1_208' title='bbox 3251 1805 3511 1870; x_wconf 87' lang='lat' dir='ltr'><strong>venisset,</strong></span> <span class='ocrx_word' id='word_1_209' title='bbox 3540 1815 3594 1863; x_wconf 90' lang='lat' dir='ltr'><strong>et</strong></span> 
     </span>
    </p>
   </div>
   <div class='ocr_carea' id='block_1_30' title="bbox 2014 1890 3590 1965">
    <p class='ocr_par' dir='ltr' id='par_1_30' title="bbox 2014 1890 3590 1965">
     <span class='ocr_line' id='line_1_30' title="bbox 2014 1890 3590 1965; baseline 0.006 -21"><span class='ocrx_word' id='word_1_210' title='bbox 2014 1906 2230 1945; x_wconf 83' lang='lat' dir='ltr'><strong>omnem</strong></span> <span class='ocrx_word' id='word_1_211' title='bbox 2276 1890 2540 1945; x_wconf 89' lang='lat' dir='ltr'><strong>mundum</strong></span> <span class='ocrx_word' id='word_1_212' title='bbox 2577 1891 2807 1947; x_wconf 88' lang='lat' dir='ltr'><strong>vidisset</strong></span> <span class='ocrx_word' id='word_1_213' title='bbox 2847 1892 2912 1946; x_wconf 89' lang='lat' dir='ltr'><strong>ad</strong></span> <span class='ocrx_word' id='word_1_214' title='bbox 2952 1894 3213 1948; x_wconf 87' lang='lat' dir='ltr'><strong>malitiam</strong></span> <span class='ocrx_word' id='word_1_215' title='bbox 3246 1893 3552 1953; x_wconf 86' lang='lat' dir='ltr'><strong>declinasse</strong></span> <span class='ocrx_word' id='word_1_216' title='bbox 3575 1941 3590 1965; x_wconf 89' lang='lat'><strong>,</strong></span> 
     </span>
    </p>
   </div>
   <div class='ocr_carea' id='block_1_31' title="bbox 2014 1981 3591 2057">
    <p class='ocr_par' dir='ltr' id='par_1_31' title="bbox 2014 1981 3591 2057">
     <span class='ocr_line' id='line_1_31' title="bbox 2014 1981 3591 2057; baseline 0.004 -21"><span class='ocrx_word' id='word_1_217' title='bbox 2014 1998 2124 2036; x_wconf 88' lang='lat' dir='ltr'><strong>non</strong></span> <span class='ocrx_word' id='word_1_218' title='bbox 2153 1981 2413 2047; x_wconf 87' lang='lat' dir='ltr'><strong>continuo</strong></span> <span class='ocrx_word' id='word_1_219' title='bbox 2438 1982 2486 2037; x_wconf 91' lang='lat' dir='ltr'><strong>ei</strong></span> <span class='ocrx_word' id='word_1_220' title='bbox 2517 1996 2726 2052; x_wconf 88' lang='lat' dir='ltr'><strong>pacem,</strong></span> <span class='ocrx_word' id='word_1_221' title='bbox 2756 1983 2812 2037; x_wconf 92' lang='lat' dir='ltr'><strong>in</strong></span> <span class='ocrx_word' id='word_1_222' title='bbox 2843 1985 3121 2041; x_wconf 91' lang='lat' dir='ltr'><strong>erroribus</strong></span> <span class='ocrx_word' id='word_1_223' title='bbox 3168 1988 3372 2057; x_wconf 91' lang='lat' dir='ltr'><strong>posito,</strong></span> <span class='ocrx_word' id='word_1_224' title='bbox 3417 1988 3591 2056; x_wconf 88' lang='lat' dir='ltr'><strong>dedit,</strong></span> 
     </span>
    </p>
   </div>
   <div class='ocr_carea' id='block_1_32' title="bbox 2012 2074 3590 2153">
    <p class='ocr_par' dir='ltr' id='par_1_32' title="bbox 2012 2074 3590 2153">
     <span class='ocr_line' id='line_1_32' title="bbox 2012 2074 3590 2153; baseline 0.006 -24"><span class='ocrx_word' id='word_1_225' title='bbox 2012 2091 2082 2129; x_wconf 89' lang='lat' dir='ltr'><strong>ne</strong></span> <span class='ocrx_word' id='word_1_226' title='bbox 2112 2089 2239 2128; x_wconf 90' lang='lat' dir='ltr'><strong>eum</strong></span> <span class='ocrx_word' id='word_1_227' title='bbox 2278 2074 2630 2129; x_wconf 90' lang='lat' dir='ltr'><strong>conﬁrmaret</strong></span> <span class='ocrx_word' id='word_1_228' title='bbox 2674 2076 2729 2129; x_wconf 92' lang='lat' dir='ltr'><strong>in</strong></span> <span class='ocrx_word' id='word_1_229' title='bbox 2772 2077 2952 2141; x_wconf 90' lang='lat' dir='ltr'><strong>malis,</strong></span> <span class='ocrx_word' id='word_1_230' title='bbox 2985 2077 3081 2133; x_wconf 88' lang='lat' dir='ltr'><strong>sed</strong></span> <span class='ocrx_word' id='word_1_231' title='bbox 3117 2080 3440 2149; x_wconf 88' lang='lat' dir='ltr'><strong>ignorantia</strong></span> <span class='ocrx_word' id='word_1_232' title='bbox 3468 2082 3590 2153; x_wconf 89' lang='lat' dir='ltr'><strong>ejus</strong></span> 
     </span>
    </p>
   </div>
   <div class='ocr_carea' id='block_1_33' title="bbox 2010 2166 3591 2245">
    <p class='ocr_par' dir='ltr' id='par_1_33' title="bbox 2010 2166 3591 2245">
     <span class='ocr_line' id='line_1_33' title="bbox 2010 2166 3591 2245; baseline 0.006 -23"><span class='ocrx_word' id='word_1_233' title='bbox 2010 2166 2188 2222; x_wconf 86' lang='lat' dir='ltr'><strong>ruinis</strong></span> <span class='ocrx_word' id='word_1_234' title='bbox 2225 2166 2516 2224; x_wconf 90' lang='lat' dir='ltr'><strong>scientiam</strong></span> <span class='ocrx_word' id='word_1_235' title='bbox 2540 2169 2788 2226; x_wconf 86' lang='lat' dir='ltr'><strong>veritatis</strong></span> <span class='ocrx_word' id='word_1_236' title='bbox 2812 2172 3104 2240; x_wconf 89' lang='lat' dir='ltr'><strong>opposuit;</strong></span> <span class='ocrx_word' id='word_1_237' title='bbox 3130 2181 3208 2237; x_wconf 90' lang='lat' dir='ltr'><strong>ut,</strong></span> <span class='ocrx_word' id='word_1_238' title='bbox 3252 2173 3298 2228; x_wconf 93' lang='lat' dir='ltr'><strong>si</strong></span> <span class='ocrx_word' id='word_1_239' title='bbox 3327 2174 3421 2245; x_wconf 88' lang='lat' dir='ltr'><strong>qui</strong></span> <span class='ocrx_word' id='word_1_240' title='bbox 3446 2173 3591 2233; x_wconf 80' lang='lat' dir='ltr'><strong>forte</strong></span> 
     </span>
    </p>
   </div>
   <div class='ocr_carea' id='block_1_34' title="bbox 2011 2261 3588 2340">
    <p class='ocr_par' dir='ltr' id='par_1_34' title="bbox 2011 2261 3588 2340">
     <span class='ocr_line' id='line_1_34' title="bbox 2011 2261 3588 2340; baseline 0.009 -27"><span class='ocrx_word' id='word_1_241' title='bbox 2011 2261 2416 2330; x_wconf 86' lang='lat' dir='ltr'><strong>resipiscerent,</strong></span> <span class='ocrx_word' id='word_1_242' title='bbox 2450 2261 2630 2316; x_wconf 91' lang='lat' dir='ltr'><strong>lumen</strong></span> <span class='ocrx_word' id='word_1_243' title='bbox 2662 2262 2913 2319; x_wconf 88' lang='lat' dir='ltr'><strong>veritatis</strong></span> <span class='ocrx_word' id='word_1_244' title='bbox 2962 2265 3291 2335; x_wconf 83' lang='lat' dir='ltr'><strong>aspicerent,</strong></span> <span class='ocrx_word' id='word_1_245' title='bbox 3326 2267 3588 2340; x_wconf 87' lang='lat' dir='ltr'><strong>deceptos</strong></span> 
     </span>
    </p>
   </div>
   <div class='ocr_carea' id='block_1_35' title="bbox 2012 2354 3590 2424">
    <p class='ocr_par' dir='ltr' id='par_1_35' title="bbox 2012 2354 3590 2424">
     <span class='ocr_line' id='line_1_35' title="bbox 2012 2354 3590 2424; baseline 0.008 -17"><span class='ocrx_word' id='word_1_246' title='bbox 2012 2368 2092 2417; x_wconf 91' lang='lat' dir='ltr'><strong>se,</strong></span> <span class='ocrx_word' id='word_1_247' title='bbox 2134 2362 2186 2408; x_wconf 90' lang='lat' dir='ltr'><strong>et</strong></span> <span class='ocrx_word' id='word_1_248' title='bbox 2219 2354 2272 2407; x_wconf 90' lang='lat' dir='ltr'><strong>in</strong></span> <span class='ocrx_word' id='word_1_249' title='bbox 2310 2354 2614 2424; x_wconf 86' lang='lat' dir='ltr'><strong>pracipitia</strong></span> <span class='ocrx_word' id='word_1_250' title='bbox 2658 2356 2866 2411; x_wconf 89' lang='lat' dir='ltr'><strong>erroris</strong></span> <span class='ocrx_word' id='word_1_251' title='bbox 2914 2358 3222 2417; x_wconf 84' lang='lat' dir='ltr'><strong>abstractos</strong></span> <span class='ocrx_word' id='word_1_252' title='bbox 3252 2362 3450 2419; x_wconf 89' lang='lat' dir='ltr'><strong>merito</strong></span> <span class='ocrx_word' id='word_1_253' title='bbox 3488 2362 3590 2419; x_wconf 85' lang='lat' dir='ltr'><strong>do-</strong></span> 
     </span>
    </p>
   </div>
   <div class='ocr_carea' id='block_1_36' title="bbox 339 2421 3589 2525">
    <p class='ocr_par' dir='ltr' id='par_1_36' title="bbox 339 2421 3589 2525">
     <span class='ocr_line' id='line_1_36' title="bbox 339 2421 3589 2525; baseline 0.005 -27"><span class='ocrx_word' id='word_1_254' title='bbox 339 2446 597 2513; x_wconf 90' lang='lat' dir='ltr'><strong>quoniam</strong></span> <span class='ocrx_word' id='word_1_255' title='bbox 630 2448 869 2517; x_wconf 91' lang='lat' dir='ltr'><strong>quidem,</strong></span> <span class='ocrx_word' id='word_1_256' title='bbox 902 2448 1047 2505; x_wconf 87' lang='lat' dir='ltr'><strong>sicut</strong></span> <span class='ocrx_word' id='word_1_257' title='bbox 1102 2466 1133 2505; x_wconf 91' lang='lat' dir='ltr'><strong>a</strong></span> <span class='ocrx_word' id='word_1_258' title='bbox 1182 2453 1390 2508; x_wconf 89' lang='lat' dir='ltr'><strong>cultore</strong></span> <span class='ocrx_word' id='word_1_259' title='bbox 1436 2454 1679 2525; x_wconf 84' lang='lat' dir='ltr'><strong>neglecta</strong></span> <span class='ocrx_word' id='word_1_260' title='bbox 1736 2464 1903 2523; x_wconf 87' lang='lat' dir='ltr'><strong>terra,</strong></span> <span class='ocrx_word' id='word_1_261' title='bbox 1936 2421 2209 2512; x_wconf 42' lang='lat' dir='ltr'><strong>B‘lerent,</strong></span> <span class='ocrx_word' id='word_1_262' title='bbox 2241 2454 2294 2502; x_wconf 91' lang='lat' dir='ltr'><strong>et</strong></span> <span class='ocrx_word' id='word_1_263' title='bbox 2320 2447 2619 2502; x_wconf 76' lang='lat' dir='ltr'><strong>iracundia:</strong></span> <span class='ocrx_word' id='word_1_264' title='bbox 2649 2448 2909 2505; x_wconf 87' lang='lat' dir='ltr'><strong>salutaris</strong></span> <span class='ocrx_word' id='word_1_265' title='bbox 2948 2451 3128 2521; x_wconf 89' lang='lat' dir='ltr'><strong>ignem</strong></span> <span class='ocrx_word' id='word_1_266' title='bbox 3175 2452 3440 2511; x_wconf 89' lang='lat' dir='ltr'><strong>adversus</strong></span> <span class='ocrx_word' id='word_1_267' title='bbox 3491 2456 3589 2513; x_wconf 86' lang='lat' dir='ltr'><strong>de-</strong></span> 
     </span>
    </p>
   </div>
   <div class='ocr_carea' id='block_1_37' title="bbox 338 2539 1908 2615">
    <p class='ocr_par' dir='ltr' id='par_1_37' title="bbox 338 2539 1908 2615">
     <span class='ocr_line' id='line_1_37' title="bbox 338 2539 1908 2615; baseline 0.01 -24"><span class='ocrx_word' id='word_1_268' title='bbox 338 2539 529 2607; x_wconf 89' lang='lat' dir='ltr'><strong>spinas</strong></span> <span class='ocrx_word' id='word_1_269' title='bbox 560 2549 614 2594; x_wconf 86' lang='lat' dir='ltr'><strong>et</strong></span> <span class='ocrx_word' id='word_1_270' title='bbox 649 2540 879 2598; x_wconf 88' lang='lat' dir='ltr'><strong>tribulos</strong></span> <span class='ocrx_word' id='word_1_271' title='bbox 914 2544 1229 2599; x_wconf 89' lang='lat' dir='ltr'><strong>necessario</strong></span> <span class='ocrx_word' id='word_1_272' title='bbox 1276 2544 1550 2615; x_wconf 89' lang='lat' dir='ltr'><strong>producit,</strong></span> <span class='ocrx_word' id='word_1_273' title='bbox 1589 2548 1665 2604; x_wconf 86' lang='lat' dir='ltr'><strong>ita</strong></span> <span class='ocrx_word' id='word_1_274' title='bbox 1711 2564 1908 2606; x_wconf 84' lang='lat' dir='ltr'><strong>sensus</strong></span> 
     </span>
    </p>
   </div>
   <div class='ocr_carea' id='block_1_38' title="bbox 338 2632 1907 2715">
    <p class='ocr_par' dir='ltr' id='par_1_38' title="bbox 338 2632 1907 2715">
     <span class='ocr_line' id='line_1_38' title="bbox 338 2632 1907 2715; baseline 0.009 -30"><span class='ocrx_word' id='word_1_275' title='bbox 338 2640 520 2687; x_wconf 86' lang='lat' dir='ltr'><strong>vester</strong></span> <span class='ocrx_word' id='word_1_276' title='bbox 547 2632 693 2704; x_wconf 92' lang='lat' dir='ltr'><strong>longi</strong></span> <span class='ocrx_word' id='word_1_277' title='bbox 718 2634 981 2703; x_wconf 90' lang='lat' dir='ltr'><strong>temporis</strong></span> <span class='ocrx_word' id='word_1_278' title='bbox 1006 2636 1218 2691; x_wconf 89' lang='lat' dir='ltr'><strong>incuria</strong></span> <span class='ocrx_word' id='word_1_279' title='bbox 1248 2639 1450 2694; x_wconf 87' lang='lat' dir='ltr'><strong>multas</strong></span> <span class='ocrx_word' id='word_1_280' title='bbox 1472 2648 1522 2695; x_wconf 86' lang='lat' dir='ltr'><strong>et</strong></span> <span class='ocrx_word' id='word_1_281' title='bbox 1550 2642 1746 2699; x_wconf 80' lang='lat' dir='ltr'><strong>noxias</strong></span> <span class='ocrx_word' id='word_1_282' title='bbox 1786 2644 1907 2715; x_wconf 90' lang='lat' dir='ltr'><strong>opi-</strong></span> 
     </span>
    </p>
   </div>
   <div class='ocr_carea' id='block_1_39' title="bbox 336 2724 1907 2807">
    <p class='ocr_par' dir='ltr' id='par_1_39' title="bbox 336 2724 1907 2807">
     <span class='ocr_line' id='line_1_39' title="bbox 336 2724 1907 2807; baseline 0.009 -30"><span class='ocrx_word' id='word_1_283' title='bbox 336 2724 533 2780; x_wconf 88' lang='lat' dir='ltr'><strong>niones</strong></span> <span class='ocrx_word' id='word_1_284' title='bbox 571 2740 758 2779; x_wconf 90' lang='lat' dir='ltr'><strong>rerum</strong></span> <span class='ocrx_word' id='word_1_285' title='bbox 793 2734 847 2779; x_wconf 90' lang='lat' dir='ltr'><strong>et</strong></span> <span class='ocrx_word' id='word_1_286' title='bbox 894 2727 1285 2800; x_wconf 88' lang='lat' dir='ltr'><strong>intelligentias</strong></span> <span class='ocrx_word' id='word_1_287' title='bbox 1317 2729 1468 2786; x_wconf 82' lang='lat' dir='ltr'><strong>falsa</strong></span> <span class='ocrx_word' id='word_1_288' title='bbox 1507 2733 1754 2790; x_wconf 86' lang='lat' dir='ltr'><strong>scientia</strong></span> <span class='ocrx_word' id='word_1_289' title='bbox 1786 2750 1907 2807; x_wconf 90' lang='lat' dir='ltr'><strong>ger-</strong></span> 
     </span>
    </p>
   </div>
   <div class='ocr_carea' id='block_1_40' title="bbox 335 2817 1906 2893">
    <p class='ocr_par' dir='ltr' id='par_1_40' title="bbox 335 2817 1906 2893">
     <span class='ocr_line' id='line_1_40' title="bbox 335 2817 1906 2893; baseline 0.01 -24"><span class='ocrx_word' id='word_1_290' title='bbox 335 2817 598 2884; x_wconf 89' lang='lat' dir='ltr'><strong>minavit;</strong></span> <span class='ocrx_word' id='word_1_291' title='bbox 620 2832 760 2887; x_wconf 89' lang='lat' dir='ltr'><strong>opus</strong></span> <span class='ocrx_word' id='word_1_292' title='bbox 780 2826 1031 2873; x_wconf 84' lang='lat' dir='ltr'><strong>estnunc</strong></span> <span class='ocrx_word' id='word_1_293' title='bbox 1057 2821 1227 2874; x_wconf 90' lang='lat' dir='ltr'><strong>multa</strong></span> <span class='ocrx_word' id='word_1_294' title='bbox 1249 2821 1530 2893; x_wconf 87' lang='lat' dir='ltr'><strong>diligentia</strong></span> <span class='ocrx_word' id='word_1_295' title='bbox 1558 2824 1625 2879; x_wconf 93' lang='lat' dir='ltr'><strong>ad</strong></span> <span class='ocrx_word' id='word_1_296' title='bbox 1648 2827 1906 2883; x_wconf 82' lang='lat' dir='ltr'><strong>excolen-</strong></span> 
     </span>
    </p>
   </div>
   <div class='ocr_carea' id='block_1_41' title="bbox 334 2908 1905 2979">
    <p class='ocr_par' dir='ltr' id='par_1_41' title="bbox 334 2908 1905 2979">
     <span class='ocr_line' id='line_1_41' title="bbox 334 2908 1905 2979; baseline 0.01 -17"><span class='ocrx_word' id='word_1_297' title='bbox 334 2908 463 2963; x_wconf 92' lang='lat' dir='ltr'><strong>dum</strong></span> <span class='ocrx_word' id='word_1_298' title='bbox 513 2924 610 2966; x_wconf 90' lang='lat' dir='ltr'><strong>rus</strong></span> <span class='ocrx_word' id='word_1_299' title='bbox 647 2908 847 2966; x_wconf 86' lang='lat' dir='ltr'><strong>mentis</strong></span> <span class='ocrx_word' id='word_1_300' title='bbox 896 2920 1114 2979; x_wconf 82' lang='lat' dir='ltr'><strong>vestra,</strong></span> <span class='ocrx_word' id='word_1_301' title='bbox 1166 2923 1225 2969; x_wconf 91' lang='lat' dir='ltr'><strong>ut</strong></span> <span class='ocrx_word' id='word_1_302' title='bbox 1270 2914 1385 2971; x_wconf 89' lang='lat' dir='ltr'><strong>&#39;boc</strong></span> <span class='ocrx_word' id='word_1_303' title='bbox 1425 2933 1608 2973; x_wconf 89' lang='lat' dir='ltr'><strong>sermo</strong></span> <span class='ocrx_word' id='word_1_304' title='bbox 1660 2920 1905 2978; x_wconf 86' lang='lat' dir='ltr'><strong>veritatis</strong></span> 
     </span>
    </p>
   </div>
   <div class='ocr_carea' id='block_1_42' title="bbox 336 2999 1904 3082">
    <p class='ocr_par' dir='ltr' id='par_1_42' title="bbox 336 2999 1904 3082">
     <span class='ocr_line' id='line_1_42' title="bbox 336 2999 1904 3082; baseline 0.01 -28"><span class='ocrx_word' id='word_1_305' title='bbox 336 2999 449 3072; x_wconf 90' lang='lat' dir='ltr'><strong>(qui</strong></span> <span class='ocrx_word' id='word_1_306' title='bbox 481 3009 567 3057; x_wconf 90' lang='lat' dir='ltr'><strong>est</strong></span> <span class='ocrx_word' id='word_1_307' title='bbox 595 3019 760 3059; x_wconf 89' lang='lat' dir='ltr'><strong>verus</strong></span> <span class='ocrx_word' id='word_1_308' title='bbox 790 3013 844 3060; x_wconf 93' lang='lat' dir='ltr'><strong>et</strong></span> <span class='ocrx_word' id='word_1_309' title='bbox 886 3004 1123 3077; x_wconf 86' lang='lat' dir='ltr'><strong>diligens</strong></span> <span class='ocrx_word' id='word_1_310' title='bbox 1152 3008 1335 3063; x_wconf 88' lang='lat' dir='ltr'><strong>cordis</strong></span> <span class='ocrx_word' id='word_1_311' title='bbox 1378 3010 1630 3082; x_wconf 90' lang='lat' dir='ltr'><strong>colonus)</strong></span> <span class='ocrx_word' id='word_1_312' title='bbox 1662 3012 1904 3069; x_wconf 88' lang='lat' dir='ltr'><strong>assiduis</strong></span> 
     </span>
    </p>
   </div>
   <div class='ocr_carea' id='block_1_43' title="bbox 332 3095 1903 3174">
    <p class='ocr_par' dir='ltr' id='par_1_43' title="bbox 332 3095 1903 3174">
     <span class='ocr_line' id='line_1_43' title="bbox 332 3095 1903 3174; baseline 0.01 -27"><span class='ocrx_word' id='word_1_313' title='bbox 332 3096 550 3149; x_wconf 79' lang='lat' dir='ltr'><strong>excolat</strong></span> <span class='ocrx_word' id='word_1_314' title='bbox 575 3095 909 3169; x_wconf 89' lang='lat' dir='ltr'><strong>disciplinis.</strong></span> <span class='ocrx_word' id='word_1_315' title='bbox 939 3098 1197 3155; x_wconf 85' lang='lat' dir='ltr'><strong>Vestrum</strong></span> <span class='ocrx_word' id='word_1_316' title='bbox 1228 3117 1361 3174; x_wconf 85' lang='lat' dir='ltr'><strong>ergo</strong></span> <span class='ocrx_word' id='word_1_317' title='bbox 1389 3111 1475 3157; x_wconf 90' lang='lat' dir='ltr'><strong>est</strong></span> <span class='ocrx_word' id='word_1_318' title='bbox 1497 3104 1738 3173; x_wconf 70' lang='lat' dir='ltr'><strong>praebere</strong></span> <span class='ocrx_word' id='word_1_319' title='bbox 1766 3105 1903 3162; x_wconf 84' lang='lat' dir='ltr'><strong>obe-</strong></span> 
     </span>
    </p>
   </div>
   <div class='ocr_carea' id='block_1_44' title="bbox 334 3186 1908 3270">
    <p class='ocr_par' dir='ltr' id='par_1_44' title="bbox 334 3186 1908 3270">
     <span class='ocr_line' id='line_1_44' title="bbox 334 3186 1908 3270; baseline 0.01 -30"><span class='ocrx_word' id='word_1_320' title='bbox 334 3186 618 3254; x_wconf 81' lang='lat' dir='ltr'><strong>dientiam,</strong></span> <span class='ocrx_word' id='word_1_321' title='bbox 656 3198 712 3247; x_wconf 90' lang='lat' dir='ltr'><strong>et</strong></span> <span class='ocrx_word' id='word_1_322' title='bbox 740 3192 1133 3264; x_wconf 85' lang='lat' dir='ltr'><strong>occupationes</strong></span> <span class='ocrx_word' id='word_1_323' title='bbox 1172 3208 1237 3249; x_wconf 90' lang='lat' dir='ltr'><strong>ac</strong></span> <span class='ocrx_word' id='word_1_324' title='bbox 1279 3195 1679 3256; x_wconf 90' lang='lat' dir='ltr'><strong>sollicitudines</strong></span> <span class='ocrx_word' id='word_1_325' title='bbox 1713 3215 1908 3270; x_wconf 85' lang='lat' dir='ltr'><strong>super-</strong></span> 
     </span>
    </p>
   </div>
   <div class='ocr_carea' id='block_1_45' title="bbox 333 3280 1905 3355">
    <p class='ocr_par' dir='ltr' id='par_1_45' title="bbox 333 3280 1905 3355">
     <span class='ocr_line' id='line_1_45' title="bbox 333 3280 1905 3355; baseline 0.006 -19"><span class='ocrx_word' id='word_1_326' title='bbox 333 3280 472 3338; x_wconf 80' lang='lat' dir='ltr'><strong>ﬁuas</strong></span> <span class='ocrx_word' id='word_1_327' title='bbox 529 3292 818 3355; x_wconf 86' lang='lat' dir='ltr'><strong>amputare</strong></span> <span class='ocrx_word' id='word_1_328' title='bbox 845 3325 861 3351; x_wconf 92' lang='lat'><strong>,</strong></span> <span class='ocrx_word' id='word_1_329' title='bbox 920 3301 989 3341; x_wconf 91' lang='lat' dir='ltr'><strong>ne</strong></span> <span class='ocrx_word' id='word_1_330' title='bbox 1035 3288 1238 3343; x_wconf 88' lang='lat' dir='ltr'><strong>bonum</strong></span> <span class='ocrx_word' id='word_1_331' title='bbox 1297 3290 1448 3345; x_wconf 88' lang='lat' dir='ltr'><strong>verbi</strong></span> <span class='ocrx_word' id='word_1_332' title='bbox 1488 3306 1672 3347; x_wconf 90' lang='lat' dir='ltr'><strong>semen</strong></span> <span class='ocrx_word' id='word_1_333' title='bbox 1713 3299 1905 3349; x_wconf 91' lang='lat' dir='ltr'><strong>enecet</strong></span> 
     </span>
    </p>
   </div>
   <div class='ocr_carea' id='block_1_46' title="bbox 332 3374 1904 3455">
    <p class='ocr_par' dir='ltr' id='par_1_46' title="bbox 332 3374 1904 3455">
     <span class='ocr_line' id='line_1_46' title="bbox 332 3374 1904 3455; baseline 0.008 -27"><span class='ocrx_word' id='word_1_334' title='bbox 332 3374 555 3429; x_wconf 78' lang='lat' dir='ltr'><strong>noxium</strong></span> <span class='ocrx_word' id='word_1_335' title='bbox 583 3391 827 3447; x_wconf 86' lang='lat' dir='ltr'><strong>germen.</strong></span> <span class='ocrx_word' id='word_1_336' title='bbox 861 3376 1045 3433; x_wconf 89' lang='lat' dir='ltr'><strong>Potest</strong></span> <span class='ocrx_word' id='word_1_337' title='bbox 1074 3380 1219 3435; x_wconf 91' lang='lat' dir='ltr'><strong>enim</strong></span> <span class='ocrx_word' id='word_1_338' title='bbox 1252 3381 1390 3446; x_wconf 91' lang='lat' dir='ltr'><strong>ﬁeri,</strong></span> <span class='ocrx_word' id='word_1_339' title='bbox 1431 3392 1491 3437; x_wconf 93' lang='lat' dir='ltr'><strong>ut</strong></span> <span class='ocrx_word' id='word_1_340' title='bbox 1515 3384 1669 3437; x_wconf 92' lang='lat' dir='ltr'><strong>multi</strong></span> <span class='ocrx_word' id='word_1_341' title='bbox 1699 3393 1904 3455; x_wconf 90' lang='lat' dir='ltr'><strong>tempo-</strong></span> 
     </span>
    </p>
   </div>
   <div class='ocr_carea' id='block_1_47' title="bbox 332 3465 1903 3547">
    <p class='ocr_par' dir='ltr' id='par_1_47' title="bbox 332 3465 1903 3547">
     <span class='ocr_line' id='line_1_47' title="bbox 332 3465 1903 3547; baseline 0.008 -28"><span class='ocrx_word' id='word_1_342' title='bbox 332 3465 409 3522; x_wconf 88' lang='lat' dir='ltr'><strong>ris</strong></span> <span class='ocrx_word' id='word_1_343' title='bbox 440 3467 830 3538; x_wconf 90' lang='lat' dir='ltr'><strong>negligentiam</strong></span> <span class='ocrx_word' id='word_1_344' title='bbox 870 3470 1054 3525; x_wconf 85' lang='lat' dir='ltr'><strong>brevis</strong></span> <span class='ocrx_word' id='word_1_345' title='bbox 1083 3478 1137 3526; x_wconf 93' lang='lat' dir='ltr'><strong>et</strong></span> <span class='ocrx_word' id='word_1_346' title='bbox 1169 3472 1393 3528; x_wconf 90' lang='lat' dir='ltr'><strong>assidua</strong></span> <span class='ocrx_word' id='word_1_347' title='bbox 1426 3486 1642 3545; x_wconf 90' lang='lat' dir='ltr'><strong>reparet</strong></span> <span class='ocrx_word' id='word_1_348' title='bbox 1668 3476 1903 3547; x_wconf 85' lang='lat' dir='ltr'><strong>diligen-</strong></span> 
     </span>
    </p>
   </div>
   <div class='ocr_carea' id='block_1_48' title="bbox 331 3557 1901 3639">
    <p class='ocr_par' dir='ltr' id='par_1_48' title="bbox 331 3557 1901 3639">
     <span class='ocr_line' id='line_1_48' title="bbox 331 3557 1901 3639; baseline 0.008 -26"><span class='ocrx_word' id='word_1_349' title='bbox 331 3560 426 3615; x_wconf 83' lang='lat' dir='ltr'><strong>tia.</strong></span> <span class='ocrx_word' id='word_1_350' title='bbox 470 3557 743 3615; x_wconf 86' lang='lat' dir='ltr'><strong>Incertum</strong></span> <span class='ocrx_word' id='word_1_351' title='bbox 782 3577 1018 3633; x_wconf 90' lang='lat' dir='ltr'><strong>namque</strong></span> <span class='ocrx_word' id='word_1_352' title='bbox 1072 3572 1157 3619; x_wconf 90' lang='lat' dir='ltr'><strong>est</strong></span> <span class='ocrx_word' id='word_1_353' title='bbox 1206 3567 1642 3638; x_wconf 90' lang='lat' dir='ltr'><strong>uniuscujusque</strong></span> <span class='ocrx_word' id='word_1_354' title='bbox 1686 3576 1901 3639; x_wconf 80' lang='lat' dir='ltr'><strong>tempus</strong></span> 
     </span>
    </p>
   </div>
   <div class='ocr_carea' id='block_1_49' title="bbox 327 3654 1900 3728">
    <p class='ocr_par' dir='ltr' id='par_1_49' title="bbox 327 3654 1900 3728">
     <span class='ocr_line' id='line_1_49' title="bbox 327 3654 1900 3728; baseline 0.006 -20"><span class='ocrx_word' id='word_1_355' title='bbox 327 3657 475 3709; x_wconf 81' lang='lat' dir='ltr'><strong>vita.</strong></span> <span class='ocrx_word' id='word_1_356' title='bbox 507 3654 576 3708; x_wconf 84' lang='lat' dir='ltr'><strong>Et</strong></span> <span class='ocrx_word' id='word_1_357' title='bbox 606 3656 727 3711; x_wconf 90' lang='lat' dir='ltr'><strong>ideo</strong></span> <span class='ocrx_word' id='word_1_358' title='bbox 758 3656 1130 3713; x_wconf 74' lang='lat' dir='ltr'><strong>festinandum</strong></span> <span class='ocrx_word' id='word_1_359' title='bbox 1154 3667 1238 3714; x_wconf 89' lang='lat' dir='ltr'><strong>est</strong></span> <span class='ocrx_word' id='word_1_360' title='bbox 1270 3660 1337 3715; x_wconf 90' lang='lat' dir='ltr'><strong>ad</strong></span> <span class='ocrx_word' id='word_1_361' title='bbox 1369 3660 1621 3728; x_wconf 85' lang='lat' dir='ltr'><strong>salutem,</strong></span> <span class='ocrx_word' id='word_1_362' title='bbox 1652 3677 1720 3716; x_wconf 92' lang='lat' dir='ltr'><strong>ne</strong></span> <span class='ocrx_word' id='word_1_363' title='bbox 1757 3660 1900 3718; x_wconf 83' lang='lat' dir='ltr'><strong>forte</strong></span> 
     </span>
    </p>
   </div>
   <div class='ocr_carea' id='block_1_50' title="bbox 327 3750 1970 3834">
    <p class='ocr_par' dir='ltr' id='par_1_50' title="bbox 327 3750 1970 3834">
     <span class='ocr_line' id='line_1_50' title="bbox 327 3750 1970 3834; baseline 0.004 -31"><span class='ocrx_word' id='word_1_364' title='bbox 327 3756 676 3805; x_wconf 88' lang='lat' dir='ltr'><strong>cunctantem</strong></span> <span class='ocrx_word' id='word_1_365' title='bbox 698 3765 847 3806; x_wconf 88' lang='lat' dir='ltr'><strong>mors</strong></span> <span class='ocrx_word' id='word_1_366' title='bbox 872 3750 1153 3822; x_wconf 87' lang='lat' dir='ltr'><strong>repentina</strong></span> <span class='ocrx_word' id='word_1_367' title='bbox 1179 3751 1554 3821; x_wconf 77' lang='lat' dir='ltr'><strong>praveniat.&quot;</strong></span> <span class='ocrx_word' id='word_1_368' title='bbox 1603 3753 1671 3807; x_wconf 86' lang='lat' dir='ltr'><strong>Et</strong></span> <span class='ocrx_word' id='word_1_369' title='bbox 1698 3754 1768 3809; x_wconf 89' lang='lat' dir='ltr'><strong>ob</strong></span> <span class='ocrx_word' id='word_1_370' title='bbox 1797 3754 1901 3809; x_wconf 91' lang='lat' dir='ltr'><strong>hoc</strong></span> <span class='ocrx_word' id='word_1_371' title='bbox 1926 3776 1970 3834; x_wconf 68' lang='grc' dir='ltr'><strong>ρ</strong></span> 
     </span>
    </p>
   </div>
   <div class='ocr_carea' id='block_1_51' title="bbox 326 3841 1898 3917">
    <p class='ocr_par' dir='ltr' id='par_1_51' title="bbox 326 3841 1898 3917">
     <span class='ocr_line' id='line_1_51' title="bbox 326 3841 1898 3917; baseline 0.005 -22"><span class='ocrx_word' id='word_1_372' title='bbox 326 3841 513 3897; x_wconf 86' lang='lat' dir='ltr'><strong>acrius</strong></span> <span class='ocrx_word' id='word_1_373' title='bbox 560 3841 914 3898; x_wconf 89' lang='lat' dir='ltr'><strong>adnitendum</strong></span> <span class='ocrx_word' id='word_1_374' title='bbox 946 3844 992 3875; x_wconf 81' lang='grc'>⁸⁸</span> <span class='ocrx_word' id='word_1_375' title='bbox 1022 3851 1127 3910; x_wconf 90' lang='lat' dir='ltr'><strong>est,</strong></span> <span class='ocrx_word' id='word_1_376' title='bbox 1177 3852 1258 3906; x_wconf 89' lang='lat' dir='ltr'><strong>ut.</strong></span> <span class='ocrx_word' id='word_1_377' title='bbox 1311 3844 1439 3900; x_wconf 89' lang='lat' dir='ltr'><strong>dum</strong></span> <span class='ocrx_word' id='word_1_378' title='bbox 1497 3853 1583 3901; x_wconf 89' lang='lat' dir='ltr'><strong>est</strong></span> <span class='ocrx_word' id='word_1_379' title='bbox 1637 3848 1898 3917; x_wconf 86' lang='lat' dir='ltr'><strong>temporis</strong></span> 
     </span>
    </p>
   </div>
   <div class='ocr_carea' id='block_1_52' title="bbox 326 3934 1900 4005">
    <p class='ocr_par' dir='ltr' id='par_1_52' title="bbox 326 3934 1900 4005">
     <span class='ocr_line' id='line_1_52' title="bbox 326 3934 1900 4005; baseline 0.001 -12"><span class='ocrx_word' id='word_1_380' title='bbox 326 3934 590 4005; x_wconf 65' lang='lat' dir='ltr'><strong>Spatium,</strong></span> <span class='ocrx_word' id='word_1_381' title='bbox 622 3936 848 3991; x_wconf 89' lang='lat' dir='ltr'><strong>collecta</strong></span> <span class='ocrx_word' id='word_1_382' title='bbox 879 3937 1033 3992; x_wconf 83' lang='lat' dir='ltr'><strong>mala</strong></span> <span class='ocrx_word' id='word_1_383' title='bbox 1056 3937 1471 3993; x_wconf 87' lang='lat' dir='ltr'><strong>consuetudinis</strong></span> <span class='ocrx_word' id='word_1_384' title='bbox 1491 3938 1621 3993; x_wconf 89' lang='lat' dir='ltr'><strong>vitia</strong></span> <span class='ocrx_word' id='word_1_385' title='bbox 1650 3954 1900 3996; x_wconf 88' lang='lat' dir='ltr'><strong>resecen-</strong></span> 
     </span>
    </p>
   </div>
   <div class='ocr_carea' id='block_1_53' title="bbox 327 4027 1898 4101">
    <p class='ocr_par' dir='ltr' id='par_1_53' title="bbox 327 4027 1898 4101">
     <span class='ocr_line' id='line_1_53' title="bbox 327 4027 1898 4101; baseline 0.002 -18"><span class='ocrx_word' id='word_1_386' title='bbox 327 4035 436 4084; x_wconf 86' lang='lat' dir='ltr'><strong>tur.</strong></span> <span class='ocrx_word' id='word_1_387' title='bbox 470 4027 627 4094; x_wconf 87' lang='lat' dir='ltr'><strong>Quod</strong></span> <span class='ocrx_word' id='word_1_388' title='bbox 656 4044 767 4084; x_wconf 92' lang='lat' dir='ltr'><strong>non</strong></span> <span class='ocrx_word' id='word_1_389' title='bbox 821 4029 980 4084; x_wconf 88' lang='lat' dir='ltr'><strong>aliter</strong></span> <span class='ocrx_word' id='word_1_390' title='bbox 1013 4028 1192 4085; x_wconf 78' lang='lat' dir='ltr'><strong>facere</strong></span> <span class='ocrx_word' id='word_1_391' title='bbox 1234 4030 1503 4101; x_wconf 89' lang='lat' dir='ltr'><strong>poteritis,</strong></span> <span class='ocrx_word' id='word_1_392' title='bbox 1548 4031 1652 4086; x_wconf 88' lang='lat' dir='ltr'><strong>nisi</strong></span> <span class='ocrx_word' id='word_1_393' title='bbox 1686 4039 1743 4087; x_wconf 92' lang='lat' dir='ltr'><strong>ut</strong></span> <span class='ocrx_word' id='word_1_394' title='bbox 1789 4032 1898 4087; x_wconf 84' lang='lat' dir='ltr'><strong>ira-</strong></span> 
     </span>
    </p>
   </div>
   <div class='ocr_carea' id='block_1_54' title="bbox 324 4122 1898 4195">
    <p class='ocr_par' dir='ltr' id='par_1_54' title="bbox 324 4122 1898 4195">
     <span class='ocr_line' id='line_1_54' title="bbox 324 4122 1898 4195; baseline 0.003 -20"><span class='ocrx_word' id='word_1_395' title='bbox 324 4122 560 4195; x_wconf 68' lang='lat' dir='ltr'><strong>scamini</strong></span> <span class='ocrx_word' id='word_1_396' title='bbox 592 4123 993 4193; x_wconf 88' lang='lat' dir='ltr'><strong>quodammodo</strong></span> <span class='ocrx_word' id='word_1_397' title='bbox 1048 4123 1334 4179; x_wconf 89' lang='lat' dir='ltr'><strong>adversum</strong></span> <span class='ocrx_word' id='word_1_398' title='bbox 1385 4125 1745 4194; x_wconf 78' lang='lat' dir='ltr'><strong>vosmetipsos</strong></span> <span class='ocrx_word' id='word_1_399' title='bbox 1799 4141 1898 4195; x_wconf 91' lang='lat' dir='ltr'><strong>pro</strong></span> 
     </span>
    </p>
   </div>
   <div class='ocr_carea' id='block_1_55' title="bbox 326 4214 1894 4286">
    <p class='ocr_par' dir='ltr' id='par_1_55' title="bbox 326 4214 1894 4286">
     <span class='ocr_line' id='line_1_55' title="bbox 326 4214 1894 4286; baseline 0.002 -16"><span class='ocrx_word' id='word_1_400' title='bbox 326 4214 413 4271; x_wconf 89' lang='lat' dir='ltr'><strong>bis</strong></span> <span class='ocrx_word' id='word_1_401' title='bbox 440 4230 564 4285; x_wconf 77' lang='lat' dir='ltr'><strong>qua</strong></span> <span class='ocrx_word' id='word_1_402' title='bbox 593 4215 859 4271; x_wconf 90' lang='lat' dir='ltr'><strong>inutiliter</strong></span> <span class='ocrx_word' id='word_1_403' title='bbox 911 4216 1161 4286; x_wconf 89' lang='lat' dir='ltr'><strong>gessistis</strong></span> <span class='ocrx_word' id='word_1_404' title='bbox 1189 4229 1254 4271; x_wconf 88' lang='lat' dir='ltr'><strong>ac</strong></span> <span class='ocrx_word' id='word_1_405' title='bbox 1292 4216 1547 4285; x_wconf 84' lang='lat' dir='ltr'><strong>turpiter.</strong></span> <span class='ocrx_word' id='word_1_406' title='bbox 1583 4215 1708 4271; x_wconf 82' lang='lat' dir='ltr'><strong>Hac</strong></span> <span class='ocrx_word' id='word_1_407' title='bbox 1746 4217 1894 4273; x_wconf 91' lang='lat' dir='ltr'><strong>enim</strong></span> 
     </span>
    </p>
   </div>
   <div class='ocr_carea' id='block_1_56' title="bbox 323 4302 1893 4379">
    <p class='ocr_par' dir='ltr' id='par_1_56' title="bbox 323 4302 1893 4379">
     <span class='ocr_line' id='line_1_56' title="bbox 323 4302 1893 4379; baseline 0 -15"><span class='ocrx_word' id='word_1_408' title='bbox 323 4316 408 4364; x_wconf 87' lang='lat' dir='ltr'><strong>est</strong></span> <span class='ocrx_word' id='word_1_409' title='bbox 438 4302 591 4365; x_wconf 81' lang='lat' dir='ltr'><strong>utilis</strong></span> <span class='ocrx_word' id='word_1_410' title='bbox 618 4309 664 4342; x_wconf 84' lang='lat'><strong>&quot;’</strong></span> <span class='ocrx_word' id='word_1_411' title='bbox 689 4310 797 4365; x_wconf 84' lang='lat' dir='ltr'><strong>vita</strong></span> <span class='ocrx_word' id='word_1_412' title='bbox 826 4309 895 4375; x_wconf 83' lang='grc'><strong>⁸⁸,</strong></span> <span class='ocrx_word' id='word_1_413' title='bbox 920 4310 1139 4379; x_wconf 86' lang='lat' dir='ltr'><strong>etjusta</strong></span> <span class='ocrx_word' id='word_1_414' title='bbox 1160 4317 1215 4365; x_wconf 92' lang='lat' dir='ltr'><strong>et</strong></span> <span class='ocrx_word' id='word_1_415' title='bbox 1244 4310 1557 4365; x_wconf 83' lang='lat' dir='ltr'><strong>necessaria</strong></span> <span class='ocrx_word' id='word_1_416' title='bbox 1587 4310 1893 4376; x_wconf 85' lang='lat' dir='ltr'><strong>iracundia,</strong></span> 
     </span>
    </p>
   </div>
   <div class='ocr_carea' id='block_1_57' title="bbox 324 4401 1893 4473">
    <p class='ocr_par' dir='ltr' id='par_1_57' title="bbox 324 4401 1893 4473">
     <span class='ocr_line' id='line_1_57' title="bbox 324 4401 1893 4473; baseline 0.001 -18"><span class='ocrx_word' id='word_1_417' title='bbox 324 4409 382 4456; x_wconf 89' lang='lat' dir='ltr'><strong>ut</strong></span> <span class='ocrx_word' id='word_1_418' title='bbox 412 4402 813 4473; x_wconf 87' lang='lat' dir='ltr'><strong>unusquisque,</strong></span> <span class='ocrx_word' id='word_1_419' title='bbox 870 4401 925 4457; x_wconf 92' lang='lat' dir='ltr'><strong>in</strong></span> <span class='ocrx_word' id='word_1_420' title='bbox 977 4402 1178 4473; x_wconf 91' lang='lat' dir='ltr'><strong>quibus</strong></span> <span class='ocrx_word' id='word_1_421' title='bbox 1226 4403 1454 4467; x_wconf 89' lang='lat' dir='ltr'><strong>erravit,</strong></span> <span class='ocrx_word' id='word_1_422' title='bbox 1504 4410 1560 4458; x_wconf 89' lang='lat' dir='ltr'><strong>et</strong></span> <span class='ocrx_word' id='word_1_423' title='bbox 1608 4417 1893 4473; x_wconf 89' lang='lat' dir='ltr'><strong>perperam</strong></span> 
     </span>
    </p>
   </div>
   <div class='ocr_carea' id='block_1_58' title="bbox 322 4494 1891 4567">
    <p class='ocr_par' dir='ltr' id='par_1_58' title="bbox 322 4494 1891 4567">
     <span class='ocr_line' id='line_1_58' title="bbox 322 4494 1891 4567; baseline -0.001 -16"><span class='ocrx_word' id='word_1_424' title='bbox 322 4496 512 4565; x_wconf 83' lang='lat' dir='ltr'><strong>gessit,</strong></span> <span class='ocrx_word' id='word_1_425' title='bbox 541 4495 877 4567; x_wconf 88' lang='lat' dir='ltr'><strong>indignetur,</strong></span> <span class='ocrx_word' id='word_1_426' title='bbox 915 4504 969 4551; x_wconf 93' lang='lat' dir='ltr'><strong>et</strong></span> <span class='ocrx_word' id='word_1_427' title='bbox 1014 4495 1369 4566; x_wconf 89' lang='lat' dir='ltr'><strong>semetipsum</strong></span> <span class='ocrx_word' id='word_1_428' title='bbox 1398 4504 1639 4551; x_wconf 87' lang='lat' dir='ltr'><strong>accuset.</strong></span> <span class='ocrx_word' id='word_1_429' title='bbox 1675 4494 1754 4550; x_wconf 78' lang='lat' dir='ltr'><strong>Ex</strong></span> <span class='ocrx_word' id='word_1_430' title='bbox 1784 4512 1891 4567; x_wconf 89' lang='lat' dir='ltr'><strong>qua</strong></span> 
     </span>
    </p>
   </div>
   <div class='ocr_carea' id='block_1_59' title="bbox 322 4588 1889 4661">
    <p class='ocr_par' dir='ltr' id='par_1_59' title="bbox 322 4588 1889 4661">
     <span class='ocr_line' id='line_1_59' title="bbox 322 4588 1889 4661; baseline 0.003 -20"><span class='ocrx_word' id='word_1_431' title='bbox 322 4588 699 4659; x_wconf 89' lang='lat' dir='ltr'><strong>indignatione</strong></span> <span class='ocrx_word' id='word_1_432' title='bbox 733 4588 1051 4643; x_wconf 89' lang='lat' dir='ltr'><strong>accenditur</strong></span> <span class='ocrx_word' id='word_1_433' title='bbox 1080 4588 1136 4643; x_wconf 90' lang='lat' dir='ltr'><strong>in</strong></span> <span class='ocrx_word' id='word_1_434' title='bbox 1168 4589 1328 4644; x_wconf 90' lang='lat' dir='ltr'><strong>nobis</strong></span> <span class='ocrx_word' id='word_1_435' title='bbox 1359 4588 1502 4660; x_wconf 88' lang='lat' dir='ltr'><strong>ignis</strong></span> <span class='ocrx_word' id='word_1_436' title='bbox 1528 4588 1769 4659; x_wconf 87' lang='lat' dir='ltr'><strong>quidam,</strong></span> <span class='ocrx_word' id='word_1_437' title='bbox 1798 4592 1889 4661; x_wconf 92' lang='lat' dir='ltr'><strong>qui</strong></span> 
     </span>
    </p>
   </div>
   <div class='ocr_carea' id='block_1_60' title="bbox 321 4680 1894 4752">
    <p class='ocr_par' dir='ltr' id='par_1_60' title="bbox 321 4680 1894 4752">
     <span class='ocr_line' id='line_1_60' title="bbox 321 4680 1894 4752; baseline 0.003 -19"><span class='ocrx_word' id='word_1_438' title='bbox 321 4680 471 4734; x_wconf 90' lang='lat' dir='ltr'><strong>velut</strong></span> <span class='ocrx_word' id='word_1_439' title='bbox 504 4696 636 4751; x_wconf 90' lang='lat' dir='ltr'><strong>agro</strong></span> <span class='ocrx_word' id='word_1_440' title='bbox 666 4680 840 4736; x_wconf 85' lang='lat' dir='ltr'><strong>sterili</strong></span> <span class='ocrx_word' id='word_1_441' title='bbox 865 4680 1164 4744; x_wconf 89' lang='lat' dir='ltr'><strong>immissus,</strong></span> <span class='ocrx_word' id='word_1_442' title='bbox 1197 4682 1543 4752; x_wconf 86' lang='lat' dir='ltr'><strong>consumptis</strong></span> <span class='ocrx_word' id='word_1_443' title='bbox 1565 4688 1619 4736; x_wconf 90' lang='lat' dir='ltr'><strong>et</strong></span> <span class='ocrx_word' id='word_1_444' title='bbox 1647 4682 1894 4741; x_wconf 78' lang='lat' dir='ltr'><strong>excoctis</strong></span> 
     </span>
    </p>
   </div>
   <div class='ocr_carea' id='block_1_61' title="bbox 321 4771 1892 4842">
    <p class='ocr_par' dir='ltr' id='par_1_61' title="bbox 321 4771 1892 4842">
     <span class='ocr_line' id='line_1_61' title="bbox 321 4771 1892 4842; baseline 0.003 -17"><span class='ocrx_word' id='word_1_445' title='bbox 321 4771 601 4828; x_wconf 85' lang='lat' dir='ltr'><strong>radicibus</strong></span> <span class='ocrx_word' id='word_1_446' title='bbox 624 4773 875 4842; x_wconf 84' lang='lat' dir='ltr'><strong>pessima</strong></span> <span class='ocrx_word' id='word_1_447' title='bbox 901 4772 1199 4829; x_wconf 87' lang='lat' dir='ltr'><strong>voluntatis</strong></span> <span class='ocrx_word' id='word_1_448' title='bbox 1229 4773 1297 4838; x_wconf 70' lang='grc' dir='ltr'><strong>ε’,</strong></span> <span class='ocrx_word' id='word_1_449' title='bbox 1328 4773 1472 4828; x_wconf 88' lang='lat' dir='ltr'><strong>bono</strong></span> <span class='ocrx_word' id='word_1_450' title='bbox 1504 4773 1699 4829; x_wconf 90' lang='lat' dir='ltr'><strong>semini</strong></span> <span class='ocrx_word' id='word_1_451' title='bbox 1728 4774 1892 4829; x_wconf 90' lang='lat' dir='ltr'><strong>verbo</strong></span> 
     </span>
    </p>
   </div>
   <div class='ocr_carea' id='block_1_62' title="bbox 321 4861 1892 4937">
    <p class='ocr_par' dir='ltr' id='par_1_62' title="bbox 321 4861 1892 4937">
     <span class='ocr_line' id='line_1_62' title="bbox 321 4861 1892 4937; baseline 0.002 -19"><span class='ocrx_word' id='word_1_452' title='bbox 321 4861 415 4918; x_wconf 87' lang='lat' dir='ltr'><strong>Dei</strong></span> <span class='ocrx_word' id='word_1_453' title='bbox 440 4862 816 4921; x_wconf 77' lang='lat' dir='ltr'><strong>fecundiorem</strong></span> <span class='ocrx_word' id='word_1_454' title='bbox 847 4866 1031 4922; x_wconf 88' lang='lat' dir='ltr'><strong>cordis</strong></span> <span class='ocrx_word' id='word_1_455' title='bbox 1061 4875 1328 4937; x_wconf 86' lang='lat' dir='ltr'><strong>praparet</strong></span> <span class='ocrx_word' id='word_1_456' title='bbox 1362 4867 1595 4937; x_wconf 85' lang='lat' dir='ltr'><strong>glebam.</strong></span> <span class='ocrx_word' id='word_1_457' title='bbox 1637 4866 1776 4922; x_wconf 90' lang='lat' dir='ltr'><strong>Puto</strong></span> <span class='ocrx_word' id='word_1_458' title='bbox 1800 4882 1892 4921; x_wconf 86' lang='lat' dir='ltr'><strong>au-</strong></span> 
     </span>
    </p>
   </div>
   <div class='ocr_carea' id='block_1_63' title="bbox 319 4958 1885 5031">
    <p class='ocr_par' dir='ltr' id='par_1_63' title="bbox 319 4958 1885 5031">
     <span class='ocr_line' id='line_1_63' title="bbox 319 4958 1885 5031; baseline 0.001 -18"><span class='ocrx_word' id='word_1_459' title='bbox 319 4964 451 5020; x_wconf 77' lang='lat' dir='ltr'><strong>tem,</strong></span> <span class='ocrx_word' id='word_1_460' title='bbox 480 4958 627 5028; x_wconf 89' lang='lat' dir='ltr'><strong>quod</strong></span> <span class='ocrx_word' id='word_1_461' title='bbox 658 4959 795 5015; x_wconf 87' lang='lat' dir='ltr'><strong>satis</strong></span> <span class='ocrx_word' id='word_1_462' title='bbox 825 4959 1019 5031; x_wconf 84' lang='lat' dir='ltr'><strong>dignas</strong></span> <span class='ocrx_word' id='word_1_463' title='bbox 1044 4960 1291 5016; x_wconf 86' lang='lat' dir='ltr'><strong>habeatis</strong></span> <span class='ocrx_word' id='word_1_464' title='bbox 1334 4974 1532 5015; x_wconf 90' lang='lat' dir='ltr'><strong>causas</strong></span> <span class='ocrx_word' id='word_1_465' title='bbox 1569 4958 1885 5024; x_wconf 83' lang='lat' dir='ltr'><strong>iracundia.</strong></span> 
     </span>
    </p>
   </div>
   <div class='ocr_carea' id='block_1_64' title="bbox 316 5050 1886 5125">
    <p class='ocr_par' dir='ltr' id='par_1_64' title="bbox 316 5050 1886 5125">
     <span class='ocr_line' id='line_1_64' title="bbox 316 5050 1886 5125; baseline 0.001 -19"><span class='ocrx_word' id='word_1_466' title='bbox 316 5063 384 5106; x_wconf 78' lang='lat' dir='ltr'><strong>ex</strong></span> <span class='ocrx_word' id='word_1_467' title='bbox 429 5050 632 5121; x_wconf 87' lang='lat' dir='ltr'><strong>quibus</strong></span> <span class='ocrx_word' id='word_1_468' title='bbox 676 5051 1017 5122; x_wconf 73' lang='lat' dir='ltr'><strong>iustissimus</strong></span> <span class='ocrx_word' id='word_1_469' title='bbox 1062 5053 1205 5125; x_wconf 88' lang='lat' dir='ltr'><strong>ignis</strong></span> <span class='ocrx_word' id='word_1_470' title='bbox 1256 5053 1365 5109; x_wconf 87' lang='lat' dir='ltr'><strong>iste</strong></span> <span class='ocrx_word' id='word_1_471' title='bbox 1390 5052 1666 5109; x_wconf 83' lang='lat' dir='ltr'><strong>coalescat</strong></span> <span class='ocrx_word' id='word_1_472' title='bbox 1706 5053 1795 5119; x_wconf 75' lang='grc'><strong>⁸⁸⁸,</strong></span> <span class='ocrx_word' id='word_1_473' title='bbox 1839 5053 1886 5109; x_wconf 91' lang='lat' dir='ltr'><strong>si</strong></span> 
     </span>
    </p>
   </div>
   <div class='ocr_carea' id='block_1_65' title="bbox 2010 2539 3590 2612">
    <p class='ocr_par' dir='ltr' id='par_1_65' title="bbox 2010 2539 3590 2612">
     <span class='ocr_line' id='line_1_65' title="bbox 2010 2539 3590 2612; baseline 0.008 -20"><span class='ocrx_word' id='word_1_474' title='bbox 2010 2539 2303 2609; x_wconf 85' lang='lat' dir='ltr'><strong>ceptricem</strong></span> <span class='ocrx_word' id='word_1_475' title='bbox 2347 2555 2501 2595; x_wconf 91' lang='lat' dir='ltr'><strong>suam</strong></span> <span class='ocrx_word' id='word_1_476' title='bbox 2542 2540 2895 2611; x_wconf 90' lang='lat' dir='ltr'><strong>conciperent</strong></span> <span class='ocrx_word' id='word_1_477' title='bbox 2931 2542 3318 2612; x_wconf 87' lang='lat' dir='ltr'><strong>ignorantiam.</strong></span> <span class='ocrx_word' id='word_1_478' title='bbox 3356 2544 3439 2603; x_wconf 90' lang='lat' dir='ltr'><strong>Ob</strong></span> <span class='ocrx_word' id='word_1_479' title='bbox 3482 2549 3590 2604; x_wconf 85' lang='lat' dir='ltr'><strong>hoc</strong></span> 
     </span>
    </p>
   </div>
   <div class='ocr_carea' id='block_1_66' title="bbox 2008 2629 3587 2710">
    <p class='ocr_par' dir='ltr' id='par_1_66' title="bbox 2008 2629 3587 2710">
     <span class='ocr_line' id='line_1_66' title="bbox 2008 2629 3587 2710; baseline 0.006 -25"><span class='ocrx_word' id='word_1_480' title='bbox 2008 2629 2192 2701; x_wconf 87' lang='lat' dir='ltr'><strong>itaque</strong></span> <span class='ocrx_word' id='word_1_481' title='bbox 2213 2630 2427 2686; x_wconf 87' lang='lat' dir='ltr'><strong>dicebat</strong></span> <span class='ocrx_word' id='word_1_482' title='bbox 2460 2650 2471 2686; x_wconf 93' lang='lat'>:</span> <span class='ocrx_word' id='word_1_483' title='bbox 2507 2630 2689 2702; x_wconf 85' lang='lat' dir='ltr'><strong>Ignem</strong></span> <span class='ocrx_word' id='word_1_484' title='bbox 2717 2634 2833 2687; x_wconf 84' lang='lat' dir='ltr'><strong>veni</strong></span> <span class='ocrx_word' id='word_1_485' title='bbox 2864 2635 3070 2691; x_wconf 83' lang='lat' dir='ltr'><strong>mittere</strong></span> <span class='ocrx_word' id='word_1_486' title='bbox 3098 2636 3154 2690; x_wconf 90' lang='lat' dir='ltr'><strong>in</strong></span> <span class='ocrx_word' id='word_1_487' title='bbox 3184 2645 3402 2701; x_wconf 89' lang='lat' dir='ltr'><strong>terram,</strong></span> <span class='ocrx_word' id='word_1_488' title='bbox 3434 2655 3587 2710; x_wconf 83' lang='lat' dir='ltr'><strong>quem</strong></span> 
     </span>
    </p>
   </div>
   <div class='ocr_carea' id='block_1_67' title="bbox 2005 2723 3589 2803">
    <p class='ocr_par' dir='ltr' id='par_1_67' title="bbox 2005 2723 3589 2803">
     <span class='ocr_line' id='line_1_67' title="bbox 2005 2723 3589 2803; baseline 0.008 -26"><span class='ocrx_word' id='word_1_489' title='bbox 2005 2724 2119 2777; x_wconf 76' lang='lat' dir='ltr'><strong>uolo</strong></span> <span class='ocrx_word' id='word_1_490' title='bbox 2152 2734 2209 2777; x_wconf 86' lang='lat' dir='ltr'><strong>ut</strong></span> <span class='ocrx_word' id='word_1_491' title='bbox 2238 2723 2638 2781; x_wconf 79' lang='lat' dir='ltr'><strong>accendatur&quot;.</strong></span> <span class='ocrx_word' id='word_1_492' title='bbox 2671 2724 2767 2779; x_wconf 89' lang='lat' dir='ltr'><strong>Est</strong></span> <span class='ocrx_word' id='word_1_493' title='bbox 2803 2742 2935 2799; x_wconf 91' lang='lat' dir='ltr'><strong>ergo</strong></span> <span class='ocrx_word' id='word_1_494' title='bbox 2962 2744 3141 2800; x_wconf 91' lang='lat' dir='ltr'><strong>pugna</strong></span> <span class='ocrx_word' id='word_1_495' title='bbox 3172 2730 3440 2800; x_wconf 85' lang='lat' dir='ltr'><strong>quadam,</strong></span> <span class='ocrx_word' id='word_1_496' title='bbox 3464 2748 3589 2803; x_wconf 77' lang='lat' dir='ltr'><strong>qua</strong></span> 
     </span>
    </p>
   </div>
   <div class='ocr_carea' id='block_1_68' title="bbox 2005 2814 3587 2886">
    <p class='ocr_par' dir='ltr' id='par_1_68' title="bbox 2005 2814 3587 2886">
     <span class='ocr_line' id='line_1_68' title="bbox 2005 2814 3587 2886; baseline 0.008 -16"><span class='ocrx_word' id='word_1_497' title='bbox 2005 2814 2242 2886; x_wconf 90' lang='lat' dir='ltr'><strong>gerenda</strong></span> <span class='ocrx_word' id='word_1_498' title='bbox 2266 2816 2425 2871; x_wconf 91' lang='lat' dir='ltr'><strong>nobis</strong></span> <span class='ocrx_word' id='word_1_499' title='bbox 2454 2825 2536 2871; x_wconf 85' lang='lat' dir='ltr'><strong>est</strong></span> <span class='ocrx_word' id='word_1_500' title='bbox 2562 2817 2616 2871; x_wconf 95' lang='lat' dir='ltr'><strong>in</strong></span> <span class='ocrx_word' id='word_1_501' title='bbox 2647 2818 2750 2873; x_wconf 86' lang='lat' dir='ltr'><strong>hac</strong></span> <span class='ocrx_word' id='word_1_502' title='bbox 2777 2819 2909 2875; x_wconf 89' lang='lat' dir='ltr'><strong>vita.</strong></span> <span class='ocrx_word' id='word_1_503' title='bbox 2943 2818 3135 2876; x_wconf 90' lang='lat' dir='ltr'><strong>Sermo</strong></span> <span class='ocrx_word' id='word_1_504' title='bbox 3164 2822 3310 2877; x_wconf 91' lang='lat' dir='ltr'><strong>enim</strong></span> <span class='ocrx_word' id='word_1_505' title='bbox 3335 2823 3587 2882; x_wconf 87' lang='lat' dir='ltr'><strong>veritatis</strong></span> 
     </span>
    </p>
   </div>
   <div class='ocr_carea' id='block_1_69' title="bbox 2007 2907 3589 2981">
    <p class='ocr_par' dir='ltr' id='par_1_69' title="bbox 2007 2907 3589 2981">
     <span class='ocr_line' id='line_1_69' title="bbox 2007 2907 3589 2981; baseline 0.007 -19"><span class='ocrx_word' id='word_1_506' title='bbox 2007 2914 2061 2962; x_wconf 85' lang='lat' dir='ltr'><strong>et</strong></span> <span class='ocrx_word' id='word_1_507' title='bbox 2091 2907 2332 2963; x_wconf 79' lang='lat' dir='ltr'><strong>scientia</strong></span> <span class='ocrx_word' id='word_1_508' title='bbox 2364 2909 2678 2965; x_wconf 89' lang='lat' dir='ltr'><strong>necessario</strong></span> <span class='ocrx_word' id='word_1_509' title='bbox 2701 2920 2917 2981; x_wconf 89' lang='lat' dir='ltr'><strong>separet</strong></span> <span class='ocrx_word' id='word_1_510' title='bbox 2940 2911 3193 2970; x_wconf 90' lang='lat' dir='ltr'><strong>homines</strong></span> <span class='ocrx_word' id='word_1_511' title='bbox 3222 2914 3291 2969; x_wconf 90' lang='lat' dir='ltr'><strong>ab</strong></span> <span class='ocrx_word' id='word_1_512' title='bbox 3319 2931 3507 2973; x_wconf 84' lang='lat' dir='ltr'><strong>errore</strong></span> <span class='ocrx_word' id='word_1_513' title='bbox 3530 2926 3589 2973; x_wconf 84' lang='lat' dir='ltr'><strong>et</strong></span> 
     </span>
    </p>
   </div>
   <div class='ocr_carea' id='block_1_70' title="bbox 2008 2998 3582 3077">
    <p class='ocr_par' dir='ltr' id='par_1_70' title="bbox 2008 2998 3582 3077">
     <span class='ocr_line' id='line_1_70' title="bbox 2008 2998 3582 3077; baseline 0.008 -24"><span class='ocrx_word' id='word_1_514' title='bbox 2008 2998 2349 3071; x_wconf 84' lang='lat' dir='ltr'><strong>ignorantia;</strong></span> <span class='ocrx_word' id='word_1_515' title='bbox 2411 3002 2556 3057; x_wconf 91' lang='lat' dir='ltr'><strong>sicut</strong></span> <span class='ocrx_word' id='word_1_516' title='bbox 2609 3018 2753 3074; x_wconf 81' lang='lat' dir='ltr'><strong>saepe</strong></span> <span class='ocrx_word' id='word_1_517' title='bbox 2800 3005 3091 3072; x_wconf 89' lang='lat' dir='ltr'><strong>videmus,</strong></span> <span class='ocrx_word' id='word_1_518' title='bbox 3150 3006 3485 3077; x_wconf 77' lang='lat' dir='ltr'><strong>putrefactas</strong></span> <span class='ocrx_word' id='word_1_519' title='bbox 3527 3018 3582 3067; x_wconf 88' lang='lat' dir='ltr'><strong>et</strong></span> 
     </span>
    </p>
   </div>
   <div class='ocr_carea' id='block_1_71' title="bbox 2005 3097 3581 3167">
    <p class='ocr_par' dir='ltr' id='par_1_71' title="bbox 2005 3097 3581 3167">
     <span class='ocr_line' id='line_1_71' title="bbox 2005 3097 3581 3167; baseline 0.008 -21"><span class='ocrx_word' id='word_1_520' title='bbox 2005 3102 2279 3149; x_wconf 88' lang='lat' dir='ltr'><strong>emortuas</strong></span> <span class='ocrx_word' id='word_1_521' title='bbox 2313 3110 2508 3151; x_wconf 88' lang='lat' dir='ltr'><strong>carnes</strong></span> <span class='ocrx_word' id='word_1_522' title='bbox 2549 3097 2795 3167; x_wconf 85' lang='lat' dir='ltr'><strong>corporis</strong></span> <span class='ocrx_word' id='word_1_523' title='bbox 2834 3113 2865 3152; x_wconf 89' lang='lat' dir='ltr'><strong>a</strong></span> <span class='ocrx_word' id='word_1_524' title='bbox 2897 3099 3240 3156; x_wconf 81' lang='lat' dir='ltr'><strong>connexione</strong></span> <span class='ocrx_word' id='word_1_525' title='bbox 3278 3101 3581 3159; x_wconf 89' lang='lat' dir='ltr'><strong>viventium</strong></span> 
     </span>
    </p>
   </div>
   <div class='ocr_carea' id='block_1_72' title="bbox 2005 3186 3591 3268">
    <p class='ocr_par' dir='ltr' id='par_1_72' title="bbox 2005 3186 3591 3268">
     <span class='ocr_line' id='line_1_72' title="bbox 2005 3186 3591 3268; baseline 0.009 -29"><span class='ocrx_word' id='word_1_526' title='bbox 2005 3186 2403 3252; x_wconf 88' lang='lat' dir='ltr'><strong>membrororn,</strong></span> <span class='ocrx_word' id='word_1_527' title='bbox 2439 3187 2586 3245; x_wconf 76' lang='lat' dir='ltr'><strong>ferro</strong></span> <span class='ocrx_word' id='word_1_528' title='bbox 2617 3196 2839 3246; x_wconf 85' lang='lat' dir='ltr'><strong>secante</strong></span> <span class='ocrx_word' id='word_1_529' title='bbox 2868 3190 2935 3257; x_wconf 85' lang='lat'><strong>&quot;,</strong></span> <span class='ocrx_word' id='word_1_530' title='bbox 2971 3193 3240 3263; x_wconf 81' lang='lat' dir='ltr'><strong>separari.</strong></span> <span class='ocrx_word' id='word_1_531' title='bbox 3288 3192 3421 3251; x_wconf 88' lang='lat' dir='ltr'><strong>Tale</strong></span> <span class='ocrx_word' id='word_1_532' title='bbox 3449 3211 3591 3268; x_wconf 86' lang='lat' dir='ltr'><strong>ergo</strong></span> 
     </span>
    </p>
   </div>
   <div class='ocr_carea' id='block_1_73' title="bbox 2006 3277 3585 3356">
    <p class='ocr_par' dir='ltr' id='par_1_73' title="bbox 2006 3277 3585 3356">
     <span class='ocr_line' id='line_1_73' title="bbox 2006 3277 3585 3356; baseline 0.01 -26"><span class='ocrx_word' id='word_1_533' title='bbox 2006 3277 2215 3348; x_wconf 90' lang='lat' dir='ltr'><strong>aliquid</strong></span> <span class='ocrx_word' id='word_1_534' title='bbox 2261 3288 2365 3341; x_wconf 82' lang='lat' dir='ltr'><strong>est,</strong></span> <span class='ocrx_word' id='word_1_535' title='bbox 2421 3281 2566 3351; x_wconf 89' lang='lat' dir='ltr'><strong>quod</strong></span> <span class='ocrx_word' id='word_1_536' title='bbox 2606 3282 2717 3352; x_wconf 89' lang='lat' dir='ltr'><strong>agit</strong></span> <span class='ocrx_word' id='word_1_537' title='bbox 2776 3282 3026 3340; x_wconf 88' lang='lat' dir='ltr'><strong>veritatis</strong></span> <span class='ocrx_word' id='word_1_538' title='bbox 3074 3284 3302 3356; x_wconf 88' lang='lat' dir='ltr'><strong>agnitio.</strong></span> <span class='ocrx_word' id='word_1_539' title='bbox 3345 3284 3585 3345; x_wconf 86' lang='lat' dir='ltr'><strong>Necesse</strong></span> 
     </span>
    </p>
   </div>
   <div class='ocr_carea' id='block_1_74' title="bbox 2009 3371 3583 3451">
    <p class='ocr_par' dir='ltr' id='par_1_74' title="bbox 2009 3371 3583 3451">
     <span class='ocr_line' id='line_1_74' title="bbox 2009 3371 3583 3451; baseline 0.007 -26"><span class='ocrx_word' id='word_1_540' title='bbox 2009 3371 2178 3437; x_wconf 88' lang='lat' dir='ltr'><strong>enim,</strong></span> <span class='ocrx_word' id='word_1_541' title='bbox 2208 3380 2270 3427; x_wconf 90' lang='lat' dir='ltr'><strong>ut</strong></span> <span class='ocrx_word' id='word_1_542' title='bbox 2302 3372 2496 3427; x_wconf 83' lang='lat' dir='ltr'><strong>salutis</strong></span> <span class='ocrx_word' id='word_1_543' title='bbox 2528 3388 2695 3429; x_wconf 90' lang='lat' dir='ltr'><strong>causa</strong></span> <span class='ocrx_word' id='word_1_544' title='bbox 2728 3373 2896 3441; x_wconf 91' lang='lat' dir='ltr'><strong>ﬁlius,</strong></span> <span class='ocrx_word' id='word_1_545' title='bbox 2930 3376 3078 3431; x_wconf 85' lang='lat' dir='ltr'><strong>verbi</strong></span> <span class='ocrx_word' id='word_1_546' title='bbox 3106 3378 3304 3447; x_wconf 85' lang='lat' dir='ltr'><strong>gratia,</strong></span> <span class='ocrx_word' id='word_1_547' title='bbox 3341 3378 3436 3451; x_wconf 89' lang='lat' dir='ltr'><strong>qui</strong></span> <span class='ocrx_word' id='word_1_548' title='bbox 3463 3394 3583 3436; x_wconf 88' lang='lat' dir='ltr'><strong>ser-</strong></span> 
     </span>
    </p>
   </div>
   <div class='ocr_carea' id='block_1_75' title="bbox 2005 3466 3582 3543">
    <p class='ocr_par' dir='ltr' id='par_1_75' title="bbox 2005 3466 3582 3543">
     <span class='ocr_line' id='line_1_75' title="bbox 2005 3466 3582 3543; baseline 0.009 -28"><span class='ocrx_word' id='word_1_549' title='bbox 2005 3478 2222 3519; x_wconf 87' lang='lat' dir='ltr'><strong>monem</strong></span> <span class='ocrx_word' id='word_1_550' title='bbox 2255 3467 2524 3536; x_wconf 78' lang='lat' dir='ltr'><strong>receperit</strong></span> <span class='ocrx_word' id='word_1_551' title='bbox 2554 3466 2829 3534; x_wconf 83' lang='lat' dir='ltr'><strong>veritatis,</strong></span> <span class='ocrx_word' id='word_1_552' title='bbox 2859 3484 2891 3523; x_wconf 87' lang='lat' dir='ltr'><strong>a</strong></span> <span class='ocrx_word' id='word_1_553' title='bbox 2936 3471 3257 3540; x_wconf 87' lang='lat' dir='ltr'><strong>parentibus</strong></span> <span class='ocrx_word' id='word_1_554' title='bbox 3296 3481 3582 3543; x_wconf 88' lang='lat' dir='ltr'><strong>separetur</strong></span> 
     </span>
    </p>
   </div>
   <div class='ocr_carea' id='block_1_76' title="bbox 2003 3556 3582 3634">
    <p class='ocr_par' dir='ltr' id='par_1_76' title="bbox 2003 3556 3582 3634">
     <span class='ocr_line' id='line_1_76' title="bbox 2003 3556 3582 3634; baseline 0.008 -24"><span class='ocrx_word' id='word_1_555' title='bbox 2003 3556 2323 3624; x_wconf 88' lang='lat' dir='ltr'><strong>incredulis,</strong></span> <span class='ocrx_word' id='word_1_556' title='bbox 2357 3568 2451 3613; x_wconf 89' lang='lat' dir='ltr'><strong>aut</strong></span> <span class='ocrx_word' id='word_1_557' title='bbox 2484 3575 2701 3615; x_wconf 88' lang='lat' dir='ltr'><strong>rursum</strong></span> <span class='ocrx_word' id='word_1_558' title='bbox 2732 3571 2888 3631; x_wconf 87' lang='lat' dir='ltr'><strong>paler</strong></span> <span class='ocrx_word' id='word_1_559' title='bbox 2935 3572 3226 3634; x_wconf 88' lang='lat' dir='ltr'><strong>separetur</strong></span> <span class='ocrx_word' id='word_1_560' title='bbox 3254 3579 3284 3618; x_wconf 89' lang='lat' dir='ltr'><strong>a</strong></span> <span class='ocrx_word' id='word_1_561' title='bbox 3321 3565 3454 3633; x_wconf 90' lang='lat' dir='ltr'><strong>ﬁlio,</strong></span> <span class='ocrx_word' id='word_1_562' title='bbox 3484 3577 3582 3623; x_wconf 90' lang='lat' dir='ltr'><strong>aut</strong></span> 
     </span>
    </p>
   </div>
   <div class='ocr_carea' id='block_1_77' title="bbox 2003 3650 3585 3731">
    <p class='ocr_par' dir='ltr' id='par_1_77' title="bbox 2003 3650 3585 3731">
     <span class='ocr_line' id='line_1_77' title="bbox 2003 3650 3585 3731; baseline 0.007 -26"><span class='ocrx_word' id='word_1_563' title='bbox 2003 3650 2113 3707; x_wconf 91' lang='lat' dir='ltr'><strong>ﬁlia</strong></span> <span class='ocrx_word' id='word_1_564' title='bbox 2144 3668 2173 3707; x_wconf 89' lang='lat' dir='ltr'><strong>a</strong></span> <span class='ocrx_word' id='word_1_565' title='bbox 2204 3660 2398 3709; x_wconf 86' lang='lat' dir='ltr'><strong>matre.</strong></span> <span class='ocrx_word' id='word_1_566' title='bbox 2436 3652 2502 3708; x_wconf 89' lang='lat' dir='ltr'><strong>Et</strong></span> <span class='ocrx_word' id='word_1_567' title='bbox 2544 3655 2645 3709; x_wconf 80' lang='lat' dir='ltr'><strong>ilOC</strong></span> <span class='ocrx_word' id='word_1_568' title='bbox 2675 3655 2839 3711; x_wconf 87' lang='lat' dir='ltr'><strong>modo</strong></span> <span class='ocrx_word' id='word_1_569' title='bbox 2868 3657 3012 3712; x_wconf 90' lang='lat' dir='ltr'><strong>inter</strong></span> <span class='ocrx_word' id='word_1_570' title='bbox 3040 3658 3380 3729; x_wconf 90' lang='lat' dir='ltr'><strong>propinquos</strong></span> <span class='ocrx_word' id='word_1_571' title='bbox 3410 3666 3585 3731; x_wconf 79' lang='lat' dir='ltr'><strong>atque</strong></span> 
     </span>
    </p>
   </div>
   <div class='ocr_carea' id='block_1_78' title="bbox 2001 3746 3581 3819">
    <p class='ocr_par' dir='ltr' id='par_1_78' title="bbox 2001 3746 3581 3819">
     <span class='ocr_line' id='line_1_78' title="bbox 2001 3746 3581 3819; baseline 0.004 -19"><span class='ocrx_word' id='word_1_572' title='bbox 2001 3746 2462 3818; x_wconf 87' lang='lat' dir='ltr'><strong>consanguineos,</strong></span> <span class='ocrx_word' id='word_1_573' title='bbox 2495 3746 2783 3804; x_wconf 91' lang='lat' dir='ltr'><strong>credentes</strong></span> <span class='ocrx_word' id='word_1_574' title='bbox 2816 3755 2981 3819; x_wconf 90' lang='lat' dir='ltr'><strong>atque</strong></span> <span class='ocrx_word' id='word_1_575' title='bbox 3024 3750 3360 3816; x_wconf 88' lang='lat' dir='ltr'><strong>incredulos,</strong></span> <span class='ocrx_word' id='word_1_576' title='bbox 3395 3754 3581 3809; x_wconf 86' lang='lat' dir='ltr'><strong>scien-</strong></span> 
     </span>
    </p>
   </div>
   <div class='ocr_carea' id='block_1_79' title="bbox 2003 3838 3575 3916">
    <p class='ocr_par' dir='ltr' id='par_1_79' title="bbox 2003 3838 3575 3916">
     <span class='ocr_line' id='line_1_79' title="bbox 2003 3838 3575 3916; baseline 0.007 -26"><span class='ocrx_word' id='word_1_577' title='bbox 2003 3838 2091 3891; x_wconf 84' lang='lat' dir='ltr'><strong>tia</strong></span> <span class='ocrx_word' id='word_1_578' title='bbox 2123 3846 2287 3908; x_wconf 88' lang='lat' dir='ltr'><strong>atque</strong></span> <span class='ocrx_word' id='word_1_579' title='bbox 2318 3838 2660 3908; x_wconf 89' lang='lat' dir='ltr'><strong>ignorantia,</strong></span> <span class='ocrx_word' id='word_1_580' title='bbox 2692 3840 3055 3911; x_wconf 86' lang='lat' dir='ltr'><strong>veritatisque</strong></span> <span class='ocrx_word' id='word_1_581' title='bbox 3081 3849 3135 3897; x_wconf 92' lang='lat' dir='ltr'><strong>et</strong></span> <span class='ocrx_word' id='word_1_582' title='bbox 3160 3843 3370 3898; x_wconf 88' lang='lat' dir='ltr'><strong>erroris</strong></span> <span class='ocrx_word' id='word_1_583' title='bbox 3394 3860 3575 3916; x_wconf 89' lang='lat' dir='ltr'><strong>pugna</strong></span> 
     </span>
    </p>
   </div>
   <div class='ocr_carea' id='block_1_80' title="bbox 1999 3930 3576 4007">
    <p class='ocr_par' dir='ltr' id='par_1_80' title="bbox 1999 3930 3576 4007">
     <span class='ocr_line' id='line_1_80' title="bbox 1999 3930 3576 4007; baseline 0.004 -20"><span class='ocrx_word' id='word_1_584' title='bbox 1999 3932 2248 3987; x_wconf 87' lang='lat' dir='ltr'><strong>consistit</strong></span> <span class='ocrx_word' id='word_1_585' title='bbox 2286 3931 2351 3987; x_wconf 80' lang='grc'><strong>’³.</strong></span> <span class='ocrx_word' id='word_1_586' title='bbox 2388 3930 2453 3985; x_wconf 87' lang='lat' dir='ltr'><strong>Et</strong></span> <span class='ocrx_word' id='word_1_587' title='bbox 2483 3934 2554 3987; x_wconf 94' lang='lat' dir='ltr'><strong>ob</strong></span> <span class='ocrx_word' id='word_1_588' title='bbox 2586 3932 2692 3988; x_wconf 89' lang='lat' dir='ltr'><strong>hoc</strong></span> <span class='ocrx_word' id='word_1_589' title='bbox 2724 3934 2921 3989; x_wconf 90' lang='lat' dir='ltr'><strong>iterum</strong></span> <span class='ocrx_word' id='word_1_590' title='bbox 2952 3934 3184 4001; x_wconf 89' lang='lat' dir='ltr'><strong>dicebat,</strong></span> <span class='ocrx_word' id='word_1_591' title='bbox 3214 3937 3307 4007; x_wconf 90' lang='lat' dir='ltr'><strong>qui</strong></span> <span class='ocrx_word' id='word_1_592' title='bbox 3338 3953 3441 3995; x_wconf 88' lang='lat' dir='ltr'><strong>nos</strong></span> <span class='ocrx_word' id='word_1_593' title='bbox 3470 3939 3576 3994; x_wconf 86' lang='lat' dir='ltr'><strong>mi-</strong></span> 
     </span>
    </p>
   </div>
   <div class='ocr_carea' id='block_1_81' title="bbox 1981 4020 3575 4103">
    <p class='ocr_par' dir='ltr' id='par_1_81' title="bbox 1981 4020 3575 4103">
     <span class='ocr_line' id='line_1_81' title="bbox 1981 4020 3575 4103; baseline 0.004 -24"><span class='ocrx_word' id='word_1_594' title='bbox 1981 4021 2070 4079; x_wconf 25' lang='lat' dir='ltr'><strong>‘sit</strong></span> <span class='ocrx_word' id='word_1_595' title='bbox 2100 4042 2112 4079; x_wconf 89' lang='lat'><strong>:</strong></span> <span class='ocrx_word' id='word_1_596' title='bbox 2142 4020 2265 4077; x_wconf 80' lang='lat' dir='ltr'><strong>Non</strong></span> <span class='ocrx_word' id='word_1_597' title='bbox 2312 4024 2425 4078; x_wconf 84' lang='lat' dir='ltr'><strong>veni</strong></span> <span class='ocrx_word' id='word_1_598' title='bbox 2470 4040 2651 4093; x_wconf 85' lang='lat' dir='ltr'><strong>pacem</strong></span> <span class='ocrx_word' id='word_1_599' title='bbox 2694 4026 2900 4079; x_wconf 84' lang='lat' dir='ltr'><strong>mittere</strong></span> <span class='ocrx_word' id='word_1_600' title='bbox 2948 4026 3002 4079; x_wconf 89' lang='lat' dir='ltr'><strong>in</strong></span> <span class='ocrx_word' id='word_1_601' title='bbox 3047 4035 3262 4093; x_wconf 86' lang='lat' dir='ltr'><strong>terram,</strong></span> <span class='ocrx_word' id='word_1_602' title='bbox 3316 4029 3575 4103; x_wconf 45' lang='lat' dir='ltr'><strong>sedgla-</strong></span> 
     </span>
    </p>
   </div>
   <div class='ocr_carea' id='block_1_82' title="bbox 1999 4116 3577 4201">
    <p class='ocr_par' dir='ltr' id='par_1_82' title="bbox 1999 4116 3577 4201">
     <span class='ocr_line' id='line_1_82' title="bbox 1999 4116 3577 4201; baseline 0.011 -31"><span class='ocrx_word' id='word_1_603' title='bbox 1999 4116 2145 4173; x_wconf 83' lang='lat' dir='ltr'><strong>dium</strong></span> <span class='ocrx_word' id='word_1_604' title='bbox 2176 4120 2244 4175; x_wconf 60' lang='lat'><strong>9‘.</strong></span> <span class='ocrx_word' id='word_1_605' title='bbox 2267 4119 2312 4151; x_wconf 82' lang='lat'><strong>°&#39;</strong></span> <span class='ocrx_word' id='word_1_606' title='bbox 2342 4118 2498 4185; x_wconf 86' lang='lat' dir='ltr'><strong>Quod</strong></span> <span class='ocrx_word' id='word_1_607' title='bbox 2530 4121 2577 4175; x_wconf 88' lang='lat' dir='ltr'><strong>si</strong></span> <span class='ocrx_word' id='word_1_608' title='bbox 2611 4120 2760 4175; x_wconf 91' lang='lat' dir='ltr'><strong>dicat</strong></span> <span class='ocrx_word' id='word_1_609' title='bbox 2800 4121 3001 4193; x_wconf 90' lang='lat' dir='ltr'><strong>aliquis</strong></span> <span class='ocrx_word' id='word_1_610' title='bbox 3037 4142 3050 4178; x_wconf 92' lang='lat'><strong>:</strong></span> <span class='ocrx_word' id='word_1_611' title='bbox 3088 4122 3151 4177; x_wconf 84' lang='lat' dir='ltr'><strong>Et</strong></span> <span class='ocrx_word' id='word_1_612' title='bbox 3183 4130 3456 4195; x_wconf 90' lang='lat' dir='ltr'><strong>quomodo</strong></span> <span class='ocrx_word' id='word_1_613' title='bbox 3489 4131 3577 4201; x_wconf 87' lang='lat' dir='ltr'><strong>ju-</strong></span> 
     </span>
    </p>
   </div>
   <div class='ocr_carea' id='block_1_83' title="bbox 1999 4212 3571 4285">
    <p class='ocr_par' dir='ltr' id='par_1_83' title="bbox 1999 4212 3571 4285">
     <span class='ocr_line' id='line_1_83' title="bbox 1999 4212 3571 4285; baseline 0.01 -21"><span class='ocrx_word' id='word_1_614' title='bbox 1999 4219 2146 4266; x_wconf 87' lang='lat' dir='ltr'><strong>stum</strong></span> <span class='ocrx_word' id='word_1_615' title='bbox 2193 4212 2411 4267; x_wconf 89' lang='lat' dir='ltr'><strong>videtur</strong></span> <span class='ocrx_word' id='word_1_616' title='bbox 2448 4212 2695 4282; x_wconf 87' lang='lat' dir='ltr'><strong>separari</strong></span> <span class='ocrx_word' id='word_1_617' title='bbox 2748 4212 2891 4270; x_wconf 83' lang='lat' dir='ltr'><strong>ﬁlios</strong></span> <span class='ocrx_word' id='word_1_618' title='bbox 2944 4228 2975 4268; x_wconf 91' lang='lat' dir='ltr'><strong>a</strong></span> <span class='ocrx_word' id='word_1_619' title='bbox 3028 4219 3389 4285; x_wconf 82' lang='lat' dir='ltr'><strong>parentibus?</strong></span> <span class='ocrx_word' id='word_1_620' title='bbox 3427 4222 3571 4279; x_wconf 83' lang='lat' dir='ltr'><strong>Audi</strong></span> 
     </span>
    </p>
   </div>
   <div class='ocr_carea' id='block_1_84' title="bbox 1996 4304 3575 4381">
    <p class='ocr_par' dir='ltr' id='par_1_84' title="bbox 1996 4304 3575 4381">
     <span class='ocr_line' id='line_1_84' title="bbox 1996 4304 3575 4381; baseline 0.008 -25"><span class='ocrx_word' id='word_1_621' title='bbox 1996 4305 2301 4374; x_wconf 88' lang='lat' dir='ltr'><strong>quomodo:</strong></span> <span class='ocrx_word' id='word_1_622' title='bbox 2327 4304 2464 4371; x_wconf 86' lang='lat' dir='ltr'><strong>Quia</strong></span> <span class='ocrx_word' id='word_1_623' title='bbox 2494 4320 2617 4359; x_wconf 90' lang='lat' dir='ltr'><strong>cum</strong></span> <span class='ocrx_word' id='word_1_624' title='bbox 2650 4304 2785 4376; x_wconf 91' lang='lat' dir='ltr'><strong>ipsis</strong></span> <span class='ocrx_word' id='word_1_625' title='bbox 2819 4306 2863 4360; x_wconf 91' lang='lat' dir='ltr'><strong>si</strong></span> <span class='ocrx_word' id='word_1_626' title='bbox 2899 4307 2952 4361; x_wconf 89' lang='lat' dir='ltr'><strong>in</strong></span> <span class='ocrx_word' id='word_1_627' title='bbox 2984 4322 3169 4363; x_wconf 84' lang='lat' dir='ltr'><strong>errore</strong></span> <span class='ocrx_word' id='word_1_628' title='bbox 3194 4323 3575 4381; x_wconf 85' lang='lat' dir='ltr'><strong>permaneant,</strong></span> 
     </span>
    </p>
   </div>
   <div class='ocr_carea' id='block_1_85' title="bbox 1998 4396 3570 4472">
    <p class='ocr_par' dir='ltr' id='par_1_85' title="bbox 1998 4396 3570 4472">
     <span class='ocr_line' id='line_1_85' title="bbox 1998 4396 3570 4472; baseline 0.007 -22"><span class='ocrx_word' id='word_1_629' title='bbox 1998 4411 2176 4467; x_wconf 91' lang='lat' dir='ltr'><strong>neque</strong></span> <span class='ocrx_word' id='word_1_630' title='bbox 2201 4396 2309 4451; x_wconf 89' lang='lat' dir='ltr'><strong>illis</strong></span> <span class='ocrx_word' id='word_1_631' title='bbox 2347 4396 2684 4467; x_wconf 92' lang='lat' dir='ltr'><strong>proderunt;</strong></span> <span class='ocrx_word' id='word_1_632' title='bbox 2713 4405 2768 4453; x_wconf 92' lang='lat' dir='ltr'><strong>et</strong></span> <span class='ocrx_word' id='word_1_633' title='bbox 2798 4397 2902 4467; x_wconf 88' lang='lat' dir='ltr'><strong>ipsi</strong></span> <span class='ocrx_word' id='word_1_634' title='bbox 2941 4414 3065 4452; x_wconf 93' lang='lat' dir='ltr'><strong>cum</strong></span> <span class='ocrx_word' id='word_1_635' title='bbox 3092 4400 3203 4455; x_wconf 83' lang='lat' dir='ltr'><strong>illis</strong></span> <span class='ocrx_word' id='word_1_636' title='bbox 3235 4403 3442 4472; x_wconf 88' lang='lat' dir='ltr'><strong>pariter</strong></span> <span class='ocrx_word' id='word_1_637' title='bbox 3481 4405 3570 4461; x_wconf 83' lang='lat' dir='ltr'><strong>in-</strong></span> 
     </span>
    </p>
   </div>
   <div class='ocr_carea' id='block_1_86' title="bbox 1997 4488 3568 4568">
    <p class='ocr_par' dir='ltr' id='par_1_86' title="bbox 1997 4488 3568 4568">
     <span class='ocr_line' id='line_1_86' title="bbox 1997 4488 3568 4568; baseline 0.006 -25"><span class='ocrx_word' id='word_1_638' title='bbox 1997 4490 2259 4544; x_wconf 88' lang='lat' dir='ltr'><strong>teribunt.</strong></span> <span class='ocrx_word' id='word_1_639' title='bbox 2292 4488 2508 4543; x_wconf 81' lang='lat' dir='ltr'><strong>Justum</strong></span> <span class='ocrx_word' id='word_1_640' title='bbox 2538 4490 2704 4559; x_wconf 87' lang='lat' dir='ltr'><strong>igitur</strong></span> <span class='ocrx_word' id='word_1_641' title='bbox 2737 4498 2793 4545; x_wconf 88' lang='lat' dir='ltr'><strong>et</strong></span> <span class='ocrx_word' id='word_1_642' title='bbox 2832 4491 2989 4547; x_wconf 86' lang='lat' dir='ltr'><strong>valde</strong></span> <span class='ocrx_word' id='word_1_643' title='bbox 3023 4492 3236 4563; x_wconf 89' lang='lat' dir='ltr'><strong>justum</strong></span> <span class='ocrx_word' id='word_1_644' title='bbox 3276 4502 3383 4561; x_wconf 91' lang='lat' dir='ltr'><strong>est,</strong></span> <span class='ocrx_word' id='word_1_645' title='bbox 3408 4512 3568 4568; x_wconf 87' lang='lat' dir='ltr'><strong>sepa-</strong></span> 
     </span>
    </p>
   </div>
   <div class='ocr_carea' id='block_1_87' title="bbox 1994 4582 3566 4657">
    <p class='ocr_par' dir='ltr' id='par_1_87' title="bbox 1994 4582 3566 4657">
     <span class='ocr_line' id='line_1_87' title="bbox 1994 4582 3566 4657; baseline 0.007 -20"><span class='ocrx_word' id='word_1_646' title='bbox 1994 4582 2104 4637; x_wconf 92' lang='lat' dir='ltr'><strong>rari</strong></span> <span class='ocrx_word' id='word_1_647' title='bbox 2135 4598 2259 4637; x_wconf 87' lang='lat' dir='ltr'><strong>eum</strong></span> <span class='ocrx_word' id='word_1_648' title='bbox 2292 4582 2385 4653; x_wconf 90' lang='lat' dir='ltr'><strong>qui</strong></span> <span class='ocrx_word' id='word_1_649' title='bbox 2425 4582 2624 4637; x_wconf 86' lang='lat' dir='ltr'><strong>salvari</strong></span> <span class='ocrx_word' id='word_1_650' title='bbox 2654 4583 2789 4647; x_wconf 90' lang='lat' dir='ltr'><strong>vult,</strong></span> <span class='ocrx_word' id='word_1_651' title='bbox 2829 4585 2897 4637; x_wconf 87' lang='lat' dir='ltr'><strong>ab</strong></span> <span class='ocrx_word' id='word_1_652' title='bbox 2928 4600 2995 4641; x_wconf 91' lang='lat' dir='ltr'><strong>eo</strong></span> <span class='ocrx_word' id='word_1_653' title='bbox 3022 4586 3115 4657; x_wconf 84' lang='lat' dir='ltr'><strong>qui</strong></span> <span class='ocrx_word' id='word_1_654' title='bbox 3146 4603 3257 4643; x_wconf 91' lang='lat' dir='ltr'><strong>non</strong></span> <span class='ocrx_word' id='word_1_655' title='bbox 3288 4590 3423 4646; x_wconf 89' lang='lat' dir='ltr'><strong>vult.</strong></span> <span class='ocrx_word' id='word_1_656' title='bbox 3458 4590 3566 4648; x_wconf 90' lang='lat' dir='ltr'><strong>Sed</strong></span> 
     </span>
    </p>
   </div>
   <div class='ocr_carea' id='block_1_88' title="bbox 1993 4673 3568 4748">
    <p class='ocr_par' dir='ltr' id='par_1_88' title="bbox 1993 4673 3568 4748">
     <span class='ocr_line' id='line_1_88' title="bbox 1993 4673 3568 4748; baseline 0.008 -19"><span class='ocrx_word' id='word_1_657' title='bbox 1993 4682 2048 4729; x_wconf 92' lang='lat' dir='ltr'><strong>et</strong></span> <span class='ocrx_word' id='word_1_658' title='bbox 2072 4674 2206 4728; x_wconf 84' lang='lat' dir='ltr'><strong>illud</strong></span> <span class='ocrx_word' id='word_1_659' title='bbox 2238 4673 2482 4737; x_wconf 86' lang='lat' dir='ltr'><strong>adverte,</strong></span> <span class='ocrx_word' id='word_1_660' title='bbox 2509 4675 2638 4746; x_wconf 90' lang='lat' dir='ltr'><strong>quia</strong></span> <span class='ocrx_word' id='word_1_661' title='bbox 2670 4692 2780 4731; x_wconf 90' lang='lat' dir='ltr'><strong>non</strong></span> <span class='ocrx_word' id='word_1_662' title='bbox 2820 4693 2887 4732; x_wconf 78' lang='lat' dir='ltr'><strong>ex</strong></span> <span class='ocrx_word' id='word_1_663' title='bbox 2912 4678 3023 4735; x_wconf 92' lang='lat' dir='ltr'><strong>illis</strong></span> <span class='ocrx_word' id='word_1_664' title='bbox 3051 4680 3144 4748; x_wconf 90' lang='lat' dir='ltr'><strong>qui</strong></span> <span class='ocrx_word' id='word_1_665' title='bbox 3172 4682 3375 4738; x_wconf 90' lang='lat' dir='ltr'><strong>rectius</strong></span> <span class='ocrx_word' id='word_1_666' title='bbox 3401 4684 3568 4741; x_wconf 88' lang='lat' dir='ltr'><strong>intel-</strong></span> 
     </span>
    </p>
   </div>
   <div class='ocr_carea' id='block_1_89' title="bbox 1991 4767 3566 4839">
    <p class='ocr_par' dir='ltr' id='par_1_89' title="bbox 1991 4767 3566 4839">
     <span class='ocr_line' id='line_1_89' title="bbox 1991 4767 3566 4839; baseline 0.009 -19"><span class='ocrx_word' id='word_1_667' title='bbox 1991 4767 2169 4839; x_wconf 83' lang='lat' dir='ltr'><strong>ligunt</strong></span> <span class='ocrx_word' id='word_1_668' title='bbox 2198 4768 2345 4822; x_wconf 88' lang='lat' dir='ltr'><strong>venit</strong></span> <span class='ocrx_word' id='word_1_669' title='bbox 2370 4768 2474 4824; x_wconf 91' lang='lat' dir='ltr'><strong>ista</strong></span> <span class='ocrx_word' id='word_1_670' title='bbox 2507 4770 2800 4839; x_wconf 88' lang='lat' dir='ltr'><strong>separatio.</strong></span> <span class='ocrx_word' id='word_1_671' title='bbox 2819 4767 2900 4823; x_wconf 90' lang='lat' dir='ltr'><strong>llli</strong></span> <span class='ocrx_word' id='word_1_672' title='bbox 2924 4770 3069 4826; x_wconf 87' lang='lat' dir='ltr'><strong>enim</strong></span> <span class='ocrx_word' id='word_1_673' title='bbox 3084 4775 3276 4829; x_wconf 88' lang='lat' dir='ltr'><strong>volunt</strong></span> <span class='ocrx_word' id='word_1_674' title='bbox 3300 4777 3566 4834; x_wconf 83' lang='lat' dir='ltr'><strong>interesse</strong></span> 
     </span>
    </p>
   </div>
   <div class='ocr_carea' id='block_1_90' title="bbox 1990 4862 3571 4933">
    <p class='ocr_par' dir='ltr' id='par_1_90' title="bbox 1990 4862 3571 4933">
     <span class='ocr_line' id='line_1_90' title="bbox 1990 4862 3571 4933; baseline 0.008 -19"><span class='ocrx_word' id='word_1_675' title='bbox 1990 4862 2217 4931; x_wconf 89' lang='lat' dir='ltr'><strong>pariter,</strong></span> <span class='ocrx_word' id='word_1_676' title='bbox 2252 4870 2306 4917; x_wconf 89' lang='lat' dir='ltr'><strong>et</strong></span> <span class='ocrx_word' id='word_1_677' title='bbox 2334 4862 2595 4933; x_wconf 88' lang='lat' dir='ltr'><strong>prodesse</strong></span> <span class='ocrx_word' id='word_1_678' title='bbox 2633 4862 2743 4928; x_wconf 76' lang='lat' dir='ltr'><strong>liis,</strong></span> <span class='ocrx_word' id='word_1_679' title='bbox 2777 4871 2831 4918; x_wconf 91' lang='lat' dir='ltr'><strong>et</strong></span> <span class='ocrx_word' id='word_1_680' title='bbox 2858 4863 3055 4922; x_wconf 89' lang='lat' dir='ltr'><strong>docere</strong></span> <span class='ocrx_word' id='word_1_681' title='bbox 3085 4866 3332 4925; x_wconf 89' lang='lat' dir='ltr'><strong>meliora.</strong></span> <span class='ocrx_word' id='word_1_682' title='bbox 3373 4866 3479 4925; x_wconf 90' lang='lat' dir='ltr'><strong>Sed</strong></span> <span class='ocrx_word' id='word_1_683' title='bbox 3507 4878 3571 4926; x_wconf 79' lang='lat' dir='ltr'><strong>et</strong></span> 
     </span>
    </p>
   </div>
   <div class='ocr_carea' id='block_1_91' title="bbox 1991 4954 3565 5026">
    <p class='ocr_par' dir='ltr' id='par_1_91' title="bbox 1991 4954 3565 5026">
     <span class='ocr_line' id='line_1_91' title="bbox 1991 4954 3565 5026; baseline 0.004 -16"><span class='ocrx_word' id='word_1_684' title='bbox 1991 4954 2137 5010; x_wconf 88' lang='lat' dir='ltr'><strong>istud</strong></span> <span class='ocrx_word' id='word_1_685' title='bbox 2162 4956 2443 5026; x_wconf 85' lang='lat' dir='ltr'><strong>proprium</strong></span> <span class='ocrx_word' id='word_1_686' title='bbox 2472 4962 2557 5010; x_wconf 90' lang='lat' dir='ltr'><strong>est</strong></span> <span class='ocrx_word' id='word_1_687' title='bbox 2588 4954 2908 5026; x_wconf 84' lang='lat' dir='ltr'><strong>ignorantia</strong></span> <span class='ocrx_word' id='word_1_688' title='bbox 2932 4956 3145 5024; x_wconf 91' lang='lat' dir='ltr'><strong>vitium,</strong></span> <span class='ocrx_word' id='word_1_689' title='bbox 3174 4966 3233 5012; x_wconf 93' lang='lat' dir='ltr'><strong>ut</strong></span> <span class='ocrx_word' id='word_1_690' title='bbox 3270 4959 3565 5016; x_wconf 82' lang='lat' dir='ltr'><strong>confutan-</strong></span> 
     </span>
    </p>
   </div>
   <div class='ocr_carea' id='block_1_92' title="bbox 1990 5045 3593 5124">
    <p class='ocr_par' dir='ltr' id='par_1_92' title="bbox 1990 5045 3593 5124">
     <span class='ocr_line' id='line_1_92' title="bbox 1990 5045 3593 5124; baseline 0.006 -22"><span class='ocrx_word' id='word_1_691' title='bbox 1990 5056 2097 5104; x_wconf 90' lang='lat' dir='ltr'><strong>tem</strong></span> <span class='ocrx_word' id='word_1_692' title='bbox 2124 5064 2183 5104; x_wconf 92' lang='lat' dir='ltr'><strong>se</strong></span> <span class='ocrx_word' id='word_1_693' title='bbox 2210 5048 2454 5104; x_wconf 87' lang='lat' dir='ltr'><strong>veritatis</strong></span> <span class='ocrx_word' id='word_1_694' title='bbox 2471 5049 2647 5103; x_wconf 89' lang='lat' dir='ltr'><strong>lucem</strong></span> <span class='ocrx_word' id='word_1_695' title='bbox 2676 5064 2784 5104; x_wconf 91' lang='lat' dir='ltr'><strong>non</strong></span> <span class='ocrx_word' id='word_1_696' title='bbox 2806 5049 2946 5105; x_wconf 80' lang='lat' dir='ltr'><strong>ferat</strong></span> <span class='ocrx_word' id='word_1_697' title='bbox 2968 5050 3167 5107; x_wconf 88' lang='lat' dir='ltr'><strong>habere</strong></span> <span class='ocrx_word' id='word_1_698' title='bbox 3196 5051 3264 5107; x_wconf 90' lang='lat' dir='ltr'><strong>de</strong></span> <span class='ocrx_word' id='word_1_699' title='bbox 3285 5053 3558 5124; x_wconf 78' lang='lat' dir='ltr'><strong>proximo.</strong></span> <span class='ocrx_word' id='word_1_700' title='bbox 3586 5045 3593 5057; x_wconf 86' lang='grc'><em>’</em></span> 
     </span>
    </p>
   </div>
   <div class='ocr_carea' id='block_1_93' title="bbox 317 5116 3557 5216">
    <p class='ocr_par' dir='ltr' id='par_1_93' title="bbox 317 5116 3557 5216">
     <span class='ocr_line' id='line_1_93' title="bbox 317 5116 3557 5216; baseline 0.002 -21"><span class='ocrx_word' id='word_1_701' title='bbox 317 5116 697 5211; x_wconf 39' lang='grc' dir='ltr'><strong>οοηε-ἰάθτειὶεξ</strong></span> <span class='ocrx_word' id='word_1_702' title='bbox 731 5145 786 5199; x_wconf 91' lang='lat' dir='ltr'><strong>in</strong></span> <span class='ocrx_word' id='word_1_703' title='bbox 812 5151 1044 5215; x_wconf 86' lang='lat' dir='ltr'><strong>quantos</strong></span> <span class='ocrx_word' id='word_1_704' title='bbox 1070 5116 1167 5201; x_wconf 64' lang='lat' dir='ltr'><strong>vos</strong></span> <span class='ocrx_word' id='word_1_705' title='bbox 1186 5160 1403 5201; x_wconf 87' lang='lat' dir='ltr'><strong>errores</strong></span> <span class='ocrx_word' id='word_1_706' title='bbox 1425 5143 1709 5200; x_wconf 81' lang='lat' dir='ltr'><strong>deduxerit</strong></span> <span class='ocrx_word' id='word_1_707' title='bbox 1731 5116 1889 5215; x_wconf 83' lang='lat' dir='ltr'><strong>igno-</strong></span> <span class='ocrx_word' id='word_1_708' title='bbox 1918 5116 1964 5173; x_wconf 74' lang='grc' dir='ltr'><strong>Ῑ)</strong></span> <span class='ocrx_word' id='word_1_709' title='bbox 1989 5139 2057 5194; x_wconf 87' lang='lat' dir='ltr'><strong>Et</strong></span> <span class='ocrx_word' id='word_1_710' title='bbox 2094 5140 2216 5195; x_wconf 91' lang='lat' dir='ltr'><strong>ideo</strong></span> <span class='ocrx_word' id='word_1_711' title='bbox 2255 5157 2318 5196; x_wconf 79' lang='lat' dir='ltr'><strong>ex</strong></span> <span class='ocrx_word' id='word_1_712' title='bbox 2370 5140 2479 5196; x_wconf 90' lang='lat' dir='ltr'><strong>illis</strong></span> <span class='ocrx_word' id='word_1_713' title='bbox 2524 5140 2629 5195; x_wconf 89' lang='lat' dir='ltr'><strong>ista</strong></span> <span class='ocrx_word' id='word_1_714' title='bbox 2657 5141 2905 5197; x_wconf 89' lang='lat' dir='ltr'><strong>nascitur</strong></span> <span class='ocrx_word' id='word_1_715' title='bbox 2934 5142 3229 5212; x_wconf 88' lang='lat' dir='ltr'><strong>separatio.</strong></span> <span class='ocrx_word' id='word_1_716' title='bbox 3274 5143 3412 5199; x_wconf 87' lang='lat' dir='ltr'><strong>Nam</strong></span> <span class='ocrx_word' id='word_1_717' title='bbox 3463 5148 3557 5216; x_wconf 91' lang='lat' dir='ltr'><strong>qui</strong></span> 
     </span>
    </p>
   </div>
   <div class='ocr_carea' id='block_1_94' title="bbox 318 5234 1887 5310">
    <p class='ocr_par' dir='ltr' id='par_1_94' title="bbox 318 5234 1887 5310">
     <span class='ocr_line' id='line_1_94' title="bbox 318 5234 1887 5310; baseline 0.003 -23"><span class='ocrx_word' id='word_1_718' title='bbox 318 5236 511 5290; x_wconf 83' lang='lat' dir='ltr'><strong>rantia</strong></span> <span class='ocrx_word' id='word_1_719' title='bbox 532 5236 758 5301; x_wconf 89' lang='lat' dir='ltr'><strong>malum,</strong></span> <span class='ocrx_word' id='word_1_720' title='bbox 787 5244 1133 5308; x_wconf 87' lang='lat' dir='ltr'><strong>quantosque</strong></span> <span class='ocrx_word' id='word_1_721' title='bbox 1157 5239 1349 5310; x_wconf 86' lang='lat' dir='ltr'><strong>lapsus</strong></span> <span class='ocrx_word' id='word_1_722' title='bbox 1369 5243 1423 5293; x_wconf 89' lang='lat' dir='ltr'><strong>et</strong></span> <span class='ocrx_word' id='word_1_723' title='bbox 1445 5242 1651 5307; x_wconf 90' lang='lat' dir='ltr'><strong>quanta</strong></span> <span class='ocrx_word' id='word_1_724' title='bbox 1691 5234 1887 5307; x_wconf 85' lang='lat' dir='ltr'><strong>praei-</strong></span> 
     </span>
    </p>
   </div>
   <div class='ocr_carea' id='block_1_95' title="bbox 318 5327 1887 5401">
    <p class='ocr_par' dir='ltr' id='par_1_95' title="bbox 318 5327 1887 5401">
     <span class='ocr_line' id='line_1_95' title="bbox 318 5327 1887 5401; baseline 0.003 -20"><span class='ocrx_word' id='word_1_725' title='bbox 318 5327 452 5396; x_wconf 75' lang='lat' dir='ltr'><strong>pitia</strong></span> <span class='ocrx_word' id='word_1_726' title='bbox 502 5329 572 5383; x_wconf 88' lang='lat' dir='ltr'><strong>ad</strong></span> <span class='ocrx_word' id='word_1_727' title='bbox 623 5329 961 5399; x_wconf 83' lang='lat' dir='ltr'><strong>peccandum</strong></span> <span class='ocrx_word' id='word_1_728' title='bbox 992 5329 1236 5387; x_wconf 86' lang='lat' dir='ltr'><strong>dederit:</strong></span> <span class='ocrx_word' id='word_1_729' title='bbox 1270 5344 1302 5385; x_wconf 90' lang='lat' dir='ltr'><strong>a</strong></span> <span class='ocrx_word' id='word_1_730' title='bbox 1331 5328 1551 5401; x_wconf 89' lang='lat' dir='ltr'><strong>quantis</strong></span> <span class='ocrx_word' id='word_1_731' title='bbox 1575 5343 1675 5386; x_wconf 85' lang='lat' dir='ltr'><strong>vos</strong></span> <span class='ocrx_word' id='word_1_732' title='bbox 1721 5327 1887 5385; x_wconf 82' lang='lat' dir='ltr'><strong>bonis</strong></span> 
     </span>
    </p>
   </div>
   <div class='ocr_carea' id='block_1_96' title="bbox 1991 5220 3559 5308">
    <p class='ocr_par' dir='ltr' id='par_1_96' title="bbox 1991 5220 3559 5308">
     <span class='ocr_line' id='line_1_96' title="bbox 1991 5220 3559 5308; baseline 0.001 -18"><span class='ocrx_word' id='word_1_733' title='bbox 1991 5234 2278 5290; x_wconf 80' lang='lat' dir='ltr'><strong>scientiam</strong></span> <span class='ocrx_word' id='word_1_734' title='bbox 2308 5220 2551 5288; x_wconf 87' lang='lat' dir='ltr'><strong>veritatis</strong></span> <span class='ocrx_word' id='word_1_735' title='bbox 2579 5233 2876 5303; x_wconf 88' lang='lat' dir='ltr'><strong>accipiunt,</strong></span> <span class='ocrx_word' id='word_1_736' title='bbox 2909 5234 3038 5304; x_wconf 90' lang='lat' dir='ltr'><strong>quia</strong></span> <span class='ocrx_word' id='word_1_737' title='bbox 3084 5234 3349 5294; x_wconf 88' lang='lat' dir='ltr'><strong>bonitatis</strong></span> <span class='ocrx_word' id='word_1_738' title='bbox 3397 5237 3559 5308; x_wconf 88' lang='lat' dir='ltr'><strong>plena</strong></span> 
     </span>
    </p>
   </div>
   <div class='ocr_carea' id='block_1_97' title="bbox 1991 5324 3555 5398">
    <p class='ocr_par' dir='ltr' id='par_1_97' title="bbox 1991 5324 3555 5398">
     <span class='ocr_line' id='line_1_97' title="bbox 1991 5324 3555 5398; baseline -0.001 -14"><span class='ocrx_word' id='word_1_739' title='bbox 1991 5335 2097 5393; x_wconf 90' lang='lat' dir='ltr'><strong>est,</strong></span> <span class='ocrx_word' id='word_1_740' title='bbox 2130 5334 2391 5397; x_wconf 86' lang='lat' dir='ltr'><strong>tanquam</strong></span> <span class='ocrx_word' id='word_1_741' title='bbox 2433 5340 2463 5379; x_wconf 92' lang='lat' dir='ltr'><strong>a</strong></span> <span class='ocrx_word' id='word_1_742' title='bbox 2494 5325 2639 5382; x_wconf 87' lang='lat' dir='ltr'><strong>bono</strong></span> <span class='ocrx_word' id='word_1_743' title='bbox 2680 5324 2791 5381; x_wconf 87' lang='lat' dir='ltr'><strong>Deo</strong></span> <span class='ocrx_word' id='word_1_744' title='bbox 2833 5325 3015 5381; x_wconf 82' lang='lat' dir='ltr'><strong>datam</strong></span> <span class='ocrx_word' id='word_1_745' title='bbox 3042 5325 3112 5395; x_wconf 84' lang='lat'><strong>&quot;,</strong></span> <span class='ocrx_word' id='word_1_746' title='bbox 3141 5326 3371 5398; x_wconf 90' lang='lat' dir='ltr'><strong>cupiunt</strong></span> <span class='ocrx_word' id='word_1_747' title='bbox 3411 5342 3555 5396; x_wconf 88' lang='lat' dir='ltr'><strong>eam,</strong></span> 
     </span>
    </p>
   </div>
   <div class='ocr_carea' id='block_1_98' title="bbox 370 5464 1902 5551">
    <p class='ocr_par' dir='ltr' id='par_1_98' title="bbox 370 5464 1899 5551">
     <span class='ocr_line' id='line_1_98' title="bbox 370 5464 1899 5551; baseline 0.008 -32"><span class='ocrx_word' id='word_1_748' title='bbox 370 5464 429 5551; x_wconf 52' lang='lat'><strong>&#39;1</strong></span> <span class='ocrx_word' id='word_1_749' title='bbox 441 5468 773 5551; x_wconf 45' lang='lat' dir='ltr'><strong>perdurare;</strong></span> <span class='ocrx_word' id='word_1_750' title='bbox 823 5470 872 5505; x_wconf 66' lang='grc'><strong>’⁸</strong></span> <span class='ocrx_word' id='word_1_751' title='bbox 895 5471 1167 5551; x_wconf 71' lang='lat' dir='ltr'><strong>Recognit.</strong></span> <span class='ocrx_word' id='word_1_752' title='bbox 1187 5490 1348 5551; x_wconf 55' lang='lat' dir='ltr'><strong>\‘ch.</strong></span> <span class='ocrx_word' id='word_1_753' title='bbox 1376 5474 1461 5551; x_wconf 71' lang='lat'><strong>2._</strong></span> <span class='ocrx_word' id='word_1_754' title='bbox 1496 5474 1559 5551; x_wconf 81' lang='lat'>_”</span> <span class='ocrx_word' id='word_1_755' title='bbox 1588 5472 1899 5551; x_wconf 59' lang='lat' dir='ltr'><strong>ﬁesognit...</strong></span> 
     </span>
    </p>
   </div>
   <div class='ocr_carea' id='block_1_99' title="bbox 2004 5464 3568 5551">
    <p class='ocr_par' dir='ltr' id='par_1_99' title="bbox 2004 5465 3568 5551">
     <span class='ocr_line' id='line_1_99' title="bbox 2004 5465 3568 5551; baseline -0.01 -25"><span class='ocrx_word' id='word_1_756' title='bbox 2004 5471 2072 5537; x_wconf 71' lang='lat'><strong>1.,</strong></span> <span class='ocrx_word' id='word_1_757' title='bbox 2102 5485 2151 5525; x_wconf 91' lang='lat' dir='ltr'><strong>c.</strong></span> <span class='ocrx_word' id='word_1_758' title='bbox 2193 5471 2249 5524; x_wconf 77' lang='grc'><strong>5.</strong></span> <span class='ocrx_word' id='word_1_759' title='bbox 2298 5470 2372 5551; x_wconf 41' lang='grc'><strong>,⁸⁸</strong></span> <span class='ocrx_word' id='word_1_760' title='bbox 2406 5467 2759 5551; x_wconf 58' lang='lat' dir='ltr'><strong>innitendum.</strong></span> <span class='ocrx_word' id='word_1_761' title='bbox 2807 5466 2879 5551; x_wconf 46' lang='grc' dir='ltr'><strong>,ξ’</strong></span> <span class='ocrx_word' id='word_1_762' title='bbox 2908 5466 3041 5550; x_wconf 41' lang='lat' dir='ltr'><strong>Hac.</strong></span> <span class='ocrx_word' id='word_1_763' title='bbox 3074 5482 3177 5549; x_wconf 74' lang='lat' dir='ltr'><strong>vox</strong></span> <span class='ocrx_word' id='word_1_764' title='bbox 3212 5465 3427 5551; x_wconf 63' lang='lat' dir='ltr'><strong>videtur</strong></span> <span class='ocrx_word' id='word_1_765' title='bbox 3472 5482 3568 5525; x_wconf 74' lang='lat' dir='ltr'><strong>su-</strong></span> 
     </span>
    </p>
   </div>
   <div class='ocr_carea' id='block_1_100' title="bbox 300 5535 3567 5662">
    <p class='ocr_par' dir='ltr' id='par_1_100' title="bbox 300 5535 3567 5662">
     <span class='ocr_line' id='line_1_100' title="bbox 300 5535 3567 5648; baseline 0.001 -58"><span class='ocrx_word' id='word_1_766' title='bbox 300 5536 528 5637; x_wconf 67' lang='lat' dir='ltr'><strong>pel-nua.</strong></span> <span class='ocrx_word' id='word_1_767' title='bbox 640 5541 685 5571; x_wconf 84' lang='grc'>⁸⁸</span> <span class='ocrx_word' id='word_1_768' title='bbox 733 5541 894 5597; x_wconf 90' lang='lat' dir='ltr'><strong>Forte</strong></span> <span class='ocrx_word' id='word_1_769' title='bbox 937 5535 1075 5598; x_wconf 64' lang='lat' dir='ltr'><strong>vita}.</strong></span> <span class='ocrx_word' id='word_1_770' title='bbox 1127 5544 1186 5598; x_wconf 88' lang='lat' dir='ltr'><strong>lu</strong></span> <span class='ocrx_word' id='word_1_771' title='bbox 1236 5535 1697 5648; x_wconf 58' lang='lat' dir='ltr'><strong>Recoqnitionibus</strong></span> <span class='ocrx_word' id='word_1_772' title='bbox 1728 5535 1750 5599; x_wconf 70' lang='grc' dir='ltr'>Ξ</span> <span class='ocrx_word' id='word_1_773' title='bbox 1778 5535 1908 5602; x_wconf 68' lang='grc' dir='ltr'><strong>Ηαὲσ</strong></span> <span class='ocrx_word' id='word_1_774' title='bbox 1955 5535 2097 5597; x_wconf 83' lang='lat' dir='ltr'><strong>enim</strong></span> <span class='ocrx_word' id='word_1_775' title='bbox 2161 5550 2239 5595; x_wconf 80' lang='lat' dir='ltr'><strong>est</strong></span> <span class='ocrx_word' id='word_1_776' title='bbox 2280 5540 2456 5621; x_wconf 74' lang='lat' dir='ltr'><strong>justo,</strong></span> <span class='ocrx_word' id='word_1_777' title='bbox 2500 5538 2726 5593; x_wconf 83' lang='lat' dir='ltr'><strong>vocibus</strong></span> <span class='ocrx_word' id='word_1_778' title='bbox 2773 5537 2894 5592; x_wconf 90' lang='lat' dir='ltr'><strong>aliis</strong></span> <span class='ocrx_word' id='word_1_779' title='bbox 2935 5539 3185 5621; x_wconf 38' lang='lat' dir='ltr'><strong>omissis:</strong></span> <span class='ocrx_word' id='word_1_780' title='bbox 3226 5535 3567 5595; x_wconf 74' lang='lat' dir='ltr'><strong>Hmaumus.</strong></span> 
     </span>
     <span class='ocr_line' id='line_1_101' title="bbox 325 5606 3562 5662; baseline 0.001 -3"><span class='ocrx_word' id='word_1_781' title='bbox 325 5608 345 5637; x_wconf 83' lang='grc'><strong>⁹</strong></span> <span class='ocrx_word' id='word_1_782' title='bbox 379 5608 690 5662; x_wconf 79' lang='lat' dir='ltr'><strong>voluntatis.</strong></span> <span class='ocrx_word' id='word_1_783' title='bbox 801 5614 867 5645; x_wconf 78' lang='grc' dir='ltr'><strong>⁸ο·</strong></span> <span class='ocrx_word' id='word_1_784' title='bbox 902 5614 1246 5662; x_wconf 68' lang='lat' dir='ltr'><strong>concalescat-</strong></span> <span class='ocrx_word' id='word_1_785' title='bbox 1357 5618 1378 5649; x_wconf 75' lang='grc' dir='ltr'><strong>ο</strong></span> <span class='ocrx_word' id='word_1_786' title='bbox 1450 5617 1504 5662; x_wconf 87' lang='lat' dir='ltr'><strong>in</strong></span> <span class='ocrx_word' id='word_1_787' title='bbox 1555 5615 1850 5662; x_wconf 73' lang='lat' dir='ltr'><strong>Racoam’t..</strong></span> <span class='ocrx_word' id='word_1_788' title='bbox 1904 5614 2357 5662; x_wconf 72' lang='lat' dir='ltr'><strong>cancum‘scenttaz.</strong></span> <span class='ocrx_word' id='word_1_789' title='bbox 2412 5608 2744 5662; x_wconf 63' lang='lat' dir='ltr'><strong>lianoumus.</strong></span> <span class='ocrx_word' id='word_1_790' title='bbox 2856 5609 2925 5641; x_wconf 73' lang='grc' dir='ltr'><strong>’θ’</strong></span> <span class='ocrx_word' id='word_1_791' title='bbox 2957 5609 3231 5662; x_wconf 83' lang='lat' dir='ltr'><strong>Recoantt.</strong></span> <span class='ocrx_word' id='word_1_792' title='bbox 3274 5624 3350 5662; x_wconf 79' lang='lat' dir='ltr'><strong>vr.</strong></span> <span class='ocrx_word' id='word_1_793' title='bbox 3398 5624 3449 5662; x_wconf 90' lang='lat' dir='ltr'><strong>c.</strong></span> <span class='ocrx_word' id='word_1_794' title='bbox 3506 5606 3562 5662; x_wconf 76' lang='grc' dir='ltr'><strong>ι.</strong></span> 
     </span>
    </p>
   </div>
   <div class='ocr_carea' id='block_1_101' title="bbox 801 5614 1246 5670">
    <p class='ocr_par' dir='ltr' id='par_1_101' title="bbox 801 5614 1246 5670">
     <span class='ocr_line' id='line_1_102' title="bbox 801 5614 1246 5670; baseline 0.011 -5"><span class='ocrx_word' id='word_1_795' title='bbox 801 5614 867 5645; x_wconf 79' lang='grc'><strong>⁸⁸·</strong></span> <span class='ocrx_word' id='word_1_796' title='bbox 902 5614 1246 5670; x_wconf 80' lang='lat' dir='ltr'><strong>concalescat.</strong></span> 
     </span>
    </p>
   </div>
   <div class='ocr_carea' id='block_1_102' title="bbox 285 5744 1275 5825">
    <p class='ocr_par' dir='ltr' id='par_1_102' title="bbox 285 5744 1275 5825">
     <span class='ocr_line' id='line_1_103' title="bbox 285 5744 1275 5825; baseline 0.002 -20"><span class='ocrx_word' id='word_1_797' title='bbox 285 5744 665 5825; x_wconf 63' lang='lat' dir='ltr'><strong>Hunorum..-</strong></span> <span class='ocrx_word' id='word_1_798' title='bbox 1222 5775 1275 5817; x_wconf 65' lang='grc' dir='ltr'>ι</span> 
     </span>
    </p>
   </div>
   <div class='ocr_carea' id='block_1_103' title="bbox 1357 5608 2744 5684">
    <p class='ocr_par' dir='ltr' id='par_1_103' title="bbox 1357 5608 2744 5684">
     <span class='ocr_line' id='line_1_104' title="bbox 1357 5608 2744 5684; baseline -0.006 -13"><span class='ocrx_word' id='word_1_799' title='bbox 1357 5608 1403 5649; x_wconf 75' lang='grc'><strong>⁹’⁶</strong></span> <span class='ocrx_word' id='word_1_800' title='bbox 1449 5617 1505 5671; x_wconf 87' lang='lat' dir='ltr'><strong>in</strong></span> <span class='ocrx_word' id='word_1_801' title='bbox 1551 5615 1851 5684; x_wconf 85' lang='lat' dir='ltr'><strong>Recognit.,</strong></span> <span class='ocrx_word' id='word_1_802' title='bbox 1904 5608 2357 5684; x_wconf 44' lang='lat' dir='ltr'><strong>concupiscentia,</strong></span> <span class='ocrx_word' id='word_1_803' title='bbox 2412 5608 2744 5684; x_wconf 69' lang='lat' dir='ltr'><strong>limpuuvus.</strong></span> 
     </span>
    </p>
   </div>
   <div class='ocr_carea' id='block_1_104' title="bbox 301 5676 3053 5759">
    <p class='ocr_par' dir='ltr' id='par_1_104' title="bbox 301 5676 3053 5759">
     <span class='ocr_line' id='line_1_105' title="bbox 301 5676 3053 5759; baseline 0.003 -30"><span class='ocrx_word' id='word_1_804' title='bbox 377 5676 510 5731; x_wconf 84' lang='lat' dir='ltr'><strong>Luc.</strong></span> <span class='ocrx_word' id='word_1_805' title='bbox 546 5694 643 5741; x_wconf 77' lang='lat' dir='ltr'><strong>xu,</strong></span> <span class='ocrx_word' id='word_1_806' title='bbox 671 5681 759 5739; x_wconf 68' lang='grc'><strong>49.</strong></span> <span class='ocrx_word' id='word_1_807' title='bbox 834 5685 881 5716; x_wconf 80' lang='grc'><strong>⁹¹</strong></span> <span class='ocrx_word' id='word_1_808' title='bbox 913 5686 1157 5741; x_wconf 79' lang='lat' dir='ltr'><strong>secantis.</strong></span> <span class='ocrx_word' id='word_1_809' title='bbox 1235 5687 1283 5720; x_wconf 79' lang='lat'>&quot;</span> <span class='ocrx_word' id='word_1_810' title='bbox 1311 5687 1599 5759; x_wconf 78' lang='lat' dir='ltr'><strong>consurgit.</strong></span> <span class='ocrx_word' id='word_1_811' title='bbox 1675 5676 1723 5720; x_wconf 54' lang='grc' dir='ltr'><strong>οἳ</strong></span> <span class='ocrx_word' id='word_1_812' title='bbox 1751 5676 1943 5743; x_wconf 79' lang='lat' dir='ltr'><strong>Matth.</strong></span> <span class='ocrx_word' id='word_1_813' title='bbox 1978 5700 2036 5751; x_wconf 69' lang='grc' dir='ltr'><strong>ς,</strong></span> <span class='ocrx_word' id='word_1_814' title='bbox 2068 5676 2156 5741; x_wconf 65' lang='grc' dir='ltr'><strong>δι.</strong></span> <span class='ocrx_word' id='word_1_815' title='bbox 2233 5681 2281 5714; x_wconf 69' lang='grc'><strong><em>’⁵</em></strong></span> <span class='ocrx_word' id='word_1_816' title='bbox 2315 5680 2678 5752; x_wconf 75' lang='lat' dir='ltr'><strong>Recoguit.\&#39;l,</strong></span> <span class='ocrx_word' id='word_1_817' title='bbox 2710 5695 2759 5737; x_wconf 91' lang='lat' dir='ltr'><strong>c.</strong></span> <span class='ocrx_word' id='word_1_818' title='bbox 2785 5680 2837 5737; x_wconf 83' lang='lat'><strong>5.</strong></span> <span class='ocrx_word' id='word_1_819' title='bbox 2914 5682 2960 5716; x_wconf 83' lang='lat'><strong>&quot;</strong></span> <span class='ocrx_word' id='word_1_820' title='bbox 2994 5680 3053 5737; x_wconf 86' lang='lat' dir='ltr'><strong>lu</strong></span> 
     </span>
    </p>
   </div>
   <div class='ocr_carea' id='block_1_105' title="bbox 2856 5606 3562 5675">
    <p class='ocr_par' dir='ltr' id='par_1_105' title="bbox 2856 5606 3562 5675">
     <span class='ocr_line' id='line_1_106' title="bbox 2856 5606 3562 5675; baseline 0.003 -12"><span class='ocrx_word' id='word_1_821' title='bbox 2856 5609 2925 5641; x_wconf 72' lang='grc' dir='ltr'><strong>’θ’</strong></span> <span class='ocrx_word' id='word_1_822' title='bbox 2957 5609 3231 5675; x_wconf 83' lang='lat' dir='ltr'><strong>Recognit.</strong></span> <span class='ocrx_word' id='word_1_823' title='bbox 3274 5624 3350 5675; x_wconf 80' lang='lat' dir='ltr'><strong>vr,</strong></span> <span class='ocrx_word' id='word_1_824' title='bbox 3398 5624 3449 5664; x_wconf 92' lang='lat' dir='ltr'><strong>c.</strong></span> <span class='ocrx_word' id='word_1_825' title='bbox 3506 5606 3562 5665; x_wconf 74' lang='grc' dir='ltr'><strong>ι.</strong></span> 
     </span>
    </p>
   </div>
   <div class='ocr_carea' id='block_1_106' title="bbox 3079 5626 3565 5753">
    <p class='ocr_par' dir='ltr' id='par_1_106' title="bbox 3079 5626 3565 5753">
     <span class='ocr_line' id='line_1_107' title="bbox 3079 5626 3562 5675; baseline 0.006 -13"><span class='ocrx_word' id='word_1_826' title='bbox 3079 5626 3092 5662; x_wconf 67' lang='lat'><strong><em>1</em></strong></span> <span class='ocrx_word' id='word_1_827' title='bbox 3132 5626 3231 5666; x_wconf 80' lang='lat' dir='ltr'><strong>nu.</strong></span> <span class='ocrx_word' id='word_1_828' title='bbox 3274 5626 3350 5675; x_wconf 85' lang='lat' dir='ltr'><strong>vr,</strong></span> <span class='ocrx_word' id='word_1_829' title='bbox 3398 5626 3449 5664; x_wconf 92' lang='lat' dir='ltr'><strong>c.</strong></span> <span class='ocrx_word' id='word_1_830' title='bbox 3506 5626 3562 5665; x_wconf 73' lang='grc'><strong>4.</strong></span> 
     </span>
     <span class='ocr_line' id='line_1_108' title="bbox 3079 5626 3565 5753; baseline -0.008 -14"><span class='ocrx_word' id='word_1_831' title='bbox 3079 5626 3374 5753; x_wconf 54' lang='grc' dir='ltr'><strong>ἕετοςηὲιη</strong></span> <span class='ocrx_word' id='word_1_832' title='bbox 3405 5680 3565 5735; x_wconf 83' lang='lat' dir='ltr'><strong>data.-</strong></span> 
     </span>
    </p>
   </div>
  </div>
