4090 6250
490 322 604 382 503

1351 320 1411 380 8.
1444 322 1836 387 CLEMENTIS
1866 326 1888 382 l
1919 322 2088 382 BOM.
2124 321 2329 383 ΡΟΝΤ.
2365 325 2594 383 OPEHA
2626 328 2853 385 DUBIA.

3615 330 3721 388 564

477 443 523 497 si
556 438 671 494 ﬁeri
700 444 899 509 potest,
930 452 1055 493 cum
1113 434 1368 492 omnibus
1424 436 1627 494 habere
1681 454 2048 506 communem,
2084 443 2132 500 Α
2157 448 2211 497 et
2241 443 2465 506 occidit,
2492 445 2824 499 mutationes
2855 444 2980 499 luna
3011 445 3351 516 perpetitur?
3375 444 3601 519 Propter
3622 461 3722 507 vos

476 536 640 588 etiam
686 547 812 586 cum
858 530 944 585 his
983 529 1076 599 qui
1105 530 1342 584 oderunt
1380 545 1477 586 eos
1517 540 1572 586 et
1619 542 2046 604 persequuntur.

479 624 675 679 Sciunt
701 622 847 677 enim
876 622 1004 692 quia
1043 632 1354 690 peccatum,
1403 623 1650 693 ipsorum
1698 640 1862 682 causa
1896 626 2052 698 igno-

474 714 671 771 rantiae
697 721 785 769 est
826 713 895 768 ".
957 712 1254 783 Propterea
1307 715 1544 786 denique
1592 717 1710 788 ipse
1766 720 2047 790 magister,

475 822 600 862 cum
623 805 693 860 ab
716 805 803 861 his
833 806 926 875 qui
958 806 1283 877 ignorabant
1330 823 1454 863 eum
1500 808 1797 867 duceretur
1826 812 1893 866 ad
1923 828 2052 867 cru-

475 915 618 965 cem,
643 898 837 954 orabat
863 897 1081 954 Patrem
1114 916 1213 970 pro
1248 900 1697 959 interfectoribus
1733 904 1871 970 suis,
1896 914 1951 962 et
1967 906 2053 961 di-

474 990 633 1048 cebat
664 1009 680 1045 :
716 990 903 1059 Pater,
936 990 1144 1048 dimitte
1190 993 1264 1048 eis
1305 1003 1596 1063 peccatum,
1643 998 1768 1068 quia
1815 1001 2052 1054 nesciunt

474 1086 600 1157 quid
624 1085 828 1155 faciunt
858 1086 926 1142 ".
970 1084 1254 1142 lmitantes
1307 1102 1527 1157 quoque
1568 1087 1826 1158 discipuli
1872 1091 2052 1161 magi-

476 1183 683 1243 strum,
708 1178 871 1234 etiam
887 1178 1015 1249 ipsi,
1035 1194 1160 1233 cum
1191 1186 1529 1250 paterentur,
1559 1180 1812 1236 similiter
1840 1197 1939 1252 pro
1967 1184 2055 1237 in-

472 1267 862 1326 terfectoribus
890 1270 1006 1327 suis
1036 1271 1289 1327 orabant.
1319 1269 1477 1338 Quod
1509 1271 1557 1327 si
1581 1270 1871 1343 disciplina
1894 1274 2053 1330 nobis

473 1369 579 1426 est,
611 1376 771 1417 orare
800 1361 964 1418 etiam
998 1378 1097 1434 pro
1129 1362 1573 1419 interfectoribus
1600 1370 1653 1419 et
1686 1366 2053 1434 persecutori-

474 1452 579 1508 bus
608 1454 835 1519 nostris,
867 1455 1142 1523 quomodo
1169 1470 1278 1509 non
1308 1454 1473 1511 etiam
1503 1464 1789 1526 parentum
1837 1467 1891 1511 et
1925 1473 2054 1527 pro-

474 1546 806 1617 pinquorum
840 1548 1256 1618 persecutiones
1285 1547 1450 1613 ferre,
1481 1556 1536 1603 et
1566 1563 1666 1619 pro
1697 1550 2054 1607 conversione

472 1654 668 1695 eorum
720 1655 883 1697 orare
937 1640 1264 1697 credimur?
1289 1641 1336 1673 ⁹⁹
1367 1640 1506 1697 Tum
1550 1641 1750 1698 deinde
1786 1643 1948 1699 etiam
1982 1645 2053 1678 ¹⁰⁰

2151 550 2302 593 mare
2338 537 2559 593 exhibet
2611 537 2929 591 famulatum
2984 553 3165 603 suum,
3202 547 3264 593 ut
3290 539 3446 596 vobis
3492 540 3723 611 ingratis

2151 636 2349 684 cuncta
2379 629 2722 698 subiaceant.
2757 628 2948 688 Nonne
2990 646 3089 701 pro
3137 630 3225 687 his
3270 632 3526 688 omnibus
3574 633 3726 703 justa

2151 722 2258 777 erit
2290 723 2514 779 ultionis
2536 738 2718 794 paena,
2749 723 2877 794 quia
2906 724 3100 778 horum
3127 724 3723 795 omniumlargitorem,

2151 829 2313 883 quem
2369 822 2496 870 ante
2537 814 2721 869 omnia
2777 822 2832 870 et
2892 830 3189 884 agnoscere
3231 820 3287 870 et
3323 816 3576 871 venerari
3625 817 3725 874 de-

2153 904 2394 971 buistis,
2457 906 2635 961 solum
2704 921 2816 976 prae
2879 906 3097 961 caeteris
3162 906 3490 976 ignoratis?
3541 908 3563 939 ⁸
3618 907 3727 964 Sed

2152 1002 2209 1052 et
2278 1012 2425 1052 nunc
2488 1013 2586 1068 per
2657 997 2801 1052 idem
2869 1013 2968 1055 vos
3036 997 3217 1053 adhuc
3291 997 3348 1053 in
3418 999 3725 1071 intelligen-

2154 1087 2287 1143 tiam
2333 1087 2454 1159 ejus
2496 1089 2659 1145 duco.
2698 1087 2909 1146 Videtis
2949 1089 3172 1154 etenim,
3223 1089 3369 1159 quod
3417 1090 3598 1145 omnia
3641 1092 3726 1161 gi-
3822 1096 3825 1099 ‘

2154 1190 2394 1255 gnuntur
2414 1199 2478 1240 ex
2504 1183 2681 1253 aquis,
2700 1198 2840 1254 aqua
2862 1197 2989 1239 vero
3006 1198 3103 1253 per
3119 1181 3459 1252 unigenitum
3479 1196 3545 1235 ex
3562 1182 3723 1237 initio

2154 1275 2300 1331 facta
2338 1284 2442 1342 est,
2490 1276 2755 1346 unigeniti
2788 1290 2920 1330 vero
2966 1274 3316 1344 omnipotens
3360 1274 3503 1328 Deus
3553 1281 3723 1344 caput

2152 1376 2258 1435 est,
2291 1385 2387 1440 per
2423 1384 2583 1439 quem
2619 1369 2711 1422 tali
2741 1368 2956 1432 ordine,
3003 1374 3062 1420 ut
3091 1381 3256 1436 supra
3285 1365 3553 1431 diximus,
3598 1381 3724 1435 per-

2154 1462 2374 1516 venitur
2404 1460 2471 1515 ad
2504 1459 2741 1515 Patrem.
2762 1460 2900 1515 Cum
2938 1466 3118 1512 autem
3148 1457 3527 1528 perveneritis,
3562 1471 3727 1527 agno-

2155 1556 2291 1617 scite
2320 1554 2463 1608 hanc
2488 1570 2612 1610 esse
2641 1555 2977 1608 voluntatem
3008 1552 3150 1621 ejus,
3177 1559 3237 1606 ut
3267 1565 3363 1620 per
3386 1564 3578 1620 aquas,
3603 1564 3726 1619 quae

2154 1648 2347 1719 primae
2400 1648 2711 1705 creaturae’
2743 1653 2903 1708 sunt,
2951 1645 3131 1701 denuo
3188 1642 3574 1699 renaseamini.
3615 1640 3723 1709 Qui

473 1731 792 1802 diligentius
819 1733 1260 1800 consideremus,
1292 1749 1414 1805 qum
1455 1734 1529 1791 sit
1570 1735 1733 1791 nobis
1758 1750 1927 1792 causa
1957 1751 2056 1809 pa~
2087 1784 2130 1810 ι,
2158 1740 2303 1795 enim
2336 1747 2688 1810 regeneratus
2710 1738 2874 1793 fuerit
2903 1752 3000 1807 per
3030 1752 3249 1807 aquam,
3279 1735 3439 1791 bonis
3466 1734 3724 1805 operibus

473 1832 659 1882 rentes
687 1825 970 1897 diligendi.
1004 1827 1022 1858 ⁸
1054 1825 1161 1883 Pro
1191 1842 1277 1892 eo,
1306 1827 1582 1897 inquiunt,
1606 1828 1735 1899 quia
1779 1830 1906 1884 vitae
1951 1845 2055 1886 no-

472 1928 607 1976 strae
626 1920 884 1975 videntur
909 1929 1184 1975 auctores.
1234 1920 1503 1976 Auctores
1548 1919 1766 1990 quidem
1798 1921 1923 1976 vitae
1960 1938 2055 1977 no-

476 2020 608 2069 stra
637 2019 894 2083 parentes
923 2028 1033 2066 non
1066 2020 1217 2077 sunt,
1248 2012 1343 2067 sed
1375 2011 1633 2068 ministri.
1663 2010 1782 2065 Non
1805 2014 1949 2067 enim
1972 2015 2054 2068 vi-

473 2111 588 2159 tam
616 2104 882 2175 praebent,
906 2104 1003 2160 sed
1032 2104 1373 2176 ingrediendi
1405 2104 1565 2160 nobis
1598 2105 1668 2159 ad
1698 2105 1842 2159 hanc
1883 2107 2052 2161 vitam

472 2196 735 2254 exhibent
775 2197 1181 2263 ministerium;
1225 2205 1418 2250 auctor
1442 2202 1627 2250 autem
1666 2196 1790 2251 vita:
1822 2213 1964 2253 unus
2000 2206 2054 2253 et

474 2291 629 2346 solus
657 2300 742 2347 est
785 2288 952 2346 Deus.
1000 2287 1060 2344 Si
1100 2297 1281 2345 autem
1331 2296 1613 2344 auctorem
1660 2289 1786 2345 vitae
1826 2290 2053 2362 diligere

472 2384 751 2446 volumus,
800 2382 955 2437 illum
1014 2380 1175 2436 nobis
1231 2395 1355 2436 esse
1404 2380 1743 2451 diligendum
1780 2384 2045 2440 sciamus.

475 2471 585 2528 Sed
634 2474 812 2539 illum,
869 2473 1148 2543 inquiunt,
1193 2488 1525 2545 cognoscere
1586 2489 1697 2528 non
1742 2474 2047 2545 potuimus,

475 2565 617 2621 istos
642 2573 825 2619 autem
846 2572 903 2621 et
924 2566 1266 2630 novimus,et
1290 2568 1344 2620 in
1368 2566 1564 2622 affectu
1595 2568 1879 2625 habemus.
1896 2569 2048 2635 Esto,

472 2673 586 2713 non
641 2658 903 2729 potuistis
936 2673 1273 2729 cognoscere
1309 2659 1434 2731 quis
1458 2662 1478 2691 ’
1522 2662 1594 2715 sit
1642 2660 1787 2717 Deus
1821 2682 1835 2718 :
1867 2664 1999 2733 quid
2030 2665 2052 2697 ³

473 2759 653 2807 tamen
683 2766 794 2806 non
823 2753 897 2807 sit
926 2751 1072 2808 Deus
1117 2753 1379 2823 perfacile
1428 2753 1573 2809 scire
1603 2755 1879 2825 potuistis.
1915 2755 2051 2811 Nam

471 2844 748 2915 quomodo
777 2844 947 2900 latere
978 2846 1155 2916 potuit
1188 2846 1488 2911 hominem,
1521 2848 1665 2917 quod
1698 2849 1925 2919 lignum,
1959 2859 2053 2904 aut

470 2939 637 3010 lapis,
670 2946 763 2993 aut
792 2954 889 3007 aes,
914 2939 1000 2995 vel
1024 2939 1130 2993 alia
1154 2939 1470 3009 hujusmodi
1498 2942 1746 3005 materia,
1777 2941 1921 2999 Deus
1942 2960 2051 2999 non

471 3031 575 3087 sit?
597 3030 755 3098 Quod
776 3032 892 3088 siin
917 3031 1003 3087 his
1025 3046 1146 3102 quae
1172 3030 1333 3086 facile
1359 3032 1765 3102 deprehendere
1776 3036 2049 3104 potuistis,

2159 1833 2421 1903 repletus,
2469 1832 2645 1887 haeres
2700 1831 2933 1887 efﬁcitur
2965 1831 3086 1899 ejus
3128 1845 3160 1884 a
3205 1844 3315 1900 quo
3356 1828 3410 1885 in
3466 1828 3723 1881 incorru-

2154 1926 2339 1995 ptione
2370 1930 2727 1994 regeneratus
2767 1931 2872 1979 est.
2905 1920 3137 1993 Propter
3165 1921 3336 1993 quod,
3368 1921 3576 1992 paratis
3604 1918 3728 1973 ani-

2154 2018 2261 2071 mis
2291 2016 2557 2081 accedite,
2591 2015 2749 2086 quasi
2787 2015 2885 2069 fllii
2926 2014 2992 2069 ad
3022 2022 3253 2084 patrem,
3287 2021 3347 2067 ut
3375 2020 3598 2083 peccata
3632 2026 3729 2067 ve-

2155 2116 2269 2162 stra
2321 2106 2623 2171 diluantur,
2676 2114 2731 2162 et
2780 2122 2946 2162 causa
2999 2122 3187 2161 eorum
3243 2107 3359 2161 sola
3416 2104 3727 2175 ignorantia

2156 2197 2329 2253 fuisse
2360 2198 2620 2268 probetur
2648 2198 2793 2268 apud
2837 2198 3028 2254 Deum.
3070 2197 3205 2251 Nam
3238 2199 3282 2253 si
3327 2205 3451 2269 post
3491 2197 3727 2268 agnitio-

2154 2305 2278 2345 nem
2309 2291 2504 2344 horum
2534 2289 2867 2359 permanetis
2898 2291 2955 2343 in
2994 2290 3395 2351 incredulitate,
3427 2290 3584 2344 vobis
3607 2288 3724 2357 jam

2154 2383 2478 2459 perditionis
2508 2393 2705 2439 vestra:
2742 2398 2933 2447 causa,
2962 2388 3016 2438 et
3040 2397 3149 2436 non
3182 2381 3526 2452 ignorantiae,
3559 2395 3726 2449 repu-

2154 2477 2379 2532 tabitur.
2411 2475 2522 2532 Nec
2556 2477 2781 2546 putetis,
2824 2475 2972 2546 quod
3014 2475 3231 2529 etiamsi
3290 2488 3502 2526 omnem
3542 2473 3720 2541 pieta-

2153 2577 2264 2626 tem
2292 2570 2510 2635 colatis,
2538 2583 2864 2639 omnemque
2893 2567 3185 2638 justitiam,
3218 2565 3547 2633 baptismum
3588 2577 3722 2617 vero

2153 2679 2265 2719 non
2306 2663 2617 2734 accipiatis,
2649 2678 2800 2734 spem
2840 2660 3065 2732 possitis
3109 2658 3310 2714 habere
3346 2656 3488 2727 apud
3520 2654 3719 2721 Deum;

2155 2756 2265 2812 imo
2292 2757 2501 2826 majore
2538 2772 2699 2827 poma
2734 2753 2884 2827 digni
2914 2753 3089 2819 eritis,
3125 2751 3217 2822 qui
3245 2751 3388 2805 bona
3415 2763 3580 2817 opera
3611 2761 3723 2800 non

2152 2848 2291 2904 bene
2340 2849 2548 2918 operati
2586 2848 2743 2905 estis.
2792 2844 3089 2901 Confertur
3118 2843 3262 2898 enim
3311 2841 3569 2896 meritum
3615 2839 3722 2894 ho-

2153 2942 2291 2996 mini
2340 2957 2408 2997 cx
2443 2942 2603 2996 bonis
2644 2941 2847 3011 gestis;
2891 2939 2986 2995 sed
3030 2938 3077 2994 si
3120 2939 3196 2992 ita
3240 2944 3521 3007 gerantur,
3576 2934 3724 2988 sicut

2155 3032 2300 3089 Deus
2325 3034 2505 3105 jubet.
2535 3034 2678 3090 Deus
2709 3040 2889 3087 autem
2913 3031 3100 3102 jussit,
3124 3046 3337 3085 onmem
3368 3029 3635 3084 colentem
3661 3043 3723 3083 se

471 3126 717 3182 animum
747 3125 815 3180 ad
845 3124 1256 3180 discutiendum
1285 3125 1551 3180 noluistis
1584 3125 1905 3195 intendere;
1936 3145 2051 3184 ccr-
2074 3120 2115 3175 C
2148 3126 2426 3197 baptismo
2472 3126 2806 3196 consignari.
2831 3125 2853 3157 ⁸
2876 3124 3030 3191 Quod
3071 3125 3117 3179 si
3150 3138 3250 3178 vos
3298 3121 3611 3186 renucritis,
3659 3127 3723 3174 ut

471 3225 587 3273 tum
622 3224 728 3282 est,
760 3216 889 3287 quia
927 3216 985 3270 in
1016 3216 1296 3286 agnitione
1326 3215 1418 3270 Dei
1452 3216 1698 3286 impediti
1742 3221 1897 3284 estis,
1940 3237 2051 3277 non

470 3307 956 3380 impossibilitatis,
992 3307 1087 3362 sed
1122 3307 1354 3377 ignaviae
1384 3308 1554 3376 vitio;
1590 3324 1715 3363 nam
1755 3311 1802 3367 si
1844 3312 2051 3370 voluis-

470 3400 628 3463 setis,
652 3414 717 3455 ex
750 3398 838 3455 his
867 3398 1004 3469 ipsis
1027 3399 1318 3455 inutilibus
1351 3399 1662 3455 simulacris
1692 3401 1936 3473 profecto
1959 3421 2051 3461 ac-

471 3490 759 3564 cepissetis
810 3490 1185 3563 intelligentiae
1230 3492 1396 3547 viam.
1438 3490 1461 3522 ‘
1502 3491 1721 3547 Certum
1764 3504 1871 3559 est,
1922 3498 2049 3568 quia

473 3600 574 3659 per
603 3583 812 3641 ferrum
841 3583 982 3639 facta
1013 3592 1143 3640 sunt
1171 3584 1498 3653 simulacra;
1530 3584 1733 3641 ferrum
1778 3604 1908 3643 vero
1954 3606 2049 3660 per

472 3678 653 3750 ignem
675 3676 991 3733 confectum
1024 3684 1131 3742 est,
1164 3677 1257 3748 qui
1294 3676 1440 3748 ignis
1468 3692 1609 3747 aqua
1641 3680 2046 3752 exstinguitur;

472 3784 616 3841 aqua
645 3776 828 3824 autem
857 3783 955 3838 per
990 3768 1247 3839 spiritum
1280 3779 1553 3835 movetur,
1593 3770 1825 3840 spiritus
1865 3781 2044 3829 autem

472 3878 504 3919 a
543 3862 654 3920 Deo
700 3861 919 3919 initium
976 3860 1156 3919 habet.
1208 3859 1301 3916 Sic
1348 3860 1493 3916 enim
1529 3860 1670 3916 dixit
1696 3861 1874 3919 Moses
1912 3880 2044 3935 pro-

473 3956 684 4027 pheta:
718 3953 786 4011 In
827 3955 1086 4025 principio
1136 3954 1259 4023 fecit
1294 3952 1435 4008 Deus
1488 3955 1673 4009 caelum
1725 3965 1774 4010 et
1827 3966 2041 4014 terram.

475 4048 640 4104 Terra
665 4055 842 4103 autem
868 4056 981 4101 erat
1010 4034 1287 4101 invisibilis
1329 4055 1378 4101 et
1409 4047 1777 4116 incomposita,
1807 4059 1857 4103 et
1907 4058 2047 4105 tene-

472 4140 581 4196 brat
612 4149 765 4195 erant
793 4153 948 4208 super
978 4138 1167 4208 faciem
1198 4137 1400 4209 abyssi,
1442 4149 1493 4193 et
1526 4140 1749 4209 spiritus
1796 4139 1896 4194 Dei
1924 4151 2041 4195 erat

471 4249 626 4303 super
654 4248 821 4304 aquas
853 4231 897 4286 ⁸.
943 4229 1047 4296 Qui
1106 4230 1335 4301 spiritus
1374 4229 1468 4285 Dei
1512 4231 1693 4300 jussu,
1737 4233 1895 4303 quasi
1927 4234 2043 4305 ipsa

471 4341 668 4382 manus
715 4323 1042 4389 conditoris,
1090 4324 1264 4379 lucem
1318 4324 1596 4395 separavit
1628 4340 1658 4378 a
1688 4326 1949 4386 tenebris.
1988 4335 2043 4382 et

2152 3225 2351 3274 vestra:
2385 3218 2654 3273 voluntati
2686 3217 2881 3289 magis,
2927 3232 3089 3287 quam
3121 3214 3249 3280 Dei,
3294 3212 3720 3284 obtemperetis;

2151 3311 2415 3366 contrarii
2445 3312 2564 3367 sine
2594 3309 2762 3365 dubio
2791 3317 2845 3365 et
2874 3308 3084 3363 inimici
3111 3309 3247 3364 estis
3276 3308 3542 3364 voluntati
3572 3308 3719 3376 ejus.

2153 3402 2261 3459 Sed
2290 3403 2473 3459 dicitis
2502 3401 2937 3469 fortassezQuod
2968 3402 3184 3457 confert
3222 3416 3377 3472 aqua:
3409 3401 3722 3471 baptismus

2151 3497 2218 3551 ad
2261 3495 2358 3552 Dei
2409 3496 2653 3551 cultum?
2699 3494 2887 3550 Primo
2934 3494 3190 3565 quidem,
3236 3495 3364 3565 quia
3421 3493 3566 3563 quod
3606 3491 3723 3548 Deo

2148 3589 2386 3660 placuit,
2440 3588 2717 3658 impletur.
2775 3584 3051 3654 Secundo,
3099 3586 3228 3657 quia
3281 3593 3603 3657 regenerato
3647 3600 3721 3640 ex

2149 3681 2328 3751 aquis,
2355 3690 2409 3736 et
2437 3679 2549 3735 Deo
2580 3686 2792 3742 renato,
2855 3678 3122 3749 fragilitas
3151 3677 3354 3748 prioris
3392 3676 3719 3743 nativitatis,

2147 3789 2268 3843 qua:
2305 3773 2464 3828 vobis
2494 3788 2591 3843 per
2631 3771 2905 3826 hominem
2951 3770 3096 3824 facta
3139 3777 3244 3834 est,
3290 3776 3628 3840 amputatur,
3660 3777 3721 3824 ct

2149 3866 2224 3921 ita
2266 3865 2485 3919 demum
2530 3863 2817 3933 pervenire
2858 3861 3107 3933 poteritis
3142 3861 3209 3917 ad
3250 3861 3523 3917 salutem:
3558 3860 3721 3915 aliter

2146 3956 2484 4028 impossibile
2512 3962 2616 4009 est.
2650 3953 2742 4008 Sic
2785 3955 2930 4009 enim
2980 3954 3138 4008 nobis
3189 3968 3313 4008 cum
3371 3959 3718 4009 sacramento

2145 4064 2308 4105 verus
2352 4047 2617 4119 propheta
2648 4054 2885 4103 testatus
2926 4053 3029 4112 est,
3060 4046 3248 4102 dicens
3276 4065 3289 4101 :
3317 4046 3502 4111 Amen,
3536 4061 3712 4112 amen,

2144 4140 2261 4195 dico
2297 4141 2460 4205 vobis,
2496 4141 2599 4195 nisi
2644 4141 2762 4210 quis
2801 4139 2969 4193 denuo
3018 4148 3233 4194 renatus
3276 4139 3434 4210 fuerit
3468 4153 3533 4193 ea;
3573 4154 3715 4210 aqua

2144 4235 2279 4300 viva,
2305 4250 2407 4287 non
2441 4232 2677 4287 introibit
2707 4238 2761 4285 in
2793 4249 3005 4303 regnum
3034 4233 3339 4287 caelorum“.
3374 4232 3439 4286 Et
3468 4232 3591 4288 ideo
3626 4246 3718 4287 ao-

2144 4328 2417 4385 celerate:
2451 4333 2536 4382 est
2565 4326 2710 4380 enim
2741 4326 2794 4379 in
2825 4326 2982 4395 aquis
3025 4326 3146 4381 istis
3181 4325 3555 4380 misericordia
3587 4325 3715 4393 ejus

474 4426 598 4490 post
627 4417 760 4473 illud
788 4416 1065 4471 invisibile
1098 4416 1298 4470 caelum
1339 4415 1484 4471 istud
1519 4416 1729 4471 visibile
1760 4416 2038 4486 produxit,
2072 4456 2117 4512 Ι)
2143 4418 2389 4492 quaedam
2414 4457 2429 4481 ,
2481 4433 2601 4487 quas
2647 4433 2712 4472 ex
2762 4418 2916 4470 Initio
2975 4417 3238 4485 ferebatur
3278 4433 3431 4485 super
3480 4433 3606 4481 eas;
3655 4427 3714 4472 et

473 4520 534 4565 ut
578 4510 865 4582 superiora
900 4509 1120 4581 quidem
1166 4508 1538 4563 habitaculum
1581 4509 1782 4565 faceret
1807 4511 2038 4581 angelis,

474 4606 735 4660 inferiora
765 4617 896 4659 vero
929 4600 1269 4656 hominibus.
1309 4599 1545 4670 Propter
1582 4616 1678 4657 vos
1707 4616 1839 4672 ergo
1877 4601 2041 4671 jussu

474 4698 595 4765 Dei,
626 4712 789 4768 aqua,
833 4710 955 4766 quae
991 4701 1111 4749 erat
1141 4708 1306 4763 super
1336 4692 1528 4749 faciem
1564 4701 1746 4759 terra},
1791 4696 2039 4762 secessit,

476 4801 541 4848 ut
565 4788 899 4848 terra-vobis
929 4786 1253 4857 produceret
1280 4785 1512 4841 fructus.
1542 4784 1643 4840 Cui
1662 4786 1823 4841 etiam
1847 4786 2043 4842 humo-

476 4901 597 4944 rum
620 4898 787 4939 venas
811 4880 1043 4934 latenter
1068 4877 1321 4942 inseruit,
1348 4885 1409 4932 ut
1432 4878 1586 4932 vobis
1614 4893 1682 4932 ex
1708 4892 1773 4933 ea
1806 4878 2042 4949 proflue-

476 4986 600 5035 rent
629 4976 808 5031 fontes
836 4979 890 5028 et
918 4969 1161 5024 flumina.
1185 4968 1415 5039 Propter
1446 4986 1543 5023 vos
1576 4968 1873 5040 producere
1889 4971 2045 5040 jussa

475 5079 564 5129 est
589 5065 910 5131 animantia,
940 5071 996 5118 et
1026 5062 1208 5118 omnia
1246 5078 1366 5132 qua:
1386 5070 1569 5117 vestro
1600 5063 1723 5116 usui
1751 5063 2046 5118 voluntati-

477 5180 584 5236 que
612 5160 900 5217 servirent.
924 5156 1120 5211 Annon
1151 5165 1370 5225 propter
1397 5170 1493 5209 vos
1531 5155 1677 5209 venti
1710 5156 1939 5226 spirant,
1984 5166 2045 5213 ut

479 5272 544 5310 ex
575 5253 711 5325 ipsis
741 5248 1061 5319 concipiens
1093 5246 1303 5301 fructus
1341 5246 1501 5302 vobis
1551 5255 1697 5301 terra
1740 5250 2047 5318 parturiat?

478 5348 670 5402 Nonne
713 5350 936 5416 propter
966 5356 1062 5395 vos
1111 5341 1313 5394 imbres
1355 5337 1652 5409 profluunt,
1695 5348 1750 5395 et
1800 5350 2045 5412 tempora

479 5436 889 5500 vicissitudines
913 5432 1174 5489 mutant?
1203 5430 1344 5485 Num
1366 5439 1588 5502 propter
1615 5446 1709 5487 vos
1736 5433 1820 5488 sol
1845 5434 2041 5501 oritur,

2143 4511 2392 4583 agnoscit
2418 4526 2513 4565 eos
2556 4510 2647 4578 qui
2686 4509 3035 4579 baptizantur
3067 4510 3170 4562 sub
3201 4507 3563 4578 appellatione
3609 4509 3714 4563 tri-

2140 4603 2299 4675 plicis
2343 4601 2703 4664 sacramenti,
2748 4608 2803 4655 et
2849 4601 3011 4670 eripit
3058 4615 3154 4654 eos
3193 4599 3261 4654 de
3302 4599 3587 4669 suppliciis
3618 4600 3714 4654 fu-

2141 4695 2303 4760 turis,
2333 4693 2490 4763 quasi
2524 4692 2729 4748 donum
2765 4691 3035 4762 quoddam
3068 4690 3300 4746 oﬂ‘erens
3345 4691 3455 4747 Deo
3500 4694 3715 4749 animas

2143 4801 2241 4857 per
2295 4785 2625 4855 baptismum
2693 4791 3068 4838 consecratas.
3123 4781 3415 4853 Confugite
3467 4799 3598 4855 ergo
3641 4785 3716 4839 ad

2144 4892 2318 4948 aquas
2348 4878 2521 4931 istas:
2555 4876 2685 4930 solae
2716 4882 2845 4930 sunt
2872 4874 3038 4936 enim,
3070 4890 3192 4944 quae
3235 4876 3449 4944 possint
3484 4877 3588 4930 vim
3626 4877 3716 4930 fu-

2144 4970 2252 5024 turi
2284 4968 2426 5039 ignis
2455 4962 2804 5037 exstinguere
2832 4986 2845 5020 :
2879 4966 2945 5019 ad
2975 4982 3111 5035 quas
3140 4967 3235 5036 qui
3275 4977 3522 5022 moratur
3552 4984 3716 5024 acce-

2142 5063 2295 5126 dere,
2325 5068 2540 5115 constat
2568 5061 2623 5113 in
2657 5075 2722 5113 eo
2755 5059 2935 5113 adhuc
2979 5058 3317 5115 inﬁdelitatis
3346 5060 3551 5115 idolum
3585 5076 3717 5131 per-

2145 5168 2389 5217 manere,
2419 5159 2473 5206 et
2513 5152 2581 5207 ab
2619 5152 2738 5221 ipso
2783 5151 3058 5221 prohiberi
3092 5152 3158 5206 ad
3195 5168 3370 5223 aquas
3414 5169 3715 5224 properare

2145 5261 2267 5315 quae
2302 5245 2535 5299 salutem
2574 5241 2886 5297 conferunt.
2923 5242 3049 5298 Sive
3076 5244 3221 5299 enim
3258 5247 3464 5316 justus,
3497 5247 3611 5301 sive
3637 5247 3714 5300 sit

2149 5337 2412 5405 iujustus,
2453 5334 2758 5405 baptismus
2796 5335 2846 5389 ei
2879 5349 2976 5404 per
3017 5336 3197 5389 omnia
3227 5340 3570 5393 necessarius
3601 5347 3707 5394 est.

2149 5427 2307 5484 Justo
2339 5428 2578 5499 quidem,
2611 5434 2671 5481 ut
2713 5426 3073 5497 adimpleatur
3120 5428 3176 5483 in
3213 5445 3279 5485 eo
3325 5430 3606 5500 perfectio,
3653 5438 3711 5484 et

532 5640 580 5719 ‘1
609 5633 1037 5719 Recoqnitipnum
1069 5649 1281 5719 auctor,
1311 5643 1513 5698 rectius
1549 5661 1571 5719 :7
1588 5642 1810 5719 fatenti
1840 5648 2071 5719 ipsorum
2103 5664 2263 5701 causa
2307 5651 2612 5719 ignorantia
2643 5663 2739 5706 est.
2786 5651 3114 5710 litanianus.
3190 5654 3235 5686 ’⁸
3264 5652 3397 5707 Luc.
3436 5668 3593 5719 xxiii,
3623 5651 3722 5708 54.

464 5704 510 5735 ”
543 5704 822 5773 ltecogtiit.
852 5707 1118 5761 debemus.
1150 5710 1481 5768 Hmnumus.
1561 5715 1630 5746 ¹⁰⁰
1659 5716 1815 5768 illud.

464 5774 487 5805 ⁵
516 5774 657 5831 Gen.
694 5791 734 5842 ι,
780 5779 829 5833 l.
906 5778 1221 5842 'Recogm‘t.
1250 5797 1326 5842 vi,
1361 5802 1409 5839 e.
1445 5787 1498 5838 8.
1576 5785 1595 5818 ⁷
1625 5797 1815 5842 creata:

906 5718 1481 5809 ἱυεὶνῗξιέἐηξίίυξξυιξυῗ
1561 5718 1815 5809 ’ξολιῃιξιμζ
1896 5718 2216 5809 ίιιξςςοθιιῃ.
2250 5718 2341 5783 γε(
2374 5737 2424 5773 c.
2573 5724 2608 5809 ξ
2637 5725 2785 5809 quid.
2864 5726 2883 5753 ³
2920 5727 3032 5807 qui.
3111 5725 3131 5757 ⁸
3161 5724 3429 5793 Rccognit.
3467 5739 3541 5789 Vl,
3576 5718 3623 5780 c.
3660 5723 3721 5778 6.

951 5778 1221 5850 Recognit.
1250 5797 1326 5846 vt,
1361 5802 1409 5839 e.
1445 5787 1498 5838 8.
1576 5785 1595 5818 ⁷
1625 5797 1835 5842 creata.
1909 5790 1932 5820 ⁸
1968 5778 2237 5860 Ιίεεῦειηὶι.
2273 5778 2417 5859 vi,c.
2444 5792 2497 5846 9.
2573 5794 2593 5824 ³
2624 5778 2779 5849 ιιύδη.
2814 5809 2896 5859 ιιι,
2926 5778 2976 5847 3.
