2045 3125
184 172 238 202 505

779 172 958 201 EPISTOLIE
974 172 1209 202 DECRETALES.

1743 172 1797 200 506

184 235 360 267 regerieretur
379 231 447 265 Deo;
461 230 565 266 injusto
579 238 653 262 vero.
666 233 696 257 ut
715 234 890 265 peccatorum
904 239 966 266 quae
978 234 1002 262 Α
1015 231 1092 263 illud,
1116 231 1144 258 in
1162 238 1216 266 quo
1231 236 1307 257 mens
1324 229 1493 264 purificatur,
1510 228 1557 255 sed
1588 224 1659 262 quod
1687 229 1797 263 sequela

181 278 275 314 gessit,
290 277 417 305 remissio
434 277 610 304 concedatur.
624 276 645 292 "
660 275 794 304 Omnibus
807 282 873 311 ergo
887 276 965 304 festi-

181 324 303 352 nandum
314 327 366 355 est,
378 323 438 351 sine
449 330 527 350 mora
537 322 645 350 renasci
659 321 726 352 Deo.
737 325 765 350 et
777 322 887 349 demum
901 329 965 349 con-

182 370 287 406 signari
310 370 344 397 ab
363 370 508 404 episcopo,
531 368 559 396 id
577 372 621 396 est
645 368 830 403 septiformem
850 368 964 403 gratiam

183 416 301 452 Spiritus
315 416 403 443 sancti
418 415 557 450 percipere
569 414 689 450 (ὅθ-51),
708 414 773 450 quia
786 414 909 441 incertus
922 418 966 442 est

183 462 399 496 uniuscujusque
423 462 513 488 exitus
527 461 599 489 vitae.
615 461 635 477 “
651 461 719 488 Cum
739 465 830 488 autem
854 468 966 495 regene-

182 515 258 537 ratus
274 509 357 536 fuerit
374 516 423 543 per
447 516 557 543 aquam,
571 512 598 536 et
615 507 786 543 postmodum
813 507 964 542 septiformi

183 555 302 590 Spiritus
325 555 412 589 gratia
430 554 464 581 ab
488 554 617 589 episcopo
640 554 682 589 (ut
706 556 887 580 memoratum
913 553 964 587 est)

183 602 372 632 confirmatus,
387 601 451 635 quia
473 601 551 627 aliter
567 600 704 635 perfectus
716 607 777 627 esse
792 599 964 627 Christianus

184 654 357 682 nequaquam
378 646 488 681 poterit,
505 654 555 673 nec
577 646 668 673 sedem
690 646 790 673 habere
815 646 886 673 inter
900 653 963 680 per-

182 693 280 724 fectos,
295 692 318 720 si
336 700 391 719 non
408 693 583 724 necessitate,
607 691 653 719 sed
681 691 787 718 incuria
806 695 851 718 aut
868 692 965 718 volun-

182 743 236 766 tate
256 740 420 766 remanserit
443 739 483 773 (ut
507 746 521 764 a
544 739 623 765 beato
643 737 723 765 Petro
747 738 916 772 accepimus,
939 742 966 765 et

181 786 270 812 caeteri
291 785 380 812 sancti
403 785 536 819 apostoli,
562 785 737 820 praecipiente
761 783 887 817 Domino,
914 784 965 811 do-

181 832 318 865 cuerunt),
332 835 358 857 et
372 830 479 857 demum
491 838 525 857 ex
540 831 668 865 operibus
686 830 764 857 bonis
789 830 915 857 ostendat
937 830 965 856 in

182 885 211 904 se
224 877 429 904 similitudinem
444 877 514 911 ejus,
528 877 575 911 qui
594 885 655 904 eum
671 877 773 912 genuit,
788 876 886 904 Patris.
901 877 966 904 Post

182 922 239 950 hac
257 930 323 949 vero
341 927 472 957 agnoscat
496 922 579 949 Deum
604 923 748 950 honorare.
768 922 861 950 llouor
876 928 965 951 autem

181 968 242 1003 ejus
259 972 311 999 est,
330 972 359 994 ut
379 969 417 995 ita
444 968 529 1000 vivat,
552 969 624 995 sicut
648 969 705 1003 ipse
728 969 799 1001 vult;
814 970 871 995 vult
895 970 967 996 enim

181 1021 405 1049 unumquemque
422 1013 460 1040 ita
476 1015 576 1045 vivere,
593 1020 621 1041 ut
634 1015 809 1041 homicidium
822 1019 848 1041 et
867 1015 969 1042 adulte—

183 1060 256 1086 rium
272 1060 385 1091 nesciat,
399 1060 492 1087 odium
509 1064 535 1087 et
551 1061 694 1087 avaritiam
716 1061 811 1096 fugiat,
829 1061 908 1094 iram,
925 1070 969 1089 su-

182 1105 494 1140 perbiam,jactantiam
518 1111 628 1141 respuat
650 1111 678 1133 et
703 1112 871 1140 exsecretur,
897 1108 967 1134 invi-

181 1151 254 1178 diam
280 1160 397 1186 quoque,
419 1156 446 1179 et
470 1157 567 1179 caetera
591 1153 633 1180 his
653 1153 767 1185 similia,
783 1154 891 1188 penitus
908 1162 922 1180 a
938 1162 967 1181 se

180 1197 264 1224 ducat
281 1198 380 1225 aliena.
394 1198 441 1225 Est
458 1206 522 1225 sane
541 1199 649 1233 propria
668 1199 790 1234 quaedam
806 1204 907 1227 nostra:
925 1208 967 1227 re-

182 1243 291 1278 ligionis
305 1244 488 1275 observantia,
501 1252 561 1279 qua:
578 1252 631 1271 non
648 1250 700 1271 tam
717 1245 865 1279 imponitur
880 1245 965 1275 homi-

182 1289 273 1321 nibus,
288 1297 370 1324 quam
387 1290 495 1324 proprie
511 1290 545 1316 ab
568 1297 731 1325 unoquoque
749 1290 833 1317 Deum
849 1291 965 1323 colente,

181 1342 265 1362 causa
281 1335 408 1369 puritatis
424 1336 575 1370 expetitur;
591 1336 624 1363 de
640 1336 810 1363 castimonia:
825 1336 889 1363 dico
902 1344 967 1363 cau-

181 1381 245 1413 tela,
263 1381 343 1415 cujus
358 1381 463 1415 species
479 1383 570 1409 multa:
584 1386 657 1409 sunt.
675 1382 727 1409 Sed
752 1383 851 1416 primo,
875 1388 903 1409 ut
918 1382 966 1409 ob-

181 1431 271 1454 servet
295 1426 498 1461 unusquisque,
522 1436 556 1455 ne
583 1431 757 1455 menstruaue
785 1429 892 1456 mulieri
914 1430 965 1455 mi-

180 1478 308 1506 sceatur;
334 1475 386 1500 hoc
410 1474 482 1501 enim
505 1474 672 1501 exsecrabile
696 1474 772 1500 ducit
797 1475 838 1501 lex
866 1475 911 1502 Dei
932 1476 963 1503 ¹¹.

181 1518 258 1551 Quod
271 1519 348 1546 silex
364 1519 397 1546 de
408 1520 451 1547 his
467 1528 520 1547 non
531 1521 716 1548 admonuisset
731 1529 792 1553 nos,
807 1525 835 1548 ut
849 1522 931 1548 catuli
944 1523 964 1538 ’³

1014 277 1049 304 sit
1063 277 1137 304 illius
1150 276 1215 304 boni
1236 276 1298 308 hoc,
1312 275 1340 302 in
1356 283 1410 310 quo
1427 282 1491 301 caro
1505 274 1627 301 diluitur.
1644 272 1690 300 Sic
1711 273 1797 306 enim,

1013 327 1041 350 et
1056 323 1186 357 magister
1201 326 1299 349 noster.
1310 321 1445 356 quosdam
1466 319 1667 347 Pharisaeorum
1686 323 1713 347 et
1727 320 1797 347 scri-

1014 368 1122 401 barum,
1138 368 1185 403 qui
1200 368 1363 396 videbantur
1377 374 1438 395 esse
1458 366 1565 394 caeteris
1581 365 1718 398 meliores,
1736 370 1763 393 et
1780 373 1797 393 a

1013 415 1095 449 vulgo
1114 415 1243 450 separati,
1262 414 1429 450 increpabat,
1443 413 1538 441 dicens
1557 420 1606 440 eos
1624 412 1797 448 hypocritas;

1014 461 1078 494 quia
1103 468 1133 487 ea
1159 461 1329 487 solummodo
1355 468 1414 495 quae
1436 459 1593 489 hominibus
1622 458 1796 490 videbantur,

1014 506 1208 540 puriﬁcabant;
1226 507 1310 534 corda
1333 515 1408 537 vero.
1423 515 1483 542 quae.
1506 507 1581 534 solus
1598 505 1669 532 Deus
1687 505 1796 539 aspicit,

1015 552 1155 586 inquinata
1184 553 1374 588 relinquebant
1398 558 1425 580 et
1450 552 1570 580 sordida.
1594 551 1634 578 Ad
1661 550 1796 586 quosdam

1014 605 1078 633 ergo
1092 606 1125 625 ex
1149 599 1227 633 ipsis,
1251 607 1305 625 non
1322 598 1355 625 ad
1375 606 1481 630 omnes,
1508 599 1637 626 dicebat:
1658 597 1702 625 Va:
1727 597 1797 624 vobis

1016 644 1109 672 scriba:
1122 650 1147 672 et
1166 645 1297 672 Pharisa-i
1314 645 1468 680 hypocritw,
1489 646 1550 681 quia
1572 644 1706 671 mundatis
1728 643 1796 678 quod

1014 690 1112 725 deforis
1132 696 1170 718 est
1185 692 1276 718 colicis
1294 696 1318 718 et
1341 691 1499 725 paropsidis,
1523 693 1593 718 intus
1612 695 1697 717 autem
1721 691 1797 724 plena

1014 743 1075 764 sunt
1095 738 1227 765 sordibus.
1250 738 1385 765 Phariswe
1406 746 1487 770 cmce,
1509 737 1607 764 munda
1631 737 1704 771 prius
1729 736 1797 771 quod

1015 783 1084 810 intus
1096 788 1134 811 est
1146 792 1155 810 :
1170 789 1194 811 et
1209 784 1279 819 quod
1292 784 1390 818 deforis
1405 788 1453 816 est,
1467 784 1516 811 erit
1531 783 1656 809 mundum
1670 783 1690 797 ”
1703 783 1709 809 !
1728 782 1798 809 Vere

1015 830 1098 861 enim,
1115 831 1138 857 si
1162 838 1238 857 mens
1258 830 1403 857 mundetur
1425 830 1484 857 luce
1506 829 1637 861 scientiae,
1658 837 1720 856 cum
1739 829 1797 863 ipsa

994 874 1098 911 jfuerit
1124 876 1224 903 munda
1246 883 1278 902 ac
1297 875 1449 911 splendida,
1474 880 1539 902 tunc
1558 876 1639 903 etiam
1664 876 1734 910 ejus,
1751 874 1798 909 qui

1020 921 1122 949 deforis
1137 926 1193 954 est,
1215 922 1332 949 hominis
1353 923 1411 957 ipsa
1436 922 1590 949 necessario
1604 929 1697 948 curam
1717 920 1797 955 gerit,

1019 967 1045 993 id
1060 972 1102 994 est
1119 968 1209 994 carnis
1226 975 1291 1000 suae,
1307 972 1336 994 ut
1350 973 1375 995 et
1389 969 1446 1003 ipsa
1463 968 1632 1003 purificetur.
1646 968 1666 982 ‘7
1682 966 1731 993 Ubi
1749 974 1798 992 au—

1019 1018 1072 1041 tem
1095 1014 1157 1046 ista,
1179 1023 1238 1049 qum
1252 1015 1354 1043 deforis
1368 1019 1421 1048 est,
1439 1015 1592 1050 purificatio
1606 1014 1697 1041 carnis
1713 1013 1798 1049 negli-

1018 1059 1099 1095 gitur,
1114 1065 1217 1088 certum
1232 1065 1273 1088 est
1285 1069 1373 1095 neque
1385 1061 1417 1088 de
1433 1061 1551 1095 puritate
1567 1060 1666 1087 mentis
1679 1068 1710 1086 ac
1722 1067 1799 1086 mun-

1018 1109 1084 1135 ditia
1099 1108 1189 1135 cordis
1203 1116 1296 1135 curam
1319 1109 1386 1143 geri.
1407 1108 1444 1134 lta
1478 1115 1542 1143 ergo
1574 1108 1612 1139 fit,
1640 1112 1669 1134 ut
1701 1107 1724 1135 is
1752 1108 1798 1143 qui

1018 1155 1182 1182 intrinsecus
1194 1155 1310 1181 mundus
1326 1160 1378 1187 est,
1393 1155 1540 1182 mundetur
1548 1155 1605 1182 sine
1620 1155 1702 1182 duhio
1716 1159 1742 1182 et
1751 1163 1799 1182 ex-

1016 1201 1162 1228 trinsecus.
1177 1200 1235 1227 Non
1256 1209 1361 1235 semper
1377 1206 1466 1228 autem
1484 1201 1517 1233 is,
1533 1201 1578 1236 qui
1595 1202 1742 1228 mundatur
1753 1209 1798 1228 cx-

1016 1248 1163 1279 trinsecus,
1183 1248 1264 1274 etiam
1281 1247 1446 1274 intrinsecus
1461 1247 1580 1274 mundus
1593 1252 1650 1279 est,
1672 1247 1799 1275 videlicet

1016 1301 1078 1320 eum
1099 1293 1154 1328 agit
1172 1293 1240 1324 haec,
1259 1297 1288 1320 ut
1304 1293 1459 1320 hominibus
1475 1294 1591 1328 placeat.
1605 1294 1626 1310 ¹⁸
1643 1293 1693 1320 Sed
1712 1298 1738 1320 et
1754 1294 1799 1320 illa

1016 1339 1121 1374 species
1135 1339 1303 1366 castimonia:
1320 1339 1489 1367 observanda
1510 1345 1564 1372 est,
1584 1341 1622 1366 uti
1642 1348 1676 1367 ne
1696 1341 1799 1374 passim

1015 1389 1043 1412 et
1061 1385 1181 1412 libidinis
1197 1385 1282 1413 solius
1305 1392 1400 1417 causa,
1423 1393 1485 1412 cum
1507 1385 1615 1413 feminis
1634 1390 1711 1413 coeat
1726 1386 1798 1420 quis,

1015 1432 1061 1459 sed
1076 1431 1242 1466 posteritatis
1255 1431 1411 1466 reparanda:
1426 1431 1527 1466 gratia;
1547 1440 1606 1466 qmc
1627 1433 1799 1459 observantia

1015 1475 1076 1505 cum
1092 1478 1171 1505 etiam
1193 1479 1221 1504 iu
1237 1478 1374 1505 nonnullis
1399 1478 1549 1512 pecudibus
1572 1479 1735 1510 inveniatur,
1754 1488 1800 1514 pu-

1015 1524 1089 1552 doris
1114 1529 1172 1556 est,
1196 1524 1218 1550 si
1245 1531 1299 1550 non
1326 1524 1359 1551 ab
1388 1524 1543 1551 hominibus
1570 1525 1749 1553 rationalibus
1772 1530 1799 1553 et

181 1565 297 1593 libenter
322 1566 494 1593 volveremur
518 1567 544 1593 in
569 1570 689 1594 stercore
708 1568 738 1593 “.
757 1567 891 1596 Debemus
910 1569 958 1595 ali—
976 1576 996 1604 ε]
1014 1571 1097 1598 Deum
1113 1571 1264 1597 colentibus
1289 1571 1459 1599 observetur.
1485 1570 1554 1606 Ergo
1580 1579 1675 1599 omnes
1703 1580 1799 1607 pecca-

181 1611 246 1645 quid
262 1611 379 1646 amplius
395 1612 495 1639 habere
511 1613 683 1645 animalibus,
701 1617 794 1648 utpote
816 1615 963 1643 rationales

182 1656 318 1689 homines,
339 1662 366 1685 et
387 1658 538 1685 cmlestium
565 1667 694 1686 sensuum
721 1667 845 1694 capaces,
863 1661 962 1696 quibus

182 1710 318 1730 summum
344 1704 465 1731 studium
491 1712 552 1732 esse
576 1704 664 1736 debet,
686 1705 720 1732 ab
737 1707 810 1732 omni
837 1707 964 1741 inquina-

183 1752 274 1775 mento
286 1749 378 1777 cordis
393 1750 590 1777 conscientiam
606 1751 755 1778 custodire.
770 1752 791 1767 ’⁵
804 1752 907 1779 Bonum
922 1757 963 1779 est

184 1800 285 1827 autem,
304 1799 330 1822 et
346 1796 456 1829 puritati
472 1796 648 1827 conveniens,
665 1796 746 1822 etiam
770 1805 869 1831 corpus
893 1806 964 1832 aqua

184 1839 298 1867 diluere.
320 1840 422 1868 Bonum
450 1849 514 1868 vero
539 1842 611 1871 dico,
635 1849 688 1868 non
715 1843 792 1876 quasi
814 1843 964 1878 principale

1016 1622 1113 1644 verunt
1129 1621 1155 1644 et
1171 1620 1250 1651 egent
1265 1617 1366 1643 auxilio
1376 1616 1422 1643 Dei
1435 1616 1501 1652 (52).
1514 1617 1628 1652 Propter
1639 1619 1722 1652 quod,
1736 1619 1799 1645 cha-

1015 1663 1134 1695 rissimi,
1155 1663 1296 1690 sectamini
1325 1671 1431 1697 semper
1456 1664 1631 1695 charitatem,
1646 1669 1673 1691 et
1689 1664 1800 1691 annula-

1016 1709 1083 1735 mini
1107 1709 1219 1736 meliora
1239 1713 1265 1736 et
1288 1709 1450 1743 spiritualia,
1469 1714 1495 1736 et
1512 1709 1638 1744 adjuvate
1660 1718 1709 1736 vos
1727 1710 1798 1736 iuvi-

1017 1762 1085 1787 cem,
1099 1759 1128 1781 ut
1140 1754 1195 1782 Deo
1210 1763 1315 1790 semper
1336 1756 1363 1782 in
1379 1756 1505 1783 omnibus
1520 1756 1626 1791 placere
1641 1757 1753 1784 valeatis
1766 1757 1796 1783 ".

1018 1800 1114 1828 Amen.

184 1917 1284 1933 -—-—-—-——————.——__—

799 1982 1089 2029 EPISTOLA
1125 1986 1183 2031 V.

185 2110 221 2138 De
240 2108 372 2137 communi
393 2108 445 2145 rita
459 2112 483 2135 et
505 2109 612 2145 reliqui;
635 2110 733 2140 causis.
750 2110 806 2137 sui:
828 2110 966 2145 discipuli:

265 2145 375 2179 scripta,
391 2143 689 2181 Hierosolymitum'sque
700 2146 802 2172 directa
814 2146 882 2181 (33).

1054 2114 1213 2143 Communis
1222 2116 1244 2131 ¹⁰
1259 2116 1326 2147 vita,
1338 2115 1446 2146 fratres.
1456 2114 1582 2143 omnibus
1591 2115 1744 2143 necessaria
1753 2120 1796 2144 est

1018 2164 1045 2187 et
1059 2161 1177 2188 maxime
1193 2161 1235 2189 his
1255 2162 1301 2196 qui
1317 2161 1372 2188 Deo
1387 2160 1663 2195 irreprehensibiliter
1678 2161 1795 2190 militare

217 2200 407 2229 Dilectissimis
423 2200 555 2229 fratribus
571 2206 599 2230 et
613 2203 821 2239 condiscipulis,
837 2203 966 2231 Hieroso-
979 2220 1005 2250 Β
1017 2206 1141 2240 cupiunt,
1154 2209 1182 2233 et
1195 2207 1278 2233 vitam
1300 2207 1497 2242 apostolorum,
1511 2214 1659 2241 eorumque
1674 2207 1797 2243 discipu-

183 2248 262 2284 lymis
282 2255 345 2275 cum
362 2247 525 2275 cbarissimo
537 2248 621 2275 fratre
629 2248 732 2277 Jacobo
743 2250 905 2285 coepiscopo
919 2250 966 2278 ha-

183 2294 344 2324 bitantibus,
356 2292 481 2320 CLEIENS
495 2293 650 2329 episcopus.

1019 2251 1107 2279 lorum
1125 2252 1226 2280 imitari
1241 2253 1345 2280 volunt.
1359 2253 1380 2268 ¹¹
1394 2252 1552 2280 Communis
1567 2253 1640 2280 enim
1657 2261 1723 2280 usus
1737 2262 1797 2280 om-

1020 2297 1106 2332 nium,
1122 2306 1182 2333 quae
1199 2304 1263 2326 sunt
1278 2299 1305 2325 in
1327 2299 1378 2326 hoc
1395 2298 1508 2331 mundo,
1524 2298 1650 2326 omnibus
1672 2305 1733 2326 esse
1746 2299 1797 2327 ho-

218 2352 245 2389 εξ
253 2350 335 2377 Siric.
350 2358 394 2389 ep:
404 2349 534 2389 l,__i_nitio.
556 2350 774 2389 “Recognrvilc.
786 2351 831 2389 10.
852 2351 874 2367 ¹²
887 2351 973 2379 Levit.
992 2361 1071 2382 xvm.
1088 2355 1110 2370 "
1122 2355 1302 2389 cantharides,
1312 2357 1366 2383 imo
1380 2356 1512 2389 canthari,
1526 2360 1556 2383 ut
1570 2356 1637 2383 bene
1646 2355 1797 2387 Turrianus

182 2395 214 2414 ex
226 2386 322 2421 Graeco
331 2385 482 2421 codice_l_ib.
494 2393 521 2416 v,
537 2393 597 2421 cap.
609 2387 653 2413 ‘24.

203 2477 210 2484 .
225 2456 252 2488 1,
265 2455 398 2482 Dilectiss.
418 2454 557 2490 fratribus.

205 2492 319 2519 lemens.

218 2537 326 2570 (πθ-δι)
347 2536 384 2564 De
398 2535 602 2564 confirmatione
617 2534 747 2569 loquitur.

218 2569 274 2608 (32)
292 2572 362 2607 Ergo
372 2580 459 2608 omne;
477 2574 659 2608 peccaverunt,
675 2569 808 2608 δια-μαῖα
825 2569 965 2608 conclusio

183 2604 352 2636 calumnios'e
373 2604 580 2641 reprehenditur
596 2605 640 2641 ab?
651 2605 786 2641 haereticis
803 2613 810 2631 :
831 2604 869 2631 ita
891 2605 963 2641 enim

184 2648 295 2671 sanctus
309 2639 434 2670 Clemens
451 2643 510 2677 (aut
532 2640 578 2677 qui
600 2640 651 2677 sub
674 2640 734 2674 ejus
758 2646 875 2677 persona
896 2639 966 2666 deli-

184 2678 276 2713 tescit)
292 2674 498 2713 argumentatur
511 2685 521 2713 :_
536 2674 565 2702 Si
579 2675 649 2713 ratio
664 2675 796 2713 naturalis
812 2679 838 2713 et
854 2675 896 2702 lex
916 2681 965 2701 co-

183 2713 256 2741 lendi
267 2709 354 2740 'Deuin
367 2719 423 2739 non
439 2711 537 2739 sufﬁcit
554 2709 588 2737 ad
603 2710 798 2738 observandam
815 2709 886 2736 hanc
902 2717 964 2744 spe-

183 2749 252 2776 ciem
265 2747 411 2778 castitatis.
428 2754 509 2782 quam
523 2745 651 2782 pecudes.
667 2745 726 2773 sine
745 2745 849 2782 ratione
865 2749 892 2771 et
906 2745 964 2782 lege

183 2787 288 2811 naturze
302 2779 565 2812 instinctu—servant,
579 2785 606 2807 et
621 2781 658 2807 ita
671 2780 817 2807 mutabiles
836 2785 898 2807 sunt
914 2779 965 2806 ho-

183 2819 286 2851 mines;
301 2819 425 2852 sequitur
439 2824 536 2852 omnes
547 2823 609 2852 esse
632 2818 841 2852 peccatores,_et
863 2815 965 2852 auxilio

183 2853 231 2881 Dei
255 2850 349 2889 egere,
371 2852 405 2879 ad
429 2852 498 2880 bene
513 2850 667 2889 vivendum.
691 2851 751 2883 Quo
772 2850 847 2889 nihil
862 2850 964 2889 verius,

183 2889 252 2917 nihil
272 2885 416 2919 similius,
438 2895 489 2914 nec
513 2885 546 2913 ad
573 2893 630 2913 rem
652 2885 885 2916 accommodatius
909 2885 965 2913 dici

183 2925 281 2959 potuit.
297 2923 360 2952 Sev.
375 2922 476 2952 BINIUS.

693 2387 715 2402 "
729 2386 809 2414 Deest
823 2387 880 2414 haec
891 2389 1059 2422 comparatio
1074 2389 1102 2416 in
1117 2398 1141 2417 c.
1153 2390 1224 2418 Just.

181 2422 236 2458 ‘25._
265 2420 364 2458 filice
378 2420 412 2447 ab
424 2419 674 2458 ﬂemerobaptistis
685 2422 818 2458 Ebiouitis
832 2422 932 2449 inserta
947 2419 992 2458 qq.
1003 2419 1138 2457 videntur.

1263 2392 1284 2409 ισ
1305 2388 1461 2423 liccagnn'l,
1479 2399 1505 2419 ο.
1528 2392 1571 2419 Η.
1611 2392 1633 2407 ’⁸
1644 2392 1736 2419 Matth.
1749 2392 1795 2425 25.

1178 2424 1467 2459 "Recogn.vi,c.12.
1506 2426 1683 2455 "lCor.xw.
1722 2428 1794 2460 ³⁸12,

611 2458 632 2473 ¹¹
654 2456 848 2484 Faustinianus
872 2458 929 2484 inec
951 2456 1018 2485 dicit
1043 2459 1090 2487 lib.
1111 2468 1137 2487 ιιι
1160 2456 1303 2497 Recogn.',
1334 2456 1450 2496 p.138,
1474 2469 1535 2497 qua:
1560 2462 1659 2489 refellit
1683 2456 1795 2497 ipsemet

1053 2538 1108 2579 (ὄξ)
1128 2538 1190 2579 Haec
1203 2542 1319 2579 epistola
1342 2542 1479 2577 eneyclica
1493 2546 1548 2576 est;
1564 2543 1604 2570 sic
1625 2542 1707 2575 dicta,
1723 2544 1795 2577 quod

1016 2575 1143 2613 omnibus
1158 2575 1288 2613 Ecclesiis
1303 2575 1457 2605 communis
1480 2582 1567 2613 esset,
1580 2581 1615 2613 ret
1632 2585 1680 2612 per
1697 2575 1795 2606 manus

1015 2610 1130 2643 singulis
1157 2611 1273 2644 tradita,
1299 2613 1457 2640 universum
1484 2610 1669 2639 Christianum
1700 2613 1794 2640 orbem

1015 2644 1181 2682 circumiret.
1195 2646 1307 2674 Diversa
1322 2652 1410 2674 tamen
1424 2651 1466 2675 est
1482 2648 1516 2675 ab
1533 2647 1578 2673 illa
1593 2647 1741 2682 encyclica,
1765 2647 1794 2675 in

1013 2687 1067 2714 qua
1084 2680 1237 2717 virginitas,
1256 2686 1324 2710 teste
1344 2681 1476 2717 Epiphan.
1491 2682 1586 2709 hzeresi
1602 2680 1652 2714 50,
1663 2681 1796 2717 depraedi-

1013 2718 1073 2752 cata
1081 2715 1142 2748 fuit,
1152 2724 1265 2751 quaeque
1278 2725 1328 2745 suo
1336 2715 1528 2752 tempore,qno
1541 2717 1645 2752 integra
1658 2715 1793 2750 exstabat,

1015 2750 1042 2778 in
1057 2750 1311 2784 sanctis’Ecc’lesiis,
1329 2756 1358 2778 ut
1373 2750 1419 2784 ait,
1436 2750 1574 2787 legebatur
1589 2750 1683 2779 {sicut
1704 2756 1730 2779 et
1747 2752 1793 2780 illa

1015 2794 1075 2821 quae
1096 2787 1128 2814 ad
1151 2786 1307 2814 Corinthios
1320 2787 1421 2822 scripta
1443 2786 1503 2814 fuit.
1526 2787 1610 2822 Cujus
1625 2791 1713 2814 autem
1731 2787 1794 2815 ﬁdei

1016 2830 1047 2848 ac
1063 2823 1198 2858 firmitatis
1213 2823 1268 2850 sint
1283 2823 1325 2850 lue
1354 2823 1474 2858 quinque
1488 2823 1567 2849 titulo
1581 2822 1727 2858 Clementis
1741 2830 1792 2850 no-

1016 2858 1159 2894 tatze.vide
1171 2857 1335 2894 Tufrianum
1359 2856 1406 2886 lib.
1429 2856 1464 2891 il,
1490 2858 1614 2887 aduersu:
1630 2856 1791 2894 Magdebttr-

1015 2901 1114 2929 genm.
1132 2893 1193 2922 Sev.
1207 2893 1299 2922 Buuus
