4064 6256
503 252 605 310 507
1342 249 1400 306 S.
1435 251 1828 311 CLEMENTIS
1861 256 1882 310 Ι
1916 255 2083 314 ΒΟΜ.

2186 255 2324 312 )ΝΤ.
2361 253 2591 310 OPERA
2647 253 2877 314 DUBIA.
3624 251 3738 310 508

506 367 748 424 minibus
802 365 1030 437 debuit;
1076 367 1172 425 sed
1222 383 1318 440 per
1370 368 1715 440 iniquitatem
1768 372 1911 430 alius
1969 374 2072 428 hoc
2103 381 2146 436 Α
2180 381 2480 428 vestrarum
2508 372 2764 442 partium,
2792 369 3090 426 secundum
3117 367 3393 439 ingenium
3434 366 3748 443 hominum,

507 477 665 532 suum
697 475 820 516 esse
848 460 1002 527 dixit,
1034 468 1088 517 et
1117 461 1258 518 alius
1281 460 1433 525 illud,
1456 469 1510 516 et
1540 461 1622 516 sic
1645 462 1790 517 inter
1817 465 2076 519 mortales
2176 480 2242 520 ex
2275 464 2363 521 his
2408 479 2528 534 quae
2572 463 2790 534 legunt,
2831 460 3339 519 verisimilitudines
3384 458 3611 528 capiunt
3642 477 3655 512 :
3688 467 3741 514 et

511 553 653 608 facta
693 552 890 608 divisio
935 560 1040 608 est.
1087 552 1328 624 Denique
1375 551 1687 627 Graecorum
1723 553 1946 624 quidam
1989 570 2078 611 sa-
2179 557 2301 613 ideo
2338 555 2626 628 diligenter
2668 555 3068 612 observandum
3109 563 3212 618 est,
3254 561 3315 607 ut
3345 552 3431 608 lex
3465 551 3583 615 Dei,
3619 565 3746 614 cum

509 645 885 718 pientissimus
905 647 971 714 “,
1004 647 1118 701 haec
1149 646 1222 701 ita
1247 645 1427 702 sciens
1458 660 1605 710 esse,
1635 644 2077 700 ait-.Communia

507 737 692 794 debere
720 755 831 792 esse
869 739 1159 792 amicorum
1201 738 1378 792 omnia
1399 737 1469 804 ’³,
1501 745 1550 794 et
1591 739 1727 791 sicut
1774 754 1878 797 non
1906 748 2076 808 potest

511 830 731 903 (inquit)
760 831 924 885 dividi
951 848 1064 896 aer,
1103 848 1262 902 neque
1290 829 1536 900 splendor
1577 830 1732 896 solis,
1765 832 1842 886 ita
1873 849 1965 886 nec
1995 849 2077 887 re-

513 926 658 996 liqua
696 942 813 996 qua:
842 926 1186 980 communiter
1217 925 1272 978 in
1306 924 1402 980 hoc
1437 923 1633 978 mundo
1675 924 1914 978 omnibus
1949 923 2080 978 data

512 1028 634 1079 sunt
679 1017 747 1070 ad
788 1016 1104 1082 habendum,
1134 1016 1298 1071 diuidi
1344 1015 1549 1082 debere,
1585 1016 1673 1070 sed
1704 1015 1944 1070 habenda
1971 1031 2081 1070 esse

514 1111 832 1166 communia.
865 1107 1018 1165 Unde
1049 1118 1102 1165 et
1135 1109 1396 1166 Dominus
1426 1124 1521 1179 per
1551 1109 1871 1179 prophetam
1904 1107 2081 1179 loqui-

514 1212 625 1265 tur,
659 1202 885 1258 dicens:
919 1198 1050 1256 Ecce
1080 1218 1238 1272 quam
1282 1201 1472 1254 bonum
1512 1210 1560 1255 et
1596 1217 1755 1272 quam
1785 1200 2080 1270 jucundum

514 1294 753 1349 habitare
781 1294 976 1364 fratres
1010 1293 1063 1346 in
1094 1309 1260 1348 unum
1285 1293 1352 1350 “.
1393 1292 1559 1349 Istius
1592 1293 1738 1349 enim
1787 1302 2082 1350 consuetu-

516 1387 659 1443 dinis
688 1402 836 1441 more
866 1392 1096 1451 retento,
1123 1387 1286 1440 etiam
1316 1386 1571 1456 apostoli,
1596 1403 1894 1458 eorumque
1920 1385 2083 1444 disci-

516 1479 651 1549 puli,
677 1488 736 1534 ut
766 1478 1078 1549 praedictum
1136 1485 1242 1542 est,
1269 1494 1376 1532 una
1408 1479 1692 1535 nobiscum
1715 1489 1766 1534 et
1797 1480 2082 1536 vobiscum

515 1587 858 1627 communem
907 1572 1066 1625 vitam
1116 1570 1342 1626 duxere.
1392 1569 1545 1628 Unde
1585 1571 1667 1642 (ut
1714 1572 1851 1628 bene
1886 1571 2081 1644 nostis)

515 1673 628 1716 erat
668 1661 1021 1716 multitudinis
1066 1678 1247 1716 eorum
1292 1679 1383 1717 cor
1429 1680 1591 1717 unum
1617 1672 1667 1719 et
1713 1665 1897 1718 anima
1933 1679 2082 1720 una:

515 1770 607 1806 nec
642 1755 916 1823 quisquam
949 1769 1128 1807 eorum
1159 1763 1251 1807 aut
1278 1763 1538 1820 nostrum,
1563 1755 1628 1810 de
1655 1754 1736 1810 his
1764 1773 1881 1828 qua:
1914 1757 2085 1826 possi—

513 1845 689 1910 debat,
733 1845 933 1915 aliquid
964 1863 1119 1900 suum
1146 1864 1258 1902 esse
1289 1847 1516 1913 dicebat,
1558 1848 1648 1902 sed
1684 1850 1863 1904 omnia
1891 1850 2001 1905 illis
2037 1859 2087 1906 et

513 1939 662 1993 nobis
692 1947 844 1993 erant
872 1939 1189 2001 communia,
1216 1956 1305 1992 nec
1334 1939 1608 2011 quisquam
1630 1957 1782 2011 egens
1813 1950 1928 1998 erat
1953 1942 2088 1996 inter

513 2047 629 2086 nos.
666 2029 857 2085 Omnes
891 2039 1087 2096 autem,
1116 2031 1205 2101 qui
1231 2029 1414 2085 domos
1445 2032 1522 2084 vel
1539 2048 1696 2102 agros
1717 2033 2079 2103 possidebant,

515 2121 800 2176 vendebant
829 2138 938 2185 eos,
973 2131 1022 2174 et
1049 2122 1219 2190 pretia
1247 2138 1448 2187 eorum,
1477 2133 1526 2176 et
1572 2124 1802 2194 reliquas
1844 2142 1927 2182 res
1956 2143 2087 2198 quas

514 2213 804 2280 habebant,
836 2214 1156 2284 efferebant,
1194 2224 1439 2283 ponentes
1474 2225 1595 2270 ante
1625 2217 1778 2287 pedes
1823 2219 2089 2288 apostolo—

514 2323 632 2360 rum
652 2307 716 2373 ",
732 2307 875 2362 sicut
899 2307 1184 2362 nobiscum
1201 2307 1422 2378 quidam
1438 2317 1681 2363 vestrum
1714 2319 2087 2382 cognoverunt

514 2409 568 2454 et
595 2398 846 2455 viderunt
871 2418 884 2454 :
917 2408 964 2454 et
987 2399 1289 2454 dividebant
1321 2400 1569 2472 singulis,
1587 2405 2086 2475 proutcuiqueopus

513 2500 648 2546 erat.
681 2491 921 2547 Ananias
953 2499 1155 2558 autem,
1201 2493 1284 2547 vir
1319 2502 1602 2557 austerus,
1640 2503 1695 2550 et
1748 2492 2016 2567 Sappbira
2043 2498 2089 2530 '°

515 2600 655 2640 uxor
686 2583 807 2654 ejus
830 2584 897 2650 ³⁷,
929 2584 1024 2656 qui
1073 2583 1285 2638 mentiti
1333 2592 1462 2641 sunt
1494 2586 1760 2655 apostolis
1807 2587 1874 2643 de
1911 2589 2088 2659 pretio

516 2693 772 2748 agrorum
805 2692 1051 2744 suorum,
1075 2692 1214 2748 quos
1242 2677 1621 2745 vendiderant,
1655 2679 1815 2736 nobis
1848 2697 2090 2752 praesen-

516 2769 662 2825 tibus
691 2768 767 2834 ",
799 2768 854 2822 in
901 2777 1202 2840 conspectu
1249 2769 1498 2826 omnium
1533 2772 2029 2839 circumstantium,
2059 2789 2090 2829 a

513 2866 813 2931 conspectu
849 2867 1258 2930 apostolorum,
1310 2871 1533 2935 propter
1565 2873 1850 2934 peccatum
1901 2882 2090 2921 eorum

514 2962 570 3009 et
599 2951 946 3010 mendacium
987 2954 1132 3024 quod
1188 2954 1464 3022 fecerunt,
1508 2959 1711 3012 mortui
1750 2957 1915 3014 delati
1963 2970 2092 3015 sunt

2177 649 2395 720 legitur,
2447 662 2558 703 non
2605 647 2906 704 secundum
2953 647 3231 719 propriam
3287 645 3493 717 ingenii
3543 643 3746 699 intelli.

2178 741 2414 811 gentiam
2468 740 2680 811 legatur
2729 740 2813 795 vel
2870 739 3152 795 doceatur.
3201 737 3341 792 Sunt
3381 737 3528 792 enim
3574 735 3745 792 multa

2177 833 2344 889 verba
2385 832 2442 886 in
2482 830 2782 902 Scripturis
2812 830 3044 895 divinis,
3085 845 3206 901 quae
3237 837 3467 900 possunt
3495 828 3641 882 trahi
3676 827 3745 887 ad

2179 939 2304 980 eum
2336 925 2380 956 ⁸³
2440 940 2700 990 sensum,
2745 939 2909 994 quem
2977 922 3082 978 sibi
3128 921 3505 991 unusquisque
3553 925 3751 990 sponte

2181 1018 2551 1088 praesumpsit,
2593 1015 2686 1073 sed
2721 1015 2838 1072 ﬁeri
2868 1031 2979 1071 non
3021 1021 3256 1086 oportet.
3284 1013 3404 1068 Non
3445 1013 3590 1069 enim
3621 1025 3752 1068 sen-

2181 1125 2300 1164 sum
2327 1125 2487 1178 quem
2510 1110 2852 1165 extrinsecus
2872 1107 3205 1172 adulteretis,
3231 1106 3468 1161 alienum
3491 1111 3546 1159 et
3572 1110 3754 1159 extra-

2181 1216 2342 1256 neum
2366 1199 2575 1256 debetis
2599 1196 2864 1270 quaerere,
2896 1207 2990 1254 aut
3018 1197 3294 1269 quomodo
3314 1198 3360 1230 “
3390 1199 3570 1267 ipsum
3599 1194 3754 1249 Scri-

2183 1301 2468 1364 pturarum
2525 1293 2849 1347 auctoritate
2909 1291 3279 1358 conﬁrmetis;
3337 1289 3432 1344 sed
3479 1303 3547 1343 ex
3614 1288 3754 1357 ipsis

2185 1383 2487 1456 Scripturis
2518 1400 2738 1440 sensum
2769 1399 2966 1453 capere
2992 1383 3261 1438 veritatis.
3293 1380 3357 1435 Et
3383 1379 3505 1435 ideo
3534 1386 3761 1449 oportet.

2183 1479 2253 1534 ab
2281 1493 2347 1534 eo
2377 1477 2788 1548 intelligentiam
2815 1475 3027 1531 discere
3057 1473 3485 1545 Seripturarum,
3510 1471 3602 1542 qui
3632 1485 3754 1526 eam

2184 1586 2216 1625 a
2262 1569 2600 1639 majoribus,
2648 1566 2946 1624 secundum
3001 1568 3280 1623 veritatem
3334 1563 3438 1621 sibi
3497 1563 3755 1617 traditam

2184 1663 2425 1719 servavit
2465 1669 2527 1718 ut
2568 1671 2622 1719 et
2655 1661 2774 1733 ipse
2821 1661 2997 1733 possit
3021 1675 3106 1726 ea,
3147 1676 3269 1732 quae
3305 1669 3453 1717 recte
3489 1657 3755 1726 suscepit,

2189 1761 2563 1827 competenter
2594 1769 2865 1810 asserere.
2909 1752 3046 1809 Cum
3089 1753 3234 1808 enim
3263 1767 3331 1807 ex
3369 1751 3569 1806 divinis
3605 1747 3758 1803 Scri-

2189 1853 2364 1920 pturis
2411 1847 2676 1918 integram
2709 1846 2835 1916 quis
2877 1852 2932 1901 et
2979 1845 3188 1900 ﬁrmam
3219 1845 3462 1915 regulam
3509 1841 3759 1898 veritatis

2189 1939 2512 2009 susceperit,
2555 1936 2854 1994 absurdum
2892 1953 3004 1992 non
3033 1937 3160 2001 erit,
3185 1937 3231 1991 si
3262 1935 3467 2006 aliquid
3494 1935 3659 1988 etiam
3688 1949 3761 1990 ex

2188 2033 2498 2089 eruditione
2546 2031 2824 2086 communi
2871 2044 2937 2085 ac
2986 2030 3303 2085 liberalibus
3353 2027 3591 2094 studiis,
3637 2043 3760 2098 qua!

2188 2127 2329 2182 forte
2379 2127 2433 2180 in
2482 2125 2717 2197 pueritia
2767 2123 2977 2195 attigit,
3012 2123 3079 2178 ad
3130 2124 3488 2179 assertionem
3517 2121 3632 2174 veri
3659 2120 3762 2174 do-

2189 2218 2385 2290 gmatis
2412 2217 2688 2284 conferat;
2737 2215 2814 2270 ita
2861 2223 3064 2282 tamen,
3093 2223 3153 2270 ut
3204 2216 3298 2272 ubi
3347 2229 3478 2270 vera
3530 2211 3759 2276 didicit,

2190 2312 2326 2366 falsa
2360 2319 2414 2365 et
2461 2309 2718 2364 simulata
2776 2306 3036 2364 declinet.
3074 2308 3119 2340 ³⁵
3163 2306 3436 2362 Incertum
3485 2312 3568 2360 est
3613 2303 3762 2359 enim

2189 2406 2351 2459 etiam
2377 2402 2671 2472 juvenibus
2703 2400 2828 2456 vitae
2877 2409 3113 2472 tempus,
3161 2400 3386 2455 senibus
3434 2405 3613 2452 autem
3641 2396 3760 2465 jam

2190 2512 2290 2553 nec
2320 2497 2589 2551 incertum
2621 2501 2738 2561 est;
2773 2508 2884 2548 non
2906 2491 3052 2547 enim
3085 2491 3390 2556 dubitatur,
3420 2491 3550 2561 quin
3582 2503 3764 2559 quan-

2191 2599 2528 2659 tumcunque
2561 2595 2647 2644 est
2689 2587 2836 2658 quod
2867 2592 3090 2656 putatur
3119 2599 3438 2656 superesse,
3471 2584 3635 2638 breve
3665 2583 3757 2637 sit.

2191 2682 2256 2738 Et
2300 2682 2423 2739 ideo
2452 2689 2566 2738 tam
2596 2680 2830 2750 juvenes
2871 2694 3034 2751 quam
3064 2694 3224 2735 senes
3255 2685 3471 2748 oportet
3517 2676 3584 2731 de
3627 2689 3762 2730 con-

2190 2775 2442 2834 versione
2468 2780 2521 2830 et
2551 2773 2868 2845 pmnitentia
2900 2772 3056 2828 valde
3089 2787 3212 2826 esse
3243 2770 3527 2834 sollicitos,
3558 2774 3612 2824 et
3642 2775 3728 2823 sat
3747 2796 3763 2808 -

2192 2885 2352 2942 agere
2372 2869 2438 2933 ⁸⁸,
2485 2875 2542 2921 ut
2570 2867 2637 2922 de
2682 2867 2891 2937 reliquo
2933 2873 3130 2920 ornent
3158 2865 3393 2918 animam
3424 2877 3579 2918 suam
3605 2875 3763 2916 orna-

2195 2961 2394 3019 mentis
2423 2959 2782 3031 dignissimis,
2812 2959 2866 3013 id
2891 2968 2975 3014 est
2999 2958 3348 3028 dogmatibus
3377 2955 3646 3018 veritatis,
3675 2953 3765 3009 de-

517 3046 700 3102 ambo.
734 3046 1052 3116 Caeteraquc
1094 3062 1216 3116 quae
1243 3045 1312 3103 de
1341 3048 1545 3104 talibus
1569 3049 1613 3080 ¹⁹
1646 3049 2008 3120 cognovimus
2039 3058 2092 3106 et
2120 3083 2163 3138 ε
2195 3068 2322 3109 cure
2350 3052 2641 3124 pudicitiae,
2673 3052 2962 3121 splendore
2985 3049 3233 3120 justitiae,
3257 3049 3496 3104 candore
3520 3047 3761 3119 pietatis,

516 3136 786 3203 vidimus,
841 3153 943 3192 nec
997 3139 1414 3204 recordatione,
1465 3154 1566 3195 nec
1623 3138 2090 3197 demonstratione

519 3227 683 3299 digna
732 3236 880 3285 sunt.
913 3227 1257 3299 Quapropter
1299 3230 1417 3286 haec
1449 3231 1605 3287 vobis
1648 3233 1890 3288 cavenda
1937 3249 2094 3288 man-

521 3319 737 3383 damus,
768 3327 822 3374 et
850 3318 1116 3376 doctrinis
1147 3327 1201 3374 et
1229 3323 1494 3393 exemplis
1543 3325 1915 3393 apostolorum
1961 3327 2096 3383 ohe-

521 3409 641 3465 dire
672 3411 1050 3480 principimus;
1083 3413 1211 3482 Quia
1246 3413 1301 3490 hi
1330 3415 1425 3484 qui
1448 3415 1704 3469 mandata
1733 3431 1923 3473 eorum
1950 3426 2098 3488 post-

521 3507 753 3570 ponunt,
778 3517 887 3556 non
913 3502 1087 3556 solum
1119 3503 1218 3568 rei,
1245 3504 1340 3559 sed
1370 3512 1617 3562 extorres
1649 3506 1802 3564 ﬁunt.
1829 3508 1961 3575 Quae
1983 3527 2092 3566 non

525 3592 700 3648 solum
735 3594 892 3650 vobis
921 3594 1184 3661 cavenda,
1229 3595 1325 3651 sed
1367 3606 1421 3653 et
1464 3599 1716 3655 omnibus
1749 3602 2092 3671 praedicanda

523 3693 674 3741 sunt.
700 3684 744 3716 ³⁰
773 3683 1023 3739 Relatum
1061 3693 1146 3741 est
1184 3687 1348 3742 etiam
1379 3689 1560 3754 nobis,
1591 3692 1738 3760 quod
1786 3694 2006 3764 quidam
2036 3695 2094 3750 in

523 3777 724 3833 vestris
774 3778 1021 3848 partibus
1065 3788 1501 3846 commorantes,
1545 3783 1904 3840 adversantur
1943 3787 2093 3844 sanis

526 3867 812 3934 doctrinis,
837 3880 890 3924 et
921 3868 1106 3940 (prout
1136 3871 1217 3927 eis
1243 3871 1481 3945 videtur)
1513 3889 1623 3928 non
1650 3877 1952 3932 secundum
1981 3885 2096 3933 tra-

527 3961 790 4017 ditionem
821 3961 1000 4018 Patris
1025 3964 1091 4029 ",
1131 3965 1224 4020 sed
1250 3965 1405 4036 juxta
1437 3982 1661 4024 sensum
1692 3985 1855 4025 suum
1896 3973 2094 4028 docere

529 4054 873 4112 videntur.”
921 4055 1118 4114 Multas
1164 4059 1308 4114 enim
1362 4059 1583 4131 quidam
1626 4061 1717 4134 (ut
1764 4063 2094 4123 audivimusl

615 4245 659 4275 “
704 4245 984 4318 Platonem
1053 4246 1327 4318 intelligit.

534 4387 586 4449 1.
662 4387 706 4424 ’⁵
736 4387 856 4440 Act.
899 4403 972 4450 IV,
1010 4388 1098 4442 34.
1166 4389 1211 4420 “

1296 4405 1342 4446 s.
1376 4388 1647 4461 _Zapltira.
1741 4395 1784 4427 ¹⁷
1837 4395 1959 4452 Act.
2004 4413 2057 4452 ν.

533 4443 716 4536 ruens,
763 4443 985 4511 natione
1034 4443 1344 4536 Romanus,
1371 4443 1709 4536 iquilplures
1750 4443 2079 4536 post-annos
2110 4466 2143 4521 li

535 4526 586 4559 ”-
612 4526 708 4583 Ms.
738 4535 947 4600 uetera,
964 4543 1100 4648 (qua:
1142 4530 1296 4584 talia.
1331 4526 1338 4530 ⁷
1369 4526 1419 4563 ³⁵
1457 4526 1585 4587 Dist.
1634 4536 1722 4597 57,
1752 4526 2008 4590 'Relatum
2046 4549 2148 4595 est.

537 4594 582 4626 ³³
600 4595 889 4648 Πεεοαηιι..
930 4614 960 4648 α
1027 4613 1200 4648 suum.
1240 4599 1364 4648 Haec
1393 4617 1608 4648 mmmm
1666 4621 1729 4648 nr
1787 4606 2064 4648 "zlrilllinn
2109 4610 2148 4648 ll.

537 4594 582 4626 ⁸³
600 4592 889 4661 Recognit.,
930 4614 960 4648 a

2198 3146 2434 3214 aliisque
2463 3145 2740 3209 omnibus,
2771 3144 2971 3214 quibus
3013 3151 3286 3214 comptam
3315 3142 3470 3197 decet
3515 3155 3638 3196 esse
3675 3154 3765 3193 ra~

2197 3238 2454 3294 tionalem
2503 3246 2764 3294 mentem.
2790 3237 2832 3268 ³⁷
2862 3235 3046 3302 Unde,
3090 3233 3380 3291 consilium
3423 3233 3634 3294 dantes,
3669 3247 3762 3286 ve-

2195 3339 2364 3386 stram
2395 3329 2739 3399 prudentiam
2773 3329 3078 3393 hortamur,
3120 3335 3180 3382 ut
3220 3327 3287 3381 ab
3326 3323 3644 3395 apostolicis
3676 3338 3765 3378 re-

2192 3423 2336 3495 gulis
2365 3437 2475 3476 non
2518 3420 2810 3487 recedatis,
2854 3420 2950 3479 sed
2986 3435 3331 3478 communem
3359 3419 3526 3474 vitam
3557 3417 3767 3473 ducen-

2195 3523 2300 3579 tes,
2327 3523 2382 3570 et
2411 3513 2729 3585 Scripturas
2770 3529 2964 3571 sacras
3012 3521 3160 3569 recte
3206 3513 3597 3583 intelligentes,
3645 3525 3767 3580 quae

2196 3607 2429 3662 Domino
2457 3608 2706 3672 vovistis,
2751 3607 3050 3678 adimplere
3079 3607 3361 3678 satagatis.
3395 3605 3460 3660 Et
3488 3622 3614 3661 cum
3645 3619 3766 3659 ora-

2195 3700 2346 3756 tione
2382 3699 2603 3755 assidua
2664 3699 2755 3754 Dei
2811 3702 3042 3771 gratiam
3105 3701 3355 3755 obtinere
3419 3698 3763 3762 merueritis,

2196 3799 2350 3857 tunc,
2377 3792 2498 3849 sine
2527 3793 2840 3862 suspicione
2873 3793 3001 3846 mali
3027 3793 3282 3849 interitus
3305 3793 3370 3859 ³⁸,
3401 3801 3526 3848 vota
3553 3791 3768 3864 possint

2197 3885 2462 3940 celebrari
2505 3884 2716 3941 festiva.
2762 3884 2904 3942 Deus
2949 3892 3131 3940 autem
3169 3886 3322 3956 pacis
3367 3886 3438 3941 sit
3475 3899 3600 3939 cum
3647 3898 3769 3938 om-

2199 3978 2360 4048 nibus
2389 3979 2562 4035 vobis.
2590 3978 2783 4034 Amen.

615 4250 1327 4334 {"l’latgucttl‘lruintelligit.
1368 4326 1383 4334 Α
1431 4250 1476 4282 ³³
1511 4250 1571 4308 In
1609 4268 1724 4334 ins.
1791 4261 1956 4324 atque
2010 4253 2176 4312 editis
2233 4256 2445 4313 Merlini
2486 4268 2547 4334 ct_
2585 4257 2783 4313 Crabbi
2810 4272 3030 4334 pauca“
3059 4260 3411 4334 inseruntur1
3445 4259 3516 4334 de
3563 4261 3773 4331 quibus

532 4317 588 4399 i_n
619 4317 781 4399 notis.
819 4315 892 4399 lia
939 4315 1134 4399 Suri-us
1166 4315 1668 4399 etlpost'eumalii
1711 4315 2086 4399 resecuerunt,
2140 4336 2492 4399 cumﬂtameu
2535 4329 2784 4399 legantur
2810 4315 2846 4384 l'.
2893 4345 2926 4382 χ
2974 4327 3209 4397 'Recogn.

3305 4329 3353 4361 “
3378 4329 3523 4385 Psal.
3552 4329 3766 4398 cixxn,

2162 4397 2207 4482 ξ’
2254 4398 2376 4453 Νοιι
2425 4397 2641 4482 videtin"
2686 4409 2831 4482 tunc.
2885 4399 3276 4482 llierosolymis
3322 4402 3604 4482 ex_sti_tisse
3643 4403 3767 4461 Cle-

2147 4467 2268 4523 dem
2308 4468 2780 4539 suscepit-Verba
2810 4469 3008 4526 Latmii
3039 4467 3181 4539 notis
3221 4473 3427 4528 nostris
3455 4473 3769 4531 inseremus

2249 4537 2627 4595 a'tradiliones
2674 4540 2922 4596 Patrum.
2997 4541 3043 4573 "
3104 4537 3377 4607 Recognit.
3432 4556 3508 4608 ι,
3567 4559 3617 4598 c.
3670 4545 3762 4601 Η.

1027 4613 1200 4654 suum.
1239 4599 1364 4683 [lace
1393 4617 1731 4683 quoquewex
1760 4606 2064 4683 _llar_duin_o
2109 4610 2392 4683 desumpta
2426 4619 2574 4668 sunt.
2649 4611 2695 4644 ³⁸
2732 4621 2788 4665 ιιι
2815 4612 3195 4683 quoquomodo.
3241 4599 3318 4643 ’³⁵
3365 4599 3643 4682 Recognit.
3682 4599 3763 4675 in,

447 4690 460 4705 -
534 4680 588 4722 c.
632 4666 722 4724 45.
797 4665 842 4699 ³⁸
865 4667 1173 4738 satisagere.
1250 4670 1296 4705 ⁸³
1326 4665 1475 4745 2,ἰι.
1517 4665 2090 4748 ἱ,οἰιεειὶδδ.·[ναινὶὺελ

2187 4665 2198 4666 ί
2227 4681 2274 4713 ⁸⁸
2304 4665 2441 4737 inter
2467 4665 2576 4738 vos;
