4064 6256
333 297 437 354 509

770 1114 835 1154 EX
875 1114 1120 1154 DECRETO
1156 1111 1435 1156 GRATIANI.

431 1195 527 1266 (De
558 1207 832 1256 consecr.,
868 1192 999 1248 dist.
1027 1191 1371 1247 Sacerdotum
1402 1187 1782 1259 aliorumque.)

331 1329 550 1397 Quando
595 1328 884 1382 celebratur
929 1329 1112 1399 missa,
1155 1327 1534 1399 presbyterium
1583 1327 1752 1381 laicus
1806 1327 1891 1380 in-

815 1398 960 1468 gredi
991 1416 1092 1452 non
1121 1398 1429 1467 praesumat.

395 1490 789 1557 Sacerdotum,
845 1492 1185 1560 aliorumque
1243 1491 1569 1545 clericorum
1631 1488 1893 1545 Ecclesiae

330 1584 679 1637 servientium
709 1583 966 1649 honores,
1007 1598 1036 1636 a
1067 1582 1332 1636 laicorum
1378 1583 1498 1636 loco
1528 1582 1762 1637 discrete
1798 1597 1889 1652 ap-

328 1690 516 1743 parere
561 1675 835 1730 convenit.
863 1673 1228 1739 Quamobrem
1259 1675 1391 1728 nulli
1426 1675 1689 1728 laicorum
1737 1674 1894 1728 liccat

338 1766 391 1820 in
421 1782 488 1820 eo
518 1768 658 1829 loco,
688 1767 779 1821 ubi
829 1767 1143 1823 sacerdotes
1184 1773 1237 1823 et
1277 1767 1470 1837 reliqui
1502 1766 1684 1821 clerici
1714 1765 1896 1820 consi-

331 1866 479 1911 stunt
531 1858 698 1928 (quod
758 1854 1156 1928 presbyterium
1223 1859 1627 1929 nuncupatur),
1677 1858 1896 1928 quando

330 1950 494 2004 missa
534 1952 841 2005 celebratur
879 1951 1196 2013 consistere,
1224 1959 1283 2005 ut
1321 1951 1487 2005 libere
1516 1966 1577 2004 ac
1604 1949 1900 2005 honoriﬁce

330 2040 536 2109 possint
563 2056 719 2097 sacra
746 2040 920 2096 officia
948 2057 1205 2097 exercere
1233 2041 1566 2113 ,celcbrari].

1080 2176 1144 2233 ll.

337 2285 416 2341 Ex
463 2291 813 2344 vetustissimo
869 2291 1046 2347 codice
1111 2291 1329 2346 Lucensi
1378 2309 1635 2346 annorum
1691 2291 1900 2345 circiter

462 2359 607 2412 mille
637 2376 701 2412 ex
729 2363 950 2428 epistola
986 2362 1047 2416 Β.
1079 2361 1358 2417 Clementis
1390 2364 1456 2416 ad
1484 2361 1766 2418 Iacobum.

406 2449 456 2503 1,
484 2448 785 2521 Episcopus
816 2453 1306 2522 irrcprehensibilis
1329 2455 1540 2513 sit,non
1563 2454 1893 2523 ﬁdeijussor,

1159 274 1750 341 CONSTITUTIONES
1781 272 2253 330 APOSTOLICIE.
2294 303 2361 313 --
2397 269 2759 327 ΡΒοαςιυιΑ.

3453 268 3555 324 MO

439 443 3551 492 _____________________________.__________.__-_______.

1461 619 2490 760 FRAGMENTA.

1916 986 1963 1043 Α
1989 993 2090 1034 nec
2120 973 2416 1030 advocatus
2455 973 2654 1037 litium,
2705 989 2807 1028 nec
2850 973 2973 1027 aliis
3021 971 3169 1027 curis
3219 972 3558 1042 negotiorum

1992 1068 2350 1123 mundialium
2385 1067 2695 1135 perplexus.
2719 1064 3012 1135 Presbyter
3037 1065 3289 1134 pudicus,
3313 1080 3562 1120 carceres

1997 1162 2212 1223 visitet,
2246 1168 2300 1215 et
2333 1161 2649 1230 peregrinos
2701 1139 3278 1226 suscipiat,'stateras
3328 1159 3563 1227 aequales

1991 1253 2210 1307 habeat.

2062 1343 2117 1399 2.
2160 1341 2386 1397 Diaconi
2419 1352 2678 1413 tanquam
2707 1341 2852 1396 oculi
2877 1350 2928 1396 et
2958 1357 3120 1396 aures
3156 1340 3398 1412 episcopi
3431 1341 3559 1395 sint.

1993 1436 2386 1493 Catecbumeni
2420 1438 2785 1492 instruantur.

2356 1531 2434 1585 De
2460 1530 2804 1600 perceptione,
2837 1529 2986 1597 cujus
3015 1544 3195 1597 supra.

2066 1630 2117 1684 5.
2165 1626 2583 1680 Sacramentum
2617 1637 2740 1675 cum
2771 1621 2918 1673 omni
2951 1620 3146 1673 timore
3191 1617 3284 1673 Dei
3319 1626 3565 1673 servetur

1994 1735 2024 1775 a
2061 1717 2415 1790 presbyteris,
2439 1713 2763 1768 diaconibus
2789 1719 2842 1766 et
2873 1711 3158 1765 ministris.

2063 1813 2117 1866 4.
2161 1807 2492 1864 Communio
2543 1806 2597 1859 in
2649 1805 2948 1859 crastinum
3003 1819 3112 1856 non
3165 1814 3429 1868 servetur,
3471 1805 3563 1857 sed

1995 1917 2119 1956 cum
2152 1901 2349 1954 timore
2380 1898 2475 1952 Dei
2509 1905 2785 1962 sumatur;
2815 1911 2878 1949 ac
2911 1895 3143 1952 clericus
3187 1911 3288 1950 nec
3318 1896 3569 1950 celeriter

1996 1994 2150 2048 cibos
2181 1992 2436 2061 accipiat.

2067 2087 2119 2140 5.
2161 2083 2301 2140 Vasa
2331 2084 2580 2145 sacrarii,
2620 2083 2703 2136 vel
2742 2082 2857 2136 vela
2892 2089 3104 2136 vetusta
3156 2081 3483 2142 ustulentur,
3515 2088 3568 2133 et

1998 2177 2054 2231 in
2087 2191 2246 2231 sacro
2279 2177 2424 2230 fonte
2456 2175 2632 2245 pulvis
2663 2176 2942 2229 obruatur.

2071 2269 2124 2322 6.
2169 2269 2242 2324 De
2274 2270 2417 2339 palla
2465 2269 2648 2321 nullus
2699 2276 2947 2320 mortuus
2996 2266 3280 2331 obruatur,
3313 2282 3412 2321 nec
3452 2266 3570 2320 dia-

2001 2377 2174 2416 conus
2207 2363 2471 2432 imponat,
2505 2361 2622 2415 vela
2682 2367 2735 2413 et
2765 2358 2936 2429 pallas
2966 2357 3336 2413 subdiaconus
3380 2359 3431 2412 in
3479 2372 3569 2413 sa—

2002 2455 2182 2508 crario
2209 2455 2372 2510 lavet.

368 2621 3563 2654 Μ

621 2772 2007 3009 CONS’I‘l’l‘ll’l‘l0NllS
2179 2775 3275 3009 APOS'I‘0LICZE.

1434 3273 2558 3482 PROCEMIA.

919 3783 1038 3906 J.
1105 3783 1242 3905 B.
1328 3779 2166 3910 COTELERII
2224 3781 2968 3910 JUDICIUM

766 4080 911 4168 DE
989 4077 2177 4172 CONSTITUTIONIBUS
2250 4075 3021 4171 APOSTOLICIS

1260 4266 1469 4340 (Patres
1502 4269 1806 4339 apostolici,
1837 4277 1876 4323 t.
1905 4269 1949 4335 Ι,
1976 4268 2065 4325 ed.
2099 4269 2418 4352 Amstaelod.
2447 4268 2645 4341 i724.)

1944 4431 2016 4447 ﬂ

419 4561 494 4616 Ex
526 4557 737 4620 multis,
781 4572 905 4627 quae
949 4555 1016 4611 de
1056 4555 1553 4613 Constitutionibus
1602 4559 1918 4628 apostolicis
1945 4571 1986 4629 c
2021 4561 2246 4617 stolicas
2268 4575 2396 4612 vero
2418 4557 3012 4626 6taeayég,Clementis
3035 4557 3381 4628 quidem,sed
3398 4573 3582 4631 postea

353 4657 502 4710 vario
550 4653 838 4708 doctorum
880 4665 1130 4706 sermone
1170 4649 1466 4719 jactantur,
1498 4667 1624 4706 vera
1673 4654 1919 4722 quaedam

354 4756 502 4810 sunt,
536 4745 643 4800 alia
679 4743 836 4807 falsa,
877 4749 1072 4797 caetera
1107 4740 1405 4810 ejusmodi,
1440 4749 1501 4795 ut
1538 4743 1820 4798 veritatem
1853 4759 1922 4799 an

355 4837 648 4893 lalsitatem
673 4836 1012 4901 contineant,
1036 4842 1185 4888 certa
1205 4841 1436 4901 nequeat
1457 4834 1924 4903 argumentatione

355 4929 582 4999 percipi.
615 4927 690 4981 Ea
721 4930 768 4983 si
809 4928 864 4981 in
909 4925 1181 4998 principio
1225 4925 1648 4980 Adnotationum
1690 4926 1922 4983 istarum

357 5022 778 5088 secreverimus,
809 5034 988 5090 opera:
1025 5019 1258 5089 pretium
1282 5032 1384 5072 nos
1412 5016 1655 5075 facturos
1676 5033 1785 5074 non
1820 5035 1921 5076 ne-

359 5112 590 5168 scimus.

429 5203 616 5274 Itaque
644 5219 834 5258 verum
864 5211 973 5270 est,
999 5201 1467 5258 Constitutionum
1499 5200 1925 5272 apostolicarum

359 5295 696 5364 ὀκτάὸιϐλον,
729 5314 866 5368 Opus
893 5313 1018 5355 esse
1054 5298 1424 5368 apocryplium
1453 5304 1506 5352 et
1537 5295 1926 5366 pseudepigra-

362 5393 552 5461 phum,
579 5395 648 5448 ab
678 5394 942 5464 apostolis
968 5408 1077 5447 non
1102 5391 1408 5462 profectum
1432 5430 1447 5457 ,
1477 5404 1580 5444 nec
1608 5389 1676 5444 ab
1698 5396 1923 5458 aposto—

364 5484 470 5539 lico
532 5485 828 5540 Clemente.
891 5483 1138 5549 Scilicet,
1187 5483 1436 5554 quamvis
1471 5489 1662 5536 auctor
1697 5478 1926 5536 canonis

367 5577 538 5630 ultimi
567 5576 875 5646 apostolici,
906 5577 952 5630 si
996 5576 1246 5630 diversus
1273 5582 1356 5630 est
1385 5575 1455 5629 ab
1483 5587 1550 5628 eo
1574 5573 1640 5628 de
1670 5587 1777 5642 quo
1809 5572 1925 5642 agi-

367 5684 509 5734 mus,
539 5670 700 5722 aliter
728 5675 963 5733 statuat;
996 5668 1248 5735 quamvis
1272 5668 1400 5722 illos
1427 5666 1802 5736 apostolorum
1826 5679 1923 5718 ca-

369 5774 542 5817 nones
561 5777 720 5817 veros
745 5775 967 5820 censere
991 5759 1386 5832 soleantGraeci
1414 5758 1764 5830 posteriores,
1783 5772 1917 5832 apo-

2021 4653 2386 4718 adulteratas;
2419 4651 2669 4720 quamvis
2716 4650 3002 4720 Ethiopes
3049 4667 3078 4705 a
3131 4651 3331 4707 Grmcis
3380 4655 3556 4709 cdocti

2021 4745 2376 4817 apostolicam
2404 4743 2753 4800 Octabiblum
2781 4751 2841 4798 ut
2882 4759 3095 4798 sacram
3137 4751 3190 4799 et
3223 4744 3461 4799 divinam
3493 4763 3558 4802 ve.

2021 4846 2282 4892 nerentur
2304 4855 2323 4904 ;
2343 4836 2594 4906 quamvis
2620 4834 2676 4891 S.
2701 4835 3040 4906 Epiphanius
3065 4838 3255 4892 haeresi
3290 4837 3379 4903 80,
3402 4838 3562 4908 cap.7

2022 4939 2078 4986 et
2100 4928 2383 4984 Cedrenus
2412 4927 2626 4984 duobus
2667 4929 2722 4983 in
2769 4929 2927 4996 locis,
2969 4929 3108 4983 inter
3137 4926 3393 4983 Veterum
3433 4930 3588 4983 testi-

2023 5023 2207 5077 monia
2253 5021 2474 5084 relatis,
2534 5021 2680 5075 θεῖον.
2724 5021 2881 5090 λόγον
2936 5021 3255 5076 Diataxibus
3314 5021 3583 5088 tribuant;

2017 5119 2264 5168 attamen
2294 5111 2504 5182 liquido
2516 5118 2754 5179 constat,
2777 5112 2842 5166 ad
2873 5112 3150 5182 apostolos
3171 5119 3226 5166 et
3255 5111 3586 5166 Clementem

2024 5219 2133 5258 non
2169 5203 2443 5274 pertinere
2472 5201 2775 5275 σύνταγμα,
2802 5206 2949 5274 quod
2976 5205 3148 5275 prima
3175 5205 3430 5260 Ecclesiae
3451 5212 3589 5260 tem-

2025 5313 2160 5370 pora
2186 5297 2365 5362 latuit,
2397 5296 2541 5368 quod
2577 5311 2607 5349 a
2640 5305 2720 5352 tot
2745 5297 2955 5352 sanctis
2983 5284 3235 5351 Patribus‘
3279 5297 3587 5368 ignoratum

2028 5387 2155 5455 fuit,
2209 5396 2306 5443 aut
2355 5390 2693 5459 neglectum,
2741 5391 2883 5459 quod
2927 5389 3178 5460 plurimis
3220 5390 3591 5461 suspicionem

2031 5483 2200 5539 movit
2251 5481 2680 5552 suppositionis,
2725 5482 2972 5552 plurimis
3012 5484 3392 5539 certitudinem
3441 5482 3592 5538 dedit

2032 5573 2324 5640 falsitatis;
2351 5573 2496 5642 quod
2528 5573 2797 5627 catholica
2829 5571 3076 5628 Ecclesia
3108 5590 3137 5629 a
3183 5589 3398 5630 canone
3437 5574 3590 5629 Scri-

2030 5673 2315 5737 pturarum
2345 5663 2653 5718 divinarum
2681 5664 2923 5720 excludit
2941 5681 2973 5732 ;_.
3002 5666 3146 5736 quod
3190 5667 3426 5736 denique
3467 5681 3592 5722 sex-

2031 5766 2189 5818 centa
2217 5757 2596 5828 complectitur
2632 5773 2756 5813 cum
2787 5759 3032 5821 veritate.
3073 5776 3195 5816 cum
3218 5759 3594 5820 verisimilitu-
