4090 6250
489 276 591 334 5H

1343 255 1403 314 8.
1436 250 1829 313 CLEMENTIS
1863 250 1883 303 l
1920 245 2086 303 ROM.
2122 242 2324 299 PONT.
2360 238 2588 299 OPERA
2622 240 2844 298 DUBlA.

3618 238 3735 295 5η

487 396 617 452 dine
645 388 971 464 pugnantia,
1018 379 1323 438 recentiora
1356 373 1695 445 temporibus
1724 366 2064 440 apostolicis,
2096 372 2140 423 Α
2173 378 2280 415 non
2313 372 2420 417 tam
2454 375 2607 416 suam
2628 400 2643 423 ,
2672 373 2834 428 quam
2861 354 3081 411 Eusebii
3117 352 3369 424 proponit
3390 352 3733 413 opinionem.

488 461 660 557 atque
686 482 757 537 ab
788 474 1093 550 apostolico
1121 473 1443 526 charactere
1463 461 1853 519 remotissima.

558 578 671 633 Nec
710 574 891 629 minus
944 581 1132 623 verum
1182 570 1287 625 est,
1340 560 1593 628 antiquas
1640 551 2061 610 constitutiones

489 675 666 731 dictas
687 665 1076 737 apostolorum,
1096 664 1217 728 post
1238 652 1685 722 compositionem
1715 661 1868 702 suam
1896 644 2063 697 inter-

490 762 852 842 polatricibus
876 754 1129 810 manibus
1172 745 1538 815 subjacuisse.
1569 740 1625 794 Id
1663 740 1809 794 clare
1834 738 2063 791 demon-

493 833 673 918 strant
709 856 828 909 loca
854 850 1021 903 citata
1069 859 1098 897 a
1148 842 1211 896 B.
1269 833 1597 909 Epiphanio,
1644 838 1697 886 et
1754 845 1785 883 a
1839 834 2063 898 parente

493 946 679 1017 Operi:
720 940 1011 1013 imperfecti
1054 940 1108 993 in
1154 934 1494 992 Matthwum;
1539 936 1774 993 quorum
1804 920 2062 989 pleraque

492 1008 641 1094 nunc
669 1008 870 1105 partim
887 1008 1013 1083 non
1054 1029 1274 1079 exstant
1298 1058 1313 1084 ,
1347 1017 1544 1089 partim
1572 1030 1698 1069 cum
1727 1025 1920 1080 magna
1951 1008 2051 1063 dif-

493 1099 723 1185 ferentia
754 1122 1046 1178 verborum
1071 1123 1125 1169 et
1158 1126 1416 1168 sensuum
1445 1109 1716 1178 leguntur.
1767 1101 1943 1171 Atque
1992 1099 2062 1153 ob

492 1239 613 1280 eam
647 1211 1078 1287 interpolationis
1111 1208 1311 1261 famam
1340 1201 1509 1255 Graeci
1529 1200 1583 1252 in
1613 1196 1801 1251 Trullo
1834 1207 2064 1262 congre—

493 1316 605 1387 gati
636 1309 981 1382 proﬁtentur,
1018 1290 1811 1360 canoneﬁ,Constitutionibus
1842 1294 2062 1355 aposto-

494 1412 669 1466 lorum
692 1392 1315 1467 Clementinisjamolim
1329 1390 1397 1443 ab
1427 1386 1699 1442 haereticis
1726 1383 1832 1437 vim
1864 1381 2059 1434 factam

495 1518 592 1574 per
613 1495 871 1553 nonnulla
897 1490 1146 1558 malaque
1165 1483 1553 1538 additamenta.
1572 1477 1677 1532 Sed
1693 1474 1838 1545 quod
1866 1472 2062 1525 merito

496 1564 975 1655 inirerc,Photius,
1001 1574 1452 1647 diligentissimus
1474 1564 1850 1639 hujuscemodi
1879 1577 2061 1617 rerum

2166 452 2271 508 Sed
2288 454 2354 508 de
2372 452 2568 507 Photio
2597 451 2879 505 hactenus.
2910 446 3019 501 Suo
3039 448 3269 517 quisque
3284 452 3471 498 utatur
3482 444 3741 501 arbitrio?

2236 585 2479 643 Veritate
2510 586 2695 651 etiam,
2726 584 2869 639 sicut
2906 591 2957 638 et
2981 582 3327 643 auctoritate,
3352 579 3606 634 nituntur
3632 595 3741 634 va-

2161 678 2257 734 riae
2279 679 2447 749 hujus
2468 676 2761 748 apocryphi
2789 675 3195 745 appellationes.
3220 672 3563 742 διατάγματα
3598 672 3742 725 ἀπο-

2163 774 2360 826 στόλων
2390 788 2485 827 seu
2505 767 2855 831 ἀποστολικά,
2871 767 2977 819 τῶν
3001 765 3309 819 ἀποστόλων
3333 780 3429 820 seu
3451 765 3742 818 ἀποστολι-

2162 866 2256 919 καὶ
2266 863 2531 926 διατάξεις
2542 858 2913 927 ειυιδιαταγαί,
2935 858 3185 925 διαταγαὶ
3205 855 3566 925 νειδιατάξξις
3586 856 3740 927 Κλή-

2165 974 2353 1029 μεντος
2364 956 2479 1011 sive
2488 953 2573 1006 διὰ
2584 953 2917 1022 Κλήμεντος,
2930 950 3035 1003 τῶν
3056 947 3361 1001 ἀποστόλων
3372 948 3455 1000 διὰ
3479 948 3594 1017 Κλή
3604 963 3740 1016 μεν-

2160 1066 2252 1111 τος
2278 1044 2542 1109 διατάξεις
2556 1051 2648 1097 aut
2667 1042 2939 1109 διαταγαί,
2962 1048 3015 1095 et
3033 1038 3349 1101 ὀκτάὅιὸλος
3371 1039 3687 1109 Κλήμεντος
3722 1057 3735 1091 :

2160 1139 2289 1193 item
2326 1134 2581 1199 διάταξις,
2619 1133 2957 1195 διδασκαλία,
2987 1130 3244 1201 καθολικὴ
3278 1129 3589 1183 διδασκαλία
3612 1168 3627 1192 ,
3683 1135 3742 1183 ct

2162 1228 2382 1290 κανόνες
2405 1227 2519 1283 sive
2548 1225 2672 1279 libri
2704 1222 2977 1276 Canonum
3002 1219 3379 1291 apostolorum.
3405 1220 3575 1291 Cujus
3600 1236 3739 1291 pos-

2163 1319 2318 1373 tremi
2334 1316 2569 1372 nominis
2597 1317 2800 1370 mentio
2824 1330 3059 1386 quoque,
3077 1313 3219 1383 apud
3232 1310 3646 1375 (Ecumenium,
3669 1312 3743 1365 ad

2160 1414 2418 1469 Actorum
2441 1412 2611 1474 ΠΛΟ,
2628 1410 2730 1463 hoc
2753 1408 2932 1472 modo,
2962 1409 3055 1460 καὶ
3081 1401 3235 1467 οὗτος
3254 1406 3281 1457 ὁ
3298 1403 3540 1467 Ἀνανίας
3564 1404 3747 1456 διάκο-

2161 1522 2251 1568 νος
2273 1502 2339 1577 ἦν
2370 1504 2444 1566 ὡς
2464 1502 2624 1565 αὐτὸς
2646 1500 2855 1563 Παῦλος
2887 1501 3149 1571 μαρτυρεῖ
3176 1498 3232 1549 ἐν
3259 1499 3370 1559 τοῖς
3398 1496 3603 1549 κανόσι.
3630 1493 3745 1549 Sed

2163 1613 2288 1653 cum
2312 1597 2476 1666 hujus
2495 1593 2751 1649 editionis
2766 1593 2908 1663 typis
2929 1600 3169 1645 veterum
3189 1588 3495 1643 testimonia
3514 1586 3747 1639 manda-

499 1682 879 1752 m'cmgawr’
939 1687 1119 1742 neque
1177 1664 1605 1758 depravatiqnis.’
1649 1672 1826 1758 nequ?
1870 1654 2060 1758 ³1Ῐῶθῇ
2099 1704 2140 1758 Β
2170 1654 2403 1754 rentur:
2422 1687 2665 1743 nondum
2689 1654 3004 1741 occurrerat
3032 1684 3214 1749 locus;
3238 1680 3304 1735 de
3333 1696 3441 1751 quo
3468 1680 3589 1734 vide
3617 1695 3746 1749 quae

498 1746 745 1831 Trullani
771 1767 1101 1825 mentionem
1152 1761 1303 1823 facit,
1336 1756 1541 1812 nostris
1576 1752 1856 1818 διαταγαῖς
1906 1746 2068 1800 beni-

496 1869 674 1940 gnior,
698 1855 1155 1934 quemadmodum
1192 1860 1247 1907 et
1287 1851 1505 1904 Nicetas
1542 1844 1862 1899 Pectoratus
1904 1847 2069 1908 atque

499 1957 766 2028 Georgius
791 1952 1092 2007 Cedrenus.
1121 1945 1330 2013 Quippe
1360 1942 1451 2013 qui
1473 1947 1679 1994 sextam
1720 1948 1873 1989 suam
1902 1944 2069 2001 syno-

499 2052 630 2106 dum
696 2046 984 2102 videantur
1024 2036 1300 2108 sprevisse
1326 2075 1341 2099 ,
1382 2043 1436 2088 et
1485 2032 1539 2084 in
1586 2022 2070 2082 constitutionibus

500 2141 707 2197 nullam
738 2134 1025 2207 agnovisse
1056 2126 1483 2198 corruptionem.

572 2229 727 2299 Quod
751 2204 929 2282 autem
941 2224 1230 2289 Διαταγαῖς
1250 2218 1355 2270 τῶν
1375 2210 1685 2268 ἀποστόλων
1712 2206 1799 2261 διὰ
1825 2204 2073 2275 Κλήμεν-

468 2333 474 2342 ’
502 2342 595 2387 τος
628 2322 771 2377 favet
793 2318 1046 2379 Photius,
1074 2328 1239 2368 causa
1271 2325 1377 2364 non
1405 2315 1490 2362 est
1518 2305 1702 2359 odium
1733 2302 1787 2355 in
1818 2299 2069 2361 Latinos;

505 2416 707 2487 quibus
736 2412 958 2481 iniquus
994 2407 1049 2461 in
1071 2402 1436 2474 Μυριοϐίϐλῳ
1457 2412 1562 2451 non
1594 2401 1819 2464 apparet
1844 2431 1857 2452 .
1887 2395 2075 2459 utpote

506 2516 641 2563 tunc
665 2480 1002 2560 orthodoxus
1024 2505 1079 2551 et
1102 2493 1439 2557 catholicus;
1462 2504 1589 2544 cum
1615 2494 1806 2540 contra
1829 2480 2075 2536 Trullani

507 2597 777 2671 episcopi,
802 2593 1008 2648 Latina:
1035 2586 1291 2671 Ecclesiae
1313 2584 1499 2637 hostes
1526 2578 1671 2634 haud
1684 2576 1855 2638 dubii,
1885 2572 2075 2628 iisdem

508 2663 783 2755 biaraésct
800 2687 1014 2757 nigrum
1061 2670 1214 2738 theta
1244 2675 1594 2750 praeﬁxerint.
1620 2672 1797 2726 Causa
1826 2673 1931 2729 est,
1954 2663 2077 2718 libri

509 2781 847 2857 praestantia,
867 2755 932 2833 vet
962 2776 1100 2830 forte
1124 2770 1412 2842 Epiphanii
1451 2765 1777 2822 encomium.
1808 2758 1967 2814 Certe
2008 2755 2077 2819 si,

511 2848 972 2949 quemadmodum
1001 2864 1299 2922 verisimile
1340 2861 1419 2927 fit,
1458 2853 1789 2913 existimavit
1826 2848 2076 2911 Photius,

509 2938 950 3027 Constitutiones
1013 2974 1153 3028 opus
1197 2970 1319 3010 esse
1369 2958 1527 3005 vetus
1565 2962 1627 3001 ac
1672 2943 1924 3014 probum,
1978 2938 2080 2992 sub

512 3060 735 3117 nomine
764 3053 1135 3128 apostolorum
1158 3058 1211 3103 et
1232 3042 1529 3101 Clementis
1553 3038 1869 3096 contictum,
1903 3030 2079 3084 tribus
2107 3031 2152 3094 C

513 3147 1032 3225 reprehensionibus
1046 3145 1219 3211 iisque
1233 3154 1338 3192 non
1354 3131 1737 3190 insolubilibus
1758 3124 2077 3187 obnoxium,

515 3240 945 3302 κακοπλαστιας,
978 3231 1430 3290 contumeliarum
1464 3216 1887 3279 Deuteronomio
1912 3213 2085 3267 facta-

517 3353 665 3402 rum,
696 3342 751 3391 et
774 3327 1101 3391 Arianismi;
1130 3339 1239 3378 non
1270 3319 1509 3387 intelligo
1536 3330 1634 3370 cur
1658 3311 1793 3365 adeo
1815 3305 2083 3376 culpanda

517 3396 743 3500 putetur
774 3422 923 3478 illius
951 3418 1165 3473 critica.
1202 3412 1277 3466 Ita
1315 3408 1471 3465 fateri
1504 3407 1593 3460 ille
1624 3400 1821 3474 poterit
1847 3396 1991 3468 quod
2029 3396 2083 3449 in

517 3488 579 3577 re
600 3528 705 3585 est,
736 3518 805 3571 ab
844 3514 1071 3582 antiquo
1102 3507 1321 3563 homine
1350 3518 1456 3557 non
1486 3499 1727 3559 indocto,
1768 3502 1823 3546 at
1853 3488 2085 3560 ﬁngendi

519 3612 655 3669 satis
687 3605 962 3677 imperito,
994 3616 1096 3658 nec
1119 3612 1331 3667 semper
1372 3590 1576 3654 veraci,
1604 3590 1661 3643 in
1691 3587 1867 3640 lucem
1900 3582 2085 3653 prola-

519 3714 606 3759 tos
644 3672 818 3756 fuisse
848 3703 972 3767 post
1002 3690 1360 3763 apostolicum
1393 3682 1651 3739 szeculum
1691 3677 1861 3732 libros
1909 3672 2086 3744 pluri-

521 3794 626 3850 mis
676 3785 1145 3858 inconsequentiis
1174 3796 1238 3836 ac
1283 3771 1782 3835 inconsiderantiis,
1807 3766 2086 3822 nonnullis

523 3886 809 3943 erroribus
836 3893 1141 3951 respersos,
1173 3876 1239 3929 de
1271 3868 1691 3928 Deuteronomio
1734 3865 1970 3926 incaute,
2020 3860 2089 3917 de

523 3987 717 4035 sancta
746 3983 799 4031 et
826 3971 1107 4029 individua
1140 3965 1411 4021 Trinitate
1450 3958 1754 4030 periculose
1780 3955 2087 4023 loquentes.

527 4072 601 4129 Ut
626 4085 755 4126 vero
788 4066 1037 4136 suspicer
1051 4057 1489 4119 Constitutiones
1522 4067 1553 4105 a
1590 4047 1786 4104 Photio
1815 4062 1922 4100 non
1966 4058 2090 4100 esse

527 4164 819 4219 attributas
849 4158 1097 4212 Romano
1124 4148 1389 4207 Clementi
1417 4187 1431 4211 ,
1469 4145 1598 4200 facit
1621 4152 1730 4197 tum
1764 4138 1943 4209 magni
1977 4138 2090 4191 Ma-

530 4256 688 4328 gistri
721 4249 1074 4311 existimatio,
1099 4252 1212 4299 tum
1244 4240 1387 4313 quod
1420 4239 1608 4294 eodem
1638 4236 1741 4292 loci
1779 4250 1885 4290 non
1918 4238 2090 4306 magis

530 4327 807 4419 abjudicat
846 4339 1145 4411 apostolico
1172 4328 1175 4335 ’
1206 4334 1633 4407 Recognitiones,
1682 4345 1820 4400 quas
1860 4327 2090 4383 refertas

530 4443 688 4497 docet
720 4435 996 4498 absurdis,
1019 4439 1073 4486 et
1093 4428 1422 4489 Arianismo,
1446 4438 1608 4494 quam
1621 4422 2047 4480 Constitutiones
2073 4438 2086 4475 :

530 4536 656 4607 quis
687 4538 866 4585 autem
898 4526 1085 4581 credat
1120 4523 1194 4576 ita
1242 4521 1447 4575 sentire
1493 4518 1670 4572 virum
1714 4514 2091 4570 doctissimum

531 4606 587 4685 et
614 4620 1119 4697 prudentissimum,
1147 4624 1203 4669 ut
1230 4614 1339 4667 tale
1362 4612 1623 4681 scriptum
1644 4624 1754 4681 non
1785 4614 1931 4677 putet
1955 4606 2094 4661 falso

533 4696 777 4776 auctoris
813 4713 972 4767 titulo
1004 4709 1172 4763 fuisse
1200 4703 1490 4762 donatum?
1535 4711 1647 4756 tum
1693 4700 1925 4768 denique
1968 4696 2095 4767 quia

534 4812 677 4867 idem
704 4809 758 4863 in
787 4802 1112 4862 Prmfatione
1141 4799 1208 4854 ad
1238 4796 1675 4852 Nomocanonem
1728 4791 1978 4860 ambigue
2029 4789 2096 4846 de

535 4901 911 4974 apostolorum
962 4891 1263 4947 canonibus
1291 4888 1532 4951 disserit,
1565 4893 1625 4940 ut
1666 4892 1720 4940 et
1766 4885 1820 4938 in
1848 4884 1935 4938 his
1963 4883 2096 4953 ipsis

534 4992 887 5051 Bibliotheca:
915 4984 1196 5042 codicibus
1238 4994 1372 5049 cxu,
1396 4992 1549 5035 cxut.
1577 4978 1842 5043 Quocirca
1899 4991 2097 5031 secun-

536 5088 665 5142 dum
718 5090 961 5138 nostram
1015 5074 1381 5145 suspicionem
1409 5108 1426 5133 .
1474 5070 1765 5125 Clementis
1792 5067 1938 5122 dicta
1969 5076 2097 5122 sunt

536 5178 731 5234 Photio
751 5192 815 5232 ea
838 5173 946 5227 duo
970 5170 1205 5239 Scripta,
1227 5164 1484 5236 quoniam
1514 5161 1853 5217 Clementino
1880 5161 2099 5216 nomine

538 5270 798 5339 inscripta
829 5264 1158 5321 ferebantur.
1189 5258 1532 5327 Quanquam,
1556 5261 1614 5307 ut
1642 5253 1816 5308 dicam
1843 5253 2094 5323 ingenue,

538 5368 827 5416 contextus
884 5354 1167 5419 orationis,
1223 5358 1277 5406 et
1322 5362 1555 5404 censura
1602 5360 1724 5401 cum
1780 5344 2099 5413 posterioris

540 5452 783 5523 epistolae
831 5447 1148 5509 Clementis,
1207 5454 1321 5497 tum
1365 5438 1746 5510 disputationis
1788 5436 1933 5493 Petri
1973 5452 2097 5491 cum

541 5546 769 5616 Apioue,
798 5560 905 5597 non
938 5541 1266 5596 mediocrem
1313 5535 1532 5605 pariunt
1557 5531 1955 5587 difﬁcultatem.
1987 5530 2100 5583 Cur

546 5637 690 5691 enim
723 5650 827 5687 non
862 5634 975 5703 pari
1001 5631 1160 5686 modo
1194 5627 1515 5699 proscripsit
1543 5622 2008 5678 Coustitutionum
2039 5635 2102 5673 ac

548 5722 980 5794 llcrognitionum
1017 5725 1208 5793 libros,
1236 5721 1335 5786 nisi
1356 5719 1495 5775 forte
1508 5718 1633 5790 quia
1653 5718 1705 5771 in
1720 5713 2089 5771 censurisillis

2171 1782 2441 1837 adnotabo
2463 1780 2530 1833 ad
2552 1780 2674 1833 libri
2692 1795 2764 1832 vn
2810 1785 2971 1848 caput
2996 1775 3085 1830 46.
3113 1775 3378 1829 Caeterum
3402 1788 3471 1826 an
3500 1771 3744 1827 Joannes

2170 1872 2539 1927 Damascenus
2565 1869 2888 1925 Orthodoxa:
2901 1868 3137 1935 ﬁdeilib.
3159 1882 3231 1926 Iv.
3264 1880 3383 1935 cap.
3414 1864 3501 1927 l8,
3521 1864 3746 1933 quando

2170 1980 2413 2021 canones
2459 1963 2833 2033 apostolorum
2885 1976 2981 2031 per
3027 1958 3358 2013 Clementem
3404 1957 3579 2011 editos
3614 1970 3744 2009 cum

2171 2054 2371 2109 divinis
2410 2053 2779 2108 voluminibus
2812 2058 3157 2115 annumerat,
3181 2048 3626 2110 constitutiones,
3657 2047 3747 2101 vel

2172 2146 2438 2201 duntaxat
2466 2159 2707 2199 canones
2749 2142 3235 2197 constitutionibus
3277 2140 3552 2196 subnexos
3582 2138 3748 2192 intel-

2171 2236 2327 2307 ligat,
2361 2236 2532 2307 quaari
2564 2244 2761 2305 potest.
2796 2233 2975 2287 Malim
3008 2234 3255 2301 accipere
3298 2231 3364 2285 de
3408 2230 3540 2285 solis
3573 2245 3748 2283 cano-

2174 2332 2337 2386 nibus
2361 2349 2375 2397 ;
2397 2345 2503 2399 quo
2533 2328 2724 2398 majori
2755 2335 2907 2397 parte
2936 2324 3140 2379 erroris
3165 2324 3247 2377 vir
3276 2331 3500 2377 sanctus
3530 2331 3583 2374 et
3641 2321 3749 2374 do-

2176 2432 2298 2479 ctus
2332 2424 2672 2489 sublevetur;
2724 2429 2778 2476 et
2814 2421 2941 2490 quia
2971 2418 3148 2471 rarior
3177 2417 3347 2485 prima
3377 2412 3659 2481 acceptio;
3688 2421 3748 2466 et

2181 2527 2401 2587 propter
2416 2515 2708 2570 Trullanos
2719 2512 2927 2577 Patres,
2941 2526 3170 2581 quorum
3192 2506 3513 2563 sententiam
3527 2504 3744 2559 videtur

2180 2618 2421 2664 secutus.
2458 2607 2609 2662 Adde
2636 2605 2781 2676 quod
2809 2604 3050 2674 ejusdem
3082 2601 3203 2655 libri
3242 2614 3361 2668 cap.
3399 2598 3487 2660 15,
3533 2611 3744 2649 morem

2180 2700 2444 2755 adorandi
2472 2699 2538 2754 ad
2568 2698 2842 2755 Orientem
2867 2695 3034 2750 refert
3057 2693 3123 2748 ad
3144 2691 3491 2745 traditionem
3521 2694 3741 2757 aposto-

2182 2794 2358 2847 lorum
2389 2778 2832 2860 non'scriptam;
2882 2794 3215 2841 cumtamen
3256 2784 3302 2839 is
3338 2797 3457 2837 mos
3502 2781 3748 2852 scriptus

2182 2887 2483 2955 reperiatur
2510 2885 2562 2938 in
2586 2879 3100 2938 Constitutionibus.

2252 2996 2370 3051 Jam
2401 3011 2529 3051 vero
2551 3001 2747 3065 praeter
2775 3007 2939 3063 supra
2979 2990 3142 3045 dictis
3175 2985 3316 3042 veris
3344 2982 3617 3054 opposita,
3643 2981 3748 3037 fal-

2183 3106 2303 3145 sum
2326 3090 2487 3145 etiam
2515 3095 2619 3155 est,
2653 3095 2929 3141 auctorem
2953 3081 3424 3138 Coustitutionum
3451 3083 3613 3146 atque
3645 3075 3749 3130 lie-

2180 3179 2531 3249 cognitionum
2579 3178 2828 3232 eumdem
2879 3191 3025 3231 esse.
3070 3173 3344 3227 Habemus
3372 3167 3549 3223 Photii
3591 3163 3748 3234 judi-

2183 3269 2350 3332 cium,
2376 3269 2467 3338 qui
2492 3268 2908 3338 praarogativam
2951 3266 3167 3337 quidem
3218 3261 3452 3317 sanioris
3481 3255 3753 3311 doctrina

2181 3361 2373 3413 tribuit
2406 3362 2579 3431 primo
2606 3361 2792 3430 operi;
2819 3368 2873 3412 at
2902 3354 3247 3427 eloquentia),
3291 3367 3351 3405 ac
3395 3345 3751 3422 'polymathim

2184 3452 2493 3521 posteriori.
2521 3451 2585 3504 Et
2609 3451 2732 3521 quis
2779 3465 2887 3504 non
2919 3449 3065 3503 videt
3111 3446 3259 3500 illius
3314 3441 3633 3511 scriptorem
3663 3439 3751 3493 vi-

2183 3558 2304 3596 rum
2333 3543 2503 3598 fuisse
2535 3550 2850 3598 sanctarum
2874 3540 3293 3610 ‘Scripturarum
3320 3533 3631 3600 rituumque
3657 3545 3750 3585 ec-

2184 3636 2616 3691 clcsiasticorum
2675 3633 3139 3697 scientissimum;
3200 3628 3365 3697 hujus
3399 3664 3415 3690 ,
3470 3622 3752 3679 hominem

2184 3728 2239 3783 in
2280 3728 2346 3784 iis
2396 3728 2715 3783 rudiorem?
2771 3726 2887 3781 Huc
2927 3723 3137 3779 accedit
3180 3719 3325 3791 quod
3378 3734 3485 3775 non
3534 3730 3752 3785 semper

2185 3823 2518 3877 conveniunt
2558 3821 2813 3891 dogmata
2861 3819 3167 3889 utriusque.
3211 3814 3374 3871 Verbi
3404 3810 3579 3883 gratia
3609 3808 3755 3864 Con-

2187 3914 2386 3973 stitut.,
2420 3914 2515 3967 lib.
2546 3928 2666 3979 vni,
2696 3927 2815 3981 cap.
2856 3910 2960 3974 46,
2999 3911 3141 3966 inter
3177 3908 3419 3965 inanima
3460 3918 3755 3959 recensen-

2188 4012 2277 4058 tur
2304 4006 2409 4069 sol,
2442 4006 2590 4070 luna,
2616 4003 2805 4067 stellae;
2822 4010 3015 4056 contra
3047 4004 3316 4077 Recognit.
3335 4001 3429 4056 lib.
3455 4012 3508 4061 v,
3532 3994 3751 4065 capJﬁ.

2191 4098 2284 4152 Sic
2318 4098 2443 4169 (alia
2466 4097 2749 4168 przetereo)
2775 4096 3088 4151 Ehioniticaa
3128 4088 3566 4161 Ἀναγνωρισμοῦ
3596 4087 3756 4142 lotio-

2188 4206 2308 4254 nes,
2349 4190 2402 4243 in
2432 4188 2690 4260 καθολικῇ
2708 4187 3022 4257 διδασκαλίᾳ
3042 4184 3495 4240 condemnantur.

2266 4324 2557 4393 Pcrperam
2612 4338 2831 4394 quoque
2884 4319 3295 4376 confunduntur
3329 4312 3759 4371 Constitutiones

2194 4430 2318 4469 cum
2357 4414 2714 4472 Clementinis.
2740 4414 2937 4483 Aperte
2950 4411 3215 4483 siquidem
3239 4424 3303 4463 ac
3331 4412 3547 4463 exserte
3567 4404 3760 4459 distin-

2193 4508 2309 4579 guit
2372 4507 2716 4577 Nicephorus
2778 4505 3034 4559 Historia:
3086 4500 3452 4557 ecclesiastica:
3513 4497 3606 4551 lib.
3667 4510 3753 4561 ιιι,

2194 4616 2318 4669 cap.
2353 4599 2442 4655 18.
2474 4597 2584 4654 Nec
2630 4597 2762 4653 sinit
2819 4597 3072 4652 harsitare
3122 4608 3360 4665 praesens
3409 4591 3595 4657 editio,
3637 4605 3760 4661 quae

2194 4704 2487 4763 utrumque
2521 4690 2877 4762 σύγγραμμα,
2923 4704 2987 4742 ac
3020 4686 3293 4758 posterius
3340 4700 3486 4739 nunc
3524 4684 3761 4755 primum

2195 4785 2596 4855 complectitur.
2628 4782 2787 4835 Errat
2833 4780 3016 4835 itidem
3064 4777 3399 4833 llumbertus
3431 4775 3759 4840 Cardinalis,

2196 4878 2323 4932 dum
2340 4877 2721 4931 Ordinationes
2737 4888 2829 4928 seu
2849 4870 3303 4934 Constitutiones,
3320 4885 3349 4922 a
3366 4866 3551 4922 Niceta
3569 4866 3763 4921 Pecto-

2197 4978 2318 5025 rato
2346 4969 2612 5031 laudatas,
2649 4965 2716 5019 ad
2754 4962 3098 5018 itinerarium
3124 4960 3270 5016 Petri
3318 4959 3550 5032 apostoli
3580 4967 3763 5013 trans-

2199 5064 2324 5128 fert,
2356 5078 2480 5117 cum
2512 5076 2621 5131 quo
2644 5058 2778 5113 nihil
2809 5070 3095 5111 commune
3117 5055 3335 5118 habent,
3360 5054 3518 5124 longe
3546 5050 3613 5107 de
3641 5050 3761 5104 aliis

2199 5159 2363 5212 rebus
2381 5170 2544 5226 quam
2573 5152 2640 5208 de
2671 5150 2814 5205 Petri
2847 5146 3375 5219 peregrinatiOnibus
3408 5143 3759 5199 disserentes.

2199 5249 2400 5304 Ansam
2425 5246 2630 5302 erroris
2664 5241 2964 5297 Ilumberto
2992 5238 3142 5295 dedit
3176 5237 3446 5309 ignoratio
3480 5235 3763 5302 utriusque

2201 5340 2521 5413 apocryphi,
2561 5337 2786 5406 solaque
2817 5333 3013 5388 notitia
3043 5332 3209 5400 hujus
3240 5326 3511 5384 Gelasiani
3536 5319 3760 5383 decreti,

2203 5432 2546 5489 Itiuerarium
2574 5428 2778 5482 nomine
2806 5426 2954 5480 Petri
2992 5423 3238 5493 apostoli,
3282 5420 3419 5492 quod
3474 5417 3764 5486 appellatur

2202 5525 2371 5581 sancti
2400 5521 2680 5577 Clementis
2718 5518 2840 5572 libri
2869 5515 3044 5570 decem
3076 5516 3173 5585 (ita
3212 5514 3417 5568 rectius
3443 5509 3610 5565 dubio
3640 5518 3763 5576 pro-

2203 5618 2290 5671 cul
2321 5616 2557 5684 antiqua:
2577 5612 2867 5673 editiones,
2887 5624 3049 5678 quam
3075 5607 3407 5663 recentiores
3435 5612 3550 5657 octo
3573 5601 3655 5657 vel
3680 5612 3766 5652 no-

2201 5708 2329 5783 vem)
2351 5704 2722 5779 apocryplmm.
2753 5700 3034 5757 Creditum
3062 5697 3359 5764 Cardinali,
3384 5694 3604 5750 Graecos
3632 5685 3764 5747 nihil
