4064 6256
337 393 439 449 515

1107 394 1700 454 CONSTITUTIONES
1732 396 2210 457 APOSTOLICE.
2243 433 2311 442 —
2345 402 2711 464 ΡΒΟαΞΜῐΛ.

3450 416 3557 475 5η

334 509 531 566 habere
558 508 783 565 nomine
811 510 1105 569 Clementis
1130 520 1515 583 prtenutatum,
1554 518 1708 567 extra
1734 510 1901 568 Itine-
1924 520 1973 578 Α
2000 516 2057 570 in
2081 517 2202 573 loco
2243 524 2505 591 praeponit
2544 524 3054 593 pseudo-Clemens,
3115 529 3169 584 in
3222 530 3345 587 aliis
3375 535 3564 591 multis

332 602 531 656 rarium
560 600 709 656 Petri
737 608 791 656 et
813 599 1051 658 Canones
1078 603 1485 671 apostolorum»

402 692 507 748 Sed
551 699 607 747 et
646 693 863 747 veritati
902 693 1244 758 adversatur,
1274 692 1737 750 Constitutionum
1772 710 1903 766 apo-

329 787 650 845 stolicarum
674 786 1095 855 compositorem
1126 802 1321 843 nomen
1343 788 1636 843 Clementis
1672 786 1900 844 Romani

329 876 433 932 sibi
484 890 598 933 non
651 880 1039 950 assumpsisse.
1083 879 1240 946 Quod
1286 897 1483 936 nomen
1526 888 1581 937 et
1629 881 1682 935 in
1722 880 1901 938 fronte

329 970 622 1028 voluminis
651 971 931 1042 praeﬁxum
949 973 1274 1037 cernitur,et
1287 980 1587 1029 assertores
1603 973 1900 1028 habetcum

328 1064 654 1130 canonibus,
689 1064 1061 1133 apostolorum
1085 1064 1298 1129 ultimo,
1322 1072 1377 1118 et
1400 1063 1659 1119 Tru‘llano
1680 1064 1736 1127 2,
1766 1063 1904 1121 Pho-

328 1154 482 1217 tium,
516 1154 765 1210 Nicetam
792 1153 1162 1221 Pectoratum,
1194 1156 1482 1222 Zonaram,
1505 1157 1753 1212 Alexium
1777 1158 1902 1212 Ari-

328 1247 554 1313 stinum,
589 1248 991 1314 Balsamonem,
1040 1248 1351 1304 Mattbaeum
1382 1250 1705 1317 Blastarem,
1742 1250 1902 1308 Nice-

326 1339 561 1407 phorum
590 1338 824 1403 Callisti,
850 1338 1099 1394 Nicetam
1128 1339 1474 1407 Serronium,
1504 1351 1635 1408 etc.,
1660 1342 1902 1415 refraga-

329 1436 502 1486 torem
532 1439 713 1487 autem
758 1447 821 1487 ex
876 1432 1118 1502 antiquis
1160 1435 1458 1490 neminem.
1490 1432 1600 1489 Nec
1623 1434 1821 1488 mirum
1852 1434 1903 1489 s-i

327 1524 419 1594 qui
450 1525 820 1595 apostolorum
857 1524 1112 1581 Diataxes
1160 1525 1473 1591 scribebat,
1529 1526 1899 1594 apostolorum

326 1633 621 1688 personam
657 1617 929 1683 induerit;
975 1616 1310 1672 Clementem
1345 1632 1499 1683 vero,
1539 1617 1642 1672 hoc
1679 1622 1785 1681 est,
1840 1625 1900 1671 ut

328 1711 476 1766 credi
501 1712 738 1777 volebat,
767 1726 847 1775 se,
890 1711 1165 1780 putaverit
1206 1711 1264 1765 in
1298 1709 1425 1765 libri
1451 1724 1683 1780 corpore
1713 1711 1899 1766 occul-

327 1804 571 1859 tandum.

400 1896 466 1950 At
505 1897 611 1952 ista
636 1896 771 1951 mihi
801 1897 1053 1968 ambigua
1079 1904 1229 1962 sunt,
1264 1912 1375 1968 quo
1401 1898 1635 1968 primum
1658 1906 1899 1968 tempore

328 1989 454 2045 libri
505 1988 969 2044 Constitutionum
1033 1989 1666 2061 pseudoapostolicarum
1720 1991 1895 2047 lucem

326 2082 735 2152 conspexerint,
769 2082 988 2153 quando
1014 2083 1324 2153 interpolati
1354 2083 1485 2147 sint,
1510 2099 1669 2153 quem
1694 2084 1897 2139 habue-

326 2176 438 2230 rint
465 2185 773 2245 parentem,
808 2191 966 2246 quem
1000 2183 1398 2246 corruptorem,
1425 2183 1478 2231 et
1507 2176 1707 2247 quibus
1730 2177 1784 2231 in
1820 2176 1901 2230 lo-

327 2271 408 2325 cis
432 2270 635 2324 fuerint
662 2267 963 2338 depravati.
990 2267 1154 2323 Certo
1178 2268 1327 2331 novi,
1351 2267 1497 2337 quod
1528 2268 1739 2338 primus
1764 2267 1900 2323 scri-

327 2373 450 2433 ptor
474 2370 601 2433 post
628 2368 874 2431 tempora
908 2360 1211 2430 apostolica
1249 2368 1305 2416 et
1361 2368 1485 2415 ante
1535 2360 1899 2431 Epiphanium

327 2455 558 2520 vixerit;
599 2453 695 2508 sed
727 2468 796 2506 an
829 2453 1052 2523 propior
1074 2452 1185 2506 illis
1206 2452 1290 2508 vel
1318 2452 1467 2519 huic,
1498 2453 1660 2522 plane
1688 2453 1898 2508 nescio.

328 2547 530 2616 Nempe
555 2544 779 2599 Patrum
824 2545 1050 2600 secundi
1098 2559 1162 2599 ac
1193 2545 1337 2599 tertii
1388 2545 1572 2600 saeculi
1623 2544 1899 2600 silentium

329 2657 435 2695 non
466 2646 552 2694 est
585 2648 714 2693 nota
745 2637 992 2702 indubia,
1042 2652 1153 2692 non
1198 2637 1473 2693 exstitisse
1502 2653 1691 2692 eorum
1739 2646 1900 2693 aetate

327 2730 582 2786 Diataxcs
610 2749 622 2784 :
646 2729 1080 2800 quandoquidem
1101 2730 1408 2801 apocrypha
1438 2730 1529 2783 diu
1555 2730 1895 2799 ignorantur,

328 2824 535 2878 diutius
575 2829 1033 2889 contemnuntur;
1067 2822 1211 2877 unde
1241 2823 1450 2876 incerta
1493 2821 1669 2876 solent
1696 2822 1901 2878 habere

330 2915 617 2987 principia.
654 2913 847 2968 Utrum
881 2914 1044 2969 etiam
1074 2913 1119 2969 is
1151 2914 1203 2967 in
1235 2913 1422 2968 eodem
1454 2928 1517 2967 ac
1542 2913 1705 2969 Arius
1728 2917 1901 2969 haere-

330 3023 451 3063 seos
508 3007 623 3061 luto
674 3006 939 3071 haeserit,
986 3021 1179 3069 necne,
1243 3006 1426 3060 dicere
1483 3021 1593 3059 non
1649 3022 1895 3075 possum.

331 3098 388 3154 S.
409 3098 745 3169 Eplpbanius
766 3097 977 3152 laudem
1008 3097 1347 3151 orthodoxiae
1374 3097 1421 3150 ei
1446 3098 1673 3164 tribuit;
1700 3106 1753 3152 et
1779 3113 1899 3168 qua:

2002 613 2298 681 postponit.
2342 613 2707 670 thnicenne
2746 619 2976 686 patriam
3008 621 3312 677 habuerunt
3334 627 3565 694 quicun-

2003 717 2109 771 que
2152 704 2345 759 iisdem
2386 707 2655 762 mensium
2695 710 3009 766 nominibus
3038 713 3122 768 usi
3190 715 3561 786 inveniuntur,

2001 794 2201 863 quibus
2235 796 2505 865 διαταγεῖς
2525 802 2738 855 nostri?

2068 887 2151 941 Ad
2193 890 2334 955 haec,
2376 892 2567 947 dubito
2602 893 2870 950 aﬂirmare
2912 911 3037 951 cum
3063 896 3197 951 viris
3230 899 3424 966 doctis,
3454 903 3565 957 τῶν

2001 981 2312 1037 ἀποστόλων
2362 984 2577 1056 διδαχάς
2632 1004 2726 1043 seu
2780 990 3019 1061 διδαχὴν,
3065 992 3207 1061 apud
3268 992 3561 1050 Eusebium

2002 1075 2149 1130 Hist.
2180 1077 2278 1132 lib.
2309 1093 2393 1141 ιιι,
2421 1094 2541 1148 cap.
2568 1080 2659 1144 25,
2692 1081 3049 1135 Athanasium
3092 1083 3146 1137 in
3172 1083 3410 1156 Epistola
3453 1087 3565 1143 fes-

2002 1164 2093 1219 tali
2123 1164 2212 1231 '59,
2236 1173 2291 1221 et
2319 1166 2373 1220 in
2407 1163 2634 1237 Synapsi
2665 1186 2832 1223 sacra:
2858 1168 3165 1241 Scripturw,
3198 1175 3243 1228 si
3273 1174 3418 1231 illius
3451 1187 3557 1239 est.

1999 1251 2360 1324 Nicephorum
2387 1256 3040 1329 Constantinopolitanum
3074 1262 3126 1315 in
3152 1266 3555 1341 Στιχομετρίᾳ,

2002 1344 2115 1414 (ubi
2145 1346 2307 1417 vulgo
2349 1348 2543 1417 legitur
2581 1349 2791 1421 διδαχή,
2821 1368 2945 1431 cuiq
2981 1369 3086 1407 ms.
3112 1356 3301 1423 codex,
3338 1357 3383 1411 si
3424 1357 3558 1413 ﬁdes

2002 1434 2197 1491 Joanni
2244 1435 2440 1503 Croio,
2495 1456 2613 1509 cap.
2667 1443 2692 1495 1
2750 1442 3183 1498 Observationum
3242 1449 3295 1500 in
3350 1448 3557 1502 Novum

1974 1524 2424 1597 ,Testamentum,
2475 1534 2728 1589 exhibeat
2772 1534 3041 1605 διαδοχαί,
3088 1539 3374 1593 manifesto
3410 1542 3558 1595 arhi-

2002 1634 2135 1689 tror,
2161 1624 2293 1678 vitio
2321 1639 2420 1695 pro
2442 1624 2672 1695 διδαχαί)
2689 1631 2741 1679 et
2757 1623 3119 1696 Nicephorum
3131 1623 3338 1679 Callisti
3359 1625 3563 1682 Eccles.

2002 1714 2171 1781 Hist.,
2202 1716 2297 1770 lib.
2328 1732 2390 1779 ll,
2415 1730 2535 1786 cap.
2562 1715 2652 1779 46,
2677 1718 2948 1771 diversum
3006 1731 3128 1771 esse
3170 1733 3307 1785 opus
3348 1732 3378 1769 a
3418 1716 3564 1770 Con--

2000 1810 2377 1866 stitutionibus
2398 1810 2733 1879 apostolicis,
2750 1808 3152 1867 siveCatholica
3176 1810 3443 1863 doctrina.
3470 1809 3567 1863 Zo-

2001 1916 2164 1957 naras
2193 1902 2338 1956 enim
2384 1900 2451 1954 ad
2481 1917 2607 1955 mox
2664 1902 2863 1956 dictam
2910 1902 3194 1956 Athanasii
3240 1901 3563 1972 Epistulam,

2001 1993 2255 2048 laudatus
2283 1993 2351 2047 ab
2371 1992 2741 2048 eruditissimo
2771 2008 2835 2047 ac
2871 1994 3287 2063 diligentissimo
3313 1992 3561 2059 Usserio,

2002 2084 2059 2138 in
2091 2083 2496 2155 Prolegomenis
2526 2085 2878 2155 epistolarum
2909 2084 3334 2155 lgnatianarum,
3367 2101 3486 2155 cap.
3512 2086 3566 2152 7,

2000 2178 2203 2247 quique
2224 2184 2402 2231 exstat
2421 2176 2583 2232 etiam
2610 2177 2663 2229 in
2688 2192 2822 2230 mss.
2848 2176 2973 2240 277,
2998 2176 3121 2231 507.
3145 2175 3280 2246 Reg.
3307 2176 3565 2233 Biblioth.

2000 2270 2243 2340 loquitur
2266 2270 2331 2325 ad
2367 2270 2513 2323 hunc
2548 2270 2768 2323 modum
2803 2288 2815 2323 :
2840 2268 2948 2339 Τὴν
2976 2269 3030 2322 δὲ
3058 2268 3273 2340 διδαχὴν
3300 2270 3406 2322 τῶν
3436 2272 3572 2323 ἀπο-

2002 2352 2221 2427 στόλων,
2252 2364 2395 2425 τινὲς
2422 2362 2668 2430 λέγουσιν
2704 2356 2842 2414 εἶναι
2881 2361 2979 2422 τὰς
3016 2361 3100 2414 διὰ
3135 2362 3227 2414 τοῦ
3259 2361 3572 2433 Κλήμεντος

2000 2456 2302 2527 γραφείσας
2328 2455 2434 2509 τῶν
2469 2453 2777 2507 ἀποστόλων
2808 2452 3094 2517 διατάξεις,
3134 2453 3197 2516 ἀς
3232 2455 3264 2525 ἡ
3305 2452 3570 2524 λεγομένη

1997 2542 2131 2618 ἕκτη
2162 2547 2373 2609 σύνοδος
2398 2544 2857 2613 ἀναγινώσκεσθαι
2886 2544 2947 2597 οὐ
2979 2548 3264 2615 συγχωρεῖ,
3293 2544 3366 2607 ὼς
3393 2544 3573 2597 νοθευο

2001 2640 2183 2703 Θείσας
2204 2642 2295 2693 καὶ
2319 2638 2766 2710 παραφθαρείσας
2780 2637 2900 2678 ³⁹ο⁵⁸
2932 2635 3034 2690 ὑπὸ
3053 2637 3355 2708 αἱρετικῶν.
3370 2634 3570 2689 Conci-

1999 2734 2189 2804 nitque
2217 2733 2501 2787 Matthaeus
2530 2731 2826 2795 Blastares,
2860 2731 3117 2785 collector
3140 2729 3421 2784 Canonum
3450 2729 3570 2783 ine-

2000 2827 2168 2890 ditus,
2220 2826 2277 2879 in
2325 2825 2618 2879 multorum
2667 2822 3010 2877 bibliothecis
3064 2823 3259 2885 latens,
3306 2822 3482 2875 littera
3516 2820 3568 2889 β,

2000 2935 2121 2989 cap.
2151 2920 2236 2983 ll,
2266 2918 2356 2973 ubi
2387 2917 2454 2973 de
2478 2916 2537 2969 S.
2561 2916 2846 2970 Athanasii
2874 2916 3014 2978 loco,
3041 2914 3126 2969 his
3156 2914 3334 2968 verbis
3362 2933 3374 2967 :
3406 2912 3574 2977 ’Ἐξω-

2000 3012 2090 3065 Θεν
2128 3012 2186 3065 δὲ
2233 3011 2341 3064 τῶν
2378 3008 2802 3079 κανονιζομένων
2851 3002 2987 3059 εἶναὶ
3037 3022 3189 3075 φησι,
3231 3005 3328 3075 τὴν
3374 3004 3572 3073 Σοφίαν

2000 3104 2362 3176 Σολομῶντος,
2390 3110 2521 3166 etc.,
2540 3102 2629 3154 τὸν
2658 3100 2918 3171 Ποιμὲνα,
2950 3098 3044 3152 καὶ
3089 3098 3185 3169 τὴν
3224 3096 3437 3167 διδαχὴν
3464 3095 3572 3148 τῶν

332 3191 385 3245 in
426 3205 590 3260 opere
618 3188 824 3242 Ariana
855 3188 1130 3254 videntur,
1156 3188 1295 3243 forte
1329 3189 1704 3259 interpolatori
1733 3193 1896 3245 tribui

2005 3198 2169 3266 ἁγίων
2197 3194 2523 3250 ἀποστόλων·
2547 3193 2746 3262 ταύτην
2773 3191 2830 3244 δὲ
2855 3193 2887 3261 ή
2910 3190 3039 3260 ἕκτη
3063 3189 3272 3251 σύνοδος
3292 3188 3568 3257 ὴΟέτησεν.

330 3284 548 3347 debent,
584 3290 644 3337 ut
668 3297 697 3335 a
720 3281 994 3337 Trullanis
1020 3290 1305 3350 censetur;
1327 3283 1465 3338 forte
1489 3284 1727 3355 ἀρχαῖκά
1749 3294 1897 3350 sunt,

331 3376 582 3431 haeretica
616 3389 727 3429 non
759 3385 905 3438 sunt,
946 3373 1268 3444 depellique,
1301 3375 1426 3430 licet
1463 3391 1605 3446 aegre
1630 3418 1643 3438 ,
1670 3387 1900 3446 possunt

333 3473 489 3542 juxta
522 3476 757 3525 mentem
800 3465 1002 3523 Photii.
1054 3466 1196 3532 Quid
1239 3476 1422 3522 tamen
1458 3469 1505 3522 si
1537 3468 1900 3539 Epiphanium

336 3564 614 3633 deceperit
664 3562 895 3617 titulus?
951 3559 998 3617 si
1048 3559 1376 3618 catholicum
1417 3562 1707 3630 putaverit,
1759 3563 1903 3632 quod

338 3656 698 3727 apostolicum
714 3655 1055 3720 autumabat,
1082 3671 1186 3711 nec
1210 3654 1580 3711 inexcusabile
1600 3655 1908 3710 videbatur?

336 3748 458 3803 Jam
503 3746 936 3817 interpolationis
983 3755 1245 3802 centones
1286 3747 1458 3816 ignoti
1516 3746 1737 3801 fuerunt
1779 3746 1907 3817 Epi-

340 3838 565 3903 phanio,
592 3844 645 3890 et
673 3836 921 3906 scriptori
949 3835 1134 3903 Operis
1157 3836 1447 3904 imperfecti
1476 3838 1529 3889 in
1555 3836 1901 3903 Matt/rauim;

343 3929 456 3983 noti
500 3926 789 3982 Anastasio
828 3926 1167 3981 Antiocheno
1192 3925 1552 3992 Quaestionum
1573 3945 1634 3981 ac
1663 3929 1897 3999 Respon-

342 4022 548 4075 sionum
595 4018 844 4073 auctori:
891 4033 999 4086 quo
1047 4028 1225 4072 autem
1273 4026 1512 4087 tempore
1556 4022 1789 4087 primum
1836 4037 1902 4075 ex

340 4114 501 4167 otiosi
525 4112 762 4169 hominis
792 4111 1011 4168 ofﬁcina
1035 4112 1397 4176 manaverint,
1422 4112 1675 4167 similiter
1704 4130 1812 4168 non
1841 4116 1908 4169 li-‘

340 4214 488 4276 quet.
512 4204 819 4261 Obscurum
849 4213 1109 4277 praeterea
1142 4205 1286 4275 quod
1312 4205 1485 4267 aiunt,
1510 4204 1600 4257 alii
1629 4204 1697 4258 ab
1719 4207 1905 4261 eadem

341 4316 504 4355 manu
532 4300 863 4355 mutationes
887 4300 941 4353 in
985 4297 1193 4369 lgnatio
1221 4306 1274 4352 et
1312 4297 1367 4350 in
1410 4296 1907 4353 Constitutionibus

344 4393 632 4463 prodiisse,
679 4391 769 4446 alii
794 4407 823 4446 a
860 4390 1160 4445 Diataxeon
1198 4387 1643 4443 consarcinatore
1671 4390 1909 4458 pseudo-

342 4485 608 4557 lgnatium
641 4485 818 4540 solere
851 4483 1135 4554 compilari
1191 4481 1348 4552 quasi
1397 4481 1483 4536 vel
1520 4496 1628 4535 non
1675 4481 1911 4551 potuerit

2068 3288 2174 3344 Sed
2202 3298 2393 3343 contra
2439 3287 2519 3341 sic
2554 3292 3023 3355 argumentantur.
3073 3280 3277 3346 Primo,
3326 3278 3572 3333 Athana—

2003 3377 2357 3454 siusAtEaxhv
2397 3378 2502 3431 τῶν
2551 3375 2860 3430 ἀποστόλων
2885 3375 3027 3429 inter
3054 3389 3147 3428 eos
3180 3372 3347 3426 libros
3379 3387 3573 3426 nume-

1998 3481 2086 3529 rat
2106 3474 2197 3545 qui
2221 3471 2626 3527 catechumenis
2646 3469 2857 3539 legendi
2887 3474 3098 3532 essent;
3141 3482 3262 3519 cum
3288 3465 3409 3520 libri
3438 3464 3576 3518 Con-

2003 3568 2350 3623 stitutionum
2386 3562 2661 3633 episcopis
2690 3562 2801 3616 sint
2831 3558 3018 3619 dicati.
3055 3573 3251 3626 resque
3283 3556 3345 3610 ad
3390 3556 3577 3612 Eccle-

2004 3658 2099 3715 sia:
2124 3659 2365 3727 regimen
2415 3660 2724 3724 spectantes
2774 3658 3034 3713 tractent,
3078 3658 3131 3704 et
3181 3650 3285 3702 alia
3329 3648 3575 3718 quaedam

2008 3749 2383 3823 μυστικώτερα
2413 3788 2427 3812 ,
2460 3762 2581 3818 quae
2614 3745 2821 3799 idcirco
2855 3758 3065 3797 canone
3098 3742 3466 3811 apostolorum
3500 3743 3578 3795 ul-

1978 3844 2140 3911 timo
2189 3842 2245 3895 in
2281 3841 2476 3911 vulgus
2520 3838 2697 3893 ell‘erri
2751 3844 3025 3891 vetantur.
3076 3833 3344 3899 Secundo,
3369 3834 3573 3905 διδαχή,

2003 3935 2146 4006 apud
2191 3933 2553 4003 Nicephorum
2600 3928 3303 3998 Constantinopolitanum,
3351 3927 3577 3996 ejusque

2008 4025 2389 4097 στιχομετρίας
2429 4025 2784 4091 interpretem
2822 4019 3172 4075 Anastasium
3216 4018 3577 4072 Bibliotheca-

2005 4119 2170 4181 rium,
2202 4116 2490 4172 versiculis
2543 4114 2671 4180 200,
2723 4111 3066 4169 solummodo
3114 4118 3369 4177 constat;
3420 4111 3578 4179 longe

2006 4220 2185 4266 autem
2237 4208 2561 4279 prolixiores
2617 4210 2745 4259 sunt
2776 4203 3228 4261 Constitutiones.
3268 4199 3470 4262 Tertio,
3521 4200 3574 4253 in

2008 4299 2410 4370 Scripturarum
2450 4297 2712 4359 indiculo,
2734 4293 3005 4347 Anastasii
3034 4291 3235 4345 Niczeni
3262 4283 3577 4349 Quarstioni-

2013 4400 2108 4454 bus
2137 4394 2407 4462 subjecto,
2451 4392 2508 4444 in
2535 4388 2751 4458 publica
2784 4382 3110 4441 Oxoniensis
3137 4375 3443 4432 Academiae
3487 4373 3576 4427 Bi-

2007 4480 2644 4552 bliotheca,At6axal.qu
2671 4476 2977 4533 ἀποστόλων
3006 4480 3060 4528 et.
3079 4467 3402 4524 Διδασκαλία
3432 4465 3578 4535 Κλήυ

345 4556 608 4653 BJgnatii
637 4578 962 4648 depravator
983 4591 1046 4629 ex
1066 4573 1341 4629 Catholica
1354 4573 1599 4627 doctrina
1628 4573 1911 4642 complura
1942 4556 1990 4615 υ
2023 4595 2230 4649 μεντος,
2278 4582 2339 4630 ut
2384 4574 2643 4629 distincta
2686 4583 2871 4640 opera,
2914 4566 3224 4638 pariterque
3252 4557 3578 4653 apocrypha

345 4674 616 4739 mutuari;
647 4672 732 4728 vel
769 4687 878 4725 non
920 4668 1236 4724 credibilius
1268 4667 1379 4733 liat,
1421 4682 1517 4721 sua
1563 4681 1629 4719 ex
1680 4663 1915 4733 pseudo-

341 4766 700 4822 Clementinis
751 4762 1069 4818 Diataxibus
1118 4759 1338 4815 auxisse
1380 4756 1911 4828 pseudo-lgnatium;

345 4861 505 4931 cujus
524 4857 970 4929 interpolationes
992 4870 1152 4910 verus
1172 4852 1411 4924 lgnatius
1440 4849 1914 4906 manifestissimas

347 4952 511 5018 facit;
543 4966 668 5005 cum
699 4949 1164 5005 Constitutionum
1201 4944 1525 5013 corruptelae
1555 4950 1752 5012 praeter
1779 4957 1917 5010 pau-

344 5045 603 5099 cissimas
624 5042 1013 5098 occultissima;
1042 5039 1186 5095 sint?
1215 5037 1367 5091 Mitto
1395 5035 1497 5090 viri
1524 5035 1670 5088 docti
1695 5033 1915 5088 Davidis

346 5136 613 5191 Blondelli
640 5135 696 5188 in
719 5148 954 5189 censura
976 5132 1221 5203 epistola:
1250 5132 1436 5201 prima:
1458 5128 1753 5183 decretalis
1797 5127 1919 5181 Cle-

348 5229 520 5285 menti
550 5228 803 5298 ascripta:
830 5226 1223 5282 divinationem
1260 5244 1272 5278 :
1306 5221 1462 5289 Quod
1511 5222 1605 5291 qui
1660 5220 1919 5287 διαταγὰς

347 5323 595 5393 scripsit,
625 5321 847 5375 natione
880 5319 1045 5374 fuerit
1075 5316 1397 5371 Palasstinus
1427 5323 1521 5368 aut
1547 5313 1796 5374 Phoenix,
1830 5320 1919 5366 ut-

350 5428 478 5489 pote
505 5416 600 5489 qui
624 5416 881 5469 thronum
932 5408 1495 5480 Hierosolymitanum.
1515 5404 1744 5474 reliquis
1783 5417 1923 5472 prae-

334 5509 513 5573 Terat,
542 5509 640 5563 lib.
670 5523 790 5568 Vili,
814 5520 933 5575 cap.
961 5504 1049 5566 lO,
1079 5511 1133 5558 et
1151 5502 1372 5555 nomina
1396 5498 1676 5553 mensibus
1702 5497 1923 5549 inventa

353 5617 383 5655 a
412 5602 597 5673 Tyriis
628 5601 889 5667 imponat.
916 5595 1036 5650 Non
1064 5596 1242 5664 agitur
1273 5594 1340 5648 de
1362 5592 1653 5647 eminentia
1683 5589 1916 5650 sedium.

353 5694 447 5747 ubi
470 5693 764 5762 episcopus
787 5686 1186 5743 Alexandrinus
1213 5683 1541 5756 praeteritur.
1571 5682 1831 5737 Jacobum
1855 5695 1920 5736 eo

430 5849 559 5889 to-"
590 5846 677 5903 Αι,
710 5844 1179 5914 παραγραφείσας.

2018 4647 2411 4733 recensentur;
2442 4673 2497 4719 at
2519 4661 2858 4723 διδασκαλίας
2890 4658 3103 4712 titulum
3129 4651 3421 4725 praeferunt
3455 4647 3582 4700 Dia-

2018 4769 2173 4818 taxes
2196 4778 2211 4828 ;
2244 4760 2429 4829 itaque
2443 4756 2663 4826 Διδαχαὶ
2684 4770 2713 4809 a
2738 4747 3237 4809 Constitutionibus
3263 4740 3473 4798 secerni
3492 4736 3581 4791 de.

2016 4854 2167 4909 bent.
2212 4852 2437 4918 Quarto,
2487 4863 2518 4901 a
2557 4848 2782 4919 Synopsi
2827 4840 3194 4897 Athanasiana
3212 4831 3407 4903 Διδαχὴ
3446 4830 3583 4883 ἀπο-

2023 4947 2222 5000 στόλων
2263 4952 2317 5000 ct
2359 4942 2670 5013 Κλημέντια
2694 4939 2842 4994 velut
2871 4935 2980 4991 duo
3016 4930 3141 4987 libri
3172 4928 3576 4985 memorantur;

2022 5040 2078 5092 in
2107 5034 2462 5092 Clementinis
2501 5040 2681 5087 autem
2727 5030 3076 5084 continentur
3130 5015 3577 5075 Constitutioncs,

2018 5132 2218 5200 quippe
2245 5142 2366 5197 qua:
2410 5125 2703 5180 Clementis
2748 5136 2944 5176 nomen
2998 5116 3307 5188 praeferunt.
3355 5110 3577 5200 Quinto,

2019 5198 2186 5292 agens
2215 5218 2281 5273 de
2306 5217 2602 5273 Clementis
2646 5214 2903 5284 operibus
2961 5208 3228 5263 Eusebius
3248 5243 3262 5267 ,
3293 5198 3581 5254 Doctrinas

2019 5314 2391 5386 apostolorum
2418 5310 2641 5364 omittit.
2669 5306 2855 5368 Sexto,
2888 5303 3129 5358 codicem
3155 5293 3579 5367 apostolicarum

2020 5404 2485 5460 Constitutionum
2514 5399 2685 5454 multa
2726 5397 2929 5449 Ariana
2970 5391 3437 5459 complectentem,
3480 5394 3582 5435 nec

2020 5497 2212 5550 Ariani
2250 5509 2349 5564 pro
2394 5488 2804 5547 confirmatione
2852 5486 2935 5539 sui
2966 5482 3169 5537 erroris
3215 5477 3579 5535 adduxerunt,

2024 5603 2127 5643 nec
2180 5587 2470 5641 adductum
2514 5579 2847 5635 Athanasius
2894 5572 3147 5644 expendit
3178 5590 3192 5624 :
3225 5583 3333 5639 quo
3378 5566 3435 5619 ﬁt
3498 5570 3578 5625 ut.

2026 5685 2274 5736 exstante
2303 5673 2691 5731 Athanasianis
2717 5667 3054 5739 temporibus
3085 5660 3453 5732 Apostolorum
3476 5655 3586 5708 Do-
