4064 6256
300 410 405 468 517
1106 417 1704 479 CONSTITUTIONES
1739 421 2214 483 APOSTOLICIE.
2247 460 2317 470 —
2337 426 2698 490 PROGJMIA.

295 523 489 585 ctrina.
513 527 607 594 25,
632 529 917 605 Polycarpi
949 533 1048 591 Do-
1117 536 1224 601 κδ’,
1258 538 1511 607 Ἰγνατίου
1528 539 1860 596 διδασκαλία.
1892 590 1899 604 ε

1929 542 2085 617 ,ὥρᾳ
2136 545 2333 619 δεκάτῃ
2399 548 2499 619 τῆς
2541 547 2733 614 νυκτδς

295 630 458 680 trina.
539 625 640 691 24,
710 627 1049 701 Evangelium
1120 637 1226 701 κγ’,
1268 634 1623 707 Πολυκάρπου
1649 635 1889 693 διδασκα-

1972 634 2034 707 (f-
2059 637 2257 711 ἑϐδόμη
2277 641 2377 713 τῆς
2396 641 2651 715 ἡμέρας),
2672 644 2731 698 ἐν

292 719 574 774 secundum
602 720 925 781 Barnabam.
955 725 1045 793 25,
1120 724 1332 794 λία.κδ’,
1363 729 1691 799 Εὑαγγέλιον
1729 730 1870 787 κατὰ

1966 733 2047 805 τῷ
2087 736 2317 810 Ἰορδάνῃ
2351 739 2601 811 ποταμῷ.
2635 742 2730 795 Ἔ-

298 807 637 880 Evangelium
756 815 1041 872 secundum
1117 820 1391 896 Βαρνάϐα.
1420 834 1516 890 κε’,
1540 827 1868 899 Εὐαηέλιον

1970 840 2147 896 μεινεν
2172 828 2227 883 δὲ
2261 807 2358 884 σῦν
2384 807 2515 903 ἡμῖν
2549 807 2608 886 ἐν
2648 833 2727 907 τῷ

288 901 622 961 Hatthteum.
1116 920 1255 972 κατὰ
1279 920 1570 977 Ματθαίον.

1966 922 2174 994 κόσμῳ,
2208 901 2500 998 κηρύσσων
2543 926 2605 981 τὸ
2636 901 2725 983 eo;

357 1016 459 1073 Ubi
504 1019 735 1092 Διδαχὰς
772 1023 882 1078 τῶν
916 1026 1226 1086 ἀποστόλων
1261 1036 1691 1094 ειΔιδασκαλίαν
1718 1041 1863 1115 Κλή-
1963 1016 2212 1115 αΪΥέλιον
2281 1020 2383 1115 ῖῆς
2448 1021 2724 1093 βασιλείας

291 1126 480 1180 μεντος
506 1111 771 1184 distingui
799 1114 983 1187 video,
1010 1136 1121 1177 non
1158 1124 1317 1181 video
1357 1143 1465 1198 qua
1505 1131 1715 1186 ratione
1742 1110 1862 1189 dis-

1960 1110 2067 1165 τῶν
2106 1113 2372 1184 οὐρανῶν,
2419 1117 2519 1170 καὶ
2561 1116 2723 1188 θερσι-

287 1202 624 1272 tinguantur.
667 1206 865 1274 Quidni
897 1219 956 1265 ut
990 1211 1172 1281 Liber,
1206 1216 1235 1271 ἐι
1263 1217 1413 1275 Libri
1439 1220 1721 1294 Epitome?
1777 1226 1857 1281 Ad

1960 1204 2139 1260 πεύων
2186 1209 2366 1263 πᾶσαν
2418 1209 2571 1263 νόσον
2628 1213 2721 1269 καὶ

1961 1298 2133 1316 -ςηη
2204 1315 2210 1316 ,
2276 1298 2293 1316 κ
2387 1300 2399 1316 ,
2532 1302 2545 1316 .
2684 1303 2710 1316 ..

285 1296 395 1352 haec
416 1300 604 1356 multa:
627 1301 846 1359 fuerunt
870 1306 1210 1366 διδασκαλίαι
1259 1322 1315 1369 et
1342 1316 1631 1377 Doctrinae.
1664 1318 1856 1392 lgnatii

1956 1298 2136 1352 πᾶσαν
2199 1298 2467 1369 μαλακίαν
2528 1302 2586 1355 ὲν
2642 1303 2720 1375 τῷ

282 1397 337 1443 et
361 1389 649 1466 Polycarpi
672 1395 781 1452 hic.
815 1398 1071 1457 Doctrina
1100 1402 1269 1474 Petri,
1307 1410 1450 1478 apud
1477 1385 1763 1483 Origenem
1800 1423 1854 1470 et

1954 1385 2101 1457 λαῷ,
2155 1388 2259 1453 ἕως
2313 1391 2526 1459 ἐγένετο
2583 1394 2718 1447 ὲτῶν

284 1482 701 1544 Damascenum.
737 1491 1082 1549 Διδασκαλίαι
1135 1498 1243 1552 τῶν
1297 1476 1466 1569 diu»;
1518 1476 1848 1573 ἁέοστόλων,

1952 1476 2050 1542 λ6’,
2081 1480 2175 1533 καὶ
2219 1482 2404 1553 μηνῶν
2442 1484 2628 1556 τριῶν,
2660 1485 2717 1540 ὲν

280 1576 375 1632 lib.
424 1593 479 1642 ν,
517 1579 660 1648 juris
711 1579 1164 1645 Grreco-Romani
1218 1592 1274 1647 in
1339 1593 1765 1669 interrogatione
1814 1599 1849 1653 2

1948 1563 2003 1621 δὲ
2055 1568 2133 1640 τῷ
2188 1573 2494 1644 τριακοστῷ
2550 1577 2716 1647 τρίτῳ

1950 1655 2051 1679 ι---
2115 1650 2275 1679 ,μιν-,ἐ
2358 1660 2445 1679 1A,
2576 1662 2631 1679 ΙΛ

278 1662 444 1719 Marci
472 1665 823 1726 Alexandrini
859 1684 910 1728 et
940 1674 1314 1747 Responsione
1360 1655 1631 1741 Theodori
1660 1687 1849 1744 Balsa-

1947 1655 2055 1709 ἔτει
2111 1655 2278 1711 αὐτοῦ
2353 1660 2712 1735 ἐσταυρώθη,

1946 1747 2039 1766 ..ην
2138 1748 2201 1766 ς..
2292 1749 2333 1766 Α.
2392 1749 2455 1766 τ.

277 1757 458 1813 monis
489 1758 559 1813 ad
597 1761 765 1829 illam,
804 1780 1011 1822 necnon
1046 1769 1351 1828 Didascalia
1381 1778 1695 1847 apostolica,
1726 1798 1846 1853 quae
1944 1747 2203 1853 Ῐαμεῗὼθ
2390 1749 2420 1853 [.
2442 1752 2505 1853 in.
2541 1768 2709 1853 ""3"

277 1849 419 1919 apud
449 1849 732 1924 Ethiopes
757 1856 1157 1918 circumfertur.
1185 1863 1298 1921 Cur
1326 1840 1508 1939 itaque
1535 1887 1644 1927 non
1667 1840 1841 1930 exsti-
1872 1897 1899 1955 ε

1942 1840 2354 1955 Μαρξίφνηκγλλ
2391 1842 2583 1955 fasfas
2622 1846 2713 1899 ἕκ-

275 1941 402 1994 ierit
441 1942 606 1997 etiam
640 1945 967 2004 Διδασκαλία
1012 1954 1346 2027 Κλήμεντος,
1377 1933 1590 2020 diversa
1619 1977 1650 2019 a
1670 1965 1841 2022 Καθο-
1872 1933 1899 1955 Ἀ

1942 1947 2031 2003 τῃ,
2061 1933 2179 2005 ὥρᾳ
2204 1933 2336 2007 ἕκτῃ
2356 1933 2457 2007 τῆς
2476 1937 2710 2009 ἡμέρας.

273 2029 392 2126 λικη
423 2030 771 2126 διδασκαλίᾳῖ
798 2037 876 2093 Ad
918 2040 971 2095 4.
1004 2025 1145 2100 Bene
1174 2046 1282 2102 duo
1310 2048 1432 2103 libri
1465 2050 1601 2107 ﬁunt
1623 2052 1683 2108 in
1713 2053 1845 2126 Syn-

1941 2025 2036 2077 καὶ
2078 2025 2178 2096 τῆς
2236 2026 2465 2099 σελήνης
2497 2028 2574 2081 ιδ’·
2614 2030 2711 2084 ἁν-

280 2120 393 2185 opsi
444 2119 728 2181 Athanasii
774 2131 1028 2199 vocitata,
1051 2135 1248 2209 Διδαχὴ
1277 2139 1384 2192 τῶν
1412 2113 1840 2211 ἀποστόλων,νᾷ

1941 2113 2071 2188 ἐστη
2122 2116 2178 2171 δὲ
2242 2119 2301 2171 ὲν
2382 2120 2699 2193 τριημέρῳ,

274 2206 610 2316 ξλημέντια,
660 2233 770 2287 quo
817 2231 975 2289 pacto
1017 2206 1495 2299 apudNicepbori
1542 2206 1838 2293 Historiam

1939 2207 2236 2281 Ηαρμουθή
2274 2208 2366 2281 (al.
2398 2212 2697 2285 Φαρμουθὶ)

271 2296 365 2354 lib.
399 2315 484 2365 ιιι,
514 2318 635 2375 cap.
675 2308 764 2372 18,
787 2310 1067 2377 Διατάξεις
1105 2296 1456 2375 ἀποστολικαί
1500 2332 1556 2378 ει
1585 2324 1656 2380 τὰ
1691 2325 1839 2400 Κλη-
2033 2300 2203 2400 de???
2244 2303 2338 2400 ξί),
2393 2304 2472 2400 [in
2524 2323 2699 2400 marg'

274 2390 483 2459 μέντια.
514 2395 597 2449 Ad
622 2396 673 2451 5.
692 2400 771 2453 Ad
803 2402 1052 2459 eumdem
1089 2406 1277 2464 forsan
1324 2414 1545 2469 modum
1572 2390 1838 2473 omittun-

1951 2391 2264 2465 Ἀπριλλίῳ]
2317 2394 2499 2469 ἡμέρᾳ
2550 2399 2699 2470 πρώ-

271 2492 361 2540 tur
387 2488 457 2542 ab
486 2487 722 2546 Eusebio
747 2492 1099 2555 Clementinaa
1127 2500 1402 2570 Diataxes,
1443 2524 1674 2579 quarum
1704 2515 1833 2571 alibi

1935 2506 2024 2562 τη,
2055 2492 2173 2564 ὥρᾳ
2204 2493 2334 2565 ἕκτῃ
2366 2496 2466 2566 τῆς
2485 2498 2693 2564 νυκτός

3446 444 3557 504 518

2801 564 3003 605 omnem
3023 554 3260 609 morbum
3280 564 3330 611 ει
3352 574 3555 614 onmem

2797 646 3160 716 aegritudinem
3183 650 3237 704 in
3272 654 3461 720 populo
3485 656 3551 721 ⁸⁷,

2794 739 2958 794 donec
3010 752 3168 797 natus
3227 746 3328 814 fuit
3387 764 3553 804 annos

2793 845 2968 897 χχιιι,
3008 843 3058 887 ει
3095 851 3293 891 menses
3319 845 3443 893 tres.
3485 838 3553 895 In

2793 929 3057 984 tricesimo
3141 933 3295 987 tertio
3379 945 3552 989 autem

2791 1027 2965 1081 atatis
3004 1044 3116 1083 sua!
3159 1046 3297 1084 anno
3338 1032 3552 1100 cruciﬁ-

2787 1136 2887 1176 xus
2924 1132 3025 1186 est,
3070 1121 3415 1182 Phamenoth.
3453 1126 3547 1195 25,

2788 1210 2999 1282 (Martii
3032 1212 3124 1285 25)
3149 1214 3214 1279 ⁸⁸,
3258 1214 3341 1271 die
3380 1227 3547 1286 sexto,

2785 1301 2917 1357 hora
2968 1304 3071 1359 diei
3116 1315 3285 1374 sexta,
3334 1318 3382 1362 et
3435 1324 3545 1374 xlv,

2784 1392 2956 1447 Luna.
3005 1394 3313 1450 Resurrexit
3374 1410 3548 1453 autent

2783 1485 2839 1539 in
2890 1487 3089 1553 tﬁduo,
3137 1492 3328 1544 mensis
3372 1492 3547 1545 Phar-

2784 1577 2950 1630 mulhi
2980 1580 3030 1643 1,
3072 1578 3285 1651 (Martii
3322 1581 3413 1653 2'7)
3460 1584 3544 1639 die

2779 1669 2972 1740 primo,
3002 1671 3133 1726 hora
3166 1689 3317 1728 sexta
3341 1679 3539 1743 noctis;

2778 1774 2827 1817 et
2870 1768 3009 1819 visus
3048 1775 3126 1820 est
3180 1768 3244 1821 ab
3297 1771 3538 1826 omnibus

2779 1861 2928 1913 nobis
2969 1860 3243 1930 discipulis
3279 1864 3393 1933 ejus
3432 1867 3476 1898 ⁵³
3518 1884 3539 1931 ;

2778 1967 2841 2003 ac
2895 1953 3039 2005 mani
3044 1953 3252 2022 festavit
3309 1956 3539 2026 gloriam

2777 2057 2930 2095 suam
2958 2060 3049 2111 per
3064 2044 3176 2098 dies
3206 2045 3534 2117 quadragin-

2778 2142 2853 2195 ta,
2898 2131 3086 2188 docens
3130 2151 3224 2190 nos
3246 2137 3537 2205 praedicare

2772 2222 2825 2276 in
2843 2224 3050 2278 nomine
3064 2242 3159 2280 suo
3178 2229 3533 2294 pwnitentiam

2773 2325 2824 2370 et
2877 2318 3239 2374 remissionem
3291 2335 3532 2391 peccato-

2770 2428 2888 2466 rum
2908 2413 2976 2469 ".
2999 2413 3315 2486 Assumptus
3331 2430 3410 2472 est
3432 2436 3531 2474 ass—

2772 2511 2873 2556 tem
2906 2502 3121 2559 Pachon
3153 2505 3352 2561 decimo
3370 2508 3450 2581 (Η
3455 2511 3531 2564 aii

271 2576 515 2631 meminit
555 2580 658 2635 sub
706 2584 928 2641 nomine
961 2586 1342 2648 Doctrinarum
1385 2576 1830 2670 apostolicarum,

266 2682 373 2737 quo
416 2669 672 2726 videntur
713 2677 979 2744 praeteriri
1015 2680 1367 2742 Clementinae
1398 2687 1636 2757 Periodi,
1692 2711 1831 2766 quas

264 2754 371 2809 alio
404 2756 459 2809 in
514 2757 637 2813 loco
686 2775 1098 2836 commemorat,
1146 2773 1426 2841 appellans
1452 2754 1827 2839 Petri’Ac-tus.

263 2843 343 2898 Ad
390 2844 446 2900 6.
475 2845 622 2913 Quot
668 2849 776 2905 alia
822 2852 1074 2911 Veterum
1108 2860 1279 2916 citare
1315 2863 1469 2919 licuit
1508 2869 1747 2938 Ariauis,
1776 2882 1831 2929 et

262 2934 607 2993 dissolvenda
633 2940 934 2999 Athanasio
975 2948 1312 3022 relinquere?
1343 2954 1507 3013 Verbi
1541 2934 1743 3031 gratia,
1771 2971 1831 3019 ut

263 3041 292 3080 a
339 3026 620 3086 Clemente
664 3047 775 3087 non
820 3034 1119 3106 discedam,
1157 3026 1589 3119 Recognitionum
1636 3052 1828 3123 libros,

259 3122 449 3193 plenos
477 3125 795 3182 Arianismi.
829 3128 960 3195 Qua-
988 3138 1166 3187 tamen
1197 3137 1266 3191 ab
1303 3140 1369 3194 iis
1406 3142 1579 3200 fuisse
1616 3122 1827 3216 prolata

258 3226 367 3267 non
399 3214 632 3284 legimus
667 3215 724 3271 in
772 3215 830 3273 S.
872 3218 1151 3283 Athanasii
1183 3223 1434 3297 Scriptis.
1473 3232 1555 3287 Ad
1592 3214 1825 3305 primam
1854 3235 1895 3293 C

256 3305 689 3363 conclusionem.
723 3307 903 3365 Locus
932 3311 1207 3370 Anastasii
1249 3334 1355 3373 non
1393 3331 1572 3378 exstat
1605 3328 1828 3396 quidem

253 3394 308 3451 in
332 3395 740 3462 Quastionibus
764 3402 925 3457 editis
956 3419 1049 3474 per
1071 3404 1334 3462 Jacobum
1360 3394 1698 3487 Gretseruin;
1733 3421 1829 3477 sed

252 3486 307 3540 in
343 3486 594 3545 Editione
621 3489 873 3547 Gentiani
914 3494 1130 3552 Herveti
1162 3498 1455 3569 profertur.
1491 3506 1653 3562 Liber
1697 3526 1828 3566 vero

249 3590 358 3632 ms.
417 3592 570 3633 num.
630 3580 790 3645 1789,
852 3580 1119 3638 Thesauri
1175 3588 1332 3660 regii,
1385 3599 1508 3660 post
1551 3593 1827 3651 Anastasii

249 3674 595 3739 Quaestiones
624 3687 861 3745 centum,
894 3682 1057 3737 habet
1086 3685 1349 3755 scriptum
1377 3707 1391 3741 :

249 3807 325 3862 De
373 3813 699 3885 apparitione
750 3815 966 3885 Domini
986 3834 1005 3883 ;

350 3896 416 3935 ea:
435 3881 901 3942 Constitutionibus

463 3956 789 4022 apostolicis.

317 4056 460 4112 Nam
500 4069 657 4116 natus
686 4062 892 4133 quidem
924 4078 1002 4119 est

247 4146 501 4206 Dominus
587 4164 763 4208 noster
846 4155 878 4208 J
883 4173 1001 4210 esus

247 4243 488 4303 Christus
539 4266 605 4303 ea:
654 4262 841 4306 sancta
882 4253 1001 4307 Vir-

244 4340 356 4409 gine
378 4340 579 4409 Maria,
603 4344 656 4397 in
680 4345 995 4413 Remis/tem,

244 4439 523 4492 secundum
546 4439 619 4493 1E
622 4444 826 4512 gyptios
848 4444 997 4500 Chae-

242 4550 303 4587 ac
330 4534 399 4588 29
422 4535 488 4601 ‘5,
515 4536 644 4591 hora
671 4539 873 4595 decima
902 4559 996 4595 no-

126 4706 135 4715 _
239 4634 365 4696 etis;
399 4636 537 4697 quod
565 4648 641 4692 est
669 4655 765 4694 vm
794 4640 995 4696 Kalen-

236 4729 333 4784 das
356 4730 631 4791 Januarii.
674 4738 991 4809 Baptizatus

235 4839 409 4883 autem
443 4842 521 4886 est
551 4836 812 4892 tricesimo
855 4848 988 4893 aeta-

233 4922 302 4977 tis
324 4942 436 4980 sua:
475 4944 632 4995 anno,
683 4946 716 4984 a
759 4930 986 4999 Joanne,

234 5018 294 5073 11
339 5024 531 5078 mensis
584 5024 737 5097 Tgbi,
777 5027 988 5084 Janua-

231 5117 298 5170 rii
328 5119 382 5180 6,
425 5120 555 5175 hora
595 5125 817 5193 septima
856 5127 985 5192 diei,

231 5212 283 5265 in
314 5215 474 5283 ﬂuvio
497 5214 750 5276 Iordane.
788 5222 989 5279 Mansit

230 5320 401 5364 autem
421 5312 685 5369 nobiscum
703 5318 754 5371 in
770 5319 984 5385 mundo,

229 5403 522 5467 prazdicam
550 5409 873 5478 euangelium
903 5428 986 5465 re-

227 5497 315 5563 gni
353 5498 623 5563 calorum,
669 5511 720 5555 et
788 5520 981 5560 curans

293 5712 339 5743 "
399 5709 534 5767 Vide
592 5713 734 5767 inl'ra
800 5718 865 5771 ad
914 5718 1004 5775 lib.

226 5781 479 5855 {Tilwh-
539 5798 615 5848 ινν
681 5786 786 5852 ἳΰς
867 5781 1186 5855 ιι,ι²›5.’⁶ε
1223 5781 1401 5845 Martii

225 5846 267 5881 "
291 5852 412 5908 Maii
442 5856 496 5910 3.

1080 3820 1270 3908 δξξῖερςι
1285 3822 1383 3908 τῆς
1399 3824 1715 3908 ἐπιφανείας
1731 3832 1825 3886 τοῦ

1114 3892 1317 3963 Κυρίου
1336 3910 1348 3922 '
1368 3894 1430 3948 ὲκ
1449 3892 1554 3950 τῶν
1572 3892 1797 3954 ἀποστο-

1144 3960 1310 4015 λικῶν
1338 3966 1540 4037 Διαταγ
1547 3970 1749 4040 μάτων.

1154 4084 1372 4160 Ἐτέχθη
1408 4091 1504 4161 μὲν
1534 4091 1642 4165 γὰρ
1669 4093 1698 4145 ὁ
1724 4092 1830 4147 Κύ-

1071 4196 1184 4250 ριος
1237 4185 1392 4255 ἡμῶν
1451 4188 1655 4259 Ἰησοῦς
1695 4191 1829 4262 Χρι-

1070 4275 1192 4339 στὸς
1236 4279 1300 4332 ὲκ
1343 4281 1443 4353 τῆς
1480 4284 1640 4352 ἁγίας
1688 4303 1828 4359 παρ-

1068 4372 1218 4427 θένου
1248 4378 1465 4451 Μαρίας
1483 4382 1540 4434 ὲν
1560 4382 1823 4456 Βηθλεὲμ,

1934 2585 2027 2637 καὶ
2056 2583 2210 2657 ὤφθη
2244 2588 2407 2641 πᾶσιν
2433 2591 2565 2660 ἡμῖν
2585 2596 2698 2656 τοῖς
2771 2594 2825 2664 5)
2855 2597 2925 2660 τί,
2949 2597 3081 2652 liora
3105 2598 3209 2653 diei
3248 2618 3408 2657 nona.

1936 2676 2204 2748 μαθηταῖς
2256 2680 2421 2734 αὐτοῦ
2443 2698 2457 2711 ·
2530 2684 2625 2749 καὶ⁷
2700 2686 3043 2759 ἐφανέρωσεν
3099 2691 3197 2762 τὴν
3244 2692 3402 2758 δόξαν
3440 2695 3531 2750 αὐ⁶

1930 2766 2025 2820 τοῦ
2064 2767 2130 2821 δι’
2159 2770 2383 2841 ἡμερῶν
2414 2776 2853 2847 τεσσαράκοντα,
2897 2780 3162 2836 διδάσκων
3211 2786 3361 2855 ἡμᾶς
3425 2805 3527 2859 κη-

1933 2859 2150 2931 ρύσσειν
2202 2864 2295 2916 ἐπὶ
2350 2864 2428 2936 τῷ
2471 2866 2696 2938 ὀνόματι
2730 2872 2897 2923 αὐτοῦ
2940 2874 3229 2943 μετάνοιαν
3268 2878 3362 2930 καὶ
3385 2879 3524 2949 ἄφε-

1932 2968 2015 3007 σιν
2060 2952 2359 3026 ἁμαρτιῶν.
2405 2958 2699 3034 Ἀνελήφθη
2761 2963 2817 3017 δὲ
2868 2965 3066 3035 Παγὼν
3108 2974 3158 3036 γ’
3207 2967 3279 3041 (f.
3328 2968 3389 3041 t')
3440 2971 3522 3042 [in

1929 3060 2101 3117 marg.
2132 3048 2293 3119 Μαΐῳ
2311 3048 2406 3122 γ’],
2458 3051 2577 3126 ὥρᾳ
2624 3054 2669 3107 θ’
2698 3056 2801 3127 τῆς
2828 3058 3062 3132 ἡμέρας.

1930 3199 2181 3276 Idemque
2236 3206 2596 3278 fragmentum
2645 3211 2709 3266 ὲκ
2752 3214 2862 3269 τῶν
2908 3216 3283 3275 ἀποπολικῶν
3320 3223 3518 3277 Διατά-

1931 3295 2062 3361 ξεων
2091 3300 2309 3356 exhibet
2331 3302 2498 3357 codex
2528 3304 2687 3369 1067,
2717 3323 2839 3361 cum
2869 3312 3195 3379 quibusdam
3238 3316 3515 3371 varietati-

1929 3386 2069 3455 bus;
2102 3399 2161 3444 ut
2198 3390 2341 3460 quod
2385 3395 2751 3463 praetermittit
2773 3413 2894 3470 quae
2938 3402 2993 3455 in
3030 3404 3274 3473 margine
3310 3406 3515 3476 prioris

1930 3478 2202 3550 leguntur,
2232 3493 2285 3537 et
2315 3485 2458 3555 quod
2493 3502 2603 3541 non
2644 3491 2797 3558 ponit
2833 3492 2952 3549 dies
2981 3496 3250 3550 mensium
3285 3497 3511 3571 Chmac,

1929 3565 2066 3638 Tybi
2094 3576 2149 3623 et
2193 3568 2549 3629 Phamenoth.
2598 3574 2795 3632 Verum
2850 3581 2956 3635 dici
3009 3590 3187 3651 potest
3232 3565 3510 3655 pertinere

1929 3657 2375 3731 ἀποσπασμάτιον
2390 3665 2457 3720 ad
2471 3665 2829 3734 Διδασκαλίας
2874 3680 2927 3727 et
2960 3672 3198 3740 Διδάξεις
3235 3678 3343 3733 τῶν
3381 3680 3515 3734 ἀπο-

1930 3749 2162 3817 στόλων,
2194 3762 2285 3806 aut
2309 3754 2376 3808 ad
2415 3754 2670 3814 Diataxes
2702 3762 2927 3831 primas,
2953 3766 3035 3820 vel
3062 3769 3296 3838 aliquam
3324 3787 3510 3828 earum

1928 3840 2397 3911 interpolationem
2444 3847 2601 3903 nobis
2643 3850 3012 3923 incognitam;
3066 3860 3243 3926 qualis
3293 3860 3509 3917 Ethio-

1928 3931 2257 4003 pica;quam
2283 3948 2479 3992 nostrae
2494 3942 2686 4008 partim
2718 3945 2949 3999 similem
2979 3963 3123 4014 esse,
3161 3954 3359 4021 partim
3390 3954 3507 4012 dis-

1928 4025 2182 4090 similem,
2219 4030 2495 4100 colligitur
2526 4048 2591 4088 ex
2626 4033 2692 4089 iis
2742 4052 2862 4104 quae
2905 4040 3047 4108 apud
3100 4041 3419 4099 Damianum
3476 4064 3505 4102 a

1927 4114 2071 4172 Goes
2100 4117 2167 4173 de
2224 4119 2541 4192 Ethiopum
2588 4125 2847 4194 religione
2896 4128 3229 4187 referuntur.
3279 4133 3421 4191 Sane
3451 4139 3502 4192 in

1932 4206 2313 4274 Qua’stionibus
2359 4212 2655 4280 Anastasii,
2688 4226 2878 4285 quaest.
2914 4219 3002 4283 60,
3034 4237 3088 4290 p.
3112 4223 3237 4287 598,
3268 4226 3370 4279 ista
3406 4227 3501 4279 lm-

1925 4299 2144 4367 bentur,
2182 4318 2247 4358 ex
2279 4303 2774 4364 Constitutionibus
2832 4313 3172 4380 apostolicis,
3219 4316 3346 4369 ὃταν
3391 4318 3500 4391 γὰρ

1928 4391 2147 4465 καθίσῃ,
2178 4405 2306 4458 etc.,
2337 4411 2439 4449 nec
2462 4397 2812 4453 inveniuntur
2835 4401 2888 4454 in
2921 4404 3146 4459 nostris.
3173 4406 3498 4475 Apostolicze

1064 4467 1123 4521 ἐν
1154 4472 1283 4541 μηνὶ
1326 4474 1465 4527 κατὰ
1498 4477 1827 4545 Αἰγυπτίους

1929 4483 2087 4536 etiam
2125 4486 2309 4539 nescio
2344 4487 2501 4554 cujus
2538 4489 2962 4548 Constitutionis
3011 4492 3201 4550 Jacobi
3248 4500 3495 4554 meminit

1062 4562 1234 4615 Χοιὰκ
1318 4564 1422 4635 (al.
1490 4568 1677 4640 Χυὰκ)
1746 4579 1821 4624 κε’
1856 4576 1898 4631 D

1929 4571 2158 4631 Joannes
2188 4575 2438 4634 Nicmnus
2467 4582 2533 4635 de
2556 4582 2840 4637 nativitate
2870 4583 3082 4639 Domini
3111 4596 3244 4642 tom.
3274 4585 3317 4641 ll
3383 4590 3494 4641 Λιι-

1062 4650 1125 4731 (l‘.
1155 4659 1256 4733 κθ¹>
1304 4662 1384 4734 [in
1413 4679 1585 4736 marg.
1619 4669 1817 4740 Δεκεμ-
1921 4667 2074 4720 clarii
2102 4666 2506 4727 Combelisiani.
2536 4670 2712 4743 Atque
2741 4677 3093 4746 apostolicam
3133 4678 3490 4733 Constitutio-

1060 4752 1197 4827 ϐρίῳ
1229 4754 1288 4827 (f.
1337 4757 1460 4813 add.
1502 4760 1599 4831 κε’)
1620 4760 1661 4833 ],
1697 4760 1816 4837 ὥρᾳ

1929 4774 2038 4814 mem
2068 4757 2310 4816 lictitiam
2340 4778 2441 4819 nec
2462 4772 2764 4821 exstantem
2785 4779 2975 4823 contra
3008 4786 3194 4825 sacras
3224 4772 3489 4841 imagines

1057 4853 1256 4925 ἐϐδόμῃ
1324 4855 1424 4925 τῆς
1480 4858 1693 4930 ἡμέρας
1753 4858 1814 4929 (Γ.

1929 4848 2214 4908 Catholicis
2247 4853 2510 4923 objiciunt
2550 4856 2895 4914 lconomachi
2935 4864 3075 4931 apud
3118 4862 3484 4934 Nicephorum

1054 4944 1250 5016 δεκάτῃ
1280 4946 1380 5015 τῆς
1423 4948 1655 5016 νυκτός),
1701 4950 1729 5002 ὃ
1762 4952 1818 5002 ὲ-

1929 4941 2022 4998 BP.
2045 4944 2099 4999 in
2129 4944 2498 5002 Antirrhetico
2524 4948 2581 5013 2,
2619 4951 2740 5007 cod.
2763 4951 2894 5024 Reg.
2929 4954 3051 5009 78l.
3097 4954 3230 5011 Vide
3269 4972 3486 5027 quoque

1055 5050 1167 5085 στιν
1198 5036 1303 5105 πρὸ
1344 5035 1487 5089 ὀκτὼ
1526 5038 1813 5093 Καλάνδων
1915 5034 2059 5091 infra
2087 5037 2152 5091 ad
2187 5038 2280 5093 lib.
2314 5054 2398 5105 ιιι,
2434 5056 2558 5112 cap.
2595 5042 2680 5099 14.

1067 5127 1405 5198 Ἰανουαρίων
1422 5130 1435 5157 ί
1505 5129 1807 5203 ἐϐαπτίσθη

1052 5222 1107 5276 δὲ
1150 5223 1207 5276 ὲν
1253 5224 1331 5295 τῷ
1371 5227 1673 5299 τριακοστῷ
1712 5230 1811 5282 αὐ-

1929 5257 2025 5294 tam
2062 5243 2423 5310 apostolorum
2463 5254 2518 5299 et
2549 5245 2966 5302 Constitutiones
3010 5250 3248 5314 dill‘erre,
3303 5252 3483 5306 incer-

1052 5313 1146 5367 τοῦ
1162 5315 1290 5380 ἔτει,
1313 5316 1418 5370 ὑπὸ
1433 5316 1693 5384 Ἰωάννου,
1714 5320 1807 5375 τοῦ

1929 5348 2016 5387 ιιηι
2046 5333 2225 5389 adhuc
2263 5344 2527 5401 remanet,
2565 5352 2632 5391 an
2671 5339 2967 5409 primarum
3012 5341 3478 5411 Constitutionum

1054 5408 1199 5481 Τυὸὴ
1251 5408 1344 5480 (al.
1388 5409 1542 5481 Τυδὶ)
1593 5419 1680 5475 ια’,
1726 5411 1807 5483 [in
1900 5432 2192 5495 corruptor
2218 5426 2362 5480 illam
2394 5408 2705 5483 Doctrinam
2727 5432 3065 5500 compilarit;
3099 5434 3241 5488 sicut
3267 5408 3482 5505 Episto-

1052 5522 1222 5578 marg.
1288 5506 1644 5580 Ἰαννουαρίῳ,
1705 5510 1804 5584 qh]

1929 5529 2009 5570 am
2036 5514 2299 5573 Barnabas
2322 5520 2536 5575 videtur
2562 5522 2940 5593 exscripsisse.
2973 5524 3254 5581 Concludo
3284 5542 3389 5613 ego
3414 5544 3478 5581 ex

1970 5148 2052 5205 Ad
2085 5150 2122 5205 2
2165 5154 2595 5210 conclusionem.
2635 5155 2864 5211 Etiamsi
2901 5160 3234 5215 concedatur
3275 5161 3482 5215 Doctri-

1057 5735 1109 5788 v,
1159 5736 1279 5790 cap.
1348 5719 1414 5774 13
1471 5730 1523 5777 et
1585 5725 1668 5782 11.

1483 5730 1523 5777 at
1585 5728 1668 5782 M.
1778 5728 1823 5760 “
1861 5730 2173 5788 Decembris
2226 5734 2335 5800 25,
2407 5738 2442 5792 Ι.
2501 5735 2694 5795 Chron.
2758 5740 2910 5796 Alex.
2948 5783 2963 5803 .
3026 5761 3081 5815 p.
3139 5746 3280 5809 5'52,
3345 5747 3470 5806 554,

1483 5795 1572 5850 25.
1680 5798 1723 5830 ⁶⁹
1750 5798 1919 5850 Anrili
1957 5804 2185 5850 maxima
2220 5822 2282 5850 ιη
2336 5816 2484 5850 narro
2519 5811 2803 5850 rpcnnndnl
2914 5816 2959 5847 το
2999 5814 3108 5850 [ηρ
3203 5834 3327 5850 ...ις
3386 5820 3452 5850 ,ιτ

1680 5798 1723 5830 ⁶⁹
1750 5798 1922 5872 Aprili
1956 5804 2187 5859 maxima
2220 5822 2285 5861 ex
2324 5798 2485 5878 (parte
2516 5811 2827 5883 respondet.
2914 5798 2961 5847 ’δ
2997 5798 3161 5873 [λιιι.⁷
3184 5798 3471 5884 fin-[1'72
