4064 6256
505 370 609 428 519

1369 371 1428 429 S.
1464 372 1865 430 CLEMENTIS
1898 373 1922 429 ι
1952 373 2121 432 BOM.
2155 374 2355 433 ΡΟΝΤ.
2391 375 2617 434 OPEBA
2649 374 2875 431 DUBIA.

3647 378 3756 435 5Ξο

503 494 629 543 ante
658 483 845 551 dictis,
877 485 1217 556 probabilius
1254 470 1471 545 censeri
1500 489 1717 562 διδαχὴν
1744 492 1886 547 inter
1914 498 1968 546 et
2008 490 2084 545 δι·
2111 498 2158 556 Α
2188 493 2375 548 limine
2398 494 3028 568 Conciliorunrponere;
3076 510 3184 566 quo
3223 493 3291 550 de
3333 494 3526 550 ultimo
3565 504 3758 554 auctor

501 578 798 631 δασκαλίαν
827 592 891 633 ac
916 578 1156 643 διάταξιν
1186 581 1323 634 nihil
1361 581 1696 637 intercedere
1720 581 2074 637 discriminis.

574 670 803 740 Reliqua
827 669 895 724 ad
917 669 1352 728 Constitutiones
1383 675 1710 743 apostolicas
1730 674 2076 744 pertinentia,

502 763 589 818 vel
620 763 736 818 visa
768 770 897 817 sunt
938 763 1141 818 leviora
1173 781 1237 819 ac
1270 765 1507 830 tritiora,
1544 767 1628 821 vel
1685 766 1825 820 infra
1855 766 1911 821 in
1941 765 2077 822 locis

504 856 896 921 controversis,
936 856 1354 927 explicabuntur
1386 858 1745 914 commodius.
1784 846 1910 913 Non.
1940 874 2080 929 prte-

503 951 677 1004 teribo
699 957 881 1005 tamen
903 964 1024 1019 qua:
1046 948 1187 1007 inter
1208 950 1493 1005 scribenda
1515 950 1628 1004 haec
1654 950 1839 1005 didici.
1870 948 1911 1005 Ι.
1936 950 2079 1004 Νοιι-

503 1042 654 1096 nulla
718 1042 909 1095 harum
954 1040 1422 1096 Constitutionum
1481 1041 1721 1111 capitula
1770 1042 1962 1097 referri
2020 1042 2077 1096 in

506 1132 773 1202 principio
805 1134 968 1187 trium
995 1132 1385 1188 Collectionum
1417 1146 1686 1187 canonum
1705 1149 1869 1188 manu
1890 1148 2082 1188 exara—

505 1223 820 1294 tarumReg.
842 1223 1100 1279 Biblioth.
1125 1224 1285 1279 unius
1316 1224 1584 1289 Arabica,
1608 1224 1916 1280 Graecarum
1946 1226 2081 1279 alia—

504 1330 648 1371 rum.
679 1314 738 1370 Il.
763 1314 1015 1373 Solemne
1040 1333 1162 1373 esse
1190 1316 1581 1383 Orientalibus,
1606 1317 1793 1373 eadem
1823 1318 2002 1389 capita
2024 1317 2080 1373 in

2185 584 2319 663 mihi
2350 584 2625 639 Abraham
2656 585 3023 643 Eccliellensis
3052 587 3107 641 in
3136 586 3293 642 Notis
3333 588 3400 642 ad
3436 587 3757 659 Catalogum

2186 675 2491 747 Hebedjesu
2523 693 2576 746 p.
2610 677 2734 741 l67,
2782 687 2889 733 etc.
2936 679 3069 732 Nam
3104 679 3171 734 de
3211 685 3378 734 totius
3412 682 3592 750 operis
3618 680 3761 734 Ara-

2181 769 2304 824 bica
2334 769 2583 826 versione
2608 771 2945 840 exploratum
2969 772 3258 838 habebam,
3290 787 3408 826 eam
3437 773 3492 827 in
3514 788 3623 828 non
3649 788 3759 828 una

2184 859 2520 915 Bibliotheca
2566 861 2793 916 servari.
2842 859 2928 927 Ill,
2973 862 3207 931 denique
3256 877 3404 931 spem
3444 861 3585 927 dari,
3633 862 3761 918 Cle-

2184 952 2455 1008 mentinas
2479 952 2894 1008 constitutiones
2923 968 3047 1007 cum
3073 952 3239 1011 variis
3269 954 3637 1023 apostolorum
3664 970 3759 1008 ca-

2179 1043 2417 1098 nonibus
2442 1043 2672 1113 aliisque
2694 1041 3020 1113 EthiOpicis
3047 1044 3268 1114 scriptis
3301 1044 3451 1099 brevi
3495 1046 3550 1098 in
3580 1046 3759 1100 lucem

2180 1132 2518 1204 prodituras,
2545 1150 2676 1189 cura
2703 1142 2757 1189 et
2777 1134 2960 1189 studio
2985 1132 3265 1189 Vanslebii
3294 1132 3583 1190 clarissimi
3608 1134 3759 1191 illius

2199 1226 2399 1297 lingua:
2428 1228 2642 1298 peritia,
2671 1228 2729 1283 in
2749 1226 3172 1283 Praadicatorum
3202 1226 3403 1281 familia
3433 1227 3693 1301 theologi.

1600 1654 2213 1744 FRANCISCI
2294 1652 2562 1743 PAGI

1025 1856 1114 1909 DE
1147 1850 1829 1911 CONSTITUTIONIBUS
1864 1848 1953 1903 ET
1987 1844 2387 1904 CANONIBUS
2418 1844 2866 1901 APOSTOLICIS
2897 1843 3238 1902 JUDICIUM.

932 2009 1045 2080 (Ex
1080 2013 1583 2070 breviarioCestorio
1612 2011 1929 2078 Pontiﬁcum
1962 2007 2341 2070 Romanorum,
2372 2007 2429 2059 in
2466 2005 2586 2059 Vita
2610 2004 2912 2069 Clementis,
2948 2003 2976 2076 ς
3003 2003 3043 2058 ν
3073 2014 3121 2058 et
3143 2008 3308 2077 seqq.)

572 2313 669 2368 Hic
697 2310 889 2384 paucis
920 2308 1187 2379 agendum
1213 2305 1279 2361 de
1297 2303 1792 2361 Constitutionibus
1822 2309 1874 2355 et
1898 2299 2066 2355 Cano-

2176 2315 2348 2371 videri
2374 2313 2586 2369 scribit.
2618 2312 2777 2368 Ratio
2814 2314 3016 2384 prioris
3051 2320 3154 2374 est,
3194 2313 3321 2383 quia
3353 2302 3753 2371 Constantinus

499 2406 662 2461 nibus
691 2403 1060 2475 apostolorum
1091 2400 1310 2453 nomine
1340 2395 1653 2465 inscriptis;
1685 2408 1914 2464 quarum
1942 2392 2077 2444 dua-

499 2512 621 2551 rum
646 2491 1024 2550 collectionum
1072 2489 1229 2544 multi
1270 2495 1548 2541 auctorem
1595 2485 1798 2538 faciunt
1843 2482 1901 2536 S.
1950 2480 2074 2535 Cle-

500 2597 768 2654 mentem;
807 2586 934 2656 quia
965 2582 1095 2637 licet
1128 2580 1299 2637 amba:
1344 2580 1486 2633 inter
1530 2576 1839 2648 apocrypha
1884 2590 2075 2629 recen-

500 2685 743 2740 seantur,
763 2674 1000 2731 Canones
1022 2680 1199 2726 tamen
1228 2668 1587 2738 apostolorum
1614 2666 1771 2732 vulgo
1798 2661 1930 2716 dicti
1959 2660 2075 2715 sin-

497 2769 673 2840 gulari
712 2769 943 2838 quadam
976 2764 1232 2819 Ecclesiae
1274 2761 1567 2815 Primitivaa
1600 2756 1848 2810 doctrina
1886 2750 2071 2807 referti

496 2869 647 2916 sunt.
676 2859 1107 2915 Constitutioncs
1137 2854 1357 2927 quidem
1390 2868 1489 2906 vui
1529 2850 1683 2904 libris
1722 2845 2072 2915 comprehen-

497 2967 588 3008 sas
634 2951 862 3007 Carolus
907 2949 1128 3013 Bovius,
1186 2943 1512 3002 Ostunensis
1559 2940 1869 3010 episcopus,
1926 2949 2071 2989 anno

498 3046 639 3102 1575
666 3046 720 3098 in
747 3046 919 3099 lucem
951 3042 1152 3103 emisit,
1185 3048 1238 3094 et
1264 3053 1295 3093 e
1334 3037 1524 3090 Graeco
1570 3034 1623 3087 in
1658 3031 1911 3085 Latinum
1953 3042 2071 3081 ser-

495 3153 709 3191 monem
742 3135 1039 3190 transtulit.
1067 3133 1171 3186 Eas
1195 3137 1382 3201 postea
1410 3126 1742 3182 Franciscus
1765 3122 2068 3176 Turrianus

495 3227 685 3283 Latine
716 3229 1101 3296 interpretatus
1122 3232 1226 3285 est,
1254 3230 1307 3275 et
1326 3217 1733 3275 commentariis
1754 3211 2065 3269 illustravit.

496 3316 695 3371 Verum
731 3318 920 3369 harum
952 3296 1416 3368 Constitutionum
1449 3318 1636 3363 auctor
1679 3322 1786 3361 non
1824 3312 1909 3360 est.
1947 3302 2067 3357 Cle-

496 3426 651 3465 mens
696 3407 999 3470 Romanus,
1040 3405 1170 3474 quia
1222 3402 1513 3465 Eusebius,
1562 3401 1656 3455 lib.
1689 3414 1771 3463 ιιι,
1809 3414 1857 3454 c.
1892 3397 1979 3459 l5,
2012 3403 2067 3451 et

497 3502 861 3570 Hieronymus
899 3499 970 3552 De
1005 3491 1349 3566 scriptoribus
1378 3489 1744 3547 ecclesiasticis
1766 3534 1782 3558 ,
1825 3503 1949 3542 cum
1998 3486 2066 3542 de

497 3593 718 3662 Scriptis
751 3589 810 3643 ὃ.
848 3586 1143 3643 Clementis
1181 3593 1368 3656 agunt,
1403 3598 1566 3638 unam
1612 3582 1876 3636 duntaxat
1917 3579 2064 3634 illius

2176 2408 2306 2477 imp.
2339 2421 2423 2476 ep.
2457 2405 2491 2458 2
2519 2405 2582 2458 ad
2607 2403 2897 2459 Eusebium
2925 2415 2979 2458 et
3006 2403 3376 2458 Antiochenos
3407 2404 3539 2457 citat
3581 2420 3752 2460 cano—

2175 2514 2297 2553 nem
2331 2498 2415 2560 15,
2446 2512 2513 2551 ex
2540 2510 2648 2565 quo
2670 2495 2901 2557 eruitur,
2932 2508 3026 2550 eos
3052 2508 3287 2549 canones
3319 2502 3445 2548 ante
3472 2493 3746 2550 Nicamam

2175 2590 2444 2660 synodum
2494 2588 2742 2657 cognitos
2794 2585 2980 2641 fuisse.
3030 2585 3137 2640 Eos
3174 2601 3304 2640 vero
3357 2585 3529 2641 fuisse
3566 2595 3751 2657 poste-

2174 2682 2348 2735 riores
2392 2695 2535 2734 anno
2573 2680 2700 2746 258,
2733 2694 2799 2733 ex
2842 2693 2907 2733 eo
2938 2677 3178 2743 deducit,
3213 2680 3355 2748 quod
3398 2677 3750 2734 Firmilianus
3800 2707 3803 2710 ν

2172 2772 2435 2829 Caesareae
2458 2773 2748 2842 epiScopus
2778 2771 2847 2826 iis
2875 2785 3007 2825 usus
3030 2779 3112 2825 est
3138 2770 3203 2822 ad
3239 2770 3572 2840 probandam
3614 2784 3752 2823 con-

2174 2865 2542 2927 suetudinem,
2595 2878 2715 2934 qua:
2765 2863 2983 2933 vigebat
3032 2863 3085 2916 in
3133 2860 3377 2926 Oriente,
3424 2861 3747 2932 repudiandi

2172 2955 2554 3009 haereticorum
2581 2952 2859 3023 baptismi,
2891 2966 3013 3005 cum
3049 2962 3228 3007 tamen
3282 2952 3387 3021 ipsi
3425 2961 3609 3022 aperte
3656 2951 3744 3006 fa-

2172 3054 2378 3101 verent.
2413 3045 2601 3101 Canon
2634 3045 2778 3098 enim
2810 3044 2881 3097 45
2910 3044 2989 3098 sic
3026 3051 3321 3114 conceptus
3343 3051 3426 3100 est
3470 3064 3482 3095 :
3518 3043 3743 3113 Episco-

2167 3155 2291 3208 pum
2330 3138 2407 3192 rel
2450 3137 2829 3207 presbyterum,
2876 3137 2965 3206 qui
2998 3136 3360 3189 Itwreticorum
3405 3134 3743 3205 baptismum,

2169 3232 2247 3284 uel
2273 3231 2600 3298 sacriﬁcium
2632 3229 2927 3289 admiserit,
2963 3228 3150 3296 deponi
3186 3227 3451 3297 jubemus.
3500 3229 3631 3294 Quae
3666 3240 3748 3284 est

2166 3326 2307 3377 enim
2334 3322 2601 3376 conventio
2639 3320 2837 3375 Christi
2883 3337 3000 3372 cum
3036 3319 3251 3374 Belial?
3315 3320 3406 3373 Vel
3454 3336 3568 3390 qua:
3616 3336 3746 3389 pars

2165 3424 2242 3469 est
2268 3413 2413 3482 ﬁdeli
2440 3429 2557 3465 cum
2589 3412 2832 3482 inﬁdeli?
2888 3410 2953 3465 Et
2981 3426 3156 3465 canon
3177 3411 3246 3464 46
3289 3430 3301 3466 :
3338 3409 3623 3479 Episcopus
3664 3414 3747 3466 vel

2164 3503 2432 3575 presbyter
2451 3520 2589 3567 eum,
2630 3504 2721 3573 qui
2750 3519 2863 3556 vere
2890 3501 3041 3555 habet
3077 3502 3415 3571 baptismum,
3445 3503 3492 3556 si
3521 3502 3584 3556 de
3608 3504 3746 3557 inte-

2163 3613 2259 3668 gro
2295 3595 2672 3664 baptizauerit;
2706 3593 2781 3648 vel
2826 3595 2873 3647 si
2909 3610 3046 3662 epm,
3077 3595 3167 3663 qui
3199 3594 3262 3647 ab
3307 3594 3479 3663 impiis
3508 3595 3742 3663 pollutus

496 3682 564 3737 ad
596 3680 908 3738 Corinthios
938 3677 1233 3747 Epistulam
1258 3682 1562 3730 recensent.
1596 3672 1864 3727 Pmterea
1901 3669 2062 3724 Hum-

2168 3700 2264 3754 est,
2294 3707 2398 3743 non
2421 3688 2782 3751 baptizauerit,
2807 3686 3120 3755 deponatur,
3154 3696 3209 3739 ut
3243 3687 3332 3756 qui
3360 3686 3579 3740 irrideat
3599 3704 3743 3740 mor-

496 3780 684 3833 bertus
714 3773 1358 3841 Cardinalis,episcopus
1404 3766 1564 3822 Silva:
1604 3767 1880 3830 Candidze,
1924 3764 2062 3818 Leo-

496 3870 583 3924 nis
603 3868 695 3933 1X,
718 3870 863 3937 apud
893 3862 1403 3932 Constantinopolin
1448 3861 1677 3931 legatus,
1720 3858 1921 3912 Niceta:
1961 3856 2065 3912 Pe-

495 3970 727 4027 ctorato,
744 3958 1207 4013 Constitutionum
1232 3952 1654 4024 apostoiicarum
1675 3950 1795 4004 loca
1816 3948 2062 4018 quaedam

494 4064 684 4111 contra
717 4052 941 4107 Sabbati
967 4049 1257 4118 jejunium,
1289 4043 1589 4114 objicienti,
1639 4042 1725 4098 his
1764 4042 1944 4096 verbis
1976 4057 2060 4096 re-

494 4148 765 4221 spondet:
804 4145 916 4199 IIoc
953 4158 1185 4197 asserere
1216 4140 1423 4195 conaris
1462 4153 1525 4192 ea:
1554 4135 1877 4206 Apocryphis
1912 4134 2060 4188 libris

491 4252 541 4295 et
571 4238 879 4301 canonibus,
911 4237 1030 4305 pari
1064 4232 1322 4287 sententia
1354 4230 1455 4286 SS.
1484 4229 1707 4283 Patrum
1738 4225 2061 4297 repudiatis;

492 4346 545 4393 et
590 4335 750 4405 paulo
781 4339 901 4403 post
940 4351 951 4384 :
989 4327 1133 4382 Unde
1170 4343 1263 4379 nos
1289 4339 1487 4394 quoque
1519 4337 1667 4375 omne
1693 4316 2060 4389 Apocryphum

494 4425 797 4494 abjicientes
825 4420 1172 4487 dedignamur
1206 4414 1391 4468 audire
1427 4428 1607 4467 eorum
1641 4410 1911 4481 fabulosus
1946 4417 2061 4460 tra-

492 4517 737 4577 ditiones,
783 4514 908 4585 quia
966 4527 1070 4565 non
1119 4517 1241 4563 sunt
1284 4516 1341 4559 ut
1384 4505 1466 4559 lea:
1515 4504 1748 4558 Domini.
1789 4500 2064 4556 Citaverat

491 4611 667 4657 autem
692 4600 907 4654 Nicetas
944 4600 1193 4668 quintum
1225 4602 1278 4651 et
1299 4594 1587 4663 septimum
1611 4592 1809 4646 librum
1834 4589 2064 4644 Ordina-

488 4696 722 4756 tionum,
756 4707 852 4747 seu
878 4688 1341 4746 Constitutionum
1366 4685 1810 4756 apostolicarum.
1845 4682 1923 4736 Ex
1957 4697 2063 4752 qua

492 4784 777 4841 Humberti
800 4782 1155 4851 responsione
1183 4777 1533 4833 Christianus
1570 4776 1774 4847 Lupus,
1806 4795 1859 4847 p.
1894 4792 1955 4840 ιι,
1993 4775 2062 4829 ad

489 4879 765 4933 Canonem
793 4892 830 4929 ιε
860 4873 1203 4936 Trullanutn,
1243 4869 1453 4940 colligit
1489 4866 1898 4924 Constitutiones
1940 4868 2061 4921 illas

488 4970 829 5042 apocryphas
849 4982 992 5029 esse,
1026 4965 1193 5020 fuisse
1213 4962 1537 5019 sententiam
1564 4960 1706 5015 sedis
1727 4959 2056 5028 apostolicae,

488 5066 647 5133 cujus
680 5062 1001 5132 legationem
1055 5057 1383 5111 Humbertus
1417 5054 1657 5125 gerebat.
1704 5051 1905 5106 Praeter
1950 5050 2057 5104 Lu-
2090 5075 2134 5129 ι)

488 5172 637 5225 pum,
664 5152 875 5224 legendi
907 5151 1067 5206 etiam
1111 5146 1497 5202 Schelstratius
1535 5146 1587 5198 in
1621 5161 1673 5215 p.
1715 5158 1756 5197 ιι
1792 5143 2052 5213 Antiquit.

501 5246 805 5306 illustratw,
833 5244 1052 5298 dissert.
1078 5242 1133 5304 9.,
1160 5256 1209 5294 c.
1234 5239 1519 5306 2;Natalis
1544 5236 1846 5291 Alexander
1865 5251 1975 5290 sec.
2002 5236 2054 5301 l,

488 5340 705 5409 aliique,
733 5339 825 5407 qui
850 5336 1002 5406 plura
1030 5335 1097 5389 de
1131 5335 1283 5389 hisce
1319 5331 1805 5387 constitutionibus
1830 5329 2050 5383 habent.

556 5430 710 5491 Ouod
748 5428 942 5482 attinet
972 5426 1039 5480 ad
1070 5426 1468 5486 collectionem,
1507 5438 1627 5492 quae
1662 5422 1763 5476 sub
1810 5420 2054 5490 ejusdem

488 5523 781 5578 Clementis
827 5520 1046 5573 nomine
1085 5517 1503 5578 circumfertur,
1554 5516 1647 5585 qui
1683 5513 2053 5583 apostolorum

488 5629 727 5667 canones
751 5626 977 5665 numero
997 5611 1085 5674 85,
1118 5611 1173 5663 in
1203 5626 1370 5665 unum
1403 5624 1601 5678 corpus
1631 5609 1888 5663 collectas
1924 5606 2055 5660 lide-

490 5707 633 5759 libus
656 5704 1005 5774 proposuisse
1034 5703 1371 5771 perhibetur,
1401 5716 1520 5756 eam
1542 5700 1735 5756 Petrus
1772 5700 1840 5755 de
1870 5700 2052 5754 Marca

487 5798 745 5854 Concord.
767 5795 1048 5849 sacerdotii
1067 5805 1113 5846 et
1136 5795 1362 5862 imperii,
1387 5794 1480 5848 lib.
1513 5809 1593 5855 ιιι,
1618 5810 1661 5846 c.
1690 5794 1745 5858 2,
1784 5809 1837 5846 ιι.
1871 5795 1923 5855 5,
1949 5808 2045 5845 an-

484 5902 740 5947 tenorem
767 5887 973 5959 synodo
998 5886 1236 5952 Nicaena,
1259 5886 1352 5941 sed
1378 5885 1731 5955 posteriorem
1770 5901 1911 5940 anno
1938 5885 2043 5942 258

2167 3789 2271 3834 tem
2300 3790 2349 3834 et
2372 3796 2579 3833 crucem
2607 3777 2842 3842 Domini,
2877 3787 2925 3831 et
2956 3794 3058 3831 non
3087 3776 3353 3831 discernat
3383 3778 3676 3832 sacerdotes
3705 3796 3738 3831 a

2165 3871 2318 3940 falsis
2345 3868 2729 3925 sacerdotibus.
2758 3867 2894 3923 Cum
2922 3868 3104 3937 itaque
3123 3865 3474 3921 Firmilianus
3497 3867 3552 3920 in
3573 3867 3733 3937 epist.

2163 3964 2230 4017 ad
2268 3963 2603 4033 Cyprianum
2640 3968 2830 4014 contra
2876 3959 3255 4017 Itazrelicorum
3324 3960 3591 4030 baptisma
3632 3960 3736 4013 mi-

2161 4054 2350 4118 litans,
2381 4054 2833 4109 consuetudinem
2863 4070 2893 4107 a
2934 4053 3208 4124 Stephano
3236 4053 3386 4124 Papa
3432 4055 3729 4120 laudatam,

2162 4145 2304 4215 stylo
2334 4146 2564 4209 acriore,
2593 4161 2754 4216 quam
2790 4147 3074 4216 oportebat
3107 4146 3475 4202 Christianum
3520 4150 3737 4217 episco-

2160 4249 2311 4304 pum,
2344 4234 2621 4304 excipiens
2650 4250 2794 4289 anno
2821 4235 2927 4289 256
2958 4244 3050 4289 aut
3072 4236 3178 4290 257
3204 4253 3312 4306 quo
3341 4254 3459 4292 eam
3489 4239 3735 4309 scripsit,

2175 4339 2415 4379 canones
2467 4325 2755 4394 praidictos
2799 4343 2907 4379 non
2954 4327 3221 4396 allegarit,
3254 4343 3320 4399 ex
3351 4328 3470 4397 ejus
3515 4330 3736 4384 silentio

2161 4418 2416 4486 colligere
2464 4426 2569 4484 est,
2614 4419 2919 4489 incognilos
2962 4435 3025 4475 ea
3066 4428 3223 4475 mtate
3273 4420 3442 4476 fuisse
3496 4436 3736 4477 canones

2163 4510 2512 4578 apostolicos.

2232 4669 2340 4725 Eos
2364 4684 2626 4733 canones,
2659 4678 2783 4737 post
2808 4669 3029 4723 concilii
3057 4668 3263 4724 Nicaeui
3324 4677 3589 4740 tempora,
3625 4681 3731 4725 tam

2164 4763 2221 4817 in
2250 4762 2472 4817 Oriente
2495 4777 2661 4833 quam
2712 4763 2766 4815 in
2824 4761 3138 4827 Occidente,
3170 4763 3312 4832 apud
3342 4763 3732 4836 quosdamt‘a-

2162 4856 2421 4921 tholicos,
2462 4855 2817 4925 prazvalnisse
2852 4852 3025 4925 (varia
3079 4861 3260 4909 tamen
3316 4854 3382 4908 de
3411 4868 3598 4908 eorum
3628 4870 3730 4907 nu-

2163 4966 2313 5005 mero
2346 4948 2584 5019 fortuna)
2610 4950 2736 5004 licet
2765 4949 3023 5019 colligere
3051 4964 3115 5001 ex
3149 4946 3532 5017 antiquissima
3563 4961 3731 5000 cano-

2164 5059 2292 5097 num
2315 5044 2657 5109 collectione,
2685 5057 2806 5111 qua:
2834 5042 3070 5111 primum
3098 5039 3153 5092 in
3201 5036 3421 5094 Oriente
3464 5054 3493 5092 a
3525 5038 3727 5095 Graecis

2163 5132 2264 5186 fuit
2305 5131 2585 5196 confecta,
2640 5139 2693 5186 et
2753 5141 2879 5187 ante
2924 5138 3170 5201 tempora
3199 5129 3464 5201 ,Dionysii
3534 5128 3725 5201 Exigui

2160 5225 2389 5280 exstitit.
2428 5223 2582 5279 Unde
2627 5224 2774 5294 quod
2812 5222 3058 5280 Gelasius
3085 5237 3223 5293 papa
3253 5224 3307 5276 in
3342 5221 3582 5277 Romana
3621 5238 3724 5277 ιη

2161 5318 2539 5387 episcoporum
2571 5317 2779 5387 synodo
2800 5316 3178 5385 posuit:Liber
3216 5331 3475 5369 canonum
3516 5325 3724 5385 aposto—

2164 5408 2387 5461 licorum
2421 5407 2779 5477 apocryphus.
2834 5407 3120 5461 commodo
3148 5420 3314 5462 sensu
3346 5406 3495 5462 venit
3525 5406 3721 5459 intelli-

2163 5494 2417 5564 gendum.
2464 5494 2829 5563 Praeterquam
2886 5495 3028 5548 enim
3077 5495 3221 5564 quod
3271 5495 3385 5549 haec
3416 5496 3583 5550 verba
3611 5511 3719 5551 non

2158 5586 2429 5639 habentur
2459 5586 2513 5639 in
2536 5587 2657 5641 cod.
2688 5584 2900 5639 Justelli
2918 5626 2933 5650 ,
2964 5587 3070 5642 diei
3095 5595 3273 5657 potest
3306 5587 3360 5641 id
3389 5602 3419 5640 a
3440 5587 3586 5658 Papa
3615 5587 3719 5642 Ge-

2158 5678 2293 5732 lasic
2325 5677 2549 5740 dictum,
2578 5678 2705 5747 quia
2745 5677 2798 5731 hi
2820 5692 3058 5734 canones
3088 5686 3355 5734 non’sunt
3386 5680 3455 5734 ab
3502 5686 3719 5751 aposto-

2160 5770 2249 5832 lis,
2279 5769 2375 5824 sed
2407 5770 2475 5823 ab
2500 5769 2625 5823 aliis
2680 5768 2915 5832 collecti,
2952 5770 3095 5830 unde
3143 5780 3287 5825 recte
3320 5769 3501 5824 Marca
3532 5770 3719 5825 lauda-

2156 5869 2246 5917 tus
2271 5878 2421 5916 num.
2455 5862 2485 5914 7
2519 5880 2532 5915 :
2571 5861 2741 5915 ναι-ίαν
2791 5872 2911 5915 sunt
2967 5862 3161 5916 classes
3199 5862 3611 5931 apocrypltorum
3663 5864 3715 5915 in
