2032 3128
171 161 217 190 εει

586 166 882 198 CONSTlTUTlONES
900 170 1136 201 APOSTOLIClE.
1152 190 1186 194 —
1205 174 1387 207 ΡκθυεΜιΑ.

1729 182 1781 210 59']

172 220 276 249 Notitia
296 220 409 273 Gelasii,
436 230 464 251 ut
489 225 659 254 observarunt
681 229 730 256 viri
750 229 865 262 eruditi,
890 238 949 258 cum
965 233 987 262 Α
1002 232 1121 267 synodos
1150 234 1326 270 approbante,
1350 239 1378 264 et
1399 236 1499 271 ubique
1532 236 1590 265 iere
1621 238 1780 273 recipimus.

169 272 340 296 mtaan
364 268 489 305 ﬁgmenta
513 271 696 300 hereticorum
719 275 822 302 veniant
845 276 872 303 in
882 276 951 303 hunc

169 318 284 346 unum,
299 313 347 341 sed
361 315 441 342 etiam
468 316 603 349 Opuscula
619 323 802 352 troclatorum,
819 320 846 347 in
857 321 950 356 quibus

168 363 228 384 sunt
252 359 320 386 me;
342 360 460 395 quidam.
487 362 543 390 Nec
567 364 621 392 alio
646 366 772 400 exemplo
797 366 950 401 indigemus

168 409 247 438 quam
263 404 373 434 Eusebii
387 406 517 441 Historia,
533 417 613 444 quam
633 411 797 447 apocrypbis
823 416 949 440 accenset

167 450 302 483 Gelasius,
326 459 388 479 cum
412 456 501 481 tamen
516 455 598 489 paulo
615 460 694 483 antea
722 465 782 484 eam
797 458 950 493 suscipien-

165 498 227 526 dam
242 499 402 534 statuisset;
418 503 501 536 quod,
517 502 656 535 nimirum,
669 504 733 531 velit
749 504 798 532 hos
814 504 950 533 Historia-

165 552 224 572 rum
238 545 325 574 libros
339 547 423 574 mevis
447 548 610 582 quibusdam
626 550 782 584 pcrmistos,
812 551 882 583 licet,
906 552 948 579 in-

164 590 233 625 quit,
248 596 355 626 propter
380 600 469 619 rerum
493 594 615 620 notitiam
641 595 812 630 singularem,
836 605 894 630 quae
911 597 947 623 ad

163 636 362 663 instructionem
381 638 528 672 pertinent,
558 647 739 675 usquequaque
760 649 811 667 non
834 641 946 669 dicimur

163 681 318 708 renuendos.
334 681 418 714 Idem,
435 683 523 718 inquit
535 683 732 713 Schelstratius
748 686 874 714 laudatus
883 693 943 722 cap.

165 726 190 759 ί,
201 726 347 754 dicendum
367 727 401 755 de
417 729 576 757 Canonibns
599 731 796 765 apostolorum,
813 732 945 767 singulari

163 772 279 807 quadam
297 772 426 801 Ecclesia:
452 775 598 809 primitivas
612 775 735 803 doctrina
752 775 869 809 refertis,
882 777 946 804 licet

162 818 282 850 aliunde,
293 819 329 848 ob
336 823 426 848 certos
440 828 542 853 natvos,
556 821 627 848 inter
638 822 791 858 apocrypha
805 829 820 848 a
836 822 944 851 Gelasio

162 865 313 893 recensitis.

192 909 285 946 Neque
300 911 336 938 ab
363 912 495 946 antiquis,
521 916 578 939 tam
602 911 706 951 Grecis
734 920 816 948 quam
833 913 940 942 Latinis

160 956 350 990 scriptoribus,
365 958 458 985 subdit
470 958 541 985 idem
556 958 763 991 Schelstratius,
777 958 805 986 hi
822 967 942 988 canones

160 1001 236 1030 fuere
250 1003 356 1037 rejecti,
373 1007 402 1030 ut
422 1008 498 1039 patet
514 1011 548 1032 ex
562 1012 578 1031 ι.
593 1005 746 1032 canonibus
760 1005 862 1040 ubique
876 1006 940 1033 olim

159 1049 286 1084 receptis,
301 1053 328 1076 et
342 1050 486 1078 conllrmat
501 1055 562 1086 post
586 1051 723 1078 Gelasium
739 1051 864 1079 collectio
875 1051 941 1078 Dio-

158 1093 227 1129 nysii
249 1093 357 1130 Exlgui.
372 1094 436 1122 Post
463 1095 623 1131 Dionysium
647 1095 825 1128 Cresconius,
848 1097 942 1125 nescio

158 1140 236 1175 cujus
250 1141 370 1169 civitatis
391 1141 419 1168 in
430 1141 521 1169 Alrica
538 1142 693 1177 episcopus.
715 1143 762 1177 qui
783 1142 811 1170 in
823 1150 874 1171 sua
884 1144 941 1171 col-

157 1185 282 1219 leuique,
297 1194 385 1222 usque
399 1188 432 1215 ad
447 1195 463 1215 ι.
481 1194 600 1216 canones
616 1190 799 1224 apostolorum
829 1197 942 1218 enume-

157 1236 198 1260 rat
211 1235 239 1260 et
255 1233 289 1260 ad
299 1234 395 1261 titulos
421 1241 488 1262 suos
511 1235 730 1270 comprobandos
743 1236 864 1264 adducit.
882 1235 940 1263 hle-

159 1278 237 1305 minit
247 1282 275 1306 et
292 1278 454 1307 Anastasius
469 1279 696 1308 Bibliothecarius
712 1282 845 1316 Stephani
863 1288 941 1317 papa

157 1324 201 1358 IV,
218 1333 268 1353 seu
280 1326 372 1361 potius
386 1325 429 1359 IIl,
443 1327 490 1361 qui
504 1326 531 1353 in
542 1327 640 1362 synod.
664 1327 854 1359 Lateranensi,
867 1335 940 1355 anno

157 1371 222 1403 769,
234 1372 331 1399 statuit
360 1371 463 1400 action.
479 1371 513 1400 IV
527 1381 534 1400 τ
552 1372 614 1400 Non
628 1374 744 1406 amplius
760 1374 940 1408 suscipiantur

158 1418 344 1452 Apostolorum
357 1418 475 1453 prolata,
490 1426 535 1453 per
549 1418 578 1446 S.
598 1418 772 1451 Clementem,
794 1420 846 1447 nisi
861 1426 878 1448 ι.
892 1428 939 1447 ca-

154 1464 219 1497 pita,
234 1471 294 1499 quis
308 1464 423 1499 suscepit
435 1470 529 1492 sancta
544 1464 593 1492 Dei
616 1465 745 1492 catholica
760 1464 880 1493 Rantona
888 1465 939 1493 Ec-

154 1510 244 1538 clesia.
259 1509 414 1538 Publicavit
429 1511 480 1538 hoc
500 1511 647 1539 concilium
666 1512 822 1540 Holstenius
835 1516 863 1540 et
877 1512 939 1540 lau-

1036 279 1071 305 At
1086 279 1168 308 latius
1188 288 1248 309 sese
1260 282 1382 309 extendit
1406 281 1525 310 Orientis
1550 283 1683 317 Ecclesia,
1694 284 1724 312 in
1737 292 1783 313 ro-

1000 324 1134 360 cipiendis
1153 327 1342 362 apostolorum
1353 328 1595 363 canonibus,quos
1613 335 1712 364 Lxuv,
1725 336 1791 357 om-'

999 371 1075 398 nium
1091 372 1195 407 primus
1212 381 1270 401 sua:
1284 380 1300 401 ι.
1327 374 1473 402 titulorum
1487 374 1649 402 collectioni
1666 374 1781 403 inseruit

997 415 1116 445 Joannes
1129 417 1325 454 Scholasticus,
1340 423 1371 448 ut
1389 424 1466 448 notat
1479 419 1611 448 Justellus
1626 421 1655 448 in
1670 419 1780 449 Prtelat.

998 462 1032 490 ad
1046 466 1114 491 tom.
1131 463 1154 490 Ii
1176 464 1302 493 Biblioth.
1321 465 1397 494 luris
1416 465 1550 497 canonici,
1573 469 1601 494 et
1614 465 1686 494 idem
1695 466 1781 494 Joan-

998 515 1047 536 nes
1075 509 1252 537 Antiocheam
1280 507 1410 537 Ecclesiae
1431 511 1593 546 presbyter,
1621 517 1655 539 ea
1684 511 1782 540 ordine

998 552 1230 582 Scholasicorum
1245 555 1292 590 qui
1308 556 1336 582 in
1352 555 1509 591 praefatione
1523 556 1582 584 ait:
1609 556 1660 585 SS.
1673 557 1782 586 Domini

996 600 1119 634 discipuli
1137 605 1163 628 et
1179 601 1293 635 apostoli
1307 609 1396 629 uxxv
1410 610 1533 636 canones,
1548 602 1689 631 Clementia
1702 612 1781 639 opera

995 646 1143 674 ediderunt.
1159 646 1224 679 Eos,
1246 652 1309 683 post
1323 647 1394 676 hanc
1407 648 1522 677 Joannis
1536 649 1724 678 collectionem
1737 658 1783 679 re-

995 692 1067 727 cepit
1083 696 1110 719 ct
1123 693 1248 728 probavit
1262 694 1384 730 synodos
1400 693 1540 727 Trullana,
1555 702 1618 722 can.
1633 693 1661 727 I,
1677 699 1704 723 et
1718 700 1780 731 post

995 745 1054 764 eam
1071 738 1193 774 synodus
1207 739 1344 774 generalis
1357 740 1384 772 '1,
1398 747 1458 775 quae
1472 741 1579 768 actione
1593 741 1620 772 Ι,
1638 742 1780 769 consensit

994 790 1009 810 e
1031 782 1198 814 Bibliotheca
1228 785 1389 819 patriarch
1420 785 1698 822 Constantinopoleos
1722 791 1779 814 tam

993 836 1128 856 canonum
1144 828 1195 858 SS.
1213 831 1417 865 apostolorum,
1437 840 1519 868 quam
1543 831 1593 859 SS.
1611 832 1778 868 synodorum

994 873 1080 901 libros
1095 874 1122 901 in
1139 874 1259 902 medium
1286 875 1396 903 aﬂ‘erri:
1414 876 1447 903 Et
1481 878 1601 904 notarius
1623 878 1783 906 miserabilis

999 920 1156 955 patriarchii
1169 920 1247 956 legit:
1257 919 1349 948 Conon
1364 921 1416 950 SS.
1426 922 1613 958 Apostolorum
1627 931 1676 951 ιιιι
1691 925 1775 960 (nunc

991 964 1052 1000 ιιι).
1065 964 1097 993 Si
1110 965 1168 1000 quis
1190 965 1326 1001 presbyter
1351 974 1421 998 eum,
1439 969 1484 1003 qui
1506 969 1695 996 convertitura
1717 977 1777 1004 pec-

991 1016 1060 1044 cato,
1072 1019 1123 1038 non
1139 1013 1295 1047 susceperit,
1317 1012 1363 1039 sed
1387 1013 1522 1048 abjecerit,
1548 1014 1705 1049 deponatur,
1720 1020 1764 1043 etc

992 1056 1084 1092 Usque
1100 1057 1132 1084 ad
1148 1065 1252 1089 un”,
1269 1063 1393 1087 recenset
1418 1059 1532 1088 Alexius
1548 1060 1706 1093 Aristenus,
1723 1060 1776 1088 Ec.

991 1102 1080 1130 etesiae
1100 1102 1407 1138 Constantinopolitanae
1429 1104 1560 1132 diaconus
1572 1125 1581 1139 ,
1600 1106 1631 1134 in
1659 1105 1772 1141 θακονεί

991 1156 1130 1180 canonum,
1147 1156 1208 1183 quae
1227 1148 1344 1183 primum
1365 1149 1504 1184 publicata
1524 1155 1566 1178 est
1589 1155 1656 1180 tom.
1680 1151 1700 1179 ΙΙ
1721 1151 1770 1178 Bi-

989 1193 1082 1221 blioth.
1097 1193 1172 1221 luris
1188 1194 1325 1227 Canonici,
1342 1194 1389 1222 ubi
1411 1199 1473 1230 post
1491 1196 1647 1224 Aristenum
1671 1197 1772 1225 subae-

991 1239 1073 1266 ctitur
1088 1239 1207 1274 Epitonte
1228 1247 1357 1267 canonum
1381 1240 1516 1269 Simeonis
1532 1241 1652 1278 Magistri
1668 1249 1696 1270 et
1717 1242 1772 1270 Lo-

990 1283 1114 1318 gothette,
1133 1284 1161 1311 in
1184 1291 1237 1318 qua
1260 1284 1422 1312 exhibentur
1439 1293 1560 1314 canones
1585 1288 1781 1322 apostolorum.

990 1334 1093 1356 Luxu.
1117 1328 1293 1356 Subnectitur
1315 1333 1342 1357 et
1363 1328 1490 1364 Syuopsis
1512 1339 1643 1358 canonum
1668 1332 1770 1360 Artenii

990 1373 1114 1401 monachi
1125 1392 1132 1405 .
1145 1373 1193 1409 qui
1213 1374 1249 1401 ad
1269 1382 1329 1409 cap.
1346 1375 1374 1407 4,
1393 1376 1486 1404 subdit
1501 1385 1508 1404 :
1527 1376 1578 1404 SS.
1592 1378 1770 1412 apostolorum

989 1426 1100 1447 canona
1120 1426 1219 1453 uxxv,
1238 1424 1266 1447 et
1289 1421 1358 1448 alios
1373 1423 1558 1456 apostolorum
1576 1430 1695 1452 canones
1709 1432 1772 1459 pas~

989 1465 1042 1493 sim
1068 1466 1177 1494 exhibet
1207 1471 1237 1493 ut
1262 1474 1350 1494 unv
1369 1475 1489 1497 canones
1513 1469 1548 1496 ab
1574 1477 1609 1497 eo
1636 1470 1771 1498 admissos

989 1514 1111 1543 constet;
1127 1518 1197 1545 quos
1211 1515 1238 1538 et
1249 1511 1308 1544 diu,
1322 1516 1387 1540 ante
1401 1512 1462 1540 illos
1478 1513 1646 1547 collectores,
1661 1514 1772 1543 admisit

153 1556 244 1584 datam
260 1564 294 1584 ea
308 1565 341 1585 eo
354 1557 521 1585 decisionem
535 1557 678 1585 conﬁrmat
691 1557 857 1585 Ilumbertus
868 1557 938 1585 ιιθοε
950 1564 973 1594 c
989 1552 1118 1587 Ριὶυιὶυει
1138 1555 1165 1582 in
1194 1554 1396 1591 Nomocanotw,
1421 1558 1454 1585 ad
1480 1565 1560 1594 quem
1577 1559 1649 1588 edita
1673 1559 1771 1595 pratia-

153 1603 196 1636 nij
209 1602 245 1630 IX
259 1603 378 1638 legatus,
404 1603 431 1630 in
447 1604 624 1639 responsione
651 1603 685 1630 ad
701 1603 800 1631 librum
823 1603 936 1636 Nicetes,

154 1649 304 1684 presbyteri
333 1653 361 1676 et
384 1648 522 1681 monachi,
551 1653 646 1676 contra
673 1647 786 1677 Latinos
808 1649 936 1678 editum:

154 1692 294 1721 Clementis
306 1694 413 1727 librum,
429 1694 456 1720 id
467 1698 507 1721 ut
533 1693 608 1720 Petri
623 1693 738 1728 apostoli
757 1692 939 1732 ,Itinerarium

151 1741 177 1763 et
188 1738 382 1774 Apostolorum
394 1745 516 1766 canones
532 1742 670 1773 numerant
684 1737 780 1765 Patres
790 1738 858 1765 inter
871 1747 936 1773 apo-

151 1782 267 1817 erypha,
305 1783 418 1817 exceptis
447 1790 463 1809 ι.
497 1783 640 1818 capitulis,
679 1791 737 1818 quce
767 1783 935 1811 decreverant

151 1828 305 1855 orthodoxa
340 1829 403 1862 ﬁdei
441 1828 617 1863 adjungenda.
648 1829 681 1856 Et
722 1829 780 1856 haec
825 1830 934 1864 quidem

148 1873 184 1901 de
207 1872 329 1901 Ecclesia
354 1873 521 1903 Occidentali
549 1875 781 1909 L.apOstoIdrum
814 1882 934 1904 canones

149 1927 217 1951 non.
232 1920 414 1956 improbante,
446 1921 494 1949 sed
523 1921 632 1948 demum
659 1928 707 1955 per
740 1920 886 1955 pontiﬁces
905 1927 957 1950 et.

988 1599 1073 1631 tione,
1088 1600 1183 1628 scribit
1197 1611 1203 1628 :
1219 1601 1348 1636 Canones,
1363 1604 1408 1638 qui
1423 1603 1473 1632 SS.
1488 1605 1667 1640 apostolorum
1679 1605 1773 1633 dicun-

991 1649 1044 1678 tur,
1060 1643 1201 1675 Clementis
1222 1657 1299 1682 opera
1316 1649 1418 1677 collecti
1439 1658 1537 1679 Luxv.
1561 1650 1594 1679 Et
1617 1650 1718 1688 quibus
1733 1652 1773 1679 vi-

985 1693 1052 1722 dere
1065 1694 1130 1722 licet
1142 1693 1295 1723 Orientales
1306 1695 1408 1731 passim
1420 1701 1517 1722 omnes
1536 1701 1625 1723 uuv
1648 1701 1768 1721 canones

984 1739 1142 1773 admisisse,
1172 1740 1219 1775 qui
1234 1740 1269 1768 de
1294 1740 1377 1772 facto,
1391 1744 1455 1776 post
1467 1740 1607 1769 decretum
1634 1740 1769 1773 Gratiani,

985 1784 1064 1818 jussu
1095 1779 1218 1820 Gregorii
1245 1779 1305 1813 XIII
1333 1786 1447 1818 editum,
1474 1786 1658 1821 reperiuntur,
1689 1784 1728 1812 uti
1745 1789 1772 1812 et

986 1831 1088 1864 passim
1104 1830 1130 1857 in
1146 1830 1275 1858 omnibus
1293 1830 1480 1859 Conciliorum
1496 1831 1674 1859 editionibus.
1691 1829 1772 1857 Plura

988 1874 1183 1905 Schelstratius
1198 1877 1325 1905 laudatus
1351 1882 1379 1906 et
1403 1877 1507 1905 Natalis
1522 1876 1677 1904 Alexander
1701 1875 1769 1902 diss.

986 1922 1030 1954 I7,
1051 1923 1143 1951 saeculi
1161 1933 1169 1953 ι
1197 1923 1334 1953 Ecclesiae.

151 2039 1754 2054 F——--——-——-———_-n—_—————-———

427 2143 499 2193 IN
528 2140 1055 2198 CON‘STITUTIONES
1089 2146 1492 2194 APOSTOLICAS

465 2237 468 2241 ’
558 2241 798 2273 ADNOTATIO
817 2241 977 2275 CRITICA
992 2242 1043 2274 ΕΤ
1066 2242 1399 2279 CHRONOLOGICA.

531 2320 639 2359 (ΜΑκει,
669 2321 786 2356 Concil.,
812 2322 834 2356 I,
862 2323 938 2357 254;
967 2322 1120 2359 Florentiae,
1137 2324 1218 2358 1750,
1244 2325 1273 2352 in
1307 2322 1397 2358 folio.)

154 2400 161 2409 ⁸
173 2404 408 2439 Constitutiones,
429 2411 498 2441 quas
520 2409 619 2433 vocant
645 2404 811 2441 apostolicas
821 2426 830 2440 ,
853 2409 925 2441 opus
943 2409 966 2437 Ι)
981 2406 1073 2442 populi
1092 2406 1234 2442 promissa
1243 2406 1444 2438 tantummodo,
1460 2408 1488 2434 et
1501 2408 1599 2440 sponte
1612 2403 1765 2438 otl‘erenda,

140 2459 203 2480 esse
217 2451 353 2487 spur-ium,
364 2451 399 2479 ab
411 2451 456 2484 iis,
468 2450 569 2487 quibus
582 2451 769 2485 ascribuntur,
783 2453 926 2487 apostolis,

141 2496 198 2525 tum
213 2502 242 2525 et
256 2497 291 2524 ab
307 2496 367 2533 ipsa
381 2497 567 2533 apostolorum
582 2501 662 2526 aetate
673 2498 783 2533 penitus
794 2498 925 2531 alienum,

141 2550 221 2571 nemo
234 2543 377 2579 theologus
389 2543 472 2571 modo
486 2543 593 2579 ignorat
609 2544 652 2571 vel
669 2544 808 2572 dillitetur.
821 2544 927 2576 Quibus

141 2589 183 2617 vel
204 2589 351 2617 silentibus
365 2589 408 2618 vel
424 2589 674 2623 dissimulantibus,
691 2598 736 2618 res
755 2595 845 2619 tamen
867 2590 926 2626 ipsa

139 2644 190 2672 per
204 2644 234 2664 se
248 2636 415 2672 loqueretur,
430 2644 493 2665 cum
508 2636 600 2673 operis
615 2636 689 2665 illius
703 2641 800 2665 auctor
816 2637 927 2673 ineptus

139 2682 176 2710 sit
193 2683 263 2710 adeo
281 2682 428 2715 interdum,
453 2687 484 2711 ut
505 2683 540 2710 ab
561 2683 758 2718 apostolorum,
779 2690 861 2718 quam
883 2682 926 2710 af-

77 2739 83 2746 π
139 2728 240 2760 ﬂectat.
265 2730 400 2765 gravitate
421 2736 452 2757 se
473 2728 583 2764 penitus
604 2729 765 2764 degenerem
784 2728 921 2757 ostendat.

138 2774 263 2803 Celebris
274 2780 318 2803 est
330 2776 492 2808 similitudo,
506 2784 560 2812 qua
572 2775 625 2804 Deo
636 2775 722 2808 Patri,
735 2775 815 2808 Filio,
827 2779 854 2804 et
865 2775 925 2810 Spi-

138 2820 203 2847 ritui
221 2825 317 2849 sancto
336 2823 505 2858 episcopum,
528 2822 717 2858 presbyterum
733 2825 760 2849 et
777 2820 923 2849 diaconum

138 2873 281 2903 comparat
305 2867 353 2895 lib.
372 2876 403 2901 II,
419 2876 478 2904 cap.
495 2868 542 2897 26.
561 2868 616 2897 Nec
637 2868 729 2896 minus
747 2868 843 2904 ineptit
859 2875 922 2896 cum

140 2912 186 2941 lib.
201 2921 239 2946 τι,
257 2921 319 2948 cap.
341 2914 387 2947 20,
403 2922 493 2943 vetera
509 2915 643 2942 sacriﬁcia
666 2920 729 2942 ante
741 2915 921 2943 idololatrian!

231 2961 371 2990 Pn‘nOL.
395 2962 452 2991 (in.
470 2962 480 2990 l

980 2453 1027 2481 sed
1042 2454 1141 2489 popqu
1154 2453 1264 2481 demum
1292 2453 1322 2481 in
1343 2453 1448 2481 crimen
1469 2452 1597 2489 prolapso
1608 2470 1617 2484 ,
1637 2454 1668 2479 ut
1679 2451 1767 2480 sacri-

980 2499 1049 2527 liciis
1078 2507 1179 2527 numen
1210 2503 1370 2534 agnosceret
1398 2498 1459 2534 lege
1490 2497 1644 2532 injunctuln
1678 2495 1765 2534 fuisse

979 2546 1084 2574 statuit.
1102 2544 1240 2573 Privatam
1263 2545 1395 2573 ultionem
1418 2551 1467 2579 per
1487 2551 1518 2572 se
1531 2542 1642 2579 quidem
1658 2542 1763 2578 justam

979 2593 1113 2629 agnoscit,
1129 2600 1211 2628 quam
1228 2591 1289 2620 ideo
1303 2592 1390 2620 vetuit
1401 2590 1485 2624 Deus,
1500 2590 1548 2623 ait,
1564 2597 1597 2617 eo
1609 2589 1684 2625 quod
1697 2588 1764 2616 tale.

980 2641 1095 2667 rantiam
1138 2638 1243 2666 ultione
1259 2638 1471 2673 pronuntiarem
1491 2636 1633 2671 agnoverit
1654 2635 1702 2666 lib,
1715 2642 1764 2670 vt,

966 2691 1036 2719 acap.
1050 2685 1096 2712 23.
1111 2683 1140 2711 Si
1152 2684 1313 2719 scriptorem
1329 2684 1402 2713 hunc
1415 2682 1529 2717 audias,
1545 2681 1674 2709 Afrorum
1692 2688 1770 2711 ατη-λ

976 2730 1093 2758 suetudo
1115 2729 1150 2758 de
1172 2729 1375 2765 rebaptizandis
1401 2728 1547 2761 haereticis,
1572 2727 1760 2756 Romanorum

934 2775 937 2781 '
976 2775 1130 2811 disciplina,
1157 2783 1218 2811 qua
1238 2780 1439 2806 sacramentum
1462 2774 1530 2803 Illud
1555 2781 1572 2803 a
1594 2780 1770 2810 quocunque.

975 2822 1084 2850 tandem
1105 2821 1233 2850 collatum
1260 2822 1378 2849 admittit
1393 2826 1422 2850 et
1441 2821 1566 2857 suscipit,
1586 2823 1664 2849 tanto
1690 2826 1760 2855 pro-

975 2869 1092 2897 stantior
1105 2872 1157 2902 est,
1169 2872 1275 2904 quanto
1287 2868 1390 2896 veritas
1403 2874 1527 2897 errorem
1541 2867 1681 2903 praeedit.
1691 2865 1760 2894 Vide

975 2916 1023 2943 lib.
1038 2924 1076 2950 vt,
1089 2924 1149 2953 cap.
1163 2916 1207 2944 I5.
1220 2915 1338 2944 Aitatem
1351 2916 1433 2944 etiam
1446 2915 1531 2944 multo
1541 2923 1598 2951 pra
1608 2913 1758 2950 apostolica

1571 2962 1607 2992 Π
