2032 3128
254 145 307 172 525

696 145 723 172 S.
740 144 938 172 CLEMENTIS
955 144 963 170 Ι
981 143 1064 172 ROM.

1083 144 1183 172 PONT.
1202 144 1313 171 OPERA
1334 143 1448 171 DUIilA.
1821 144 1875 171 5%

254 202 433 230 recentiorem
449 202 539 238 prodit
554 203 726 231 consuetudo
743 203 788 229 illa
802 202 967 237 templorum
983 201 1040 228 ritu
1052 204 1076 233 Α
1090 201 1141 234 dit,
1160 209 1189 229 se
1212 200 1325 229 deﬁnire
1349 201 1418 228 nihil
1444 208 1585 231 ausurum,
1613 207 1675 227 cum
1695 194 1818 228 Romani
1839 202 1874 229 ad

250 248 417 280 Christianis
440 250 571 284 peculiari
590 250 784 283 excitatorum,
809 249 890 282 cujus
914 248 1038 275 meminit

250 297 346 320 auctor
360 294 406 321 lib.
424 302 458 326 il,
474 302 535 330 cap.
555 295 599 323 57.
622 295 735 330 Templa
753 296 825 322 enim
842 303 857 322 a
872 294 1038 322 Christianis

249 339 350 367 saeculo
360 340 470 367 demum
481 341 603 368 secundo
619 342 737 376 primum
752 341 819 376 erigi
836 341 956 376 cmpisse
969 341 1037 368 mihi

247 385 394 413 admodum
410 387 554 420 probatur.
568 386 637 414 Cum
649 388 797 423 episcopos
813 388 846 415 ad
861 388 953 415 varias
961 386 1037 415 orbis

247 433 379 460 ecclesias
393 432 545 461 destinatos
561 438 695 465 recenset,
710 441 758 461 eos
770 438 975 464 commemorat,
988 433 1036 467 qui

247 479 296 506 diu
312 483 374 514 post
385 480 524 515 apostolos
539 480 678 507 vixerunt.
695 479 763 507 Vide
780 480 828 508 lib.
845 488 896 513 vn,
915 487 976 515 cap.
989 480 1035 509 47.

248 524 320 558 Quin
344 529 371 553 et
385 525 530 561 scriptoris
545 526 619 553 illius
636 530 716 554 atate
739 525 862 553 Ecclesia
877 526 979 553 Christi
995 531 1038 554 to.

248 575 305 598 tum
318 579 366 606 per
380 572 473 600 orbem
486 571 597 605 dili‘usa,
611 572 751 599 catholicae
764 579 863 599 nomen
875 572 928 599 sibi
938 572 1035 599 merito

247 617 414 649 vindicabat,
428 625 483 652 quo
497 617 571 645 illam
585 618 675 653 elogio
688 617 760 645 idem
776 622 873 645 auctor
884 625 938 645 non
950 617 1035 645 semel

247 667 359 691 mactat.
374 663 404 691 Id
424 671 488 691 vero
504 671 586 699 quam
600 663 738 691 immerito
752 663 927 696 deEcclesia,
945 663 1035 699 qualis

247 714 306 736 erat
318 710 503 745 apostolorum
519 713 597 737 aztate
612 709 803 742 atiirmaretur,
821 717 901 737 nemo
920 717 976 736 non
992 709 1034 736 in-

246 756 355 791 telligit.
378 755 417 783 Es
441 756 485 784 his
504 756 632 784 omnibus
653 756 797 791 probatum
819 756 939 783 arbitror
955 756 1034 783 lucu-

246 801 399 830 brationem
421 802 491 830 hanc
513 803 699 838 apostolorum
716 805 823 831 aetatem
848 809 899 830 nec
919 810 1032 837 sapere,

247 856 298 875 nec
312 848 449 884 praeferre.

284 895 316 921 At
334 895 414 929 cujus
429 895 536 922 demum
555 895 644 923 aetatis
657 902 725 929 opus
745 894 811 922 illud
825 894 1032 930 judicaremus?

245 940 298 967 Alii
324 941 403 968 aliter
416 941 537 975 sapiunt.
563 940 618 976 Ego
633 948 698 969 vero
721 948 782 968 cum
808 941 835 968 in
858 941 907 969 lib.
925 949 944 973 I,
967 949 1029 976 cap.

245 986 292 1017 23,
307 990 374 1018 etc..
397 986 466 1014 adeo
487 987 582 1015 multis
606 987 824 1015 commendatam
846 988 958 1022 legerim
972 988 1031 1023 epi-

246 1033 338 1067 scopis
358 1041 425 1068 erga
443 1033 638 1068 resipiscentes
661 1033 754 1061 ﬁdeles
777 1034 982 1069 benignitatem,
1004 1038 1031 1062 et

245 1079 431 1112 clementiam;
449 1087 510 1106 cum
525 1083 621 1107 omnes
635 1080 826 1116 cujuscunque
849 1080 957 1107 tandem
976 1081 1030 1108 cri-

245 1124 328 1152 minis
343 1132 416 1157 reos,
432 1125 587 1153 idololatria
608 1126 718 1161 quidem
737 1131 861 1162 excepta,
886 1127 919 1154 ad
941 1127 1030 1161 pumi-

245 1170 359 1197 tentiam
376 1176 404 1198 et
425 1178 521 1206 pacem
532 1192 538 1202 ,
557 1172 691 1206 siquidem
706 1173 814 1200 veniam
838 1173 1029 1208 poposcerint,

245 1215 351 1243 admitti
365 1226 372 1244 :
387 1218 505 1251 scriptor
519 1218 565 1245 ille
579 1219 706 1252 mandet;
723 1219 750 1246 id
770 1226 820 1254 ego
839 1218 948 1254 quidem
963 1227 1030 1247 con-

244 1267 285 1289 tra
309 1262 488 1291 Montanistas
508 1264 611 1291 dictum
629 1265 765 1300 suspicor,
782 1273 898 1301 quorum
917 1265 1029 1294 haeresis

245 1308 346 1336 mcqu
369 1309 478 1337 labente
502 1311 624 1338 secundo
646 1312 768 1339 emersit.
792 1311 831 1338 Ex
855 1319 910 1347 quo
931 1312 1028 1340 conﬁci

243 1362 324 1389 posse
351 1362 452 1383 censeo
471 1356 687 1384 lucubrationem
719 1358 790 1385 hanc
823 1358 922 1386 sarculo
949 1359 1029 1386 tertio

243 1400 357 1434 procudi
374 1402 453 1429 facile
467 1403 601 1437 potuisse.
624 1403 677 1430 Sed
695 1408 723 1431 et
745 1404 834 1431 medio
847 1405 957 1432 circiter
978 1412 1029 1432 sae-

242 1447 366 1474 cul0‘illo
378 1449 462 1475 tertio
482 1449 592 1477 evoluto
608 1449 637 1477 S.
662 1449 808 1486 Dionysius
826 1450 1028 1478 Alexandrinus

243 1500 258 1519 a
274 1492 394 1520 Basilidc
407 1494 538 1529 episcopo
554 1495 699 1523 consultus
713 1501 795 1530 quota
811 1496 901 1524 noctis
915 1496 981 1523 hora
991 1496 1031 1531 je-

1090 247 1154 283 galli
1169 251 1281 274 cautum
1297 247 1364 274 illud
1381 254 1529 282 prorogare
1549 247 1754 280 consueverint,
1771 247 1817 275 alii
1835 249 1876 275 ci-

1088 295 1144 323 tius
1158 295 1300 322 solverint.
1319 293 1346 320 ld
1361 293 1483 328 profecto
1498 293 1669 321 demonstrat
1685 292 1825 328 ignoratas
1840 294 1876 321 ab

1087 341 1135 368 illo
1151 341 1237 368 fuisse
1258 340 1423 376 apostolicas
1438 340 1662 371 constitutiones,
1686 347 1748 366 cum
1775 339 1802 366 in
1819 339 1876 368 illis

1087 387 1135 414 lib.
1153 395 1180 418 v,
1198 394 1259 421 cap.
1279 386 1323 417 18,
1341 385 1373 413 ad
1390 386 1558 421 gallicinium
1582 384 1785 420 prorogandam
1802 385 1875 414 Sab-

1086 433 1143 461 bati
1158 432 1240 468 hujus
1254 432 1387 467 jejunium
1404 431 1538 459 edicatur.
1552 430 1620 458 Cum
1635 435 1736 463 tamen,
1748 434 1779 458 ut
1790 439 1875 468 supra

1086 480 1191 511 monui,
1205 483 1285 507 aetate
1296 479 1341 506 illa
1356 479 1454 506 vixerit
1464 482 1569 510 auctor,
1584 484 1638 512 qua
1654 477 1776 505 Ecclesia
1785 481 1874 506 totum

1086 525 1141 553 late
1162 534 1210 561 per
1232 525 1326 553 orbem
1354 524 1464 552 tandem
1490 524 1680 559 promulgata,
1704 527 1732 551 et
1758 523 1875 553 dilatata

1085 576 1161 605 erat;
1186 571 1267 607 idque
1282 571 1390 598 demum
1413 574 1493 598 actate
1508 569 1681 597 Constantini
1701 570 1874 599 obtinuerit:

1086 617 1147 645 ideo
1161 617 1335 646 Censtantini
1354 621 1435 644 astate
1451 616 1634 651 antiquiorem
1651 623 1706 643 non
1731 616 1876 644 existima-

1085 664 1178 691 verim.
1193 663 1299 691 Rursus
1311 667 1402 690 autem
1419 663 1522 691 saeculo
1535 666 1636 697 quarto
1651 662 1771 698 ineunte,
1787 670 1874 696 anno,

1084 714 1216 744 quantum
1232 709 1350 737 arbitror
1363 709 1430 741 509,
1447 708 1592 736 concilium
1609 708 1805 736 Eliberitauum
1826 717 1874 737 ce-

1084 755 1218 783 lrbratum
1232 760 1283 787 est,
1301 755 1381 790 cujus
1401 756 1505 791 primus
1519 762 1609 783 canon
1625 754 1730 782 admitti
1744 759 1816 783 vetat
1836 755 1874 783 ad

1084 803 1302 830 communionem
1318 803 1390 834 illos,
1407 802 1453 837 qui
1468 810 1483 828 a
1500 801 1552 829 ﬁde
1564 802 1596 829 ad
1610 801 1792 830 idololatriam
1804 810 1874 838 apo-

1084 849 1256 881 stataverint,
1272 854 1514 884 quantumcunque
1528 849 1562 876 de
1579 849 1695 876 crimine
1706 849 1768 877 dein
1782 850 1873 885 pinni-

1083 895 1194 927 tuerint,
1212 895 1293 930 idque
1307 895 1415 923 demum
1427 903 1581 930 repugnare
1593 895 1700 922 videtur
1714 896 1873 930 apostolica:

1082 941 1121 968 illi
1135 942 1336 974 constitutioni,
1359 931 1439 976 cujus
1455 949 1539 976 supra
1553 941 1657 968 mentio
1673 941 1745 968 facta
1760 945 1820 976 est;
1836 950 1874 970 ex

1081 996 1134 1023 qua
1149 988 1306 1023 conjectura
1320 988 1452 1016 docemur
1463 988 1687 1015 constitutionem
1704 988 1778 1015 illam
1799 996 1873 1017 non«

1081 1035 1144 1061 dum
1158 1042 1229 1061 anno
1245 1034 1292 1062 illo
1311 1034 1478 1062 innotuisse.
1498 1033 1628 1061 Vicissim
1644 1042 1710 1061 vero
1724 1038 1823 1062 auctor
1836 1035 1874 1063 de

1081 1080 1150 1108 Filio
1165 1080 1212 1108 Dei
1234 1081 1271 1107 ita
1288 1080 1390 1116 passim
1412 1084 1439 1108 et
1454 1079 1611 1115 frequenter
1625 1080 1757 1115 loquitur,
1773 1088 1872 1116 quem-

1080 1127 1226 1155 admodum
1250 1127 1417 1154 Antenicami
1445 1126 1542 1154 Patres
1568 1126 1690 1154 scribere
1716 1134 1872 1154 consuevco

1081 1178 1155 1206 runt,
1170 1177 1198 1201 et
1211 1181 1278 1201 voce
1293 1173 1441 1207 omousion,
1461 1180 1618 1208 quanquam
1633 1180 1706 1207 saepe
1721 1180 1765 1200 res
1780 1176 1808 1200 et
1822 1180 1872 1200 oc-

1080 1220 1156 1247 casio
1168 1220 1358 1254 postulaverit,
1374 1227 1515 1254 nunquam
1530 1219 1626 1250 utitur,
1638 1227 1694 1254 quo
1708 1224 1872 1254 argumento

1080 1266 1190 1301 probari
1200 1273 1281 1301 posse
1295 1266 1414 1293 arbitror
1426 1264 1526 1293 Nicasni
1535 1265 1869 1299 conciliicelebrationem

1080 1312 1227 1347 opusidem
1236 1312 1421 1347 praecessisse.
1435 1311 1500 1345 Quae
1511 1311 1534 1339 si
1547 1311 1713 1346 conjecturae
1725 1312 1871 1340 admittan-

1080 1362 1136 1391 tur,
1146 1359 1217 1385 intra
1225 1359 1343 1393 spatium
1358 1358 1436 1389 illud,
1443 1358 1515 1393 quod
1526 1365 1598 1387 anno
1605 1358 1659 1386 509
1667 1361 1694 1385 et
1700 1358 1752 1386 525
1758 1359 1871 1386 conclu-

1078 1404 1164 1437 ditur,
1172 1404 1344 1440 vulgatarum
1356 1404 1583 1432 constitutionum
1597 1404 1677 1432 sedes
1691 1404 1798 1440 ﬁgenda
1814 1410 1868 1434 est.

1114 1450 1258 1485 Utcunque
1282 1459 1326 1479 res
1351 1450 1453 1478 habeat
1483 1459 1554 1484 sese,
1581 1451 1650 1478 utile
1674 1455 1716 1479 est
1739 1459 1810 1486 opus
1831 1453 1867 1480 ad

1079 1497 1173 1527 multa,
1186 1501 1213 1524 et
1230 1493 1552 1532 dogmatumnostrorum
1569 1497 1697 1526 vetustati
1711 1498 1870 1527 astruenda:

241 1539 350 1574 junium
367 1540 436 1567 solvi
452 1540 545 1569 liceret
561 1540 682 1569 Sabbato
698 1543 895 1577 antepaschali,
912 1550 1027 1578 respon—
1041 1549 1066 1581 α
1080 1542 1201 1578 apprime
1217 1543 1414 1570 necessarium.

265 1616 1852 1636 .._..____.________________________________

501 1683 572 1758 Dii
625 1684 1167 1776 illiNS'l‘l'l‘UTlllNIBUS
1223 1686 1588 1798 AP08’1‘0LIGIS

1010 1804 1100 1825 EDITIS

677 1854 726 1883 AB
744 1853 975 1885 HlPPOLYTO
994 1853 1187 1885 EPISCOPO
1208 1855 1444 1894 PORTUENSI,

241 1912 304 1948 ({Ds
321 1912 492 1950 MactsrmsJ
507 1916 576 1955 Acta
591 1913 744 1955 Martyrum
758 1914 794 1941 ad
823 1913 899 1955 Quia
912 1913 1041 1955 Tiberino
1051 1914 1101 1955 sub_
1119 1914 1233 1955 Claudio
1248 1916 1358 1955 (ίοιίιίεο
1370 1916 1486 1952 (Romae.
1506 1918 1587 1955 i795,
1608 1918 1635 1946 in
1650 1918 1740 1955 folio),
1756 1919 1783 1946 in
1798 1919 1867 1949 Dil-

484 1948 632 1977 Sertatione
644 1948 695 1977 'De
716 1949 775 1977 Vita
789 1955 815 1976 et
829 1949 942 1986 Scriptis
961 1948 991 1976 S.
1005 1949 1142 1985 Hippolyti
1157 1952 1272 1987 episcopi
1290 1948 1457 1987 Portu‘eusis,
1524 1948 1601 1989 1541)

491 2062 606 2091 CAPUT
623 2061 771 2092 PRIMUM.

239 2130 347 2168 Titulus
353 2131 380 2158 in
394 2126 647 2168 Constitutionibus
660 2132 820 2168 apostolicis
833 2137 972 2167 corruptus
983 2141 1025 2160 re-

273 2166 541 2203 stituitur.Cleme1ts
563 2166 696 2195 Romanu}
720 2173 745 2195 et
759 2166 917 2203 Hippolytus
938 2168 965 2195 in
982 2167 1024 2203 [tit

272 2202 427 2236 colligendis
446 2202 602 2238 edendisque
627 2202 831 2232 adlaborarunt.
857 2202 960 2231 Paulus
972 2202 1025 2231 Sa-

273 2242 425 2265 mosatam“
439 2237 672 2265 Constitutionum
686 2243 833 2273 corruptor.

273 2294 296 2324 Ι.
314 2294 387 2323 Inter
396 2296 546 2323 vetustiora
557 2304 642 2324 sacrae
653 2296 822 2332 antiquitatis
835 2301 1022 2331 monumenta,
1041 2308 1043 2310 ·

237 2349 319 2377 quem
334 2341 423 2369 locum
438 2341 491 2369 sibi
506 2342 647 2370 vindicent
660 2342 866 2370 Constitutiones
884 2342 1021 2378 apostolo-

237 2395 308 2420 rum,
337 2395 417 2415 nemo
441 2388 560 2424 ignorat,
587 2389 713 2424 quamvis
738 2392 844 2421 auctor,
872 2396 1022 2424 earumque

237 2434 327 2462 editor
348 2434 504 2470 ignoretur;
523 2434 750 2470 quemadmodum
768 2440 794 2463 et
808 2439 952 2471 corruptor
973 2435 1029 2471 qui-

236 2478 284 2508 cas
301 2480 474 2516 interpolavit
496 2480 628 2508 hactenus
649 2480 773 2509 delituit..
792 2480 886 2516 Neque
907 2481 980 2509 enim
995 2481 1019 2509 si

237 2532 336 2553 nomen
350 2525 499 2554 Clementis
514 2525 630 2553 Romani
647 2525 840 2561 praesel'erunt,
864 2525 915 2561 ipsi
935 2525 1020 2554 tribui

237 2575 363 2607 possunt,
375 2572 423 2608 qui
440 2576 504 2600 ante
517 2572 596 2605 vixit,
611 2579 692 2607 quam
705 2572 783 2607 plura
798 2571 826 2598 in
842 2571 1020 2600 Constitutio-

241 2617 448 2646 niburenarrata
458 2617 547 2644 locum
575 2616 715 2644 haberent.
745 2614 775 2644 In
799 2615 931 2644 editorem
953 2624 1020 2644 vero

235 2661 392 2689 earumdem
420 2661 665 2693 Conuitutionum.
693 2662 740 2697 qui
768 2662 911 2690 tttsatculo
937 2663 1017 2695 vixit,
1031 2669 1043 2690 ι

236 2706 394 2742 hujusmodi
405 2716 522 2737 censum
536 2716 590 2737 non
601 2708 684 2741 cadit,
700 2707 810 2744 quando
826 2708 891 2736 huic
904 2708 1030 2743 tempori.

233 2753 326 2781 omnia
348 2753 407 2782 fere
429 2755 611 2788 conveniunt,
632 2763 693 2791 quae
714 2755 758 2783 his
779 2754 1019 2783 Constitutiom‘bus

233 2798 421 2827 continentur.
456 2799 537 2828 Hunc
570 2801 702 2829 editorem
733 2801 822 2829 fuisse
846 2800 1018 2836 Hippolytum

234 2844 324 2879 palam
346 2844 491 2878 faciemus,
515 2846 562 2881 qui
585 2854 641 2874 non
666 2847 752 2875 levem
777 2847 813 2874 ob
831 2854 954 2880 causam,
970 2846 1020 2874 sed

234 2889 437 2926 gravissimam,
454 2890 581 2920 Ecclesia:
598 2891 736 2920 Cmmunu
757 2892 871 2920 editioni
896 2891 1019 2921 omnium

1038 2063 1061 2092 ι)
1075 2063 1179 2098 primus
1204 2071 1315 2093 manum
1341 2064 1473 2099 admovit,
1493 2066 1655 2103 caaterisque
1670 2067 1742 2095 viam
1762 2069 1864 2097 stravit

1076 2109 1111 2137 ad
1124 2109 1254 2138 eximium
1276 2118 1346 2146 opus
1365 2111 1444 2140 novis
1465 2112 1669 2141 accessionibus
1688 2113 1862 2150 locupletan-

1075 2155 1153 2190 dum;
1168 2164 1222 2192 quo
1242 2157 1269 2184 in
1290 2165 1383 2193 opere,
1404 2158 1505 2194 quibus
1531 2158 1665 2188 institutis
1685 2167 1718 2188 ac
1736 2161 1861 2189 moribus

1074 2204 1109 2229 ab
1130 2202 1207 2229 initio
1230 2202 1352 2231 Ecclesia
1380 2211 1431 2232 usa
1459 2203 1551 2237 fuerit,
1578 2209 1733 2241 appareret.
1763 2206 1861 2235 Adhuc

1073 2247 1169 2275 titulus
1180 2248 1336 2275 earumdem
1344 2247 1567 2277 Comtitutionum
1580 2251 1623 2279 sui
1634 2251 1748 2279 editoris
1759 2260 1860 2280 nomen

1073 2291 1174 2327 prodit,
1194 2296 1236 2319 est
1257 2293 1331 2320 enim
1352 2293 1507 2328 hujusmodi
1525 2303 1533 2321 :
1553 2296 1685 2330 Διαταγαὶ
1705 2296 1759 2323 τῶν
1774 2297 1860 2332 ἁγίων

1073 2335 1230 2364 ἀποστόλων
1243 2336 1287 2364 διὰ
1301 2338 1458 2374 Κλήμεντος
1480 2340 1527 2366 τοῦ
1547 2340 1690 2376 Ῥωμαίων
1708 2341 1859 2370 ἐπισκόπου

1071 2390 1102 2409 τε
1116 2383 1163 2411 καὶ
1177 2383 1296 2416 πολίτου,
1306 2384 1324 2420 ἢ
1333 2384 1462 2421 καθολικὴ
1471 2385 1628 2413 διδασκαλία.
1636 2394 1642 2412 :
1651 2386 1859 2416 Constitution:

1071 2424 1225 2456 sanctorum
1252 2430 1432 2464 apostolorum
1458 2439 1504 2466 per
1521 2431 1679 2459 Clementem
1707 2433 1860 2468 episcopum

1072 2479 1098 2502 et
1115 2475 1196 2503 civem
1212 2475 1370 2509 Romanum,
1386 2485 1432 2504 seu
1446 2476 1584 2505 Catholica
1601 2477 1740 2506 Doctrina.
1764 2478 1858 2507 Mirari

1071 2521 1134 2556 quis
1150 2522 1237 2557 possit
1250 2522 1325 2550 viros
1343 2523 1528 2556 acutissimas,
1549 2524 1667 2552 maxime
1679 2524 1858 2558 Cotelerium,

1071 2565 1258 2602 Beveregium,
1274 2566 1416 2600 Grabium,
1434 2567 1582 2601 Clericum,
1604 2568 1651 2604 qui
1672 2569 1858 2598 minutissima

1070 2620 1184 2649 quaeque
1197 2614 1311 2641 scrutati
1327 2618 1401 2647 sunt,
1416 2622 1472 2642 non
1487 2614 1716 2644 animadvertisse
1730 2615 1858 2644 Clemen-

1069 2663 1124 2688 tem
1139 2660 1194 2688 dici
1208 2667 1263 2687 non
1278 2660 1359 2688 modo
1372 2662 1543 2697 episcopum,
1559 2662 1607 2689 sed
1625 2663 1746 2697 θιξιὶυενη
1757 2661 1858 2690 Roma-

1070 2713 1133 2733 num
1153 2713 1163 2733 :
1179 2705 1261 2741 idque
1282 2706 1437 2742 importune
1460 2707 1605 2735 admodum
1629 2712 1728 2744 praeter
1752 2716 1857 2736 morem

1068 2752 1153 2780 totius
1179 2752 1361 2786 antiquitatis.
1393 2753 1433 2781 Ac
1456 2753 1550 2789 plures
1573 2754 1684 2790 quidem
1705 2754 1855 2782 Clementis

1068 2796 1183 2825 Romani
1198 2805 1261 2825 cum
1274 2798 1354 2827 laude
1367 2800 1561 2834 meminerunt,
1577 2809 1658 2829 nemo
1674 2809 1744 2829 unus
1763 2805 1856 2829 tamen

1067 2845 1149 2872 ciuem
1171 2843 1325 2872 Romanum
1350 2847 1479 2882 appellat.
1503 2846 1644 2882 Accedunt
1673 2848 1776 2882 scripta
1793 2847 1855 2875 Cle-

1067 2893 1179 2927 mentis,
1201 2893 1301 2928 partim
1317 2901 1393 2926 vera,
1407 2894 1506 2931 partim
1527 2894 1597 2923 falso
1615 2895 1667 2932 ipsi
1691 2895 1806 2930 tributa,
1824 2895 1854 2925 in
