2032 3128
126 181 228 215 ,525-

586 182 885 214 CONSTITUTIONES
900 185 1139 216 APOSTOLlCE.
1155 203 1189 209 ——
1202 188 1385 218 PROGEMIA.

1739 193 1793 225 .526

171 240 270 275 quibus
284 239 443 275 hujusmodi
458 241 604 275 appellatio
620 250 757 277 nusquam
770 244 893 270 occurrit
908 245 961 271 nisi
976 247 998 274 A
1012 247 1098 273 ctrina
1127 255 1172 281 per
1188 247 1375 282 Hippolytum,
1403 248 1431 276 in
1454 255 1508 283 qua
1532 249 1685 284 colligenda
1709 253 1796 285 atque

171 287 199 313 in
210 286 334 313 Homiliis
344 290 370 313 et
382 286 631 319 Constitutionibus,
645 288 727 323 idque
739 293 792 316 tam
808 290 881 316 nulla
895 290 958 323 lide,

171 336 202 361 υι
213 332 364 361 etiamnum
377 333 411 360 de
425 333 571 361 Clementis
588 335 676 369 patria
689 335 829 370 disputent
846 336 957 364 eruditi.

171 378 403 406 Constitutionum
418 379 509 414 itaque
530 380 624 407 titulus
637 381 687 408 hoc
703 382 784 408 modo
800 389 829 408 se
844 382 956 409 habuit:

171 424 301 458 Δια-παγαὶ
322 424 376 451 τῶν
397 424 481 459 ἁγίων
502 425 658 453 ἀποστόλων
678 428 720 453 διὰ
735 428 891 463 Κλήμεντος
911 427 958 454 τοῦ

177 471 319 505 Ῥωμαίων
341 471 501 502 ἐπισκόπου,
526 472 573 498 καὶ
602 472 768 505 Ἱππολύτου,
791 475 807 509 ἠ
830 473 958 509 καθολικὴ

171 516 345 544 διδασκαλίαι
365 517 572 546 Constitutiones
599 524 750 546 sanctorum
779 521 958 554 apostolorum

170 568 216 595 per
229 561 390 589 Clementem
400 561 582 589 Romanorum
604 564 763 598 episcopum,
783 569 807 590 et
820 564 958 599 Hippolyti

172 606 309 634 Catholica
329 607 461 635 doctrina.
477 608 563 641 Quam
587 608 666 636 facile
684 617 785 637 nomen
803 610 957 637 Ἱππολύτου

171 653 198 680 in
213 652 288 679 aliud
304 653 349 679 τοῦ
365 653 482 685 πολίτου,
503 653 638 688 Hippolyti
652 654 680 682 in
699 655 763 681 ciuis
786 655 957 682 immutatum

170 699 216 730 sit,
232 699 351 733 quisque
366 699 452 730 videt,
471 707 580 734 unaque
602 704 714 735 apparet
729 701 824 735 quanti
847 702 882 728 sit
901 701 958 728 haec

170 744 336 772 emendatio.
366 743 435 771 Nam
460 745 561 772 diserte
587 746 653 780 quid
678 745 829 779 Clementi,
858 746 958 783 quidve

171 790 318 825 Hippolyto
346 791 521 817 tribuendum
551 791 579 818 in
607 791 868 823 Constitutionibus,
897 792 958 827 ipso

170 837 251 863 titulo
273 836 464 871 distinguitur;
485 842 512 865 et
532 836 664 865 Clementi
689 838 799 873 quidem
822 836 958 865 Constitu-

172 881 254 908 tiones
266 880 448 915 apostolorum
459 901 466 913 ,
480 881 538 908 sive
549 889 641 909 earum
654 883 781 910 collectio
795 883 954 910 ascribitur:

171 926 316 962 Hippolyto
335 931 426 954 autem
444 926 584 954 Catholica
601 926 739 957 Doctrina,
758 927 892 954 haereticis
906 935 955 963 op-

171 972 270 1007 posita.
299 971 382 1000 Recte
405 976 496 999 autem
521 972 656 999 Batonius
680 972 780 1007 aliique
803 973 955 1001 doctissimi

170 1019 221 1046 viri
258 1021 423 1045 censuerunt
454 1026 508 1045 uno
533 1018 684 1053 eodemque
711 1025 793 1053 opere
820 1019 954 1053 contineri

170 1064 351 1100 apostolorum
373 1064 590 1096 Constitutioncs,
611 1069 638 1092 et
653 1064 807 1096 Doctrinas,
826 1063 956 1098 διαταγὰς

169 1111 216 1138 καὶ
230 1110 409 1143 διδασκαλίας,
427 1111 498 1146 quod
513 1118 582 1146 opus
603 1111 692 1138 critici
710 1111 812 1145 alioqui
834 1111 956 1138 solertis-

170 1156 231 1184 simi
253 1156 281 1183 in
297 1156 352 1183 duo
365 1156 538 1184 dissecarunt
550 1156 617 1191 (54).
641 1155 733 1191 Neque
749 1157 819 1183 enim
835 1156 869 1183 ab
889 1156 956 1191 ipsis

170 1201 388 1230 animadversum
402 1206 454 1234 est,
470 1209 502 1229 ex
519 1201 595 1229 hisce
608 1201 846 1229 Constitutionibus
861 1210 956 1229 excer-

171 1251 215 1283 pta
238 1248 361 1283 quaedam
391 1252 498 1275 exstare
521 1248 646 1275 breviora
670 1248 712 1275 vel
738 1248 895 1283 prolixiora,
926 1252 956 1274 ut

170 1292 268 1327 cuique
291 1291 464 1319 commodum
481 1291 549 1325 fuit;
568 1299 598 1319 ea
619 1298 683 1319 vero
700 1296 827 1326 excerpta
850 1291 956 1319 criticis

171 1339 370 1374 imposuerunt,
383 1338 461 1373 quasi
481 1337 515 1364 ad
531 1346 600 1372 opus
619 1338 692 1365 aliud
706 1339 884 1373 pertinerent.

206 1385 239 1413 ll.
259 1385 314 1413 Cur
329 1393 420 1413 nomen
436 1383 574 1420 Hippolyti
588 1389 718 1411 servatum
730 1385 763 1412 sit
780 1385 806 1411 in
823 1393 870 1411 vni
886 1383 957 1412 Con-

170 1431 226 1459 stit.
239 1429 457 1457 libro.—Mansit
471 1437 537 1457 vero
553 1429 742 1464 incorruptum
757 1429 894 1465 llippolyti
908 1438 957 1457 no-

171 1483 234 1502 men
258 1479 356 1502 octavo
375 1475 446 1502 libro
469 1475 626 1502 earumdem
642 1474 876 1507 Constitutionum,
901 1477 958 1503 sive

171 1520 234 1555 quia
249 1519 350 1547 isliber
366 1520 513 1554 aliquando
528 1520 633 1555 primus
648 1519 715 1554 fuit;
729 1521 785 1547 sive
796 1521 859 1556 quia
875 1528 890 1547 a
905 1528 958 1548 ca:-

1009 292 1161 320 ordinanda
1176 294 1269 321 nescio
1297 302 1331 320 an
1351 295 1412 328 plus
1431 301 1521 330 operat
1539 299 1637 323 auctor
1658 297 1793 331 posuerit,

1009 345 1090 372 quam
1114 338 1141 364 in
1163 339 1268 366 ueteris
1287 339 1430 374 operibus,
1447 347 1509 375 quae
1523 340 1593 368 bene
1609 341 1695 368 multa
1710 346 1737 368 et
1751 341 1794 368 ls-

1008 383 1120 411 boriosa
1134 391 1185 411 con
1191 384 1263 412 fecit.

1045 429 1089 458 ill.
1112 429 1145 456 In
1164 429 1272 457 Oriente
1296 431 1350 466 fere
1372 431 1468 468 ubique
1491 433 1636 467 permansit
1657 431 1795 468 Hippolyti

1009 475 1333 508 nantem—Quamobrem
1360 477 1389 505 in
1408 476 1518 505 Oriente
1544 478 1590 505 ubi
1617 478 1707 505 locum
1737 486 1793 506 non

1010 520 1104 548 habuit
1127 520 1174 548 illa
1189 521 1347 555 depravatio
1373 523 1494 550 nominis
1509 522 1659 559 Hippolyti,
1679 527 1793 551 contra-

1010 566 1080 593 rium
1098 567 1229 601 contigit;
1246 569 1346 595 extrito
1365 568 1494 595 nimirum
1507 568 1656 597 Clementis
1670 568 1793 601 nomine.

1009 611 1075 639 illud
1093 611 1230 648 Hippolyti
1250 614 1321 648 apud
1336 612 1489 642 Orientales
1512 613 1570 641 fere
1584 614 1746 649 permansit,
1763 614 1793 642 in

1009 666 1088 693 quem
1101 659 1183 686 veluti
1206 659 1333 686 Ecclesia:
1356 660 1446 694 legum
1474 659 1644 687 conditorem
1672 660 1794 689 universi

1009 704 1169 739 respiciunt.
1193 703 1317 740 Namque
1336 705 1363 732 in
1379 705 1511 741 Syrorum
1525 705 1723 734 vetustissimis
1745 713 1794 734 co-

1008 751 1114 778 dicibus
1129 754 1191 778 ante
1205 751 1334 778 szeculum
1350 758 1400 778 vm
1413 751 1533 778 exaratis
1545 754 1695 778 occurrunt

1055 812 1316 877 «eam!
1343 833 1416 872 is:
1622 810 1796 879 imam;

1008 879 1214 906 Coustitutiones
1241 880 1422 914 apostolorum
1449 887 1495 913 per
1526 878 1698 914 Hippolytum
1724 878 1793 915 (58).

973 916 993 943 Β
1007 924 1096 959 Atque
1121 924 1148 951 in
1167 924 1253 952 sacris
1267 924 1387 951 Arabum
1403 924 1597 956 voluminibus,
1613 924 1656 951 vel
1669 923 1793 959 Coptita-

1007 977 1066 996 rum
1085 970 1177 1004 potius
1197 969 1326 997 Ecclesia:
1350 968 1550 1001 Alexandrinae,
1577 976 1674 996 eorum
1700 969 1795 1005 lingua

1007 1017 1139 1042 utentium
1508 1021 1511 1023 ‘

1007 1055 1206 1115 ιῳκςαω
1227 1056 1350 1107 item
1379 1051 1681 1115 mea»:
1704 1057 1795 1115 55H

1007 1170 1059 1197 Isti
1079 1175 1139 1197 sunt
1166 1178 1275 1198 canones
1301 1170 1436 1203 Ecclesiae,
1456 1171 1584 1198 mandata
1605 1178 1664 1206 quae
1689 1169 1795 1204 scripsit

1008 1215 1166 1251 Hippolytus
1181 1236 1188 1247 ,
1218 1225 1263 1251 per
1283 1225 1357 1252 quem
1386 1216 1501 1252 loquitur
1528 1215 1699 1252 [Ecclesia]
1725 1215 1794 1251 (59).

1008 1261 1152 1298 (Ethiopes
1173 1267 1264 1290 autem
1287 1270 1301 1289 a
1319 1263 1418 1298 priscis
1441 1263 1607 1298 temporibus
1627 1266 1689 1298 post
1707 1261 1796 1290 Cano-

1007 1316 1051 1335 nes
1075 1309 1252 1342 apostolorum
1270 1318 1333 1344 quos
1356 1317 1446 1336 CXXVII
1461 1314 1609 1343 numerant,
1623 1313 1754 1336 recensent

1007 1352 1176 1395 actam
1203 1355 1417 1401 HMHLK‘I‘:
1446 1374 1457 1397 ε
1484 1354 1558 1401 ΛΦ
1582 1373 1594 1396 :
1623 1347 1752 1396 22ἠῷ
1781 1372 1794 1394 s

1008 1414 1117 1458 ΗΕΟΒ
1127 1434 1138 1455 :
1152 1417 1235 1453 ωίιε

1008 1488 1075 1523 (40).
1090 1487 1209 1516 Curiones
1223 1488 1359 1523 Hippolyti
1369 1487 1484 1516 doctoris
1493 1495 1568 1523 papa:
1579 1486 1668 1515 Roma:
1679 1494 1794 1515 xxxvm.

1008 1534 1137 1568 Quinimo
1163 1532 1301 1569 Hippolyti
1317 1541 1414 1561 nomen
1429 1534 1501 1569 apud
1513 1532 1658 1569 Ethiopes
1672 1532 1741 1561 adeo
1751 1533 1797 1561 in-

171 1565 237 1592 teris
254 1565 508 1600 avulsusliippolyti
522 1573 619 1593 nomen
631 1566 819 1593 tantummodo
833 1567 955 1595 retinuit.
971 1583 992 1611 C
1008 1565 1104 1612 ζθιυη)
1121 1585 1151 1607 ut
1169 1565 1300 1615 ρτξνοξε
1312 1579 1427 1607 agnoui;
1446 1565 1590 1616 acceptum
1609 1565 1653 1607 sit
1667 1588 1685 1606 -:
1706 1586 1797 1614 neque

172 1610 217 1638 Est
231 1615 323 1639 autem
336 1611 478 1645 inscriptio
496 1611 577 1645 hujus
592 1612 679 1639 octavi
695 1611 850 1647 librizﬂspl
867 1621 957 1648 χειρο-

169 1657 263 1684 τονιῶν
273 1657 317 1684 διὰ
330 1657 485 1684 Ἱππολύτου
495 1666 501 1685 :
510 1657 549 1684 De
561 1657 770 1684 ordinationibus
780 1666 825 1692 per
835 1658 961 1694 Hippoly-

171 1703 303 1738 tam(55),
324 1707 371 1730 aut
395 1704 477 1730 etiam
505 1703 662 1730 Ἱππολύτου
683 1704 794 1735 κανόνες
814 1704 960 1740 ἐκκλησια-

171 1749 258 1775 armet
272 1749 335 1784 περὶ
350 1749 495 1784 ἀπαρχῶνε
515 1749 649 1784 Hippolyti
664 1756 775 1776 canones
789 1750 960 1777 ecclesiastici

170 1795 203 1822 de
223 1795 344 1829 primitiis
364 1795 431 1831 (56),
448 1800 528 1830 prout
553 1796 681 1822 nimirum
703 1795 756 1823 sibi
777 1796 895 1830 quisque
909 1796 958 1823 dc-

172 1842 322 1877 scripserat
333 1842 373 1869 vel
386 1846 468 1877 caput
479 1846 605 1877 quartum
624 1842 697 1876 quod
712 1846 753 1869 est
767 1840 799 1868 de
811 1841 959 1868 ordinatiu—

171 1886 259 1918 nibus,
275 1886 317 1914 vel
331 1887 500 1914 tricesimum
521 1887 552 1913 de
563 1887 688 1921 primitiis
709 1895 741 1914 ex
756 1887 832 1914 hisce
851 1886 957 1914 Consti-

170 1931 326 1959 tutiom'bus.
342 1931 367 1959 is
382 1935 455 1959 certe
471 1932 540 1959 liber
555 1939 605 1959 vui
621 1932 648 1958 in
661 1932 753 1959 varias
769 1931 882 1958 lacinias
897 1931 957 1958 dis-

169 1981 281 2013 cerptus
304 1981 356 2009 est,
375 1977 491 2012 indeque
512 1977 559 2004 alii
575 1977 693 2005 conlecti
715 1977 810 2009 libelli,
825 1976 958 2012 quemad-

169 2025 280 2051 modum
302 2024 407 2059 Πέτρου
428 2025 475 2050 καὶ
489 2024 595 2051 Παύλου
617 2024 671 2050 τῶν
686 2024 770 2058 ἁγίων
789 2023 958 2050 Ἀποστόλων

168 2069 314 2102 διατάξεις,
329 2070 371 2097 vel
389 2070 499 2101 κανόνες
518 2069 659 2105 διάφοροιε
677 2069 749 2096 Petri
763 2075 787 2096 et
809 2070 888 2096 Pauli
905 2069 956 2096 SS.

169 2113 350 2148 apostolorum
368 2113 566 2140 constitutiones
587 2114 627 2141 vel
648 2121 760 2140 canones
777 2114 873 2141 diversi
889 2113 955 2149 (37).

168 2158 262 2194 Neque
283 2162 386 2186 temere
406 2163 503 2186 octavo
523 2159 588 2186 huic
607 2158 678 2186 libro
698 2159 834 2195 Hippolyti
857 2167 956 2186 nomen

168 2204 298 2240 praemitti
320 2207 472 2237 consuevit,
489 2206 599 2240 quando
614 2205 722 2232 initium
737 2205 820 2233 sumit
834 2213 866 2232 ex
888 2213 957 2239 opu-

170 2252 246 2279 sculo
272 2251 341 2286 Περὶ
363 2251 549 2287 χαρισμάτων,
576 2251 614 2278 De
642 2251 862 2283 charismatibus,
883 2251 955 2286 quod
973 2257 993 2284 [)

169 2298 324 2325 certissime
345 2297 490 2333 Hippolyto
510 2298 632 2325 vindicat
657 2297 801 2333 inscriptio
822 2297 958 2325 cathedra:

170 2351 346 2375 marmoreae,
373 2344 401 2370 in
424 2350 478 2379 qua
504 2343 602 2379 legitur
628 2343 708 2370 ΠΕΡΙ
734 2343 958 2370 ΧΑΡΙΟΜΑἹὯΝ

170 2397 201 2417 ac
222 2389 322 2417 deinde
351 2390 477 2425 sequitur
504 2390 728 2417 AIlOCTOAiKH
756 2390 956 2417 IIAPAAOCIC.

170 2435 247 2469 Quod
263 2444 330 2464 sane
351 2439 512 2471 argumento
532 2439 584 2468 est,
599 2440 725 2463 octavum
748 2436 847 2463 libruln
873 2436 958 2464 fuisse

170 2482 278 2509 initium
294 2482 454 2517 Apostolicaz
475 2481 628 2509 traditionis
644 2486 726 2516 atque
741 2481 809 2509 adeo
822 2481 954 2509 Constitu-

171 2527 282 2561 tionum,
306 2535 376 2562 quas
395 2526 521 2554 Clemens
541 2527 698 2562 collegerat,
715 2526 877 2562 Hippolytus
893 2534 957 2565 vero

171 2572 197 2599 in
210 2573 307 2607 vulgus
317 2572 421 2600 emisit.
437 2572 505 2599 Aliis
515 2576 606 2599 autem
619 2571 697 2599 libris
713 2580 749 2599 vti
766 2572 957 2599 continebatur

170 2616 335 2653 ἡΚαθολικὴ
341 2617 498 2645 διδασκαλία.
511 2618 543 2644 δι’
564 2618 720 2644 Ἱππολύτου
733 2626 739 2643 :
752 2617 890 2646 Catholica
902 2617 957 2644 Do-

201 2736 262 2778 _(3i)
275 2735 370 2778 lisser.
380 2736 485 2778 lfrqleg.
497 2737 525 2763 in
534 2736 583 2772 Ep.
594 2735 696 2773 lgnat.,
706 2744 766 2772 cap.
777 2738 803 2771 7;
811 2736 954 2771 Pearson..

176 2770 258 2799 vom;
281 2771 371 2807 Ignat.
389 2771 412 2805 Ι,
426 2770 470 2800 Lf
558 2770 562 2772 ⁷
610 2770 619 2773 ’
688 2770 692 2771 ⁷
740 2770 750 2772 “
797 2770 800 2771 ⁷

206 2807 263 2877 ἒὸῑξ)
283 2807 366 2835 Grab.
384 2815 419 2849 es
432 2807 494 2835 cod.
513 2806 623 2835 Barocc.
643 2812 729 2848 smn
752 2811 781 2833 et
799 2806 917 2837 Vindob.

218 2843 264 2877 56)
284 2842 391 2877 LLoyd.
405 2850 434 2870 In
443 2842 541 2869 Collat.
552 2842 677 2877 Synadic.
691 2842 810 2877 Bettereg.
821 2843 917 2877 ορ.Ἣο

218 2843 264 2878 56)
284 2842 391 2878 LLoyd.
405 2842 434 2878 in
443 2842 541 2869 Collat.
552 2842 677 2877 Synadic.
691 2842 810 2877 Bettereg.
821 2843 951 2878 ap.Woll‘.

173 2876 270 2905 breed.
286 2877 333 2910 Ν.
346 2876 353 2878 ⁷
368 2876 447 2905 .116.
577 2876 581 2877 ν

210 2914 266 2948 157)
284 2912 317 2939 ν.
332 2885 427 2945 dias,
444 2911 534 2947 Spisil.
552 2910 574 2946 ῐ,
586 2920 613 2949 p.
627 2911 672 2939 85.

1011 1626 1084 1653 enim
1108 1626 1218 1653 aliunde
1240 1631 1362 1661 repetere
1385 1626 1449 1654 licet
1465 1626 1600 1654 dictiones
1613 1625 1726 1657 Abtelis,
1738 1625 1797 1653 Ab-

1010 1673 1095 1705 seltis,
1116 1675 1144 1700 et
1156 1672 1273 1699 Betelsat
1301 1672 1401 1707 quibus
1430 1671 1579 1700 secundam
1607 1670 1796 1699 collectionem

1010 1718 1155 1754 appellant,
1167 1725 1248 1753 quam
1258 1718 1291 1745 ab
1307 1718 1366 1752 ipso
1380 1717 1518 1750 Abulides,
1536 1717 1647 1745 nomine
1661 1725 1715 1752 quo
1729 1716 1797 1753 Hip—

1010 1765 1131 1799 polytum
1154 1763 1260 1794 dicunt,
1284 1763 1358 1790 varie
1383 1763 1483 1791 inﬂexo
1509 1767 1536 1791 et
1554 1768 1696 1798 corrupto.
1724 1761 1796 1791 Cum

1009 1811 1081 1838 enim
1096 1811 1123 1837 in
1138 1818 1187 1837 sua
1203 1810 1295 1844 lingua
1311 1818 1365 1836 non
1379 1809 1497 1837 habeant
1512 1809 1620 1836 illarum
1632 1808 1795 1842 dictionum,
1821 1814 1823 1816 ’

1009 1857 1109 1891 quibus
1134 1863 1183 1891 pro
1208 1856 1296 1882 titulis
1319 1860 1445 1889 utuntur,
1472 1855 1621 1890 originem;
1646 1855 1724 1882 aiunt
1745 1854 1796 1882 hos

1008 1903 1102 1930 titulos
1115 1902 1215 1929 Abtelis
1234 1909 1283 1928 seu
1294 1901 1409 1927 Betelsat
1424 1899 1574 1927 etAlzseltis
1596 1900 1687 1935 lingua
1702 1899 1796 1927 Gmca

1009 1935 1310 1984 signiﬁcaretanonem
1325 1946 1392 1982 (il),
1404 1946 1477 1981 quod
1491 1944 1590 1974 falsum
1605 1953 1667 1973 esse
1681 1953 1713 1973 ac
1727 1946 1796 1973 alie-

1009 2004 1073 2023 num
1090 2003 1169 2022 nemo
1184 2002 1238 2024 non
1255 1994 1336 2021 videt.
1352 1992 1511 2028 Ludolphus
1526 1992 1684 2027 huiusmodi
1699 2000 1797 2021 corru-

1009 2041 1117 2075 ptiones
1141 2039 1224 2066 tribui
1258 2038 1362 2065 mavult
1392 2037 1530 2072 Coptitis;
1561 2037 1617 2064 imo
1641 2045 1705 2065 vero
1731 2045 1795 2065 cum

1007 2093 1116 2113 omnem
1143 2085 1295 2112 doctrinam
1322 2084 1356 2110 ab
1382 2083 1450 2117 ipsis
1474 2082 1794 2119 acceperintEthiopes,

1008 2139 1121 2159 necesse
1136 2139 1191 2158 non
1202 2134 1244 2158 est
1260 2130 1358 2157 menda
1371 2129 1453 2156 etiam
1471 2129 1621 2164 accepisse.
1638 2136 1671 2157 ac
1686 2129 1795 2158 facilius

1008 2179 1042 2205 ab
1059 2177 1171 2209 ultimis,
1190 2177 1243 2204 nisi
1258 2177 1293 2204 ab
1306 2177 1440 2211 utrisque,
1450 2175 1477 2203 id
1492 2182 1592 2203 nomen
1601 2175 1725 2203 vitiatum
1738 2181 1792 2205 est.

1010 2224 1071 2252 llaec
1086 2229 1177 2252 autem
1203 2225 1240 2251 ita
1265 2232 1294 2252 se
1315 2224 1416 2251 habere
1445 2223 1544 2251 titulus
1566 2223 1625 2258 ipse
1650 2224 1794 2253 continuat

1011 2272 1093 2304 hujus
1108 2270 1220 2297 alterius
1236 2270 1412 2297 Collectiouis

1012 2318 1147 2357 "mar
1181 2337 1191 2358 ς
1232 2311 1441 2359 ωιωεοῆ·
1475 2336 1487 2358 ε
1527 2315 1745 2358 h'ﬂt‘iA’Pt‘t
1781 2336 1793 2358 ε

1012 2377 1110 2418 (Ρίῗίὶ
1138 2397 1149 2419 ι
1173 2375 1364 2418 thlﬂiai
1389 2396 1400 2417 ε

1010 2437 1215 2472 Βερναῖεεηιαιίο
1229 2442 1254 2464 et
1266 2437 1401 2464 ordinatio
1409 2436 1526 2464 Absahis
1542 2435 1679 2464 Canonum
1688 2436 1795 2464 Domini

1009 2484 1104 2511 nostri.
1120 2483 1171 2511 Ubi
1194 2488 1307 2518 apparet
1327 2491 1378 2511 suo
1389 2483 1527 2516 Canones,
1544 2490 1576 2510 ac
1595 2491 1646 2510 suo
1660 2482 1795 2510 Collecto-

1008 2535 1065 2556 rem
1082 2529 1211 2564 appellari
1225 2529 1336 2564 proprio
1355 2528 1476 2560 nomine,
1492 2527 1565 2563 quod
1586 2527 1661 2555 aliud
1682 2535 1737 2555 non
1750 2531 1793 2555 est

1008 2573 1043 2600 ab
1059 2573 1105 2600 illo
1119 2573 1267 2609 Hippolyti.
1284 2573 1352 2600 Cum
1364 2581 1429 2601 vero
1443 2573 1562 2609 plurium
1580 2580 1695 2601 numero
1709 2572 1792 2600 etiam

1007 2625 1119 2647 utantur
1134 2621 1167 2647 ad
1182 2628 1241 2647 eam
1257 2620 1445 2647 collectionem
1461 2618 1680 2655 signiﬁcandam,
1696 2626 1794 2655 nempe

1043 2741 1100 2776 (58)
1120 2740 1187 2769 Mss.
1207 2741 1269 2776 cod.
1283 2740 1360 2772 Vat.,
1376 2749 1405 2769 n.
1422 2740 1485 2769 107.

1043 2773 1100 2811 ('59)
1120 2776 1160 2803 Ex
1175 2775 1236 2811 cod.
1252 2783 1319 2811 mss.
1334 2776 1445 2803 Macarii
1459 2773 1631 2811 presbLVid.
1646 2775 1791 2805 Assemau.

1004 2811 1038 2840 B.
1049 2809 1161 2838 0.tom.
1175 2809 1195 2840 l.
1210 2819 1237 2846 p.
1250 2810 1302 2838 619
1317 2815 1344 2839 et
1354 2810 1401 2843 ill,
1416 2819 1445 2846 p.
1461 2809 1484 2841 i.
1500 2818 1527 2845 p.
1538 2809 1583 2838 15.

1040 2846 1087 2880 μθ
1115 2846 1166 2881 Ap.
1185 2845 1270 2874 Ludoi
1291 2846 1319 2874 h.
1339 2844 1597 2882 Hist.zEtltiop;,ll,
1609 2854 1637 2882 ρ.
1649 2845 1711 2874 δοι.

1040 2845 1097 2917 (Hi
1116 2854 1300 2916 Ludolphqi.
1316 2889 1355 2916 c.,
1371 2889 1398 2917 p.
1412 2881 1474 2910 550,

1176 2889 1263 2916 οιριι.,
1279 2889 1300 2909 ι.
1316 2889 1355 2916 c.,
1371 2889 1398 2917 p.
1412 2889 1474 2910 ων,
