4064 6256
433 366 559 421 527

1290 363 1349 419 S.
1383 362 1781 423 CLEMENTIS
1813 364 1832 418 I
1866 362 2034 419 ROM.
2070 362 2273 419 PONT.
2312 361 2541 417 OPERA
2575 361 2803 419 DUBIA.
2860 388 2863 391 <

3579 362 3695 418 528.

917 514 943 557 ⁸
970 485 1250 552 Αωειξεαι,
1283 488 1617 545 collectanea
1643 488 1727 547 γει
1754 487 2010 543 mandata
2039 480 2084 533 Α
2112 472 2383 529 (Σιοηιθιιιὶ
2422 474 2780 537 vindicamus,
2822 474 3129 565 communis
3166 479 3361 529 tamen
3382 472 3588 553 aliqua
3615 491 3682 529 ex

439 598 753 668 Hippolyten
782 599 1114 669 intelligunt.
1148 599 1198 655 Is
1231 598 1370 654 liber
1395 614 1637 655 canones
1668 612 1832 653 uxxt
1863 612 2013 653 com-

434 690 742 760 prehendit,
774 705 916 761 quos
942 697 999 746 et
1025 690 1400 760 Apostolorum
1432 691 1641 746 dicunt.

505 802 594 861 IV.
650 803 733 859 Au
786 812 921 860 recte
956 802 1370 861 Constitutiones
1433 802 1778 875 praseferant
1826 818 2013 859 nomen

435 894 719 951 Clementis
731 894 1346 951 Rom—Verumtamen
1359 895 1689 952 Clementem
1707 892 2012 951 Romanum

434 989 681 1043 omnium
739 988 974 1058 primum
1029 988 1158 1043 huic
1200 989 1355 1058 operi
1404 1004 1625 1043 manum
1683 989 2012 1053 admovisse,

432 1092 543 1133 non
568 1080 727 1135 video
755 1094 862 1151 qua
892 1080 1107 1135 ratione
1138 1076 1372 1133 inllciari
1404 1080 1529 1150 quis
1564 1081 1760 1150 possit.
1807 1079 2013 1151 Super-

436 1181 564 1227 sunt
604 1171 783 1226 adhuc
829 1170 885 1226 in
911 1168 1390 1227 Constitutionibus
1426 1180 1704 1242 utcunque
1740 1172 2016 1242 corruptis

437 1263 663 1334 vestigia
693 1263 793 1317 aevi
826 1277 935 1333 quo
964 1261 1269 1331 compilatae
1299 1250 1541 1332 primum
1576 1260 1817 1317 fuerunt.
1851 1260 2017 1316 Nam-

434 1371 543 1426 que
586 1355 675 1411 ubi
719 1355 957 1427 plurium
990 1352 1359 1409 Ecclesiarum
1412 1352 1470 1407 lit
1513 1354 1740 1419 mentio,
1783 1369 1905 1425 quae
1948 1353 2017 1409 ab

438 1448 705 1518 aposmlis
749 1446 998 1519 pr0prios
1039 1446 1325 1517 episcopos
1378 1444 1664 1500 ordinatos
1711 1445 2012 1511 habebant,

440 1556 551 1595 non
601 1541 747 1595 ultra
803 1539 1020 1595 tertiam
1082 1539 1486 1594 successionem
1553 1537 2012 1609 progrediuntur;

436 1634 606 1689 veluti
639 1649 764 1689 cum
791 1634 995 1688 dicitur
1022 1632 1092 1688 de
1118 1630 1459 1704 Smyrnensi.
1500 1631 1753 1705 Σμύρνης
1779 1632 1836 1686 δὲ
1876 1632 2020 1705 Ἀρι-

440 1738 580 1781 στων
601 1727 837 1799 πρῶτος,
866 1716 984 1797 μεθ’
1014 1725 1072 1779 ὃν
1095 1726 1397 1797 Στραταίας
1419 1723 1447 1780 ὁ
1473 1725 1695 1791 Λώῖδος,
1724 1726 1818 1780 καὶ
1839 1726 2020 1797 τρίτος

450 1814 744 1885 Ἀρίστωνι
771 1814 1011 1885 Smyrnw
1040 1814 1219 1870 Aristo
1255 1816 1481 1884 primus,
1525 1825 1643 1885 post
1684 1832 1836 1887 quem
1864 1813 2023 1872 Stra-
2055 1824 2097 1879 Β

439 1918 567 1983 neas
606 1905 787 1962 Loidis
822 1907 990 1978 ﬁlius,
1023 1924 1084 1962 ac
1114 1896 1301 1962 tertius
1332 1907 1512 1962 Aristo
1544 1907 1678 1978 (42).
1729 1905 1888 1962 Nulla
1933 1907 2024 1962 hic

436 1994 750 2071 Polycarpi,
798 1998 1027 2070 ejusque
1069 1999 1382 2056 decessoris
1430 1997 1655 2063 Bucoli,
1693 1997 1752 2053 ﬁt
1796 1999 2022 2065 mentio,

436 2090 679 2161 adeoque
705 2089 1011 2147 Cotelerius
1044 2090 1324 2145 adnotavit
1358 2107 1371 2143 :
1411 2089 1543 2145 Post
1578 2090 1865 2145 secundum
1902 2091 2027 2145 Ari-

436 2194 638 2239 stonem
670 2199 947 2239 numerare
977 2184 1094 2238 licet
1123 2182 1401 2250 Bucolum,
1432 2182 1650 2253 indeque
1677 2182 2027 2253 Polycarpum

438 2268 504 2328 ab'
547 2274 786 2344 apostolo
814 2272 1023 2328 Joanne
1046 2271 1337 2342 Smyrnaeis
1378 2273 1741 2343 prtepositum,
1779 2274 2023 2344 inquiunt

438 2374 651 2431 reteres,
684 2368 871 2437 quique
905 2365 1023 2420 ideo
1050 2373 1258 2434 poterat
1285 2365 1380 2419 hoc
1417 2365 1531 2420 loco
1575 2367 1890 2429 memorari;
1925 2380 2025 2437 po-

439 2470 583 2516 terat
610 2462 829 2532 quidem
860 2462 929 2517 ab
968 2461 1078 2515 alio
1103 2474 1267 2530 quam
1290 2460 1569 2517 Clemente
1606 2461 1919 2525 memorari,
1951 2463 2030 2517 si-

440 2551 663 2620 quidem
688 2565 810 2621 quae
842 2550 1065 2621 scripsit
1093 2550 1401 2606 Cotelcrins
1432 2551 1688 2622 expedita
1732 2560 1861 2607 sunt
1890 2552 2023 2625 (45).

439 2642 695 2698 Clemens
736 2642 922 2712 itaque
956 2657 1067 2697 non
1105 2642 1247 2697 ultra
1278 2658 1399 2698 eam
1432 2643 1836 2699 successionem
1866 2651 2029 2714 atque

440 2732 791 2789 traditionem
820 2733 1075 2805 progredi
1117 2735 1315 2804 potuit,
1338 2751 1497 2807 quam
1541 2745 1662 2790 ante
1705 2736 1886 2795 oculos
1927 2736 2029 2790 ha-

440 2827 577 2890 buit,
630 2836 691 2881 ut
739 2826 920 2882 verbis
967 2834 1096 2881 utar
1135 2826 1343 2882 Irenaai.
1402 2826 1536 2881 Nam
1587 2826 1645 2882 S.
1677 2829 1871 2883 doctor
1897 2843 2025 2884 cum

442 2917 780 2988 argumentis
823 2932 853 2971 a
882 2918 1178 2975 traditione
1229 2918 1414 2989 petitis
1470 2926 1716 2973 uteretur
1761 2920 2024 2977 adversus

440 3008 730 3064 haereticos
759 3049 773 3070 .
843 3010 1115 3080 praecipue
1179 3008 1247 3063 ad
1303 3010 1637 3064 Clementem
1715 3020 2021 3080 provocat:

439 3101 621 3171 Τρίτῳ
666 3100 817 3171 τόπῳ
870 3101 978 3154 ἀπὸ
1032 3100 1142 3153 τῶν
1192 3101 1506 3154 ἀποστόλων
1578 3102 1679 3173 τὴν
1722 3102 2027 3175 ἐπισκοπὴν

440 3164 737 3263 κληροῦται
772 3164 1034 3263 Κλήμης,
1070 3193 1099 3245 ό
1124 3192 1218 3245 καὶ
1266 3190 1526 3264 ἑωρακὼς
1564 3164 1692 3256 τους
1726 3164 2028 3265 μακαρίους
2054 3164 2097 3223 c

442 3283 802 3347 ἀποστόλους,
834 3283 930 3337 καὶ
963 3281 1359 3354 συμϐεϐληκὼς
1396 3284 1610 3348 αὐτοῖς,
1641 3283 1736 3338 καὶ
1765 3282 1843 3338 ἔτι
1872 3284 2031 3339 Evan-

442 3375 533 3428 λον
559 3375 623 3429 τὸ
649 3377 913 3447 κήρυγμα
950 3375 1062 3429 τῶν
1088 3376 1423 3441 ἀποστόλων,
1454 3376 1547 3430 καὶ
1587 3377 1690 3449 τὴν
1732 3375 2030 3450 παράδοσιν

445 3468 553 3540 πρὸ
579 3467 874 3540 ὀφθαλμῶν
901 3467 1061 3540 ἔχων,
1091 3486 1144 3523 κ.
1167 3485 1217 3523 τ.
1240 3468 1290 3523 λ.
1328 3466 1505 3526 Tertio
1533 3468 1647 3524 loco
1678 3471 1742 3524 ab
1772 3470 2028 3540 apostolis

444 3560 805 3629 episcopatum
836 3561 1060 3613 sortitur
1089 3557 1352 3626 Clemens,
1375 3562 1466 3632 qui
1499 3571 1551 3616 et
1570 3561 1698 3616 vidit
1738 3562 1880 3631 ipsos
1903 3578 2029 3632 apo-

447 3650 633 3715 stolas,
667 3647 720 3705 el
745 3650 969 3705 contulit
998 3666 1116 3703 cum
1145 3650 1244 3715 eis,
1267 3660 1316 3705 et
1346 3667 1465 3705 cum
1494 3650 1669 3705 adhuc
1695 3652 2027 3707 insonantem

446 3742 879 3811 pradicationem
949 3746 1344 3813 apostolorum,
1403 3755 1453 3800 et
1503 3746 1841 3802 traditionem
1910 3759 2030 3803 ante

448 3833 632 3888 oculos
658 3833 936 3890 haberet...
962 3837 1285 3891 annuntians
1313 3852 1471 3908 quam
1503 3838 1556 3891 in
1581 3838 1776 3892 recenti
1804 3836 1871 3891 ab
1901 3854 2030 3907 apo-

448 3923 601 3978 stolis
644 3935 913 3992 acceperat
952 3925 1312 3982 traditionem.
1365 3926 1670 3983 Traditione
1714 3930 1877 4000 igitur
1915 3948 2031 4002 qnce

446 4022 527 4071 est
567 4016 633 4069 ab
678 4018 931 4085 apostolis
964 4018 1043 4071 sic
1070 4032 1125 4073 se
1160 4017 1378 4075 habente
1426 4020 1481 4075 in
1505 4018 1765 4088 Ecclesia,
1815 4031 1865 4077 et
1911 4038 2031 4092 per-

448 4116 692 4162 manente
725 4108 866 4177 apud
908 4124 1025 4174 nos,
1070 4119 1396 4166 revertamur
1439 4111 1510 4166 ad
1546 4129 1663 4167 eam
1698 4128 1814 4185 qua:
1859 4122 2031 4169 estea:

451 4199 747 4269 Scripturis‘
780 4203 1124 4256 ostensionem
1151 4202 1284 4275 (44).
1318 4200 1433 4258 lloc
1473 4202 1615 4259 idem
1651 4213 2028 4275 argumentum

450 4302 481 4341 a
523 4290 821 4347 traditione
883 4291 1189 4347 derivatum
1251 4292 1598 4349 commendat
1674 4291 1914 4349 lrenaens
1974 4295 2028 4349 in

450 4381 775 4450 praefatione
810 4382 936 4437 libri
971 4383 1118 4438 tertii
1166 4382 1233 4438 ad
1279 4384 1539 4449 amicum,
1580 4398 1742 4455 quem
1774 4387 2030 4456 superius

450 4486 560 4527 non
589 4471 755 4527 alium
786 4471 954 4528 fuisse
987 4473 1055 4529 ab
1084 4471 1375 4547 Hippolyto
1406 4474 1806 4533 indicavimus:
1834 4475 2025 4531 Evenit
2064 4513 2106 4567 υ

451 4568 629 4638 itaque
661 4584 825 4637 neque
854 4566 1143 4636 Scripturis
1171 4568 1311 4638 jam,
1359 4584 1524 4639 neque
1571 4568 1850 4623 traditioni
1897 4586 2025 4623 con-

451 4661 647 4722 sentire
675 4675 783 4714 eos.
813 4658 1075 4715 Adversus
1098 4659 1239 4718 tales
1278 4669 1541 4715 certamen
1568 4661 1720 4715 nobis
1745 4670 1844 4726 est,
1885 4679 1915 4717 o
1945 4661 2029 4716 di-

452 4750 752 4804 lectissime.
770 4748 958 4804 lrenaei
978 4763 1107 4820 ergo
1137 4757 1382 4819 tempore
1412 4758 1534 4821 post
1564 4748 1879 4822 Scripturas
1911 4760 2030 4808 erat

452 4842 509 4896 in
548 4840 795 4897 Ecclesia
841 4846 991 4911 certa
1034 4838 1280 4909 quaedam
1324 4836 1572 4904 traditio,
1612 4838 1680 4894 de
1722 4855 1831 4909 qua
1867 4855 2031 4896 nemo

453 4934 559 4990 nisi
587 4934 875 4990 haereticus
900 4930 1189 4988 dubitaret.
1225 4929 1378 4986 Hanc
1408 4931 1653 4986 eamdem
1678 4926 2027 4986 traditionem

451 5026 737 5082 collectam
766 5040 889 5080 esse
934 5039 965 5080 a
999 5019 1276 5078 Clemente
1326 5022 1463 5078 satis
1511 5020 1718 5076 indicat
1768 5020 2026 5085 lrenaeus,

453 5132 617 5187 quam
649 5114 706 5171 in
734 5110 972 5170 Archivo
1001 5110 1262 5169 Ecclesia:
1290 5109 1551 5167 Romanae
1580 5109 1905 5183 depositam,
1936 5120 2030 5167 aut

454 5219 601 5266 certe
637 5207 838 5264 alicubi
869 5202 1416 5277 servatam'vulgavit
1444 5200 1795 5276 Hippolytus.
1821 5204 2025 5272 Quam-

455 5301 537 5358 vis
582 5301 728 5357 enim
775 5315 887 5357 non
935 5298 988 5355 id
1038 5299 1205 5354 modo
1242 5310 1465 5368 agamus
1515 5304 1573 5352 ut
1615 5295 2028 5352 Constitutiones

526 5504 639 5573 (ιε)
679 5504 903 5560 Constit.
931 5518 1029 5567 vn,
1053 5502 1122 5558 46

492 5571 638 5639 ομό)
677 5573 743 5629 ν.
778 5574 851 5629 Le
879 5573 1075 5639 Quien,
1112 5573 1207 5629 0r.
1233 5571 1384 5639 Clin,
1414 5571 1457 5636 1,
1492 5572 1594 5628 ’740

527 5641 639 5711 (44)
682 5644 740 5699 S.
770 5643 939 5710 lrcn.,
966 5641 1054 5703 Ill,
1081 5645 1115 5697 '5
1140 5654 1195 5698 et
1224 5644 1277 5698 ὅ.

528 5712 639 5783 (45)
678 5712 905 5769 Constit.
934 5730 1021 5781 ap.
1056 5729 1115 5778 ιι,
1148 5713 1239 5780 57,
1269 5712 1359 5779 l8,
1393 5722 1445 5769 et
1476 5724 1598 5779 vm,
1625 5715 1677 5769 5.
1716 5713 1780 5768 ν.
1811 5712 2025 5767 Tertul-

458 5782 588 5839 lian.
623 5784 697 5839 De
722 5801 791 5838 an
824 5824 835 5839 .
867 5801 941 5839 is.
980 5786 1033 5839 9.
1324 5794 1327 5795 '

482 5800 588 5840 tan.
623 5800 697 5839 ue
722 5801 791 5838 an
824 5824 835 5849 ,
867 5801 941 5849 ιι,
980 5800 1033 5839 υ.

2112 576 2265 638 parte
2307 574 2392 622 est
2429 582 2596 622 causa
2642 566 2820 637 ipsius
2875 572 2931 620 et
2980 564 3280 637 Hippolyti,
3324 580 3450 628 cum
3501 567 3688 636 operis

2112 658 2296 727 eximii
2328 658 2795 713 constructionem
2833 656 2925 711 ille
2952 656 3334 722 delineaverit,
3368 656 3473 712 iste
3504 656 3691 728 perle-

2113 750 2271 805 cerit.
2306 748 2547 820 Uterque
2576 756 2759 805 autem
2793 746 2982 806 Graece
3023 748 3267 817 Scripsit,
3300 748 3395 803 sed
3426 749 3692 804 alteruter

2114 839 2363 898 Latinam
2408 842 2648 912 aliquam
2692 839 2990 896 dictionem
3035 840 3285 894 adhibuit
3325 840 3489 911 vulgo
3526 857 3693 896 usur-

2116 944 2317 1006 patam,
2344 932 2801 1003 quemadmodum
2831 932 2925 987 ubi
2954 931 3028 985 ait
3056 951 3068 985 :
3100 932 3279 984 Ἔστω
3298 930 3354 984 δὲ
3375 931 3483 985 τῶν
3508 932 3693 985 τόπων

2116 1026 2357 1098 προνοῶν
2404 1026 2432 1079 ό
2471 1025 2736 1090 διάκονος,
2787 1024 2853 1079 ἶν’
2894 1025 3122 1089 ἕκαστος
3163 1024 3270 1079 τῶν
3296 1023 3699 1095 εἰσερχομένοιν

2116 1120 2194 1181 εἰς
2223 1118 2311 1170 τὸν
2355 1116 2484 1169 ἴδιον
2510 1115 2674 1170 τόπον
2702 1115 2869 1188 ὁρμᾷ,
2904 1115 3000 1170 καὶ
3028 1116 3105 1188 μὴ
3132 1114 3286 1188 παρὰ
3312 1115 3371 1170 τὸ
3387 1116 3699 1183 Ἰγτρόττον

2117 1206 2480 1271 καθέζωνται.
2517 1206 2791 1261 Diaconus
2824 1216 2999 1262 autent
3038 1207 3167 1263 locis
3195 1207 3485 1277 provideat,
3514 1216 3572 1260 ut
3601 1208 3693 1262 in-

2116 1298 2467 1371 gredientium
2495 1298 2712 1371 quisque
2757 1298 2929 1353 locum
2971 1315 3127 1353 suum
3158 1307 3321 1369 petat,
3368 1307 3419 1354 et
3462 1316 3613 1353 nemo
3635 1299 3694 1353 in

2118 1388 2348 1443 introitu
2376 1389 2621 1445 resideat.
2654 1388 2843 1445 Prodit
2865 1388 3063 1445 ibidem
3091 1405 3151 1445 se
3171 1398 3381 1456 auctor,
3410 1397 3698 1444 mutuatus

2118 1480 2179 1535 τὸ
2209 1481 2502 1549 ὶντρόῖτον
2529 1481 2598 1537 ab
2620 1480 2854 1545 Latinis,
2886 1497 3033 1552 quos,
3070 1481 3213 1536 inter
3254 1480 3494 1545 vivebat,
3545 1480 3710 1535 alio--

2120 1575 2213 1646 qui
2255 1575 2324 1630 ab
2362 1575 2584 1631 usitatis
2627 1574 2771 1646 apud
2797 1574 3017 1631 Graecos
3065 1574 3403 1630 dictionibus
3448 1589 3557 1628 non
3601 1589 3696 1629 re-

2122 1667 2401 1724 cessisset.
2434 1666 2760 1737 Hujusmodi
2800 1675 2885 1723 est
2916 1666 3079 1723 etiam
3120 1666 3457 1739 πρόσρησις,
3484 1664 3708 1721 Latinis

2126 1760 2416 1824 adlocutio,
2481 1770 2535 1815 et
2590 1758 2944 1832 προσλαλεῖν,
3006 1758 3228 1829 alloqui,
3284 1766 3343 1812 ut
3394 1756 3697 1811 Romanam

2126 1852 2576 1909 consuetudinem
2602 1859 2794 1906 auctor
2808 1850 3138 1922 exprimeret
3166 1849 3346 1919 potius
3360 1863 3526 1919 quam
3553 1846 3702 1902 Grae.

2126 1960 2249 2000 cam
2274 1945 2406 2015 (45).
2442 1944 2552 2000 Sed
2591 1951 2645 1998 et
2681 1959 2791 1999 non
2813 1958 2985 2013 pauca
3026 1941 3272 1997 invenire
3310 1942 3458 2003 licet,
3490 1954 3611 2011 quae
3637 1946 3699 1993 ut

2125 2036 2389 2107 Romanae
2435 2036 2770 2092 conveniunt
2800 2034 3079 2101 Ecclesiae,
3107 2033 3182 2088 ita
3212 2035 3483 2089 incertum
3514 2040 3598 2086 est
3625 2044 3700 2086 an

2127 2128 2251 2183 aliis
2280 2131 2629 2192 conveniant,
2656 2126 2761 2183 sub
2790 2126 3005 2180 initium
3038 2141 3098 2179 Ill
3128 2124 3311 2180 saeculi
3346 2124 3481 2195 (46).
3519 2122 3703 2194 Atque

2127 2219 2244 2274 haec
2298 2219 2470 2274 invito
2519 2218 2763 2289 pessimo
2812 2216 3096 2285 baeretico,
3144 2215 3238 2287 qui
3284 2214 3700 2270 Constitutiones

2128 2309 2479 2374 adulteravit,
2512 2319 2913 2377 remanserunt,
2944 2310 3013 2365 de
3060 2323 3170 2380 quo
3212 2309 3394 2379 aliqua
3432 2315 3562 2364 sunt
3614 2306 3702 2363 di-

2128 2403 2322 2459 cenda.
3060 2420 3065 2427 '

2743 2536 2974 2594 CAPUT
3012 2536 3079 2593 11.

2335 2696 2468 2763 Quis
2494 2696 2695 2765 primus
2718 2694 3168 2751 Constitutionum
3198 2702 3495 2764 corruptor.

2197 2832 2238 2889 1.
2281 2832 2438 2888 llunc
2486 2833 2761 2889 hominem
2816 2834 2873 2887 in
2918 2830 3155 2911 Oriente,
3192 2832 3396 2887 vixisse
3453 2830 3700 2887 indicant

2128 2926 2396 2982 mensium
2425 2926 2669 2990 nomina,
2697 2940 2821 2995 qua:
2841 2925 3059 2995 propria
3091 2924 3244 2979 fuere
3281 2921 3703 2996 Syro-Macedo-

2125 3003 2280 3081 num,
2309 3015 2563 3071 Xanthici
2596 3032 2811 3087 nempe,
2846 3015 3049 3087 Dystri,
3079 3015 3330 3085 (iorpiwi,
3369 3015 3705 3087 Hyperbore—

2130 3109 2221 3163 twi
2246 3124 2265 3162 :
2298 3116 2412 3164 tum
2439 3123 2657 3180 quoque
2698 3107 3004 3163 Antiochia:
3047 3108 3128 3164 vel
3179 3107 3235 3162 in
3277 3123 3346 3163 eo
3392 3117 3569 3163 tractu
3613 3106 3704 3161 di-

2130 3212 2406 3260 versatum
2449 3219 2572 3258 esse
2612 3202 2820 3257 indicat
2865 3201 3126 3257 solemnis
3181 3198 3415 3255 formula
3473 3202 3709 3272 publicae

2128 3293 2463 3367 precationis
2506 3293 2563 3348 in
2591 3308 2699 3365 qua
2728 3293 3019 3364 episcopus
3045 3292 3446 3347 Alexandrinus
3473 3302 3702 3362 praeter-

2128 3387 2405 3441 mittitur:
2450 3385 2621 3457 ’Υπὲρ
2657 3386 2752 3439 τοῦ
2783 3385 3082 3439 ἐπισκόπου
3128 3385 3283 3457 ἡμῶν
3323 3385 3577 3439 Ἰακώϐου
3605 3385 3705 3439 καὶ

2127 3475 2235 3530 τῶν
2263 3473 2565 3546 παροικῶν
2607 3472 2772 3527 αὐτοῦ
2813 3471 3110 3544 ἂηθῶμεν.
3154 3472 3323 3544 ’Υπὲρ
3350 3470 3443 3524 τοῦ
3480 3469 3696 3524 ἑπισκόο

2129 3581 2233 3619 που
2256 3564 2413 3636 ἡμῶν
2441 3563 2758 3636 Κλήμεντος
2784 3562 2879 3617 καὶ
2905 3562 3014 3616 τῶν
3046 3561 3346 3634 παροικιῶν
3387 3560 3551 3615 αὐτοῦ
3580 3559 3707 3632 δεη-

2130 3656 2329 3730 θῶμεν.
2373 3656 2543 3728 ’Υπὲρ
2569 3655 2665 3709 τοῦ
2696 3655 2995 3709 ἐπισκόπου
3036 3654 3191 3725 ἡμῶν
3220 3653 3439 3707 Εὑοδίου
3474 3653 3570 3707 καὶ
3597 3652 3705 3706 τῶν

2129 3745 2434 3818 παροικιῶν
2463 3744 2627 3799 αὐτοῦ
2655 3743 2952 3816 δεηθῶμεν.
2990 3742 3098 3799 Pro
3132 3743 3372 3812 episcopo
3400 3752 3582 3797 nostro
3603 3741 3705 3797 Ja-

2129 3839 2257 3894 cobo
2290 3847 2339 3892 et
2368 3836 2609 3908 paraeciis
2650 3835 2763 3905 ejus
2806 3850 3036 3890 oremus.
3083 3832 3192 3887 Pro
3240 3834 3479 3903 episcopo
3522 3842 3702 3888 nostro

2130 3930 2394 3986 Clemente
2415 3944 2477 3980 ac
2489 3926 2733 3997 parwciis
2752 3924 2865 3996 ejus
2889 3939 3116 3979 oremus.
3134 3922 3241 3977 Pro
3264 3924 3501 3994 episcopo
3524 3934 3711 3998 nostro

2134 4021 2357 4086 Evodio,
2401 4028 2450 4074 et
2482 4017 2722 4088 parwciis
2757 4016 2869 4086 ejus
2910 4032 3121 4069 oremus
3153 4012 3287 4086 (47).
3319 4012 3451 4080 Quae
3479 4021 3702 4084 praeter-

2131 4108 2325 4164 missio
2354 4107 2424 4163 ad
2447 4114 2689 4162 veterem
2719 4105 3053 4161 simultatem
3077 4103 3335 4159 Ecclesiae
3350 4103 3703 4159 Antiochena:

2131 4214 2257 4253 cum
2296 4195 2661 4253 Alexandrina
2706 4193 2993 4252 referenda
3033 4201 3118 4251 est
3161 4194 3298 4265 (48).
3341 4201 3555 4247 auctam
3607 4209 3701 4248 re-

2130 4292 2275 4346 centi
2306 4290 2432 4346 odio
2461 4290 2725 4346 adversus
2756 4287 3075 4360 Dionysium
3110 4286 3181 4342 Μ.
3205 4285 3547 4341 Alexandriae
3586 4285 3705 4356 epi-

2132 4400 2377 4455 scopum.
2406 4381 2554 4436 Nihil
2582 4380 2728 4436 enim
2749 4386 2916 4445 vetat,
2965 4378 3074 4433 imo
3118 4378 3274 4447 plura
3308 4376 3545 4433 suadent
3574 4389 3702 4429 cor-

2132 4485 2410 4547 ruptorem
2439 4473 2891 4529 Constitutionum
2930 4470 3101 4526 fuisse
3116 4467 3351 4522 Paulum
3391 4466 3698 4523 Samosata-

2132 4583 2287 4634 num,
2324 4565 2454 4620 dum
2499 4564 2603 4621 sibi
2634 4563 2947 4634 praesidium
2976 4577 3042 4616 ex
3073 4574 3140 4615 eo
3175 4560 3365 4615 codice
3411 4574 3521 4614 non
3569 4573 3701 4613 con-

2130 4658 2433 4715 temnendae
2466 4655 2811 4711 auctoritatis
2850 4654 3219 4725 polliceretur.
3264 4650 3402 4707 Hinc
3451 4652 3540 4707 illa
3579 4667 3701 4722 qua:

2129 4750 2498 4806 Arianismum
2539 4748 2778 4819 sapiunt,
2820 4760 2983 4801 nemo
3029 4745 3216 4815 utique
3257 4743 3325 4799 ad
3368 4743 3702 4799 Clementem

2130 4830 2185 4898 et
2206 4842 2577 4914 Hippolytum,
2611 4853 2857 4897 summos
2889 4836 3197 4892 divinitatis
3227 4834 3431 4891 Christi
3463 4842 3703 4890 asserto-

2131 4952 2243 5000 res,
2282 4936 2554 5007 pertinere
2599 4930 2976 4986 arbitrabitur.
3024 4927 3209 4983 Facile
3247 4934 3426 4981 autem
3453 4925 3708 4981 Samosas

2130 5033 2259 5082 teno
2306 5024 2497 5093 ejusve
2550 5021 2776 5077 asseclis
2824 5018 2994 5073 tribui
3044 5024 3311 5089 possunt;
3366 5015 3494 5070 dum
3545 5017 3701 5086 plura

2130 5117 2384 5174 inserunt
2443 5128 2472 5169 a
2524 5111 3005 5168 Constitutionibus
3065 5110 3272 5174 aliena,
3326 5116 3381 5163 et
3430 5108 3703 5163 catholico

2130 5208 2368 5281 dogmati
2409 5221 2637 5278 prorsus
2679 5203 2940 5267 inimica;
2967 5202 3035 5257 de
3062 5199 3263 5271 quibus
3286 5198 3557 5255 Photius:
3592 5200 3702 5252 Καὶ

2130 5299 2208 5353 ἐτι
2272 5294 2623 5370 Ἀριανισμῷ,
2647 5294 2783 5366 ὅπερ
2820 5294 2886 5348 ἄν
2940 5309 3023 5355 τις
3068 5290 3162 5344 καί
3212 5288 3402 5362 βιαίως
3452 5288 3701 5359 διακρού-

2164 5525 2171 5530 ·
2200 5497 2312 5567 (46)
2352 5493 2625 5615 Bithyni,
2682 5492 3021 5548 ὐποδιάκονοι
3047 5534 3061 5557 ,
3101 5492 3455 5563 κοιμητήρια,
3485 5506 3539 5544 κ.
3568 5505 3617 5543 τ.

2164 5568 2363 5615 ειὶαήὶ.
2389 5565 2484 5615 sub
2526 5566 2719 5615 iaconi.
2756 5564 3068 5615 emmeteria.
3101 5562 3194 5615 ubi
3212 5571 3513 5615 conventus
3534 5560 3693 5615 Chr»

2129 5560 2363 5630 ostiarii,
2389 5560 2719 5630 subdiaconi,
2756 5564 3068 5627 ccemeteria,
3101 5560 3513 5618 ubi‘conventus
3534 5560 3693 5616 Cbr'rv

2130 5647 2459 5694 sttanorum.

2198 5706 2315 5777 (47)
2351 5704 2581 5777 _C_on_stit.
2610 5704 2777 5777 v,_l‘,
2801 5703 2868 5777 l7
2888 5711 2942 5777 et
2967 5701 3059 5768 20,
3099 5711 3306 5777 etcan.

2198 5772 2312 5847 (68)
2351 5775 2418 5829 γ.
2448 5773 2841 5839 Pctav.,Tlteol.
2868 5773 3069 5846 dogm.,
3095 5786 3133 5831 t.
3163 5772 3251 5842 IV,
3280 5789 3335 5847 ι).
3363 5773 3486 5829 112.
