2032 3128
204 209 254 237 59‘.)

583 206 883 237 CONSTITU'I‘IONES
902 207 1142 237 ΑΡοδτοιιιεΑῑ,
1157 223 1191 229 -
1207 204 1388 236 ΡΙΚΟἚΜΙΧ.

1769 203 1825 236 ’550

203 269 287 294 casto.
310 246 402 292 Adhuc
426 269 575 300 arguuntur
596 265 744 294 Arionismi
769 266 892 298 crimine,
916 266 984 303 quod

1036 264 1195 301 Πνεύματος
1208 264 1364 301 τετιμήσθω
1378 265 1453 300 ὑμῖν,
1467 264 1548 300 μηδὲν
1561 265 1625 292 ἄνευ
1640 265 1687 292 τοῦ
1700 265 1825 293 διακόνου

202 309 311 339 ποππϋῦ
319 309 444 337 uiolenter
454 310 511 346 quis
521 311 618 345 poterit
630 310 756 346 depellere
769 310 836 347 (ιθ).
851 310 984 344 Quoniam

203 363 265 384 vero
285 360 397 384 constat
419 356 447 383 in
461 355 574 384 Oriente
589 355 692 385 vixisse
712 360 901 392 corruptorem
916 356 986 385 Con-

202 402 369 430 stitutionum
381 420 389 434 ,
414 400 498 433 alium
516 408 532 429 a
545 400 630 430 Paulo
645 401 824 430 Samosateno
845 403 986 439 assignare

204 453 255 477 Ion
277 454 435 483 possumus.
456 446 527 475 Huic
549 448 640 476 omnia
663 448 841 481 conveniunt,
867 448 986 476 maxime

202 500 260 528 qua:
274 493 384 528 sapiunt
395 492 576 526 Judaismum,
593 494 677 522 veluti
691 497 734 522 est
747 495 900 529 exsequatio
915 493 984 522 Sab-

201 539 256 567 bati
277 546 341 567 cum
363 539 408 566 die
422 538 563 568 Dominico
583 540 641 576 (50)
662 547 724 568 cum
746 540 805 576 ipse
827 541 855 568 in
869 540 985 576 gratiam

201 585 300 621 regina
311 584 536 621 Palmyreuorum
558 585 685 614 Zenobias
704 587 732 614 in
749 590 888 622 comperto
903 586 986 614 fuerit

197 632 350 668 judaizans.
387 631 484 661 Patres
518 636 593 661 certe
619 633 666 668 qui
693 633 790 662 ultimo
815 633 985 661 Antiocheno

198 678 316 707 concilio
330 677 462 707 adversus
481 678 690 707 Samosatenum
711 679 903 712 interfuerunt,
928 687 984 706 non

198 730 289 751 mores
315 723 514 754 tantummodo,
529 723 576 751 sed
596 729 623 752 et
640 724 760 760 spuriam
778 725 909 752 damnant
931 724 984 759 [ol-

196 775 306 803 samque
319 766 488 797 doctrinam:
508 768 594 795 Ὅπου
616 767 644 795 δὲ
663 768 784 800 ἀποστὰς
805 768 853 795 τοῦ
873 768 985 800 κανόνος

199 812 245 839 ἐπὶ
259 812 371 848 κίϐδηλα
384 813 432 840 καὶ
449 813 514 840 νόθα
535 813 686 848 διδάγματα
707 813 894 849 μετελήλυθεν,
909 814 984 840 οὐδὲν

195 858 236 885 δεῖ
247 857 295 885 τοῦ
310 857 362 891 ἔξω
376 858 452 891 ἆντος
464 859 514 891 τὰς
527 859 641 895 πράξεις
654 859 766 895 κρίνειν.
791 858 843 886 Sed
858 859 983 895 quoniam

198 903 287 939 aﬂdes'
303 904 394 940 regula
413 905 548 937 recedens.
567 905 602 932 ad
623 906 743 940 spuriam
763 909 788 932 et
807 905 982 932 adulterium

1036 310 1211 346 πράττουσα,
1233 310 1252 347 ἢ
1274 310 1458 346 φθεγγομένη,
1477 309 1517 341 ὡς
1537 310 1597 337 οὐδὲ
1618 311 1633 339 ὁ
1649 311 1826 347 Παράκλητος

1034 357 1080 391 ἀφ’
1094 356 1194 384 ἑαυτοῦ
1207 365 1234 383 τι
1248 356 1333 388 λαλεῖ,
1349 356 1365 392 ἢ
1384 357 1467 388 ποιεῖ,
1486 356 1555 384 ἀλλὰ
1568 355 1686 388 δοξάζων
1699 357 1744 383 τὸν
1758 357 1826 393 Χρι-

1032 402 1098 429 στὸν
1119 402 1262 438 περιμένει
1283 402 1314 428 τδ
1336 401 1442 428 ἐκείνου
1463 401 1580 437 θέλημα.
1610 401 1663 435 Qui
1687 402 1824 437 cpiscopus

1034 453 1132 476 est.....
1149 447 1191 474 hic
1204 448 1324 482 princeps
1342 451 1368 475 et
1381 446 1439 473 duo;
1453 451 1537 474 vester
1550 453 1560 474 .'
1575 447 1617 474 hic
1634 452 1721 474 uester
1735 455 1782 474 rea:
1798 453 1824 475 et

1034 494 1158 529 dynastes
1169 502 1179 521 :
1191 493 1233 521 hic
1256 493 1329 521 vobis
1348 498 1409 528 post
1427 492 1512 520 Deum
1537 497 1656 521 terrenus
1674 493 1756 526 Deus,
1781 495 1825 521 cui

1035 539 1160 567 honorem
1177 544 1305 576 praestare
1319 539 1465 567 debetis....
1483 538 1571 574 Igitur
1592 540 1729 574 episcopus
1751 539 1823 566 uobis

1035 585 1178 620 praesideat
1214 590 1341 621 tanquam
1373 585 1423 612 Dei
1455 585 1585 620 dignitate
1614 585 1822 618 condecoratus,

1035 632 1068 660 ob
1088 639 1167 666 quam
1191 630 1260 658 clero
1281 634 1388 666 praeest,
1410 634 1435 658 et
1456 630 1525 665 plebi
1547 631 1676 658 uniuerste
1699 632 1820 666 imperat.

1036 675 1169 703 Diaconos
1183 681 1271 703 autem
1285 676 1405 710 episcopo
1421 677 1540 708 assistat,
1558 681 1587 703 ut
1596 676 1722 704 Christus
1732 677 1821 710 Patri,

1034 721 1134 756 ipsique
1152 721 1180 748 in
1194 721 1316 749 omnibus
1336 721 1470 756 ineulpate
1489 721 1632 754 ministret,
1647 722 1821 757 quemadmo-

1033 765 1097 793 dum
1113 766 1247 800 Christus,
1268 766 1335 793 nihil
1354 775 1370 793 a
1388 774 1416 794 se
1431 767 1489 800 ipsa
1508 766 1618 800 faciens,
1643 775 1702 802 qua
1724 768 1823 803 placita

1032 817 1095 839 sunt
1108 812 1184 840 Patri
1207 821 1308 848 semper
1332 817 1465 847 operatur.
1490 813 1525 841 At
1539 813 1693 842 diaconissa
1717 824 1733 841 a
1749 816 1821 843 vobis

1033 857 1061 884 in
1084 858 1199 893 ﬁguram
1220 859 1307 886 sancti
1327 857 1443 893 Spiritus
1468 858 1620 892 honoratur,
1643 869 1701 895 qua:
1724 861 1821 897 absque

1032 902 1145 931 diacono
1159 903 1225 932 nihil
1236 908 1308 940 agat,
1323 909 1370 931 aut
1381 904 1515 940 loquatur,
1528 905 1597 933 sicut
1608 913 1654 932 nec
1662 905 1819 935 Paracletus

196 948 346 976 doctrinam
363 957 390 976 te
405 949 553 982 transtulit,
578 950 693 977 hominis
715 949 747 976 ob
759 949 878 976 Ecclesia
902 950 983 977 alieni
997 951 1019 978 B
1034 958 1051 976 a
1071 958 1099 976 se
1117 949 1260 985 quidquam
1286 950 1403 984 loquitur
1426 953 1474 977 aut
1503 949 1588 984 facit,
1616 950 1662 977 sed
1683 950 1819 979 Christum

196 999 271 1022 actus
294 994 448 1022 examinare
473 995 540 1022 nihil
563 996 657 1023 attinet
677 995 744 1030 (5i).
772 995 872 1022 Nostra
898 995 982 1031 igitur

196 1040 346 1074 accusatio,
367 1047 429 1076 quae
456 1043 512 1067 tam
534 1040 665 1075 praeclaro
695 1040 790 1067 nititur
813 1040 980 1073 testimonio,

195 1085 297 1121 alioqui
318 1089 374 1113 tam
399 1086 466 1114 levis
490 1090 532 1114 est
555 1087 579 1114 si
609 1094 671 1114 cum
696 1087 803 1114 caeteris
823 1086 982 1114 conferatur

196 1130 368 1159 Samosateni
389 1132 569 1165 criminibus,
593 1136 624 1159 ut
649 1132 743 1159 haberi
768 1139 818 1167 pro
842 1132 980 1159 calumnia

194 1183 250 1203 non
265 1177 362 1210 possit.
386 1176 517 1210 Quamvis
532 1181 623 1205 autem
643 1185 698 1205 non
713 1177 782 1205 adeo
796 1177 980 1213 reprehenda-

192 1224 239 1248 tur
253 1226 331 1250 vetus
343 1222 389 1250 illa
403 1223 583 1255 consuetudo,
600 1223 717 1251 illustria
728 1223 852 1259 quaedam
870 1223 980 1251 nomina

194 1268 373 1302 pmmittendi
393 1269 471 1296 novis
491 1269 631 1304 operibus,
651 1276 683 1297 ac
701 1270 839 1297 statuendi
853 1273 979 1298 auctores

193 1311 263 1339 inter
282 1319 312 1340 se
335 1313 541 1348 colloquentes;
567 1312 689 1348 profecto
710 1321 742 1342 ea
761 1314 834 1341 ﬁctio
849 1320 978 1350 perpetua

194 1357 341 1386 inducendi
369 1359 507 1394 apostolos
533 1359 624 1387 adhuc
645 1359 734 1392 vivos,
761 1368 843 1396 quam
863 1361 977 1388 Photius

193 1404 397 1431 κακοπλαστίαν
422 1405 586 1440 appellavit,
611 1405 744 1441 duxitque
770 1407 975 1435 accusationum

192 1455 252 1477 esse
277 1449 455 1483 levissima,
480 1450 555 1477 illico
579 1450 690 1485 planum
717 1451 853 1478 hominem
873 1452 974 1486 prodit,

192 1501 223 1533 ac
245 1495 461 1529 ineptissimum,
488 1496 538 1530 qui
562 1496 698 1529 absurda,
721 1496 800 1531 plura
825 1500 852 1524 et
881 1504 974 1525 secum

192 1541 340 1576 pugnantia
367 1547 399 1569 eo
424 1541 555 1569 narrandi
585 1541 666 1569 modo
691 1549 721 1570 se
747 1542 891 1570 admittere
919 1551 974 1571 non

191 1586 316 1620 pervidit.
333 1585 412 1619 Quod
429 1594 495 1615 sane
506 1587 604 1614 vitium
617 1586 698 1615 facile
713 1588 806 1615 sanari
823 1591 923 1624 potest,
936 1588 971 1622 si,

190 1640 221 1660 ea
236 1632 348 1660 ﬁctione
372 1632 492 1665 sublata,
515 1641 571 1661 non
592 1633 621 1662 in
642 1637 777 1661 conventu
799 1634 890 1669 aliquo
906 1641 973 1670 apo-

1037 995 1209 1030 gloriﬁcoas,
1231 999 1363 1029 exspectat
1378 995 1450 1022 illius
1467 995 1626 1024 voluntatem
1647 996 1713 1032 (55).
1741 996 1820 1025 Haud

1033 1039 1137 1068 frustra
1160 1040 1217 1068 haec
1240 1040 1323 1076 impie
1346 1041 1458 1077 scripsit
1474 1040 1682 1075 Samosatenus,
1704 1050 1766 1070 cum
1787 1050 1819 1070 ea

1031 1094 1092 1122 quae
1118 1086 1210 1114 animo
1238 1087 1380 1114 volutabat
1403 1086 1540 1119 etl‘eccrit,
1570 1090 1652 1122 atque
1681 1087 1819 1117 Anomaeis

1028 1140 1090 1160 eam
1107 1132 1251 1166 paritatem
1276 1132 1439 1166 reliquerit:
1463 1133 1557 1168 Ἡμεῖς
1580 1132 1695 1170 λέγομεν
1710 1134 1820 1169 Πατέρα

1030 1176 1076 1203 καὶ
1090 1175 1154 1203 Υῑδν
1170 1175 1217 1203 καὶ
1230 1175 1308 1210 ἅγιον
1322 1176 1445 1212 Πνεῦμα,
1460 1176 1499 1209 ὡς
1517 1177 1677 1210 ἐπίσκοπον,
1691 1178 1739 1205 καί
1752 1186 1820 1214 πρε-

1028 1220 1170 1256 σϐύτερον,
1191 1220 1239 1248 καὶ
1261 1220 1384 1251 διάκονον
1400 1231 1408 1250 :
1423 1221 1481 1250 Nos
1506 1223 1620 1253 dicimus
1644 1223 1770 1258 Patrem,
1793 1230 1819 1252 et

1029 1264 1149 1299 Filium,
1172 1270 1197 1292 et
1211 1264 1342 1300 Spiritum
1371 1273 1493 1296 sanctum
1514 1277 1572 1297 esse
1597 1270 1685 1298 instar
1705 1271 1820 1305 episcopi

1026 1315 1052 1338 et
1065 1311 1209 1346 presbyteri
1223 1317 1248 1340 et
1259 1311 1365 1340 diaconi
1376 1312 1442 1349 (54),
1459 1313 1498 1343 Ac
1511 1322 1606 1343 revera
1621 1314 1818 1346 Samosatenua

1028 1365 1077 1392 pro
1098 1358 1226 1392 episcopo
1238 1358 1436 1389 Antichristum
1460 1359 1489 1387 in
1503 1361 1650 1396 semetipso
1673 1362 1809 1394 exhibuit.

1026 1402 1103 1430 homo
1124 1403 1234 1437 peccati.
1257 1404 1328 1439 ﬁlius
1351 1404 1518 1439 perditionis,
1540 1407 1585 1440 qui
1609 1406 1766 1435 aduersatur
1789 1414 1815 1436 et

1025 1448 1162 1475 extollitur
1185 1456 1267 1483 supra
1292 1457 1367 1476 omne
1388 1449 1457 1484 quod
1470 1449 1569 1480 dicitur
1584 1450 1664 1484 Deus,
1682 1457 1728 1478 aut
1745 1452 1815 1487 quod

1024 1493 1138 1527 colitur,
1161 1494 1202 1520 ita
1225 1498 1255 1520 ut
1275 1494 1303 1521 in
1328 1494 1422 1528 templo
1443 1494 1491 1522 Dei
1512 1494 1600 1523 sedeat
1626 1496 1765 1525 ostendens
1788 1507 1816 1526 so

1024 1543 1151 1573 tanquam
1162 1539 1198 1566 sit
1209 1538 1278 1566 Deus
1290 1537 1357 1574 (55).
1380 1540 1460 1576 Βῆμα
1476 1540 1524 1576 μὲν
1539 1541 1586 1567 καὶ
1606 1540 1700 1577 θρόνον
1715 1542 1815 1578 ὑψηλὸν

1024 1584 1113 1620 ἑαυτῷ
1127 1584 1437 1620 κατασκευασάμενος...
1461 1587 1518 1617 τοῖς
1531 1586 1560 1613 δὲ
1573 1586 1611 1618 ὡς
1626 1587 1655 1613 ὲν
1669 1587 1735 1623 οἴκῳ
1749 1588 1816 1623 Θεοῆ

1025 1630 1220 1667 σεμνοπρεπῶς
1234 1630 1282 1658 καὶ
1295 1630 1433 1663 εὐτάκτως
1445 1631 1600 1664 ἀκούουσιν,
1621 1632 1756 1668 ἐπιτιμῶν
1770 1635 1817 1660 καὶ

190 1678 323 1705 stolarum
338 1678 418 1713 quasi
436 1678 586 1705 viventium
602 1679 701 1711 oratio,
716 1683 743 1707 at
765 1679 824 1714 ipsa
840 1679 973 1708 referatur

1028 1676 1204 1712 ἱνυσρίζων...
1221 1676 1470 1713 μεγαλορῤημονῶν
1485 1678 1550 1713 περὶ
1572 1678 1670 1705 ἑαυτοῦ
1691 1679 1817 1717 καθάπερ

190 1722 322 1757 κοὰἰιίος
351 1722 581 1758 quemadmodum
606 1730 661 1750 non
689 1723 846 1752 dubitamus
874 1724 973 1753 iecisse

1028 1721 1072 1749 nix
1085 1722 1244 1755 ἐπίσκοπος,
1259 1722 1327 1750 ἀλλὰ
1343 1723 1472 1759 σοφιστὴς
1487 1724 1534 1750 καὶ
1548 1724 1624 1760 γόης.
1639 1724 1772 1760 Ψαλμοὺς
1788 1726 1817 1758 δὲ

190 1766 357 1795 Clementem
384 1771 468 1802 atque
486 1767 660 1804 Hippolytum
671 1789 679 1800 ,
702 1770 881 1805 gravissimos
899 1771 973 1799 viros

1028 1768 1085 1800 τοὺς
1100 1768 1150 1804 μὲν
1164 1769 1203 1801 εἰς
1215 1768 1261 1796 τὸν
1275 1768 1377 1804 Κύριον
1400 1769 1478 1805 ήμῶν
1499 1769 1601 1806 Ἰησοῦν
1615 1770 1733 1807 Χριστὸν
1746 1771 1816 1799 πούς

191 1812 430 1840 ctsanctissimos.
454 1811 498 1839 An
514 1820 579 1839 vero
601 1812 718 1842 adhibito
736 1814 857 1841 examine
881 1815 972 1842 critico

1028 1821 1105 1846 Iac...
1122 1814 1162 1846 εῑς
1175 1814 1271 1842 ἑαυτὸν
1285 1814 1313 1843 δὲ
1328 1815 1357 1842 ἐν
1372 1815 1443 1852 μέσῃ
1457 1816 1490 1851 τῇ
1505 1814 1640 1852 ἐκκλησίᾳ
1659 1818 1693 1853 τῇ
1710 1817 1816 1854 μεγάλῃ

192 1857 401 1889 accuratissima,
417 1858 519 1892 possint
532 1858 702 1892 supposititia
716 1867 732 1886 a
746 1859 864 1894 genuinis
879 1859 973 1887 distin-

1028 1858 1070 1886 τοῦ
1085 1859 1180 1895 Πάσχα.
1200 1860 1292 1896 ἡμέρᾳ
1311 1860 1465 1896 ψαλμῳδείν
1488 1863 1619 1895 γυναῖκας
1641 1852 1816 1898 adpositam:
1857 1852 1865 1864 ’

188 1904 235 1940 gui
244 1923 252 1936 ,
268 1908 294 1932 et
306 1904 345 1931 sic
360 1904 436 1932 nobis
453 1908 598 1939 appareant
612 1904 698 1931 multa
713 1905 826 1939 genuino
840 1904 974 1940 apostolo-

1028 1903 1093 1937 ζων,
1108 1901 1145 1932 ὧν
1159 1906 1207 1933 καὶ
1220 1905 1340 1936 ἀκούσας
1354 1906 1386 1934 ἄν
1400 1914 1441 1937 τις
1457 1905 1585 1942 φρίξειεν.
1603 1905 1674 1935 Nam
1685 1913 1712 1936 et
1727 1908 1814 1946 tribuj

188 1958 250 1977 rum
266 1955 444 1983 monumento,
466 1951 541 1986 quod
564 1951 618 1979 sibi
640 1952 728 1979 suasit
741 1950 794 1978 hoc
818 1952 919 1980 saeculo
932 1951 974 1978 vir
1024 1951 1247 1979 noletsublimem
1261 1951 1814 1990 thronumsibiipseconstruxit....eosqui

188 1996 380 2032 antiquitatem
398 1995 625 2025 Constitutionum
650 1997 723 2024 ultra
744 2004 826 2032 quam
846 2005 897 2032 par
915 2001 974 2025 erat
1025 2004 1084 2024 cum
1096 1999 1224 2032 grauitate
1240 2006 1271 2025 ac
1284 1998 1412 2026 modestia
1432 1999 1500 2026 sicut
1514 1999 1542 2026 in
1563 1998 1641 2026 domo
1659 1999 1708 2027 Dei
1727 2000 1812 2035 decet,

187 2042 334 2075 extollens,
354 2042 383 2070 id
399 2042 557 2078 hujusmodi
576 2042 666 2069 critici
680 2042 800 2070 viderint
826 2043 975 2071 accuratis-

187 2088 250 2116 simi
261 2087 332 2124 (se).

221 2133 254 2163 ll.
275 2133 379 2163 Paulus
389 2133 581 2163 Samosatenus
595 2142 648 2161 non
660 2141 714 2162 uno
728 2133 786 2162 loco
799 2141 828 2161 sa
841 2133 930 2169 prodit
946 2134 974 2161 in

189 2178 566 2208 Constitutionibus.—Nobis
585 2178 810 2208 Constitutionum
827 2183 974 2214 corrupto-

189 2233 246 2253 rem
260 2224 503 2261 satestindicasse,
511 2232 591 2259 quem
605 2224 688 2252 etiam
699 2224 853 2259 loquentem
867 2224 972 2258 audire,

187 2277 220 2298 ac
228 2277 314 2305 prope
327 2269 416 2297 oculis
427 2268 527 2297 intueri
536 2268 559 2296 si
570 2268 633 2304 quis
654 2269 718 2296 velit
735 2269 763 2296 in
779 2267 836 2296 haec
853 2269 975 2296 animad-

188 2319 287 2346 vertat.
306 2314 334 2342 '0
350 2314 555 2345 ὲπίσκοπος.....
566 2310 644 2345 οὗτος
657 2313 749 2349 ἅρχων
763 2313 811 2341 καὶ
824 2313 974 2350 ἡγούμενος

186 2361 274 2397 ὑμῶν.
297 2355 381 2392 Οὗτος
403 2359 480 2396 ὑμῶν
502 2359 627 2396 βασιλεὺς
650 2360 697 2386 καὶ
720 2358 864 2396 δυνάστης.
891 2357 974 2394 οὗτος

186 2406 264 2443 ὑμῶν
283 2405 404 2440 ἐπίγειος
416 2405 483 2437 Θεὸς
503 2405 572 2441 μετὰ
584 2404 662 2437 Θεὸν,
677 2404 706 2437 ὃς
720 2405 822 2440 ὀφείλει
839 2406 889 2441 τῆς
908 2408 973 2442 παρ’

186 2453 263 2489 it}qu
282 2453 365 2489 τιμῆς
385 2452 587 2480 ἀπολαύειν.....
602 2452 616 2479 ὁ
631 2451 686 2488 γὰρ
706 2451 854 2484 ἐπίσκοπος
867 2460 972 2488 προκα-

185 2499 306 2532 θεζέσθω
319 2499 406 2535 ὑμῶν,
421 2499 459 2531 ὼς
471 2498 538 2526 Θεοῦ
557 2498 621 2534 ἀξίᾳ
639 2497 830 2534 τετιμημένος,
845 2494 863 2535 ᾖ
878 2499 974 2533 κρατεί

184 2546 232 2574 τοῦ
252 2545 366 2583 κλήρου,
381 2546 429 2573 καὶ
445 2545 493 2572 τοῦ
508 2544 572 2573 λαοῦ
593 2544 694 2577 παντὸς
705 2544 801 2580 ,ἄρχεο
823 2544 852 2571 ὀ
870 2544 897 2571 δὲ
916 2544 974 2571 διά·

185 2601 264 2624 κονος
284 2591 374 2628 τούτῳ
390 2591 570 2628 παριστάσθω
590 2591 628 2623 ὡς
647 2591 663 2618 ό
675 2590 793 2627 Χριστὸς
813 2589 853 2626 τῷ
873 2588 971 2627 Πατρὶ,

185 2638 233 2665 καὶ
250 2637 442 2674 λιιτουργείτω
459 2636 538 2673 αὐτῷ
560 2637 590 2664 ὲν
613 2637 696 2674 πᾶσιν
719 2636 882 2672 ἀμέμπτως,
906 2636 944 2668 ὥς
957 2638 972 2663 ὁ

185 2682 302 2720 Χριστδς
315 2673 362 2719 ἀφ’
376 2683 473 2711 ἑαυτοῦ
488 2682 573 2710 ποιῶν
586 2673 672 2714 οὐδὲν,
683 2681 717 2708 τὰ
730 2681 833 2717 ἀρεστά
847 2683 921 2709 ποιεῖ
932 2682 971 2717 τῷ

185 2729 274 2766 [lupi
286 2729 412 2759 πάντοτε.
433 2730 466 2757 Ἡ
482 2729 511 2757 δὲ
528 2728 650 2760 διάκονος
672 2729 712 2759 εἰς
732 2726 816 2754 τύπον
830 2727 877 2755 τοῦ
892 2728 970 2763 ἁγίου

233 2797 279 2829 ιθ)
298 2797 391 2829 Phot..
405 2798 466 2826 cod.
478 2805 557 2825 cxnl.

233 2797 267 2825 ιθ
298 2797 391 2829 Phot..
405 2798 466 2826 cod.
478 2805 545 2825 cmi

234 2833 269 2862 50
300 2833 413 2862 Constit.
431 2841 490 2864 vm.
507 2833 551 2860 35.

234 2868 265 2896 51
299 2869 350 2904 Δρ.
367 2868 466 2896 Euseb.
486 2867 520 2894 Η.
538 2867 551 2893 ιε

244 2903 278 2930 ’21
299 2903 444 2931 Barattcr..
461 2903 499 2930 De
514 2901 551 2931 Co

234 2867 279 2906 ξε)
299 2869 350 2906 ᾼρ.
367 2867 569 2906 Euseb._H..E.
589 2876 638 2898 vn,
651 2867 696 2893 50.
734 2901 751 2906 η

187 2901 278 2965 2δῖἱῶ
299 2901 444 2935 ΒΞιι-ιιῑιοτ,,
461 2903 499 2930 De
514 2901 604 2931 Const.
624 2906 708 2935 apost.
726 2901 836 2928 dissert.
859 2903 885 2930 Ξ.
906 2909 966 2937 pug.

1025 2042 1157 2076 audirent,
1172 2043 1324 2079 increpabat
1338 2049 1363 2071 et
1379 2044 1544 2071 contumeliis
1565 2044 1726 2079 amciebot...
1738 2046 1770 2074 de
1787 2055 1814 2078 se

1024 2092 1112 2115 autem
1128 2089 1185 2123 ipso
1206 2090 1345 2124 magniﬁce
1363 2089 1518 2124 loquebatur
1537 2098 1589 2118 non
1614 2095 1644 2117 ut
1665 2092 1813 2126 episcopus,

1024 2135 1069 2162 sed
1082 2141 1112 2163 ut
1126 2136 1242 2170 sophista
1260 2141 1283 2164 et
1299 2137 1436 2171 impostor.
1459 2137 1530 2171 Quin
1550 2138 1630 2164 etiam
1652 2139 1768 2172 psalmos
1783 2140 1811 2167 in

1024 2182 1147 2211 honorem
1159 2182 1266 2213 Domini
1287 2182 1446 2218 nostri‘lesu
1458 2182 1560 2211 Christi
1581 2183 1739 2213 abolevit....
1753 2193 1813 2218 mu:

1025 2228 1101 2257 lieres
1121 2237 1181 2256 vero
1205 2229 1232 2257 in
1254 2228 1338 2256 medio
1365 2214 1483 2257 Ecclesia:
1514 2237 1609 2264 magno
1632 2229 1744 2258 Pascha?
1770 2230 1813 2268 die

1024 2274 1140 2308 psalmos
1161 2273 1291 2308 quosdam
1317 2282 1410 2303 canere
1427 2274 1463 2301 ad
1478 2274 1520 2301 sui
1540 2275 1622 2309 ipsius
1639 2275 1745 2304 laudem
1769 2277 1813 2310 ing

1024 2319 1225 2353 stituit.,quod
1247 2318 1351 2354 quidem
1373 2319 1541 2349 audientibus
1563 2320 1698 2348 horrorem
1719 2322 1812 2350 merito

1024 2364 1175 2394 incesserit.
1210 2365 1274 2395 Haec
1300 2365 1394 2398 Patres
1418 2366 1458 2395 illi
1485 2368 1641 2403 gravissimi
1667 2373 1812 2403 postremas

1023 2410 1197 2447 Antiochense
1214 2411 1311 2447 synodi
1326 2411 1458 2440 damnare
1472 2417 1589 2448 pergunt
1615 2413 1643 2441 in
1659 2413 1744 2441 Paulo
1760 2412 1811 2451 Sa:

1023 2456 1243 2493 mosateno,(56),
1265 2464 1325 2492 quae
1350 2456 1414 2485 licet
1430 2458 1557 2492 protrita,
1583 2465 1673 2493 opera:
1689 2459 1809 2494 pretium

1023 2501 1068 2529 hic
1082 2501 1135 2528 fuit
1145 2501 1266 2536 referre;
1280 2506 1311 2529 ut
1324 2510 1357 2530 eo
1371 2502 1458 2538 magis
1476 2510 1539 2530 vera
1556 2502 1807 2538 deprehendantur,

1023 2546 1167 2583 lucemque
1203 2547 1341 2583 accipiant
1371 2556 1404 2575 ex
1427 2548 1612 2583 praemeditato
1637 2548 1808 2577 Samosateni

1022 2591 1138 2621 consilio
1146 2611 1155 2627 ,
1178 2600 1234 2628 quo
1249 2593 1276 2620 in
1288 2593 1527 2621 Constitutionibus
1538 2593 1719 2628 apostolorum
1729 2601 1809 2623 suum

1021 2637 1097 2665 virus
1124 2638 1295 2667 occuluerat.
1329 2637 1421 2674 Neque
1447 2638 1520 2666 enim
1546 2639 1697 2668 Ecclesiam
1733 2640 1809 2667 illam

1021 2681 1251 2712 ﬂorentissimam
1295 2688 1356 2719 post
1396 2683 1596 2712 Demetrianum
1633 2691 1809 2721 corrumpere

1020 2728 1088 2756 adeo
1101 2723 1248 2765 potuisset,
1269 2733 1298 2756 ut
1312 2729 1404 2765 plures
1423 2729 1538 2758 haberet
1559 2730 1642 2758 etiam
1661 2731 1808 2768 episcopos

1055 2795 1111 2830 (53)
1130 2795 1242 2823 Constit.
1266 2804 1308 2829 ap.
1325 2804 1344 2824 η
1356 2816 1364 2828 ,
1376 2796 1420 2824 26.

1055 2831 1111 2868 (ξι)
1130 2832 1252 2868 Αιιοιῃω.
1278 2831 1456 2868 ᾼςίτιηηηίειι.
1480 2831 1500 2861 1,
1529 2832 1565 2859 De
1579 2832 1652 2859 Trm.
1684 2833 1734 2862 int.
1760 2841 1805 2868 op.

1021 2865 1048 2893 S.
1064 2865 1138 2901 Max.
1151 2866 1223 2901 (δρυῒ.
1247 2870 1267 2894 t.
1286 2866 1317 2898 ll’,
1335 2875 1360 2901 p.
1375 2866 1438 2894 406.

1055 2900 1111 2936 (55)
1133 2900 1153 2926 ll
1169 2900 1266 2936 Thess.
1279 2909 1308 2933 Il,
1324 2900 1350 2928 Ιιξ.

1055 2933 1112 2971 (56)
1132 2937 1182 2972 Ap.
1199 2933 1298 2965 Euseb.
1314 2936 1338 2963 Il
1417 2943 1464 2969 vn,
1479 2937 1523 2964 50.
