2032 3128
175 209 227 239 5:3

576 210 875 241 CONSTITUTIONES
890 208 1127 241 Αροετοιιοίε-
1139 229 1171 233 -
1184 206 1356 241 PROGJMIA

1737 205 1790 243 553

176 269 289 302 omnino
315 269 413 304 prohat
431 268 560 298 Petavius
580 270 757 306 (64);jurene
781 277 815 297 an
836 268 958 304 injuria,
973 272 996 301 Α
1009 269 1296 304 collum—Quoniam
1312 277 1378 298 vero
1387 273 1552 306 postremum
1568 264 1789 299 Constitution-nt

177 322 228 344 suo
251 315 313 342 loco
337 315 538 351 inspiciendum
559 316 622 344 erit.
650 316 722 349 Quin
748 316 829 344 etiam
849 315 957 351 liturgia
1009 312 1120 350 librum,
1142 316 1189 352 qui
1214 320 1328 344 octavus
1342 319 1395 350 est,
1423 316 1583 344 nominatim
1609 317 1637 345 in
1650 317 1791 346 codicibus

161 367 259 397 tquam
283 361 418 389 exhibent
442 360 792 394 ConstitutionesJiomana
816 365 869 393 est,
898 368 959 396 quae

179 407 267 435 adhuc
293 407 320 435 in
340 407 483 443 pervigilio
500 406 644 435 Paschalis
666 407 801 442 pnecipua
819 407 863 434 sui
882 410 959 441 parte

177 459 311 483 servatur.
329 453 397 482 Nam
420 458 447 482 et
466 453 591 483 Justinus
613 455 716 490 Martyr
735 454 857 482 eamdem
880 454 957 480 litur-

164 501 247 537 -giam
263 500 401 536 designat,
415 507 448 528 ac
459 500 552 528 Romae
575 501 699 529 scribens
718 507 772 527 non
787 500 866 527 aliam
887 499 958 527 indi-

176 550 275 575 casset.
299 546 431 579 Quamvis
456 549 546 574 autem
565 547 593 573 in
608 553 641 574 eo
655 546 827 573 consentiant
845 544 956 577 eruditi,

162 591 246 628 'quod
264 590 366 619 Justini
389 596 415 619 et
437 591 659 620 Constitutionum
680 599 734 619 una
755 591 792 619 sit
808 591 958 626 eademque

161 637 293 672 lliturgia,
318 636 497 665 nihilominus
517 637 668 664 Romanam
687 636 772 664 fuisse
790 640 900 673 negant,
917 640 958 663 at-

174 684 227 718 que
241 683 277 710 ab
295 681 405 710 Oriente
427 686 563 718 repetunt.
587 681 666 715 Quod
692 689 804 710 necesse
829 689 883 708 non
903 686 956 713 est,

174 736 236 757 cum
262 728 290 756 in
304 727 453 756 Occidente
476 728 568 763 potius
590 728 617 755 in
639 735 690 755 usu
714 727 812 759 fuerit,
837 727 958 762 adeoque

173 772 260 801 (δι-ωθί
271 780 332 801 eam
346 773 507 808 plerumque
519 773 670 801 omiserunt
689 773 716 800 in
730 773 788 800 suis
804 772 956 801 codicibus.

162 819 284 847 Accedit
309 817 339 847 S.
348 818 436 846 Procli
451 818 748 854 Constantinopolitani
772 818 956 847 testimonium

161 865 291 901 insigne,
305 865 351 900 qui
366 865 488 893 omnium
503 865 618 900 primam
633 872 692 893 eam
707 865 844 901 liturgiam
862 872 957 892 recen-

165 915 214 939 set
226 921 233 938 :
247 911 280 938 '0
294 919 324 938 τι
344 911 479 947 μακάριος
498 910 613 946 Κλήμης
623 931 630 942 ,
653 911 668 937 ὀ
680 910 728 937 τοῦ
741 910 890 946 κορυφαίου
903 910 956 937 τῶν

171 956 327 984 ἀποστόλων
347 957 470 993 μαθητὴς
488 957 535 984 καὶ
562 957 692 992 διάδοχος,
709 955 782 992 αὐτῷ
801 957 855 983 τῶν
877 956 955 992 ιερῶν

170 1002 326 1029 ἀποστόλων
350 1002 597 1039 ὑπαγορευσὰντων
611 1010 621 1029 :
644 1002 740 1029 Beatus
758 1002 882 1029 nimirum
896 1001 957 1030 Cle-

171 1056 243 1075 mens
257 1049 354 1076 summi
374 1048 447 1076 illius
465 1049 644 1083 apostolorum
665 1049 791 1083 principis
810 1048 955 1083 discipulus

171 1098 196 1121 et
209 1102 354 1127 successor,
365 1095 410 1130 qui
423 1094 507 1121 sacris
521 1094 649 1129 apostolis
667 1095 691 1122 ei
705 1094 866 1122 distantibus
880 1094 955 1122 illam

171 1140 253 1168 edidit
266 1137 333 1177 (65).
357 1140 414 1168 Hoc
426 1141 585 1169 testimonio
600 1148 662 1168 cum
678 1145 837 1176 premantur
850 1141 897 1176 qui
912 1141 956 1168 ni-

163 1186 255 1214 mium
271 1194 301 1214 se
316 1185 411 1214 faciles
428 1187 462 1214 ad
473 1186 635 1222 ejurandam
657 1187 800 1215 veritatem
824 1187 954 1222 praebent.

172 1236 272 1267 negant
304 1232 333 1261 S.
345 1231 434 1260 Procli
460 1240 537 1267 esse;
565 1232 666 1268 quique
688 1232 757 1260 adeo
784 1233 890 1261 ratione
914 1233 954 1261 uti

172 1277 307 1310 nolentes,
323 1278 478 1306 dimittendi
494 1281 569 1306 sunt.
593 1274 728 1310 Quoniam
747 1285 812 1305 vero
830 1277 955 1305 animad-

172 1325 313 1356 vertimus.
331 1323 507 1360 Hippolytum
532 1324 748 1360 παρονομασιαις
771 1324 812 1352 vel
833 1324 954 1351 annomi-

170 1371 320 1399 natianibus
331 1370 494 1398 delectatum
509 1377 580 1401 esse,
593 1369 749 1404 hujusmodi
769 1369 907 1405 ingenium
925 1370 954 1397 in

171 1416 407 1445 Constitutionibus
428 1423 538 1451 quoque
558 1422 589 1443 se
609 1415 711 1450 prodit,
726 1415 772 1442 ubi
787 1422 953 1450 paganorum

170 1461 341 1490 sacriﬁculos
357 1468 411 1488 non
426 1460 586 1492 sacerdotes,
601 1460 700 1496 ἱερέας,
717 1460 832 1495 appellat
846 1464 952 1492 auctor,

171 1507 217 1536 sed
233 1507 363 1543 μηιερέας
375 1506 511 1541 profanos,
528 1505 724 1541 immundosque
744 1505 800 1540 (66)
823 1504 954 1540 quemad-

169 1551 279 1579 modum
297 1555 325 1579 et
342 1551 473 1586 Sibyllam
489 1550 621 1578 Ἀϐυλλαν
637 1550 704 1578 dixit
718 1550 796 1585 quasi
824 1549 952 1586 ἀϐούλην,

971 939 992 968 Β

169 1597 344 1627 inconsultam
362 1604 394 1624 ac
405 1597 559 1625 dementem.
575 1595 629 1624 Sed
643 1600 671 1624 et
682 1595 816 1631 Hippolyti
828 1595 952 1624 doctrina
966 1607 988 1638 ρ

167 1645 262 1674 eadem
278 1644 330 1672 fuit
351 1645 378 1672 in
392 1643 630 1672 Constitutianibus
645 1643 762 1678 aliisque
784 1643 842 1670 suis
861 1643 952 1677 operi-

167 1691 229 1723 bus,
244 1690 375 1718 nimirum
391 1685 524 1718 catholica
539 1698 546 1716 :
564 1689 732 1724 Epiphanius
747 1692 822 1716 certe
835 1689 868 1716 de
882 1688 952 1716 Con-

165 1737 336 1764 stitutionum
349 1736 444 1764 codice
454 1736 536 1764 verba
559 1735 671 1766 faciens,
684 1735 712 1762 in
723 1742 802 1769 quem
816 1741 869 1761 non
884 1734 952 1762 adeo

169 1782 345 1817 depravatum
363 1781 507 1814 inciderat,
522 1781 574 1809 hoc
587 1780 722 1815 judicium
734 1780 860 1815 protulit:
874 1780 952 1807 Πᾶσα

169 1827 224 1864 γὰρ
237 1828 267 1855 iw
281 1828 354 1864 αὐτῷ
367 1827 494 1864 κανονικὴ
509 1827 584 1859 τάξις
597 1826 756 1862 ἐμφέρεται,
771 1825 818 1853 καὶ
831 1825 890 1852 οὐδὲ
903 1825 952 1861 τῆς

166 1873 395 1909 ὲκκλησιαστικῆς
426 1873 600 1908 διοικήσεως,
624 1872 671 1899 καὶ
694 1871 805 1904 κανόνος
832 1871 878 1898 καὶ
907 1870 952 1897 πι-

168 1928 263 1952 στεως.
280 1919 371 1948 Omnis
382 1920 474 1955 quippe
488 1919 630 1946 canonicus
644 1919 708 1946 ordo
725 1919 751 1945 in
764 1918 820 1952 ipso
836 1918 951 1946 contine-

167 1968 220 1997 tur,
238 1969 264 1991 et
279 1963 346 1991 nihil
360 1972 376 1991 a
390 1963 440 1998 (ide
457 1963 589 1995 alienum,
615 1961 852 1997 adulteratumque,
871 1969 952 1996 neque

167 2019 184 2038 α
193 2009 366 2044 confessione,
381 2017 460 2044 neque
474 2008 506 2035 ab
519 2007 698 2036 ecclesiastica
710 2006 950 2038 administratione,

166 2061 191 2093 et
202 2064 311 2088 canone.
333 2063 365 2082 ac
382 2054 443 2090 fide.
463 2053 535 2086 Quin
558 2052 640 2080 etiam
657 2052 770 2079 ulterius
791 2046 952 2086 progressus

166 2105 218 2135 est,
233 2101 399 2135 easdemque
412 2098 622 2127 Constitutiones
642 2097 711 2124 θεῖον
725 2097 814 2131 λόγον,
834 2096 951 2123 divinant

165 2154 311 2175 sermonem
322 2145 468 2181 appellavit
478 2144 546 2180 (67).
558 2143 628 2176 Quid
640 2143 664 2170 si
678 2142 706 2170 S.
717 2141 884 2177 Epiphanius
895 2141 950 2177 (68)

165 2193 352 2228 incorruptam
367 2191 481 2218 vidisset
507 2197 539 2217 ac
562 2190 697 2217 sinceram
709 2187 845 2224 Hippolyti
869 2187 952 2215 colle-

164 2238 302 2267 ctionem?
319 2237 395 2265 Hanc
417 2237 490 2265 enim
516 2238 647 2272 perpetuo
669 2233 789 2266 διάταξιν
803 2233 846 2260 vel
859 2232 952 2259 διατά-

1009 360 1151 398 Hippolyto
1163 363 1296 391 tributum
1307 361 1427 390 Conone:
1438 362 1617 398 apostolorum
1628 367 1790 399 sequuntur,

1001 406 1042 434 de
1064 407 1133 442 ipsis
1159 407 1262 443 aliquid
1281 411 1323 436 est
1344 407 1554 443 subjiciendum.
1576 407 1652 436 Hanc
1666 409 1791 444 equidem

1007 451 1194 480 collectionem
1208 456 1391 488 pervetustam
1412 460 1473 481 esse
1487 457 1550 482 ante
1567 454 1676 482 concilii
1689 454 1790 482 Nicatni

1007 501 1147 533 tempora,
1173 505 1236 526 cum
1258 499 1403 535 rigidiores
1429 499 1520 528 critici
1544 500 1690 534 fateantur,
1723 501 1791 529 nihil

1007 549 1074 570 sane
1098 542 1127 570 in
1149 543 1245 571 eadem
1267 545 1387 572 occurrit
1409 545 1482 580 quod
1497 545 1635 582 Hippoiyti
1657 554 1716 574 sevo
1736 554 1791 575 non

1006 589 1151 616 conveniat
1167 598 1174 616 :
1191 589 1278 624 ipsius
1291 590 1415 625 quinimo
1445 592 1582 628 ingenium
1595 593 1687 628 prodit
1701 601 1791 622 canon

1006 633 1042 661 de
1050 633 1196 667 Pascbate,
1211 642 1247 663 ne
1261 636 1415 664 celebretur
1435 638 1489 673 πρὸ
1502 638 1551 674 τῆς
1565 638 1676 675 ἐαρινῆς
1697 640 1792 676 ἰσημε-

1008 679 1070 715 ριας
1084 679 1153 715 μετὰ
1169 680 1315 714 Ἰουδαίων,
1334 687 1395 709 ants
1411 690 1517 710 oemum
1527 683 1712 718 (equinoctium
1732 692 1791 713 mn

1005 722 1127 757 luditis;
1141 725 1188 760 qui
1202 727 1297 761 utique
1310 726 1424 755 debetur
1439 728 1551 765 synodis
1566 729 1617 756 hac
1630 730 1665 757 de
1679 738 1709 758 re
1723 738 1790 758 coa-

1005 769 1058 797 ctis
1079 770 1207 805 pontiﬁce
1230 770 1360 804 Victore,
1387 772 1460 800 unde
1485 777 1674 809 argumentum
1697 774 1792 804 habuit

1007 812 1170 850 Hippolytus
1194 816 1338 851 evulgandi
1361 817 1460 845 librum
1473 817 1511 845 De
1524 818 1665 852 Paschate,
1687 827 1720 848 ac
1742 820 1791 848 de-

1007 859 1071 887 inde
1085 859 1245 889 Paschalem
1259 860 1408 892 Canonem.
1432 861 1568 893 Plurimos
1589 871 1629 892 es
1648 865 1725 893 hisce
1742 873 1791 894 ca-

1006 904 1124 933 nonibus
1137 905 1173 933 ab
1185 905 1306 934 Ecclesia
1319 906 1442 934 Romana
1462 907 1546 936 fuisse
1559 913 1684 944 receptos
1697 910 1791 945 explo-

1006 953 1096 977 ratum
1110 954 1164 983 est,
1185 951 1258 986 quod
1279 952 1393 980 minime
1413 952 1515 981 factum
1532 958 1616 987 esset,
1629 955 1653 982 si
1671 958 1791 984 canones

1005 996 1076 1023 alios
1096 995 1127 1023 E.
1139 996 1174 1025 Β.
1190 1002 1329 1026 servasset
1351 999 1387 1026 ah
1409 999 1452 1028 his
1472 999 1605 1028 diversos.
1624 1000 1710 1029 ‘Unde
1724 1008 1790 1030 vero

1005 1039 1128 1068 Ecclesia
1138 1039 1260 1069 Romana
1275 1049 1396 1072 canones
1409 1045 1570 1080 accepisset,
1585 1045 1640 1074 nisi
1654 1052 1669 1072 a
1683 1047 1790 1082 seipsa‘i

1003 1084 1090 1120 quue
1108 1086 1178 1115 adeo
1192 1095 1286 1115 verum
1302 1092 1355 1122 est,
1371 1093 1401 1117 ut
1416 1089 1562 1127 Zephyrini
1583 1093 1718 1127 pontiﬁcis
1739 1101 1791 1122 Io—

1003 1138 1070 1160 men
1090 1132 1188 1160 iisdem
1209 1134 1361 1162 canonibus
1377 1137 1567 1170 praeminatur,
1587 1138 1633 1175 qui
1657 1139 1692 1166 ab
1706 1139 1737 1167 E.
1752 1139 1786 1168 R.

1003 1177 1113 1213 probati
1130 1182 1194 1206 sunt
1208 1178 1275 1215 (69).
1300 1179 1525 1210 Temerezautem
1541 1188 1711 1220 assumptum
1726 1193 1790 1214 esse

1004 1231 1104 1251 nomen
1125 1224 1289 1260 Zephyrini.
1318 1234 1382 1254 cum
1403 1235 1498 1255 revera
1519 1229 1571 1257 sub
1594 1230 1654 1265 ipso
1677 1231 1788 1264 vixerit,

1004 1270 1200 1306 scripseritque
1230 1271 1410 1308 Hippolytus,
1447 1282 1529 1303 nemo
1563 1276 1614 1303 sibi
1651 1278 1787 1311 suaserit,

1003 1316 1130 1350 quamvis
1147 1318 1263 1352 epistola
1285 1318 1359 1346 illius
1380 1319 1490 1348 nomine
1504 1321 1620 1349 conﬁcta
1635 1323 1680 1351 sit.
1695 1323 1789 1360 Neque

1004 1369 1068 1390 vero
1076 1361 1239 1399 Hippolytus
1253 1365 1340 1392 inscio
1346 1365 1388 1393 vel
1399 1366 1508 1395 nolente
1522 1368 1650 1402 pontiﬁce
1669 1370 1697 1397 in
1708 1371 1790 1398 tabu-

1004 1407 1072 1436 laria
1086 1413 1239 1444 penetrare,
1249 1417 1282 1437 ac
1296 1410 1453 1439 reconditos
1463 1419 1582 1441 canones
1591 1414 1618 1441 in
1629 1415 1716 1443 lucem
1729 1417 1788 1451 pri-

1004 1461 1065 1481 mus
1073 1454 1154 1483 edere
1165 1456 1310 1491 potuisset;
1318 1457 1376 1485 utsi
1391 1456 1537 1492 Zephyrini
1548 1460 1696 1489 auctoritas
1707 1461 1791 1490 inter-

1003 1501 1129 1534 cesserit,
1145 1501 1233 1536 ipsius
1255 1509 1355 1530 nomen
1378 1503 1478 1531 alicubi
1502 1505 1530 1532 in
1555 1513 1605 1534 sua
1627 1507 1790 1536 collectione

1003 1547 1212 1576 commendasse
1235 1547 1431 1584 Hippolytum,
1456 1553 1504 1578 aut
1529 1555 1604 1579 certe
1628 1553 1670 1580 sui
1696 1554 1788 1589 operis

1003 1596 1112 1627 tempus
1133 1593 1292 1629 designasse
1314 1594 1419 1629 opinari
1441 1595 1531 1624 liceat.
1555 1595 1584 1624 In
1598 1597 1710 1627 Oriente
1726 1600 1788 1635 qui-

1003 1637 1064 1665 dem
1085 1646 1117 1666 ea
1140 1639 1258 1667 obtinuit
1280 1641 1432 1673 sententia.
1457 1649 1576 1671 canones
1601 1645 1787 1678 apostolorum

1003 1683 1089 1712 fuisse
1107 1684 1142 1712 ab
1157 1684 1302 1721 Hippolyto
1326 1686 1468 1719 collectos,
1487 1687 1559 1715 unde
1578 1692 1606 1717 et
1625 1689 1659 1717 ad
1670 1699 1789 1718 canones

1003 1731 1182 1763 apostolorum
1199 1739 1246 1767 per
1261 1732 1434 1768 Hippolytum
1455 1734 1590 1770 allegant,
1611 1736 1790 1770 quemadmo-

1002 1776 1067 1804 dum
1081 1776 1200 1804 Joannes
1213 1776 1359 1810 Darensis,
1374 1778 1420 1813 qui
1434 1786 1483 1806 vnl
1499 1784 1525 1807 et
1543 1787 1572 1807 rx
1588 1783 1689 1810 saeculo
1707 1782 1793 1816 vixit,

1003 1823 1123 1851 ostendit
1141 1823 1276 1851 neminem
1298 1831 1350 1851 suo
1369 1832 1426 1852 aevo
1441 1824 1591 1858 dubitasse,
1604 1827 1671 1862 quin
1685 1826 1790 1864 Hippo-

1002 1869 1076 1905 lytus
1087 1868 1170 1896 fuerit
1187 1869 1344 1897 eorumdem
1359 1877 1495 1898 canonum
1510 1871 1598 1900 editor

1005 1950 1104 1992 ,ρο
1121 1928 1330 1988 L...$..g
1355 1931 1524 1985 Lua—La
1542 1933 1600 1985 ei
1625 1935 1788 2003 Niger

1350 2027 1494 2077 was
1513 2010 1790 2079 omam—2‘

1003 2088 1079 2121 Quod
1093 2088 1196 2123 quidem
1215 2093 1240 2115 et
1259 2096 1371 2115 canones
1391 2090 1584 2122 apostolorum,
1599 2091 1643 2125 qui
1656 2099 1701 2125 per
1717 2090 1786 2127 Ilip-

1000 2135 1130 2169 polytum,
1160 2134 1314 2169 prmipiunt
1341 2133 1408 2169 (70).
1430 2133 1526 2161 Sermo
1552 2139 1611 2163 erat
1638 2136 1672 2163 de
1698 2138 1786 2171 primo

1001 2179 1188 2215 apostolorum
1209 2186 1316 2207 canone
1333 2188 1340 2206 :
1362 2178 1507 2214 Episcopus
1529 2189 1546 2207 a
1560 2180 1660 2209 duabus
1675 2187 1721 2209 aut
1737 2183 1787 2210 tri—

1003 2227 1049 2256 bus
1074 2228 1203 2263 episcopis
1232 2221 1381 2256 ordinetur;
1400 2227 1522 2266 Denique
1549 2228 1607 2264 ipse
1621 2228 1786 2266 Hippolytus

165 2285 233 2319 ξεις,
253 2284 474 2312 Constitutionem
492 2286 519 2310 et
535 2281 740 2309 Constitutiones
766 2278 949 2314 apostolorum
967 2282 988 2309 D
1003 2275 1073 2302 hanc
1088 2275 1249 2302 Selllellliam
1269 2274 1414 2302 conﬁrmat
1430 2275 1484 2302 alio
1505 2276 1532 2302 in
1551 2282 1633 2319 opere
1646 2276 1719 2310 quod
1737 2284 1786 2312 po--

164 2333 243 2366 dicit,
257 2335 400 2368 propterea
416 2330 488 2366 quod
499 2330 555 2365 jam
570 2329 682 2365 proprio
697 2329 805 2355 nomine
828 2327 857 2354 in
881 2325 948 2362 ipsis
1000 2320 1164 2368 Sietipriblls
1197 2319 1276 2368 tinnis
1291 2320 1478 2368 "eluetlbravit

164 2379 271 2408 inducti
295 2382 374 2406 erant
397 2376 533 2412 apostoli,
571 2379 700 2410 tanquam
724 2373 893 2409 legislatures
917 2380 949 2400 ac

162 2424 290 2461 magistri
310 2421 462 2452 doctrinam
480 2426 507 2450 et
521 2424 655 2457 praecepta
677 2418 856 2455 proferentcs.
881 2417 947 2454 Hip-

165 2470 276 2506 polytus
290 2474 381 2497 autem
398 2467 508 2496 nonnisi
529 2466 676 2503 παράδοσιν
686 2463 876 2500 ἀποστολικήν,
893 2467 949 2490 tra-

165 2517 294 2544 ditionem
312 2514 681 2550 aposlolicam,exposuerat,
703 2518 765 2546 qua:
782 2510 827 2537 illa
842 2509 949 2537 ﬁctione

166 2561 336 2598 loquentium
350 2559 536 2596 apostolorum
546 2565 600 2586 non
611 2556 757 2592 indigebat.
771 2555 840 2583 Hinc
853 2562 949 2589 suspe-

165 2612 219 2646 αφ
240 2608 359 2644 primum
384 2605 612 2636 Constitutiones,
640 2601 739 2631 deinde
770 2601 851 2630 etiam
880 2601 951 2629 inter

165 2654 324 2691 apocrypha
338 2652 441 2683 relatae.
452 2649 537 2680 veluti
549 2650 584 2678 ab
595 2648 725 2677 heretici:
739 2651 878 2682 corruptor.

166 2730 169 2731 ,
203 2699 250 2729 Vl.
270 2699 309 2728 De
327 2697 479 2727 Canonibus
500 2695 662 2731 apostolicis.
689 2693 729 2721 An
751 2692 783 2720 ab
807 2691 949 2728 Hippolyto

162 2774 165 2776 -
203 2758 260 2794 (οι)
278 2757 385 2789 Petam,
408 2755 498 2784 Tlteol.
523 2754 608 2790 Dogm
622 2773 630 2786 ,
645 2761 695 2785 xu.
708 2752 760 2786 10;
774 2750 888 2779 Constit.
910 2758 950 2781 vr,

321 2826 430 2857 Procl.,
449 2825 496 2860 Ep.
517 2824 548 2866 de
564 2824 655 2851 tradit.
667 2823 718 2864 diu.
736 2823 808 2849 miss.

215 2864 250 2892 66
281 2863 410 2893 Mairan.,
426 2860 509 2895 Pra'f.
525 2868 553 2887 tn
573 2858 724 2891 S.Juattn.,
740 2866 764 2892 ι).
784 2866 802 2884 ιι

281 2863 410 2893 Mairan.,
426 2856 509 2895 Pra'f.
525 2861 553 2887 in
573 2858 724 2891 S.Juatin.,
740 2866 764 2892 ι).
784 2866 814 2887 tl.
829 2857 871 2887 to,
889 2856 906 2883 Ξ
923 2859 949 2884 et

281 2933 393 2962 Constit.
413 2940 442 2963 ιι,
459 2931 503 2964 28,
520 2934 547 2958 ct
562 2936 587 2963 v,
604 2930 626 2956 τ.

1505 2329 1512 2348 :
1539 2318 1620 2349 οἶκον
1642 2321 1709 2349 Θεοῦ
1735 2323 1786 2359 τὴν

1005 2367 1176 2403 Ἐκκλησίαν,
1204 2367 1368 2394 ἐπιστέλλων
1384 2368 1398 2394 ό
1417 2367 1522 2400 Παῦλος
1544 2367 1668 2404 Τιμοθέῳ
1691 2368 1784 2395 καλεῖς

999 2415 1070 2442 Ἐὰν
1086 2413 1120 2441 δὲ
1131 2414 1282 2448 βραδύνω,
1291 2413 1343 2441 ἵνα
1355 2412 1438 2448 εἰδῇς
1448 2413 1511 2448 πῶς
1523 2413 1571 2442 δεῖ
1581 2414 1616 2441 ἐν
1626 2414 1697 2447 οἴκῳ
1712 2415 1786 2442 Θεοῦ

998 2460 1251 2495 ἀναστρέφεσθαι,
1267 2460 1334 2494 ἥτις
1355 2460 1441 2488 ἐστὶν
1461 2459 1625 2494 ἘκκλησΙα
1643 2461 1696 2488 τοῦ
1711 2460 1787 2489 Θεοῦ

999 2505 1115 2541 ζῶντος.
1130 2506 1232 2533 Τούτου
1254 2505 1300 2532 τοῦ
1320 2506 1395 2533 οἴκου
1415 2506 1506 2540 ἀγαθὰ
1519 2505 1554 2533 τὰ
1567 2506 1613 2533 τοῦ
1628 2506 1786 2542 “vstitu-mc

999 2553 1164 2589 χαρίσματα,
1177 2552 1213 2579 τά
1225 2560 1255 2579 τε
1267 2552 1333 2588 περὶ
1345 2551 1468 2588 Τριάδος,
1486 2552 1534 2579 καὶ
1546 2551 1581 2578 τὰ
1593 2551 1674 2579 λοιπὰ
1685 2552 1785 2588 δόγμα-

999 2607 1047 2631 τα,
1062 2599 1118 2625 οἰτε
1140 2597 1333 2635 παραδοθέντες
1355 2597 1407 2625 ὑπὸ
1427 2597 1482 2625 τῶν
1513 2597 1668 2627 ἀποστόλων
1689 2598 1784 2634 θεσμοὶ

1001 2646 1047 2673 καὶ
1060 2644 1177 2677 κανόνες.
1208 2645 1253 2671 Ἑν
1267 2643 1296 2671 δὲ
1309 2643 1396 2680 τούτῳ
1416 2643 1580 2679 θαυμαστῶς
1594 2644 1610 2679 ἡ
1625 2644 1709 2680 ἁρετὴ
1724 2645 1784 2672 ἔπο-

999 2689 1125 2724 τελεϊται,
1145 2691 1298 2727 καλουμένη
1319 2690 1484 2726 δικαιοσύνη.
1509 2689 1622 2718 Domum
1636 2690 1684 2718 Dei
1708 2697 1784 2718 uocat

1036 2749 1094 2784 (68)
1113 2748 1142 2776 S.
1155 2747 1301 2784 Epiphan.,
1320 2747 1385 2784 inger,
1399 2747 1563 2784 ux,_lo;et
1577 2747 1642 2776 haar.
1657 2755 1742 2782 sua,
1756 2749 1781 2776 7.

1037 2780 1094 2819 (69)
1113 2780 1238 2819 Distinet.
1254 2791 1310 2814 va,
1327 2782 1354 2814 2,
1371 2780 1540 2819 pecngrat.

1036 2815 1093 2855 (70)
1114 2820 1151 2846 lo.
1176 2818 1277 2855 parens
1302 2826 1346 2852 ap.
1371 2817 1438 2855 ῥιπὶ
1458 2815 1576 2855 Ecchell.
1590 2817 1633 2855 ps
1647 2817 1721 2855 Eccl.
1737 2819 1790 2846 Al.-

1002 2851 1090 2917 ᾖνίἷξ
1372 2853 1403 2880 Β.
1417 2852 1449 2881 0.
1465 2855 1486 2880 t.
1498 2851 1531 2883 ll.
1547 2854 1646 2888 p.ll8,
1662 2858 1687 2881 et
1699 2854 1781 2888 Cave,
