4090 6250
439 394 545 463 555

1274 396 1331 453 S.
1364 394 1762 454 CLEMENTIS
1796 394 1815 448 1
1851 394 2016 450 ΒΟΜ.
2057 392 2259 451 PONT.
2298 395 2527 455 OPEBA
2562 395 2790 454 DUBIA.
2854 428 2859 431 τ

3584 398 3691 459 5‘53

437 521 645 581 Paulus
672 510 989 581 Ecclesium,
1021 513 1091 569 ad
1126 513 1457 569 Timotheum
1498 510 1773 567 scribens:
1802 508 1859 564 Si
1907 524 2006 563 au-

2120 527 2253 566 στων
2302 511 2729 581 συγκατάθεσιν,
2786 514 2875 569 ἵνα
2925 514 3020 580 οὓς
3059 516 3161 574 οὐκ
3206 515 3422 575 ἔπεισεν
3463 515 3493 570 ὀ
3519 513 3700 581 λόγος,

436 624 547 671 tem
593 608 920 672 tardavero,
961 613 1021 661 ut
1060 604 1525 683 scias'quomodo
1567 591 1818 673 oporteat
1860 608 1913 656 te
1957 600 2015 655 in

435 704 599 763 domo
619 700 717 757 Dei
745 697 1086 770 conversari,
1112 713 1234 773 qua:
1262 704 1348 753 est
1364 694 1610 752 Ecclesia
1626 693 1723 750 Dei
1752 693 1861 754 vivi
1876 690 2010 764 (71).

443 794 618 867 Hujus
653 793 842 848 domus
882 788 1019 860 bona
1062 798 1185 844 sunt
1211 788 1447 859 Spiritus
1485 787 1834 851 charismata,
1874 796 1925 840 et
1951 782 2016 843 de

439 888 721 951 Trinitate,
753 892 1048 952 ctcteraque
1086 882 1368 952 dogmata,
1416 890 1467 943 et
1502 880 1839 943 traditiones,
1872 877 2015 936 Con-

436 982 858 1050 stitutionesque,
888 990 938 1032 et
960 976 1200 1035 Canones
1231 976 1614 1044 apostolorum.
1641 973 1707 1030 In
1726 975 1809 1037 his
1841 983 2016 1029 autem

437 1069 759 1127 mirabiliter
798 1069 965 1132 uirtus
1009 1067 1307 1135 perﬁcitur,
1351 1083 1468 1136 quae
1494 1065 1716 1135 justitia
1754 1080 2018 1132 nuncupa-

439 1171 527 1225 tur
572 1160 711 1230 (7%).
756 1159 1026 1216 Provocat
1071 1156 1476 1229 quodammodo
1525 1158 1595 1213 ad
1650 1158 1828 1227 ipsum
1878 1172 2017 1226 opus

435 1271 546 1325 quo
577 1255 645 1321 de
672 1254 909 1325 agimus,
938 1261 993 1306 et
1027 1251 1342 1321 singulatim
1386 1256 1636 1305 recenset
1680 1264 1790 1305 non
1852 1248 2016 1305 modo

436 1347 783 1412 charismata,
811 1355 861 1409 et
888 1344 1250 1415 apostolorum
1281 1341 1614 1405 traditiones,
1639 1357 1828 1398 verum
1853 1340 2017 1395 etiam

438 1440 713 1505 Canones,
760 1436 1004 1507 adeoque
1034 1436 1136 1492 hos
1177 1435 1383 1505 pariter
1430 1436 1485 1490 in
1531 1434 1854 1490 collectione
1885 1432 2019 1503 Hip—

437 1532 607 1603 polyti
648 1529 821 1588 fuisse
857 1527 1206 1585 manifestius
1251 1535 1500 1597 apparet.
1533 1525 1612 1581 De
1641 1540 1872 1581 numero
1914 1525 2018 1579 ita-

435 1638 545 1692 que
585 1635 862 1676 canonum
917 1634 1059 1689 quos
1101 1616 1431 1689 Hippolytus
1484 1616 1765 1673 recensuit
1817 1613 2017 1671 incerti

437 1729 658 1778 sumus,
702 1712 770 1768 de
809 1712 1133 1767 collectione
1178 1726 1289 1769 non
1336 1709 1489 1766 item.
1547 1707 2016 1775 Quemadmodum

434 1821 565 1863 vero
595 1804 849 1874 superius
889 1801 1262 1858 testimonium
1292 1799 1588 1871 Hippolyto
1613 1801 1889 1861 convenit,
1921 1799 2017 1869 qui

2112 602 2337 669 τούτους
2366 606 2399 677 ἠ
2427 605 2535 661 τῶν
2567 605 2809 677 σημείων
2848 607 3149 681 δυσωπήσῃ
3195 605 3439 678 δύναμις.
3483 605 3568 660 Τά
3590 606 3701 679 γάρ

2117 698 2317 766 σημεῖα
2359 698 2421 751 οὐ
2461 701 2575 762 τοῖς
2622 702 2831 763 πιστοῖς
2885 701 3039 772 ἡμῖν,
3083 698 3220 755 ἀλλὰ
3258 701 3373 762 τοῖς
3425 699 3700 763 ἀπίστοις,

2129 788 2392 843 Ἰουδαίων
2418 808 2479 845 τε
2507 792 2601 846 καὶ
2656 792 2941 863 Ἑλλήνων.
2999 791 3137 846 Οὔτε
3186 791 3296 864 γὰρ
3342 790 3405 845 τὸ
3442 791 3705 864 δαίμονας

2116 883 2397 937 ἐκϐάλλειν
2438 885 2702 956 ἡμέτερον
2743 885 2933 958 κέρδος
2953 926 2968 949 ,
3012 885 3147 941 ἀλλὰ
3174 886 3281 940 τῶν
3310 886 3562 958 ἐνεργείᾳ
3587 888 3705 942 Κυ-

2119 976 2235 1047 ρίου
2264 976 2691 1048 καθαιρομένων.
2709 976 2832 1031 Non
2853 977 2923 1032 ad
2944 979 3228 1033 utilitatem
3252 995 3316 1033 ea
3342 980 3697 1048 operantium,

2116 1067 2206 1122 sed
2262 1067 2331 1122 ad
2386 1068 2682 1137 inﬁdelium
2736 1072 3094 1127 assensionem
3144 1072 3484 1126 concedi:ut
3508 1071 3698 1142 quibus

2118 1175 2221 1212 non
2258 1161 2523 1228 persuasit
2560 1177 2763 1224 sermo,
2802 1159 2897 1216 hos
2927 1162 3093 1215 uirtus
3127 1161 3398 1231 signorum
3427 1162 3605 1230 ﬂectat
3633 1176 3700 1215 ac

2117 1250 2315 1321 pudore
2379 1251 2593 1321 aﬁiciat.
2659 1251 2827 1322 Signa
2886 1253 3032 1308 enim
3083 1268 3191 1308 non
3250 1252 3398 1307 nobis
3448 1251 3700 1308 ﬁdelibus

2117 1343 2375 1411 eduntur,
2415 1344 2511 1399 sed
2557 1343 2885 1408 inﬁdelibus,
2911 1360 3029 1398 cum
3057 1342 3372 1415 Iudaeorum
3415 1342 3703 1400 tumGrar-

2119 1448 2320 1488 corum.
2354 1430 2536 1504 Neque
2563 1434 2701 1488 enim
2730 1433 2992 1488 daemones
3021 1435 3229 1504 ejicere,
3273 1444 3512 1489 nostrum
3550 1452 3700 1490 ema-

2120 1524 2406 1581 lumentum
2428 1536 2526 1588 est,
2560 1524 2650 1579 sed
2673 1543 2855 1581 eorum
2876 1523 2963 1597 qui
2991 1542 3081 1597 per
3105 1527 3318 1583 Domini
3343 1528 3696 1595 operationem

2116 1627 2430 1687 purgantur.
2466 1616 2549 1671 Ac
2570 1616 2943 1674 Tertullianus
2975 1620 3193 1689 quidem
3226 1619 3439 1676 somnia
3475 1620 3700 1675 mulier-

2118 1711 2367 1766 cularum
2390 1712 2687 1767 insolenter
2710 1713 2875 1767 nimis
2895 1712 3221 1767 charismata
3239 1713 3489 1776 vocabat,
3515 1727 3704 1783 quem-

2120 1802 2415 1859 admodum
2452 1804 2508 1858 in
2547 1804 2761 1860 visione
2807 1804 2899 1860 illa
2934 1804 3003 1860 de
3046 1804 3227 1860 anima
3272 1804 3545 1875 corporali
3592 1804 3697 1859 ait:

434 1864 680 1957 titulum.
702 1894 882 1965 ipsum
926 1891 1015 1949 sui
1058 1889 1243 1961 aperis
1289 1889 1344 1945 in
1365 1864 1565 1960 eoque
1620 1896 1881 1944 contenta
1931 1864 2021 1944 ἐκ·
2050 1864 2093 1924 Β
2115 1890 2333 1951 EtDeus
2375 1896 2523 1950 testis
2550 1906 2601 1950 et
2625 1896 2929 1965 Apostolus,
2962 1895 3353 1951 charismatum
3374 1864 3439 1949 lin
3462 1894 3701 1949 Ecclesia

434 1987 658 2059 pressit,
705 1987 777 2041 ita
820 1999 987 2041 nemo
1025 1983 1384 2052 imposterum
1439 1980 1589 2051 loqui
1620 1996 1689 2036 eo
1716 1979 1883 2035 modo
1904 1980 2020 2050 ερο-

435 2082 653 2139 tuisset.
682 2079 817 2135 Nam
845 2078 1012 2150 paulo
1036 2083 1182 2148 post,
1212 2075 1402 2131 eodem
1430 2090 1491 2128 in
1522 2075 1727 2131 saeculo
1750 2081 2016 2138 vertente,

435 2191 558 2231 cum
586 2172 863 2245 Hippolyti
886 2185 1025 2243 Opus
1060 2176 1383 2240 corruptum
1423 2168 1922 2238 interpolatumque
1962 2162 2019 2222 in

435 2265 660 2327 Oriente
693 2265 878 2329 fuerit,
921 2273 1087 2332 atque
1118 2261 1278 2328 adeo,
1319 2262 1484 2316 sicuti
1513 2275 1663 2315 nunc
1691 2267 1894 2325 exstat,
1933 2260 2019 2315 in-

436 2367 521 2415 ter
549 2357 861 2429 apocrypha
907 2356 1140 2411 relatum
1164 2372 1181 2407 :
1209 2354 1467 2425 quisnam
1526 2353 1760 2409 subinde
1794 2350 1852 2407 in
1881 2368 2022 2423 prae-

436 2452 600 2523 cipua
649 2450 910 2506 Ecclesia)
958 2447 1121 2501 laude
1163 2446 1462 2517 posuisset,
1512 2460 1634 2500 eam
1685 2447 2024 2516 apocryphis

437 2546 689 2612 dubiisve
731 2539 1235 2597 Constitutionibus
1293 2538 1715 2594 administrari?
1752 2536 2017 2611 Equidem

438 2639 507 2696 ad
535 2635 812 2707 Hippolyti
857 2634 1072 2688 laudem
1099 2633 1355 2702 pertinet,
1384 2629 1535 2701 quod
1582 2630 1706 2685 alite
1729 2628 2015 2683 collectio-

437 2747 539 2788 nes
587 2734 914 2800 pervetustte
961 2725 1029 2781 ab
1072 2724 1351 2779 haereticis
1392 2722 1479 2778 vel
1531 2721 1671 2777 ﬁctae
1719 2721 1806 2777 vel
1849 2721 2020 2776 inter-

438 2824 655 2897 polatae,
698 2834 762 2876 ac
800 2818 1013 2884 magnis
1069 2816 1296 2871 Patrum
1357 2813 1679 2870 nominibus
1721 2812 2018 2883 insignitae,

438 2932 565 2972 eum
597 2912 895 2986 repudiata:
929 2910 1166 2975 fuerint;
1199 2922 1307 2961 una
1334 2906 1510 2976 ipsius
1543 2906 1799 2961 collectio
1825 2917 2018 2974 quani-

438 3008 524 3064 vis
571 3005 899 3076 interpolata
946 3003 1177 3056 multum
1227 3000 1354 3053 aliis
1396 3004 1618 3067 praestet
1685 2994 1821 3049 Nam
1874 2994 2024 3049 sicut

437 3096 755 3154 διδασκαλία
790 3093 887 3149 τοῦ
915 3093 1178 3163 Ποιμένος
1206 3089 1512 3159 improbata
1545 3086 1668 3147 fuit,
1699 3086 1777 3139 ita
1798 3100 2021 3154 quoque

2121 1987 2422 2056 futurorum
2469 1986 2684 2041 idoneus
2722 2002 2945 2057 sponsor
2990 2001 3008 2040 :
3055 1986 3256 2044 Tumec
3298 1988 3346 2042 si
3384 2004 3465 2041 res
3495 1988 3610 2056 ipsa
3638 1985 3703 2040 de

2118 2080 2341 2147 singulis
2356 2078 2879 2149 persuaserit.credas
2905 2077 3040 2149 (74).
3071 2078 3413 2135 Montanista:
3428 2094 3556 2135 vero
3585 2079 3703 2135 suis

2118 2170 2354 2228 fallaciis
2398 2173 2609 2227 lucrum
2653 2172 2894 2240 undique
2935 2172 3320 2229 corradebant.
3350 2172 3451 2226 etsi
3484 2177 3705 2240 propter

2118 2265 2366 2321 cmicstia
2407 2266 2552 2319 dona
2584 2280 2644 2319 se
2672 2265 2741 2318 ab
2771 2263 3011 2318 Ecclesia
3060 2264 3360 2319 descivisse
3405 2279 3700 2320 causaren-

2118 2365 2232 2415 tur.
2270 2356 2413 2422 Quid
2461 2372 2594 2428 ergo
2624 2358 2698 2412 sit
2720 2356 2990 2409 charisma
3033 2370 3129 2409 eos
3156 2355 3317 2409 docet
3344 2353 3701 2425 Hippolytus:

2119 2449 2232 2504 Οὐκ
2259 2449 2405 2502 εστιν
2431 2448 2716 2521 ἄνθρωπος
2743 2447 3040 2511 πιστεύσας
3076 2446 3166 2501 διὰ
3205 2446 3442 2517 Χριστοῦ
3486 2449 3568 2510 είς
3611 2448 3706 2502 τὸν

2117 2539 2281 2605 Θεὸν,
2309 2540 2369 2604 ὃς
2395 2542 2497 2595 οὐκ
2528 2542 2720 2613 εἴληφε.
2754 2541 3003 2613 χάρισμα
3043 2538 3428 2610 πνευματικόν.
3473 2539 3615 2591 Αύτό
3642 2557 3705 2593 τε

2117 2635 2228 2708 γὰρ
2254 2635 2316 2689 τὸ
2354 2636 2736 2707 ἀπαλλαγῆναι
2790 2634 3053 2688 πολυθέου
3079 2632 3330 2695 ἀσεϐείας
3357 2633 3450 2685 καὶ
3479 2631 3706 2686 πιστεῦ-

2118 2743 2212 2783 σαι
2237 2729 2360 2801 Θιῷ
2385 2730 2564 2801 Πατρλ
2600 2728 2688 2782 διὰ
2715 2726 2973 2800 Χριστοῦ,
3017 2725 3263 2798 χάρισμά
3289 2725 3404 2778 ἐστι
3444 2723 3580 2778 Θεοῦ
3599 2741 3613 2753 ⁸
3645 2725 3708 2779 τό

2116 2841 2179 2879 τε
2202 2822 2506 2895 ἀπορρίψω.
2542 2821 2605 2874 τὸ
2646 2819 2934 2873 Ἰουδαϊκὸν
2963 2819 3225 2889 κάλυμμα
3246 2858 3261 2880 ,
3292 2819 3387 2871 καὶ
3416 2816 3706 2873 πιστεῦσαι

2116 2917 2200 2971 ὅτι
2226 2915 2441 2985 εὐδοκία
2465 2915 2602 2968 Θεοῦ
2627 2916 2657 2968 ὁ
2686 2914 2792 2985 πρὸ
2821 2912 3032 2966 αίώνων
3044 2912 3375 2981 Μονογενὴς,
3409 2912 3466 2964 ὲν
3495 2910 3707 2981 ὑστέρῳ

2117 3010 2295 3082 καιρῷ
2340 3011 2404 3063 ὲκ
2431 3008 2710 3079 Παρθένου
2753 3008 3042 3078 γεγένηται
3086 3005 3205 3076 δίχα
3241 3005 3456 3075 ὁμιλίας
3484 3005 3703 3076 ἀνδρός·

2120 3103 2216 3155 καὶ
2254 3103 2336 3155 ὅτι
2378 3100 2756 3153 ἐπολιτεύσατο
2794 3100 2871 3162 ὡς
2932 3098 3217 3170 ἄνθρωπος
3257 3097 3386 3151 ἄνευ
3436 3097 3708 3168 ἁμαρτίας

452 3188 715 3259 ’Ῑτνατίθυ
729 3184 1068 3247 διδασκαλίαν
1088 3180 1449 3251 Πώυκάρπου
1459 3176 2020 3276 διδαεξκαςλίαξ
2044 3218 2089 3276 c
2119 3192 2414 3265 πληρώσας
2452 3194 2631 3245 πᾶσαν
2657 3191 3001 3261 δικαιοσύνην
3029 3191 3130 3262 τὴν
3154 3188 3250 3242 τοῦ
3278 3190 3443 3260 νόμου
3462 3206 3474 3217 ·
3506 3191 3599 3242 καὶ
3625 3190 3707 3242 ὅτι

439 3279 780 3351 huiusmodi,
816 3276 886 3332 de
919 3276 1122 3346 quibus
1165 3281 1314 3329 recte
1342 3270 1719 3343 pronuntiavit
1761 3268 1832 3323 Μ.
1856 3268 2020 3322 Atha-
2050 3268 2086 3276 “
2123 3288 2467 3359 συγχωρήσει
2496 3286 2634 3340 Θεοῦ
2661 3285 2892 3357 σταυρδν
2924 3281 3511 3355 ὑπέμεινενναισχύνης
3535 3298 3707 3335 κατα,

442 3374 633 3429 nonius
674 3393 689 3427 :
732 3367 1033 3440 Δίρετικῶν
1072 3367 1219 3418 ἐστιν
1261 3364 1506 3426 ἐπίνοια,
1549 3360 1867 3432 γραφόντων
1924 3359 2019 3430 μὲν

440 3468 525 3522 ὅτι
552 3465 796 3520 θέλουσιν
823 3461 985 3525 αὐτὰ,
1012 3455 1387 3530 χαριζομένων
1413 3454 1472 3508 δὲ
1497 3452 1591 3506 καὶ
1622 3450 2023 3523 προστιθέντων

442 3559 625 3622 αὐτοῖς
665 3555 911 3629 χρόνους,
954 3553 1041 3605 ἵνα
1078 3551 1154 3614 ὡς
1194 3546 1401 3603 παλαιὰ
1442 3545 1808 3621 προφέροντες
1826 3583 1841 3607 ,
1886 3542 2022 3615 πρό-

444 3668 605 3723 φασιν
658 3651 852 3720 ἔχωσιν
906 3646 1124 3716 άπατᾷν
1168 3643 1233 3696 tu
1282 3641 1473 3695 τούτου
1528 3640 1655 3702 τοὺς
1707 3638 2017 3709 ἀκεραίους.

446 3742 833 3797 ereticorum
890 3746 1014 3791 sunt
1070 3744 1458 3797 commentum,
1514 3734 1604 3802 qui
1661 3748 1723 3786 ea
1782 3732 2020 3786 scribunt

443 3831 657 3904 quando
703 3832 918 3895 volunt;
958 3827 1068 3882 illis
1112 3836 1290 3881 autem
1332 3826 1650 3896 largiuntur,
1684 3831 1733 3877 et
1761 3822 2021 3892 adjiciunt

447 3936 700 3995 tempora,
745 3937 847 3993 quo
899 3931 1149 3991 tanquam
1203 3920 1422 3989 antiqua
1463 3916 1807 3986 proferentcs,
1852 3931 1918 3970 ea:
1957 3932 2021 3969 ea

445 4028 501 4074 r'e
547 4018 875 4073 occasionem
924 4011 1149 4067 habeant
1198 4008 1489 4083 decipiendi
1527 4008 1759 4064 homines
1814 4007 2021 4076 simpli-

445 4127 528 4166 ces
550 4106 686 4182 (τε).

1056 4211 1284 4271 CAPUT
1326 4212 1413 4271 111.

449 4336 706 4404 Quantam
732 4349 895 4389 causa
919 4330 1260 4404 Hippolytum
1298 4328 1368 4382 ad
1386 4327 1491 4404 hoc
1534 4342 1663 4404 opus
1699 4326 2018 4404 incitauerit.

519 4404 933 4471 Constitutiones
992 4396 1330 4472 potissimum
1384 4396 1713 4455 Tertulliano
1761 4408 1811 4455 et
1874 4396 2024 4452 Mon-

521 4476 733 4531 tanistis
766 4474 1042 4544 opposita.

2122 3382 2396 3453 φρονήσας
2422 3383 2450 3434 ὁ
2478 3380 2609 3443 Θεὸς
2638 3379 2840 3447 Λόγοςο
2872 3378 2968 3431 καὶ
2999 3378 3081 3431 ὅτι
3114 3375 3380 3439 ἀπέθανε,
3410 3376 3503 3428 καὶ
3531 3375 3704 3447 ἐτάφη

2121 3474 2216 3528 καὶ
2242 3473 2442 3543 ἀνέστη
2469 3471 2559 3526 διὰ
2583 3472 2749 3542 τριῶν
2778 3470 3020 3542 ἡμερῶν,
3052 3470 3144 3523 καὶ
3177 3468 3315 3541 μετὰ
3341 3468 3440 3539 τὴν
3467 3467 3706 3521 ἀνάστα-

2123 3583 2208 3620 σιν
2232 3566 2639 3638 τισσαράκοντα
2678 3565 2893 3635 ἡμέρας
2934 3559 3286 3633 παραμείνας
3330 3565 3442 3625 τοῖς
3477 3562 3709 3614 ἀποστό-

2119 3658 2261 3724 λοις,
2310 3660 2407 3712 καὶ
2453 3657 2747 3730 πληρώσας
2791 3658 2971 3709 πᾶσαν
3013 3654 3256 3719 διάταξιν
3298 3654 3572 3727 ἀνελήφθη
3620 3656 3706 3708 ἐπ’

2121 3754 2305 3825 ὕψεσιν
2333 3752 2511 3805 αὐτῶν
2541 3751 2680 3823 πρὸς
2707 3750 2799 3804 τὸν
2846 3748 3243 3803 ἀποστείλαντα
3270 3747 3433 3801 αὐτὸν
3462 3748 3594 3801 Θεὸν
3614 3750 3708 3802 καὶ

2122 3847 2357 3918 Πατέρα.
2389 3847 2447 3899 '0
2472 3845 2647 3898 ταῦτα
2672 3842 2987 3907 πιστεύσας,
3008 3845 3107 3914 οὐχ
3134 3842 3321 3905 άπλῶς
3339 3842 3456 3895 οὐδὲ
3477 3842 3706 3911 ἀλόγως,

2119 3941 2257 3994 ἀλλὰ
2307 3940 2486 4012 κρίσει
2540 3939 2631 3991 καὶ
2678 3938 3054 4009 πληροφορίᾳ,
3098 3937 3347 4008 χάρισμα
3382 3936 3601 4008 εἴληφεν
3643 3938 3709 3989 ὲκ

2121 4035 2274 4090 Θεοῦ.
2301 4033 2574 4097 Ὡσαύτως
2601 4032 2659 4085 δὲ
2673 4033 2766 4085 καὶ
2792 4035 2820 4085 ὀ
2850 4032 3031 4102 πάσης
3060 4032 3325 4103 αἱρέσεως
3349 4018 3704 4098 ἀπαλλαγείς.

2126 4128 2295 4184 Nemo
2329 4144 2422 4197 per
2440 4126 2709 4182 Christum
2744 4127 2797 4179 in
2826 4125 2992 4179 Deum
3036 4125 3269 4189 credens,
3301 4126 3391 4195 qui
3422 4143 3523 4178 non
3560 4137 3707 4178 acce-

2122 4224 2253 4292 perit
2283 4221 2549 4275 charisma
2578 4218 2875 4288 spirituale.
2911 4216 3095 4287 Ipsum
3134 4219 3324 4271 etenim
3357 4217 3474 4280 hoc,
3511 4217 3707 4270 libera;-

2125 4323 2234 4367 tnm
2254 4329 2366 4367 esse
2394 4311 2555 4381 impio
2583 4308 2871 4363 multarunt
2914 4310 3129 4361 deorum
3157 4308 3322 4372 cultu,
3346 4318 3393 4360 et
3422 4306 3707 4360 credidisse

2123 4405 2234 4459 Deo
2266 4405 2421 4458 Patri
2470 4420 2560 4472 per
2596 4401 2901 4463 Christum,
2946 4401 3210 4453 charisma
3250 4399 3347 4453 Dei
3394 4407 3471 4452 est
3505 4415 3522 4452 :
3554 4406 3611 4450 ut
3653 4408 3703 4450 et

2126 4497 2378 4567 abjecisse
2401 4494 2686 4548 Iudaicum
2739 4494 2999 4555 velamen,
3035 4507 3096 4544 ac
3128 4488 3415 4544 credidisse
3444 4487 3582 4559 quod
3608 4486 3703 4541 Dei

518 4612 561 4671 l.
599 4610 994 4671 Tertullianus,
1029 4606 1484 4662 Montanistarum
1514 4604 1803 4677 praestigiis
1856 4601 2020 4658 fasci-

2129 4586 2451 4656 beneplacito
2480 4584 2784 4656 Unigenitus
2816 4585 2905 4653 qui
2944 4592 3064 4636 ante
3104 4581 3301 4635 sarcula
3339 4580 3618 4643 existebat,
3650 4580 3706 4632 in

447 4710 634 4768 natus,
665 4701 925 4772 paulatim
963 4701 1020 4755 iu
1053 4713 1243 4755 eorum
1276 4705 1482 4753 sectam
1525 4697 1790 4751 inclinare
1828 4694 2017 4764 cwpit,

449 4814 479 4853 ο
502 4810 612 4870 qua
641 4795 861 4851 demum
889 4793 1147 4865 abreptus
1178 4798 1282 4846 est.
1333 4790 1487 4857 Quod
1516 4791 1607 4845 ubi
1639 4787 2023 4844 animadvertit

447 4889 795 4962 Hippolytus,
830 4887 989 4943 binos
1017 4884 1275 4957 opposuit
1315 4882 1493 4939 cidem
1526 4888 1687 4938 sectis
1728 4888 2018 4942 tractatus,

448 4995 684 5055 quorum
725 4978 957 5032 alterum
987 4974 1065 5030 De
1096 4972 1505 5029 charismatibus
1550 4971 1853 5041 inscripsit,
1882 4967 2024 5038 Περὶ

447 5067 870 5141 χαρισμάτων;
922 5064 1077 5119 alteri
1131 5063 1349 5117 titulum
1400 5057 1707 5128 Apostolica
1768 5055 2020 5117 traditio,

460 5158 811 5232 ’Δποστολικὴ
839 5154 1131 5227 παράδοσις
1165 5153 1312 5208 fecit.
1369 5148 1729 5204 Montanistas
1760 5147 1905 5201 enim
1938 5144 2024 5198 in-

446 5254 688 5310 valuisse
731 5250 867 5306 falsa
908 5246 1173 5304 miracula
1230 5242 1491 5315 jactando
1532 5241 1871 5310 exploratum
1917 5243 2022 5303 est,

445 5360 622 5419 eaque
665 5343 891 5400 ﬁnxisse
932 5356 1043 5397 non
1086 5347 1147 5392 ut
1178 5350 1420 5407 paganos
1447 5332 1735 5388 Judaeusve
1763 5331 1830 5386 ad
1862 5329 2023 5385 ﬁdem

448 5435 852 5508 pertraherent,
909 5429 1004 5487 sed
1035 5436 1093 5484 ut
1125 5432 1498 5499 pervertet-ent
1543 5420 1902 5478 orthodoxos.
1934 5421 2026 5477 Ait

448 5535 630 5583 autem
679 5523 1004 5595 Hippolytus
1050 5520 1383 5577 charismata
1426 5515 1688 5573 divinitus
1735 5513 1891 5579 dari,
1927 5514 2027 5567 οὐκ

448 5621 530 5683 εἰς
553 5618 652 5690 τὴν
678 5613 1041 5688 ἐνεργούντων
1068 5611 1354 5681 ὠφέλειαν,
1381 5606 1493 5664 ἀλλ’
1523 5607 1604 5674 εἰς
1632 5606 1732 5679 τὴν
1762 5606 1869 5661 τῶν
1896 5605 2027 5659 ἀπί-

549 5795 638 5860 7i)
676 5794 869 5860 lTim.
904 5808 987 5855 Ill,
1018 5791 1101 5845 15.

549 5798 605 5851 71
676 5795 869 5860 lTim.
904 5795 1101 5855 111,Ιὸ.

522 5795 638 5941 {72;
679 5864 738 5920 S.
764 5863 979 5933 Hippol.
1014 5863 1062 5914 in
1089 5861 1279 5928 psalm.
1310 5876 1457 5928 LXlV',
1485 5858 1537 5924 5,
1569 5873 1631 5913 cx
1659 5856 1775 5910 Cat.
1798 5854 2024 5909 Conler.

2121 4692 2355 4735 extremo
2403 4691 2628 4748 tempore
2655 4692 2718 4731 ea:
2750 4678 2960 4748 Virgine
2996 4683 3151 4728 natus
3192 4682 3270 4725 est
3301 4673 3412 4725 sine
3441 4673 3542 4725 viri
3576 4689 3706 4726 con-

2122 4775 2299 4829 cubitu
2330 4788 2347 4828 :
2374 4780 2422 4826 ct
2452 4771 2588 4840 quod
2627 4771 2681 4823 in
2717 4772 2826 4823 vita
2863 4778 3110 4835 tanquam
3144 4765 3295 4818 homo
3347 4775 3585 4818 versatus
3626 4775 3704 4820 est

2123 4866 2315 4937 absque
2344 4871 2576 4934 peccato,
2612 4861 2824 4929 impleta
2863 4858 3006 4912 omni
3025 4857 3241 4926 justitia
3275 4856 3441 4926 legis:
3470 4860 3706 4927 quodque

2121 4955 2463 5023 permissione
2502 4951 2601 5004 Dei
2645 4950 2785 5003 Deus
2834 4947 3058 5001 Verbum
3133 4948 3396 5002 sustinuit
3463 4964 3706 5009 crucem,

2123 5046 2448 5104 confusione
2496 5049 2808 5114 contempta
2849 5059 2864 5097 :
2903 5052 2953 5097 et
2975 5041 3111 5112 quod
3136 5050 3375 5096 mortuus
3401 5052 3501 5107 est,
3534 5059 3596 5096 ac
3632 5054 3709 5096 se-

2122 5140 2298 5211 pultus
2325 5148 2375 5193 et
2405 5137 2694 5193 resurrexit
2723 5135 2779 5188 in
2809 5134 3005 5199 triduo,
3035 5144 3189 5204 atque
3211 5145 3329 5204 post
3360 5136 3709 5189 resurrectio-

2131 5218 2249 5289 nem
2296 5248 2413 5285 cum
2463 5229 2718 5301 apostolis
2766 5228 2947 5282 diebus
2989 5227 3346 5297 quadraginta
3394 5226 3705 5295 permansit,

2125 5325 2478 5395 completoque
2522 5321 2665 5375 omni
2712 5320 3122 5382 constitutione,
3184 5328 3490 5386 assumptus
3535 5314 3709 5371 estin

2124 5434 2306 5473 eorum
2361 5424 2640 5485 conspectu
2694 5411 2763 5466 ad
2802 5412 2969 5467 Deum
2998 5420 3047 5465 et
3088 5410 3307 5464 Patrem
3338 5411 3430 5480 qui
3453 5424 3573 5463 eum
3601 5407 3707 5459 mi-

2126 5519 2288 5567 serat.
2328 5509 2433 5576 Qui
2465 5508 2574 5562 ha'c
2617 5505 2861 5570 credidit,
2896 5522 2999 5560 non
3040 5503 3229 5559 stolide
3269 5519 3333 5557 ac
3367 5503 3504 5555 citra
3541 5499 3708 5553 ratio-

2128 5620 2265 5670 nem,
2321 5600 2410 5656 sed
2464 5615 2582 5655 cum
2616 5597 2823 5669 judicio
2869 5614 2932 5655 ac
2972 5597 3305 5664 certitudine,
3354 5597 3400 5651 is
3441 5593 3709 5649 charisma

2201 5782 2314 5851 (T5)
2351 5780 2413 5851 ξ.
2440 5777 2681 5851 Athan.)
2713 5792 2798 5847 cp.
2826 5774 3127 5851 Festal.._tf.
3148 5776 3227 5851 VII,
3262 5779 3350 5833 59.

2202 5848 2313 5927 (7d)
2349 5848 2605 5914 Tertull.,
2635 5849 2703 5903 Dc
2738 5866 2823 5901 an.
2865 5864 2942 5903 Ix.
2978 5863 3031 5904 ι).
3059 5848 3166 5901 ’λῖιὶ
