4090 6250
353 324 460 382 537

1183 328 1777 390 CONSTITUTIONES
1805 333 2277 396 APOSTOLICIE.
2315 370 2384 384 -
2421 341 2776 403 ΡΒΟαῖΜΙΔ.

3495 355 3598 410 558

354 453 388 490 α
419 435 522 488 Deo
555 447 864 492 consecutus
905 449 1025 493 est:
1061 441 1306 496 similiter
1342 452 1391 498 et
1419 446 1509 513 qui
1549 445 1612 497 ob
1645 447 1786 500 omni
1817 446 1915 501 Ita:-
1954 451 2001 508 Δ
2027 449 2226 515 fabulis
2254 454 2308 506 in
2333 471 2564 510 errorem
2590 457 2783 513 abduci
2804 460 3044 528 patiatur
3073 462 3206 536 (77).
3239 463 3408 520 Lubet
3433 467 3599 522 etiam

353 528 457 581 resi
511 538 747 582 senatu
799 530 924 597 fuit.
978 529 1132 584 Dona
1188 548 1317 589 vero
1375 549 1497 604 quae
1542 536 1705 605 vulgo
1755 537 1925 606 gratis

351 622 480 675 data
518 622 798 685 dicuntur,
834 622 888 677 in
921 622 1163 680 Ecclesia
1210 627 1503 695 querenda
1542 643 1694 691 esse,
1726 645 1789 682 ac
1823 645 1925 686 suo

351 724 598 781 tempore
626 729 736 768 non
769 713 1014 769 defuisse
1042 723 1275 770 testatur
1321 716 1644 789 Hippolytus
1682 740 1698 776 :
1737 721 1924 776 Ταῦτα

350 803 409 859 δέ
436 819 613 874 φαμεν
635 841 651 865 ,
679 804 742 856 οὑ
770 803 869 868 τὰς
896 804 1116 881 ἀληθεῖς
1143 809 1476 879 προφητείας
1499 810 1928 876 ὲξουθενοῦντεςί

354 896 541 961 Ἴσμεν
569 894 678 966 γὰρ
705 895 876 959 αὑτὰς
899 898 1024 958 ,κατ’
1044 898 1326 953 ἐπίπνοιαν
1353 900 1487 954 Θεοῦ
1515 902 1574 954 ὲν
1612 906 1723 966 τοῖς
1757 906 1922 968 ὁσίοις

350 987 711 1057 ἐνεργεῖσθαι,
739 987 875 1047 ἀλλὰ
900 988 961 1042 τὸ
989 989 1187 1060 θράσος
1205 991 1311 1044 τῶν
1339 991 1805 1065 ἁλαζονευομένων
1824 1015 1924 1056 κα·-

349 1080 748 1142 ταστὲλλοντες.
785 1078 916 1135 Hec
936 1093 1111 1136 autem
1157 1083 1402 1147 dicimus,
1453 1102 1555 1139 non
1593 1087 1730 1156 quod
1770 1105 1920 1142 veras

347 1171 648 1238 prophetias
697 1179 1114 1236 contemnamus,
1151 1189 1284 1244 quas
1311 1176 1506 1230 scimus
1533 1176 1628 1232 Dei
1658 1180 1834 1248 aﬂlatu
1863 1181 1919 1234 in

348 1262 552 1315 sanctis
586 1262 724 1330 ﬁeri,
755 1262 847 1316 sed
890 1272 948 1317 ut
976 1266 1338 1332 arrogantium
1370 1268 1739 1335 conﬁdentiam
1774 1271 1919 1323 cotti-

350 1351 588 1409 beamus.
637 1352 814 1422 Atque
841 1352 946 1408 hoc
974 1354 1141 1408 veluti
1169 1357 1495 1425 prooemium
1546 1357 1648 1414 fuit
1693 1361 1916 1429 majoris

347 1444 576 1512 operis,
627 1443 774 1514 quod
824 1444 894 1498 ad
945 1453 1149 1500 sartam
1221 1456 1527 1518 lectamque
1593 1452 1914 1508 servandam

350 1534 608 1590 Ecclesiae
653 1535 1002 1605 disciplinam
1055 1537 1377 1610 Hippolytus
1426 1541 1637 1612 primus
1694 1543 1916 1613 excogi-

350 1625 503 1680 tavit.

366 1769 370 1778 ,
419 1715 484 1772 Il.
527 1717 888 1774 Tertullianus
921 1719 1266 1774 traditionum
1319 1723 1528 1787 vindex,
1567 1723 1706 1779 hisce
1747 1726 1910 1780 armis

2025 540 2189 597 unius
2219 557 2282 597 ex
2315 546 2716 602 recentioribus
2736 547 3008 616 judicium
3037 551 3104 607 de
3130 553 3232 610 hoc
3269 570 3434 624 opere
3463 571 3594 624 pro-

2024 628 2185 687 ferre.
2216 631 2353 686 Sunt
2386 635 2466 687 illi
2497 653 2745 699 canones,
2792 637 3308 713 Constitutionesque
3336 647 3600 716 antiquisu

2022 721 2192 784 simia,
2225 724 2392 776 multa
2439 726 2494 782 in
2525 728 2634 782 illis
2671 729 3108 786 excellentissima
3151 744 3200 787 et
3240 738 3418 806 magni
3457 755 3596 806 pon-

2020 812 2159 868 deris
2183 818 2511 872 continentur
2543 819 2677 890 (78).
3593 887 3596 891 .

2039 945 2046 948 .
2089 904 2180 962 ιιι.
2241 906 2351 962 Cur
2387 911 2452 964 ab
2499 916 2725 968 avaritia
2774 915 3081 972 damnanda
3127 921 3339 973 initium
3390 923 3592 990 faciant

2021 992 2428 1056 Constitutiones
2444 1005 2821 1069 apostolorum.
2839 1037 2903 1053 ο-
2921 1008 3281 1074 Quamobrem
3297 1029 3456 1068 nemo
3468 1032 3590 1069 am-

2021 1089 2165 1158 plius
2200 1091 2486 1147 mirabitur
2510 1095 2556 1149 si
2603 1097 2670 1150 ab
2701 1100 2926 1152 avaritia
2970 1101 3278 1156 damnanda
3326 1106 3600 1175 incipiunt.

2018 1179 2437 1239 Constitutiones.
2490 1189 2793 1254 apostolicis
2842 1208 2862 1246 :
2921 1191 3210 1263 Ἀπέχεσθε
3259 1192 3352 1249 οὖν
3410 1198 3591 1268 πάσης

2018 1269 2345 1337 πλεονεξίας,
2387 1276 2656 1332 Abstinete
2693 1281 2854 1350 igitur
2900 1283 2965 1336 ab
3007 1286 3150 1338 omni
3196 1289 3422 1340 avaritia
3450 1289 3598 1360 (79)..

2015 1361 2257 1432 Namque
2285 1366 2386 1421 hoc
2417 1370 2605 1424 vitium
2630 1373 2978 1430 vehementer
3003 1380 3298 1446 exprobrat
3332 1380 3592 1454 montano

2016 1454 2241 1523 suisque
2269 1459 2605 1518 mulierculis
2647 1478 2861 1520 coaevus
2884 1466 3175 1539 Hippolyto
3223 1481 3414 1526 auctor
3458 1492 3470 1528 :
3533 1476 3590 1527 '0

2015 1548 2337 1619 πρακτήρας
2382 1553 2678 1622 χρημάτων
2724 1561 3105 1630 καταστήσας,
3154 1565 3182 1616 ὁ
3227 1566 3315 1616 ἐπ’
3363 1566 3595 1636 ὀνόματι

2015 1642 2335 1712 προσφορῶν
2358 1645 2455 1714 τὴν
2482 1645 2816 1719 δωροληψίαν
2846 1652 3293 1724 ἐπιτεχνώμενος.
3341 1658 3416 1710 Οὺ
3443 1657 3589 1710 δοκεῖ

2015 1750 2094 1785 σοι
2123 1735 2272 1787 πᾶσα
2302 1737 2487 1808 Γραφὴ
2519 1740 2746 1794 κωλύειν
2775 1746 3058 1815 προφήτην
3095 1746 3390 1816 λαμϐάνειν
3417 1748 3602 1820 δῶρα.-

349 1811 415 1870 ab
444 1810 724 1882 Hippolyto
744 1823 1188 1884 expugnatur.-—-
1219 1814 1353 1870 Nam
1379 1818 1424 1872 si
1455 1833 1574 1887 quae
1597 1819 1904 1887 respublica

2017 1827 2111 1878 καὶ
2136 1800 2390 1898 χρήματα
2415 1800 2438 1894 ;'
2459 1800 2584 1884 δταν
2611 1830 2705 1886 οὖν
2736 1800 2831 1886 [διο
2995 1800 3264 1908 προφητιν
3309 1800 3587 1909 εἱληφιίῖαν

349 1918 481 1956 suas
507 1902 702 1956 habuit
749 1904 895 1973 leges
925 1907 1125 1975 quibus
1172 1915 1418 1963 uteretur
1449 1918 1612 1979 atque
1641 1912 1901 1967 consiste~

350 2001 456 2057 ret,
495 2010 559 2049 ea
607 1994 848 2063 profecto
898 1996 999 2050 fuit
1027 1997 1358 2064 Christiana,
1389 2017 1510 2070 quze
1546 2002 1911 2059 sanctissimis

349 2086 562 2154 legibus
591 2097 750 2155 atque
778 2087 1043 2143 institutis
1085 2105 1184 2144 usa
1227 2091 1296 2146 ab
1339 2092 1517 2156 initio,
1549 2094 1749 2164 ubique
1798 2105 1906 2150 ter-

349 2192 536 2234 rarum
597 2188 888 2248 propagata
941 2187 1043 2236 est.
1094 2179 1203 2236 Has
1248 2183 1393 2252 leges
1449 2191 1612 2254 atque
1661 2186 1909 2243 instituta

345 2283 468 2337 quas
509 2267 757 2324 Clemens
807 2271 1120 2340 collegerat,
1175 2271 1495 2343 Hippolytus
1540 2275 1728 2338 edidit,
1782 2293 1906 2333 cum

345 2360 524 2414 adhuc
554 2361 807 2430 religiose
857 2362 912 2416 in
945 2361 1185 2419 Ecclesia
1211 2374 1603 2423 servarentur:
1639 2383 1908 2438 nemoque

345 2468 406 2508 es
449 2452 720 2513 hiet-elicis
771 2461 879 2508 tam
927 2465 1072 2511 esset
1121 2457 1438 2526 impudens,
1491 2460 1587 2527 qui
1619 2476 1804 2515 mores
1853 2462 1909 2519 in

345 2543 589 2604 Ecclesia
633 2554 883 2615 receptos
931 2563 1130 2618 negare
1178 2557 1380 2618 posset.
1426 2549 1506 2604 Ac
1537 2550 1910 2608 Tertullianus

343 2635 594 2706 profecto
635 2652 746 2708 quo
778 2639 994 2699 doctior
1032 2655 1100 2694 eo
1131 2641 1486 2710 pervicacior,
1513 2641 1906 2710 facileomnem

343 2730 784 2791 cohortationem,
805 2747 912 2800 qua
943 2733 1010 2786 ad
1041 2734 1330 2788 sanitatem
1377 2742 1746 2799 revocaretur,
1786 2750 1908 2790 om-

343 2838 576 2893 nemque
602 2823 1031 2880 confutatiouem
1056 2826 1263 2882 insana:
1284 2827 1554 2883 haereseos
1582 2843 1770 2897 quam,
1813 2843 1906 2883 ve-

342 2916 512 2974 ritate.
563 2917 852 2988 abnegata,
905 2919 1336 2990 amplectebatur
1359 2959 1387 2983 ,,
1462 2920 1902 2990 contempsisset.

345 3007 520 3062 Unum
543 3019 824 3078 supererat
848 3019 1224 3080 argumentum
1251 3028 1318 3065 ex
1347 3012 1639 3068 traditione
1653 3015 1902 3081 petitum;

2013 1921 2106 1973 καὶ
2154 1921 2353 1993 χρυσὸν
2401 1924 2494 1976 καὶ
2539 1925 2781 1997 ἄργυρον
2825 1928 2919 1980 καὶ
2964 1930 3272 1993 πολυτελεῖς
3320 1931 3598 2002 ἐσθῆτας..

2011 2011 2127 2074 πῶς
2154 2013 2428 2085 αὐτὴν,μή
2458 2019 2866 2088 παραιτήσομαι
2893 2037 2906 2084 ;
2953 2021 3058 2086 Qui
3090 2026 3429 2090 pecuniarum
3458 2041 3599 2079 (ιτα-ε

2009 2112 2176 2158 ctores
2205 2108 2894 2178 eoustituit:quisordidam
2913 2131 3180 2167 munerum
3211 2119 3606 2184 captationem,-

2010 2195 2337 2250 oblationum
2362 2201 2568 2253 nomine
2596 2201 2789 2255 callide
2809 2203 3083 2260 obvelauit.
3106 2204 3154 2258 Ν
3162 2224 3227 2259 on
3258 2207 3352 2260 tibi
3383 2209 3586 2262 videtur

2010 2281 2292 2354 Scriptura
2337 2289 2580 2343 universa
2639 2291 2944 2358 prohibere,
2995 2311 3056 2348 ne
3082 2296 3333 2364 propheta
3365 2315 3586 2351 munera

2007 2387 2057 2429 et
2072 2380 2320 2445 pecunias
2349 2375 2757 2448 accipiat?Cum
2787 2385 2949 2452 igitur
2975 2386 3173 2438 videam
3203 2388 3587 2455 prophetissam

2009 2488 2202 2525 aurum
2249 2484 2299 2526 et
2339 2487 2640 2545 argentum,
2692 2489 2952 2547 restesque
3001 2481 3258 2548 pretiosas
3304 2484 3590 2550 accepisse,

2006 2564 2264 2631 quomodo
2313 2582 2430 2618 eam
2478 2583 2580 2620 non
2637 2568 2965 2634 repudiabo?
3014 2570 3127 2638 (80)
3189 2569 3386 2625 Vetant
3435 2575 3605 2635 inse-.

2010 2655 2200 2721 quenti
2245 2657 2422 2725 capite
2446 2656 2882 2722 Constitutiones,
2931 2661 3237 2717 maledictis
3267 2666 3602 2734 quempiam-

2007 2744 2317 2801 incesscre:
2370 2748 2528 2803 Ἀλλὰ
2573 2750 2877 2821 καταρᾶται
2923 2753 2984 2804 σέ
3022 2771 3142 2818 τις;
3177 2757 3240 2808 σὺ
3292 2757 3602 2828 εὐλόγησον-

2006 2840 2170 2892 αὐτόν
2195 2859 2208 2894 :
2244 2839 2347 2894 Sed
2388 2843 2580 2910 aliquis
2611 2843 2703 2895 tibi
2732 2843 2997 2897 maledicit
3022 2849 3046 2899 Ρ
3072 2855 3128 2898 tu
3153 2847 3361 2901 benedic
3399 2851 3446 2902 ei
3471 2851 3584 2920 (8i)

2006 2939 2290 2998 propterea
2329 2933 2478 3000 quod
2532 2933 2865 2989 bacchantes
2930 2935 3312 3001 Montanistae,
3372 2941 3583 2994 nullum

2007 3022 2165 3076 linem
2217 3024 2570 3078 maledicendi
2625 3025 3048 3098 facerent:T"qv
3107 3028 3161 3082 δὲ
3211 3030 3435 3083 καθόλου
3489 3033 3586 3084 καὶ⁵

344 3099 474 3155 illud
512 3102 689 3170 ipsum
719 3102 954 3165 scilicet,
981 3117 1103 3172 quo
1122 3103 1167 3156 is
1192 3118 1291 3172 pro
1318 3102 1562 3163 Ecclesia
1610 3102 1905 3159 fortissime
1931 3144 1934 3167 ε

2012 3116 2187 3167 πᾶσαν
2228 3115 2326 3186 τὴν
2365 3116 2471 3169 ὑπὸ
2500 3117 2590 3170 τὸν
2630 3118 2854 3188 οὐρανὸν
2897 3119 3217 3191 Ἐκκλησίαν
3248 3121 3600 3193 βλασφημεῖν

342 3213 715 3268 dimicaverat.
767 3211 900 3267 Nam
949 3220 1075 3270 vere
1125 3230 1236 3285 prae
1273 3217 1490 3272 caeteris
1520 3217 1906 3272 animadvertit

343 3303 404 3358 E.
432 3304 680 3360 Norisius
709 3325 723 3360 :
763 3305 956 3359 Nullus
981 3316 1206 3362 ueterum
1236 3317 1331 3361 aut
1359 3317 1466 3360 tam
1497 3325 1652 3376 swpe,
1684 3319 1776 3362 aut
1799 3318 1908 3362 tam

342 3397 518 3450 valide
559 3398 888 3453 traditionem
922 3401 1224 3464 inculcavit,
1271 3411 1350 3453 uti
1387 3401 1746 3456 Tertullianus
1771 3401 1903 3473 (75).

342 3483 461 3542 lloc,
489 3487 671 3557 itaque
721 3491 827 3543 telo
871 3491 1037 3544 veluti
1074 3492 1141 3546 de
1189 3493 1361 3561 ipsius
1399 3493 1653 3552 manibus
1696 3504 1904 3564 erepto,

344 3575 668 3648 Hippolytus
718 3579 964 3637 furentes
1011 3581 1252 3635 Montani
1289 3584 1526 3637 asseclas
1571 3586 1909 3654 compescuit

343 3684 408 3723 ac
436 3685 602 3739 prope
629 3672 842 3728 delevit.
883 3673 989 3729 Sed
1035 3675 1128 3744 qui
1153 3674 1407 3730 Ecclesia;
1452 3675 1665 3746 legibus
1693 3677 1764 3731 ab
1791 3677 1906 3734 ori-

341 3762 467 3832 gine
506 3765 748 3834 repetitis
796 3782 958 3820 unam
1007 3781 1208 3822 seetam
1262 3783 1554 3839 aggressus
1582 3779 1688 3834 est.
1721 3772 1906 3839 plures

340 3856 476 3910 alias
507 3857 860 3925 imposterum
899 3867 1191 3916 cxorturas
1219 3861 1407 3916 eodem
1433 3862 1620 3917 labore
1646 3863 1902 3919 confecit.

341 3945 612 4020 Hippolyti
647 3957 796 4004 certe
817 3965 1085 4004 canonum
1129 3953 1382 4007 collectio
1410 3955 1545 4008 adeo
1569 3955 1795 4024 probata
1821 3964 1907 4010 est

341 4042 442 4093 sub
481 4039 672 4094 eodem
722 4041 900 4106 titulo,
959 4057 1069 4111 quo
1110 4043 1163 4096 in
1196 4044 1370 4112 ipsius
1418 4060 1722 4100 marmorea
1775 4048 1905 4102 sede

2008 3205 2344 3272 διδάσκοντος
2371 3209 2464 3262 τοῦ
2489 3210 2962 3282 ἀπηυθαδισμένου
3007 3214 3332 3284 πνεύματος.
3366 3215 3586 3270 Unirer-

2007 3317 2123 3353 sam
2155 3317 2293 3364 vero,
2321 3318 2436 3371 qua:
2457 3318 2546 3370 per
2574 3303 2748 3356 orbem
2774 3314 3034 3358 terrarum
3065 3323 3252 3375 sparsa
3280 3317 3379 3370 est,
3407 3307 3585 3362 Eccle-

2007 3393 2169 3457 siam,
2201 3393 2338 3447 idem
2382 3395 2471 3448 ille
2520 3399 2987 3463 arrogantissimus
3029 3402 3245 3467 spiritus
3285 3403 3603 3456 maledictis

2008 3496 2248 3555 appetere
2275 3503 2362 3540 eos
2386 3487 2603 3541 docebat
2627 3490 2760 3560 (82).
2794 3490 2929 3544 lllud
2979 3494 3151 3560 magis
3181 3495 3400 3556 mirum,
3436 3494 3581 3562 quod

2008 3577 2454 3632 Constitutionum
2490 3582 2814 3650 compilator
2849 3583 2951 3636 sub
2988 3583 3202 3636 initium
3233 3591 3340 3636 tam
3375 3587 3584 3638 multus

2008 3673 2081 3726 sit
2111 3672 2165 3725 in
2197 3673 2439 3726 virorum
2489 3682 2742 3727 ornatum
2785 3690 2799 3725 :
2849 3675 3008 3744 quasi
3054 3691 3184 3729 vero
3207 3679 3590 3744 apostolorum-

2004 3779 2120 3818 ιρνο
2169 3763 2222 3818 id
2269 3765 2526 3834 probrum
2573 3766 2932 3821 inolevisset:
2972 3768 3062 3838 Μὴ
3116 3767 3584 3839 καλλωπιζόμενος

2005 3861 2085 3921 εις
2112 3859 2172 3911 τὸ
2199 3858 2534 3930 ἁγρευθῆναῑ
2560 3876 2748 3913 τινα...
2773 3860 2956 3930 Πιστῷ
2985 3859 3096 3930 γάρ
3125 3877 3207 3912 σοι
3235 3861 3349 3913 δντι
3378 3862 3470 3913 καὶ
3490 3862 3586 3916 ἁν-

2005 3951 2208 4024 θρὼπῳ
2234 3951 2327 4006 τοῦ
2350 3952 2507 4015 Θεοῦ,
2537 3953 2636 4005 οὐκ
2676 3951 2853 4017 ἔξεστι
2880 3953 3100 4024 τρέφειν
3127 3953 3225 4015 τὰς
3264 3955 3456 4024 τρίχας
3484 3955 3604 4024 τῆς.

2003 4046 2278 4116 κεφαλῆς,
2321 4048 2414 4099 καὶ
2461 4048 2632 4098 ποιεῖν
2687 4047 2766 4108 είς
2814 4045 2896 4107 ἒν,
2949 4045 2976 4098 ὃ
3021 4046 3138 4097 ἐστι
3187 4046 3500 4098 σπατάλιον·
3547 4047 3581 4118 ἢ

343 4129 443 4183 fuit
492 4131 754 4201 inscripta
807 4132 1108 4203 Παράδοσις
1159 4134 1510 4206 amotum
1561 4143 1620 4189 ut
1657 4137 1902 4191 eamdem

2012 4137 2286 4209 indxupa,
2326 4137 2360 4209 ἢ
2407 4138 2813 4209 μεμερισμένην
2853 4139 3060 4208 τηρεῖν·
3105 4137 3224 4191 οὐδὲ
3276 4139 3372 4208 μὲν
3423 4139 3603 4205 ὀγκο-ε

343 4223 737 4278 Constantinus
780 4221 849 4278 M.
874 4224 1014 4278 haud
1049 4227 1218 4280 semel
1247 4227 1524 4296 episcopis
1562 4227 1905 4282 commenda-

2012 4233 2198 4293 ποιεῖν,
2227 4229 2260 4300 ἢ
2289 4229 2628 4294 διαξαίνοντά
2652 4247 2710 4281 τε
2744 4229 2835 4282 καὶ
2866 4229 3170 4298 πλάσσοντα
3212 4229 3372 4300 οὔλην
3412 4229 3583 4282 διατι-

339 4315 474 4369 verit
524 4314 659 4383 (76)
711 4325 871 4385 atque
931 4331 958 4368 a
1001 4315 1104 4371 PP.
1156 4317 1296 4371 inter
1335 4319 1606 4386 praecipua
1651 4318 1903 4374 Ecclesia:

2012 4322 2146 4384 θεῖν,
2178 4322 2211 4392 ἦ
2244 4322 2575 4386 ξανθοποιεῖν
2604 4323 2789 4392 αὑτήν.
2836 4320 2916 4374 Ne
2949 4322 3099 4374 ornes
3133 4329 3200 4386 te,
3231 4329 3288 4374 ut
3317 4323 3579 4391 qua-piam

339 4407 742 4475 propugnacula
791 4407 1052 4462 adversus
1085 4409 1367 4463 haereticos
1403 4410 1562 4462 fuerit
1595 4411 1900 4477 recensita;
1938 4465 1977 4483 λ
2007 4412 2445 4481 capiatur...Tibi
2473 4414 2610 4468 enim
2641 4414 2729 4483 qui
2755 4413 2927 4481 ﬁdelis
2966 4422 3013 4466 et
3045 4411 3198 4466 homo
3231 4412 3326 4465 Dei
3366 4431 3441 4474 es,
3476 4427 3605 4468 non‘

339 4499 428 4551 καὶ
487 4500 602 4568 ὅροι
652 4499 760 4570 γὰρ
803 4499 1065 4571 ἐτέθησαν
1121 4502 1284 4570 ἡμῖν,
1332 4502 1426 4553 καὶ
1483 4500 1751 4570 θεμέλιοι,
1811 4503 1905 4553 καὶ

2015 4507 2131 4563 licet
2160 4506 2360 4559 nutrire
2387 4521 2613 4568 comam,
2646 4513 2694 4558 et
2728 4506 2779 4557 in
2809 4521 2969 4557 uirum
2999 4503 3260 4572 colligere,
3295 4503 3432 4573 quod
3463 4521 3583 4573 spa-

337 4593 586 4663 οίκοδομὴ
629 4592 728 4662 τῆς
765 4594 1017 4656 πίστεως,
1056 4595 1148 4646 καὶ
1189 4594 1517 4646 Ἀποστόλων
1547 4593 1870 4664 παραδόσεις
1892 4635 1906 4658 ,

2014 4601 2201 4653 talium
2227 4609 2304 4653 est
2331 4616 2348 4654 :
2373 4599 2449 4652 vel
2480 4597 2763 4667 effundere,
2781 4610 2871 4650 aut
2893 4597 3313 4651 discriminatam
3336 4615 3575 4651 servare:

336 4685 428 4737 καὶ
455 4686 662 4756 γραφαὶ
699 4685 868 4753 ἅγιαι,
901 4687 995 4738 καὶ
1035 4686 1276 4756 διαδοχαὶ
1315 4683 1678 4747 διδασκαλίας,
1724 4685 1819 4738 καὶ
1846 4686 1910 4738 ἐκ

2012 4706 2172 4761 neque
2201 4691 2357 4744 etiam
2388 4689 2719 4758 tumefacerc,
2745 4705 2905 4758 neque
2932 4688 3190 4756 carpendo
3216 4705 3277 4740 ac
3300 4687 3580 4756 formando
3602 4725 3606 4732 ι

336 4776 670 4846 πανταχόθεν
717 4778 750 4847 ὴ
801 4777 1023 4848 ἀλήθεια
1071 4778 1166 4830 τοῦ
1216 4777 1349 4830 Θεοῦ
1398 4778 1758 4848 ⁴Ιισιρςὶλισίιται,
1815 4779 1909 4832 καὶ

2012 4785 2239 4850 crispent
2287 4781 2522 4844 reddere,
2583 4797 2742 4850 neque
2791 4797 2907 4834 eam
2964 4780 3158 4848 ﬂavam
3216 4779 3387 4848 facere
3435 4777 3574 4850 (85).

338 4867 524 4940 μηδεὶς
563 4869 860 4922 ἀπατάσθω
901 4873 1013 4933 τοῖς
1055 4870 1258 4933 καινοῖς
1301 4870 1510 4940 μύθοις.
1546 4870 1688 4923 Nam
1729 4881 1781 4924 et
1811 4879 1910 4925 ter-

2012 4873 2186 4942 Atque
2228 4873 2274 4928 is
2303 4873 2520 4942 quidem
2565 4873 2747 4926 cultus
2805 4871 2963 4925 facile
3007 4872 3060 4924 in
3087 4871 3460 4942 Cataphrygns
3491 4872 3575 4925 vel

336 4963 465 5014 mini
513 4963 804 5030 pra’scripti
853 4962 1000 5015 nobis
1045 4973 1186 5027 sunt,
1242 4975 1289 5016 et
1336 4963 1678 5032 fundamenta
1732 4965 1906 5033 posita
2008 4963 2368 5017 Montanistas
2396 4964 2637 5019 Asiatico
2669 4965 2796 5017 luxu
2823 4964 3130 5019 difﬂuentes
3160 4964 3360 5018 invasit
3393 4963 3604 5033 :quod-

333 5064 383 5106 et
437 5053 562 5124 ﬁdei
619 5064 929 5121 structura,
988 5065 1043 5110 et
1107 5059 1478 5126 apostolorum
1544 5061 1901 5125 traditiones,

2012 5062 2061 5109 et
2089 5055 2409 5125 Apollonius
2452 5057 2585 5126 ipsis
2633 5057 2860 5125 objicit:
2909 5055 3238 5126 Προφήτης,
3288 5055 3410 5108 εἰπέ
3461 5073 3605 5126 μοι,.

332 5157 382 5198 et
411 5164 580 5201 sacra:
603 5148 810 5213 litterre,
838 5135 888 5202 et
912 5149 1132 5205 celestis
1164 5152 1425 5207 doctrinae
1456 5161 1750 5224 prOpagata
1779 5171 1904 5210 suc-

2012 5145 2306 5216 βάπτεται;
2351 5149 2635 5220 προφήτης
2684 5146 3016 5212 πιὸίζεται;
3049 5147 3333 5219 προφήτης
3361 5147 3577 5214 φιλοκο-

334 5239 532 5302 cessio,
562 5256 625 5293 ac
657 5240 874 5312 denique
901 5242 1077 5296 divina
1116 5245 1306 5298 veritas
1339 5259 1402 5298 ea:
1432 5247 1572 5298 οηιηὶ
1604 5255 1750 5314 parte
1782 5262 1900 5298 mu-
2005 5243 2168 5310 σμεῖ;
2219 5240 2313 5294 Dic
2353 5241 2511 5304 νηίίιίν
2561 5242 2777 5311 ίὶηρὶιῐιε
2828 5241 3049 5308 caput”
3097 5240 3394 5309 P'OPhe‘a’
3449 5256 3606 5292 "mn"

334 5329 447 5381 nita
485 5339 586 5386 est.
638 5340 688 5385 et
729 5334 1034 5388 constituta.
1093 5333 1322 5388 Proinde
1370 5352 1516 5390 nemo
1563 5351 1616 5390 se
1657 5334 1900 5389 inanibus
1998 5330 2250 5400 ρνορΙιεια
2288 5331 2446 5386 stibio
2478 5333 2655 5386 οσαιοε
2690 5331 2854 5387 "nil?
2897 5349 2966 5386 οη
3007 5330 3181 5386 “ad”
3227 5347 3406 5386 οτηαη
3448 5348 3568 5401 Ρνο·

431 5507 496 5561 75
555 5507 716 5564 Noris
748 5509 847 5581 Op.
880 5517 924 5566 t.
956 5511 1044 5572 lll,
1076 5513 1184 5566 col.
1220 5512 1372 5567 lOlG.
2073 5515 2164 5584 (80
2223 5513 2472 5584 Apollon.
2507 5530 2594 5583 ap.
2623 5514 2821 5571 Euseb.
2861 5513 2929 5570 11.
2961 5514 3023 5572 Ε.
3052 5530 3084 5569 v
3128 5517 3214 5572 l8.

555 5578 820 5654 Δῥιηιῐιιε.
846 5581 922 5654 De
961 5582 1064 5636 Vit.
1104 5582 1284 5638 Const.
1314 5601 1394 5648 ιιι,
1420 5584 1507 5638 67.
2069 5515 2185 5654 (8Ιῖ
2223 5585 2449 5640 Constit.
2477 5600 2560 5652 ap.
2592 5602 2628 5649 I,
2649 5587 2707 5640 ‘2.

429 5578 515 5652 th)
555 5578 820 5652 ép._Eus—.
846 5581 922 5635 De
961 5582 1064 5636 Vit.
1104 5582 1284 5638 Const.
1314 5601 1394 5648 ιιι,
1420 5584 1507 5638 67.
2069 5578 2183 5652 (8i)
2223 5578 2449 5640 Constit.
2477 5578 2560 5652 ap.
2592 5602 2628 5649 I,
2649 5587 2707 5640 ‘2.

559 5649 839 5726 Epiph.
869 5653 999 5726 mer.
1033 5669 1118 5716 ιν,
1148 5655 1199 5706 ’5.

2067 5649 2181 5724 (82δ
2221 5657 2321 5726 Ap.
2351 5649 2572 5719 Euseb,
2603 5674 2655 5722 ν,
2680 5657 2764 5712 16.

403 5719 513 5791 (78)
554 5719 831 5791 ᾼΙικιὲνίη.
865 5722 1090 5776 Observ.
1129 5726 1271 5788 1,13.

404 5726 513 5788 (78)
554 5726 831 5791 Albaspin.
865 5726 1090 5776 Observ.
1129 5726 1271 5788 1,13.
1505 5728 1508 5731 ’

404 5789 518 5858 (79)
563 5785 788 5845 Conslit.
826 5810 910 5860 ap.
946 5797 1030 5857 1,1

2069 5728 2181 5799 (8'5)
2219 5726 2443 5782 Constit.
2487 5744 2572 5799 ap.
2609 5744 2644 5793 ι,
2677 5727 2730 5785 3.
