  <div class='ocr_page' id='page_1' title='image "/cluster/home/n/w/nwhite01/storage/ocr_20150623/1/mdp.39015014764065/281.png"; bbox 0 0 4090 6250; ppageno 0'>
   <div class='ocr_carea' id='block_1_1' title="bbox 492 383 598 441">
    <p class='ocr_par' dir='ltr' id='par_1_1' title="bbox 492 383 598 441">
     <span class='ocr_line' id='line_1_1' title="bbox 492 383 598 441; baseline 0 -14"><span class='ocrx_word' id='word_1_1' title='bbox 492 383 598 441; x_wconf 64' lang='grc' dir='ltr'>ωτι</span> 
     </span>
    </p>
   </div>
   <div class='ocr_carea' id='block_1_2' title="bbox 1352 360 2853 434">
    <p class='ocr_par' dir='ltr' id='par_1_2' title="bbox 1352 360 2853 434">
     <span class='ocr_line' id='line_1_2' title="bbox 1352 360 2853 434; baseline -0.007 -7"><span class='ocrx_word' id='word_1_2' title='bbox 1352 368 1394 427; x_wconf 84' lang='lat' dir='ltr'><strong>S</strong></span> <span class='ocrx_word' id='word_1_3' title='bbox 1445 368 1842 427; x_wconf 69' lang='lat' dir='ltr'><strong>CLEIENTIS</strong></span> <span class='ocrx_word' id='word_1_4' title='bbox 1872 370 1892 424; x_wconf 86' lang='lat' dir='ltr'><strong>l</strong></span> <span class='ocrx_word' id='word_1_5' title='bbox 1928 366 2095 424; x_wconf 75' lang='lat' dir='ltr'><strong>ROM.</strong></span> <span class='ocrx_word' id='word_1_6' title='bbox 2129 363 2330 423; x_wconf 82' lang='grc' dir='ltr'>ΡΟΝΤ.</span> <span class='ocrx_word' id='word_1_7' title='bbox 2365 362 2594 421; x_wconf 75' lang='lat' dir='ltr'><strong>OPEBA</strong></span> <span class='ocrx_word' id='word_1_8' title='bbox 2626 360 2853 434; x_wconf 72' lang='lat' dir='ltr'><strong>DUBIA.</strong></span> 
     </span>
    </p>
   </div>
   <div class='ocr_carea' id='block_1_3' title="bbox 491 469 3726 569">
    <p class='ocr_par' dir='ltr' id='par_1_3' title="bbox 491 469 3726 569">
     <span class='ocr_line' id='line_1_3' title="bbox 491 469 3726 569; baseline -0.008 -18"><span class='ocrx_word' id='word_1_9' title='bbox 491 499 645 569; x_wconf 73' lang='lat' dir='ltr'><strong>pheta</strong></span> <span class='ocrx_word' id='word_1_10' title='bbox 664 493 825 563; x_wconf 47' lang='grc' dir='ltr'>εχει)</span> <span class='ocrx_word' id='word_1_11' title='bbox 879 486 1077 543; x_wconf 77' lang='lat' dir='ltr'><strong>Deinde</strong></span> <span class='ocrx_word' id='word_1_12' title='bbox 1108 482 1175 539; x_wconf 88' lang='lat' dir='ltr'><strong>ad</strong></span> <span class='ocrx_word' id='word_1_13' title='bbox 1202 481 1566 538; x_wconf 82' lang='lat' dir='ltr'><strong>coercendam</strong></span> <span class='ocrx_word' id='word_1_14' title='bbox 1596 480 2045 537; x_wconf 81' lang='lat' dir='ltr'><strong>muliercularum</strong></span> <span class='ocrx_word' id='word_1_15' title='bbox 2075 487 2121 543; x_wconf 74' lang='grc' dir='ltr'><strong>Α</strong></span> <span class='ocrx_word' id='word_1_16' title='bbox 2150 476 2384 532; x_wconf 73' lang='lat' dir='ltr'><strong>maxime</strong></span> <span class='ocrx_word' id='word_1_17' title='bbox 2428 475 2745 534; x_wconf 67' lang='lat' dir='ltr'><strong>nitebantur</strong></span> <span class='ocrx_word' id='word_1_18' title='bbox 2779 472 3161 529; x_wconf 64' lang='lat' dir='ltr'><strong>Montanista:</strong></span> <span class='ocrx_word' id='word_1_19' title='bbox 3188 479 3249 527; x_wconf 65' lang='lat' dir='ltr'><strong>at</strong></span> <span class='ocrx_word' id='word_1_20' title='bbox 3288 476 3442 527; x_wconf 57' lang='lat' dir='ltr'><strong>calta</strong></span> <span class='ocrx_word' id='word_1_21' title='bbox 3484 469 3726 541; x_wconf 60' lang='lat' dir='ltr'><strong>jejunla,</strong></span> 
     </span>
    </p>
   </div>
   <div class='ocr_carea' id='block_1_4' title="bbox 488 573 2052 653">
    <p class='ocr_par' dir='ltr' id='par_1_4' title="bbox 488 573 2052 653">
     <span class='ocr_line' id='line_1_4' title="bbox 488 573 2052 653; baseline -0.01 -12"><span class='ocrx_word' id='word_1_22' title='bbox 488 589 787 649; x_wconf 54' lang='lat' dir='ltr'><strong>“tu.</strong></span> <span class='ocrx_word' id='word_1_23' title='bbox 810 596 937 653; x_wconf 65' lang='lat' dir='ltr'><strong>qua</strong></span> <span class='ocrx_word' id='word_1_24' title='bbox 960 578 1130 633; x_wconf 84' lang='lat' dir='ltr'><strong>nimia</strong></span> <span class='ocrx_word' id='word_1_25' title='bbox 1159 582 1279 631; x_wconf 84' lang='lat' dir='ltr'><strong>erat</strong></span> <span class='ocrx_word' id='word_1_26' title='bbox 1307 574 1451 633; x_wconf 77' lang='lat' dir='ltr'><strong>apud</strong></span> <span class='ocrx_word' id='word_1_27' title='bbox 1480 574 1860 638; x_wconf 77' lang='lat' dir='ltr'><strong>Montanistas,</strong></span> <span class='ocrx_word' id='word_1_28' title='bbox 1896 573 2052 642; x_wconf 90' lang='lat' dir='ltr'><strong>plura</strong></span> 
     </span>
    </p>
   </div>
   <div class='ocr_carea' id='block_1_5' title="bbox 488 665 2057 753">
    <p class='ocr_par' dir='ltr' id='par_1_5' title="bbox 488 665 2057 753">
     <span class='ocr_line' id='line_1_5' title="bbox 488 665 2057 753; baseline -0.006 -23"><span class='ocrx_word' id='word_1_29' title='bbox 488 684 853 753; x_wconf 57' lang='lat' dir='ltr'><strong>comarum</strong></span> <span class='ocrx_word' id='word_1_30' title='bbox 880 665 2057 741; x_wconf 58' lang='lat' dir='ltr'><strong>nmmum</strong></span> 
     </span>
    </p>
   </div>
   <div class='ocr_carea' id='block_1_6' title="bbox 486 759 2056 846">
    <p class='ocr_par' dir='ltr' id='par_1_6' title="bbox 486 759 2056 846">
     <span class='ocr_line' id='line_1_6' title="bbox 486 759 2056 846; baseline -0.009 -20"><span class='ocrx_word' id='word_1_31' title='bbox 486 790 593 846; x_wconf 84' lang='lat' dir='ltr'><strong>que</strong></span> <span class='ocrx_word' id='word_1_32' title='bbox 619 781 733 826; x_wconf 88' lang='lat' dir='ltr'><strong>toto</strong></span> <span class='ocrx_word' id='word_1_33' title='bbox 759 780 920 836; x_wconf 91' lang='lat' dir='ltr'><strong>opere</strong></span> <span class='ocrx_word' id='word_1_34' title='bbox 946 763 1146 832; x_wconf 61' lang='lat' dir='ltr'><strong>saepius</strong></span> <span class='ocrx_word' id='word_1_35' title='bbox 1167 761 1535 814; x_wconf 75' lang='lat' dir='ltr'><strong>inculcantur.</strong></span> <span class='ocrx_word' id='word_1_36' title='bbox 1584 759 1877 813; x_wconf 75' lang='lat' dir='ltr'><strong>Maximilla</strong></span> <span class='ocrx_word' id='word_1_37' title='bbox 1907 766 2056 813; x_wconf 89' lang='lat' dir='ltr'><strong>certe</strong></span> 
     </span>
    </p>
   </div>
   <div class='ocr_carea' id='block_1_7' title="bbox 486 843 2055 922">
    <p class='ocr_par' dir='ltr' id='par_1_7' title="bbox 486 843 2055 922">
     <span class='ocr_line' id='line_1_7' title="bbox 486 843 2055 922; baseline -0.013 -3"><span class='ocrx_word' id='word_1_38' title='bbox 486 843 937 920; x_wconf 56' lang='lat' dir='ltr'><strong>iontanistarum</strong></span> <span class='ocrx_word' id='word_1_39' title='bbox 986 849 1351 922; x_wconf 86' lang='lat' dir='ltr'><strong>prophetissa,</strong></span> <span class='ocrx_word' id='word_1_40' title='bbox 1383 848 1597 902; x_wconf 89' lang='lat' dir='ltr'><strong>nullum</strong></span> <span class='ocrx_word' id='word_1_41' title='bbox 1639 847 1829 901; x_wconf 81' lang='lat' dir='ltr'><strong>habuit</strong></span> <span class='ocrx_word' id='word_1_42' title='bbox 1875 843 2055 900; x_wconf 68' lang='lat' dir='ltr'><strong>infeno</strong></span> 
     </span>
    </p>
   </div>
   <div class='ocr_carea' id='block_1_8' title="bbox 489 935 2053 1015">
    <p class='ocr_par' dir='ltr' id='par_1_8' title="bbox 489 935 2053 1015">
     <span class='ocr_line' id='line_1_8' title="bbox 489 935 2053 1015; baseline -0.015 -5"><span class='ocrx_word' id='word_1_43' title='bbox 489 956 690 1010; x_wconf 88' lang='lat' dir='ltr'><strong>siorem</strong></span> <span class='ocrx_word' id='word_1_44' title='bbox 729 944 1054 1015; x_wconf 81' lang='lat' dir='ltr'><strong>Hippolyto,</strong></span> <span class='ocrx_word' id='word_1_45' title='bbox 1083 940 1179 1011; x_wconf 89' lang='lat' dir='ltr'><strong>qui</strong></span> <span class='ocrx_word' id='word_1_46' title='bbox 1231 954 1429 993; x_wconf 90' lang='lat' dir='ltr'><strong>novam</strong></span> <span class='ocrx_word' id='word_1_47' title='bbox 1466 937 1770 993; x_wconf 83' lang='lat' dir='ltr'><strong>Jesabelem</strong></span> <span class='ocrx_word' id='word_1_48' title='bbox 1820 935 1876 990; x_wconf 91' lang='lat' dir='ltr'><strong>in</strong></span> <span class='ocrx_word' id='word_1_49' title='bbox 1903 935 2053 1006; x_wconf 86' lang='lat' dir='ltr'><strong>Apo-</strong></span> 
     </span>
    </p>
   </div>
   <div class='ocr_carea' id='block_1_9' title="bbox 483 1027 2055 1111">
    <p class='ocr_par' dir='ltr' id='par_1_9' title="bbox 483 1027 2055 1111">
     <span class='ocr_line' id='line_1_9' title="bbox 483 1027 2055 1111; baseline -0.008 -15"><span class='ocrx_word' id='word_1_50' title='bbox 483 1039 687 1111; x_wconf 81' lang='lat' dir='ltr'><strong>calypsi</strong></span> <span class='ocrx_word' id='word_1_51' title='bbox 741 1042 1135 1096; x_wconf 81' lang='lat' dir='ltr'><strong>memoratam,</strong></span> <span class='ocrx_word' id='word_1_52' title='bbox 1203 1028 1379 1100; x_wconf 84' lang='lat' dir='ltr'><strong>ipsam</strong></span> <span class='ocrx_word' id='word_1_53' title='bbox 1437 1029 1610 1085; x_wconf 85' lang='lat' dir='ltr'><strong>fuisse</strong></span> <span class='ocrx_word' id='word_1_54' title='bbox 1666 1027 2055 1099; x_wconf 77' lang='lat' dir='ltr'><strong>interpretatus</strong></span> 
     </span>
    </p>
   </div>
   <div class='ocr_carea' id='block_1_10' title="bbox 479 1127 726 1199">
    <p class='ocr_par' dir='ltr' id='par_1_10' title="bbox 479 1127 726 1199">
     <span class='ocr_line' id='line_1_10' title="bbox 479 1127 726 1199; baseline -0.032 -11"><span class='ocrx_word' id='word_1_55' title='bbox 479 1140 564 1188; x_wconf 85' lang='lat' dir='ltr'><strong>est</strong></span> <span class='ocrx_word' id='word_1_56' title='bbox 593 1127 726 1199; x_wconf 77' lang='grc'><strong>(85).</strong></span> 
     </span>
    </p>
   </div>
   <div class='ocr_carea' id='block_1_11' title="bbox 551 1210 2055 1282">
    <p class='ocr_par' dir='ltr' id='par_1_11' title="bbox 551 1210 2055 1282">
     <span class='ocr_line' id='line_1_11' title="bbox 551 1210 2055 1282; baseline -0.005 -8"><span class='ocrx_word' id='word_1_57' title='bbox 551 1218 639 1274; x_wconf 83' lang='lat' dir='ltr'><strong>IV.</strong></span> <span class='ocrx_word' id='word_1_58' title='bbox 684 1216 907 1270; x_wconf 87' lang='lat' dir='ltr'><strong>Errores</strong></span> <span class='ocrx_word' id='word_1_59' title='bbox 928 1213 1383 1270; x_wconf 70' lang='lat' dir='ltr'><strong>Hontanistarum</strong></span> <span class='ocrx_word' id='word_1_60' title='bbox 1419 1213 1732 1282; x_wconf 74' lang='lat' dir='ltr'><strong>singillatim</strong></span> <span class='ocrx_word' id='word_1_61' title='bbox 1762 1216 1828 1266; x_wconf 85' lang='lat' dir='ltr'><strong>ab</strong></span> <span class='ocrx_word' id='word_1_62' title='bbox 1855 1210 2055 1280; x_wconf 81' lang='lat' dir='ltr'><strong>Hippo-</strong></span> 
     </span>
    </p>
   </div>
   <div class='ocr_carea' id='block_1_12' title="bbox 476 1305 2054 1386">
    <p class='ocr_par' dir='ltr' id='par_1_12' title="bbox 476 1305 2054 1386">
     <span class='ocr_line' id='line_1_12' title="bbox 476 1305 2054 1386; baseline -0.008 -16"><span class='ocrx_word' id='word_1_63' title='bbox 476 1316 588 1386; x_wconf 85' lang='lat' dir='ltr'><strong>lgto</strong></span> <span class='ocrx_word' id='word_1_64' title='bbox 603 1310 801 1379; x_wconf 78' lang='lat' dir='ltr'><strong>reiecti.</strong></span> <span class='ocrx_word' id='word_1_65' title='bbox 820 1337 884 1349; x_wconf 89' lang='lat'><em>-</em></span> <span class='ocrx_word' id='word_1_66' title='bbox 900 1306 1007 1364; x_wconf 86' lang='lat' dir='ltr'><strong>Sed</strong></span> <span class='ocrx_word' id='word_1_67' title='bbox 1021 1324 1198 1378; x_wconf 87' lang='lat' dir='ltr'><strong>neque</strong></span> <span class='ocrx_word' id='word_1_68' title='bbox 1224 1308 1368 1363; x_wconf 91' lang='lat' dir='ltr'><strong>ullus</strong></span> <span class='ocrx_word' id='word_1_69' title='bbox 1389 1322 1546 1362; x_wconf 88' lang='lat' dir='ltr'><strong>error</strong></span> <span class='ocrx_word' id='word_1_70' title='bbox 1571 1307 1823 1377; x_wconf 81' lang='lat' dir='ltr'><strong>proprius</strong></span> <span class='ocrx_word' id='word_1_71' title='bbox 1845 1305 2054 1359; x_wconf 84' lang='lat' dir='ltr'><strong>Monta-</strong></span> 
     </span>
    </p>
   </div>
   <div class='ocr_carea' id='block_1_13' title="bbox 476 1396 2054 1470">
    <p class='ocr_par' dir='ltr' id='par_1_13' title="bbox 476 1396 2054 1470">
     <span class='ocr_line' id='line_1_13' title="bbox 476 1396 2054 1470; baseline -0.006 -11"><span class='ocrx_word' id='word_1_72' title='bbox 476 1406 747 1459; x_wconf 87' lang='lat' dir='ltr'><strong>nistarnm</strong></span> <span class='ocrx_word' id='word_1_73' title='bbox 798 1398 921 1463; x_wconf 92' lang='lat' dir='ltr'><strong>fuit,</strong></span> <span class='ocrx_word' id='word_1_74' title='bbox 953 1399 1050 1470; x_wconf 86' lang='lat' dir='ltr'><strong>qui</strong></span> <span class='ocrx_word' id='word_1_75' title='bbox 1094 1415 1203 1454; x_wconf 92' lang='lat' dir='ltr'><strong>non</strong></span> <span class='ocrx_word' id='word_1_76' title='bbox 1238 1398 1517 1454; x_wconf 91' lang='lat' dir='ltr'><strong>refellatur</strong></span> <span class='ocrx_word' id='word_1_77' title='bbox 1556 1399 1611 1452; x_wconf 91' lang='lat' dir='ltr'><strong>in</strong></span> <span class='ocrx_word' id='word_1_78' title='bbox 1646 1396 2054 1453; x_wconf 85' lang='lat' dir='ltr'><strong>Constitutioni-</strong></span> 
     </span>
    </p>
   </div>
   <div class='ocr_carea' id='block_1_14' title="bbox 476 1488 2051 1560">
    <p class='ocr_par' dir='ltr' id='par_1_14' title="bbox 476 1488 2051 1560">
     <span class='ocr_line' id='line_1_14' title="bbox 476 1488 2051 1560; baseline -0.004 -12"><span class='ocrx_word' id='word_1_79' title='bbox 476 1495 597 1550; x_wconf 76' lang='lat' dir='ltr'><strong>bus.</strong></span> <span class='ocrx_word' id='word_1_80' title='bbox 641 1491 723 1545; x_wconf 91' lang='lat' dir='ltr'><strong>llli</strong></span> <span class='ocrx_word' id='word_1_81' title='bbox 771 1491 1047 1558; x_wconf 79' lang='lat' dir='ltr'><strong>negabant</strong></span> <span class='ocrx_word' id='word_1_82' title='bbox 1075 1489 1333 1545; x_wconf 59' lang='lat' dir='ltr'><strong>Ecclesia!</strong></span> <span class='ocrx_word' id='word_1_83' title='bbox 1378 1496 1707 1560; x_wconf 89' lang='lat' dir='ltr'><strong>potestatem</strong></span> <span class='ocrx_word' id='word_1_84' title='bbox 1745 1488 2051 1544; x_wconf 86' lang='lat' dir='ltr'><strong>dimittendi</strong></span> 
     </span>
    </p>
   </div>
   <div class='ocr_carea' id='block_1_15' title="bbox 475 1581 2049 1656">
    <p class='ocr_par' dir='ltr' id='par_1_15' title="bbox 475 1581 2049 1656">
     <span class='ocr_line' id='line_1_15' title="bbox 475 1581 2049 1656; baseline -0.003 -17"><span class='ocrx_word' id='word_1_85' title='bbox 475 1584 727 1656; x_wconf 79' lang='lat' dir='ltr'><strong>graviora</strong></span> <span class='ocrx_word' id='word_1_86' title='bbox 767 1582 1026 1644; x_wconf 84' lang='lat' dir='ltr'><strong>crimina.</strong></span> <span class='ocrx_word' id='word_1_87' title='bbox 1070 1581 1484 1636; x_wconf 83' lang='lat' dir='ltr'><strong>Constitutiones</strong></span> <span class='ocrx_word' id='word_1_88' title='bbox 1524 1582 1725 1650; x_wconf 90' lang='lat' dir='ltr'><strong>ubique</strong></span> <span class='ocrx_word' id='word_1_89' title='bbox 1760 1586 2049 1635; x_wconf 84' lang='lat' dir='ltr'><strong>asserunt:</strong></span> 
     </span>
    </p>
   </div>
   <div class='ocr_carea' id='block_1_16' title="bbox 476 1667 2054 1745">
    <p class='ocr_par' dir='ltr' id='par_1_16' title="bbox 476 1667 2054 1745">
     <span class='ocr_line' id='line_1_16' title="bbox 476 1667 2054 1745; baseline -0.004 -16"><span class='ocrx_word' id='word_1_90' title='bbox 476 1676 587 1729; x_wconf 76' lang='lat' dir='ltr'><strong>Kal</strong></span> <span class='ocrx_word' id='word_1_91' title='bbox 623 1678 733 1737; x_wconf 90' lang='grc' dir='ltr'>τοῖς</span> <span class='ocrx_word' id='word_1_92' title='bbox 764 1674 1111 1745; x_wconf 82' lang='grc' dir='ltr'><strong>μετανοοῦσιν</strong></span> <span class='ocrx_word' id='word_1_93' title='bbox 1151 1674 1343 1742; x_wconf 77' lang='grc' dir='ltr'>ἄφεσιν</span> <span class='ocrx_word' id='word_1_94' title='bbox 1380 1671 1575 1726; x_wconf 82' lang='grc' dir='ltr'>διδόναι</span> <span class='ocrx_word' id='word_1_95' title='bbox 1601 1670 1775 1743; x_wconf 81' lang='grc' dir='ltr'>χρή...</span> <span class='ocrx_word' id='word_1_96' title='bbox 1815 1667 2054 1741; x_wconf 73' lang='grc' dir='ltr'>Γνὼριζε</span> 
     </span>
    </p>
   </div>
   <div class='ocr_carea' id='block_1_17' title="bbox 470 1761 2051 1836">
    <p class='ocr_par' dir='ltr' id='par_1_17' title="bbox 470 1761 2051 1836">
     <span class='ocr_line' id='line_1_17' title="bbox 470 1761 2051 1836; baseline -0.004 -15"><span class='ocrx_word' id='word_1_97' title='bbox 470 1764 589 1834; x_wconf 73' lang='grc' dir='ltr'>οὖν,</span> <span class='ocrx_word' id='word_1_98' title='bbox 620 1761 664 1821; x_wconf 80' lang='grc' dir='ltr'>ὦ</span> <span class='ocrx_word' id='word_1_99' title='bbox 691 1768 978 1829; x_wconf 76' lang='grc' dir='ltr'>ἐπίσκοπε,</span> <span class='ocrx_word' id='word_1_100' title='bbox 1000 1765 1061 1819; x_wconf 82' lang='grc' dir='ltr'>τὸ</span> <span class='ocrx_word' id='word_1_101' title='bbox 1100 1765 1318 1836; x_wconf 81' lang='grc' dir='ltr'>ἀξίωμά</span> <span class='ocrx_word' id='word_1_102' title='bbox 1353 1781 1448 1818; x_wconf 90' lang='grc' dir='ltr'><strong>σου</strong></span> <span class='ocrx_word' id='word_1_103' title='bbox 1471 1803 1486 1828; x_wconf 91' lang='grc'><strong>,</strong></span> <span class='ocrx_word' id='word_1_104' title='bbox 1508 1764 1590 1817; x_wconf 83' lang='grc' dir='ltr'><strong>δτι</strong></span> <span class='ocrx_word' id='word_1_105' title='bbox 1615 1763 1689 1825; x_wconf 72' lang='grc' dir='ltr'>ὡς</span> <span class='ocrx_word' id='word_1_106' title='bbox 1716 1761 1808 1816; x_wconf 76' lang='grc' dir='ltr'><strong>τοῦ</strong></span> <span class='ocrx_word' id='word_1_107' title='bbox 1836 1761 2051 1832; x_wconf 78' lang='grc' dir='ltr'><strong>δεσμεῖν</strong></span> 
     </span>
    </p>
   </div>
   <div class='ocr_carea' id='block_1_18' title="bbox 2154 567 3731 642">
    <p class='ocr_par' dir='ltr' id='par_1_18' title="bbox 2154 567 3731 642">
     <span class='ocr_line' id='line_1_18' title="bbox 2154 567 3731 642; baseline -0.003 -19"><span class='ocrx_word' id='word_1_108' title='bbox 2154 577 2318 642; x_wconf 83' lang='lat' dir='ltr'><strong>atque</strong></span> <span class='ocrx_word' id='word_1_109' title='bbox 2355 584 2518 623; x_wconf 87' lang='lat' dir='ltr'><strong>unam</strong></span> <span class='ocrx_word' id='word_1_110' title='bbox 2549 567 3034 639; x_wconf 63' lang='lat' dir='ltr'><strong>Quadi-agminum</strong></span> <span class='ocrx_word' id='word_1_111' title='bbox 3058 567 3251 637; x_wconf 77' lang='lat' dir='ltr'><strong>prisco</strong></span> <span class='ocrx_word' id='word_1_112' title='bbox 3299 578 3454 620; x_wconf 86' lang='lat' dir='ltr'><strong>more</strong></span> <span class='ocrx_word' id='word_1_113' title='bbox 3489 579 3731 620; x_wconf 84' lang='lat' dir='ltr'><strong>servan-</strong></span> 
     </span>
    </p>
   </div>
   <div class='ocr_carea' id='block_1_19' title="bbox 2151 654 3729 728">
    <p class='ocr_par' dir='ltr' id='par_1_19' title="bbox 2151 654 3729 728">
     <span class='ocr_line' id='line_1_19' title="bbox 2151 654 3729 728; baseline -0.004 -12"><span class='ocrx_word' id='word_1_114' title='bbox 2151 659 2280 716; x_wconf 65' lang='lat' dir='ltr'><strong>da-</strong></span> <span class='ocrx_word' id='word_1_115' title='bbox 2306 658 2725 715; x_wconf 71' lang='lat' dir='ltr'><strong>Constitutiones</strong></span> <span class='ocrx_word' id='word_1_116' title='bbox 2757 661 3065 714; x_wconf 83' lang='lat' dir='ltr'><strong>memorant</strong></span> <span class='ocrx_word' id='word_1_117' title='bbox 3097 672 3114 708; x_wconf 90' lang='lat'>:</span> <span class='ocrx_word' id='word_1_118' title='bbox 3168 657 3329 727; x_wconf 79' lang='grc' dir='ltr'>Ὑμῖν</span> <span class='ocrx_word' id='word_1_119' title='bbox 3369 654 3650 723; x_wconf 78' lang='grc' dir='ltr'><strong>φυλακτέα</strong></span> <span class='ocrx_word' id='word_1_120' title='bbox 3691 657 3729 728; x_wconf 72' lang='grc' dir='ltr'><strong>ἡ</strong></span> 
     </span>
    </p>
   </div>
   <div class='ocr_carea' id='block_1_20' title="bbox 2152 748 3732 823">
    <p class='ocr_par' dir='ltr' id='par_1_20' title="bbox 2152 748 3732 823">
     <span class='ocr_line' id='line_1_20' title="bbox 2152 748 3732 823; baseline -0.002 -19"><span class='ocrx_word' id='word_1_121' title='bbox 2152 750 2372 823; x_wconf 77' lang='grc' dir='ltr'><strong>νηστεία</strong></span> <span class='ocrx_word' id='word_1_122' title='bbox 2385 750 2484 822; x_wconf 80' lang='grc' dir='ltr'>τῆς</span> <span class='ocrx_word' id='word_1_123' title='bbox 2507 749 2977 823; x_wconf 83' lang='grc' dir='ltr'>Τεσσαρακοστῆς,</span> <span class='ocrx_word' id='word_1_124' title='bbox 3012 750 3230 821; x_wconf 80' lang='grc' dir='ltr'><strong>μνήμην</strong></span> <span class='ocrx_word' id='word_1_125' title='bbox 3270 748 3598 819; x_wconf 69' lang='grc' dir='ltr'><strong>περιέχουσα</strong></span> <span class='ocrx_word' id='word_1_126' title='bbox 3625 749 3732 819; x_wconf 85' lang='grc' dir='ltr'>τῆς</span> 
     </span>
    </p>
   </div>
   <div class='ocr_carea' id='block_1_21' title="bbox 2152 841 3732 917">
    <p class='ocr_par' dir='ltr' id='par_1_21' title="bbox 2152 841 3732 917">
     <span class='ocr_line' id='line_1_21' title="bbox 2152 841 3732 917; baseline -0.002 -19"><span class='ocrx_word' id='word_1_127' title='bbox 2152 844 2248 898; x_wconf 83' lang='grc' dir='ltr'>τοῦ</span> <span class='ocrx_word' id='word_1_128' title='bbox 2277 845 2483 917; x_wconf 77' lang='grc' dir='ltr'>Κυρίου</span> <span class='ocrx_word' id='word_1_129' title='bbox 2510 845 2784 908; x_wconf 75' lang='grc' dir='ltr'>πολιτείας</span> <span class='ocrx_word' id='word_1_130' title='bbox 2809 861 2870 897; x_wconf 87' lang='grc' dir='ltr'><strong>τε</strong></span> <span class='ocrx_word' id='word_1_131' title='bbox 2898 844 2991 898; x_wconf 78' lang='grc' dir='ltr'>καὶ</span> <span class='ocrx_word' id='word_1_132' title='bbox 3017 841 3356 915; x_wconf 77' lang='grc' dir='ltr'>νομοθεσίας.</span> <span class='ocrx_word' id='word_1_133' title='bbox 3391 841 3732 896; x_wconf 75' lang='lat' dir='ltr'><strong>Ser-nandum</strong></span> 
     </span>
    </p>
   </div>
   <div class='ocr_carea' id='block_1_22' title="bbox 2152 934 3733 1008">
    <p class='ocr_par' dir='ltr' id='par_1_22' title="bbox 2152 934 3733 1008">
     <span class='ocr_line' id='line_1_22' title="bbox 2152 934 3733 1008; baseline -0.003 -16"><span class='ocrx_word' id='word_1_134' title='bbox 2152 937 2296 992; x_wconf 75' lang='lat' dir='ltr'><strong>vobis</strong></span> <span class='ocrx_word' id='word_1_135' title='bbox 2339 947 2419 993; x_wconf 89' lang='lat' dir='ltr'><strong>est</strong></span> <span class='ocrx_word' id='word_1_136' title='bbox 2452 937 2717 1008; x_wconf 80' lang='lat' dir='ltr'><strong>jejunium</strong></span> <span class='ocrx_word' id='word_1_137' title='bbox 2738 934 3194 1007; x_wconf 77' lang='lat' dir='ltr'><strong>Quadragesimoe,</strong></span> <span class='ocrx_word' id='word_1_138' title='bbox 3232 934 3505 989; x_wconf 81' lang='lat' dir='ltr'><strong>continens</strong></span> <span class='ocrx_word' id='word_1_139' title='bbox 3548 948 3733 989; x_wconf 84' lang='lat' dir='ltr'><strong>recor-</strong></span> 
     </span>
    </p>
   </div>
   <div class='ocr_carea' id='block_1_23' title="bbox 2152 1026 3727 1099">
    <p class='ocr_par' dir='ltr' id='par_1_23' title="bbox 2152 1026 3727 1099">
     <span class='ocr_line' id='line_1_23' title="bbox 2152 1026 3727 1099; baseline 0 -17"><span class='ocrx_word' id='word_1_140' title='bbox 2152 1029 2416 1084; x_wconf 89' lang='lat' dir='ltr'><strong>dationem</strong></span> <span class='ocrx_word' id='word_1_141' title='bbox 2442 1029 2851 1084; x_wconf 82' lang='lat' dir='ltr'><strong>conversationis</strong></span> <span class='ocrx_word' id='word_1_142' title='bbox 2874 1028 3185 1095; x_wconf 65' lang='lat' dir='ltr'><strong>Dominicis,</strong></span> <span class='ocrx_word' id='word_1_143' title='bbox 3216 1038 3264 1083; x_wconf 88' lang='lat' dir='ltr'><strong>et</strong></span> <span class='ocrx_word' id='word_1_144' title='bbox 3290 1027 3417 1097; x_wconf 88' lang='lat' dir='ltr'><strong>legis</strong></span> <span class='ocrx_word' id='word_1_145' title='bbox 3441 1030 3564 1083; x_wconf 73' lang='lat' dir='ltr'><strong>lata:</strong></span> <span class='ocrx_word' id='word_1_146' title='bbox 3581 1026 3727 1099; x_wconf 83' lang='lat'><strong>(90).</strong></span> 
     </span>
    </p>
   </div>
   <div class='ocr_carea' id='block_1_24' title="bbox 2155 1119 3732 1192">
    <p class='ocr_par' dir='ltr' id='par_1_24' title="bbox 2155 1119 3732 1192">
     <span class='ocr_line' id='line_1_24' title="bbox 2155 1119 3732 1192; baseline -0.002 -16"><span class='ocrx_word' id='word_1_147' title='bbox 2155 1121 2398 1192; x_wconf 80' lang='lat' dir='ltr'><strong>Denique</strong></span> <span class='ocrx_word' id='word_1_148' title='bbox 2422 1121 2763 1176; x_wconf 75' lang='lat' dir='ltr'><strong>Montanistze</strong></span> <span class='ocrx_word' id='word_1_149' title='bbox 2807 1119 2964 1176; x_wconf 88' lang='lat' dir='ltr'><strong>nefas</strong></span> <span class='ocrx_word' id='word_1_150' title='bbox 3003 1135 3129 1176; x_wconf 85' lang='lat' dir='ltr'><strong>esse</strong></span> <span class='ocrx_word' id='word_1_151' title='bbox 3163 1119 3380 1175; x_wconf 82' lang='lat' dir='ltr'><strong>aiebant</strong></span> <span class='ocrx_word' id='word_1_152' title='bbox 3402 1119 3732 1176; x_wconf 88' lang='lat' dir='ltr'><strong>Christiano</strong></span> 
     </span>
    </p>
   </div>
   <div class='ocr_carea' id='block_1_25' title="bbox 2154 1209 3731 1284">
    <p class='ocr_par' dir='ltr' id='par_1_25' title="bbox 2154 1209 3731 1284">
     <span class='ocr_line' id='line_1_25' title="bbox 2154 1209 3731 1284; baseline -0.006 -14"><span class='ocrx_word' id='word_1_153' title='bbox 2154 1213 2591 1284; x_wconf 79' lang='lat' dir='ltr'><strong>persecutionem</strong></span> <span class='ocrx_word' id='word_1_154' title='bbox 2656 1212 2872 1283; x_wconf 87' lang='lat' dir='ltr'><strong>fugere;</strong></span> <span class='ocrx_word' id='word_1_155' title='bbox 2912 1209 3332 1266; x_wconf 64' lang='lat' dir='ltr'><strong>Constitution:</strong></span> <span class='ocrx_word' id='word_1_156' title='bbox 3377 1216 3605 1271; x_wconf 85' lang='lat' dir='ltr'><strong>contra,</strong></span> <span class='ocrx_word' id='word_1_157' title='bbox 3654 1222 3731 1262; x_wconf 76' lang='lat' dir='ltr'><strong>ex</strong></span> 
     </span>
    </p>
   </div>
   <div class='ocr_carea' id='block_1_26' title="bbox 2154 1299 3723 1376">
    <p class='ocr_par' dir='ltr' id='par_1_26' title="bbox 2154 1299 3723 1376">
     <span class='ocr_line' id='line_1_26' title="bbox 2154 1299 3723 1376; baseline -0.002 -17"><span class='ocrx_word' id='word_1_158' title='bbox 2154 1304 2240 1359; x_wconf 80' lang='lat' dir='ltr'><strong>bis</strong></span> <span class='ocrx_word' id='word_1_159' title='bbox 2268 1318 2389 1374; x_wconf 77' lang='lat' dir='ltr'><strong>qua:</strong></span> <span class='ocrx_word' id='word_1_160' title='bbox 2423 1301 2696 1376; x_wconf 85' lang='lat' dir='ltr'><strong>Hippolyti</strong></span> <span class='ocrx_word' id='word_1_161' title='bbox 2740 1316 2937 1357; x_wconf 90' lang='lat' dir='ltr'><strong>nomen</strong></span> <span class='ocrx_word' id='word_1_162' title='bbox 2981 1299 3364 1372; x_wconf 67' lang='lat' dir='ltr'><strong>praeseferunt,</strong></span> <span class='ocrx_word' id='word_1_163' title='bbox 3397 1315 3504 1355; x_wconf 87' lang='lat' dir='ltr'><strong>non</strong></span> <span class='ocrx_word' id='word_1_164' title='bbox 3545 1301 3723 1356; x_wconf 89' lang='lat' dir='ltr'><strong>modo</strong></span> 
     </span>
    </p>
   </div>
   <div class='ocr_carea' id='block_1_27' title="bbox 2152 1391 3733 1465">
    <p class='ocr_par' dir='ltr' id='par_1_27' title="bbox 2152 1391 3733 1465">
     <span class='ocr_line' id='line_1_27' title="bbox 2152 1391 3733 1465; baseline -0.003 -16"><span class='ocrx_word' id='word_1_165' title='bbox 2152 1408 2217 1449; x_wconf 80' lang='lat' dir='ltr'><strong>ex</strong></span> <span class='ocrx_word' id='word_1_166' title='bbox 2264 1392 2543 1465; x_wconf 74' lang='lat' dir='ltr'><strong>Evangelii</strong></span> <span class='ocrx_word' id='word_1_167' title='bbox 2594 1393 2917 1463; x_wconf 65' lang='lat' dir='ltr'><strong>praescripto</strong></span> <span class='ocrx_word' id='word_1_168' title='bbox 2968 1392 3237 1462; x_wconf 87' lang='lat' dir='ltr'><strong>fugientes</strong></span> <span class='ocrx_word' id='word_1_169' title='bbox 3284 1391 3733 1460; x_wconf 84' lang='lat' dir='ltr'><strong>persecutionem</strong></span> 
     </span>
    </p>
   </div>
   <div class='ocr_carea' id='block_1_28' title="bbox 2154 1478 3736 1545">
    <p class='ocr_par' dir='ltr' id='par_1_28' title="bbox 2154 1478 3736 1545">
     <span class='ocr_line' id='line_1_28' title="bbox 2154 1478 3736 1545; baseline -0.005 -6"><span class='ocrx_word' id='word_1_170' title='bbox 2154 1492 2398 1545; x_wconf 88' lang='lat' dir='ltr'><strong>tuentur,</strong></span> <span class='ocrx_word' id='word_1_171' title='bbox 2435 1484 2534 1539; x_wconf 88' lang='lat' dir='ltr'><strong>sed</strong></span> <span class='ocrx_word' id='word_1_172' title='bbox 2574 1482 2804 1537; x_wconf 87' lang='lat' dir='ltr'><strong>laudant</strong></span> <span class='ocrx_word' id='word_1_173' title='bbox 2846 1482 3011 1537; x_wconf 88' lang='lat' dir='ltr'><strong>etiam</strong></span> <span class='ocrx_word' id='word_1_174' title='bbox 3051 1494 3115 1534; x_wconf 90' lang='lat' dir='ltr'><strong>ac</strong></span> <span class='ocrx_word' id='word_1_175' title='bbox 3158 1478 3421 1534; x_wconf 82' lang='lat' dir='ltr'><strong>fratribus</strong></span> <span class='ocrx_word' id='word_1_176' title='bbox 3449 1493 3736 1533; x_wconf 77' lang='lat' dir='ltr'><strong>commen-</strong></span> 
     </span>
    </p>
   </div>
   <div class='ocr_carea' id='block_1_29' title="bbox 2152 1568 3734 1644">
    <p class='ocr_par' dir='ltr' id='par_1_29' title="bbox 2152 1568 3734 1644">
     <span class='ocr_line' id='line_1_29' title="bbox 2152 1568 3734 1644; baseline -0.005 -15"><span class='ocrx_word' id='word_1_177' title='bbox 2152 1574 2323 1630; x_wconf 85' lang='lat' dir='ltr'><strong>dant:</strong></span> <span class='ocrx_word' id='word_1_178' title='bbox 2360 1574 2500 1636; x_wconf 79' lang='grc' dir='ltr'>Τοὺς</span> <span class='ocrx_word' id='word_1_179' title='bbox 2539 1572 2905 1644; x_wconf 76' lang='grc' dir='ltr'>διωκομένους</span> <span class='ocrx_word' id='word_1_180' title='bbox 2937 1570 3027 1625; x_wconf 91' lang='grc' dir='ltr'><strong>διά</strong></span> <span class='ocrx_word' id='word_1_181' title='bbox 3064 1570 3271 1633; x_wconf 86' lang='grc' dir='ltr'>πίστιν,</span> <span class='ocrx_word' id='word_1_182' title='bbox 3314 1568 3409 1623; x_wconf 77' lang='grc' dir='ltr'>καὶ</span> <span class='ocrx_word' id='word_1_183' title='bbox 3444 1571 3522 1631; x_wconf 91' lang='grc' dir='ltr'><strong>είς</strong></span> <span class='ocrx_word' id='word_1_184' title='bbox 3567 1568 3734 1622; x_wconf 83' lang='grc' dir='ltr'>πόλιν</span> 
     </span>
    </p>
   </div>
   <div class='ocr_carea' id='block_1_30' title="bbox 2151 1661 3737 1736">
    <p class='ocr_par' dir='ltr' id='par_1_30' title="bbox 2151 1661 3737 1736">
     <span class='ocr_line' id='line_1_30' title="bbox 2151 1661 3737 1736; baseline -0.006 -15"><span class='ocrx_word' id='word_1_185' title='bbox 2151 1670 2217 1722; x_wconf 85' lang='grc' dir='ltr'>ὲκ</span> <span class='ocrx_word' id='word_1_186' title='bbox 2244 1668 2450 1731; x_wconf 87' lang='grc' dir='ltr'>πόλεως</span> <span class='ocrx_word' id='word_1_187' title='bbox 2489 1666 2805 1736; x_wconf 87' lang='grc' dir='ltr'>φεύγοντας,</span> <span class='ocrx_word' id='word_1_188' title='bbox 2847 1664 2936 1718; x_wconf 80' lang='grc' dir='ltr'><strong>διὰ</strong></span> <span class='ocrx_word' id='word_1_189' title='bbox 2968 1664 3031 1717; x_wconf 83' lang='grc' dir='ltr'>τὸ</span> <span class='ocrx_word' id='word_1_190' title='bbox 3060 1662 3363 1734; x_wconf 85' lang='grc' dir='ltr'>μεμνῆσθαι</span> <span class='ocrx_word' id='word_1_191' title='bbox 3400 1661 3508 1714; x_wconf 84' lang='grc' dir='ltr'><strong>τῶν</strong></span> <span class='ocrx_word' id='word_1_192' title='bbox 3550 1661 3737 1730; x_wconf 84' lang='grc' dir='ltr'>λόγων</span> 
     </span>
    </p>
   </div>
   <div class='ocr_carea' id='block_1_31' title="bbox 2151 1751 3730 1831">
    <p class='ocr_par' dir='ltr' id='par_1_31' title="bbox 2151 1751 3730 1831">
     <span class='ocr_line' id='line_1_31' title="bbox 2151 1751 3730 1831; baseline -0.006 -18"><span class='ocrx_word' id='word_1_193' title='bbox 2151 1760 2246 1813; x_wconf 82' lang='grc' dir='ltr'>τοῦ</span> <span class='ocrx_word' id='word_1_194' title='bbox 2278 1759 2525 1831; x_wconf 80' lang='grc' dir='ltr'>Κυρίου,</span> <span class='ocrx_word' id='word_1_195' title='bbox 2582 1754 3083 1831; x_wconf 72' lang='grc' dir='ltr'>προσλαμϐάνεσθε.</span> <span class='ocrx_word' id='word_1_196' title='bbox 3155 1752 3534 1823; x_wconf 77' lang='grc' dir='ltr'>Ἐπιστάμενοι</span> <span class='ocrx_word' id='word_1_197' title='bbox 3584 1751 3730 1823; x_wconf 82' lang='grc' dir='ltr'>γὰρ,</span> 
     </span>
    </p>
   </div>
   <div class='ocr_carea' id='block_1_32' title="bbox 474 1833 3733 1930">
    <p class='ocr_par' dir='ltr' id='par_1_32' title="bbox 474 1833 3733 1930">
     <span class='ocr_line' id='line_1_32' title="bbox 474 1833 3733 1930; baseline -0.005 -18"><span class='ocrx_word' id='word_1_198' title='bbox 474 1857 773 1930; x_wconf 63' lang='grc' dir='ltr'>δκληρὼσω</span> <span class='ocrx_word' id='word_1_199' title='bbox 799 1858 898 1930; x_wconf 77' lang='grc' dir='ltr'>τὴν</span> <span class='ocrx_word' id='word_1_200' title='bbox 927 1857 1203 1922; x_wconf 76' lang='grc' dir='ltr'>ἐξουσίαν,</span> <span class='ocrx_word' id='word_1_201' title='bbox 1243 1833 1388 1910; x_wconf 77' lang='grc' dir='ltr'>οὕτω</span> <span class='ocrx_word' id='word_1_202' title='bbox 1415 1856 1511 1908; x_wconf 73' lang='grc' dir='ltr'>καὶ</span> <span class='ocrx_word' id='word_1_203' title='bbox 1549 1854 1642 1907; x_wconf 86' lang='grc' dir='ltr'>τοῦ</span> <span class='ocrx_word' id='word_1_204' title='bbox 1671 1854 1836 1909; x_wconf 84' lang='grc' dir='ltr'>λύειν.</span> <span class='ocrx_word' id='word_1_205' title='bbox 1880 1852 2051 1907; x_wconf 74' lang='grc' dir='ltr'><strong>Ρωηὶο</strong></span> <span class='ocrx_word' id='word_1_206' title='bbox 2080 1833 2125 1888; x_wconf 78' lang='grc' dir='ltr'><strong>Β</strong></span> <span class='ocrx_word' id='word_1_207' title='bbox 2152 1854 2233 1907; x_wconf 86' lang='grc' dir='ltr'>ὅτι</span> <span class='ocrx_word' id='word_1_208' title='bbox 2282 1852 2343 1905; x_wconf 85' lang='grc' dir='ltr'>τὸ</span> <span class='ocrx_word' id='word_1_209' title='bbox 2392 1852 2489 1922; x_wconf 76' lang='grc' dir='ltr'>μὲν</span> <span class='ocrx_word' id='word_1_210' title='bbox 2531 1848 2747 1920; x_wconf 77' lang='grc' dir='ltr'>πνεῦμα</span> <span class='ocrx_word' id='word_1_211' title='bbox 2793 1847 3093 1920; x_wconf 82' lang='grc' dir='ltr'>πρόθυμον,</span> <span class='ocrx_word' id='word_1_212' title='bbox 3126 1846 3160 1915; x_wconf 81' lang='grc' dir='ltr'><strong>ἡ</strong></span> <span class='ocrx_word' id='word_1_213' title='bbox 3186 1846 3245 1899; x_wconf 77' lang='grc' dir='ltr'>δὲ</span> <span class='ocrx_word' id='word_1_214' title='bbox 3291 1844 3428 1917; x_wconf 82' lang='grc' dir='ltr'>σὰρξ</span> <span class='ocrx_word' id='word_1_215' title='bbox 3468 1844 3733 1915; x_wconf 82' lang='grc' dir='ltr'>ἀσθενὴς,</span> 
     </span>
    </p>
   </div>
   <div class='ocr_carea' id='block_1_33' title="bbox 476 1946 2052 2015">
    <p class='ocr_par' dir='ltr' id='par_1_33' title="bbox 476 1946 2052 2015">
     <span class='ocr_line' id='line_1_33' title="bbox 476 1946 2052 2015; baseline -0.004 -11"><span class='ocrx_word' id='word_1_216' title='bbox 476 1950 707 2004; x_wconf 84' lang='lat' dir='ltr'><strong>tentibus</strong></span> <span class='ocrx_word' id='word_1_217' title='bbox 737 1958 911 2002; x_wconf 90' lang='lat' dir='ltr'><strong>autem</strong></span> <span class='ocrx_word' id='word_1_218' title='bbox 955 1949 1107 2002; x_wconf 77' lang='lat' dir='ltr'><strong>venia</strong></span> <span class='ocrx_word' id='word_1_219' title='bbox 1142 1946 1472 2002; x_wconf 73' lang='lat' dir='ltr'><strong>comedenda</strong></span> <span class='ocrx_word' id='word_1_220' title='bbox 1505 1955 1652 2001; x_wconf 88' lang='lat' dir='ltr'><strong>est...</strong></span> <span class='ocrx_word' id='word_1_221' title='bbox 1678 1947 1913 2015; x_wconf 79' lang='lat' dir='ltr'><strong>Agnosce</strong></span> <span class='ocrx_word' id='word_1_222' title='bbox 1950 1946 2052 2015; x_wconf 85' lang='lat' dir='ltr'><strong>igi-</strong></span> 
     </span>
    </p>
   </div>
   <div class='ocr_carea' id='block_1_34' title="bbox 476 2034 2049 2109">
    <p class='ocr_par' dir='ltr' id='par_1_34' title="bbox 476 2034 2049 2109">
     <span class='ocr_line' id='line_1_34' title="bbox 476 2034 2049 2109; baseline -0.003 -16"><span class='ocrx_word' id='word_1_223' title='bbox 476 2049 587 2104; x_wconf 80' lang='lat' dir='ltr'><strong>tur,</strong></span> <span class='ocrx_word' id='word_1_224' title='bbox 622 2038 883 2109; x_wconf 86' lang='lat' dir='ltr'><strong>episcope.</strong></span> <span class='ocrx_word' id='word_1_225' title='bbox 923 2037 1235 2108; x_wconf 86' lang='lat' dir='ltr'><strong>dignitatem</strong></span> <span class='ocrx_word' id='word_1_226' title='bbox 1279 2046 1447 2098; x_wconf 82' lang='lat' dir='ltr'><strong>tuam,</strong></span> <span class='ocrx_word' id='word_1_227' title='bbox 1490 2034 1628 2106; x_wconf 88' lang='lat' dir='ltr'><strong>quod</strong></span> <span class='ocrx_word' id='word_1_228' title='bbox 1655 2036 1791 2089; x_wconf 82' lang='lat' dir='ltr'><strong>sicut</strong></span> <span class='ocrx_word' id='word_1_229' title='bbox 1829 2036 2049 2089; x_wconf 87' lang='lat' dir='ltr'><strong>sortitus</strong></span> 
     </span>
    </p>
   </div>
   <div class='ocr_carea' id='block_1_35' title="bbox 471 2126 2049 2200">
    <p class='ocr_par' dir='ltr' id='par_1_35' title="bbox 471 2126 2049 2200">
     <span class='ocr_line' id='line_1_35' title="bbox 471 2126 2049 2200; baseline -0.003 -14"><span class='ocrx_word' id='word_1_230' title='bbox 471 2148 529 2186; x_wconf 89' lang='lat' dir='ltr'><strong>es</strong></span> <span class='ocrx_word' id='word_1_231' title='bbox 559 2139 869 2200; x_wconf 88' lang='lat' dir='ltr'><strong>potestatem</strong></span> <span class='ocrx_word' id='word_1_232' title='bbox 904 2127 1129 2199; x_wconf 78' lang='lat' dir='ltr'><strong>ligandi,</strong></span> <span class='ocrx_word' id='word_1_233' title='bbox 1172 2129 1253 2182; x_wconf 90' lang='lat' dir='ltr'><strong>ita</strong></span> <span class='ocrx_word' id='word_1_234' title='bbox 1296 2137 1347 2181; x_wconf 89' lang='lat' dir='ltr'><strong>et</strong></span> <span class='ocrx_word' id='word_1_235' title='bbox 1382 2126 1637 2182; x_wconf 71' lang='lat' dir='ltr'><strong>solvendi.</strong></span> <span class='ocrx_word' id='word_1_236' title='bbox 1689 2126 2049 2182; x_wconf 77' lang='lat' dir='ltr'><strong>Montanistas</strong></span> 
     </span>
    </p>
   </div>
   <div class='ocr_carea' id='block_1_36' title="bbox 474 2215 2050 2293">
    <p class='ocr_par' dir='ltr' id='par_1_36' title="bbox 474 2215 2050 2293">
     <span class='ocr_line' id='line_1_36' title="bbox 474 2215 2050 2293; baseline -0.004 -16"><span class='ocrx_word' id='word_1_237' title='bbox 474 2234 659 2278; x_wconf 70' lang='lat' dir='ltr'><strong>autem</strong></span> <span class='ocrx_word' id='word_1_238' title='bbox 708 2222 880 2293; x_wconf 80' lang='lat' dir='ltr'><strong>digito</strong></span> <span class='ocrx_word' id='word_1_239' title='bbox 928 2227 1198 2276; x_wconf 85' lang='lat' dir='ltr'><strong>monstrat</strong></span> <span class='ocrx_word' id='word_1_240' title='bbox 1242 2227 1455 2284; x_wconf 87' lang='lat' dir='ltr'><strong>auctor,</strong></span> <span class='ocrx_word' id='word_1_241' title='bbox 1507 2220 1598 2274; x_wconf 91' lang='lat' dir='ltr'><strong>ubi</strong></span> <span class='ocrx_word' id='word_1_242' title='bbox 1631 2220 1741 2273; x_wconf 90' lang='lat' dir='ltr'><strong>ait:</strong></span> <span class='ocrx_word' id='word_1_243' title='bbox 1771 2218 1931 2283; x_wconf 81' lang='grc' dir='ltr'>Δέξαι</span> <span class='ocrx_word' id='word_1_244' title='bbox 1956 2215 2050 2271; x_wconf 82' lang='grc' dir='ltr'>οὖν</span> 
     </span>
    </p>
   </div>
   <div class='ocr_carea' id='block_1_37' title="bbox 473 2308 2050 2386">
    <p class='ocr_par' dir='ltr' id='par_1_37' title="bbox 473 2308 2050 2386">
     <span class='ocr_line' id='line_1_37' title="bbox 473 2308 2050 2386; baseline -0.004 -18"><span class='ocrx_word' id='word_1_245' title='bbox 473 2315 565 2368; x_wconf 80' lang='grc' dir='ltr'>τὸν</span> <span class='ocrx_word' id='word_1_246' title='bbox 598 2310 957 2386; x_wconf 81' lang='grc' dir='ltr'>μετανοοῦντα</span> <span class='ocrx_word' id='word_1_247' title='bbox 988 2315 1063 2384; x_wconf 77' lang='grc' dir='ltr'>μὴ</span> <span class='ocrx_word' id='word_1_248' title='bbox 1101 2308 1366 2374; x_wconf 65' lang='grc' dir='ltr'>διστάζων</span> <span class='ocrx_word' id='word_1_249' title='bbox 1391 2310 1548 2374; x_wconf 86' lang='grc' dir='ltr'>ὅλως,</span> <span class='ocrx_word' id='word_1_250' title='bbox 1585 2310 1720 2384; x_wconf 82' lang='grc' dir='ltr'>μηδὲ</span> <span class='ocrx_word' id='word_1_251' title='bbox 1758 2327 2050 2382; x_wconf 72' lang='grc' dir='ltr'>παρεμποο</span> 
     </span>
    </p>
   </div>
   <div class='ocr_carea' id='block_1_38' title="bbox 472 2393 2049 2477">
    <p class='ocr_par' dir='ltr' id='par_1_38' title="bbox 472 2393 2049 2477">
     <span class='ocr_line' id='line_1_38' title="bbox 472 2393 2049 2477; baseline -0.003 -18"><span class='ocrx_word' id='word_1_252' title='bbox 472 2405 749 2477; x_wconf 76' lang='grc' dir='ltr'>διζόμενος</span> <span class='ocrx_word' id='word_1_253' title='bbox 770 2404 876 2457; x_wconf 79' lang='grc' dir='ltr'><strong>ὑπὸ</strong></span> <span class='ocrx_word' id='word_1_254' title='bbox 902 2402 1010 2456; x_wconf 82' lang='grc' dir='ltr'>τῶν</span> <span class='ocrx_word' id='word_1_255' title='bbox 1035 2402 1277 2471; x_wconf 76' lang='grc' dir='ltr'><strong>ἀνηλεῶς</strong></span> <span class='ocrx_word' id='word_1_256' title='bbox 1298 2393 1601 2471; x_wconf 84' lang='grc' dir='ltr'>λεγόντων’,</span> <span class='ocrx_word' id='word_1_257' title='bbox 1634 2402 1708 2474; x_wconf 80' lang='grc' dir='ltr'>μὴ</span> <span class='ocrx_word' id='word_1_258' title='bbox 1739 2401 1848 2455; x_wconf 83' lang='grc' dir='ltr'>δεῖν</span> <span class='ocrx_word' id='word_1_259' title='bbox 1875 2400 2049 2454; x_wconf 83' lang='grc' dir='ltr'>τοιού-</span> 
     </span>
    </p>
   </div>
   <div class='ocr_carea' id='block_1_39' title="bbox 472 2492 2051 2568">
    <p class='ocr_par' dir='ltr' id='par_1_39' title="bbox 472 2492 2051 2568">
     <span class='ocr_line' id='line_1_39' title="bbox 472 2492 2051 2568; baseline -0.003 -17"><span class='ocrx_word' id='word_1_260' title='bbox 472 2515 586 2560; x_wconf 84' lang='grc' dir='ltr'>τοις</span> <span class='ocrx_word' id='word_1_261' title='bbox 636 2494 1095 2568; x_wconf 76' lang='grc' dir='ltr'>συμμολύνεσθαι,</span> <span class='ocrx_word' id='word_1_262' title='bbox 1144 2495 1280 2566; x_wconf 88' lang='grc' dir='ltr'>μήτε</span> <span class='ocrx_word' id='word_1_263' title='bbox 1320 2494 1477 2564; x_wconf 83' lang='grc' dir='ltr'>λόγου</span> <span class='ocrx_word' id='word_1_264' title='bbox 1527 2496 1824 2549; x_wconf 89' lang='grc' dir='ltr'>κοινωνεῖν.</span> <span class='ocrx_word' id='word_1_265' title='bbox 1874 2492 2051 2567; x_wconf 80' lang='lat' dir='ltr'><strong>Igitur</strong></span> 
     </span>
    </p>
   </div>
   <div class='ocr_carea' id='block_1_40' title="bbox 471 2585 2045 2657">
    <p class='ocr_par' dir='ltr' id='par_1_40' title="bbox 471 2585 2045 2657">
     <span class='ocr_line' id='line_1_40' title="bbox 471 2585 2045 2657; baseline -0.003 -15"><span class='ocrx_word' id='word_1_266' title='bbox 471 2589 803 2656; x_wconf 82' lang='lat' dir='ltr'><strong>pamitentem</strong></span> <span class='ocrx_word' id='word_1_267' title='bbox 831 2588 1034 2657; x_wconf 84' lang='lat' dir='ltr'><strong>recipe;</strong></span> <span class='ocrx_word' id='word_1_268' title='bbox 1066 2603 1158 2641; x_wconf 87' lang='lat' dir='ltr'><strong>nec</strong></span> <span class='ocrx_word' id='word_1_269' title='bbox 1185 2596 1233 2641; x_wconf 86' lang='lat' dir='ltr'><strong>te</strong></span> <span class='ocrx_word' id='word_1_270' title='bbox 1264 2587 1531 2640; x_wconf 81' lang='lat' dir='ltr'><strong>ullatenus</strong></span> <span class='ocrx_word' id='word_1_271' title='bbox 1554 2585 1798 2641; x_wconf 86' lang='lat' dir='ltr'><strong>dubitare</strong></span> <span class='ocrx_word' id='word_1_272' title='bbox 1814 2586 2045 2655; x_wconf 73' lang='lat' dir='ltr'><strong>faciant,</strong></span> 
     </span>
    </p>
   </div>
   <div class='ocr_carea' id='block_1_41' title="bbox 473 2679 2049 2750">
    <p class='ocr_par' dir='ltr' id='par_1_41' title="bbox 473 2679 2049 2750">
     <span class='ocr_line' id='line_1_41' title="bbox 473 2679 2049 2750; baseline 0.001 -16"><span class='ocrx_word' id='word_1_273' title='bbox 473 2691 567 2735; x_wconf 77' lang='lat' dir='ltr'><strong>aut</strong></span> <span class='ocrx_word' id='word_1_274' title='bbox 607 2698 639 2733; x_wconf 92' lang='lat' dir='ltr'><strong>a</strong></span> <span class='ocrx_word' id='word_1_275' title='bbox 665 2681 933 2750; x_wconf 85' lang='lat' dir='ltr'><strong>proposito</strong></span> <span class='ocrx_word' id='word_1_276' title='bbox 977 2679 1273 2742; x_wconf 76' lang='lat' dir='ltr'><strong>retrahunt,</strong></span> <span class='ocrx_word' id='word_1_277' title='bbox 1305 2681 1395 2750; x_wconf 96' lang='lat' dir='ltr'><strong>qui</strong></span> <span class='ocrx_word' id='word_1_278' title='bbox 1445 2679 1934 2735; x_wconf 83' lang='lat' dir='ltr'><strong>immisericorditer</strong></span> <span class='ocrx_word' id='word_1_279' title='bbox 1963 2681 2049 2735; x_wconf 87' lang='lat' dir='ltr'><strong>di-</strong></span> 
     </span>
    </p>
   </div>
   <div class='ocr_carea' id='block_1_42' title="bbox 472 2770 2049 2840">
    <p class='ocr_par' dir='ltr' id='par_1_42' title="bbox 472 2770 2049 2840">
     <span class='ocr_line' id='line_1_42' title="bbox 472 2770 2049 2840; baseline 0 -16"><span class='ocrx_word' id='word_1_280' title='bbox 472 2780 618 2833; x_wconf 88' lang='lat' dir='ltr'><strong>cunt,</strong></span> <span class='ocrx_word' id='word_1_281' title='bbox 642 2787 743 2824; x_wconf 90' lang='lat' dir='ltr'><strong>non</strong></span> <span class='ocrx_word' id='word_1_282' title='bbox 776 2780 1012 2839; x_wconf 85' lang='lat' dir='ltr'><strong>oportere</strong></span> <span class='ocrx_word' id='word_1_283' title='bbox 1038 2787 1158 2824; x_wconf 91' lang='lat' dir='ltr'><strong>cum</strong></span> <span class='ocrx_word' id='word_1_284' title='bbox 1181 2770 1485 2840; x_wconf 87' lang='lat' dir='ltr'><strong>hujusmodi</strong></span> <span class='ocrx_word' id='word_1_285' title='bbox 1506 2770 1857 2839; x_wconf 83' lang='lat' dir='ltr'><strong>coinquinari,</strong></span> <span class='ocrx_word' id='word_1_286' title='bbox 1889 2785 2049 2839; x_wconf 77' lang='lat' dir='ltr'><strong>neque</strong></span> 
     </span>
    </p>
   </div>
   <div class='ocr_carea' id='block_1_43' title="bbox 472 2860 2051 2933">
    <p class='ocr_par' dir='ltr' id='par_1_43' title="bbox 472 2860 2051 2933">
     <span class='ocr_line' id='line_1_43' title="bbox 472 2860 2051 2933; baseline -0.003 -15"><span class='ocrx_word' id='word_1_287' title='bbox 472 2863 553 2919; x_wconf 86' lang='lat' dir='ltr'><strong>vel</strong></span> <span class='ocrx_word' id='word_1_288' title='bbox 581 2880 817 2917; x_wconf 85' lang='lat' dir='ltr'><strong>sermone</strong></span> <span class='ocrx_word' id='word_1_289' title='bbox 851 2863 1239 2918; x_wconf 88' lang='lat' dir='ltr'><strong>communicare</strong></span> <span class='ocrx_word' id='word_1_290' title='bbox 1261 2862 1400 2933; x_wconf 87' lang='lat'><strong>(86).</strong></span> <span class='ocrx_word' id='word_1_291' title='bbox 1445 2862 1570 2918; x_wconf 60' lang='lat' dir='ltr'><strong>llaec</strong></span> <span class='ocrx_word' id='word_1_292' title='bbox 1600 2863 1863 2918; x_wconf 84' lang='lat' dir='ltr'><strong>adversus</strong></span> <span class='ocrx_word' id='word_1_293' title='bbox 1895 2860 2051 2915; x_wconf 76' lang='lat' dir='ltr'><strong>Mon-</strong></span> 
     </span>
    </p>
   </div>
   <div class='ocr_carea' id='block_1_44' title="bbox 473 2954 2049 3018">
    <p class='ocr_par' dir='ltr' id='par_1_44' title="bbox 473 2954 2049 3018">
     <span class='ocr_line' id='line_1_44' title="bbox 473 2954 2049 3018; baseline -0.001 -10"><span class='ocrx_word' id='word_1_294' title='bbox 473 2956 702 3011; x_wconf 87' lang='lat' dir='ltr'><strong>tanistas</strong></span> <span class='ocrx_word' id='word_1_295' title='bbox 748 2955 896 3009; x_wconf 85' lang='lat' dir='ltr'><strong>dicta</strong></span> <span class='ocrx_word' id='word_1_296' title='bbox 937 2970 1062 3011; x_wconf 89' lang='lat' dir='ltr'><strong>esse</strong></span> <span class='ocrx_word' id='word_1_297' title='bbox 1098 2955 1381 3009; x_wconf 83' lang='lat' dir='ltr'><strong>adnotavit</strong></span> <span class='ocrx_word' id='word_1_298' title='bbox 1409 2954 1739 3018; x_wconf 86' lang='lat' dir='ltr'><strong>Cotelerius,</strong></span> <span class='ocrx_word' id='word_1_299' title='bbox 1771 2961 1866 3008; x_wconf 90' lang='lat' dir='ltr'><strong>aut</strong></span> <span class='ocrx_word' id='word_1_300' title='bbox 1892 2960 2049 3009; x_wconf 86' lang='lat' dir='ltr'><strong>vetu-</strong></span> 
     </span>
    </p>
   </div>
   <div class='ocr_carea' id='block_1_45' title="bbox 470 3044 2046 3116">
    <p class='ocr_par' dir='ltr' id='par_1_45' title="bbox 470 3044 2046 3116">
     <span class='ocr_line' id='line_1_45' title="bbox 470 3044 2046 3116; baseline -0.003 -14"><span class='ocrx_word' id='word_1_301' title='bbox 470 3048 674 3103; x_wconf 87' lang='lat' dir='ltr'><strong>stiores</strong></span> <span class='ocrx_word' id='word_1_302' title='bbox 723 3047 886 3102; x_wconf 89' lang='lat' dir='ltr'><strong>etiam</strong></span> <span class='ocrx_word' id='word_1_303' title='bbox 941 3046 1259 3112; x_wconf 62' lang='lat' dir='ltr'><strong>baaretieos,</strong></span> <span class='ocrx_word' id='word_1_304' title='bbox 1303 3048 1555 3116; x_wconf 83' lang='lat' dir='ltr'><strong>quamvis</strong></span> <span class='ocrx_word' id='word_1_305' title='bbox 1602 3044 1935 3101; x_wconf 75' lang='lat' dir='ltr'><strong>Mosbemius</strong></span> <span class='ocrx_word' id='word_1_306' title='bbox 1976 3044 2046 3098; x_wconf 86' lang='lat' dir='ltr'><strong>ad</strong></span> 
     </span>
    </p>
   </div>
   <div class='ocr_carea' id='block_1_46' title="bbox 2150 1935 3734 2015">
    <p class='ocr_par' dir='ltr' id='par_1_46' title="bbox 2150 1935 3734 2015">
     <span class='ocr_line' id='line_1_46' title="bbox 2150 1935 3734 2015; baseline -0.007 -16"><span class='ocrx_word' id='word_1_307' title='bbox 2150 1944 2621 2015; x_wconf 82' lang='grc' dir='ltr'>ἀποδιδράσκουσι,</span> <span class='ocrx_word' id='word_1_308' title='bbox 2662 1942 2757 1995; x_wconf 81' lang='grc' dir='ltr'>καὶ</span> <span class='ocrx_word' id='word_1_309' title='bbox 2799 1940 2901 2011; x_wconf 83' lang='grc' dir='ltr'>τὴν</span> <span class='ocrx_word' id='word_1_310' title='bbox 2948 1937 3204 2009; x_wconf 80' lang='grc' dir='ltr'>ἁρπαγὴν</span> <span class='ocrx_word' id='word_1_311' title='bbox 3231 1936 3339 1990; x_wconf 83' lang='grc' dir='ltr'><strong>τῶν</strong></span> <span class='ocrx_word' id='word_1_312' title='bbox 3368 1935 3734 2008; x_wconf 81' lang='grc' dir='ltr'>ὑπαρχόντων</span> 
     </span>
    </p>
   </div>
   <div class='ocr_carea' id='block_1_47' title="bbox 2150 2027 3732 2109">
    <p class='ocr_par' dir='ltr' id='par_1_47' title="bbox 2150 2027 3732 2109">
     <span class='ocr_line' id='line_1_47' title="bbox 2150 2027 3732 2109; baseline -0.007 -18"><span class='ocrx_word' id='word_1_313' title='bbox 2150 2038 2446 2109; x_wconf 76' lang='grc' dir='ltr'>προΐενται,</span> <span class='ocrx_word' id='word_1_314' title='bbox 2481 2036 2568 2089; x_wconf 76' lang='grc' dir='ltr'><strong>ἵνα</strong></span> <span class='ocrx_word' id='word_1_315' title='bbox 2606 2033 2967 2104; x_wconf 82' lang='grc' dir='ltr'>ἀνεξάρνητον</span> <span class='ocrx_word' id='word_1_316' title='bbox 3005 2032 3062 2083; x_wconf 79' lang='grc' dir='ltr'>ἐν</span> <span class='ocrx_word' id='word_1_317' title='bbox 3090 2032 3301 2093; x_wconf 73' lang='grc' dir='ltr'>ἑαυτοῖς</span> <span class='ocrx_word' id='word_1_318' title='bbox 3335 2029 3397 2081; x_wconf 81' lang='grc' dir='ltr'>τὸ</span> <span class='ocrx_word' id='word_1_319' title='bbox 3429 2029 3600 2100; x_wconf 86' lang='grc' dir='ltr'>δνομα</span> <span class='ocrx_word' id='word_1_320' title='bbox 3631 2027 3732 2082; x_wconf 80' lang='grc' dir='ltr'><strong>τοῦ</strong></span> 
     </span>
    </p>
   </div>
   <div class='ocr_carea' id='block_1_48' title="bbox 2148 2118 3734 2202">
    <p class='ocr_par' dir='ltr' id='par_1_48' title="bbox 2148 2118 3734 2202">
     <span class='ocr_line' id='line_1_48' title="bbox 2148 2118 3734 2202; baseline -0.007 -17"><span class='ocrx_word' id='word_1_321' title='bbox 2148 2129 2382 2202; x_wconf 80' lang='grc' dir='ltr'>Χριστοῦ</span> <span class='ocrx_word' id='word_1_322' title='bbox 2428 2128 2846 2199; x_wconf 81' lang='grc' dir='ltr'>διατηρήσωσιν.</span> <span class='ocrx_word' id='word_1_323' title='bbox 2911 2124 3277 2194; x_wconf 82' lang='grc' dir='ltr'>Ἐπικουρεῖτε</span> <span class='ocrx_word' id='word_1_324' title='bbox 3317 2118 3408 2176; x_wconf 77' lang='grc' dir='ltr'>οὖν</span> <span class='ocrx_word' id='word_1_325' title='bbox 3443 2122 3627 2184; x_wconf 83' lang='grc' dir='ltr'>αὐτοῖς</span> <span class='ocrx_word' id='word_1_326' title='bbox 3659 2119 3734 2175; x_wconf 73' lang='grc' dir='ltr'>τὰ</span> 
     </span>
    </p>
   </div>
   <div class='ocr_carea' id='block_1_49' title="bbox 2151 2215 3731 2297">
    <p class='ocr_par' dir='ltr' id='par_1_49' title="bbox 2151 2215 3731 2297">
     <span class='ocr_line' id='line_1_49' title="bbox 2151 2215 3731 2297; baseline -0.004 -19"><span class='ocrx_word' id='word_1_327' title='bbox 2151 2225 2286 2297; x_wconf 78' lang='grc' dir='ltr'>πρὸς</span> <span class='ocrx_word' id='word_1_328' title='bbox 2312 2224 2521 2296; x_wconf 86' lang='grc' dir='ltr'>χρείαν,</span> <span class='ocrx_word' id='word_1_329' title='bbox 2550 2222 2768 2294; x_wconf 72' lang='grc' dir='ltr'>ἐντολὴν</span> <span class='ocrx_word' id='word_1_330' title='bbox 2796 2219 3082 2292; x_wconf 82' lang='grc' dir='ltr'>Κυριακὴν</span> <span class='ocrx_word' id='word_1_331' title='bbox 3111 2217 3459 2289; x_wconf 80' lang='grc' dir='ltr'>πληροῦντες.</span> <span class='ocrx_word' id='word_1_332' title='bbox 3499 2215 3604 2270; x_wconf 83' lang='lat' dir='ltr'><strong>Eos</strong></span> <span class='ocrx_word' id='word_1_333' title='bbox 3636 2218 3731 2287; x_wconf 83' lang='lat' dir='ltr'><strong>qui</strong></span> 
     </span>
    </p>
   </div>
   <div class='ocr_carea' id='block_1_50' title="bbox 2147 2309 3734 2387">
    <p class='ocr_par' dir='ltr' id='par_1_50' title="bbox 2147 2309 3734 2387">
     <span class='ocr_line' id='line_1_50' title="bbox 2147 2309 3734 2387; baseline -0.004 -18"><span class='ocrx_word' id='word_1_334' title='bbox 2147 2317 2557 2387; x_wconf 84' lang='lat' dir='ltr'><strong>persecutionem</strong></span> <span class='ocrx_word' id='word_1_335' title='bbox 2606 2316 2885 2383; x_wconf 87' lang='lat' dir='ltr'><strong>patiuntur</strong></span> <span class='ocrx_word' id='word_1_336' title='bbox 2935 2312 3059 2381; x_wconf 81' lang='lat' dir='ltr'><strong>ﬁdei</strong></span> <span class='ocrx_word' id='word_1_337' title='bbox 3104 2327 3289 2371; x_wconf 78' lang='lat' dir='ltr'><strong>causa,</strong></span> <span class='ocrx_word' id='word_1_338' title='bbox 3329 2321 3380 2363; x_wconf 89' lang='lat' dir='ltr'><strong>et</strong></span> <span class='ocrx_word' id='word_1_339' title='bbox 3419 2309 3483 2363; x_wconf 88' lang='lat' dir='ltr'><strong>de</strong></span> <span class='ocrx_word' id='word_1_340' title='bbox 3511 2311 3734 2364; x_wconf 71' lang='lat' dir='ltr'><strong>civitate</strong></span> 
     </span>
    </p>
   </div>
   <div class='ocr_carea' id='block_1_51' title="bbox 2149 2401 3727 2476">
    <p class='ocr_par' dir='ltr' id='par_1_51' title="bbox 2149 2401 3727 2476">
     <span class='ocr_line' id='line_1_51' title="bbox 2149 2401 3727 2476; baseline -0.008 -13"><span class='ocrx_word' id='word_1_341' title='bbox 2149 2410 2204 2463; x_wconf 84' lang='lat' dir='ltr'><strong>in</strong></span> <span class='ocrx_word' id='word_1_342' title='bbox 2254 2409 2516 2463; x_wconf 84' lang='lat' dir='ltr'><strong>civitatem</strong></span> <span class='ocrx_word' id='word_1_343' title='bbox 2570 2406 2822 2476; x_wconf 77' lang='lat' dir='ltr'><strong>fugiunt,</strong></span> <span class='ocrx_word' id='word_1_344' title='bbox 2872 2402 3010 2473; x_wconf 87' lang='lat' dir='ltr'><strong>quod</strong></span> <span class='ocrx_word' id='word_1_345' title='bbox 3067 2401 3395 2454; x_wconf 80' lang='lat' dir='ltr'><strong>meminerint</strong></span> <span class='ocrx_word' id='word_1_346' title='bbox 3443 2403 3727 2453; x_wconf 76' lang='lat' dir='ltr'><strong>verborum</strong></span> 
     </span>
    </p>
   </div>
   <div class='ocr_carea' id='block_1_52' title="bbox 2150 2492 3729 2569">
    <p class='ocr_par' dir='ltr' id='par_1_52' title="bbox 2150 2492 3729 2569">
     <span class='ocr_line' id='line_1_52' title="bbox 2150 2492 3729 2569; baseline -0.007 -15"><span class='ocrx_word' id='word_1_347' title='bbox 2150 2500 2367 2554; x_wconf 87' lang='lat' dir='ltr'><strong>Domini</strong></span> <span class='ocrx_word' id='word_1_348' title='bbox 2409 2498 2523 2569; x_wconf 77' lang='lat' dir='ltr'><strong>(9i)</strong></span> <span class='ocrx_word' id='word_1_349' title='bbox 2575 2498 2843 2566; x_wconf 86' lang='lat' dir='ltr'><strong>suscipite.</strong></span> <span class='ocrx_word' id='word_1_350' title='bbox 2890 2494 3026 2549; x_wconf 86' lang='lat' dir='ltr'><strong>Cum</strong></span> <span class='ocrx_word' id='word_1_351' title='bbox 3073 2494 3215 2547; x_wconf 90' lang='lat' dir='ltr'><strong>enim</strong></span> <span class='ocrx_word' id='word_1_352' title='bbox 3252 2493 3433 2546; x_wconf 88' lang='lat' dir='ltr'><strong>norint</strong></span> <span class='ocrx_word' id='word_1_353' title='bbox 3470 2492 3729 2560; x_wconf 84' lang='lat' dir='ltr'><strong>spiritum</strong></span> 
     </span>
    </p>
   </div>
   <div class='ocr_carea' id='block_1_53' title="bbox 2148 2585 3727 2664">
    <p class='ocr_par' dir='ltr' id='par_1_53' title="bbox 2148 2585 3727 2664">
     <span class='ocr_line' id='line_1_53' title="bbox 2148 2585 3727 2664; baseline -0.006 -18"><span class='ocrx_word' id='word_1_354' title='bbox 2148 2594 2359 2664; x_wconf 85' lang='lat' dir='ltr'><strong>quidem</strong></span> <span class='ocrx_word' id='word_1_355' title='bbox 2383 2603 2684 2663; x_wconf 86' lang='lat' dir='ltr'><strong>promptum</strong></span> <span class='ocrx_word' id='word_1_356' title='bbox 2714 2606 2845 2648; x_wconf 81' lang='lat' dir='ltr'><strong>esse.</strong></span> <span class='ocrx_word' id='word_1_357' title='bbox 2864 2603 3075 2641; x_wconf 87' lang='lat' dir='ltr'><strong>carnem</strong></span> <span class='ocrx_word' id='word_1_358' title='bbox 3098 2601 3217 2639; x_wconf 79' lang='lat' dir='ltr'><strong>vero</strong></span> <span class='ocrx_word' id='word_1_359' title='bbox 3233 2585 3524 2654; x_wconf 83' lang='lat' dir='ltr'><strong>infirmam,</strong></span> <span class='ocrx_word' id='word_1_360' title='bbox 3552 2585 3727 2653; x_wconf 80' lang='lat' dir='ltr'><strong>aufu-</strong></span> 
     </span>
    </p>
   </div>
   <div class='ocr_carea' id='block_1_54' title="bbox 2149 2678 3727 2757">
    <p class='ocr_par' dir='ltr' id='par_1_54' title="bbox 2149 2678 3727 2757">
     <span class='ocr_line' id='line_1_54' title="bbox 2149 2678 3727 2757; baseline -0.006 -17"><span class='ocrx_word' id='word_1_361' title='bbox 2149 2686 2321 2757; x_wconf 87' lang='lat' dir='ltr'><strong>giunt,</strong></span> <span class='ocrx_word' id='word_1_362' title='bbox 2354 2694 2402 2739; x_wconf 86' lang='lat' dir='ltr'><strong>et</strong></span> <span class='ocrx_word' id='word_1_363' title='bbox 2430 2684 2745 2755; x_wconf 79' lang='lat' dir='ltr'><strong>facultatum</strong></span> <span class='ocrx_word' id='word_1_364' title='bbox 2794 2696 3012 2735; x_wconf 88' lang='lat' dir='ltr'><strong>suarum</strong></span> <span class='ocrx_word' id='word_1_365' title='bbox 3036 2678 3378 2747; x_wconf 85' lang='lat' dir='ltr'><strong>direptionem</strong></span> <span class='ocrx_word' id='word_1_366' title='bbox 3407 2678 3727 2745; x_wconf 83' lang='lat' dir='ltr'><strong>permittunt</strong></span> 
     </span>
    </p>
   </div>
   <div class='ocr_carea' id='block_1_55' title="bbox 2149 2768 3722 2848">
    <p class='ocr_par' dir='ltr' id='par_1_55' title="bbox 2149 2768 3722 2848">
     <span class='ocr_line' id='line_1_55' title="bbox 2149 2768 3722 2848; baseline -0.005 -15"><span class='ocrx_word' id='word_1_367' title='bbox 2149 2794 2213 2832; x_wconf 89' lang='lat' dir='ltr'><strong>ac</strong></span> <span class='ocrx_word' id='word_1_368' title='bbox 2240 2778 2526 2848; x_wconf 85' lang='lat' dir='ltr'><strong>negligunt,</strong></span> <span class='ocrx_word' id='word_1_369' title='bbox 2562 2775 2696 2827; x_wconf 89' lang='lat' dir='ltr'><strong>utin</strong></span> <span class='ocrx_word' id='word_1_370' title='bbox 2719 2789 2774 2827; x_wconf 89' lang='lat' dir='ltr'><strong>se</strong></span> <span class='ocrx_word' id='word_1_371' title='bbox 2800 2773 2931 2841; x_wconf 83' lang='lat' dir='ltr'><strong>ipsis</strong></span> <span class='ocrx_word' id='word_1_372' title='bbox 2962 2787 3151 2824; x_wconf 88' lang='lat' dir='ltr'><strong>nomen</strong></span> <span class='ocrx_word' id='word_1_373' title='bbox 3180 2768 3376 2823; x_wconf 81' lang='lat' dir='ltr'><strong>Christi</strong></span> <span class='ocrx_word' id='word_1_374' title='bbox 3424 2770 3722 2835; x_wconf 79' lang='lat' dir='ltr'><strong>illibatum,</strong></span> 
     </span>
    </p>
   </div>
   <div class='ocr_carea' id='block_1_56' title="bbox 2147 2857 3730 2937">
    <p class='ocr_par' dir='ltr' id='par_1_56' title="bbox 2147 2857 3730 2937">
     <span class='ocr_line' id='line_1_56' title="bbox 2147 2857 3730 2937; baseline -0.004 -15"><span class='ocrx_word' id='word_1_375' title='bbox 2147 2876 2198 2922; x_wconf 83' lang='lat' dir='ltr'><strong>et</strong></span> <span class='ocrx_word' id='word_1_376' title='bbox 2235 2868 2508 2937; x_wconf 81' lang='lat' dir='ltr'><strong>negatione</strong></span> <span class='ocrx_word' id='word_1_377' title='bbox 2558 2880 2661 2917; x_wconf 89' lang='lat' dir='ltr'><strong>non</strong></span> <span class='ocrx_word' id='word_1_378' title='bbox 2703 2862 2971 2931; x_wconf 86' lang='lat' dir='ltr'><strong>proditum</strong></span> <span class='ocrx_word' id='word_1_379' title='bbox 3022 2871 3343 2913; x_wconf 78' lang='lat' dir='ltr'><strong>conservent.</strong></span> <span class='ocrx_word' id='word_1_380' title='bbox 3378 2857 3730 2929; x_wconf 79' lang='lat' dir='ltr'><strong>Suppeditate</strong></span> 
     </span>
    </p>
   </div>
   <div class='ocr_carea' id='block_1_57' title="bbox 2147 2950 3723 3027">
    <p class='ocr_par' dir='ltr' id='par_1_57' title="bbox 2147 2950 3723 3027">
     <span class='ocr_line' id='line_1_57' title="bbox 2147 2950 3723 3027; baseline -0.002 -16"><span class='ocrx_word' id='word_1_381' title='bbox 2147 2974 2269 3027; x_wconf 87' lang='lat' dir='ltr'><strong>ergo</strong></span> <span class='ocrx_word' id='word_1_382' title='bbox 2298 2957 2408 3010; x_wconf 87' lang='lat' dir='ltr'><strong>illis</strong></span> <span class='ocrx_word' id='word_1_383' title='bbox 2431 2972 2548 3025; x_wconf 78' lang='lat' dir='ltr'><strong>qua:</strong></span> <span class='ocrx_word' id='word_1_384' title='bbox 2578 2964 2701 3008; x_wconf 89' lang='lat' dir='ltr'><strong>sunt</strong></span> <span class='ocrx_word' id='word_1_385' title='bbox 2719 2952 3037 3016; x_wconf 89' lang='lat' dir='ltr'><strong>necessaria,</strong></span> <span class='ocrx_word' id='word_1_386' title='bbox 3056 2950 3365 3005; x_wconf 85' lang='lat' dir='ltr'><strong>mandatum</strong></span> <span class='ocrx_word' id='word_1_387' title='bbox 3383 2952 3723 3008; x_wconf 80' lang='lat' dir='ltr'><strong>Dominicum</strong></span> 
     </span>
    </p>
   </div>
   <div class='ocr_carea' id='block_1_58' title="bbox 2150 3045 2651 3117">
    <p class='ocr_par' dir='ltr' id='par_1_58' title="bbox 2150 3045 2651 3117">
     <span class='ocr_line' id='line_1_58' title="bbox 2150 3045 2651 3117; baseline -0.002 -14"><span class='ocrx_word' id='word_1_388' title='bbox 2150 3048 2492 3117; x_wconf 85' lang='lat' dir='ltr'><strong>adimplentes</strong></span> <span class='ocrx_word' id='word_1_389' title='bbox 2517 3045 2651 3117; x_wconf 69' lang='grc'><strong>(92).</strong></span> 
     </span>
    </p>
   </div>
   <div class='ocr_carea' id='block_1_59' title="bbox 470 3135 3725 3223">
    <p class='ocr_par' dir='ltr' id='par_1_59' title="bbox 470 3135 3725 3223">
     <span class='ocr_line' id='line_1_59' title="bbox 470 3135 3725 3223; baseline -0.003 -31"><span class='ocrx_word' id='word_1_390' title='bbox 470 3136 805 3193; x_wconf 78' lang='lat' dir='ltr'><strong>Novatianos</strong></span> <span class='ocrx_word' id='word_1_391' title='bbox 848 3153 1131 3208; x_wconf 84' lang='lat' dir='ltr'><strong>perperam</strong></span> <span class='ocrx_word' id='word_1_392' title='bbox 1177 3138 1454 3193; x_wconf 88' lang='lat' dir='ltr'><strong>distulerit</strong></span> <span class='ocrx_word' id='word_1_393' title='bbox 1499 3137 1636 3207; x_wconf 86' lang='lat'><strong>(87).</strong></span> <span class='ocrx_word' id='word_1_394' title='bbox 1682 3136 1828 3191; x_wconf 83' lang='lat' dir='ltr'><strong>Neve</strong></span> <span class='ocrx_word' id='word_1_395' title='bbox 1874 3135 2043 3189; x_wconf 88' lang='lat' dir='ltr'><strong>ullum</strong></span> <span class='ocrx_word' id='word_1_396' title='bbox 2070 3165 2115 3223; x_wconf 68' lang='grc' dir='ltr'>ο</span> <span class='ocrx_word' id='word_1_397' title='bbox 2219 3140 2285 3197; x_wconf 78' lang='lat' dir='ltr'><strong>V,</strong></span> <span class='ocrx_word' id='word_1_398' title='bbox 2329 3140 2544 3211; x_wconf 63' lang='lat' dir='ltr'><strong>Propria</strong></span> <span class='ocrx_word' id='word_1_399' title='bbox 2571 3138 2889 3194; x_wconf 72' lang='lat' dir='ltr'><strong>Tertulliani</strong></span> <span class='ocrx_word' id='word_1_400' title='bbox 2932 3154 3139 3193; x_wconf 65' lang='lat' dir='ltr'><strong>errore;</strong></span> <span class='ocrx_word' id='word_1_401' title='bbox 3164 3136 3248 3192; x_wconf 69' lang='grc' dir='ltr'><strong>υαό</strong></span> <span class='ocrx_word' id='word_1_402' title='bbox 3280 3137 3562 3210; x_wconf 66' lang='lat' dir='ltr'><strong>Hippolyto</strong></span> <span class='ocrx_word' id='word_1_403' title='bbox 3592 3155 3725 3194; x_wconf 75' lang='grc' dir='ltr'><strong>οοη-</strong></span> 
     </span>
    </p>
   </div>
   <div class='ocr_carea' id='block_1_60' title="bbox 469 3226 2038 3300">
    <p class='ocr_par' dir='ltr' id='par_1_60' title="bbox 469 3226 2038 3300">
     <span class='ocr_line' id='line_1_60' title="bbox 469 3226 2038 3300; baseline -0.001 -16"><span class='ocrx_word' id='word_1_404' title='bbox 469 3229 676 3284; x_wconf 88' lang='lat' dir='ltr'><strong>crimen</strong></span> <span class='ocrx_word' id='word_1_405' title='bbox 703 3246 770 3284; x_wconf 76' lang='lat' dir='ltr'><strong>ex</strong></span> <span class='ocrx_word' id='word_1_406' title='bbox 806 3229 878 3299; x_wconf 90' lang='lat' dir='ltr'><strong>ipi</strong></span> <span class='ocrx_word' id='word_1_407' title='bbox 906 3236 1111 3300; x_wconf 86' lang='lat' dir='ltr'><strong>posset,</strong></span> <span class='ocrx_word' id='word_1_408' title='bbox 1144 3230 1390 3299; x_wconf 79' lang='lat' dir='ltr'><strong>exempla</strong></span> <span class='ocrx_word' id='word_1_409' title='bbox 1421 3229 1775 3300; x_wconf 84' lang='lat' dir='ltr'><strong>proferuntur</strong></span> <span class='ocrx_word' id='word_1_410' title='bbox 1797 3226 2038 3292; x_wconf 86' lang='lat' dir='ltr'><strong>Davidis,</strong></span> 
     </span>
    </p>
   </div>
   <div class='ocr_carea' id='block_1_61' title="bbox 468 3318 2044 3391">
    <p class='ocr_par' dir='ltr' id='par_1_61' title="bbox 468 3318 2044 3391">
     <span class='ocr_line' id='line_1_61' title="bbox 468 3318 2044 3391; baseline -0.001 -16"><span class='ocrx_word' id='word_1_411' title='bbox 468 3329 525 3375; x_wconf 91' lang='lat' dir='ltr'><strong>et</strong></span> <span class='ocrx_word' id='word_1_412' title='bbox 552 3318 846 3384; x_wconf 72' lang='lat' dir='ltr'><strong>Manassis,</strong></span> <span class='ocrx_word' id='word_1_413' title='bbox 885 3336 1120 3390; x_wconf 90' lang='lat' dir='ltr'><strong>quorum</strong></span> <span class='ocrx_word' id='word_1_414' title='bbox 1150 3336 1295 3375; x_wconf 89' lang='lat' dir='ltr'><strong>unus</strong></span> <span class='ocrx_word' id='word_1_415' title='bbox 1324 3321 1577 3375; x_wconf 65' lang='lat' dir='ltr'><strong>mmcbie</strong></span> <span class='ocrx_word' id='word_1_416' title='bbox 1621 3328 1783 3391; x_wconf 89' lang='lat' dir='ltr'><strong>atque</strong></span> <span class='ocrx_word' id='word_1_417' title='bbox 1810 3319 2044 3374; x_wconf 80' lang='lat' dir='ltr'><strong>homici-</strong></span> 
     </span>
    </p>
   </div>
   <div class='ocr_carea' id='block_1_62' title="bbox 467 3411 2042 3481">
    <p class='ocr_par' dir='ltr' id='par_1_62' title="bbox 467 3411 2042 3481">
     <span class='ocr_line' id='line_1_62' title="bbox 467 3411 2042 3481; baseline -0.001 -14"><span class='ocrx_word' id='word_1_418' title='bbox 467 3411 569 3476; x_wconf 88' lang='lat' dir='ltr'><strong>dii,</strong></span> <span class='ocrx_word' id='word_1_419' title='bbox 600 3412 739 3466; x_wconf 85' lang='lat' dir='ltr'><strong>alter</strong></span> <span class='ocrx_word' id='word_1_420' title='bbox 777 3412 1099 3466; x_wconf 71' lang='lat' dir='ltr'><strong>idololatriaa</strong></span> <span class='ocrx_word' id='word_1_421' title='bbox 1142 3426 1269 3465; x_wconf 88' lang='lat' dir='ltr'><strong>reus</strong></span> <span class='ocrx_word' id='word_1_422' title='bbox 1320 3411 1542 3467; x_wconf 88' lang='lat' dir='ltr'><strong>fuerat:</strong></span> <span class='ocrx_word' id='word_1_423' title='bbox 1579 3412 1695 3467; x_wconf 63' lang='lat' dir='ltr'><strong>haec</strong></span> <span class='ocrx_word' id='word_1_424' title='bbox 1728 3411 1873 3468; x_wconf 89' lang='lat' dir='ltr'><strong>enim</strong></span> <span class='ocrx_word' id='word_1_425' title='bbox 1912 3426 2042 3481; x_wconf 84' lang='lat' dir='ltr'><strong>pec-</strong></span> 
     </span>
    </p>
   </div>
   <div class='ocr_carea' id='block_1_63' title="bbox 468 3503 2040 3575">
    <p class='ocr_par' dir='ltr' id='par_1_63' title="bbox 468 3503 2040 3575">
     <span class='ocr_line' id='line_1_63' title="bbox 468 3503 2040 3575; baseline -0.002 -15"><span class='ocrx_word' id='word_1_426' title='bbox 468 3513 593 3560; x_wconf 89' lang='lat' dir='ltr'><strong>cata</strong></span> <span class='ocrx_word' id='word_1_427' title='bbox 624 3503 970 3574; x_wconf 78' lang='lat' dir='ltr'><strong>excipiebant</strong></span> <span class='ocrx_word' id='word_1_428' title='bbox 993 3503 1359 3569; x_wconf 67' lang='lat' dir='ltr'><strong>Montanistae,</strong></span> <span class='ocrx_word' id='word_1_429' title='bbox 1383 3520 1521 3575; x_wconf 91' lang='lat' dir='ltr'><strong>quos</strong></span> <span class='ocrx_word' id='word_1_430' title='bbox 1550 3504 1717 3559; x_wconf 88' lang='lat' dir='ltr'><strong>veluti</strong></span> <span class='ocrx_word' id='word_1_431' title='bbox 1744 3504 2040 3573; x_wconf 85' lang='lat' dir='ltr'><strong>alloquitur</strong></span> 
     </span>
    </p>
   </div>
   <div class='ocr_carea' id='block_1_64' title="bbox 469 3593 2042 3659">
    <p class='ocr_par' dir='ltr' id='par_1_64' title="bbox 469 3593 2042 3659">
     <span class='ocr_line' id='line_1_64' title="bbox 469 3593 2042 3659; baseline -0.001 -10"><span class='ocrx_word' id='word_1_432' title='bbox 469 3594 918 3649; x_wconf 84' lang='lat' dir='ltr'><strong>Constitutionum</strong></span> <span class='ocrx_word' id='word_1_433' title='bbox 949 3606 1141 3650; x_wconf 91' lang='lat' dir='ltr'><strong>auctor</strong></span> <span class='ocrx_word' id='word_1_434' title='bbox 1169 3611 1293 3651; x_wconf 88' lang='lat' dir='ltr'><strong>cum</strong></span> <span class='ocrx_word' id='word_1_435' title='bbox 1326 3598 1404 3650; x_wconf 91' lang='lat' dir='ltr'><strong>ait</strong></span> <span class='ocrx_word' id='word_1_436' title='bbox 1436 3612 1449 3646; x_wconf 89' lang='lat'><strong>:</strong></span> <span class='ocrx_word' id='word_1_437' title='bbox 1488 3593 1706 3659; x_wconf 75' lang='grc' dir='ltr'>Μείζων</span> <span class='ocrx_word' id='word_1_438' title='bbox 1758 3594 2042 3649; x_wconf 86' lang='grc' dir='ltr'>είδωλολα-</span> 
     </span>
    </p>
   </div>
   <div class='ocr_carea' id='block_1_65' title="bbox 466 3686 2040 3759">
    <p class='ocr_par' dir='ltr' id='par_1_65' title="bbox 466 3686 2040 3759">
     <span class='ocr_line' id='line_1_65' title="bbox 466 3686 2040 3759; baseline 0.003 -21"><span class='ocrx_word' id='word_1_439' title='bbox 466 3686 653 3757; x_wconf 85' lang='grc' dir='ltr'>τρείας</span> <span class='ocrx_word' id='word_1_440' title='bbox 679 3687 777 3739; x_wconf 74' lang='grc' dir='ltr'>οὐκ</span> <span class='ocrx_word' id='word_1_441' title='bbox 805 3686 950 3740; x_wconf 78' lang='grc' dir='ltr'>ἐστιν</span> <span class='ocrx_word' id='word_1_442' title='bbox 981 3688 1244 3758; x_wconf 83' lang='grc' dir='ltr'>ἁμαρτία.</span> <span class='ocrx_word' id='word_1_443' title='bbox 1289 3689 1384 3750; x_wconf 73' lang='lat' dir='ltr'><strong>Ei;</strong></span> <span class='ocrx_word' id='word_1_444' title='bbox 1411 3688 1542 3741; x_wconf 85' lang='grc' dir='ltr'>Θεὸν</span> <span class='ocrx_word' id='word_1_445' title='bbox 1569 3688 1677 3759; x_wconf 92' lang='grc' dir='ltr'><strong>γάρ</strong></span> <span class='ocrx_word' id='word_1_446' title='bbox 1704 3689 1820 3742; x_wconf 64' lang='grc' dir='ltr'>ἐστι</span> <span class='ocrx_word' id='word_1_447' title='bbox 1848 3688 2040 3742; x_wconf 80' lang='grc' dir='ltr'>δυσσέ-</span> 
     </span>
    </p>
   </div>
   <div class='ocr_carea' id='block_1_66' title="bbox 467 3777 2064 3852">
    <p class='ocr_par' dir='ltr' id='par_1_66' title="bbox 467 3777 2064 3852">
     <span class='ocr_line' id='line_1_66' title="bbox 467 3777 2064 3852; baseline 0.002 -21"><span class='ocrx_word' id='word_1_448' title='bbox 467 3777 608 3833; x_wconf 75' lang='lat' dir='ltr'><strong>Geta.</strong></span> <span class='ocrx_word' id='word_1_449' title='bbox 663 3779 798 3832; x_wconf 83' lang='grc' dir='ltr'>Ἀλλ’</span> <span class='ocrx_word' id='word_1_450' title='bbox 840 3780 990 3851; x_wconf 85' lang='grc' dir='ltr'>ὅμως</span> <span class='ocrx_word' id='word_1_451' title='bbox 1034 3781 1128 3833; x_wconf 75' lang='grc' dir='ltr'>καὶ</span> <span class='ocrx_word' id='word_1_452' title='bbox 1172 3780 1309 3852; x_wconf 81' lang='grc' dir='ltr'>αὐτὴ</span> <span class='ocrx_word' id='word_1_453' title='bbox 1353 3779 1441 3833; x_wconf 88' lang='grc' dir='ltr'><strong>διά</strong></span> <span class='ocrx_word' id='word_1_454' title='bbox 1480 3780 1708 3851; x_wconf 82' lang='grc' dir='ltr'>γνησίας</span> <span class='ocrx_word' id='word_1_455' title='bbox 1755 3780 2064 3852; x_wconf 70' lang='grc' dir='ltr'>μετανοίας</span> 
     </span>
    </p>
   </div>
   <div class='ocr_carea' id='block_1_67' title="bbox 470 3869 2036 3943">
    <p class='ocr_par' dir='ltr' id='par_1_67' title="bbox 470 3869 2036 3943">
     <span class='ocr_line' id='line_1_67' title="bbox 470 3869 2036 3943; baseline 0.003 -20"><span class='ocrx_word' id='word_1_456' title='bbox 470 3869 903 3943; x_wconf 83' lang='grc' dir='ltr'>συγκεχώρηται.</span> <span class='ocrx_word' id='word_1_457' title='bbox 946 3869 1169 3925; x_wconf 83' lang='lat' dir='ltr'><strong>Gravius</strong></span> <span class='ocrx_word' id='word_1_458' title='bbox 1207 3871 1459 3925; x_wconf 88' lang='lat' dir='ltr'><strong>delictum</strong></span> <span class='ocrx_word' id='word_1_459' title='bbox 1497 3871 1815 3926; x_wconf 88' lang='lat' dir='ltr'><strong>idololatria</strong></span> <span class='ocrx_word' id='word_1_460' title='bbox 1850 3889 1953 3927; x_wconf 91' lang='lat' dir='ltr'><strong>non</strong></span> <span class='ocrx_word' id='word_1_461' title='bbox 1982 3889 2036 3928; x_wconf 89' lang='lat' dir='ltr'><strong>re</strong></span> 
     </span>
    </p>
   </div>
   <div class='ocr_carea' id='block_1_68' title="bbox 462 3964 2034 4033">
    <p class='ocr_par' dir='ltr' id='par_1_68' title="bbox 462 3964 2034 4033">
     <span class='ocr_line' id='line_1_68' title="bbox 462 3964 2034 4033; baseline 0.003 -16"><span class='ocrx_word' id='word_1_462' title='bbox 462 3964 669 4033; x_wconf 77' lang='lat' dir='ltr'><strong>peritur</strong></span> <span class='ocrx_word' id='word_1_463' title='bbox 695 3979 715 4019; x_wconf 88' lang='lat'><strong>.&#39;</strong></span> <span class='ocrx_word' id='word_1_464' title='bbox 741 3974 820 4019; x_wconf 83' lang='lat' dir='ltr'><strong>est</strong></span> <span class='ocrx_word' id='word_1_465' title='bbox 860 3965 999 4020; x_wconf 88' lang='lat' dir='ltr'><strong>enim</strong></span> <span class='ocrx_word' id='word_1_466' title='bbox 1044 3965 1102 4019; x_wconf 87' lang='lat' dir='ltr'><strong>in</strong></span> <span class='ocrx_word' id='word_1_467' title='bbox 1126 3965 1295 4019; x_wconf 87' lang='lat' dir='ltr'><strong>Deum</strong></span> <span class='ocrx_word' id='word_1_468' title='bbox 1340 3965 1587 4033; x_wconf 76' lang='lat' dir='ltr'><strong>impietas</strong></span> <span class='ocrx_word' id='word_1_469' title='bbox 1630 3979 1649 4018; x_wconf 91' lang='lat'><strong><em>:</em></strong></span> <span class='ocrx_word' id='word_1_470' title='bbox 1693 3965 2034 4021; x_wconf 79' lang='lat' dir='ltr'><strong>nihilominus</strong></span> 
     </span>
    </p>
   </div>
   <div class='ocr_carea' id='block_1_69' title="bbox 467 4056 2036 4125">
    <p class='ocr_par' dir='ltr' id='par_1_69' title="bbox 467 4056 2036 4125">
     <span class='ocr_line' id='line_1_69' title="bbox 467 4056 2036 4125; baseline 0.002 -16"><span class='ocrx_word' id='word_1_471' title='bbox 467 4065 645 4110; x_wconf 84' lang='lat' dir='ltr'><strong>tamen</strong></span> <span class='ocrx_word' id='word_1_472' title='bbox 671 4065 719 4111; x_wconf 88' lang='lat' dir='ltr'><strong>et</strong></span> <span class='ocrx_word' id='word_1_473' title='bbox 743 4056 876 4110; x_wconf 87' lang='lat' dir='ltr'><strong>illud</strong></span> <span class='ocrx_word' id='word_1_474' title='bbox 902 4072 994 4125; x_wconf 89' lang='lat' dir='ltr'><strong>per</strong></span> <span class='ocrx_word' id='word_1_475' title='bbox 1019 4058 1277 4112; x_wconf 86' lang='lat' dir='ltr'><strong>sinccram</strong></span> <span class='ocrx_word' id='word_1_476' title='bbox 1304 4057 1661 4125; x_wconf 71' lang='lat' dir='ltr'><strong>paenitentiam</strong></span> <span class='ocrx_word' id='word_1_477' title='bbox 1683 4057 2036 4113; x_wconf 89' lang='lat' dir='ltr'><strong>condonatum</strong></span> 
     </span>
    </p>
   </div>
   <div class='ocr_carea' id='block_1_70' title="bbox 463 4147 2034 4221">
    <p class='ocr_par' dir='ltr' id='par_1_70' title="bbox 463 4147 2034 4221">
     <span class='ocr_line' id='line_1_70' title="bbox 463 4147 2034 4221; baseline 0.001 -16"><span class='ocrx_word' id='word_1_478' title='bbox 463 4158 545 4205; x_wconf 83' lang='lat' dir='ltr'><strong>est</strong></span> <span class='ocrx_word' id='word_1_479' title='bbox 567 4148 705 4221; x_wconf 88' lang='lat'><strong>(88).</strong></span> <span class='ocrx_word' id='word_1_480' title='bbox 739 4147 818 4203; x_wconf 83' lang='lat' dir='ltr'><strong>Illi</strong></span> <span class='ocrx_word' id='word_1_481' title='bbox 866 4149 1139 4205; x_wconf 89' lang='lat' dir='ltr'><strong>secundas</strong></span> <span class='ocrx_word' id='word_1_482' title='bbox 1189 4150 1407 4219; x_wconf 88' lang='lat' dir='ltr'><strong>nuptias</strong></span> <span class='ocrx_word' id='word_1_483' title='bbox 1446 4149 1799 4213; x_wconf 87' lang='lat' dir='ltr'><strong>damnabant,</strong></span> <span class='ocrx_word' id='word_1_484' title='bbox 1829 4166 1950 4221; x_wconf 65' lang='lat' dir='ltr'><strong>quas</strong></span> <span class='ocrx_word' id='word_1_485' title='bbox 1978 4151 2034 4207; x_wconf 94' lang='lat' dir='ltr'><strong>in</strong></span> 
     </span>
    </p>
   </div>
   <div class='ocr_carea' id='block_1_71' title="bbox 466 4240 2036 4311">
    <p class='ocr_par' dir='ltr' id='par_1_71' title="bbox 466 4240 2036 4311">
     <span class='ocr_line' id='line_1_71' title="bbox 466 4240 2036 4311; baseline 0.003 -16"><span class='ocrx_word' id='word_1_486' title='bbox 466 4240 945 4296; x_wconf 87' lang='lat' dir='ltr'><strong>Constitutionibus</strong></span> <span class='ocrx_word' id='word_1_487' title='bbox 976 4240 1049 4295; x_wconf 90' lang='lat' dir='ltr'><strong>ita</strong></span> <span class='ocrx_word' id='word_1_488' title='bbox 1080 4255 1191 4295; x_wconf 92' lang='lat' dir='ltr'><strong>non</strong></span> <span class='ocrx_word' id='word_1_489' title='bbox 1233 4240 1634 4311; x_wconf 87' lang='lat' dir='ltr'><strong>improbantur,</strong></span> <span class='ocrx_word' id='word_1_490' title='bbox 1661 4250 1718 4295; x_wconf 90' lang='lat' dir='ltr'><strong>ut</strong></span> <span class='ocrx_word' id='word_1_491' title='bbox 1746 4242 2036 4299; x_wconf 86' lang='lat' dir='ltr'><strong>manifeste</strong></span> 
     </span>
    </p>
   </div>
   <div class='ocr_carea' id='block_1_72' title="bbox 466 4330 2031 4405">
    <p class='ocr_par' dir='ltr' id='par_1_72' title="bbox 466 4330 2031 4405">
     <span class='ocr_line' id='line_1_72' title="bbox 466 4330 2031 4405; baseline 0.001 -21"><span class='ocrx_word' id='word_1_492' title='bbox 466 4338 728 4399; x_wconf 86' lang='lat' dir='ltr'><strong>arguatur</strong></span> <span class='ocrx_word' id='word_1_493' title='bbox 771 4331 1081 4387; x_wconf 85' lang='lat' dir='ltr'><strong>contrarius</strong></span> <span class='ocrx_word' id='word_1_494' title='bbox 1129 4346 1323 4385; x_wconf 88' lang='lat' dir='ltr'><strong>error:</strong></span> <span class='ocrx_word' id='word_1_495' title='bbox 1358 4330 1530 4399; x_wconf 86' lang='grc' dir='ltr'>Λόγον</span> <span class='ocrx_word' id='word_1_496' title='bbox 1560 4331 1745 4400; x_wconf 77' lang='grc' dir='ltr'>ὑφέξει</span> <span class='ocrx_word' id='word_1_497' title='bbox 1782 4333 1859 4404; x_wconf 82' lang='grc' dir='ltr'><strong>τῷ</strong></span> <span class='ocrx_word' id='word_1_498' title='bbox 1883 4333 2031 4405; x_wconf 81' lang='grc' dir='ltr'>Θεῷ,</span> 
     </span>
    </p>
   </div>
   <div class='ocr_carea' id='block_1_73' title="bbox 462 4421 2033 4497">
    <p class='ocr_par' dir='ltr' id='par_1_73' title="bbox 462 4421 2033 4497">
     <span class='ocr_line' id='line_1_73' title="bbox 462 4421 2033 4497; baseline 0.003 -23"><span class='ocrx_word' id='word_1_499' title='bbox 462 4422 562 4491; x_wconf 84' lang='grc' dir='ltr'>οὐχ</span> <span class='ocrx_word' id='word_1_500' title='bbox 589 4423 670 4475; x_wconf 85' lang='grc' dir='ltr'>ὅτι</span> <span class='ocrx_word' id='word_1_501' title='bbox 695 4422 929 4494; x_wconf 86' lang='grc' dir='ltr'>δευτέρῳ</span> <span class='ocrx_word' id='word_1_502' title='bbox 956 4423 1116 4493; x_wconf 87' lang='grc' dir='ltr'>γάμῳ</span> <span class='ocrx_word' id='word_1_503' title='bbox 1148 4421 1390 4493; x_wconf 73' lang='grc' dir='ltr'>συνήφθη</span> <span class='ocrx_word' id='word_1_504' title='bbox 1416 4461 1429 4485; x_wconf 97' lang='grc'><strong>,</strong></span> <span class='ocrx_word' id='word_1_505' title='bbox 1460 4422 1572 4475; x_wconf 85' lang='grc' dir='ltr'>ἀλλ’</span> <span class='ocrx_word' id='word_1_506' title='bbox 1601 4424 1684 4477; x_wconf 82' lang='grc' dir='ltr'>ὅτι</span> <span class='ocrx_word' id='word_1_507' title='bbox 1708 4424 1805 4496; x_wconf 77' lang='grc' dir='ltr'><strong>τὴν</strong></span> <span class='ocrx_word' id='word_1_508' title='bbox 1835 4426 2033 4497; x_wconf 78' lang='grc' dir='ltr'>ἑαυτῆς</span> 
     </span>
    </p>
   </div>
   <div class='ocr_carea' id='block_1_74' title="bbox 2144 3230 3724 3309">
    <p class='ocr_par' dir='ltr' id='par_1_74' title="bbox 2144 3230 3724 3309">
     <span class='ocr_line' id='line_1_74' title="bbox 2144 3230 3724 3309; baseline -0.003 -18"><span class='ocrx_word' id='word_1_509' title='bbox 2144 3238 2324 3309; x_wconf 81' lang='lat' dir='ltr'><strong>futati.</strong></span> <span class='ocrx_word' id='word_1_510' title='bbox 2342 3265 2413 3277; x_wconf 90' lang='lat'><strong>——</strong></span> <span class='ocrx_word' id='word_1_511' title='bbox 2432 3234 2515 3288; x_wconf 86' lang='lat' dir='ltr'><strong>Ad</strong></span> <span class='ocrx_word' id='word_1_512' title='bbox 2535 3234 2647 3289; x_wconf 68' lang='lat' dir='ltr'><strong>haec</strong></span> <span class='ocrx_word' id='word_1_513' title='bbox 2672 3232 3043 3288; x_wconf 86' lang='lat' dir='ltr'><strong>Tertullianus</strong></span> <span class='ocrx_word' id='word_1_514' title='bbox 3064 3230 3423 3294; x_wconf 77' lang='lat' dir='ltr'><strong>Montanista,</strong></span> <span class='ocrx_word' id='word_1_515' title='bbox 3464 3247 3531 3286; x_wconf 79' lang='lat' dir='ltr'><strong>ex</strong></span> <span class='ocrx_word' id='word_1_516' title='bbox 3564 3247 3724 3287; x_wconf 70' lang='lat' dir='ltr'><strong>novae</strong></span> 
     </span>
    </p>
   </div>
   <div class='ocr_carea' id='block_1_75' title="bbox 2146 3314 3721 3394">
    <p class='ocr_par' dir='ltr' id='par_1_75' title="bbox 2146 3314 3721 3394">
     <span class='ocr_line' id='line_1_75' title="bbox 2146 3314 3721 3394; baseline -0.006 -6"><span class='ocrx_word' id='word_1_517' title='bbox 2146 3339 2310 3388; x_wconf 68' lang='lat' dir='ltr'><strong>secta:</strong></span> <span class='ocrx_word' id='word_1_518' title='bbox 2348 3314 2615 3383; x_wconf 87' lang='lat' dir='ltr'><strong>institutis</strong></span> <span class='ocrx_word' id='word_1_519' title='bbox 2656 3325 2998 3382; x_wconf 88' lang='lat' dir='ltr'><strong>consectaria</strong></span> <span class='ocrx_word' id='word_1_520' title='bbox 3024 3325 3270 3394; x_wconf 69' lang='lat' dir='ltr'><strong>quardam</strong></span> <span class='ocrx_word' id='word_1_521' title='bbox 3303 3323 3545 3390; x_wconf 74' lang='lat' dir='ltr'><strong>deduxit,</strong></span> <span class='ocrx_word' id='word_1_522' title='bbox 3570 3325 3721 3379; x_wconf 90' lang='lat' dir='ltr'><strong>unde</strong></span> 
     </span>
    </p>
   </div>
   <div class='ocr_carea' id='block_1_76' title="bbox 2141 3413 3721 3492">
    <p class='ocr_par' dir='ltr' id='par_1_76' title="bbox 2141 3413 3721 3492">
     <span class='ocr_line' id='line_1_76' title="bbox 2141 3413 3721 3492; baseline -0.004 -15"><span class='ocrx_word' id='word_1_523' title='bbox 2141 3429 2195 3478; x_wconf 91' lang='lat' dir='ltr'><strong>et</strong></span> <span class='ocrx_word' id='word_1_524' title='bbox 2216 3419 2470 3492; x_wconf 84' lang='lat' dir='ltr'><strong>privatim</strong></span> <span class='ocrx_word' id='word_1_525' title='bbox 2499 3433 2719 3473; x_wconf 87' lang='lat' dir='ltr'><strong>errores</strong></span> <span class='ocrx_word' id='word_1_526' title='bbox 2750 3416 2889 3471; x_wconf 90' lang='lat' dir='ltr'><strong>alios</strong></span> <span class='ocrx_word' id='word_1_527' title='bbox 2920 3415 3132 3471; x_wconf 84' lang='lat' dir='ltr'><strong>ascivit.</strong></span> <span class='ocrx_word' id='word_1_528' title='bbox 3159 3413 3480 3483; x_wconf 84' lang='lat' dir='ltr'><strong>Cujusmodi</strong></span> <span class='ocrx_word' id='word_1_529' title='bbox 3510 3416 3606 3470; x_wconf 88' lang='lat' dir='ltr'><strong>ille</strong></span> <span class='ocrx_word' id='word_1_530' title='bbox 3631 3423 3721 3470; x_wconf 79' lang='lat' dir='ltr'><strong>est</strong></span> 
     </span>
    </p>
   </div>
   <div class='ocr_carea' id='block_1_77' title="bbox 2139 3505 3719 3585">
    <p class='ocr_par' dir='ltr' id='par_1_77' title="bbox 2139 3505 3719 3585">
     <span class='ocr_line' id='line_1_77' title="bbox 2139 3505 3719 3585; baseline -0.005 -16"><span class='ocrx_word' id='word_1_531' title='bbox 2139 3528 2299 3585; x_wconf 85' lang='lat' dir='ltr'><strong>quem</strong></span> <span class='ocrx_word' id='word_1_532' title='bbox 2335 3512 2483 3567; x_wconf 85' lang='lat' dir='ltr'><strong>edito</strong></span> <span class='ocrx_word' id='word_1_533' title='bbox 2513 3511 2653 3564; x_wconf 90' lang='lat' dir='ltr'><strong>libro</strong></span> <span class='ocrx_word' id='word_1_534' title='bbox 2694 3508 2767 3562; x_wconf 88' lang='lat' dir='ltr'><strong>De</strong></span> <span class='ocrx_word' id='word_1_535' title='bbox 2792 3508 2920 3576; x_wconf 79' lang='lat' dir='ltr'><strong>fuga</strong></span> <span class='ocrx_word' id='word_1_536' title='bbox 2950 3508 3003 3560; x_wconf 88' lang='lat' dir='ltr'><strong>in</strong></span> <span class='ocrx_word' id='word_1_537' title='bbox 3034 3507 3391 3575; x_wconf 88' lang='lat' dir='ltr'><strong>persecutione</strong></span> <span class='ocrx_word' id='word_1_538' title='bbox 3410 3505 3593 3572; x_wconf 82' lang='lat' dir='ltr'><strong>docet,</strong></span> <span class='ocrx_word' id='word_1_539' title='bbox 3630 3507 3719 3562; x_wconf 81' lang='lat' dir='ltr'><strong>sui</strong></span> 
     </span>
    </p>
   </div>
   <div class='ocr_carea' id='block_1_78' title="bbox 2138 3596 3719 3663">
    <p class='ocr_par' dir='ltr' id='par_1_78' title="bbox 2138 3596 3719 3663">
     <span class='ocr_line' id='line_1_78' title="bbox 2138 3596 3719 3663; baseline -0.003 -8"><span class='ocrx_word' id='word_1_540' title='bbox 2138 3600 2428 3663; x_wconf 86' lang='lat' dir='ltr'><strong>Paracleti,</strong></span> <span class='ocrx_word' id='word_1_541' title='bbox 2469 3596 2712 3653; x_wconf 83' lang='lat' dir='ltr'><strong>Montani</strong></span> <span class='ocrx_word' id='word_1_542' title='bbox 2744 3596 2955 3651; x_wconf 84' lang='lat' dir='ltr'><strong>scilicet</strong></span> <span class='ocrx_word' id='word_1_543' title='bbox 2984 3599 3309 3650; x_wconf 82' lang='lat' dir='ltr'><strong>auctoritate</strong></span> <span class='ocrx_word' id='word_1_544' title='bbox 3340 3598 3531 3661; x_wconf 83' lang='lat' dir='ltr'><strong>fretus,</strong></span> <span class='ocrx_word' id='word_1_545' title='bbox 3563 3597 3719 3651; x_wconf 83' lang='lat' dir='ltr'><strong>nulla</strong></span> 
     </span>
    </p>
   </div>
   <div class='ocr_carea' id='block_1_79' title="bbox 2139 3687 3720 3761">
    <p class='ocr_par' dir='ltr' id='par_1_79' title="bbox 2139 3687 3720 3761">
     <span class='ocr_line' id='line_1_79' title="bbox 2139 3687 3720 3761; baseline -0.004 -11"><span class='ocrx_word' id='word_1_546' title='bbox 2139 3695 2412 3751; x_wconf 86' lang='lat' dir='ltr'><strong>occasione</strong></span> <span class='ocrx_word' id='word_1_547' title='bbox 2458 3690 2774 3761; x_wconf 81' lang='lat' dir='ltr'><strong>martyrium</strong></span> <span class='ocrx_word' id='word_1_548' title='bbox 2826 3688 3091 3742; x_wconf 82' lang='lat' dir='ltr'><strong>redimere.</strong></span> <span class='ocrx_word' id='word_1_549' title='bbox 3131 3688 3215 3757; x_wconf 85' lang='lat' dir='ltr'><strong>fas</strong></span> <span class='ocrx_word' id='word_1_550' title='bbox 3258 3704 3391 3742; x_wconf 86' lang='lat' dir='ltr'><strong>esse.</strong></span> <span class='ocrx_word' id='word_1_551' title='bbox 3434 3687 3720 3744; x_wconf 84' lang='lat' dir='ltr'><strong>Adversus</strong></span> 
     </span>
    </p>
   </div>
   <div class='ocr_carea' id='block_1_80' title="bbox 2137 3778 3713 3849">
    <p class='ocr_par' dir='ltr' id='par_1_80' title="bbox 2137 3778 3713 3849">
     <span class='ocr_line' id='line_1_80' title="bbox 2137 3778 3713 3849; baseline -0.005 -6"><span class='ocrx_word' id='word_1_552' title='bbox 2137 3803 2256 3843; x_wconf 90' lang='lat' dir='ltr'><strong>eam</strong></span> <span class='ocrx_word' id='word_1_553' title='bbox 2287 3784 2612 3841; x_wconf 87' lang='lat' dir='ltr'><strong>sententiam</strong></span> <span class='ocrx_word' id='word_1_554' title='bbox 2638 3782 2751 3836; x_wconf 68' lang='lat' dir='ltr'><strong>haec</strong></span> <span class='ocrx_word' id='word_1_555' title='bbox 2776 3779 2984 3849; x_wconf 88' lang='lat' dir='ltr'><strong>profert</strong></span> <span class='ocrx_word' id='word_1_556' title='bbox 3003 3778 3455 3834; x_wconf 86' lang='lat' dir='ltr'><strong>Constitutionum</strong></span> <span class='ocrx_word' id='word_1_557' title='bbox 3482 3787 3713 3836; x_wconf 87' lang='lat' dir='ltr'><strong>auctor:</strong></span> 
     </span>
    </p>
   </div>
   <div class='ocr_carea' id='block_1_81' title="bbox 2136 3856 3717 3941">
    <p class='ocr_par' dir='ltr' id='par_1_81' title="bbox 2136 3856 3717 3941">
     <span class='ocr_line' id='line_1_81' title="bbox 2136 3856 3717 3941; baseline -0.006 -8"><span class='ocrx_word' id='word_1_558' title='bbox 2136 3880 2201 3932; x_wconf 81' lang='lat' dir='ltr'><strong>El</strong></span> <span class='ocrx_word' id='word_1_559' title='bbox 2233 3878 2289 3931; x_wconf 88' lang='grc' dir='ltr'>δὲ</span> <span class='ocrx_word' id='word_1_560' title='bbox 2316 3878 2410 3931; x_wconf 81' lang='grc' dir='ltr'>καὶ</span> <span class='ocrx_word' id='word_1_561' title='bbox 2439 3870 2550 3937; x_wconf 77' lang='grc' dir='ltr'>οἷός</span> <span class='ocrx_word' id='word_1_562' title='bbox 2583 3874 2643 3927; x_wconf 84' lang='grc' dir='ltr'>τέ</span> <span class='ocrx_word' id='word_1_563' title='bbox 2673 3856 2822 3926; x_wconf 74' lang='grc' dir='ltr'>ἐστιν</span> <span class='ocrx_word' id='word_1_564' title='bbox 2852 3872 3066 3925; x_wconf 68' lang='grc' dir='ltr'>ἅπαντα</span> <span class='ocrx_word' id='word_1_565' title='bbox 3092 3871 3184 3925; x_wconf 79' lang='grc' dir='ltr'>τὸν</span> <span class='ocrx_word' id='word_1_566' title='bbox 3214 3870 3328 3941; x_wconf 82' lang='grc' dir='ltr'>βίον</span> <span class='ocrx_word' id='word_1_567' title='bbox 3349 3870 3543 3924; x_wconf 78' lang='grc' dir='ltr'>ἑαυτοῦ</span> <span class='ocrx_word' id='word_1_568' title='bbox 3574 3872 3717 3924; x_wconf 83' lang='grc' dir='ltr'>ἁπο-</span> 
     </span>
    </p>
   </div>
   <div class='ocr_carea' id='block_1_82' title="bbox 2136 3962 3717 4042">
    <p class='ocr_par' dir='ltr' id='par_1_82' title="bbox 2136 3962 3717 4042">
     <span class='ocr_line' id='line_1_82' title="bbox 2136 3962 3717 4042; baseline -0.005 -18"><span class='ocrx_word' id='word_1_569' title='bbox 2136 3969 2356 4042; x_wconf 84' lang='grc' dir='ltr'>δόμενος</span> <span class='ocrx_word' id='word_1_570' title='bbox 2387 3966 2652 4042; x_wconf 79' lang='grc' dir='ltr'>ῥύσασθαι</span> <span class='ocrx_word' id='word_1_571' title='bbox 2679 3966 2877 4028; x_wconf 83' lang='grc' dir='ltr'>αὐτοὺς</span> <span class='ocrx_word' id='word_1_572' title='bbox 2906 3966 2971 4017; x_wconf 82' lang='grc' dir='ltr'>ὲκ</span> <span class='ocrx_word' id='word_1_573' title='bbox 2994 3962 3089 4017; x_wconf 78' lang='grc' dir='ltr'>τοῦ</span> <span class='ocrx_word' id='word_1_574' title='bbox 3115 3963 3510 4035; x_wconf 86' lang='grc' dir='ltr'>δεσμωτηρίου,</span> <span class='ocrx_word' id='word_1_575' title='bbox 3536 3963 3717 4034; x_wconf 79' lang='grc' dir='ltr'>μακά-</span> 
     </span>
    </p>
   </div>
   <div class='ocr_carea' id='block_1_83' title="bbox 2138 4055 3718 4133">
    <p class='ocr_par' dir='ltr' id='par_1_83' title="bbox 2138 4055 3718 4133">
     <span class='ocr_line' id='line_1_83' title="bbox 2138 4055 3718 4133; baseline -0.004 -18"><span class='ocrx_word' id='word_1_576' title='bbox 2138 4078 2251 4133; x_wconf 88' lang='grc' dir='ltr'>ριος</span> <span class='ocrx_word' id='word_1_577' title='bbox 2278 4062 2431 4115; x_wconf 78' lang='grc' dir='ltr'>ἔσται</span> <span class='ocrx_word' id='word_1_578' title='bbox 2458 4061 2553 4113; x_wconf 75' lang='grc' dir='ltr'>καὶ</span> <span class='ocrx_word' id='word_1_579' title='bbox 2580 4058 2732 4128; x_wconf 86' lang='grc' dir='ltr'>φίλος</span> <span class='ocrx_word' id='word_1_580' title='bbox 2760 4057 2855 4110; x_wconf 82' lang='grc' dir='ltr'>τοῦ</span> <span class='ocrx_word' id='word_1_581' title='bbox 2884 4055 3141 4128; x_wconf 77' lang='grc' dir='ltr'>Χριστοῦ.</span> <span class='ocrx_word' id='word_1_582' title='bbox 3162 4057 3226 4110; x_wconf 79' lang='lat' dir='ltr'><strong>Ei</strong></span> <span class='ocrx_word' id='word_1_583' title='bbox 3256 4056 3365 4129; x_wconf 84' lang='grc' dir='ltr'>γὰρ</span> <span class='ocrx_word' id='word_1_584' title='bbox 3392 4059 3420 4111; x_wconf 91' lang='grc' dir='ltr'><strong>ό</strong></span> <span class='ocrx_word' id='word_1_585' title='bbox 3445 4057 3515 4111; x_wconf 86' lang='grc' dir='ltr'><strong>τά</strong></span> <span class='ocrx_word' id='word_1_586' title='bbox 3542 4057 3718 4128; x_wconf 83' lang='grc' dir='ltr'>ὑπάρ-</span> 
     </span>
    </p>
   </div>
   <div class='ocr_carea' id='block_1_84' title="bbox 2134 4148 3713 4223">
    <p class='ocr_par' dir='ltr' id='par_1_84' title="bbox 2134 4148 3713 4223">
     <span class='ocr_line' id='line_1_84' title="bbox 2134 4148 3713 4223; baseline -0.003 -17"><span class='ocrx_word' id='word_1_587' title='bbox 2134 4170 2297 4223; x_wconf 88' lang='grc' dir='ltr'>χοντα</span> <span class='ocrx_word' id='word_1_588' title='bbox 2341 4153 2576 4222; x_wconf 83' lang='grc' dir='ltr'>πτωχοῖς</span> <span class='ocrx_word' id='word_1_589' title='bbox 2619 4150 2740 4213; x_wconf 81' lang='grc' dir='ltr'>δοὺς</span> <span class='ocrx_word' id='word_1_590' title='bbox 2762 4188 2777 4213; x_wconf 85' lang='grc'><strong>,</strong></span> <span class='ocrx_word' id='word_1_591' title='bbox 2824 4149 3027 4212; x_wconf 79' lang='grc' dir='ltr'>τέλειος</span> <span class='ocrx_word' id='word_1_592' title='bbox 3048 4188 3065 4211; x_wconf 94' lang='grc'><strong>,</strong></span> <span class='ocrx_word' id='word_1_593' title='bbox 3115 4148 3255 4220; x_wconf 86' lang='grc' dir='ltr'><strong>μετά</strong></span> <span class='ocrx_word' id='word_1_594' title='bbox 3286 4149 3386 4221; x_wconf 82' lang='grc' dir='ltr'>τὴν</span> <span class='ocrx_word' id='word_1_595' title='bbox 3431 4149 3559 4220; x_wconf 74' lang='grc' dir='ltr'>περὶ</span> <span class='ocrx_word' id='word_1_596' title='bbox 3600 4148 3713 4202; x_wconf 84' lang='grc' dir='ltr'><strong>τῶν</strong></span> 
     </span>
    </p>
   </div>
   <div class='ocr_carea' id='block_1_85' title="bbox 2135 4238 3708 4314">
    <p class='ocr_par' dir='ltr' id='par_1_85' title="bbox 2135 4238 3708 4314">
     <span class='ocr_line' id='line_1_85' title="bbox 2135 4238 3708 4314; baseline -0.003 -16"><span class='ocrx_word' id='word_1_597' title='bbox 2135 4244 2294 4298; x_wconf 88' lang='grc' dir='ltr'>θείων</span> <span class='ocrx_word' id='word_1_598' title='bbox 2347 4243 2583 4314; x_wconf 83' lang='grc' dir='ltr'>γνῶσιν,</span> <span class='ocrx_word' id='word_1_599' title='bbox 2641 4241 2820 4313; x_wconf 82' lang='grc' dir='ltr'>πολλῷ</span> <span class='ocrx_word' id='word_1_600' title='bbox 2878 4240 3074 4313; x_wconf 81' lang='grc' dir='ltr'>μᾶλλον</span> <span class='ocrx_word' id='word_1_601' title='bbox 3114 4243 3143 4295; x_wconf 85' lang='grc' dir='ltr'><strong>ό</strong></span> <span class='ocrx_word' id='word_1_602' title='bbox 3196 4240 3336 4312; x_wconf 80' lang='grc' dir='ltr'>ὑπὲρ</span> <span class='ocrx_word' id='word_1_603' title='bbox 3395 4238 3708 4311; x_wconf 81' lang='grc' dir='ltr'>μαρτύρων.</span> 
     </span>
    </p>
   </div>
   <div class='ocr_carea' id='block_1_86' title="bbox 2132 4332 3711 4405">
    <p class='ocr_par' dir='ltr' id='par_1_86' title="bbox 2132 4332 3711 4405">
     <span class='ocr_line' id='line_1_86' title="bbox 2132 4332 3711 4405; baseline -0.004 -16"><span class='ocrx_word' id='word_1_604' title='bbox 2132 4333 2259 4389; x_wconf 77' lang='lat' dir='ltr'><strong>lam</strong></span> <span class='ocrx_word' id='word_1_605' title='bbox 2298 4352 2414 4389; x_wconf 76' lang='lat' dir='ltr'><strong>vero</strong></span> <span class='ocrx_word' id='word_1_606' title='bbox 2450 4335 2498 4389; x_wconf 84' lang='lat' dir='ltr'><strong>si</strong></span> <span class='ocrx_word' id='word_1_607' title='bbox 2532 4335 2649 4405; x_wconf 88' lang='lat' dir='ltr'><strong>quis</strong></span> <span class='ocrx_word' id='word_1_608' title='bbox 2679 4343 2850 4403; x_wconf 81' lang='lat' dir='ltr'><strong>potest</strong></span> <span class='ocrx_word' id='word_1_609' title='bbox 2892 4333 3092 4386; x_wconf 86' lang='lat' dir='ltr'><strong>tradita</strong></span> <span class='ocrx_word' id='word_1_610' title='bbox 3122 4332 3262 4386; x_wconf 88' lang='lat' dir='ltr'><strong>omni</strong></span> <span class='ocrx_word' id='word_1_611' title='bbox 3290 4332 3584 4386; x_wconf 84' lang='lat' dir='ltr'><strong>substantia</strong></span> <span class='ocrx_word' id='word_1_612' title='bbox 3608 4346 3711 4391; x_wconf 78' lang='lat' dir='ltr'><strong>sua</strong></span> 
     </span>
    </p>
   </div>
   <div class='ocr_carea' id='block_1_87' title="bbox 2132 4418 3711 4497">
    <p class='ocr_par' dir='ltr' id='par_1_87' title="bbox 2132 4418 3711 4497">
     <span class='ocr_line' id='line_1_87' title="bbox 2132 4418 3711 4497; baseline -0.007 -18"><span class='ocrx_word' id='word_1_613' title='bbox 2132 4442 2220 4481; x_wconf 88' lang='lat' dir='ltr'><strong>eos</strong></span> <span class='ocrx_word' id='word_1_614' title='bbox 2272 4422 2586 4497; x_wconf 86' lang='lat' dir='ltr'><strong>[martyres]</strong></span> <span class='ocrx_word' id='word_1_615' title='bbox 2611 4438 2676 4477; x_wconf 75' lang='lat' dir='ltr'><strong>ea:</strong></span> <span class='ocrx_word' id='word_1_616' title='bbox 2722 4438 2931 4475; x_wconf 87' lang='lat' dir='ltr'><strong>carcere</strong></span> <span class='ocrx_word' id='word_1_617' title='bbox 2960 4419 3206 4484; x_wconf 87' lang='lat' dir='ltr'><strong>liberare,</strong></span> <span class='ocrx_word' id='word_1_618' title='bbox 3252 4418 3433 4472; x_wconf 85' lang='lat' dir='ltr'><strong>beatus</strong></span> <span class='ocrx_word' id='word_1_619' title='bbox 3487 4418 3589 4471; x_wconf 87' lang='lat' dir='ltr'><strong>erit</strong></span> <span class='ocrx_word' id='word_1_620' title='bbox 3644 4432 3711 4469; x_wconf 86' lang='lat' dir='ltr'><strong>ac</strong></span> 
     </span>
    </p>
   </div>
   <div class='ocr_carea' id='block_1_88' title="bbox 463 4509 2043 4583">
    <p class='ocr_par' dir='ltr' id='par_1_88' title="bbox 463 4512 2031 4582">
     <span class='ocr_line' id='line_1_88' title="bbox 463 4512 2031 4582; baseline 0.003 -16"><span class='ocrx_word' id='word_1_621' title='bbox 463 4514 790 4582; x_wconf 72' lang='grc' dir='ltr'>ἐπαγγελίαν</span> <span class='ocrx_word' id='word_1_622' title='bbox 818 4516 917 4567; x_wconf 77' lang='grc' dir='ltr'>οὐκ</span> <span class='ocrx_word' id='word_1_623' title='bbox 944 4513 1194 4582; x_wconf 76' lang='grc' dir='ltr'>ἐφύλαξε.</span> <span class='ocrx_word' id='word_1_624' title='bbox 1244 4512 1516 4568; x_wconf 84' lang='lat' dir='ltr'><strong>Rat.onem</strong></span> <span class='ocrx_word' id='word_1_625' title='bbox 1549 4514 1657 4569; x_wconf 88' lang='lat' dir='ltr'><strong>Deo</strong></span> <span class='ocrx_word' id='word_1_626' title='bbox 1690 4515 1900 4581; x_wconf 90' lang='lat' dir='ltr'><strong>reddet,</strong></span> <span class='ocrx_word' id='word_1_627' title='bbox 1929 4534 2031 4571; x_wconf 77' lang='lat' dir='ltr'><strong>non</strong></span> 
     </span>
    </p>
   </div>
   <div class='ocr_carea' id='block_1_89' title="bbox 2143 4509 3709 4583">
    <p class='ocr_par' dir='ltr' id='par_1_89' title="bbox 2143 4510 3709 4583">
     <span class='ocr_line' id='line_1_89' title="bbox 2143 4510 3709 4583; baseline -0.004 -10"><span class='ocrx_word' id='word_1_628' title='bbox 2143 4518 2335 4574; x_wconf 82' lang='lat' dir='ltr'><strong>Christi</strong></span> <span class='ocrx_word' id='word_1_629' title='bbox 2361 4518 2587 4571; x_wconf 88' lang='lat' dir='ltr'><strong>amicus.</strong></span> <span class='ocrx_word' id='word_1_630' title='bbox 2621 4514 2766 4568; x_wconf 89' lang='lat' dir='ltr'><strong>Nam</strong></span> <span class='ocrx_word' id='word_1_631' title='bbox 2788 4532 2905 4569; x_wconf 87' lang='lat' dir='ltr'><strong>cum</strong></span> <span class='ocrx_word' id='word_1_632' title='bbox 2930 4515 2975 4567; x_wconf 89' lang='lat' dir='ltr'><strong>is</strong></span> <span class='ocrx_word' id='word_1_633' title='bbox 2996 4514 3086 4583; x_wconf 86' lang='lat' dir='ltr'><strong>qui</strong></span> <span class='ocrx_word' id='word_1_634' title='bbox 3106 4518 3240 4567; x_wconf 85' lang='lat' dir='ltr'><strong>bona</strong></span> <span class='ocrx_word' id='word_1_635' title='bbox 3266 4528 3365 4566; x_wconf 88' lang='lat' dir='ltr'><strong>sua</strong></span> <span class='ocrx_word' id='word_1_636' title='bbox 3390 4510 3709 4581; x_wconf 86' lang='lat' dir='ltr'><strong>pauperibus</strong></span> 
     </span>
    </p>
   </div>
   <div class='ocr_carea' id='block_1_90' title="bbox 458 4603 2031 4676">
    <p class='ocr_par' dir='ltr' id='par_1_90' title="bbox 458 4603 2031 4676">
     <span class='ocr_line' id='line_1_90' title="bbox 458 4603 2031 4676; baseline 0.001 -17"><span class='ocrx_word' id='word_1_637' title='bbox 458 4604 600 4674; x_wconf 83' lang='lat' dir='ltr'><strong>quod</strong></span> <span class='ocrx_word' id='word_1_638' title='bbox 646 4603 889 4660; x_wconf 87' lang='lat' dir='ltr'><strong>secundis</strong></span> <span class='ocrx_word' id='word_1_639' title='bbox 933 4605 1130 4672; x_wconf 88' lang='lat' dir='ltr'><strong>nuptiis</strong></span> <span class='ocrx_word' id='word_1_640' title='bbox 1176 4605 1425 4672; x_wconf 88' lang='lat' dir='ltr'><strong>copulata</strong></span> <span class='ocrx_word' id='word_1_641' title='bbox 1471 4606 1564 4669; x_wconf 89' lang='lat' dir='ltr'><strong>sit,</strong></span> <span class='ocrx_word' id='word_1_642' title='bbox 1604 4604 1693 4659; x_wconf 82' lang='lat' dir='ltr'><strong>sed</strong></span> <span class='ocrx_word' id='word_1_643' title='bbox 1722 4606 1859 4676; x_wconf 86' lang='lat' dir='ltr'><strong>quod</strong></span> <span class='ocrx_word' id='word_1_644' title='bbox 1902 4623 2031 4676; x_wconf 73' lang='lat' dir='ltr'><strong>pro~</strong></span> 
     </span>
    </p>
   </div>
   <div class='ocr_carea' id='block_1_91' title="bbox 414 4694 2033 4765">
    <p class='ocr_par' dir='ltr' id='par_1_91' title="bbox 414 4694 2033 4765">
     <span class='ocr_line' id='line_1_91' title="bbox 414 4694 2033 4765; baseline 0.003 -16"><span class='ocrx_word' id='word_1_645' title='bbox 414 4729 421 4736; x_wconf 93' lang='lat'><strong>-</strong></span> <span class='ocrx_word' id='word_1_646' title='bbox 460 4694 743 4764; x_wconf 73' lang='lat' dir='ltr'><strong>fessionem</strong></span> <span class='ocrx_word' id='word_1_647' title='bbox 784 4712 936 4749; x_wconf 87' lang='lat' dir='ltr'><strong>suam</strong></span> <span class='ocrx_word' id='word_1_648' title='bbox 976 4712 1083 4749; x_wconf 87' lang='lat' dir='ltr'><strong>non</strong></span> <span class='ocrx_word' id='word_1_649' title='bbox 1130 4696 1350 4749; x_wconf 83' lang='lat' dir='ltr'><strong>seroarit</strong></span> <span class='ocrx_word' id='word_1_650' title='bbox 1380 4694 1492 4765; x_wconf 89' lang='lat'><strong>(89)</strong></span> <span class='ocrx_word' id='word_1_651' title='bbox 1530 4710 1753 4750; x_wconf 85' lang='lat' dir='ltr'><strong>:scrmo</strong></span> <span class='ocrx_word' id='word_1_652' title='bbox 1800 4705 1919 4751; x_wconf 90' lang='lat' dir='ltr'><strong>erat</strong></span> <span class='ocrx_word' id='word_1_653' title='bbox 1964 4697 2033 4754; x_wconf 89' lang='lat' dir='ltr'><strong>de</strong></span> 
     </span>
    </p>
   </div>
   <div class='ocr_carea' id='block_1_92' title="bbox 461 4784 2031 4856">
    <p class='ocr_par' dir='ltr' id='par_1_92' title="bbox 461 4784 2031 4856">
     <span class='ocr_line' id='line_1_92' title="bbox 461 4784 2031 4856; baseline 0.003 -18"><span class='ocrx_word' id='word_1_654' title='bbox 461 4784 665 4849; x_wconf 86' lang='lat' dir='ltr'><strong>viduis,</strong></span> <span class='ocrx_word' id='word_1_655' title='bbox 692 4801 815 4856; x_wconf 74' lang='lat' dir='ltr'><strong>qua:</strong></span> <span class='ocrx_word' id='word_1_656' title='bbox 850 4786 1160 4841; x_wconf 73' lang='lat' dir='ltr'><strong>castitatem</strong></span> <span class='ocrx_word' id='word_1_657' title='bbox 1204 4784 1420 4840; x_wconf 89' lang='lat' dir='ltr'><strong>fuerant</strong></span> <span class='ocrx_word' id='word_1_658' title='bbox 1450 4784 1729 4854; x_wconf 66' lang='lat' dir='ltr'><strong>professae.</strong></span> <span class='ocrx_word' id='word_1_659' title='bbox 1761 4785 2031 4852; x_wconf 82' lang='lat' dir='ltr'><strong>Quoniam</strong></span> 
     </span>
    </p>
   </div>
   <div class='ocr_carea' id='block_1_93' title="bbox 461 4875 2029 4949">
    <p class='ocr_par' dir='ltr' id='par_1_93' title="bbox 461 4875 2029 4949">
     <span class='ocr_line' id='line_1_93' title="bbox 461 4875 2029 4949; baseline 0.001 -18"><span class='ocrx_word' id='word_1_660' title='bbox 461 4891 597 4932; x_wconf 76' lang='lat' dir='ltr'><strong>vero</strong></span> <span class='ocrx_word' id='word_1_661' title='bbox 621 4875 911 4933; x_wconf 85' lang='lat' dir='ltr'><strong>Montanus</strong></span> <span class='ocrx_word' id='word_1_662' title='bbox 941 4877 1319 4933; x_wconf 89' lang='lat' dir='ltr'><strong>dissolvendas</strong></span> <span class='ocrx_word' id='word_1_663' title='bbox 1349 4893 1471 4933; x_wconf 88' lang='lat' dir='ltr'><strong>esse</strong></span> <span class='ocrx_word' id='word_1_664' title='bbox 1495 4878 1715 4949; x_wconf 84' lang='lat' dir='ltr'><strong>nuptias</strong></span> <span class='ocrx_word' id='word_1_665' title='bbox 1743 4878 2029 4945; x_wconf 82' lang='lat' dir='ltr'><strong>docuerat,</strong></span> 
     </span>
    </p>
   </div>
   <div class='ocr_carea' id='block_1_94' title="bbox 461 4968 2031 5043">
    <p class='ocr_par' dir='ltr' id='par_1_94' title="bbox 461 4968 2031 5043">
     <span class='ocr_line' id='line_1_94' title="bbox 461 4968 2031 5043; baseline -0.001 -16"><span class='ocrx_word' id='word_1_666' title='bbox 461 4968 518 5028; x_wconf 84' lang='lat' dir='ltr'><strong>id</strong></span> <span class='ocrx_word' id='word_1_667' title='bbox 558 4986 779 5040; x_wconf 86' lang='lat' dir='ltr'><strong>quoque</strong></span> <span class='ocrx_word' id='word_1_668' title='bbox 827 4969 883 5024; x_wconf 88' lang='lat' dir='ltr'><strong>in</strong></span> <span class='ocrx_word' id='word_1_669' title='bbox 932 4968 1409 5025; x_wconf 84' lang='lat' dir='ltr'><strong>Constitutionibus</strong></span> <span class='ocrx_word' id='word_1_670' title='bbox 1461 4978 1549 5025; x_wconf 88' lang='lat' dir='ltr'><strong>est</strong></span> <span class='ocrx_word' id='word_1_671' title='bbox 1600 4972 1847 5038; x_wconf 84' lang='lat' dir='ltr'><strong>vetitum,</strong></span> <span class='ocrx_word' id='word_1_672' title='bbox 1895 4972 2031 5043; x_wconf 85' lang='grc' dir='ltr'>μήτε</span> 
     </span>
    </p>
   </div>
   <div class='ocr_carea' id='block_1_95' title="bbox 462 5059 2027 5133">
    <p class='ocr_par' dir='ltr' id='par_1_95' title="bbox 462 5059 2027 5133">
     <span class='ocr_line' id='line_1_95' title="bbox 462 5059 2027 5133; baseline 0.001 -18"><span class='ocrx_word' id='word_1_673' title='bbox 462 5061 571 5133; x_wconf 82' lang='grc' dir='ltr'>μὴν</span> <span class='ocrx_word' id='word_1_674' title='bbox 616 5060 754 5132; x_wconf 74' lang='grc' dir='ltr'><strong>μετά</strong></span> <span class='ocrx_word' id='word_1_675' title='bbox 800 5059 975 5133; x_wconf 83' lang='grc' dir='ltr'>γάμον</span> <span class='ocrx_word' id='word_1_676' title='bbox 1014 5060 1295 5114; x_wconf 72' lang='grc' dir='ltr'>ἐκϐάλλειν</span> <span class='ocrx_word' id='word_1_677' title='bbox 1351 5061 1769 5129; x_wconf 83' lang='grc' dir='ltr'>ἀκατάγνωστον</span> <span class='ocrx_word' id='word_1_678' title='bbox 1808 5062 2027 5127; x_wconf 80' lang='grc' dir='ltr'>ἐξέστω.</span> 
     </span>
    </p>
   </div>
   <div class='ocr_carea' id='block_1_96' title="bbox 462 5150 2027 5223">
    <p class='ocr_par' dir='ltr' id='par_1_96' title="bbox 462 5150 2027 5223">
     <span class='ocr_line' id='line_1_96' title="bbox 462 5150 2027 5223; baseline 0.003 -18"><span class='ocrx_word' id='word_1_679' title='bbox 462 5150 587 5207; x_wconf 83' lang='lat' dir='ltr'><strong>Non</strong></span> <span class='ocrx_word' id='word_1_680' title='bbox 631 5169 753 5223; x_wconf 88' lang='lat' dir='ltr'><strong>ergo</strong></span> <span class='ocrx_word' id='word_1_681' title='bbox 796 5162 914 5221; x_wconf 91' lang='lat' dir='ltr'><strong>post</strong></span> <span class='ocrx_word' id='word_1_682' title='bbox 957 5153 1169 5221; x_wconf 87' lang='lat' dir='ltr'><strong>nuptias</strong></span> <span class='ocrx_word' id='word_1_683' title='bbox 1222 5153 1379 5206; x_wconf 85' lang='lat' dir='ltr'><strong>liceat</strong></span> <span class='ocrx_word' id='word_1_684' title='bbox 1435 5152 1626 5218; x_wconf 89' lang='lat' dir='ltr'><strong>ejicere</strong></span> <span class='ocrx_word' id='word_1_685' title='bbox 1677 5154 2027 5222; x_wconf 80' lang='lat' dir='ltr'><strong>inculpatum.</strong></span> 
     </span>
    </p>
   </div>
   <div class='ocr_carea' id='block_1_97' title="bbox 458 5241 2025 5317">
    <p class='ocr_par' dir='ltr' id='par_1_97' title="bbox 458 5241 2025 5317">
     <span class='ocr_line' id='line_1_97' title="bbox 458 5241 2025 5317; baseline 0.002 -19"><span class='ocrx_word' id='word_1_686' title='bbox 458 5242 835 5314; x_wconf 76' lang='lat' dir='ltr'><strong>Multiplicatis</strong></span> <span class='ocrx_word' id='word_1_687' title='bbox 882 5243 1129 5312; x_wconf 86' lang='lat' dir='ltr'><strong>iejuniis,</strong></span> <span class='ocrx_word' id='word_1_688' title='bbox 1174 5243 1308 5313; x_wconf 89' lang='lat' dir='ltr'><strong>quin</strong></span> <span class='ocrx_word' id='word_1_689' title='bbox 1346 5243 1513 5299; x_wconf 88' lang='lat' dir='ltr'><strong>etiam</strong></span> <span class='ocrx_word' id='word_1_690' title='bbox 1558 5241 2025 5317; x_wconf 86' lang='lat' dir='ltr'><strong>Quadragesimis,</strong></span> 
     </span>
    </p>
   </div>
   <div class='ocr_carea' id='block_1_98' title="bbox 552 5449 1196 5523">
    <p class='ocr_par' dir='ltr' id='par_1_98' title="bbox 552 5449 1196 5523">
     <span class='ocr_line' id='line_1_98' title="bbox 552 5449 1196 5523; baseline 0.003 -18"><span class='ocrx_word' id='word_1_691' title='bbox 552 5452 640 5523; x_wconf 72' lang='grc'><strong>84)</strong></span> <span class='ocrx_word' id='word_1_692' title='bbox 678 5452 777 5523; x_wconf 77' lang='lat' dir='ltr'><strong>Ap.</strong></span> <span class='ocrx_word' id='word_1_693' title='bbox 799 5449 1000 5523; x_wconf 76' lang='lat' dir='ltr'><strong>Euseb.</strong></span> <span class='ocrx_word' id='word_1_694' title='bbox 1032 5467 1084 5515; x_wconf 74' lang='grc' dir='ltr'><strong>γ,</strong></span> <span class='ocrx_word' id='word_1_695' title='bbox 1110 5452 1196 5507; x_wconf 75' lang='grc'><strong>18.</strong></span> 
     </span>
    </p>
   </div>
   <div class='ocr_carea' id='block_1_99' title="bbox 550 5521 1547 5592">
    <p class='ocr_par' dir='ltr' id='par_1_99' title="bbox 550 5521 1547 5592">
     <span class='ocr_line' id='line_1_99' title="bbox 550 5521 1547 5592; baseline 0.005 -18"><span class='ocrx_word' id='word_1_696' title='bbox 550 5521 641 5588; x_wconf 87' lang='grc'><strong>85)</strong></span> <span class='ocrx_word' id='word_1_697' title='bbox 680 5521 781 5591; x_wconf 84' lang='lat' dir='ltr'><strong>Ap.</strong></span> <span class='ocrx_word' id='word_1_698' title='bbox 817 5522 875 5577; x_wconf 89' lang='lat' dir='ltr'><strong>S.</strong></span> <span class='ocrx_word' id='word_1_699' title='bbox 899 5523 1160 5592; x_wconf 81' lang='lat' dir='ltr'><strong>Epiphan.</strong></span> <span class='ocrx_word' id='word_1_700' title='bbox 1194 5521 1322 5577; x_wconf 72' lang='lat' dir='ltr'><strong>liter.</strong></span> <span class='ocrx_word' id='word_1_701' title='bbox 1353 5537 1429 5585; x_wconf 82' lang='grc' dir='ltr'><strong>ιι,</strong></span> <span class='ocrx_word' id='word_1_702' title='bbox 1453 5522 1547 5579; x_wconf 74' lang='lat'><strong>53.</strong></span> 
     </span>
    </p>
   </div>
   <div class='ocr_carea' id='block_1_100' title="bbox 550 5591 1427 5663">
    <p class='ocr_par' dir='ltr' id='par_1_100' title="bbox 550 5591 1427 5663">
     <span class='ocr_line' id='line_1_100' title="bbox 550 5591 1427 5663; baseline -0.001 -16"><span class='ocrx_word' id='word_1_703' title='bbox 550 5592 639 5663; x_wconf 13' lang='lat'><strong>807)</strong></span> <span class='ocrx_word' id='word_1_704' title='bbox 677 5592 904 5663; x_wconf 86' lang='lat' dir='ltr'><strong>Constit.</strong></span> <span class='ocrx_word' id='word_1_705' title='bbox 938 5591 1205 5663; x_wconf 58' lang='lat'><strong>11,14,18</strong></span> <span class='ocrx_word' id='word_1_706' title='bbox 1231 5600 1284 5647; x_wconf 86' lang='lat' dir='ltr'><strong>et</strong></span> <span class='ocrx_word' id='word_1_707' title='bbox 1313 5608 1427 5663; x_wconf 87' lang='lat' dir='ltr'><strong>seq.</strong></span> 
     </span>
    </p>
   </div>
   <div class='ocr_carea' id='block_1_101' title="bbox 528 5660 1543 5732">
    <p class='ocr_par' dir='ltr' id='par_1_101' title="bbox 528 5660 1543 5732">
     <span class='ocr_line' id='line_1_101' title="bbox 528 5660 1543 5732; baseline 0.004 -19"><span class='ocrx_word' id='word_1_708' title='bbox 528 5662 639 5732; x_wconf 69' lang='lat'><strong>(87‘,</strong></span> <span class='ocrx_word' id='word_1_709' title='bbox 685 5662 946 5732; x_wconf 69' lang='lat' dir='ltr'><strong>Mnshem.</strong></span> <span class='ocrx_word' id='word_1_710' title='bbox 978 5660 1156 5732; x_wconf 82' lang='lat' dir='ltr'><strong>Instit.</strong></span> <span class='ocrx_word' id='word_1_711' title='bbox 1184 5663 1305 5717; x_wconf 82' lang='lat' dir='ltr'><strong>mai.</strong></span> <span class='ocrx_word' id='word_1_712' title='bbox 1335 5660 1543 5732; x_wconf 48' lang='lat' dir='ltr'><strong>p.319.</strong></span> 
     </span>
    </p>
   </div>
   <div class='ocr_carea' id='block_1_102' title="bbox 529 5731 1101 5802">
    <p class='ocr_par' dir='ltr' id='par_1_102' title="bbox 529 5731 1101 5802">
     <span class='ocr_line' id='line_1_102' title="bbox 529 5731 1101 5802; baseline 0.003 -19"><span class='ocrx_word' id='word_1_713' title='bbox 529 5731 641 5802; x_wconf 84' lang='grc'><strong>(88)</strong></span> <span class='ocrx_word' id='word_1_714' title='bbox 681 5731 905 5802; x_wconf 65' lang='lat' dir='ltr'><strong>Constit.</strong></span> <span class='ocrx_word' id='word_1_715' title='bbox 942 5748 1025 5793; x_wconf 88' lang='grc' dir='ltr'>ιιι,</span> <span class='ocrx_word' id='word_1_716' title='bbox 1052 5731 1101 5785; x_wconf 76' lang='grc'>1.</span> 
     </span>
    </p>
   </div>
   <div class='ocr_carea' id='block_1_103' title="bbox 530 5800 1034 5871">
    <p class='ocr_par' dir='ltr' id='par_1_103' title="bbox 530 5800 1034 5871">
     <span class='ocr_line' id='line_1_103' title="bbox 530 5800 1034 5871; baseline -0.002 -18"><span class='ocrx_word' id='word_1_717' title='bbox 530 5800 643 5871; x_wconf 57' lang='grc' dir='ltr'><strong>(δυ)</strong></span> <span class='ocrx_word' id='word_1_718' title='bbox 682 5800 813 5856; x_wconf 87' lang='lat' dir='ltr'><strong>Ibid.</strong></span> <span class='ocrx_word' id='word_1_719' title='bbox 850 5819 923 5866; x_wconf 81' lang='grc' dir='ltr'><strong>νι,</strong></span> <span class='ocrx_word' id='word_1_720' title='bbox 952 5802 1034 5856; x_wconf 72' lang='grc' dir='ltr'>ιιι.</span> 
     </span>
    </p>
   </div>
   <div class='ocr_carea' id='block_1_104' title="bbox 2135 4604 3705 4680">
    <p class='ocr_par' dir='ltr' id='par_1_104' title="bbox 2135 4604 3705 4680">
     <span class='ocr_line' id='line_1_104' title="bbox 2135 4604 3705 4680; baseline -0.006 -15"><span class='ocrx_word' id='word_1_721' title='bbox 2135 4610 2251 4677; x_wconf 89' lang='lat' dir='ltr'><strong>dat,</strong></span> <span class='ocrx_word' id='word_1_722' title='bbox 2278 4609 2541 4680; x_wconf 80' lang='lat' dir='ltr'><strong>perfectus</strong></span> <span class='ocrx_word' id='word_1_723' title='bbox 2572 4609 2642 4662; x_wconf 90' lang='lat' dir='ltr'><strong>sit</strong></span> <span class='ocrx_word' id='word_1_724' title='bbox 2664 4616 2785 4676; x_wconf 92' lang='lat' dir='ltr'><strong>post</strong></span> <span class='ocrx_word' id='word_1_725' title='bbox 2809 4606 3161 4676; x_wconf 85' lang='lat' dir='ltr'><strong>cognitionem</strong></span> <span class='ocrx_word' id='word_1_726' title='bbox 3186 4620 3360 4658; x_wconf 89' lang='lat' dir='ltr'><strong>rerum</strong></span> <span class='ocrx_word' id='word_1_727' title='bbox 3381 4604 3705 4667; x_wconf 85' lang='lat' dir='ltr'><strong>divinarum,</strong></span> 
     </span>
    </p>
   </div>
   <div class='ocr_carea' id='block_1_105' title="bbox 2133 4696 3712 4771">
    <p class='ocr_par' dir='ltr' id='par_1_105' title="bbox 2133 4696 3712 4771">
     <span class='ocr_line' id='line_1_105' title="bbox 2133 4696 3712 4771; baseline -0.005 -14"><span class='ocrx_word' id='word_1_728' title='bbox 2133 4703 2300 4757; x_wconf 88' lang='lat' dir='ltr'><strong>multo</strong></span> <span class='ocrx_word' id='word_1_729' title='bbox 2336 4702 2437 4756; x_wconf 89' lang='lat' dir='ltr'><strong>erit</strong></span> <span class='ocrx_word' id='word_1_730' title='bbox 2472 4700 2754 4771; x_wconf 80' lang='lat' dir='ltr'><strong>perfectior</strong></span> <span class='ocrx_word' id='word_1_731' title='bbox 2784 4699 2876 4769; x_wconf 85' lang='lat' dir='ltr'><strong>qui</strong></span> <span class='ocrx_word' id='word_1_732' title='bbox 2901 4715 2997 4768; x_wconf 91' lang='lat' dir='ltr'><strong>pro</strong></span> <span class='ocrx_word' id='word_1_733' title='bbox 3024 4696 3348 4768; x_wconf 77' lang='lat' dir='ltr'><strong>martyribus</strong></span> <span class='ocrx_word' id='word_1_734' title='bbox 3382 4705 3570 4751; x_wconf 90' lang='lat' dir='ltr'><strong>cuncta</strong></span> <span class='ocrx_word' id='word_1_735' title='bbox 3602 4696 3712 4749; x_wconf 87' lang='lat' dir='ltr'><strong>lar-</strong></span> 
     </span>
    </p>
   </div>
   <div class='ocr_carea' id='block_1_106' title="bbox 2132 4788 3706 4864">
    <p class='ocr_par' dir='ltr' id='par_1_106' title="bbox 2132 4788 3706 4864">
     <span class='ocr_line' id='line_1_106' title="bbox 2132 4788 3706 4864; baseline -0.004 -16"><span class='ocrx_word' id='word_1_736' title='bbox 2132 4792 2465 4864; x_wconf 80' lang='lat' dir='ltr'><strong>gietur_(95).</strong></span> <span class='ocrx_word' id='word_1_737' title='bbox 2523 4790 2895 4847; x_wconf 75' lang='lat' dir='ltr'><strong>Christianum</strong></span> <span class='ocrx_word' id='word_1_738' title='bbox 2944 4788 3091 4843; x_wconf 90' lang='lat' dir='ltr'><strong>salva</strong></span> <span class='ocrx_word' id='word_1_739' title='bbox 3156 4788 3259 4843; x_wconf 88' lang='lat' dir='ltr'><strong>fide</strong></span> <span class='ocrx_word' id='word_1_740' title='bbox 3309 4788 3545 4841; x_wconf 87' lang='lat' dir='ltr'><strong>militare</strong></span> <span class='ocrx_word' id='word_1_741' title='bbox 3594 4802 3706 4841; x_wconf 92' lang='lat' dir='ltr'><strong>non</strong></span> 
     </span>
    </p>
   </div>
   <div class='ocr_carea' id='block_1_107' title="bbox 2133 4878 3706 4957">
    <p class='ocr_par' dir='ltr' id='par_1_107' title="bbox 2133 4878 3706 4957">
     <span class='ocr_line' id='line_1_107' title="bbox 2133 4878 3706 4957; baseline -0.003 -16"><span class='ocrx_word' id='word_1_742' title='bbox 2133 4901 2295 4957; x_wconf 87' lang='lat' dir='ltr'><strong>posse</strong></span> <span class='ocrx_word' id='word_1_743' title='bbox 2329 4884 2700 4940; x_wconf 84' lang='lat' dir='ltr'><strong>Tertullianus</strong></span> <span class='ocrx_word' id='word_1_744' title='bbox 2745 4881 3120 4952; x_wconf 89' lang='lat' dir='ltr'><strong>pronuntiavit</strong></span> <span class='ocrx_word' id='word_1_745' title='bbox 3177 4880 3314 4951; x_wconf 63' lang='lat'><strong>(94),</strong></span> <span class='ocrx_word' id='word_1_746' title='bbox 3378 4878 3706 4952; x_wconf 83' lang='lat' dir='ltr'><strong>Hippolytus</strong></span> 
     </span>
    </p>
   </div>
   <div class='ocr_carea' id='block_1_108' title="bbox 2131 4973 3707 5047">
    <p class='ocr_par' dir='ltr' id='par_1_108' title="bbox 2131 4973 3707 5047">
     <span class='ocr_line' id='line_1_108' title="bbox 2131 4973 3707 5047; baseline -0.003 -15"><span class='ocrx_word' id='word_1_747' title='bbox 2131 4986 2320 5032; x_wconf 88' lang='lat' dir='ltr'><strong>contra</strong></span> <span class='ocrx_word' id='word_1_748' title='bbox 2336 4977 2390 5030; x_wconf 92' lang='lat' dir='ltr'><strong>in</strong></span> <span class='ocrx_word' id='word_1_749' title='bbox 2414 4977 2631 5047; x_wconf 68' lang='lat' dir='ltr'><strong>hisquaa</strong></span> <span class='ocrx_word' id='word_1_750' title='bbox 2646 4992 2677 5029; x_wconf 88' lang='lat' dir='ltr'><strong>a</strong></span> <span class='ocrx_word' id='word_1_751' title='bbox 2694 4982 3014 5045; x_wconf 88' lang='lat' dir='ltr'><strong>corruptore</strong></span> <span class='ocrx_word' id='word_1_752' title='bbox 3034 4981 3245 5029; x_wconf 87' lang='lat' dir='ltr'><strong>servata</strong></span> <span class='ocrx_word' id='word_1_753' title='bbox 3265 4980 3392 5030; x_wconf 88' lang='lat' dir='ltr'><strong>sunt</strong></span> <span class='ocrx_word' id='word_1_754' title='bbox 3409 4989 3422 5024; x_wconf 91' lang='lat'>:</span> <span class='ocrx_word' id='word_1_755' title='bbox 3438 4973 3707 5046; x_wconf 82' lang='grc' dir='ltr'>Στρατιώο</span> 
     </span>
    </p>
   </div>
   <div class='ocr_carea' id='block_1_109' title="bbox 2130 5066 3707 5144">
    <p class='ocr_par' dir='ltr' id='par_1_109' title="bbox 2130 5066 3707 5144">
     <span class='ocr_line' id='line_1_109' title="bbox 2130 5066 3707 5144; baseline -0.004 -19"><span class='ocrx_word' id='word_1_756' title='bbox 2130 5089 2229 5144; x_wconf 90' lang='grc' dir='ltr'><strong>της</strong></span> <span class='ocrx_word' id='word_1_757' title='bbox 2270 5070 2508 5144; x_wconf 84' lang='grc' dir='ltr'>προσιὼν</span> <span class='ocrx_word' id='word_1_758' title='bbox 2552 5067 2882 5123; x_wconf 80' lang='grc' dir='ltr'>διδασκέσθω</span> <span class='ocrx_word' id='word_1_759' title='bbox 2932 5067 3007 5139; x_wconf 81' lang='grc' dir='ltr'>μὴ</span> <span class='ocrx_word' id='word_1_760' title='bbox 3047 5066 3272 5129; x_wconf 88' lang='grc' dir='ltr'>ἀδικεῖν,</span> <span class='ocrx_word' id='word_1_761' title='bbox 3320 5066 3395 5137; x_wconf 82' lang='grc' dir='ltr'>μὴ</span> <span class='ocrx_word' id='word_1_762' title='bbox 3437 5080 3707 5133; x_wconf 78' lang='grc' dir='ltr'>συκοφαν-</span> 
     </span>
    </p>
   </div>
   <div class='ocr_carea' id='block_1_110' title="bbox 2129 5156 3700 5236">
    <p class='ocr_par' dir='ltr' id='par_1_110' title="bbox 2129 5156 3700 5236">
     <span class='ocr_line' id='line_1_110' title="bbox 2129 5156 3700 5236; baseline -0.004 -19"><span class='ocrx_word' id='word_1_763' title='bbox 2129 5167 2241 5218; x_wconf 84' lang='grc' dir='ltr'>τεῖν</span> <span class='ocrx_word' id='word_1_764' title='bbox 2262 5203 2279 5229; x_wconf 91' lang='grc'><strong>,</strong></span> <span class='ocrx_word' id='word_1_765' title='bbox 2307 5162 2593 5236; x_wconf 84' lang='grc' dir='ltr'>ἀρκεῖσθαι</span> <span class='ocrx_word' id='word_1_766' title='bbox 2620 5162 2677 5217; x_wconf 87' lang='grc' dir='ltr'>δὲ</span> <span class='ocrx_word' id='word_1_767' title='bbox 2715 5162 2828 5225; x_wconf 88' lang='grc' dir='ltr'>τοῖς</span> <span class='ocrx_word' id='word_1_768' title='bbox 2872 5159 3164 5230; x_wconf 79' lang='grc' dir='ltr'>διδομένοις</span> <span class='ocrx_word' id='word_1_769' title='bbox 3202 5158 3452 5228; x_wconf 81' lang='grc' dir='ltr'>ὀψωνίοις</span> <span class='ocrx_word' id='word_1_770' title='bbox 3471 5175 3488 5189; x_wconf 74' lang='grc'><em>’</em></span> <span class='ocrx_word' id='word_1_771' title='bbox 3519 5156 3700 5211; x_wconf 78' lang='grc' dir='ltr'>πειθό·</span> 
     </span>
    </p>
   </div>
   <div class='ocr_carea' id='block_1_111' title="bbox 2131 5249 3698 5328">
    <p class='ocr_par' dir='ltr' id='par_1_111' title="bbox 2131 5249 3698 5328">
     <span class='ocr_line' id='line_1_111' title="bbox 2131 5249 3698 5328; baseline -0.004 -19"><span class='ocrx_word' id='word_1_772' title='bbox 2131 5272 2289 5328; x_wconf 91' lang='grc' dir='ltr'>μενος</span> <span class='ocrx_word' id='word_1_773' title='bbox 2357 5252 2735 5326; x_wconf 58' lang='grc' dir='ltr'>προσδεχὼθω</span> <span class='ocrx_word' id='word_1_774' title='bbox 2757 5292 2774 5317; x_wconf 92' lang='grc'><strong>,</strong></span> <span class='ocrx_word' id='word_1_775' title='bbox 2836 5251 3131 5321; x_wconf 81' lang='grc' dir='ltr'>ἀντιλέγων</span> <span class='ocrx_word' id='word_1_776' title='bbox 3184 5251 3242 5306; x_wconf 73' lang='grc' dir='ltr'>δὲ</span> <span class='ocrx_word' id='word_1_777' title='bbox 3294 5249 3698 5317; x_wconf 73' lang='grc' dir='ltr'>άποὸαλλὲσθω.</span> 
     </span>
    </p>
   </div>
   <div class='ocr_carea' id='block_1_112' title="bbox 2201 5453 2689 5523">
    <p class='ocr_par' dir='ltr' id='par_1_112' title="bbox 2201 5453 2689 5523">
     <span class='ocr_line' id='line_1_112' title="bbox 2201 5453 2689 5523; baseline 0 -13"><span class='ocrx_word' id='word_1_778' title='bbox 2201 5456 2314 5523; x_wconf 78' lang='lat' dir='ltr'><strong>(an)</strong></span> <span class='ocrx_word' id='word_1_779' title='bbox 2355 5453 2491 5509; x_wconf 84' lang='lat' dir='ltr'><strong>Ibid.</strong></span> <span class='ocrx_word' id='word_1_780' title='bbox 2522 5455 2689 5518; x_wconf 76' lang='grc' dir='ltr'>ν,15.</span> 
     </span>
    </p>
   </div>
   <div class='ocr_carea' id='block_1_113' title="bbox 2200 5524 2837 5596">
    <p class='ocr_par' dir='ltr' id='par_1_113' title="bbox 2200 5524 2837 5596">
     <span class='ocr_line' id='line_1_113' title="bbox 2200 5524 2837 5596; baseline -0.003 -17"><span class='ocrx_word' id='word_1_781' title='bbox 2200 5528 2312 5596; x_wconf 75' lang='grc'><strong>(91)</strong></span> <span class='ocrx_word' id='word_1_782' title='bbox 2353 5524 2540 5596; x_wconf 66' lang='lat' dir='ltr'><strong>Matth.</strong></span> <span class='ocrx_word' id='word_1_783' title='bbox 2574 5540 2720 5587; x_wconf 73' lang='lat' dir='ltr'><strong>xxvr,</strong></span> <span class='ocrx_word' id='word_1_784' title='bbox 2746 5524 2837 5596; x_wconf 61' lang='grc'><strong>41.</strong></span> 
     </span>
    </p>
   </div>
   <div class='ocr_carea' id='block_1_114' title="bbox 2202 5537 2858 5663">
    <p class='ocr_par' dir='ltr' id='par_1_114' title="bbox 2202 5537 2858 5663">
     <span class='ocr_line' id='line_1_114' title="bbox 2202 5537 2837 5596; baseline -0.003 -17"><span class='ocrx_word' id='word_1_785' title='bbox 2202 5537 2283 5596; x_wconf 74' lang='grc'><strong>(91</strong></span> <span class='ocrx_word' id='word_1_786' title='bbox 2353 5537 2540 5579; x_wconf 81' lang='lat' dir='ltr'><strong>Matth.</strong></span> <span class='ocrx_word' id='word_1_787' title='bbox 2574 5540 2720 5587; x_wconf 72' lang='lat' dir='ltr'><strong>xxvr,</strong></span> <span class='ocrx_word' id='word_1_788' title='bbox 2746 5537 2837 5578; x_wconf 73' lang='grc'><strong>41.</strong></span> 
     </span>
     <span class='ocr_line' id='line_1_115' title="bbox 2202 5537 2858 5663; baseline -0.003 -14"><span class='ocrx_word' id='word_1_789' title='bbox 2202 5537 2315 5663; x_wconf 44' lang='lat'><strong>(9‘2;</strong></span> <span class='ocrx_word' id='word_1_790' title='bbox 2356 5593 2585 5649; x_wconf 79' lang='lat' dir='ltr'><strong>Constit.</strong></span> <span class='ocrx_word' id='word_1_791' title='bbox 2621 5611 2743 5657; x_wconf 86' lang='lat' dir='ltr'><strong>vm,</strong></span> <span class='ocrx_word' id='word_1_792' title='bbox 2769 5594 2858 5649; x_wconf 74' lang='grc'><strong>45.</strong></span> 
     </span>
    </p>
   </div>
   <div class='ocr_carea' id='block_1_115' title="bbox 2202 5663 2660 5735">
    <p class='ocr_par' dir='ltr' id='par_1_115' title="bbox 2202 5663 2660 5735">
     <span class='ocr_line' id='line_1_116' title="bbox 2202 5663 2660 5735; baseline 0 -16"><span class='ocrx_word' id='word_1_793' title='bbox 2202 5665 2314 5735; x_wconf 66' lang='grc'><strong>(95)</strong></span> <span class='ocrx_word' id='word_1_794' title='bbox 2354 5664 2489 5735; x_wconf 68' lang='lat' dir='ltr'><strong>Lbid.</strong></span> <span class='ocrx_word' id='word_1_795' title='bbox 2522 5680 2574 5718; x_wconf 91' lang='lat' dir='ltr'><strong>v.</strong></span> <span class='ocrx_word' id='word_1_796' title='bbox 2611 5663 2660 5719; x_wconf 83' lang='grc' dir='ltr'><strong>ι.</strong></span> 
     </span>
    </p>
   </div>
   <div class='ocr_carea' id='block_1_116' title="bbox 2205 5732 3202 5805">
    <p class='ocr_par' dir='ltr' id='par_1_116' title="bbox 2205 5732 3202 5805">
     <span class='ocr_line' id='line_1_117' title="bbox 2205 5732 3202 5805; baseline -0.001 -16"><span class='ocrx_word' id='word_1_797' title='bbox 2205 5732 2317 5805; x_wconf 68' lang='grc'><strong>(94)</strong></span> <span class='ocrx_word' id='word_1_798' title='bbox 2359 5732 2680 5790; x_wconf 74' lang='lat' dir='ltr'><strong>Tertulliani.</strong></span> <span class='ocrx_word' id='word_1_799' title='bbox 2715 5732 2790 5788; x_wconf 84' lang='lat' dir='ltr'><strong>De</strong></span> <span class='ocrx_word' id='word_1_800' title='bbox 2820 5750 2927 5789; x_wconf 84' lang='lat' dir='ltr'><strong>cor.</strong></span> <span class='ocrx_word' id='word_1_801' title='bbox 2964 5734 3099 5799; x_wconf 85' lang='lat' dir='ltr'><strong>mil.,</strong></span> <span class='ocrx_word' id='word_1_802' title='bbox 3124 5748 3202 5788; x_wconf 77' lang='grc' dir='ltr'>ιι.</span> 
     </span>
    </p>
   </div>
  </div>
