2045 3125
139 187 194 224 bu

570 192 868 223 CONS'I'ITUTIONES
884 193 1121 223 APOS'I'Ol-JCE.
1137 208 1172 215 -—-
1185 193 1367 225 momnis.

144 252 223 280 lites
233 251 359 280 accedens
370 251 496 279 doceatur
506 253 602 279 nemini
615 253 741 287 injuriam
753 252 860 287 inferre,
876 260 927 278 non
942 253 965 282 Α
977 252 1046 279 cium
1061 245 1224 287 complexum
1248 253 1336 288 magni
1354 253 1486 288 pontiﬁcis
1499 252 1564 281 Iesu
1575 254 1674 282 Christi
1684 254 1760 289 Regis

143 298 316 330 calumniari,
329 302 466 325 contentus
489 306 546 326 esse
560 298 610 325 sibi
624 298 694 326 datis
715 298 852 332 stipendiis
865 305 874 325 :
885 297 929 326 ob-

145 350 292 379 temperans
303 343 343 371 his
358 343 528 377 admittatur,
545 351 692 379 repugnans
708 344 846 378 rejiciatur
859 343 926 378 (95).

144 390 184 418 Eo
203 390 313 418 tandem
335 391 456 417 vesaniae
474 389 660 418 Tertullianus
680 390 825 426 prolapsus
843 393 885 417 est
899 393 929 417 ut

144 444 160 463 a
178 436 315 464 levissima
335 436 466 470 deceptus
488 435 614 467 muliere,
641 438 790 470 nuntioque
812 435 929 463 remisso

144 481 245 510 nedum
264 485 345 510 recta:
357 482 431 514 lldei,
446 482 494 510 sed
507 482 588 509 etiam
604 482 703 509 rationi
717 489 724 507 ε
740 482 856 508 animam
874 490 930 508 cor-

147 529 277 565 poraliter
297 533 430 556 ostensam
445 537 501 556 esse
516 528 642 561 crederet,
657 536 715 564 qua:
732 524 840 563 spiritus
858 527 929 555 vide-

145 575 235 608 batur,
251 575 296 603 sed
310 583 361 602 non
375 575 474 606 inanis,
498 579 522 601 et
534 582 620 601 vacum
634 574 791 609 qualitatis:
806 574 857 600 imo
871 582 942 609 qum,

144 623 225 650 etiam
245 622 326 650 teneri
347 621 536 657 repromitteret
552 621 619 656 (96).
643 619 697 648 Sed
711 628 742 647 ea
755 628 864 655 quoque
888 621 928 647 l'a-

145 670 210 698 bula
231 670 258 697 in
279 667 518 697 Constitutionibus
545 667 709 694 convellitur
722 676 729 694 :
742 666 838 702 Ψυχὴν
857 665 929 693 dato-

147 725 232 752 ματον
251 716 281 742 ὲν
305 715 370 751 ἡμῖν
387 714 434 741 καὶ
456 712 588 740 ἀθάνατον
609 712 801 748 ὁμολογοῦμεν,
825 712 883 739 ἀλλ’
897 713 927 739 οὐ

145 762 269 799 φθαρτὴν
282 761 319 793 ὡς
333 761 368 788 τὰ
382 760 494 796 σώματα
506 779 514 792 ,
536 758 592 785 ἀλλ’
606 758 738 786 ἀθάνατον
750 779 757 791 ,
772 758 810 790 ὡς
818 758 929 795 λογικὴν

145 808 193 836 καὶ
212 806 392 840 αὐτεξούσιον.
421 806 544 833 Animam
568 810 687 832 nostram
705 805 885 839 incorporeum
903 809 929 832 et

145 854 322 883 immortalem
343 853 509 885 confitemur,
531 860 582 879 non
598 855 685 878 autem
707 851 828 878 interitui
848 851 929 878 obno-

144 901 219 929 xiam
234 905 263 927 ut
277 908 398 934 corpora.
417 899 469 925 imo
485 898 576 925 mortis
591 902 731 932 ecpertem,
744 902 833 932 utpote
846 897 929 924 ratio—

145 948 232 976 nalem
247 955 278 974 ac
291 947 379 974 liberm
388 945 524 981 potestatis
537 944 604 980 (9'7).

184 993 227 1021 Vl.
239 992 417 1020 Tertullianus
432 1000 462 1018 ac
479 990 650 1018 Mantanistaz
666 991 844 1017 nominetenus
859 997 927 1024 pra:-

147 1040 230 1071 teriti.
239 1038 284 1066 sed
292 1037 435 1072 undiquein
442 1036 678 1064 Constitutionibus
690 1035 929 1071 explosi.—Atque

147 1087 206 1113 haec
232 1084 388 1112 necessario
407 1083 581 1110 edisserenda
605 1081 732 1114 fuerunt,
755 1090 790 1110 ne
811 1082 928 1116 amplius

146 1131 244 1158 lateret
255 1133 398 1163 utrumque
407 1119 542 1163 Hippolyti
556 1135 635 1162 opus,
647 1127 716 1161 Περὶ
728 1127 928 1161 χαρισμάτων,

146 1181 174 1204 et
194 1173 415 1207 Ἀποστολικὴν
432 1172 618 1206 παράδοσιν,
639 1172 811 1199 Montanistis
844 1180 930 1207 oppo-

148 1222 230 1249 situm
247 1219 342 1249 fuisse.
355 1219 525 1252 maximeque
533 1216 700 1245 Tertulliano
715 1217 742 1244 in
755 1224 814 1244 eam
828 1221 929 1244 sectam

148 1266 270 1302 versanti
282 1275 292 1293 ς
306 1264 360 1292 etsi
374 1271 472 1291 nomen
487 1263 584 1298 ipsius,
599 1271 653 1298 quo
665 1262 771 1290 facilius
785 1263 819 1290 ab
834 1262 930 1290 haeresi

149 1313 244 1348 pedem
266 1311 400 1342 referret,
426 1310 496 1337 bene
519 1309 555 1336 ab
579 1309 725 1344 Hippolyto
751 1316 930 1343 suppressum

151 1359 243 1386 fuerit.
268 1357 362 1392 Neque
375 1356 449 1383 enim
469 1354 556 1390 ipsius
578 1354 656 1382 fama:
676 1353 861 1382 Tertullianus
883 1362 931 1388 pte-

150 1405 299 1442 percisset,
323 1404 345 1432 si
369 1404 435 1439 quid
463 1403 490 1430 in
512 1410 543 1431 se
564 1402 723 1431 nominatim
745 1402 930 1437 conscriptum

149 1455 232 1480 esset.
253 1451 282 1478 ln
297 1449 533 1479 Constitutionibus
548 1448 640 1484 itaque
656 1448 759 1477 frustra
771 1448 931 1476 Tertulliani

151 1499 252 1525 mentio
273 1500 321 1524 aut
338 1496 457 1523 Montani
479 1499 667 1530 qmereretnr;
696 1494 845 1530 praesertim
866 1501 932 1522 vero

150 1552 212 1572 cum
232 1544 311 1578 plura
330 1542 473 1570 sustulerit
494 1545 647 1576 corruptor,
664 1548 726 1575 qua:
745 1540 930 1575 apostolorum

978 298 1065 325 nostri
1088 298 1260 325 imitationem
1280 305 1327 332 pro
1348 297 1410 325 ludo
1430 297 1543 330 habent;
1562 298 1619 326 ideo
1641 299 1759 334 inquam,

965 353 1081 379 .necesse
1099 345 1151 380 fuit
1163 344 1195 372 de
1209 353 1238 372 eo
1253 353 1353 381 quoque
1368 344 1509 372 admonere
1525 353 1534 372 :
1546 345 1605 379 jam
1619 346 1687 372 enim
1702 347 1762 380 qui-

977 389 1040 417 dam
1060 391 1178 418 conversi
1191 395 1253 418 sunt
1275 395 1344 418 retro
1358 394 1418 426 post
1438 391 1579 418 vanitatem
1601 398 1676 417 slum
1691 391 1759 426 (98).

979 435 1042 463 Haec
1057 437 1150 471 utique
1164 435 1193 463 in
1205 435 1348 463 codicibus
1363 435 1510 472 Hippolyto
1535 436 1636 464 tributa
1657 435 1762 463 Monta-

979 482 1067 509 nistas
1082 481 1193 513 feriunt.
1208 482 1278 517 apud
1293 491 1358 518 quos
1372 483 1410 510 rel
1423 483 1545 510 mulieres
1558 483 1672 517 episcopi
1685 487 1762 509 erant

978 531 1003 554 et
1022 526 1186 562 presbyteri.
1205 532 1230 554 et
1253 526 1289 554 ad
1313 531 1423 555 ceteros
1445 528 1544 564 gradus
1571 529 1762 564 allegebantsr,

979 573 1079 600 nullum
1095 578 1124 600 ut
1140 582 1217 601 sexus
1228 574 1368 601 discrimen
1383 579 1541 602 servaretur.
1563 575 1719 603 Ἐπίσκοποί
1732 584 1762 603 τε

979 621 1050 656 παρ’
1063 621 1155 652 αὐτοῖς
1176 622 1319 656 γυναῖκες,
1343 621 1389 648 καὶ
1415 621 1604 658 πρεσϐύτερον
1624 624 1762 657 γυναῖκες,

979 667 1026 693 καὶ
1045 667 1080 693 τὰ
1108 667 1184 701 ἄλλα,
1206 667 1244 699 ὡς
1269 667 1350 704 μηδὲν
1370 668 1506 704 διαφέρειν
1533 668 1600 704 (99).
1622 669 1763 696 Postrema

979 719 1070 742 autem
1088 715 1168 742 verba
1183 715 1210 741 in
1223 714 1420 742 Tertullianum
1442 714 1515 743 dicta
1537 718 1602 743 sunt
1616 723 1686 743 vano
1700 724 1764 752 pro-

979 760 1076 796 phetite
1092 760 1203 788 nomine
1216 760 1376 796 deceptum;
1397 768 1478 796 quem
1493 761 1574 797 paulo
1589 764 1652 789 ante
1664 762 1721 790 suis
1735 759 1773 801 in.

980 807 1117 834 Dauielem
1138 806 1352 834 Commentariis
1376 807 1478 843 pariter
1499 806 1659 844 Hippolytus
1682 812 1763 835 nota-

979 857 1055 881 verat
1066 863 1072 880 :
1084 851 1187 884 Πάντες
1201 853 1255 889 γὰρ
1269 853 1387 889 σήμερον
1401 854 1424 881 οἱ
1434 854 1473 886 είς
1487 854 1567 881 αὑτὸν
1581 854 1762 889 πιστεύοντες,

979 900 1012 926 τὰ
1025 900 1101 935 λόγια
1110 899 1227 936 Χριστοῦ
1243 899 1424 936 φθεγγόμεθα,
1434 900 1471 932 ὡς
1480 900 1524 927 διὰ
1538 901 1670 936 στόματος
1683 900 1764 929 αὑτοῦ

977 946 1120 977 λαλοῦντες
1145 946 1179 973 τὰ
1207 946 1252 973 ὑπ’
1279 946 1360 974 αὑτοῦ
1386 946 1602 982 προτεταγμένα’
1629 949 1686 979 τοῖς
1711 947 1766 983 γὰρ

978 993 1065 1027 ἁγίοις
1083 993 1130 1020 καὶ
1148 992 1323 1028 φοϐουμένοις
1340 993 1430 1025 αὑτὸν,
1450 993 1542 1024 αὐτοῖς
1562 994 1651 1028 μόνοις
1670 993 1765 1021 ἑαυτὸν

977 1040 1172 1068 ἀποκαλύπτει.
1193 1041 1223 1067 Εί
1238 1041 1292 1077 γάρ
1305 1050 1348 1073 τις
1361 1041 1435 1068 δοκεῖ
1448 1042 1494 1068 καὶ
1508 1043 1536 1068 ὲν
1557 1042 1703 1078 Ἐκκλησία
1717 1042 1765 1069 νῦν

978 1088 1178 1121 πολιτεύεσθαι,
1199 1088 1280 1123 φόϐον
1298 1088 1326 1115 δὲ
1351 1088 1416 1115 Θεοῦ
1437 1090 1474 1125 μὴ
1493 1089 1564 1125 ἔχει,
1588 1090 1648 1116 οὐδὲ
1671 1090 1765 1117 τοῦτον

978 1135 1104 1171 ὠφελεῖὴ
1120 1136 1188 1171 πρὸς
1201 1137 1265 1168 τοὺς
1279 1136 1372 1170 ἁγίους
1394 1136 1509 1169 τύνοδος.
1533 1138 1684 1173 Quicunque
1697 1138 1765 1165 enim

979 1180 1055 1207 hodie
1070 1181 1097 1207 in
1111 1182 1196 1215 ipsum
1216 1181 1346 1208 credimus
1356 1201 1363 1212 .
1380 1181 1490 1209 oracula
1502 1182 1603 1210 Christi
1623 1182 1764 1218 loquimur.

980 1231 1105 1262 tanquam
1129 1227 1212 1261 ipsius
1237 1235 1282 1254 ore
1299 1227 1474 1261 prwdicantes
1493 1236 1551 1263 qua:
1571 1234 1631 1256 sunt
1655 1229 1687 1256 ab
1708 1230 1766 1263 ipso

979 1272 1134 1300 constituta.
1151 1273 1257 1300 Sanctis
1275 1274 1367 1309 quippe
1383 1283 1414 1301 ac
1431 1283 1459 1302 se
1476 1275 1627 1303 timentibus
1648 1280 1766 1303 tantum-

979 1318 1057 1345 modo
1074 1327 1102 1346 se
1117 1320 1202 1353 ipsum
1222 1319 1328 1347 revelat.
1352 1319 1424 1347 Nam
1444 1320 1469 1347 si
1487 1321 1545 1354 quis
1566 1320 1668 1348 videtur
1683 1321 1723 1349 vel
1738 1321 1767 1348 in

982 1364 1100 1391 Ecclesia
1115 1364 1192 1391 modo
1206 1365 1469 1398 versariﬂtimorem
1489 1370 1576 1393 autem
1588 1366 1637 1394 Dei
1650 1375 1702 1394 non
1717 1368 1764 1394 ha-

981 1411 1044 1438 bet:
1066 1419 1147 1445 neque
1168 1410 1229 1438 huic
1253 1411 1358 1445 prodest
1380 1411 1415 1438 ad
1441 1418 1547 1439 sanctos
1570 1414 1711 1440 accessisse
1738 1415 1766 1440 in

981 1461 1106 1484 concentu
1123 1456 1209 1492 (100).
1232 1456 1271 1483 Ac
1289 1456 1423 1492 siquidem
1437 1457 1494 1485 lucc
1510 1461 1574 1485 sunt
1593 1459 1766 1486 contumelia:

982 1502 1044 1533 illae.
1060 1502 1160 1537 quibus
1173 1502 1211 1529 ait
1225 1502 1406 1538 Hieronymus
1418 1502 1614 1532 Tertullianum
1629 1513 1690 1533 esse
1704 1513 1767 1541 per-

982 1554 1084 1576 motum
1101 1553 1130 1576 ut
1144 1549 1293 1577 Ecclesiam
1314 1549 1468 1579 desereret.
1491 1555 1603 1585 apparet
1627 1551 1765 1578 hominem

150 1598 208 1619 tero
225 1588 373 1617 convenire
390 1596 446 1616 non
463 1591 598 1623 poterant.
617 1587 696 1622 plura
714 1586 802 1614 adhuc
822 1587 930 1614 incaute
944 1599 964 1628 ο
982 1595 1023 1622 sui
1046 1596 1140 1630 lapsus
1161 1603 1287 1627 causam,
1304 1603 1385 1630 quam
1407 1596 1507 1623 habere
1528 1597 1631 1626 nullam
1648 1601 1764 1632 poterat.

151 1637 306 1673 reliquerit.
327 1644 387 1671 qua:
407 1635 440 1663 ad
462 1636 611 1670 posteriora
637 1638 760 1669 tempora
788 1633 932 1661 manifeste

152 1683 293 1711 referenda
310 1685 385 1710 sunt.
405 1681 446 1708 Ad
462 1680 642 1708 Montanistas
659 1687 724 1707 vero
740 1687 771 1707 ac
786 1678 932 1706 Tertullia-

151 1737 214 1758 num
228 1733 327 1757 cuncta
342 1728 399 1756 fere
413 1730 539 1762 spectant
554 1734 614 1761 quze
628 1726 775 1755 univet'sim
791 1725 818 1752 in
827 1725 933 1753 Consti-

150 1774 296 1802 tutionibus
317 1773 477 1801 afferuntur.
501 1771 530 1799 ln
549 1772 609 1806 ipso
630 1771 702 1798 enim
723 1771 818 1798 ultimo
844 1771 933 1805 capite

149 1821 218 1848 illud
242 1819 392 1847 inculcetur
407 1826 415 1844 :
431 1818 563 1845 Ἐκαστον
586 1816 714 1852 ἐμμένειν
736 1815 812 1848 τάξει
833 1817 866 1851 τῇ
889 1816 932 1842 δο-

149 1867 227 1903 θείσῃ
241 1865 326 1901 αὐτῷ,
341 1865 387 1891 καὶ
402 1864 437 1900 μὴ
459 1863 633 1899 ὑπερϐαίνειν
650 1863 714 1894 τοὺς
733 1863 822 1898 ὅρους.
846 1862 935 1890 Unus-

149 1914 258 1948 quisque
271 1913 298 1939 in
314 1911 404 1939 ordine
418 1911 468 1938 sibi
482 1912 544 1937 dato
556 1914 718 1944 permaneat,
738 1917 817 1945 neque
833 1910 934 1945 νεανίαι

150 1967 208 1986 rum
228 1958 351 1984 terminos
372 1955 548 1984 transcendat.
567 1955 670 1982 Deinde
684 1958 781 1982 auctor
798 1954 929 1982 Montani

150 2009 206 2033 stas
221 2004 335 2040 propius
349 2002 528 2037 designando.
547 2002 574 2028 in
587 2008 683 2028 eorum
702 2001 840 2028 licentiam
858 2001 934 2028 inve-

150 2051 223 2078 hitur
241 2058 248 2076 :
267 2049 386 2079 Εἰκότως
406 2048 451 2074 τὸν
471 2046 659 2083 ἐπηρτημένον
685 2047 805 2074 κίνδυνον
825 2047 881 2078 τοῖς
900 2046 936 2074 τὰ

148 2096 260 2124 τοιαῦτα
283 2095 432 2131 πράττουσι
457 2092 652 2129 προειδόμενοι,
676 2093 722 2120 καὶ
745 2093 795 2128 τὴν
823 2094 863 2123 εις
885 2093 934 2125 τὰς

149 2143 243 2174 Θυσίας
255 2162 262 2173 ,
277 2142 323 2168 καὶ
338 2139 510 2176 εὐχαριστίας
525 2139 663 2174 ἀμέλειαν,
678 2139 722 2174 ὑφ’
737 2137 774 2166 ὦν
788 2140 838 2166 οὐκ
851 2140 934 2175 ἐχρῆν

148 2188 354 2226 προσαγομένας
372 2186 487 2218 ἀσεϐῶς,
507 2186 630 2219 παίγνιον
648 2185 805 2220 ἡγουμένων
819 2185 868 2220 τὴν
883 2186 931 2221 ἀρ-

149 2235 306 2272 χιερατικὴν
319 2233 401 2269 τιμὴν
416 2232 477 2269 ἥτις
492 2232 605 2267 μίμησιν
620 2231 740 2267 περιέχει
754 2229 800 2258 τοῦ
816 2231 932 2267 μεγάλου

148 2281 297 2318 ἀρχιερέως
316 2278 403 2315 Ἰησοῦ
422 2277 539 2315 Χριστοῦ
558 2277 693 2309 Βασιλέως
706 2278 795 2314 ἡμῶν,
810 2277 932 2313 ἀνάγκην

148 2327 261 2363 εσχομεν
284 2327 331 2353 καὶ
348 2324 427 2352 τοῦτο
448 2323 627 2360 παραινέσαι·
641 2323 690 2359 ἢδη
714 2324 767 2359 γάρ
787 2333 858 2355 τινες
877 2324 933 2356 ἐξε-

147 2373 292 2408 τράπησαν
314 2372 400 2398 ὀπίσω
423 2371 473 2405 τῆς
493 2370 595 2396 ἑαυτῶν
621 2370 808 2405 ματαιότητος.
830 2370 933 2397 Idcirco

143 2420 208 2454 jure
226 2419 368 2453 periculum
390 2418 423 2444 iis
441 2417 485 2452 qui
507 2417 560 2443 ha’c
587 2416 688 2450 faciunt
707 2417 855 2451 impendens
867 2425 933 2451 pro-

147 2466 296 2500 spicientes.
310 2469 334 2491 et
349 2464 533 2498 negligentiam
551 2463 577 2489 in
595 2463 734 2497 sacriﬁciis
749 2468 773 2490 et
784 2465 931 2498 gratiarum

147 2511 295 2538 actionibus
316 2509 530 2546 [Eucharistiis].
554 2518 585 2537 co
605 2510 674 2546 quod
693 2510 770 2544 impie
784 2511 930 2544 a/ferantur

145 2557 181 2584 ab
194 2557 227 2584 iis
244 2566 260 2584 a
270 2557 364 2592 quibus
381 2566 433 2585 non
451 2562 562 2592 oportet,
576 2558 670 2593 quique
684 2557 809 2586 honorem
822 2557 928 2593 pontifi-

183 2638 239 2673 (95)
256 2638 369 2673 C_onstit.
385 2647 446 2671 vui,
462 2638 506 2666 32.

182 2669 238 2709 (θίὶὶ
257 2669 417 2709 Tertullian.
433 2669 471 2702 De
483 2675 566 2702 anim.
580 2682 617 2702 Ix.

183 2708 241 2743 (97)
261 2709 373 2738 Constit.
388 2718 425 2742 Vt,
437 2710 485 2738 tl.-

182 2743 240 2777 l98)
259 2744 372 2773 Constit.
390 2753 451 2777 vui,
467 2744 509 2774 46.

983 1644 1010 1669 in
1025 1641 1177 1670 Romanum
1193 1643 1295 1670 clerum
1314 1650 1421 1670 summa
1439 1643 1539 1677 injuria
1555 1643 1703 1671 detorsisse
1714 1644 1764 1679 (l).

983 1688 1080 1716 Notatu
1095 1689 1166 1716 enim
1179 1689 1290 1724 dignum
1305 1693 1357 1721 est.
1373 1689 1445 1724 quod
1467 1690 1525 1724 ipse
1538 1697 1599 1716 cum
1609 1690 1766 1718 Catholicos

983 1735 1139 1762 animalium
1162 1734 1271 1765 nomine
1290 1742 1322 1762 ac
1342 1735 1467 1770 pluribus
1489 1736 1621 1764 conviciis
1643 1737 1768 1763 cumula-

985 1785 1035 1811 ret.
1055 1788 1135 1807 nemo
1156 1784 1213 1807 tum
1237 1781 1368 1815 temporis
1388 1780 1440 1808 fuit
1456 1781 1502 1816 qui
1522 1782 1683 1809 nominatim
1700 1782 1767 1809 Ter-

983 1827 1126 1854 tullianum
1139 1827 1285 1854 reielleret.
1297 1827 1380 1855 Caius
1394 1828 1476 1859 enim.
1494 1827 1622 1856 Ecclesia:
1638 1827 1767 1856 Romanae

984 1873 1137 1908 presbyter,
1169 1872 1301 1900 adversus
1329 1872 1455 1900 Proclum
1486 1873 1607 1901 Montani
1640 1874 1766 1902 columen

983 1919 1082 1946 eximie
1113 1920 1242 1954 Scripsit:
1269 1919 1432 1955 Hippolytus
1450 1919 1476 1946 in
1493 1919 1524 1948 Ε,
1541 1919 1572 1947 Β.
1585 1920 1643 1954 pari
1668 1920 1764 1955 gradu.

984 1965 1117 1993 adversus
1149 1965 1356 1992 Montanislas:
1382 1969 1498 2000 uterque
1520 1972 1552 1992 ea
1580 1965 1766 1992 moderatione

983 2014 1013 2037 ut
1039 2011 1096 2045 ipse
1117 2010 1302 2037 Tertullianus
1325 2014 1450 2037 neutrum
1476 2010 1512 2037 sit
1541 2011 1707 2042 insectatus.
1734 2019 1767 2038 ac

982 2056 1075 2091 potius
1089 2056 1262 2091 Apollonium
1284 2056 1473 2091 cxagitaverit,
1494 2056 1675 2083 ortliodoxum
1693 2057 1765 2084 scri-

985 2107 1100 2138 ptorem,
1119 2108 1146 2130 at
1169 2112 1223 2130 non
1247 2112 1278 2130 ex
1298 2103 1421 2130 Romano
1444 2104 1535 2134 clero,
1560 2107 1651 2138 utpote
1672 2105 1716 2139 qui
1738 2106 1766 2132 in

984 2150 1096 2178 Oriente
1118 2148 1227 2178 uixerit.
1261 2149 1395 2177 Cmterum
1424 2149 1569 2184 scripsisse
1590 2149 1764 2185 Hippolytum

983 2200 1078 2223 contra
1100 2195 1289 2227 Montanistas.
1311 2203 1413 2231 eosque
1431 2195 1562 2222 acerrime
1584 2203 1638 2230 prae
1660 2196 1766 2224 czeteris

984 2243 1169 2278 impugnasse,
1187 2243 1214 2269 in
1229 2242 1340 2269 dubium
1362 2242 1482 2270 revocari
1495 2242 1599 2277 nequit,
1614 2250 1674 2269 cum
1687 2247 1766 2271 vetus

983 2293 1080 2316 auctor
1095 2289 1189 2317 sedulo
1205 2289 1232 2316 in
1247 2296 1279 2317 ea
1293 2289 1395 2324 scripta
1419 2287 1575 2323 inquisierit
1587 2298 1594 2316 :
1607 2288 1686 2320 Τίνας
1702 2289 1767 2316 ὐπο-

981 2335 1078 2371 λήψεῖς
1092 2336 1164 2370 εῖχεν
1185 2337 1199 2362 ὁ
1214 2335 1364 2370 ἁγιώτατος
1384 2335 1539 2367 Ἱππόλυτος
1562 2336 1625 2372 περὶ
1646 2336 1695 2372 τῆς
1712 2337 1766 2363 τῶν

981 2383 1171 2410 Μοντανιστῶν
1193 2382 1334 2418 αἱρέσεως,
1358 2383 1406 2410 καὶ
1428 2382 1504 2415 τίνας
1525 2384 1539 2410 6
1562 2384 1591 2410 ὲν
1609 2383 1766 2422 ἁγίοιςπῆς

980 2429 1091 2464 Nisa-nc;
1114 2428 1271 2464 Γρηγόριος.
1291 2429 1423 2462 Quidnam
1448 2430 1557 2457 senserit
1582 2430 1764 2457 sanctissimus

982 2475 1141 2510 Hippolytus
1152 2474 1183 2501 de
1193 2474 1417 2503 Mantanistarum
1432 2476 1536 2508 hwresi.
1553 2476 1647 2511 quidve
1661 2475 1689 2503 S.
1703 2474 1757 2503 Gre

981 2521 1072 2554 qorius
1082 2520 1218 2556 Nyssenus
1227 2521 1275 2557 (2).

1017 2636 1075 2671 (99)
1093 2635 1228 2672 Epiphsn.
1243 2637 1310 2672 iter.
1327 2636 1442 2672 xt.lx.72.

1002 2672 1004 2675 ’
1018 2672 1092 2707 (100)
1112 2671 1219 2707 Hippol.
1236 2671 1269 2699 In
1281 2672 1350 2699 Dan.
1362 2680 1390 2704 x.
1404 2671 1430 2699 7.

1017 2708 1056 2742 (Ι)
1076 2706 1187 2735 Hieron.
1205 2707 1232 2734 in
1248 2707 1336 2735 Catal.
1351 2706 1449 2742 Script.
1464 2706 1535 2734 Ecci.
1548 2715 1607 2734 LIII.

1004 2741 1055 2779 7(2)
1076 2742 1169 2779 Steph.
1184 2742 1284 2770 Gobar.
1300 2750 1344 2778 ap.
1359 2741 1509 2772 Pliot.cod.
1522 2748 1642 2769 ecxsxu.
