4064 6256
508 337 612 396 5ὂ¹1
1417 334 1477 392 S.
1511 333 1906 392 CLEMENTIS
1938 334 1958 391 l
1993 330 2138 392 B0!

2194 332 2395 391 ΡΟΝΤ.
2433 329 2659 388 OPERA
2693 325 2922 386 DUBIA.
3642 317 3760 378 ειδᾶ

508 457 610 518 bat,
638 468 815 524 neque
850 452 1225 526 usurpandum
1254 456 1623 510 meretricium
1662 463 1915 508 ornatum
1937 491 1953 519 ,
1982 468 2078 509 ne-
2106 463 2138 521 Α

2193 451 2315 523 μηδὲ
2368 447 2668 522 ἑταιρισμῷ
2727 440 3154 516 κατακομεῖσθαι
3192 478 3206 503 ,
3270 438 3416 509 μήτε.
3465 435 3756 508 mea,

506 562 614 617 que
641 547 838 604 debere
865 547 1092 616 iustitia:
1120 546 1397 604 incessum
1421 547 1690 617 superbiae
1719 550 1956 617 speciem
1987 545 2080 600 ha-

2193 547 2301 609 νίας
2348 545 2647 614 ὑπόδειγμα
2688 539 3029 606 δικαιοσύνης
3067 534 3165 605 τὴν
3206 530 3561 603 προσέλευσιν
3586 527 3754 599 ἔχειν.

507 639 658 694 bere.
689 638 940 706 Constit.,
972 640 1065 694 lib.
1101 655 1143 706 ι,
1171 656 1289 708 cap.
1313 641 1366 696 5.

933 755 1325 823 AuctorOpcris
1356 754 1643 826 imperfecti
1673 753 1728 808 in
1755 751 2090 833 Matthwum,
2124 749 2264 820 apud
2295 747 2356 806 S.
2389 748 2842 820 Chrysostomum.
2872 743 2955 798 Ad
2978 740 3172 797 Matth.
3201 755 3278 805 vr,
3309 731 3363 794 3.

581 889 752 945 Aliter
781 901 931 948 certe
974 893 1118 948 sicut
1143 891 1378 963 apostoli
1411 889 1838 959 interpretantur
1869 888 1926 943 in
1979 887 2119 942 libro
2146 884 2455 950 Canonum,
2485 884 2578 956 qui
2607 891 2692 940 est
2721 881 2791 937 de
2828 877 3137 951 episcopis;
3170 876 3362 932 dextra
3406 881 3490 929 est
3517 871 3756 943 populus

509 979 879 1046 Christianus,
908 986 1002 1054 qui
1038 994 1121 1042 est
1154 985 1220 1039 ad
1249 986 1496 1039 dextram
1533 980 1772 1049 Christi;
1801 980 2028 1037 sinistra
2057 987 2260 1042 autem,
2291 978 2471 1034 omnis
2507 977 2763 1047 populus,
2791 973 2884 1044 qui
2913 983 3002 1029 est
3042 970 3110 1024 ad
3143 970 3449 1026 sinistram.
3481 965 3595 1020 Hoc
3619 979 3756 1034 ergo

509 1075 644 1129 dicit
673 1095 686 1131 :
722 1075 798 1129 Ne
823 1077 1194 1132 Christianum
1224 1076 1514 1131 facientem
1543 1077 1966 1145 elcemosynam,
1994 1072 2087 1142 qui
2120 1079 2204 1126 est
2232 1069 2446 1135 dextra,
2479 1069 2717 1124 inﬁdelis
2747 1066 3001 1138 aspiciat,
3034 1064 3129 1135 qui
3158 1070 3246 1118 est
3302 1061 3551 1116 sinistra.
3581 1057 3757 1114 Chri-.

511 1167 725 1223 stianus
754 1177 932 1224 autem
967 1169 1013 1225 si
1043 1170 1416 1225 Christianum
1445 1169 1644 1222 viderit
1671 1168 2046 1238 eleemosynas
2082 1164 2392 1231 facientem,
2424 1180 2534 1220 non
2557 1172 2642 1221 est
2663 1170 2855 1220 contra
2881 1159 3088 1216 Christi
3117 1165 3470 1231 praeceptum,
3492 1155 3752 1226 quoniam

509 1264 671 1318 ambo
701 1261 891 1318 dextra
920 1272 1066 1319 sunt.
1110 1263 1237 1318 Vide
1262 1262 1389 1320 Not.
1419 1263 1488 1318 ad
1521 1261 1702 1319 Const.
1739 1275 1848 1331 ap.,
1879 1260 1972 1317 lib.
2008 1277 2092 1326 ιιι,
2125 1277 2174 1316 c.
2206 1258 2291 1316 14.

1813 1416 1890 1468 Ad
1923 1414 2119 1471 Matth.
2148 1429 2279 1479 xxv,
2312 1411 2400 1467 18.

584 1578 685 1646 Qui
715 1577 1079 1633 ministerium
1111 1591 1271 1632 suum
1303 1574 1437 1630 bene
1466 1584 1952 1639 consummaverit,
1985 1581 2210 1644 apparet
2240 1587 2368 1642 quia
2397 1587 2463 1626 ex
2495 1569 2606 1627 Deo
2646 1570 2822 1625 fuerat
2861 1571 3178 1636 ordinatus;
3210 1567 3306 1639 qui
3368 1575 3547 1622 autem
3583 1562 3750 1618 mini-

513 1673 736 1726 sterium
763 1687 920 1726 suum
938 1683 1046 1724 non
1073 1668 1208 1724 bene
1236 1665 1798 1728 consummaverit,ex
1817 1664 2130 1719 hominibus
2154 1663 2440 1718 ordinatus
2469 1661 2708 1728 est.Quo
2727 1660 2887 1715 modo
2906 1668 3086 1714 autem
3115 1659 3335 1728 quidam
3358 1655 3667 1713 sacerdotes
3686 1669 3755 1709 ex

515 1767 827 1821 hominibus
853 1765 1200 1828 ordinantur,
1225 1763 1516 1818 manifeste
1545 1761 1598 1814 in
1623 1759 1764 1814 libro
1790 1765 1984 1812 octavo
2007 1756 2290 1812 Canonum
2315 1757 2683 1827 apostolorum
2717 1755 2939 1811 dicitur.
2971 1753 3074 1821 Qui
3112 1761 3290 1808 autem
3330 1768 3398 1807 ex
3439 1750 3758 1807 hominibus

511 1859 799 1917 ordinatus
826 1866 933 1924 est,
962 1865 1230 1930 quantum
1256 1857 1324 1912 ad
1355 1856 1526 1911 Deum
1561 1871 1668 1910 non
1697 1861 1784 1910 est
1810 1852 2078 1907 diaconus
2098 1858 2193 1905 aut
2224 1851 2502 1906 sacerdos.
2532 1847 2786 1914 Constit.,
2812 1847 2904 1903 lib.
2929 1863 3050 1912 vm,
3078 1861 3195 1918 cap.
3226 1847 3281 1902 2.

1302 2010 1596 2078 Maximus,
1618 2011 1675 2064 in
1703 2010 1981 2079 epistolam
2011 2021 2252 2066 octavam
2278 2007 2542 2079 Dionysii,
2574 2015 2691 2074 post
2717 2002 2966 2060 medium.

2271 2166 2565 2241 Ἱεροθέτην
2604 2166 2660 2220 δὲ
2691 2165 2844 2219 καλεῖ
2882 2162 2973 2218 τὸν
3018 2161 3171 2231 ἆγιον
3201 2159 3494 2214 ἀπόστολον
3523 2159 3760 2228 Παῦλον,

2188 2258 2263 2323 ὡς
2300 2259 2747 2331 χειροτονήσαντα
2776 2255 2925 2326 αὐτῷ
2952 2255 3049 2326 τὴν
3076 2253 3480 2327 ἀρχιερωσύνην
3509 2255 3607 2325 τῆς
3638 2257 3764 2310 Ἐκ-

583 2175 754 2231 Porro
777 2176 830 2229 in
860 2173 1032 2229 sacris
1051 2172 1417 2228 institutorem
1438 2177 1596 2225 vocat
1619 2170 1833 2225 beatum
1866 2177 2085 2240 aposto-
2119 2182 2162 2241 Β

514 2271 626 2324 lum
658 2269 907 2330 Paulum,
938 2275 996 2320 ut
1023 2281 1145 2320 eum
1176 2265 1269 2335 qui
1294 2264 1471 2334 ipsum
1494 2263 1840 2317 ordinaverat
1872 2263 1924 2315 in
1952 2279 2090 2334 pon-

514 2363 779 2416 tiﬁcatum
829 2358 1087 2414 Ecclesia:
1149 2356 1546 2419 Atheniensis,
1599 2355 1743 2410 sicut
1799 2354 1854 2408 in
1913 2353 2090 2411 sacris

514 2455 886 2525 apostolorum
915 2450 1410 2507 Constitutionibus
1435 2450 1698 2520 scriptum
1720 2454 1825 2503 est.
1843 2445 1963 2502 Lib.
1988 2461 2086 2512 vn,

515 2563 632 2616 cap.
656 2547 748 2602 46.

2190 2354 2418 2425 κλησίας
2443 2353 2551 2407 τῶν
2593 2349 2851 2420 Ἀθηνῶν,
2873 2347 3055 2411 καθὼς
3082 2349 3140 2400 ὲν
3159 2350 3278 2411 ταῖς
3301 2348 3473 2418 ἱεραῖς
3490 2347 3596 2400 τῶν
3621 2348 3764 2402 ἀπο-

2190 2447 2390 2500 στόλων
2404 2446 2712 2519 γέγραπται
2739 2443 3040 2510 διαταγαϊς.
3071 2439 3212 2511 Lege
3235 2441 3305 2496 aJ
3333 2455 3454 2512 cap.
3477 2441 3531 2506 2,
3559 2436 3638 2493 De
3660 2431 3763 2490 Ec—

2188 2534 2316 2592 cles.
2341 2534 2632 2605 hierarclt.,
2655 2544 2710 2591 et
2732 2534 2788 2589 in
2817 2533 3070 2604 Prologo.

486 2685 488 2687 l
520 2676 822 2760 Timotheus
850 2702 1144 2775 presbyter,
1174 2712 1409 2758 tractatu
1435 2699 1499 2755 de
1520 2700 1585 2753 iis
1619 2695 1708 2770 qui
1749 2696 2004 2819 accedupt
2044 2691 2549 2819 adnEccleiggmgn
2574 2692 2826 2745 Auctario
2849 2646 3190 2744 Bibliothzcw
3233 2684 3459 2740 Patrum
3490 2679 3760 2751 Combeﬁ-

1742 2783 1917 2819 stano.
1973 2784 2080 2819 om.
2161 2805 2175 2819 .
2223 2780 2276 2819 ν.
2513 2801 2527 2816 .

1742 2780 1917 2832 stano,
1952 2780 2080 2822 tam.
2112 2780 2175 2830 ll,
2223 2780 2276 2834 p.
2307 2780 2413 2818 eoo
2459 2780 2527 2816 υ.

587 2933 724 2987 Audi
772 2931 1146 3003 apostolorum
1189 2929 1354 2987 verba
1385 2948 1400 2985 :
1443 2928 1659 2993 Videte,
1687 2935 1799 2982 etc.
1829 2922 2093 2988 Const“..-

516 3026 610 3081 lib.
643 3043 717 3091 νι,
751 3041 867 3095 cap.
899 3023 989 3083 16.

2267 2924 2464 2976 Ἀκουε
2513 2921 2622 2974 τῶν
2665 2916 3037 2974 ἀποστολικῶν
3056 2933 3070 2948 ο
3132 2916 3324 2989 Ὁρᾶτε
3375 2912 3444 2968 τά
3498 2913 3602 2966 ἐπ’
3653 2909 3766 2966 δνό-

2195 3032 2346 3087 ματι,
2378 3023 2484 3070 etc.

1720 3177 1907 3234 Canon
1937 3175 2228 3233 Trullanus
2260 3172 2539 3228 secundus.

587 3365 802 3420 Placuit
831 3369 1010 3418 autem
1051 3367 1105 3418 et
1151 3359 1258 3416 hoc
1291 3363 1498 3414 sancta:
1548 3355 1677 3411 huic
1722 3351 1931 3427 synodo
1970 3351 2092 3423 pul-

517 3458 788 3513 cherrime
818 3472 881 3512 ac
912 3455 1135 3526 optime,
1161 3461 1220 3508 ut
1250 3452 1318 3506 ab
1353 3452 1457 3506 hoc
1485 3458 1730 3519 tempore
1761 3447 1900 3501 lirmi
1930 3444 2094 3500 stabi-

2268 3347 2452 3412 Ἔδοξε
2480 3345 2536 3400 δὲ
2564 3345 2659 3400 καὶ
2685 3343 2844 3398 τοῦτο
2869 3345 2937 3416 τῇ
2969 3343 3099 3415 ἁγίᾳ
3138 3340 3313 3417 ταύτῃ
3356 3339 3554 3410 συνόδῳ
3581 3337 3770 3393 κάλλι-

2198 3443 2299 3497 στά
2324 3459 2382 3495 τε
2412 3441 2507 3494 καὶ
2553 3438 2944 3493 σπουδαιότατα
2964 3477 2978 3501 ,
3021 3437 3158 3490 ὥστε
3191 3435 3368 3508 μένειν
3394 3435 3489 3488 καὶ
3531 3433 3638 3486 ἀπὸ
3667 3432 3767 3486 τοῦ

517 3553 710 3622 lesque
738 3525 993 3604 maneant
1021 3549 1087 3604 ad
1119 3548 1426 3602 animarum
1470 3545 1734 3599 medelam
1773 3550 1828 3597 et
1873 3546 2089 3610 pertur-
2116 3527 2138 3586 (

2193 3535 2285 3589 νῦν
2330 3534 2598 3605 βεϐαίους,
2640 3532 2736 3586 καὶ
2778 3530 3040 3601 ἀσφαλεῖς
3082 3528 3220 3600 πρὸς
3259 3527 3442 3598 ψυχῶν
3472 3525 3768 3597 θεραπείαν

516 3645 799 3701 bationum
847 3641 1208 3707 curationem,
1236 3638 1512 3708 octoginta
1544 3636 1786 3707 quinque
1827 3647 2088 3694 canones,

519 3737 715 3792 sanciti
760 3750 791 3787 a
850 3733 1057 3789 sanctis
1102 3741 1156 3788 et
1198 3731 1453 3803 gloriosis
1499 3726 1783 3799 apostolis,
1812 3725 1906 3794 qui
1952 3738 2092 3794 prae-

519 3825 805 3887 cesserunt
858 3842 978 3882 nos.
1009 3825 1278 3892 Quoniam
1322 3830 1502 3877 autem
1537 3822 1591 3876 in
1633 3820 1740 3874 illis
1786 3815 2091 3874 canonibus

520 3932 851 3997 pratceptum
891 3930 995 3984 est,
1028 3927 1088 3973 ut
1138 3916 1469 3988 recipiamus
1513 3912 1828 3970 eorumdem
1870 3917 2092 3964 sancto-

521 4034 642 4073 rum
686 4015 1055 4087 apostolorum
1108 4027 1205 4082 per
1258 4008 1592 4067 Clementem
1650 4002 2089 4065 constitutiones,

520 4110 853 4182 quibusjam
894 4107 1022 4160 olim
1072 4106 1140 4159 ab
1181 4100 1526 4158 heterodoxis
1571 4098 1638 4153 ad
1671 4095 1926 4151 Ecclesia:
1971 4109 2093 4163 per-

521 4204 719 4258 niciem
752 4201 958 4256 inserta
1005 4205 1134 4254 sunt
1164 4196 1408 4267 quaedam
1468 4191 1774 4247 adulterina
1826 4196 1879 4243 et
1917 4187 2092 4241 aliena

519 4311 550 4349 a
609 4295 843 4365 pietate,
902 4306 1022 4362 quae
1076 4290 1373 4360 elegantem
1429 4301 1491 4340 ac
1543 4285 1796 4338 decoram
1855 4278 2091 4349 speciem

520 4387 829 4442 divinorum
902 4383 1215 4454 dogmatum
1303 4379 1462 4434 nobis
1532 4377 1923 4438 obscurarunt;
1994 4370 2094 4424 has

520 4478 936 4534 constitutiones
1003 4472 1420 4530 conducibiliter
1497 4469 1564 4524 ad
1637 4461 2094 4522 Christianissimi

519 4572 701 4642 gregis
752 4569 1166 4625 aediﬁcationem
1222 4581 1286 4619 ac
1347 4564 1734 4624 securitatem,
1767 4555 2092 4626 rejecimus;

521 4664 790 4718 haereticre
831 4661 1087 4715 falsitatis
1128 4658 1272 4713 fetus
1314 4667 1655 4727 nequaquam
1699 4649 2094 4711 immiscentes,

2189 3627 2284 3681 καὶ
2314 3627 2553 3698 ἰατρείαν
2580 3621 2790 3685 παθῶν,
2819 3624 2944 3686 τοὺς
2984 3621 3087 3675 ὑπὸ
3115 3620 3222 3672 τῶν
3269 3620 3374 3691 πρὸ
3400 3617 3556 3689 ἡμῶν
3598 3616 3769 3684 ἁγίων

2191 3720 2284 3772 καὶ
2323 3716 2546 3783 ἐνδόξων
2591 3715 2901 3770 ἀποστόλων
2941 3714 3270 3784 ὁγδοήκοντα
3313 3712 3473 3764 πέντε
3515 3708 3763 3770 κανόνας.

2204 3809 2418 3880 Ἐπειδὴ
2445 3809 2502 3862 δὲ
2546 3809 2604 3862 ὲν
2646 3807 2855 3869 τούτοις
2881 3809 2993 3869 τοῖς
3022 3805 3238 3858 κανόσιν
3285 3801 3593 3856 ἐντέταλται
3620 3799 3772 3868 δέχευ

2194 3906 2318 3959 σθαι
2343 3905 2512 3976 ἡμᾶς,
2540 3900 2641 3965 τάς
2670 3901 2776 3954 τῶν
2804 3898 2982 3953 αὐτῶν
3001 3898 3168 3965 ἀγίων
3185 3895 3502 3949 ἀποστόλων
3517 3892 3601 3945 διά
3620 3891 3770 3961 Κλή-

2195 4014 2384 4069 μεντος
2406 3993 2690 4059 διατάξεις,
2722 3986 2808 4056 αἷς
2837 4008 2945 4044 τισι
2983 3990 3149 4043 πάλαι
3184 3988 3289 4042 ὑπὸ
3314 3987 3424 4042 τῶν
3452 3983 3770 4057 ἑτεροδόξων

2193 4092 2286 4145 ἐπὶ
2324 4091 2488 4162 λοίμῃ
2526 4085 2628 4158 τῆς
2683 4084 3024 4155 Ἐκκλησίας,
3055 4082 3184 4135 νόθα
3211 4079 3332 4134 τινὰ
3378 4080 3475 4133 καὶ
3504 4077 3626 4143 ξένα
3667 4075 3772 4145 τῆς

2208 4182 2531 4252 Ἐκκλησίας
2546 4180 2674 4220 ⁷¹-³⁹
2694 4175 3134 4249 παρενετέθησαν
3154 4213 3169 4238 ,
3187 4173 3247 4226 τὸ
3264 4172 3534 4243 εὐπρεπὲς
3575 4167 3772 4232 κάλλος

2191 4276 2299 4328 τῶν
2331 4274 2487 4326 θείων
2514 4270 2798 4343 δογμάτων
2849 4271 2982 4341 ἡμῖν
3035 4266 3458 4338 ἀμαυρώσαντα,
3511 4262 3608 4334 τὴν
3659 4262 3773 4316 τῶν

2189 4367 2446 4422 τοιούτων
2467 4363 2756 4429 διατάξεων
2772 4381 2812 4416 π
2818 4361 2983 4434 ροσφό
2989 4377 3096 4432 ρως
3110 4357 3380 4428 ἀποϐολὴν
3401 4353 3769 4424 πεποιήμεθα,

2193 4461 2331 4534 πρὸς
2356 4458 2455 4530 τὴν
2481 4457 2576 4511 τοῦ
2618 4454 3146 4528 Χριστιανικωτάτου
3189 4450 3436 4522 ποιμνίου
3482 4446 3772 4517 οἰκοδομὴν

2173 4533 2290 4607 ἶκαὶ
2317 4552 2633 4622 ἀσφάλειαν,
2663 4547 2913 4620 οὐδαμῶς
2943 4546 3278 4618 ἐγκρίνοντες
3317 4542 3385 4595 τά
3423 4541 3524 4610 τῆς
3564 4539 3772 4610 αἱρετι-

2194 4646 2300 4715 κῆς
2327 4643 2676 4715 ψευδολογίας
2703 4642 2961 4712 κυήματα
2981 4679 2995 4703 ,
3027 4640 3121 4692 καὶ
3162 4640 3229 4709 τῇ
3273 4634 3470 4707 γνησία
3497 4634 3605 4687 τῶν
3633 4635 3775 4687 ἀπο-

521 4767 575 4813 ct
604 4773 874 4830 germana:
901 4771 965 4810 ac
1002 4757 1226 4828 integra:
1255 4752 1628 4826 apostolorum
1659 4745 1922 4802 doctrina:
1957 4744 2138 4807 inse-1

2197 4737 2396 4791 στόλων
2425 4738 2519 4790 καὶ
2545 4734 2824 4806 ὁλοκλήρῳ
2841 4733 3026 4804 διδαχῇ
3059 4731 3490 4805 παρενείροντες,
3520 4735 3626 4782 etc.

520 4858 725 4916 rentes,
760 4857 866 4907 etc.

743 4963 1072 5034 Nicephorius
1103 4955 1722 5027 Constantinopolitanus
1745 4949 2074 5022 patriarcha,
2113 4948 2167 5001 in
2189 4947 2292 5016 ﬁne
2319 4941 2704 5012 Chronologiw,
2737 4937 2828 4992 ubi
2855 4936 2918 4990 de
2944 4933 3094 4989 libris
3124 4934 3556 5002 'Scripturarum.

760 5120 843 5175 Ea:
871 5119 1103 5175 versione
1131 5113 1404 5169 Anastasii
1435 5106 1852 5165 Bibliothecarii.

590 5219 656 5273 Et
687 5232 808 5288 qua:
846 5212 983 5267 Novi
1020 5205 1397 5281 (Testamenti)
1451 5210 1577 5258 sunt
1621 5199 1948 5270 apocrypha,
1983 5204 2090 5251 etc.

520 5312 616 5368 Dm
637 5312 778 5366 trina
809 5305 1204 5378 apostolorum,
1231 5314 1425 5354 versus
1445 5297 1573 5359 200,
1606 5301 1710 5349 etc.

2265 5191 2376 5246 Καὶ
2414 5189 2516 5244 ὅσα
2555 5188 2657 5259 τῆς
2689 5186 2835 5250 Νέας
2886 5186 3023 5240 εἰσιν
3064 5184 3378 5258 ἀπόκρυφα,
3419 5192 3528 5240 etc.
3571 5181 3770 5256 Διδαχὴ

2204 5282 2507 5339 ἀποστόλων
2530 5299 2546 5313 ο
2578 5282 2747 5353 στίχοι
2777 5287 2820 5334 σθ
2849 5279 2916 5346 ⁸⁸,
2947 5292 3053 5335 etc.

1604 5409 1848 5473 Photius,
1883 5403 2218 5462 Bibliotheca!
2265 5397 2385 5456 cod.
2414 5410 2548 5458 cxu,
2579 5406 2733 5449 cxm.

592 5540 753 5597 Laeta
797 5545 926 5594 sunt
973 5533 1273 5594 Clementis
1303 5529 1530 5586 Romani
1564 5527 1673 5582 duo
1712 5523 1992 5580 volumina
2023 5521 2094 5575 li-

523 5633 777 5697 hrorum;
808 5645 1040 5701 quorum
1089 5627 1247 5682 alteri
1299 5623 1494 5679 titulus
1535 5628 1643 5683 est,
1682 5616 2094 5672 Constitutiones

530 5723 890 5793 apostolorum
910 5736 1000 5789 per
1028 5718 1376 5778 Clementem;
1406 5715 1459 5768 in
1483 5728 1592 5784 quo
1618 5712 1783 5768 etiam
1812 5708 2095 5766 continen-

593 5840 637 5873 "
669 5840 714 5870 ³⁹
745 5839 798 5894 al
846 5834 1142 5898 εὐσεϐείας.
1214 5835 1258 5866 ⁸ο
1287 5832 1353 5887 al.
1391 5849 1468 5903 κς,

2280 5511 2617 5581 Ἀνεγνὼσθη
2644 5509 2957 5579 Κλήμεντος
2981 5506 3075 5561 τοῦ
3115 5507 3332 5580 Ῥώμης
3356 5505 3520 5578 τεύχη
3553 5504 3770 5576 βιϐλίων

2199 5609 2293 5663 δύο
2310 5625 2324 5639 °
2355 5601 2428 5660 ὧν
2458 5605 2520 5657 τδ
2544 5604 2640 5674 μὲν
2660 5601 3041 5670 ἐπιγράφεται,
3069 5601 3345 5668 Διαταγαὶ
3367 5598 3484 5652 τῶν
3509 5596 3771 5652 ἀποστό-

2201 5706 2327 5758 λων
2343 5699 2440 5754 διὰ
2461 5695 2824 5766 Κλήμεντος,
2847 5695 2904 5747 ἐν
2923 5687 2966 5763 ᾧ
2985 5693 3076 5748 καὶ
3103 5694 3151 5748 οἱ
3179 5693 3286 5747 τῶν
3317 5691 3601 5746 συνοδικῶν
3613 5689 3777 5745 κανό-
