4064 6256
352 344 454 398 M9

1177 391 1179 393 ,
1212 333 1810 393 CONSTITUTIONES
1845 332 2319 391 APOSTOLICIE.
2359 363 2427 371 —
2455 329 2818 390 PROGLMIA.

3496 327 3602 416 σξιο

343 471 455 527 Διιιιιν
481 451 559 524 τῷ
585 450 911 524 ἀθροίσματι
949 428 1063 505 τῶν.
1097 449 1408 504 ἀποστόλων
1437 450 1662 514 κανόνες
1701 452 1922 522 ἑπιγρα-
1949 457 1992 512 Α

2026 459 2113 503 ιιιι·
2142 448 2218 502 illi
2249 462 2511 512 canones,
2541 446 2635 515 qui
2664 444 2808 498 inter
2849 441 3139 515 synodicos
3181 440 3349 498 coetui
3379 450 3602 512 aposto-

346 547 568 616 φάμενοι
613 544 975 615 περιέχονται.
1016 542 1086 596 Et
1127 541 1268 596 infra
1308 558 1326 594 :
1357 542 1422 594 A1
1463 541 1520 594 δέ
1563 559 1624 610 γε
1652 544 1917 611 Διαταγαὶ

344 639 489 709 τρισὶ
517 637 698 707 μόνοις
723 635 970 690 δοκοῦσιν
998 634 1305 706 ἐνέχεσθαι·
1330 635 1724 706 κακοπλαστίᾳ,
1755 636 1821 705 ἣν
1855 636 1916 687 οὒ

345 727 578 800 χαλεπὸν
617 727 1134 782 ἀποσκευάσασθαι·
1169 729 1262 781 καὶ
1288 729 1368 780 ὅτι
1409 727 1502 780 καὶ
1529 726 1622 779 τοῦ
1669 729 1922 797 Δευτερο-

343 821 528 892 νομίου
561 820 746 892 ὕϐρεις
775 819 923 883 τινὰς
951 819 1326 890 ὲπαφίησιν⁸¹,
1345 818 1380 872 ὃ.
1400 821 1442 849 ⁸¹
1471 818 1563 872 καί
1595 820 1786 889 ῥᾷστον
1813 818 1926 870 δια-

343 913 640 967 λύσασθαι’
700 913 796 966 καὶ
852 913 930 966 ἔτι
974 912 1360 983 Ἀρειανισμῷ,
1414 913 1550 983 ὅπερ
1602 912 1666 966 ἄν
1710 929 1792 975 τις
1833 911 1926 965 καὶ

347 1007 532 1077 βιαίως
574 1005 972 1076 διακρούσαιτο.
1018 1007 1081 1058 Ἠ
1114 1006 1212 1076 μέν
1252 1007 1334 1057 τοί
1364 1021 1426 1072 γε
1454 1004 1560 1056 τῶν
1597 1003 1690 1056 τοῦ
1720 1005 1926 1075 Πέτρου

344 1097 599 1170 Πράξεων
621 1097 800 1167 βίϐλος
826 1097 988 1166 τῴ-τε
1017 1096 1254 1168 λαμπρῷ
1284 1097 1378 1150 καὶ
1398 1097 1462 1165 τῇ
1493 1095 1798 1166 σεμνότητι,
1833 1096 1928 1148 καὶ

345 1191 424 1245 ἔτι
450 1191 526 1263 τῷ
555 1190 779 1262 καθαρῷ
811 1191 905 1242 καὶ
933 1189 1187 1259 συντόνῳ,
1225 1189 1318 1241 καὶ
1348 1190 1412 1258 τῇ
1447 1187 1580 1259 ἄλλῃ
1620 1189 1788 1258 ἀρετῇ
1831 1186 1925 1239 τοῦ

341 1284 522 1354 λόγου,
555 1284 648 1337 καὶ
675 1281 1013 1353 πολυμαθείᾳ
1031 1279 1252 1334 τοσοῦτο
1270 1279 1379 1350 ἔχει
1400 1279 1535 1351 πρὸς
1553 1278 1928 1346 τὰςΔιαταγὰς

343 1377 404 1430 τὸ
447 1376 840 1448 παραλλάττον,
884 1374 960 1438 ὡς
1001 1374 1133 1445 μηδὲ
1192 1373 1470 1444 συγκρίσει
1509 1374 1575 1443 τῇ
1621 1370 1761 1425 κατὰ
1799 1372 1926 1434 τοὺς

344 1469 530 1539 λόγους
558 1468 694 1539 πρὸς
720 1467 950 1537 ἀλλήλας
979 1465 1414 1538 παραϐάλλεσθαι
1442 1465 1540 1529 τὰς
1563 1465 1792 1536 βίϐλους,
1815 1472 1923 1523 etc.

2021 540 2195 594 lorum
2226 539 2596 594 ascribuntur.
2630 536 2696 589 Et
2725 535 2870 604 infra
2900 549 2919 588 :
2948 534 3116 590 Porro
3148 537 3604 599 Constitutiones,

2022 631 2299 686 extribus
2348 629 2616 684 duntaxat
2657 627 2930 697 capitibus
2975 628 3385 698 reprehensioni
3416 629 3606 684 viden-

2024 729 2116 776 tur
2141 722 2391 776 obnoxiae
2423 740 2438 778 :
2472 736 2538 776 cx
2570 721 2709 775 mala
2738 719 2982 786 ﬁctione,
3011 737 3175 792 quam
3203 731 3603 794 excuterenon

2028 822 2110 868 est
2137 814 2352 868 ditlicile
2387 831 2402 869 :
2435 822 2490 867 et
2519 812 2664 883 quod
2693 823 2886 869 contra
2911 813 3388 871 Deuteronomium
3419 818 3606 872 crimi-

2029 909 2279 960 nationes
2320 906 2584 974 quasdam
2627 906 2928 972 adducant;
2959 909 3114 978 fquod
3159 908 3323 962 etiam
3348 908 3605 965 facillim

2028 998 2161 1053 dilui
2195 1005 2373 1068 potest
2405 1018 2417 1053 :
2451 1009 2504 1052 et
2531 998 2708 1052 adhuc
2735 1015 2800 1053 cx
2835 999 3176 1066 Arianismo;
3202 1001 3348 1071 quod
3381 1002 3603 1073 aliquis,

2036 1093 2162 1146 licet
2190 1093 2457 1146 violenter
2481 1094 2681 1163 poterit
2710 1093 3002 1160 depellere.
3035 1093 3300 1148 Caeterum
3340 1095 3476 1149 liber
3499 1096 3604 1149 Ac—

2031 1194 2207 1237 torum
2239 1185 2408 1248 Petri,
2447 1184 2738 1253 splendore
2760 1193 2814 1238 et
2859 1184 3162 1255 majestate,
3197 1184 3264 1238 ad
3294 1185 3409 1239 haec
3451 1186 3604 1256 puri-

2027 1285 2135 1331 tate
2165 1286 2217 1332 et
2239 1279 2600 1342 vehementia,
2633 1278 2864 1347 aliisque
2888 1278 3154 1333 orationis
3175 1278 3417 1342 dotibus,
3439 1286 3604 1350 atque

2027 1369 2312 1438 multiplici
2340 1369 2608 1432 doctrina,
2643 1376 2854 1422 tantum
2886 1367 3319 1425 Constitutiones
3343 1377 3600 1440 superat,

2026 1471 2086 1516 ut
2117 1463 2214 1517 hos
2247 1463 2388 1516 inter
2414 1463 2582 1518 libros
2606 1458 2760 1515 nulla
2807 1464 3163 1532 comparatio,
3197 1463 3263 1518 ad
3292 1478 3600 1519 sermonem

2020 1553 2167 1624 quod
2197 1555 2411 1618 attinet,
2435 1555 2648 1609 institui
2671 1555 2889 1621 debeat,
2911 1564 3019 1611 etc.

349 1709 566 1764 Nicetes
599 1704 1053 1771 Pectoratus,Lib.
1081 1717 1265 1760 contra
1287 1705 1537 1777 Latinos,
1565 1715 1682 1775 post
1711 1707 1959 1762 medium.
1995 1706 2157 1761 Tomo
2197 1719 2342 1760 sexto
2374 1707 2619 1777 Antiqua:
2648 1708 2932 1770 Lectionis,
2974 1709 3137 1765 Ilenr.
3169 1709 3372 1766 Canisii
3389 1727 3407 1774 ;
3443 1721 3494 1766 et
3523 1713 3580 1766 in

484 1779 812 1849 Bibliotheca
836 1777 1078 1845 Patrum,
1113 1788 1238 1832 tom.
1274 1776 1379 1842 IV,
1403 1786 1542 1846 part.
1576 1792 1637 1841 ιι,
1668 1793 1757 1830 nec
1793 1793 1896 1830 non
1919 1777 2057 1844 apud
2082 1778 2404 1843 Baronium,
2450 1776 2735 1831 Annalium
2761 1789 2888 1835 tom.
2917 1778 3002 1844 11,
3042 1783 3096 1834 in
3135 1781 3451 1849 Appendice.

414 1936 797 2007 Apostolorum
826 1935 1077 1994 vertices.
1113 1935 1165 1988 in
1198 1934 1390 2004 quinto
1411 1934 1628 2004 quidem
1653 1933 1796 1987 libro
1836 1930 2275 1999 Ordinationum,
2302 1935 2396 2005 qui
2444 1934 2512 1990 de
2544 1938 2874 2008 martyribus
2910 1937 3253 2002 inscribitur,
3280 1939 3436 2008 juxta
3470 1941 3599 1997 Cleo

346 2035 580 2084 mentem
607 2029 652 2060 ⁸⁸
687 2047 701 2084 :
735 2027 997 2095 Quartam
1042 2027 1234 2091 [etiam
1271 2037 1318 2081 et
1341 2037 1544 2081 sextam
1579 2030 1821 2098 pra’cepit
1851 2028 1997 2082 nobis
2022 2027 2264 2096 jejunare
2299 2027 2551 2081 Dominus
2575 2047 2592 2082 :
2624 2047 2784 2082 unam
2817 2030 3019 2100 quidem
3043 2073 3057 2095 ,
3102 2042 3312 2100 propter
3342 2032 3594 2086 traditio-

349 2137 487 2184 nem;
523 2121 770 2186 alteram,
798 2130 1007 2190 propter
1034 2122 1328 2189 passionem
1352 2134 1370 2172 :
1406 2121 1578 2188 ipsum
1612 2131 1784 2175 autem
1826 2121 2117 2176 Sabbatum
2142 2120 2184 2149 ⁸⁸
2209 2137 2309 2172 non
2337 2119 2560 2173 tradidit
2587 2122 3010 2192 nobisjejunare,
3034 2125 3280 2194 quoniam
3304 2142 3406 2178 non
3438 2141 3595 2194 oper-

351 2223 442 2276 tet,
470 2223 667 2273 preter
695 2213 832 2267 illud
869 2214 1061 2277 solum,
1094 2215 1148 2266 in
1182 2230 1282 2283 quo
1312 2209 1534 2266 Creator
1564 2214 1819 2278 omnium,
1852 2213 1946 2267 sub
1982 2225 2121 2268 terra
2152 2214 2274 2283 fuit.
2309 2212 2464 2268 Unde
2491 2215 2644 2282 juxta
2676 2217 2878 2270 calcem
2919 2216 3161 2283 ejusdem
3213 2217 3358 2278 libri,
3392 2216 3590 2272 iterum

347 2305 424 2359 sic
448 2304 695 2375 loquitur
719 2303 766 2336 ⁸⁸
799 2324 810 2358 :
849 2303 1014 2359 Omne
1041 2303 1247 2374 quidem
1273 2303 1563 2358 Sabbatum
1592 2313 1641 2358 et
1671 2321 1875 2359 omnem
1908 2305 2243 2358 Dominicum
2274 2304 2642 2358 celebrandum
2671 2306 2715 2337 ⁸⁸
2747 2324 2858 2360 esse
2893 2307 3139 2363 dicimus.
3175 2308 3413 2363 Gaudere
3441 2311 3581 2363 enim

348 2405 548 2464 oportet
577 2397 630 2449 in
661 2397 762 2460 his,
795 2407 843 2450 et
875 2413 976 2450 non
1007 2395 1201 2465 lugere.
1228 2395 1469 2466 Septimo
1491 2397 1710 2466 quidem
1748 2396 1889 2451 libro
1921 2413 2107 2452 earum
2140 2397 2624 2460 Constitutionum,
2655 2399 2811 2466 juxta
2841 2399 3161 2453 vicesimum
3202 2412 3454 2468 quartum
3490 2418 3587 2457 ca-

349 2495 440 2550 put
470 2486 538 2550 ⁸τ,
563 2487 669 2540 hoc
697 2486 950 2555 inquiunt
979 2505 992 2539 :
1025 2485 1310 2539 Sabbatum
1342 2502 1565 2557 namque
1584 2496 1633 2539 et
1656 2487 1984 2540 Dominicum
2015 2486 2336 2541 celebramus
2357 2490 2448 2552 ⁸⁷*;
2471 2489 2594 2557 quia
2624 2487 2756 2541 illud
2787 2488 2993 2553 quidem
3043 2491 3233 2546 divine
3269 2495 3588 2561 operationis

345 2588 422 2632 est
451 2580 726 2642 memoria,
759 2579 844 2632 hic
866 2580 913 2611 ⁸⁸
939 2596 1056 2633 sero
1087 2581 1507 2636 resurrectionis.
1546 2580 1718 2634 Unum
1752 2596 1868 2634 vero
1894 2589 2097 2632 tantum
2127 2580 2416 2635 Sabbatum
2449 2581 2846 2636 custodiendum
2878 2594 2954 2636 est
2981 2585 3034 2638 in
3068 2596 3175 2640 toto
3207 2605 3365 2653 anno,
3400 2589 3584 2658 Sepul-

351 2682 482 2726 turz
515 2673 765 2736 Domini;
793 2691 894 2744 quo
911 2674 1162 2743 jeiunare
1185 2685 1406 2744 oportet.
1435 2675 1662 2741 Quando
1705 2677 1842 2729 enim
1872 2674 2113 2730 Christus
2156 2674 2213 2728 in
2258 2675 2494 2745 sepulcro
2528 2675 2728 2745 jacuit,
2772 2676 3018 2747 discipuli
3045 2683 3388 2749 potentiorem
3449 2684 3594 2738 circa

346 2784 462 2821 eum
511 2769 693 2836 ﬂetum
721 2767 1002 2835 habebant,
1027 2786 1186 2840 quam
1216 2771 1470 2843 gaudium
1499 2786 1562 2824 ea:
1593 2770 1844 2825 memoria
1872 2769 2063 2822 divince
2094 2770 2433 2837 operationis,
2466 2776 2574 2827 etc.

1786 2927 1956 2984 Multo
1985 2941 2102 2999 post
2123 2946 2143 2984 :

420 3087 474 3142 In
499 3095 654 3146 sexto
675 3088 817 3143 libro
841 3087 1136 3144 Clementis
1167 3086 1611 3153 Ordinationum,
1639 3104 1761 3159 quae
1799 3089 1870 3144 ab
1897 3103 1962 3143 eo
1992 3087 2320 3159 conscriptae
2361 3097 2513 3155 sunt,
2560 3089 2718 3157 juxta
2765 3090 3056 3160 septimum
3102 3089 3372 3158 decimum
3403 3105 3592 3172 caput,

345 3182 580 3251 apostoli
610 3182 728 3236 haec
758 3179 950 3234 dicunt
980 3198 996 3235 :
1026 3179 1341 3248 Episcopum
1365 3190 1416 3236 et
1435 3181 1792 3251 presbyterum
1821 3190 1871 3236 et
1897 3180 2203 3243 diaconum,
2241 3178 2488 3245 dicimus,
2518 3183 2607 3250 qui
2634 3198 2794 3234 unam
2831 3181 3020 3236 habent
3048 3197 3286 3247 uxorem,
3317 3183 3587 3244 ordinari.

347 3276 579 3328 ouamtis
607 3276 781 3328 vivant
811 3290 991 3328 eorum
1022 3274 1286 3344 conjuges,
1311 3276 1546 3344 quamvis
1568 3273 1831 3342 defuncta:
1852 3289 1872 3328 .'
1903 3290 2005 3329 non
2051 3273 2168 3326 licet
2207 3289 2294 3326 eos
2320 3281 2437 3340 post
2476 3291 2663 3327 manus
2686 3273 2732 3305 ⁸⁹
2764 3275 3147 3344 impositionem
3174 3275 3420 3343 innuptas
3454 3293 3588 3341 esse,

348 3383 436 3423 nec
458 3368 668 3436 insuper
690 3365 759 3421 ad
791 3368 1003 3438 nuptias
1036 3368 1147 3432 ire;
1176 3376 1267 3421 aut
1297 3367 1342 3421 si
1366 3368 1655 3437 nupserint,
1689 3367 1886 3422 alteras
1919 3365 2183 3435 amplecti,
2215 3362 2305 3420 sed
2328 3365 2557 3435 suﬂicere
2574 3383 2708 3436 quas
2739 3365 2928 3420 habent
2953 3381 3072 3420 cum
3097 3365 3165 3420 ad
3192 3366 3576 3421 ordinationem

348 3469 610 3516 uenerunt.

1768 3567 1931 3623 Circa
1966 3567 2121 3638 ﬁnem
2150 3585 2167 3622 :

417 3731 633 3803 Reliqui
668 3738 848 3785 autem
893 3724 1196 3791 Verticum,
1244 3724 1299 3779 in
1329 3724 1560 3794 septimo
1591 3723 1636 3757 ⁵ο
1671 3725 1812 3780 libro
1857 3722 2288 3787 lnstitutionum,
2322 3721 2476 3792 juxta
2519 3731 2735 3783 sextum
2777 3720 3053 3778 decimum
3117 3727 3282 3793 caput
3319 3719 3586 3790 liquidius

347 3825 600 3882 dixerunt
631 3844 643 3878 :
675 3825 881 3881 Scimus
904 3824 1061 3886 enim,
1087 3820 1264 3891 inquit
1287 3819 1434 3885 ⁵¹-⁵’,
1467 3819 1589 3889 quia
1622 3819 1676 3874 hi
1730 3819 1820 3890 qui
1863 3818 2007 3871 circa
2053 3817 2352 3881 Simonem,
2388 3827 2438 3871 et
2487 3816 2778 3880 Cleobium,
2822 3825 2872 3871 et
2899 3813 3130 3880 ludam,
3173 3816 3593 3884 conscripserunt

349 3918 506 3973 libros
538 3919 592 3972 in
633 3918 838 3971 nomine
859 3913 1058 3970 Christi
1086 3922 1134 3967 et
1170 3912 1546 3980 discipulorum
1595 3912 1730 3981 ejus,
1762 3911 2140 3980 circumferunt
2178 3909 2246 3964 ad
2283 3909 2637 3978 seductionem
2678 3918 2923 3972 vestram,
2955 3917 3006 3962 et
3034 3924 3214 3962 eorum
3245 3909 3334 3978 qui
3362 3907 3594 3976 diligunt

348 4009 634 4075 Christum,
677 4017 727 4063 et
763 4026 864 4071 nos
906 4024 1078 4066 servos
1113 4007 1295 4076 ipsius.
1341 4003 1407 4057 Et
1448 4005 1503 4058 in
1537 4003 1791 4057 veteribus
1831 4003 2046 4074 quidam
2088 4004 2504 4070 conscripserunt
2533 4003 2693 4057 libros
2740 3999 3058 4070 apocryphos
3093 3999 3285 4069 Moysi,
3316 4011 3362 4054 et
3391 4000 3590 4056 Enoch.

346 4114 394 4157 et
415 4103 608 4168 Adam,
645 4100 827 4166 Isaia’,
864 4109 913 4155 et
938 4097 1126 4163 David,
1173 4107 1223 4153 et
1258 4097 1413 4161 Elite,
1443 4105 1492 4151 et
1531 4097 1691 4149 trium
1721 4095 2174 4166 patriarcharum,
2203 4096 2564 4165 corruptiones
2601 4094 2852 4164 facientes
2885 4103 3040 4163 atque
3073 4093 3309 4146 ueritatis
3347 4093 3590 4146 inimicos

349 4194 531 4249 libros.

421 4287 744 4341 Humbertus
793 4301 1060 4356 episcopus
1092 4283 1263 4355 Sylva:
1292 4281 1578 4347 Candidas,
1610 4282 1664 4334 in
1697 4280 2034 4351 responsione
2070 4279 2140 4347 ad
2169 4277 2374 4334 Niceti:
2405 4279 2618 4344 librum,
2652 4279 2818 4333 multo
2862 4287 2978 4349 post
3015 4277 3223 4331 initium
3243 4293 3266 4339 ,°
3305 4276 3518 4332 ibidem.

409 4442 840 4516 iteprehendens
867 4441 1012 4496 enim
1044 4456 1167 4503 nos,
1199 4453 1299 4492 cur
1322 4439 1632 4509 jejunemus
1658 4435 1933 4499 Sabbatis,
1965 4435 2144 4491 dicis:
2173 4436 2381 4503 Quarta
2409 4445 2460 4492 et
2489 4445 2638 4491 sexta
2676 4434 2810 4503 feria
2837 4433 3039 4503 juqiter
3068 4433 3455 4504 jejunandum;
3484 4451 3591 4488 una

345 4551 557 4608 propter
583 4535 942 4598 traditionem,
973 4533 1142 4610 altera
1168 4541 1376 4601 propter
1405 4533 1698 4601 passionem
1729 4529 1974 4594 Domini;
2017 4529 2249 4584 Sabbato
2278 4540 2450 4584 autem
2494 4547 2782 4600 nunquam,
2822 4530 2926 4582 nisi
2952 4544 3074 4582 uno.
3117 4526 3182 4580 Et
3214 4527 3314 4581 hoc
3345 4543 3592 4605 asserere

347 4632 566 4688 conaris
596 4648 660 4686 ex
688 4628 1014 4700 apocryphis
1051 4627 1206 4680 libris
1235 4634 1287 4680 et
1310 4624 1635 4685 canonibus,
1689 4623 1806 4693 pari
1838 4624 2111 4676 sententia
2154 4630 2470 4677 sanctorum
2502 4622 2726 4677 Patrum
2766 4621 3090 4692 repudiatis.
3131 4619 3266 4674 Nam
3292 4620 3589 4676 Clementis

348 4724 484 4780 liber
509 4724 580 4788 ⁸³,
622 4723 675 4778 id
706 4730 792 4779 est
844 4720 1194 4775 itinerarium
1233 4717 1383 4773 Petri
1435 4715 1706 4786 apostoli,
1757 4721 1812 4769 et
1835 4715 2091 4770 Canones
2149 4716 2524 4784 apostolorum
2586 4723 2949 4769 numerantur
2977 4713 3024 4744 ⁸⁸
3054 4714 3197 4767 inter
3251 4713 3585 4783 apocrypha.

346 4815 591 4886 exceptis
628 4812 886 4884 capitulis
935 4810 1366 4880 quinquaginta,
1401 4822 1521 4876 quae
1568 4804 1930 4860 decreverunt
1970 4805 2176 4884 regulis
2219 4805 2540 4859 orthodoxis
2563 4805 2608 4837 "
2638 4804 3003 4875 adjungenda.
3056 4803 3212 4859 Unde
3243 4821 3340 4859 nos
3373 4820 3586 4875 quoque

347 4925 508 4964 omne
546 4905 894 4978 apocryphon
929 4903 975 4935 “
1003 4900 1349 4972 abjicientes,
1381 4898 1742 4969 dedignamur
1774 4896 1967 4952 audire
2003 4911 2193 4952 eorum
2239 4895 2519 4954 fabulosas
2564 4899 2910 4963 traditiones,
2942 4898 3070 4970 quia
3114 4914 3223 4955 non
3253 4907 3382 4953 sunt
3417 4908 3474 4953 ut
3503 4899 3586 4954 lex

347 4997 584 5054 Domini.

417 5135 667 5206 Georgius
703 5132 990 5194 Cedrenus,
1032 5129 1088 5183 in
1130 5125 1445 5197 Compendio
1486 5125 1890 5206 Historiarqu
1937 5125 2184 5206 editionis
2217 5124 2481 5206 X‘ylandri
2520 5142 2642 5198 pag.
2676 5127 2800 5192 {73,
2869 5127 2966 5181 lin.
3002 5127 3095 5190 52,
3139 5137 3245 5183 etc.
3309 5129 3581 5185 Editionis

1509 5199 1662 5268 regia:
1696 5208 1826 5252 tom.
1863 5194 1914 5260 I,
1937 5211 2060 5265 pag.
2089 5197 2216 5261 211,
2242 5197 2310 5261 Α,
2334 5205 2442 5252 etc.

414 5368 553 5441 Περὶ
562 5361 624 5421 οὗ
641 5366 824 5429 ὲνταῖς
833 5359 1578 5427 ἀποστολικαῖςΔιατάξεσινὸ
1601 5360 1771 5430 μέγας
1791 5359 1918 5427 ἀπό-

345 5465 530 5527 στολος
540 5461 745 5533 Πέτρος
755 5459 896 5513 οὕτω
914 5458 1113 5528 φάσκει
1131 5473 1146 5487 ·
1175 5456 1244 5510 Ἠ
1259 5454 1327 5508 δὲ
1346 5453 1613 5522 καταρχὴ
1635 5453 1753 5507 τῶν
1763 5453 1917 5508 νέων

407 5685 452 5720 ⁸⁸
480 5685 517 5741 l'.
545 5686 871 5754 ἐπαφιεῖσιν.
938 5677 1247 5754 “iagsive'o.
1278 5678 1483 5754 “~Cap.
1517 5680 1605 5754 l5.
1667 5680 1711 5711 ⁸⁸
1733 5679 1803 5754 al.
1821 5679 1992 5748 jejunc

2026 5697 2065 5733 ‘e
2082 5679 2402 5754 Sabbatum.

706 5754 747 5784 ⁸⁷
786 5752 922 5822 Cap.
969 5753 1063 5808 2'5.
1098 5753 1185 5822 "‘7
1210 5754 1280 5807 al.
1317 5749 1645 5804 Dominicam
1674 5749 2038 5822 celebremus,
2078 5751 2122 5822 ⁸⁸
2145 5751 2214 5802 al.
2243 5749 2399 5822 hwc._
2447 5749 2491 5822 ⁸³
2519 5750 2590 5804 al.
2616 5766 2887 5806 manuum.
2964 5753 3008 5784 ⁵⁰
3034 5753 3071 5808 ι
3107 5763 3276 5808 sexto.
3355 5755 3469 5792 “-”
3505 5759 3576 5809 al.

345 5753 606 5809 brandam

2090 5360 2285 5433 Dequo
2303 5362 2356 5415 in
2370 5361 2869 5416 Constitutionibus
2884 5362 3200 5432 apostolicis
3217 5377 3444 5434 magnus
3461 5377 3587 5432 apo-

2019 5456 2197 5510 stolus
2228 5455 2426 5511 Petrus
2470 5455 2546 5508 ita
2573 5455 2835 5510 disserit:
2865 5454 3103 5509 ereses
3140 5472 3259 5510 vero
3294 5472 3442 5510 noua:
3480 5458 3587 5511 ini-

2496 5679 2539 5710 ⁸³
2562 5677 2693 5749 Cap.
2725 5679 2814 5733 20.
2893 5682 2937 5712 ⁸⁸
2966 5683 3037 5735 al.
3089 5681 3418 5736 Dominicam
3452 5687 3583 5737 cele-

344 5829 606 5896 inquiunt.
681 5823 823 5877 "al.
867 5818 1078 5877 librum.
1151 5821 1198 5855 ⁸⁸
1221 5823 1270 5876 al
1334 5836 1684 5874 numerauere.
1760 5820 1804 5852 "
1831 5820 1881 5874 al
1937 5820 2278 5876 orthodoxiw.
2358 5818 2493 5920 “al.
2534 5837 2733 5877 omnem
2762 5824 3131 5895 apocryplmm.
