4064 6256
321 411 422 466 555
1169 392 1773 454 CONSTITL’TIONES
1807 392 2001 449 APOST

2007 390 2282 447 l‘OLlCzE.
2318 421 2386 428 —
2426 385 2764 441 PROOEHM
2777 427 2788 440 .
3077 445 3087 454 _
3481 382 3585 435 554

319 522 439 576 όδου
469 517 815 588 ἀπηγόρευσε
844 516 942 587 τὴν
981 510 1187 566 τούτων
1224 512 1545 580 ἀνάγνωσιν,
1595 511 1681 564 διὰ
1712 511 1774 563 τὸ
1810 527 1868 576 γε
1929 509 1973 564 Α

2007 524 2188 562 carum
2224 507 2506 559 lectionem
2541 502 2842 571 prohibuit,
2908 501 3164 570 quoniam
3197 501 3250 554 in
3284 499 3394 552 illis
3425 500 3584 552 adol-

321 613 506 666 νέσθαι
537 607 909 680 παραποίησιν
939 607 994 658 ἐν
1023 605 1224 666 αὐταῖς,

2007 599 2200 652 teratio
2244 596 2386 649 facta
2429 601 2533 648 est.
2568 593 2700 661 Lege
2737 591 2968 660 ejusdem
2998 590 3267 659 Responsa
3310 591 3377 644 ad
3415 589 3590 644 Inter--

2004 689 2301 759 rogationes
2345 685 2516 740 Marci
2548 683 2916 746 Alexandrini,
2966 701 3084 753 cap.
3126 685 3149 738 1
3197 693 3245 738 et
3279 683 3334 749 2,
3371 684 3428 737 in
3457 682 3591 736 Jure

2004 778 2476 841 Graeco-Romano,
2511 787 2636 832 tom.
2662 775 2712 838 Ι,
2744 792 2796 844 p.
2821 777 2952 830 563.

327 897 611 952 Matt/ntus
649 897 956 962 Blastares,
999 893 1229 948 nondum
1262 892 1473 956 editus,
1530 893 1679 945 initio
1708 890 2047 954 Collectionis
2093 910 2374 956 canonum,
2403 908 2497 962 per
2534 891 2748 958 titulos,
2790 888 2973 946 ordine
3019 887 3387 958 alphabetico;
3415 885 3592 942 uiride

1607 962 1897 1017 canonibus
1936 965 2316 1034 apostolorum.
2577 973 2580 976 ’

381 1081 530 1151 ,Φησὶ
556 1080 665 1149 γὰρ
712 1079 773 1149 (ὴ
813 1080 944 1146 ἁγία
977 1078 1072 1130 καὶ
1099 1075 1452 1146 οίκουμενικὴ
1497 1074 1632 1145 ’έκτη
1672 1072 1917 1142 σύνοδος)

2088 1075 2179 1129 Ait
2209 1075 2378 1137 enim.
2426 1074 2638 1145 (sancta
2677 1084 2732 1130 et
2761 1071 3118 1128 metimenira.
3143 1079 3296 1126 sexta
3329 1071 3594 1141 synodus)

324 1175 448 1236 τοὺς
505 1173 612 1225 ὑπὸ
646 1171 752 1223 τῶν
801 1171 906 1241 πρὸ
953 1169 1108 1239 ἡμῶν
1152 1168 1321 1236 ἁγίων
1377 1167 1635 1237 Πατέρων
1681 1166 1772 1218 καὶ
1828 1166 1918 1218 δε-

2021 1185 2049 1222 a
2085 1169 2293 1224 sanctis
2323 1167 2579 1222 Patribus
2619 1170 2710 1237 qui
2757 1175 2882 1220 ante
2925 1182 3024 1219 nos
3065 1164 3308 1224 fuerunt,
3347 1173 3595 1232 receptos

327 1265 552 1334 χθέντας
580 1263 674 1316 καὶ
701 1261 1062 1332 κυρωθέντας,
1095 1260 1228 1313 ἀλλὰ
1262 1260 1365 1331 μὴν
1387 1261 1482 1312 καὶ
1512 1260 1916 1331 παραδοθέντας

2019 1271 2182 1332 atque
2204 1261 2581 1321 conﬁrmatos,
2618 1260 2712 1314 sed
2744 1268 2798 1314 et
2831 1259 2989 1314 nobis
3027 1258 3246 1312 nomine
3276 1265 3595 1310 sanctorum

328 1359 454 1428 ἡμῖν
484 1357 568 1409 ἐπ’
599 1355 822 1426 ὀνόματι
868 1354 975 1406 τῶν
1004 1353 1174 1421 ἁγίων
1204 1353 1297 1405 καὶ
1327 1351 1550 1416 ἐνδόξων
1577 1351 1911 1416 ἀποστόλων,

2017 1361 2070 1406 ct
2119 1354 2483 1423 gloriosorum
2545 1351 2918 1420 apostolorum
2979 1350 3242 1412 traditos,
3317 1350 3596 1419 octoginta

329 1449 653 1520 ὀγδοήκοντα
682 1447 841 1499 πέντε
873 1446 1122 1510 κανόνας,
1169 1445 1230 1497 τὸ
1259 1444 1422 1516 κῦρος
1451 1443 1597 1514 ἔχειν
1629 1442 1720 1496 καὶ
1752 1443 1913 1513 ἡμεῖς

2017 1445 2263 1514 quinque
2289 1459 2554 1505 canones,
2589 1442 2972 1496 auctoritatem
3011 1442 3210 1496 habere
3249 1457 3348 1496 nos
3378 1457 3598 1513 quoque

326 1539 648 1610 κελεύομεν·
692 1538 830 1609 πλὴν
876 1538 986 1590 τῶν
1024 1537 1118 1590 τοῦ
1157 1537 1469 1608 Κλήμεντος
1505 1536 1802 1589 ἐπιστολῶν
1847 1553 1907 1588 τε

2015 1536 2386 1607 praecipimus,
2441 1535 2685 1604 exceptis
2726 1534 3026 1590 Clementis
3074 1535 3323 1604 epistolis
3366 1542 3420 1588 et
3463 1549 3602 1590 con-

327 1634 420 1688 καὶ
447 1630 759 1696 διατάξεων.
792 1624 962 1682 Ain-av.
1001 1629 1109 1700 γὰρ
1139 1629 1274 1701 πρὸς
1309 1629 1417 1681 τῶν
1450 1628 1724 1682 δυσσεεῶν
1775 1627 1908 1680 πολὺ

2018 1627 2402 1682 stitutionibus
2431 1646 2442 1680 :
2487 1628 2591 1681 illac
2619 1627 2764 1681 enim
2798 1626 2866 1679 ab
2897 1626 3079 1695 impiis
3122 1627 3348 1679 rmlltam
3382 1625 3599 1682 adulte-

325 1725 386 1777 τὸ
413 1724 564 1778 νόθον
593 1723 684 1776 καὶ
715 1722 982 1794 σφαλερὸν
1009 1720 1360 1784 εἰσεδέξαντο.

2019 1722 2286 1776 rationem
2319 1736 2382 1775 ac
2412 1720 2708 1776 falsitatem
2745 1727 3100 1790 acceperunt.

1519 1836 1743 1899 Ibidem,
1787 1837 1964 1891 littera
2004 1835 2069 1907 β’,
2109 1837 2282 1906 capite
2315 1835 2401 1890 Η.

400 1952 500 2014 Ἀς
525 1951 582 2003 δὲ
612 1949 933 2022 προστίθησι
975 1949 1063 2003 διὰ
1088 1949 1183 2003 τοῦ
1214 1950 1530 2021 Κλήμεντος
1569 1951 1663 2005 δύο
1692 1955 1913 2006 ὲπιστο-
1950 1960 1990 2014 Β

2085 1951 2236 2018 Quas
2297 1967 2426 2006 vero
2505 1952 2705 2022 (canon
2766 1951 3138 2020 apostolorum
3222 1946 3594 2016 octogesimus

325 2041 444 2107 ὶας,
475 2043 570 2096 καὶ
597 2042 696 2104 τὰς
725 2041 1052 2113 πονηθείσας
1078 2042 1252 2113 τούτῳ
1297 2042 1579 2108 Διατὰξεις
1617 2036 1725 2097 τῶν
1771 2046 1908 2099 ἁπο-

2013 2043 2264 2114 quintus)
2314 2043 2504 2114 adjicit
2551 2045 2690 2098 duas
2719 2041 3022 2097 Clementis
3080 2040 3384 2110 epistolas,
3429 2048 3483 2092 et
3524 2040 3593 2092 ab

325 2135 557 2188 στόλων·
593 2134 814 2206 ὕστερον
834 2137 861 2187 ὁ
884 2135 982 2204 τῆς
1010 2135 1178 2206 ἕκτης
1207 2136 1421 2188 συνόδου
1451 2136 1702 2208 δεύτερος
1729 2136 1908 2190 κανὼν

2011 2135 2200 2188 eodem
2217 2134 2525 2189 elaboratas
2553 2133 2992 2188 Constitutiones
3015 2133 3386 2203 apostolorum
3404 2171 3418 2194 ,
3438 2140 3592 2202 post-

323 2226 635 2299 διέγραψεν,
667 2228 742 2290 ὡς
774 2228 904 2280 πολὺ
925 2228 985 2280 τὸ
1011 2228 1163 2282 νόθον
1193 2229 1330 2300 πρὸς
1354 2229 1462 2282 τῶν
1492 2231 1783 2301 αἱρετικῶν
1813 2231 1907 2283 καὶ

2009 2241 2074 2279 ea
2119 2225 2396 2281 secundus
2436 2233 2604 2282 sext-.2
2635 2226 2831 2297 synodi
2879 2240 3055 2280 canon
3100 2225 3403 2296 abrogavit,
3435 2224 3592 2293 quasi

325 2319 748 2392 παρέγγραπτον
777 2319 1092 2391 δεξαμένας.

2009 2334 2131 2389 qua:
2157 2334 2254 2388 per
2287 2319 2572 2374 haereticos
2607 2319 2836 2372 multum
2868 2317 3285 2374 adulterationis
3314 2334 3378 2372 ac
3421 2318 3596 2371 inter-

2013 2411 2309 2481 polationis
2339 2411 2708 2481 accepissent.

1765 2518 1832 2572 Et
1859 2521 2018 2588 paulo
2048 2531 2198 2590 post:

396 2633 632 2699 Ἔξωθεν
660 2633 717 2689 δὲ
745 2633 852 2688 τῶν
883 2632 1310 2705 κανονιζομένων
1350 2629 1486 2687 εἷναί
1526 2652 1691 2707 φησιν
1722 2635 1779 2707 (ό
1812 2637 1909 2706 μέ-

2082 2635 2250 2690 Extra
2278 2644 2456 2690 autem
2497 2637 2796 2691 canonicos
2834 2637 3004 2691 libros
3047 2637 3122 2689 ait
3153 2651 3297 2699 esse.
3339 2635 3595 2707 (magnus

329 2744 428 2796 γας
465 2727 811 2796 Ἀθανὰσιος)
840 2727 937 2798 τὴν
966 2727 1166 2795 Σοφίαν
1211 2727 1575 2798 Σολομῶντος,
1623 2735 1764 2791 etc..
1813 2730 1912 2782 καὶ

2009 2725 2377 2797 Athanasius)
2430 2725 2767 2797 Sapientiam
2819 2726 3158 2792 Salomonis,
3211 2737 3344 2791 etc.,
3398 2735 3453 2782 et
3490 2726 3590 2780 Do-

325 2819 420 2891 τὴν
449 2819 677 2890 Διδαχὴν
706 2819 814 2872 τῶν
840 2819 1008 2888 ἁγίων
1030 2818 1370 2872 ἀποστόλων*
1395 2818 1599 2890 ταύτην
1625 2819 1681 2872 δὲ
1711 2821 1744 2890 ή
1772 2819 1906 2892 ἕκτη

2009 2820 2243 2874 ctrinam
2311 2826 2632 2875 sanctorum
2695 2822 3071 2891 apostolorum
3126 2837 3139 2872 :
3202 2821 3345 2875 hanc
3410 2829 3595 2874 autem

327 2909 540 2973 σύνοδος
564 2909 853 2981 ὴθέτησεν,
883 2908 961 2973 ὡς
986 2909 1299 2983 δεδήλωται.

2012 2921 2165 2966 sexta
2213 2911 2456 2982 synodus
2506 2911 2728 2981 reiecit,
2762 2909 3219 2984 quemadmodum
3261 2911 3373 2982 jam
3413 2911 3596 2966 decla-

2009 3009 2193 3058 ratum
2223 3011 2330 3058 est.

1260 3111 1328 3165 Et
1368 3115 1533 3183 intra,
1571 3113 1635 3170 de
1676 3132 1874 3171 canone
1914 3118 2282 3187 apostolorum
2320 3119 2666 3187 sexagesimo.

391 3226 467 3282 οὐ
497 3225 656 3299 μόνον
685 3225 797 3300 γὰρ
823 3227 874 3282 οἱ
903 3227 1030 3300 περὶ
1059 3227 1311 3281 πλείστου
1339 3229 1399 3282 τὸ
1427 3229 1620 3300 ψεῦδος
1649 3232 1910 3304 ποιούμεέ
1936 3241 1979 3297 C

2082 3233 2200 3288 Non
2228 3234 2405 3288 solum
2436 3234 2580 3288 enim
2606 3233 2701 3304 qui
2732 3232 2956 3287 maximi
2987 3231 3195 3287 faciunt
3225 3229 3591 3297 mendacium,

326 3336 425 3386 νοι,
451 3318 634 3390 λόγοις
660 3320 883 3384 οἰκείοις
911 3319 971 3373 τὸ
997 3321 1256 3385 δυσσεϐὲς
1284 3321 1462 3375 αὐτῶν
1492 3323 1745 3394 φρόνημα
1774 3341 1913 3395 κρα-

2012 3325 2253 3398 propriis
2276 3327 2430 3382 libris
2474 3326 2699 3397 impiam
2757 3341 2914 3381 suam
2956 3324 3285 3380 sententiam
3342 3323 3595 3378 nituntur

327 3412 497 3468 τύνειν
528 3411 847 3484 πειρῶνται,
877 3412 1011 3466 ἀλλὰ
1056 3415 1152 3467 καὶ
1186 3418 1302 3478 τοῖς
1345 3413 1452 3467 τῶν
1492 3415 1729 3470 εὐσεϐῶν
1780 3434 1911 3486 συγ-
1953 3404 1956 3406 ’

2014 3417 2379 3484 conﬁrmare;
2423 3418 2520 3472 sed
2577 3417 2741 3472 etiam
2776 3433 2896 3480 sua,
2949 3417 3170 3488 scriptis
3203 3416 3416 3487 piorum
3451 3414 3597 3469 inso-

327 3505 644 3577 γράμμασιν
689 3505 758 3559 τὰ
802 3505 1038 3577 σφέτερι
1084 3505 1524 3577 παρενείρουσιν·
1571 3507 1646 3571 ὡς
1688 3510 1745 3561 ὲν
1791 3512 1912 3574 ταῖς

2011 3517 2183 3576 runt;
2222 3508 2686 3579 quemadmodum
2725 3509 2780 3562 in
2814 3509 3134 3564 memoratis
3171 3507 3316 3561 sacri
3346 3505 3598 3562 Clemen-

328 3596 608 3669 ῥηθείσαις
637 3597 942 3661 ἐπιστολαῖς
969 3596 1064 3650 τοῦ
1096 3597 1242 3668 ἱεροῦ
1274 3596 1619 3670 Κλήμεντος,
1667 3601 1763 3653 καὶ
1789 3603 1911 3665 ταῖς

2010 3603 2084 3658 tis
2128 3602 2377 3673 epistolis
2423 3612 2477 3657 et
2514 3601 3018 3659 Constitutionibus
3065 3615 3348 3672 perperam
3394 3599 3596 3653 factum

325 3687 645 3755 Διατάξεσιν
674 3687 1060 3761 ὲσκαιὼρηται.
2017 3696 2043 3748 l‘
2044 3696 2144 3750 uit.

1090 3797 1156 3852 In
1193 3799 1375 3853 littera
1413 3806 1482 3864 κ’,
1523 3800 1694 3868 capite
1731 3800 1785 3866 5,
1829 3802 1918 3858 ubi
1954 3802 2017 3858 de
2053 3820 2256 3860 canone
2289 3805 2550 3860 Trullauo
2590 3777 2840 3861 secundo.

396 3913 536 3976 Τοὺς
562 3909 724 3965 πέντε
754 3912 848 3966 καὶ
878 3911 1206 3983 ὁγδοήκοντα
1231 3913 1339 3966 τῶν
1368 3913 1538 3981 ἁγίων
1570 3914 1902 3984 ἀποστόλων,

2078 3917 2370 3991 Octoginta
2400 3921 2648 3992 quinque
2692 3934 2934 3974 canones
2967 3925 3287 3972 sanctorum
3318 3917 3600 3984 apostolo-

330 4005 488 4076 φημὶ,
507 4003 646 4075 πλὴν
674 4001 784 4056 τῶν
811 4003 900 4057 διὰ
927 4004 1242 4077 Κλήμεντος
1260 4003 1588 4072 Διατὰξεων,
1610 3997 1770 4060 αὗται
1799 4008 1906 4080 γὰρ

2007 4027 2153 4076 rum,
2204 4014 2462 4084 inquam;
2519 4013 2762 4082 exceptis
2809 4010 3312 4066 Constitutiouibus
3353 4025 3450 4079 per
3476 4009 3600 4066 Cie-

329 4096 459 4151 πολὺ
505 4095 570 4152 τὸ
601 4095 754 4150 νόθον
799 4097 934 4166 πρὸς
973 4097 1082 4150 τῶν
1125 4095 1432 4158 κακοδόξων
1463 4096 1621 4169 δίκην
1651 4097 1907 4164 ζιζανίων

2009 4114 2248 4159 mentem
2279 4105 2500 4175 scriptis
2526 4104 2680 4174 (ipsa:
2707 4102 2852 4157 enim
2882 4102 3110 4156 multam
3143 4100 3597 4155 adulterationem

330 4187 674 4257 εἰσεδέξαντο,
707 4187 770 4242 τὸ
797 4188 963 4261 κῦρος
991 4187 1134 4259 ἔχειν
1161 4188 1393 4243 κελεύει.

2009 4207 2038 4245 a
2075 4209 2255 4263 pravae
2287 4195 2574 4251 sententia:
2624 4193 2973 4257 hominibus,
3035 4192 3212 4246 instar
3260 4191 3596 4246 zizaniorum

2011 4286 2364 4359 acceperunt)
2413 4285 2572 4356 jubet
2620 4285 2826 4340 habere
2879 4283 3283 4340 auctoritatem.
3327 4283 3454 4339 Vide
3483 4296 3593 4342 not.

2010 4377 2062 4430 in
2085 4376 2270 4434 Const.
2303 4396 2416 4448 ap.,
2451 4378 2543 4432 lib.
2576 4393 2653 4440 vr,
2688 4393 2735 4432 c.
2763 4377 2816 4433 8.

1019 4486 1344 4556 Nicepltorus
1385 4487 1623 4554 Callisti,
1668 4487 2062 4544 Ecclesiasticw
2100 4491 2338 4546 historia:
2408 4491 2500 4548 lib.
2533 4507 2618 4553 ιιι,
2661 4507 2777 4561 cap.
2814 4492 2882 4546 18

398 4599 593 4653 Τοῦτον
616 4600 933 4672 συγγραφέα
952 4603 1043 4655 καὶ
1064 4601 1170 4655 τῶν
1185 4602 1555 4657 ἁποστολικῶν
1570 4603 1896 4671 Διατὰξεων,
1934 4615 1976 4669 D

2073 4605 2231 4662 llunc
2261 4607 2641 4680 (Clementem)
2678 4616 2732 4663 et
2768 4607 3195 4678 apostolicarum
3236 4606 3600 4663 Constitutio-

328 4692 460 4747 ἀλλὰ
485 4695 550 4766 δὴ
577 4695 670 4747 καὶ
696 4694 803 4747 τῶν
837 4693 994 4765 ἱερῶν
1026 4693 1264 4748 κανόνων
1298 4694 1642 4766 πιστεύομεν.

2015 4715 2168 4766 num,
2197 4707 2250 4754 et
2279 4716 2563 4756 sacrorum
2594 4715 2814 4770 quoque
2844 4701 3272 4770 apostolicorum
3310 4701 3595 4756 Canonum

2019 4805 2302 4847 auctorem
2333 4809 2457 4849 esse
2487 4793 2789 4848 credimus.
2830 4793 2966 4865 Lege
2995 4796 3086 4852 lib.
3115 4811 3180 4861 ιι,
3211 4812 3259 4852 c.
3289 4795 3380 4853 46.

333 4931 552 5023 Niceros
583 4939 882 5023 Serrqnius,
914 4941 1102 5023 vellunt
1132 4940 1547 5023 alii,_§_erran_us
1584 4955 1676 4997 aut
1709 4944 1996 5023 $errensis,
2029 4946 2097 5000 ad
2128 4947 2435 5023 Orationem
2463 4951 2923 5023 quadragesignam
2954 4952 3236 5023 secundum
3272 4951 3598 5023 Βηθωροήὶ

401 5009 773 5096 ἐγαξὴιηιρξηίι
799 5011 1058 5096 ηιιηιεῖϐ,
1097 5012 1406 5096 ngh.i15§.
1431 5012 1509 5096 AC.
1550 5024 1675 5096 tam.
1711 5014 1795 5096 !I_.
1819 5016 1930 5096 ‘Ad

2007 5028 2071 5070 ita
2110 5018 2267 5096 uerba
2299 5009 2566 5096 Tlteol_ogi_,
2607 5009 2733 5096 εοῆι.
2770 5021 2820 5084 1,
2861 5022 3065 5096 p.685.
3108 5023 3177 5080 Α.
3209 5009 3596 5096 Τοιοῦτοννγὰρ

397 5079 458 5133 τὸ
491 5081 630 5162 ὑπὲρ
658 5078 1106 5162 ήμῶν-σφαγιον,
1125 5078 1323 5152 ἔνδυμα
1350 5083 1662 5162 ἀφθαρσίας
1697 5087 1792 5138 καὶ
1819 5085 1877 5162 δν
1909 5087 2001 5140 καὶ

2037 5088 2392 5160 καλούμενον.
2433 5078 2578 5145 Talis
2607 5094 2746 5146 enim
2776 5078 3101 5147 est'uictima
3125 5078 3218 5162 pro
3249 5095 3400 5147 nobis
3431 5078 3591 5159 ειέεά,

398 5167 514 5220 aute
552 5151 957 5221 incorruptionis
996 5151 1356 5206 indumentum
1393 5161 1444 5207 et
1475 5151 1554 5208 est
1591 5164 1640 5208 et
1677 5157 2001 5225 appellatur.

398 5242 534 5299 Illud
567 5255 765 5310 autem,
802 5245 1218 5316 Incorruptionis
1250 5245 1632 5313 indumentum,
1658 5265 1723 5303 ex
1757 5246 2047 5305 Octabiblo
2097 5249 2442 5308 Clementina
2482 5266 2757 5324 sumptum
2795 5261 2899 5316 est,
2934 5255 3023 5309 ubi
3064 5254 3181 5310 inec
3216 5255 3382 5310 verba
3420 5264 3587 5311 sunt:

335 5335 410 5391 Ut
439 5336 621 5408 dignos
660 5357 746 5395 eos
783 5338 973 5393 habeat
1021 5339 1230 5394 lavacro
1269 5341 1716 5411 regenerationis,
1765 5341 1904 5411 quod
1942 5343 2350 5412 incorruptionis
2403 5346 2765 5400 indumentum
2813 5355 2912 5400 est.
2953 5346 3011 5400 ln
3049 5345 3286 5403 Constit.
3331 5347 3428 5403 lib.
3462 5359 3586 5408 vm.

335 5446 452 5502 cap.
485 5430 540 5490 6.
571 5432 664 5487 ubi
697 5431 822 5486 vide
855 5438 974 5487 not.

400 5520 812 5577 Constitutiones
852 5521 1174 5591 apostolicos
1216 5521 1439 5576 laudant
1476 5533 1731 5591 praeterea
1759 5523 2106 5590 Anastasius,
2145 5545 2295 5599 quem
2337 5529 2433 5582 alii
2477 5528 2766 5594 Sinaitam,
2812 5530 2908 5584 alii
2950 5527 3231 5585 Nicwnum
3267 5541 3486 5593 vocant.
3538 5533 3596 5586 in

337 5613 698 5679 Qua'stionum
737 5627 784 5670 et
815 5614 1228 5685 Responsionth
1269 5616 1566 5682 volumine;
1605 5617 1851 5671 editionis
1893 5617 2001 5676 Gre.

2007 5622 2158 5682 tseri.
2187 5620 2344 5690 Resp.
2379 5623 2431 5686 1,
2474 5623 2527 5685 6,
2568 5622 2656 5685 12,
2701 5623 2788 5687 14,
2833 5623 2921 5685 15,
2966 5623 3054 5689 16,
3093 5623 3185 5686 20,
3225 5623 3318 5687 2‘2,
3359 5624 3455 5688 55,
3497 5624 3590 5682 46.

333 5707 420 5770 52,
457 5708 546 5770 60,
589 5709 657 5764 64
695 5717 745 5762 et
777 5708 866 5764 65.
914 5706 1171 5762 Nicotaus
1200 5706 1580 5772 Hemonensis,
1618 5709 1695 5764 De
1732 5725 1966 5782 corpore
2004 5726 2051 5770 cl
2095 5716 2364 5785 sanguine
2393 5715 2624 5780 Christi,
2669 5716 2725 5769 in
2755 5715 3086 5770 Bibliotheca
3118 5715 3360 5779 Patrum,
3393 5725 3442 5770 et
3475 5716 3588 5769 alii.

336 5795 565 5869 Denique
603 5817 636 5853 a
666 5801 848 5854 multis
888 5799 1133 5868 refertur,
1165 5798 1452 5867 Ethiopes.
1469 5799 1564 5855 has
1583 5801 1994 5863 Constitutiones
2037 5823 2288 5877 pro-vere
2332 5809 2634 5879 apostolicis
2682 5809 2892 5864 habere.
2938 5810 3058 5877 Qua
3087 5809 3152 5864 de
3188 5815 3243 5864 re
3279 5809 3396 5879 plus
3435 5807 3594 5864 semel

330 5889 532 5959 egimus
570 5891 626 5945 in
664 5891 824 5946 notis.

621 5988 889 6050 PLTBOL.
926 5989 1040 6050 Gn.
1077 5985 1125 6048 Ι.

2842 6075 2853 6086 .
3287 5991 3357 6052 is
