4080 6260
280 2128 285 2131 ·
397 2136 528 2178 vero
561 2124 701 2179 idem
728 2126 844 2196 ipse
875 2128 999 2185 dico
1039 2131 1196 2187 vobis
1236 2152 1248 2188 :

393 283 496 336 55“

1208 276 1294 347 ιε.
1337 271 1731 331 CLEMENTlS
1768 270 1784 322 l
1820 268 1983 323 ΗΘΜ.
2018 265 2219 321 ΡΟΝΤ.
2262 262 2489 318 OPERA
2532 259 2757 317 DUBlA.

3314 218 3315 221 η
3360 206 3453 218 .--αθ

3542 257 3649 313 i360

391 405 444 450 et
480 409 599 464 qtae
622 390 713 448 Dei
744 393 1007 448 voluntati
1041 390 1267 447 adversa
1295 400 1424 447 sunt
1466 390 1664 452 faciat;
1706 385 1796 440 ille
1826 400 1886 437 ac
1912 383 1958 437 si
1989 428 1995 442 ,

2082 377 2297 449 ταδιὼκῃ
2332 378 2425 430 καὶ
2459 375 2527 429 τά
2554 374 2772 427 ἐναντία
2802 371 2881 444 τῷ
2909 371 3179 444 θελήματι
3202 368 3295 424 τοῦ
3334 368 3468 422 Θεοῦ
3505 376 3654 444 ποιῇ,

392 503 456 540 ex
487 491 659 556 gente.
678 484 864 556 iniqua
894 490 1064 548 esset,
1095 497 1124 536 a
1150 481 1261 538 Deo
1294 481 1655 553 reputabitur.

909 662 1135 718 CAPUT
1171 660 1462 717 PRIMUM.

1008 753 1086 808 De
1120 755 1369 809 avaritia.

472 845 749 901 Abstinete
777 846 944 914 igitur
970 846 1039 899 ab
1081 846 1229 900 omni
1276 844 1506 899 avaritia
1548 852 1602 897 et
1650 839 1963 911 injustitia':

394 937 595 991 etenim
628 937 683 991 in
706 937 823 1009 lege
868 937 1128 1006 scriptum
1170 944 1301 992 est:
1357 955 1375 988 ι
1431 935 1550 991 Νοη
1608 936 1969 1006 concupisces

394 1044 620 1085 uxorem
677 1029 911 1099 proximi
978 1030 1095 1095 tui,
1146 1045 1322 1099 neque
1372 1044 1561 1101 agrum
1600 1030 1752 1099 'ejus,
1793 1043 1969 1099 neque

394 1135 613 1175 servum
662 1121 803 1190 ejus,
852 1137 1031 1191 neque
1081 1122 1335 1175 ancillam
1369 1123 1509 1190 ejus,
1560 1137 1737 1193 neque
1775 1122 1969 1177 bovem

394 1212 537 1279 ejus,
571 1228 746 1281 neque
772 1212 1055 1283 subjugale
1080 1212 1219 1282 ejus,
1245 1228 1346 1268 nec
1371 1228 1711 1284 quaecunque
1735 1216 1970 1285 proximi

395 1304 475 1358 tui
506 1313 634 1359 sunt
659 1304 743 1369 ⁷³;
798 1322 818 1357 ι
863 1305 991 1374 quia
1033 1304 1213 1359 omnis
1247 1303 1443 1359 horum
1473 1305 1745 1375 cupiditas
1774 1322 1805 1360 a
1826 1309 1970 1362 malo

394 1402 498 1450 est.
532 1395 634 1462 Qui
678 1396 822 1451 enim
865 1412 1111 1460 uxorem,
1154 1406 1247 1450 aut
1284 1412 1525 1461 servum,
1573 1404 1668 1452 aut
1712 1399 1968 1453 ancillam

395 1487 629 1556 proximi
669 1488 1044 1558 concupiscit;
1072 1488 1186 1556 jam
1209 1497 1391 1544 mente
1414 1489 1631 1545 adulter
1659 1506 1723 1545 ac
1747 1491 1832 1546 l‘ur
1850 1503 1970 1560 est;

395 1579 503 1634 nisi
535 1580 841 1650 resipiscat,
866 1581 1148 1650 judicatus
1177 1589 1263 1638 est
1287 1598 1319 1637 a
1351 1582 1579 1639 Domino
1606 1594 1800 1642 nostro
1839 1586 1969 1644 Jesu

398 1669 660 1737 Christo;
693 1686 789 1740 per
814 1688 972 1741 quem
1005 1672 1115 1728 Deo
1161 1674 1355 1744 gloria,
1400 1675 1455 1729 in
1507 1678 1727 1733 swcula.
1773 1679 1966 1737 Amen.

2066 471 2143 534 ὡς
2173 470 2490 541 παράνομον
2547 467 2719 531 ἔθνος,
2759 465 2837 538 τῷ
2883 464 3001 536 Θεῷ
3051 466 3081 517 6
3123 462 3364 527 τοιοῦτος
3405 463 3661 533 λογισθή-

2071 579 2244 615 σεται.

2596 649 2991 705 ΚΕΦᾹΔΑῙΟΝ
3032 650 3109 702 A'.

2592 741 2728 809 Περὶ
2757 741 3133 806 πλεονεξίας.

2155 836 2445 907 Ἀπέχεσθε
2476 832 2567 890 οὖν
2596 832 2778 904 πάσης
2811 832 3120 897 πλεονεξίας
3153 835 3250 888 καὶ
3286 831 3496 895 ἀδικίας
3518 848 3531 861 ·
3566 832 3663 889 καὶ

2069 930 2177 1001 γὰρ
2205 930 2263 982 ἐν
2291 928 2369 999 τῷ
2388 928 2537 998 νόμῳ
2568 926 2875 997 γέγραπται
2907 941 2920 954 ·
2973 944 2991 976 ι
3046 925 3159 978 Ούκ
3196 924 3551 996 ἐπιθυμήσεις
3584 926 3660 999 (9)

2068 1021 2167 1093 τὴν
2196 1024 2427 1091 γυναῖκα
2453 1017 2547 1073 τοῦ
2581 1018 2813 1090 πλησίον
2845 1034 2960 1080 σου,
2996 1016 3116 1070 οὑδὲ
3142 1017 3232 1070 τὸν
3275 1016 3441 1089 ἀγρὸν
3470 1018 3659 1084 αὑτοῦ,

2072 1113 2193 1167 οὐδὲ
2220 1112 2312 1165 τὸν
2333 1112 2496 1165 παῖδα
2518 1109 2704 1172 αὑτοῦ,
2725 1108 2847 1162 οὔτε
2867 1107 2963 1179 τὴν
2994 1107 3284 1179 παιδίσκην
3316 1107 3504 1171 αὑτοῦ,
3534 1110 3660 1164 οὔτε

2070 1205 2161 1257 τὸν
2193 1204 2317 1275 βοῦν
2347 1202 2534 1266 αὑτοῦ,
2567 1202 2689 1256 οὔτε
2717 1201 2777 1255 τὸ
2824 1199 3119 1268 ὑποζύγιον
3160 1198 3348 1263 αὑτοῦ,
3392 1198 3514 1253 οὕτε
3559 1202 3662 1256 ὅσα

2071 1294 2165 1348 τοῦ
2198 1295 2427 1367 πλησίον
2458 1311 2550 1347 σου
2579 1294 2746 1347 ἐστίν·
2780 1312 2797 1344 ι
2833 1294 2965 1362 ὃτιή
2999 1293 3148 1344 πᾶσα
3173 1291 3376 1345 τούτων
3397 1292 3661 1365 ἐπιθυμία

2073 1389 2138 1442 ἐκ
2166 1387 2261 1440 τοῦ
2292 1386 2529 1458 πονηροῦ
2563 1385 2816 1457 ὑπάρχει.
2854 1386 2909 1437 Ὀ
2942 1383 3050 1454 γὰρ
3083 1383 3425 1454 ἐπιθυμήσας
3444 1382 3540 1453 τὴν
3564 1399 3663 1450 γυ·

2072 1482 2255 1543 ναῖκα,
2304 1479 2337 1550 ἢ
2382 1478 2472 1531 τὸν
2520 1478 2705 1540 παῖδα,
2751 1476 2784 1547 ἢ
2829 1476 2926 1547 τὴν
2970 1474 3258 1547 παιδίσκην
3287 1473 3379 1527 τοῦ
3412 1474 3657 1546 πλησίον,

2073 1571 2173 1643 ήδη
2207 1570 2348 1625 κατὰ
2366 1570 2599 1623 διάνοιαν
2631 1569 2817 1641 μοιχὸς
2845 1569 2937 1622 καὶ
2969 1567 3205 1639 κλέπτης
3224 1568 3391 1621 ἐστίν.
3427 1567 3555 1621 Ἐὰν
3585 1567 3659 1642 μὴ

2078 1664 2348 1735 μεταγνῷ,
2380 1664 2627 1733 κέκριται
2660 1663 2767 1733 (10)
2798 1662 2902 1715 ὑπὸ
2929 1660 3022 1714 τοῦ
3055 1660 3427 1733 Κυρίουήμῶν
3487 1659 3660 1732 Ἰησοῦ

397 1756 456 1813 In
485 1758 774 1831 Evangelio
805 1763 1094 1831 siquidem,
1127 1774 1397 1834 repetens,
1438 1766 1662 1824 ﬁrmans
1699 1782 1754 1825 et
1793 1772 1968 1826 adim-

2082 1755 2329 1827 Χριστοῦ,
2358 1755 2420 1807 δι’
2443 1748 2503 1806 οῦ
2527 1754 2635 1827 (11)
2656 1756 2687 1825 ἡ
2711 1753 2835 1818 δόξα
2855 1752 3059 1824 τῷΘεῷ
3078 1754 3187 1824 (12)
3208 1754 3422 1816 εἰςτοὺς
3438 1752 3659 1815 αἰῶνας.

401 1849 551 1919 plens
576 1850 707 1919 legis
722 1850 1067 1923 Dccalogum,
1093 1856 1169 1909 ait
1198 1875 1212 1911 :
1251 1875 1270 1907 ι
1308 1857 1446 1923 Quia
1476 1859 1530 1912 in
1564 1861 1676 1930 lege
1705 1864 1968 1934 scriptum

396 1946 519 1994 est:
553 1938 670 1995 Non
702 1944 1101 2010 mmchaberis;
1136 1963 1236 2018 ego
1265 1958 1447 2005 autem
1477 1952 1601 2007 dico
1637 1955 1791 2010 vobis
1822 1956 1869 1987 ⁷⁸
1904 1976 1916 2011 :
1946 1976 1965 2010 ι

400 2029 451 2083 id
476 2040 583 2093 est,
636 2032 746 2103 Ego
777 2051 873 2105 per
912 2036 1099 2092 Mosen
1135 2039 1191 2093 in
1222 2042 1337 2111 lege
1374 2043 1589 2100 locutus
1619 2062 1777 2113 sum;
1824 2064 1972 2104 nunc

1312 2152 1331 2185 ι
1371 2134 1695 2208 Quicunque
1745 2155 1973 2210 aspexe-

397 2212 471 2283 rit
499 2227 723 2269 uxorem
754 2218 986 2286 proximi
1012 2220 1080 2274 ad
1126 2223 1619 2293 concupiscendum
1671 2244 1814 2293 eam,
1858 2232 1971 2301 jam

398 2304 704 2361 moechatus
741 2315 825 2361 est
854 2324 973 2362 eam
1005 2310 1060 2362 in
1107 2313 1271 2368 corde
1316 2330 1455 2380 suo;
1522 2336 1540 2369 ι
1589 2319 1678 2373 hic
1708 2321 1803 2391 qui
1840 2338 1975 2377 con-

398 2393 629 2462 cupivit,
684 2396 853 2450 animi
886 2398 1098 2454 adulter
1122 2402 1396 2470 judicatus
1437 2420 1538 2463 est.
1586 2410 1689 2476 Qui
1716 2429 1844 2468 vero
1872 2416 1970 2469 ho-

401 2499 521 2537 vem
543 2495 637 2540 aut
666 2488 881 2542 asinum
903 2492 1073 2560 cupit,
1109 2509 1291 2550 nonne
1332 2500 1533 2569 cogitat
1565 2502 1754 2568 furari,
1792 2512 1845 2559 et
1874 2522 1973 2562 sua

402 2574 603 2638 facere,
635 2586 689 2632 et
717 2580 1026 2637 abducere?
1054 2582 1266 2641 Rursus
1287 2591 1377 2657 qui
1416 2606 1604 2667 agrum
1646 2597 1870 2665 appetit,
1921 2606 1975 2653 et

403 2667 459 2721 in
492 2682 558 2722 eo
603 2669 796 2725 all‘ectu
829 2685 1171 2742 perseverat,
1206 2696 1386 2736 nonne
1413 2684 1642 2753 maligne
1663 2685 1714 2739 id
1752 2688 1882 2757 agit,
1916 2696 1975 2742 ut

406 2760 674 2817 terminos
697 2766 809 2833 agri
841 2768 1154 2838 scalpendo,
1178 2782 1335 2841 cogat
1381 2790 1777 2844 possessorem,
1823 2781 1976 2835 nullo

405 2849 509 2904 sibi
534 2854 705 2921 pretio
746 2856 998 2912 tradere?
1044 2859 1183 2915 Dicit
1230 2866 1374 2918 enim
1416 2866 1615 2921 alicubi
1662 2871 1921 2939 propheta
1957 2891 1969 2927 :

410 2958 431 2993 ι
482 2940 575 2997 ναι
610 2946 701 3015 qui
729 2946 1032 3020 adjungunt
1068 2952 1287 3008 domum
1320 2955 1386 3027 ad
1412 2957 1653 3023 domum,
1688 2969 1743 3014 et
1783 2976 1971 3030 agrum

2086 1848 2277 1919 Ἀμήν.
2311 1848 2471 1914 Λέγει
2506 1846 2614 1918 γὰρ
2644 1848 2701 1900 ἐν
2741 1845 2819 1916 τῷ
2865 1846 3200 1916 Εὑαγγελίῳ,
3245 1844 3664 1913 ἀνακεφαλαιοῦ-

2076 1957 2232 2011 μενος
2270 1940 2365 1992 καὶ
2394 1938 2665 2010 στηρίζων
2712 1939 2805 1992 καὶ
2838 1937 3059 2009 πληρῶν
3087 1938 3184 2009 τὴν
3225 1936 3522 2005 Δεκάλογον
3566 1936 3661 1989 τοῦ

2072 2031 2234 2102 νόμου
2254 2048 2267 2061 ο
2290 2051 2307 2081 ι
2334 2032 2452 2085 ’Ὁτι
2482 2032 2538 2084 ὲν
2575 2030 2652 2101 τῷ
2680 2031 2828 2101 νόμῳ
2856 2030 3182 2101 γέγραπται·
3218 2030 3292 2083 Οὑ
3326 2029 3625 2100 μοιχεύσεις
3645 2045 3658 2057 ο

2074 2123 2184 2192 ἐγὼ
2212 2124 2267 2176 δὲ
2296 2122 2436 2191 λέγω
2469 2125 2595 2194 ὑμῖν
2621 2140 2632 2153 ·
2676 2143 2693 2173 ι
2728 2123 3022 2183 τουτέστιν,
3064 2124 3121 2175 ἐν
3150 2121 3227 2192 τῷ
3246 2122 3393 2192 νόμῳ
3421 2122 3507 2174 διὰ
3535 2123 3664 2174 Μω-

2077 2216 2214 2278 σέως
2242 2214 2351 2282 ἐγὼ
2380 2214 2636 2286 ἐλάλησα,
2688 2214 2782 2267 νῦν
2803 2214 2857 2267 δὲ
2887 2216 2915 2266 6
2950 2213 3111 2276 αὑτὸς
3138 2214 3267 2284 ὑμῖν
3297 2212 3438 2281 λέγω
3457 2229 3471 2243 ο
3501 2232 3519 2263 ι
3546 2214 3664 2278 Πᾶς

2074 2307 2222 2369 ὅστις
2254 2307 2510 2377 ἐμϐλέψει
2540 2309 2617 2370 εἰς
2644 2307 2740 2377 τὴν
2770 2308 3002 2374 γυναῖκα
3027 2304 3121 2359 τοῦ
3171 2304 3397 2375 πλησίον
3438 2305 3572 2377 πρὸς
3602 2306 3666 2358 τὸ

2076 2400 2412 2470 ἐπιθυμῆσαι
2444 2399 2633 2470 αὐτὴν,
2664 2399 2764 2470 ἤδη
2799 2399 3112 2470 ἐμοίχευσεν
3155 2398 3323 2468 αὐτὴν
3357 2399 3414 2450 ἐν
3442 2401 3505 2469 τῇ
3528 2415 3664 2469 καρ-

2074 2491 2162 2562 δίᾳ
2181 2490 2383 2543 αὑτοῦ·
2430 2510 2447 2542 ι
2498 2484 2653 2553 οὗτος
2697 2488 2889 2561 ἐκρίθη
2950 2490 3137 2561 μοιχὸς
3188 2491 3307 2543 κατ’
3355 2489 3580 2551 ἔννοιαν,
3628 2490 3658 2542 6

2076 2581 2440 2652 ἐπιθυμήσας.
2488 2583 2543 2635 '0
2574 2581 2630 2634 δὲ
2658 2581 2748 2635 τὸν
2781 2580 2906 2651 βοῦν
2933 2581 2966 2653 ἦ
2995 2582 3085 2633 τὸν
3133 2581 3250 2634 όνον
3296 2580 3657 2652 ἐπιθυμήσας,

2075 2674 2175 2726 οὑκ
2205 2674 2297 2725 ἐπὶ
2333 2672 2410 2743 τῷ
2455 2672 2668 2742 κλέψαι,
2713 2674 2809 2726 καὶ
2852 2672 3300 2743 ίδιοποιήσασθαι,
3334 2672 3367 2744 ἢ
3399 2673 3492 2725 καὶ
3518 2672 3662 2725 ἀπα-

2077 2768 2264 2833 γαγεῖν
2294 2766 2433 2818 αὐτὰ
2460 2765 2779 2830 διανοεῖται;
2810 2764 2843 2835 ἢ
2886 2766 2914 2816 6
2955 2764 3045 2817 τὸν
3083 2764 3252 2836 ἀγρὸν
3289 2764 3448 2817 πάλιν
3484 2763 3666 2817 ἐπιθυ-

2082 2860 2281 2928 μήσας,
2311 2859 2404 2911 καὶ
2447 2859 2733 2929 ἐπιμείνας
2774 2860 2840 2927 τῇ
2888 2856 3064 2927 τοιᾷδε
3102 2856 3358 2920 διαθέσει,
3408 2857 3469 2910 οὐ
3501 2874 3666 2929 πονη-

2082 2949 2328 3020 ρεύεται,
2378 2950 2525 3012 ὅπως
2573 2949 2955 3020 ὁρογλυφήσας
3000 2947 3284 3019 ἀναγκάσῃ
3329 2947 3420 3001 τὸν
3474 2947 3664 3020 ἔχοντα

406 3046 539 3130 agro
570 3040 912 3105 continuant,
944 3049 1001 3095 ut
1026 3043 1228 3114 aliquid
1278 3049 1508 3112 proximi
1538 3051 1789 3105 auferant
1818 3054 1864 3085 ⁷⁸
1896 3073 1908 3106 :
1950 3072 1967 3103 ι

2082 3040 2171 3092 τοῦ
2206 3039 2427 3111 μηδενὸς
2457 3039 2749 3093 ἀποδόσθαι
2792 3039 2979 3110 αὑτῷ;
3012 3039 3145 3110 φησι
3188 3040 3296 3111 γάρ
3336 3056 3437 3092 που
3467 3042 3496 3092 6
3530 3057 3667 3113 προ-

408 3122 613 3179 idcirco
636 3128 756 3183 ait:
804 3149 823 3182 ι
876 3131 1127 3203 Nunquid
1178 3135 1496 3193 habitabilis
1544 3140 1644 3193 soli
1689 3141 1743 3194 in
1800 3143 1977 3195 terra?

408 3215 605 3271 Audita
649 3235 882 3292 namque
923 3235 1051 3279 sunt
1100 3226 1214 3280 haec
1246 3229 1299 3282 in
1339 3231 1565 3285 auribus
1603 3231 1816 3287 Domini
1877 3233 1975 3287 Sa-

409 3306 572 3363 baoth
612 3311 678 3364 ".
723 3331 741 3363 ι
774 3312 839 3366 Ει
869 3316 976 3368 alio
1006 3317 1059 3369 in
1091 3318 1249 3374 loco:
1286 3338 1303 3370 ι
1338 3320 1655 3378 Maledictus
1679 3325 1771 3394 qui
1802 3332 1979 3383 trans-

410 3397 515 3487 fert
539 3403 801 3458 terminos
829 3406 1061 3475 proximi
1093 3409 1175 3463 sui
1201 3429 1215 3478 ;
1246 3420 1299 3465 et
1329 3413 1473 3468 dicet
1503 3416 1681 3470 omnis
1712 3419 1974 3487 populus:

410 3486 553 3545 Fiat.
594 3510 612 3542 ι
640 3490 795 3548 Unde
823 3504 876 3548 et
907 3495 1080 3553 Moses
1104 3500 1216 3554 ait:
1252 3521 1271 3554 ι
1318 3500 1434 3557 Non
1476 3486 1871 3564 transmOvebis
1918 3510 1980 3563 ﬁ-

410 3596 510 3635 nes
540 3584 771 3652 proximi
803 3587 903 3651 tui,
934 3603 1072 3658 quos
1102 3597 1285 3659 patres
1325 3594 1404 3646 tui
1438 3606 1736 3662 posuerunt
1764 3599 1831 3653 ⁷⁷.
1859 3618 1877 3649 ι
1899 3597 1979 3653 0b

412 3675 553 3728 hanc
612 3676 778 3745 igitur
837 3694 1057 3734 causam
1120 3682 1377 3746 timores,
1443 3696 1665 3751 mortes,
1728 3689 1975 3761 judicia,

411 3762 792 3822 damnationes
847 3767 1159 3823 hominibus
1203 3770 1515 3839 hujusmodi
1574 3772 1835 3830 divinitus
1878 3777 1979 3831 im—

412 3851 682 3922 pendent;
727 3856 793 3911 iis
824 3867 1003 3913 autem
1033 3858 1124 3930 qui
1166 3858 1275 3913 Deo
1301 3861 1583 3925 obediunt,
1617 3880 1719 3916 una
1748 3864 1859 3919 hzec
1893 3867 1979 3921 lex

412 3942 507 3999 Dei
541 3946 793 4017 simplex,
820 3965 946 4004 vera
970 3965 1034 4004 ac
1057 3953 1178 4007 viva
1212 3952 1373 4006 insita
1397 3961 1481 4008 est
1507 3973 1519 4008 :
1545 3973 1565 4005 ‹
1601 3954 1755 4022 Quod
1780 3959 1849 4012 ab
1874 3959 1981 4014 alio

411 4034 599 4091 oderis
634 4039 729 4093 tibi
774 4041 909 4105 fieri,
951 4050 1006 4096 tu
1056 4044 1212 4098 alteri
1258 4060 1327 4098 ne
1357 4044 1552 4101 feceris
1594 4048 1660 4102 ⁷⁸.
1698 4068 1716 4101 ι
1747 4047 1866 4104 Νοιι
1902 4050 1984 4107 vis

414 4137 475 4183 ut
502 4128 643 4185 alius
681 4147 905 4187 uxorem
950 4143 1094 4187 tuam
1138 4136 1390 4205 nequiter
1430 4135 1499 4190 ad
1553 4145 1798 4207 stuprum
1842 4141 1984 4210 aspi-

410 4219 543 4285 ciat,
583 4238 760 4292 neque
797 4224 912 4294 ipse
945 4225 997 4279 in
1016 4241 1239 4281 uxorem
1263 4227 1497 4296 proximi
1522 4229 1597 4281 tui
1627 4229 1845 4284 oculum
1879 4231 1982 4285 im-

504 4357 551 4388 "
585 4356 753 4415 Exod.
791 4379 883 4426 xx,
920 4364 1002 4416 l7.

419 4442 490 4494 Iv,
520 4427 608 4482 16.
978 4442 985 4449 ·

1119 4365 1166 4396 τι
1207 4363 1399 4420 Matth.
1434 4384 1486 4430 ν,
1516 4368 1605 4423 ‘27.
1685 4370 1729 4401 "
1771 4369 1874 4425 lsa.
1914 4389 1965 4437 ν,
2011 4374 2066 4429 8.

2081 3133 2257 3204 φήτης
2285 3132 2393 3203 (15)
2413 3149 2426 3162 ·
2457 3151 2476 3183 ι
2506 3133 2642 3185 Οὑαὶ
2660 3133 2709 3185 οἱ
2733 3132 3089 3195 συνάπτοντες
3108 3132 3282 3184 οἰκίαν
3312 3132 3448 3203 πρὸς
3466 3134 3662 3197 οἰκίαν,

2080 3226 2173 3277 καὶ
2204 3225 2370 3296 ἀγρὸν
2402 3224 2539 3295 πρὸς
2585 3224 2753 3295 ἀγρὸν
2799 3224 3125 3293 ἐγγίζοντες,
3172 3224 3259 3276 ἵνα
3297 3223 3392 3276 τοῦ
3440 3223 3666 3293 πλησίον

2080 3316 2388 3387 ἀφέλωνταί
2417 3333 2503 3368 τι·
2548 3336 2565 3368 ι
2609 3316 2688 3369 διὸ
2715 3316 2894 3385 λέγει·
2927 3337 2944 3367 ι
2984 3316 3074 3387 Μὴ
3101 3317 3361 3388 οίκήσητε
3393 3315 3541 3386 μόνοι
3571 3316 3666 3369 ἐπὶ

2078 3408 2179 3478 τῆς
2224 3408 2362 3478 γῆς;
2411 3407 2650 3480 ἠκούσθη
2698 3410 2804 3480 γὰρ
2834 3410 2912 3472 εἰς
2945 3407 3014 3462 τὰ
3056 3401 3171 3460 ὦτα
3200 3408 3403 3479 Κυρίου
3438 3406 3663 3460 Σαϐαὼθ

2080 3498 2272 3565 ταῦτα.
2314 3519 2332 3551 ι
2367 3500 2477 3552 Καὶ
2504 3498 2735 3570 ἀλλαχοῦ
2761 3517 2773 3529 ·
2814 3518 2831 3551 ι
2898 3501 3329 3571 Ἐπικατάρατος
3373 3501 3400 3552 6
3448 3517 3667 3570 μετατι-

2082 3591 2193 3655 θεὶς
2238 3592 2359 3663 ὅρια
2405 3589 2499 3643 τοῦ
2549 3590 2774 3662 πλησίον
2818 3589 3004 3652 αὐτοῦ,
3053 3591 3147 3644 καὶ
3188 3592 3492 3663 ἐρεῖπᾶςὸ
3519 3591 3667 3655 λαὸς,

2078 3683 2303 3750 γένοιτο.
2330 3702 2347 3733 ι
2381 3682 2469 3736 Διό
2492 3700 2622 3753 φησι
2643 3683 2735 3736 καὶ
2765 3682 2874 3754 (14)
2895 3685 2923 3735 6
2954 3683 3179 3753 Μωσῆςν
3218 3701 3236 3733 ‹
3274 3683 3348 3736 Οὐ
3375 3685 3670 3755 μετακινή-

2083 3790 2194 3838 σεις
2214 3775 2336 3847 ὅρια
2364 3775 2458 3828 τοῦ
2491 3774 2716 3846 πλησίον
2738 3792 2852 3837 σου,
2876 3774 2911 3829 ἃ.
2931 3775 3111 3828 ἔθεντο
3131 3776 3365 3847 πατέρες
3386 3793 3479 3829 σου
3500 3776 3630 3847 (15).
3646 3794 3665 3828 ι

2081 3866 2177 3919 Διὰ
2204 3866 2363 3921 τοῦτο
2390 3863 2481 3921 οῦν
2514 3867 2688 3937 φόϐοι,
2721 3867 2961 3930 θάνατοι,
2985 3868 3335 3939 δικαστήρια,
3358 3868 3669 3933 καταδίκαι,

2087 3958 2239 4031 παρὰ
2264 3958 2358 4012 τοῦ
2388 3960 2521 4013 Θεοῦ
2548 3964 2659 4023 τοῖς
2702 3959 2963 4023 τοιούτοις
2992 3959 3431 4014 ἐπακολουθοῦσι⁹
3463 3963 3574 4022 τοῖς
3614 3960 3671 4014 δὲ

2090 4051 2350 4123 ὑπηκόοις
2404 4051 2522 4122 Θεῷ
2573 4052 2880 4125 ἀνθρώποις
2927 4047 3006 4117 εἷς
3059 4053 3224 4125 νόμος
3266 4052 3401 4106 Θεοῦ
3443 4051 3668 4117 ἁπλοῦς,

2086 4142 2310 4213 ἀληθὴς,
2358 4142 2485 4207 ζῶν,
2530 4140 2684 4206 οὗτος
2713 4145 3003 4216 ἐνυπάρχει
3044 4162 3057 4175 ·
3095 4163 3113 4196 ι
3148 4146 3214 4197 ὐ
3259 4146 3323 4199 σὺ
3356 4147 3530 4215 μισεῖς
3578 4145 3668 4212 ὑφ’

2087 4235 2271 4306 ἐτέρου
2303 4251 2385 4287 σοι
2412 4235 2682 4303 γενέσθαι,
2734 4238 2798 4290 σὺ
2840 4238 2981 4308 ἄλλῳ
3009 4237 3069 4290 οὑ
3101 4237 3345 4308 ποιήσεις
3372 4236 3500 4307 (16).
3540 4254 3559 4289 ι
3593 4236 3670 4290 Οὑ

2176 4375 2222 4406 ’⁸
2256 4373 2414 4430 Deut.
2457 4391 2631 4441 xxv",
2664 4376 2753 4430 17.
2831 4377 2877 4408 ⁷⁷
2901 4375 3059 4433 Deut.
3092 4392 3207 4444 XIX,
3268 4376 3356 4430 14.
3436 4372 3640 4429 "'l'ob.

1660 4504 2029 4564 VARIOllUM
2068 4511 2279 4571 NOTAE

485 4612 561 4697 (θ)
776 4613 1183 4697 ἐπιθυμῇ-σας.
1238 4616 1665 4697 ϐοηνρειξςιῃίιιε
1710 4618 1991 4697 Hebraica:

2100 4630 2273 4684 nensi.
2308 4638 2361 4686 et
2391 4631 2578 4686 debuit
2605 4631 2799 4686 abesse
2826 4637 3035 4685 mutato
3064 4630 3129 4683 δι’
3161 4628 3227 4687 οὑ
3254 4629 3308 4684 in
3347 4622 3391 4697 ᾧ
3428 4644 3457 4681 a
3504 4643 3669 4685 manu

414 4683 652 4761 veritati,
677 4683 844 4738 Exod.
872 4701 963 4749 xx,
989 4685 1077 4761 17,
1097 4701 1159 4740 ac
1173 4703 1318 4761 nunc
1338 4688 1393 4741 in
1422 4687 1586 4761 LXX,
1611 4704 1640 4742 a
1670 4692 1868 4761 quibus
1895 4696 1989 4748 ad-

415 4753 538 4828 dita
562 4754 814 4809 videntur
843 4757 1104 4828 nonnulla
1151 4759 1295 4828 velut
1326 4753 1735 4828 paraphrastiée
1766 4778 1830 4817 ex
1868 4765 1993 4821 aliis

422 4823 1136 4901 Scriptum“testimoniis.
1195 4823 1408 4896 Optiinc
1465 4823 1652 4901 autem
1710 4830 1996 4901 διαταγεῖς

420 4896 912 4966 Ιιοεῑΐίγΰποζύγιον
958 4896 1119 4966 paulo
1160 4908 1283 4966 post
1327 4905 1537 4952 mutant
1582 4899 1635 4952 in
1690 4900 1829 4955 ὄνον.
1878 4896 1995 4960 Mos

419 4967 564 5019 enim
588 4965 737 5039 LXX
772 4977 923 5039 71m
969 4965 1311 5039 interpretari
1339 4967 1458 5021 ὄνον
1486 4978 1539 5023 et
1569 4970 1878 5039 ὑποζύγιον.
1930 4974 1996 5028 Et

420 5035 863 5114 etIanagliarize
920 5052 994 5114 Ix,
1041 5035 1307 5114 9,7iidem
1351 5040 1602 5114 h_a_hea_nt,
1651 5035 1995 5114 ἐπιδεὸηκὼς

420 5105 514 5157 ἐπὶ
543 5107 834 5173 ὑποζύγιον
874 5109 967 5161 καὶ
999 5107 1174 5160 πῶλον
1194 5107 1333 5171 νέον,
1375 5105 1565 5161 Matth.
1604 5125 1716 5171 ut,
1763 5113 1813 5171 5,
1857 5105 1993 5169 cita;

422 5176 907 5251 Qtr._§_m686nx_€cg
942 5178 1180 5251 érrl._6nv0v
1210 5176 1303 5251 καὶ
1335 5177 1510 5229 πῶλον
1531 5179 1986 5251 υἱὸν-ὑποζυγίου.

425 5242 797 5316 Similiterque
820 5246 1055 5300 Balaami
1080 5247 1199 5308 ὄνος
1229 5246 1450 5301 Numer.
1476 5264 1610 5307 χχιι.
1641 5248 1731 5316 21,
1763 5242 1869 5307 εἰσί
1891 5254 1989 5308 Pe-

426 5320 513 5393 t_ro
532 5317 699 5393 epist.
726 5315 791 5377 ll,
816 5331 945 5393 _cap.
989 5330 1217 5393 refens;
1233 5316 1323 5393 16.
1348 5325 1435 5393 est
1456 5315 1762 5387 ὑποζύγιον.
1786 5321 1994 5393 Legen-

425 5381 531 5438 dus
569 5381 767 5441 Suidas
815 5386 869 5438 in
885 5381 1016 5439 imre
1052 5384 1363 5452 ’Υποζύγιι
1397 5386 1535 5441 Cor.

502 5454 611 5525 (10)
652 5455 936 5523 Κέκριται.
964 5453 1101 5509 lluic
1130 5455 1246 5509 voci
1279 5457 1571 5525 praeligitur
1606 5460 1698 5512 καί
1729 5462 1779 5514 in
1830 5459 1993 5518 Vind.

429 5537 535 5579 ms.
567 5525 908 5580 incommode
952 5526 1117 5578 (itan.

503 5594 615 5665 (ll)
655 5597 746 5648 Δι’
773 5593 1040 5665 obrltlem
1073 5610 1174 5665 ms.
1200 5590 1265 5665 ᾧ,
1315 5596 1676 5654 incommode.
1698 5598 1995 5656 Orthodoxi

428 5659 664 5718 Librarii
694 5679 815 5718 esse
837 5663 1066 5716 videtur.
1106 5662 1179 5717 lu.

506 5734 619 5804 (12)
665 5734 747 5797 Τῷ
775 5733 915 5794 Qad).
962 5733 1123 5785 Abest
1160 5736 1227 5786 ah
1275 5746 1501 5804 utroque
1539 5738 1662 5791 cod.
1723 5738 1997 5796 Vintlobo-

2095 4701 2420 4756 orthodoxa.
2452 4703 2527 4756 lu.

2130 4790 2274 4914 l(l3)
2419 4791 2745 4862 προφήτης.
2779 4791 2879 4848 Ms.
2907 4790 3141 4848 Vindob.
3175 4791 3419 4854 Ἡσαΐας,
3449 4797 3672 4860 quaeest

2151 4876 2296 4914 ossa.
2363 4879 2414 4914 0.

2095 4876 2296 4931 glossa.
2339 4876 2414 4915 ID.

2319 4956 2449 5034 Kal.
2523 4953 2805 5034 Qmittitur
2849 4954 2902 5034 in
2954 4950 3185 5034 utroque
3233 4953 3358 5034 cod.
3408 4963 3461 5007 et
3497 4953 3672 5034 debet

2098 5025 2428 5143 omittli.jam
2469 5025 2615 5079 enim
2658 5025 2724 5078 ad
2773 5025 3148 5080 testimonium
3199 5023 3399 5079 citatus
3429 5031 3513 5079 est
3558 5023 3675 5077 Mo-

2098 5108 2204 5143 ses.
2266 5110 2316 5143 ι).

2097 5108 2204 5146 SCS.
2244 5108 2316 5146 ll).

2164 5185 2272 5255 (15)
2317 5187 2384 5238 "A
2437 5186 2638 5240 ἔθεντο
2688 5186 2939 5255 πατέρες
2997 5202 3130 5240 σου.
3185 5185 3396 5240 Absunt
3446 5185 3676 5255 haecuab

2099 5253 2332 5324 utroque
2370 5270 2673 5324 perperam,
2730 5253 2860 5311 sunt
2895 5256 3039 5311 enim
3093 5271 3201 5309 non
3232 5262 3445 5324 tantum
3476 5255 3530 5308 in
3571 5253 3676 5308 He-

2100 5324 2288 5379 braico
2320 5323 2488 5387 textu,
2523 5342 2708 5379 verum
2738 5328 2899 5380 etiam
2933 5329 2988 5380 in
3012 5324 3152 5379 LXX
3178 5325 3303 5379 lntt.
3337 5323 3675 5379 Male‘etiam

2099 5394 2435 5466 abiis’abest
2464 5410 2569 5466 vox
2598 5394 2818 5466 ἁπλοῦς,
2852 5398 3015 5466 paulo
3036 5405 3177 5466 post.
3209 5397 3288 5452 lu.

2170 5464 2279 5535 (16)
2325 5466 2396 5535 "0_
2422 5463 2502 5535 qi;
2522 5464 2722 5532 μισεῖς
2749 5461 3100 5534 ὐρ“’ἐτέροὺ,
3131 5485 3183 5520 κ.
3233 5483 3283 5519 τ.
3330 5464 3378 5517 λ.
3404 5461 3677 5535 Proxime

2100 5531 2400 5588 accetl’itad
2437 5531 2720 5601 Vulgatam
2766 5531 2900 5590 Tol).
2938 5531 3012 5598 tv,
3065 5538 3130 5591 16
3179 5556 3190 5590 :
3256 5534 3409 5601 Quod
3452 5533 3516 5586 ab
3568 5531 3676 5583 alio

2102 5604 2274 5675 oderis
2302 5604 2418 5675 ﬁeri
2450 5603 2565 5675 tibi.
2606 5603 2717 5657 vide
2748 5621 2808 5656 ne
2851 5616 2907 5656 tu
2958 5606 3243 5675 aliquando
3289 5605 3444 5658 alteri
3482 5604 3674 5673 facias,

2103 5671 2473 5747 Gmciga‘to
2506 5675 2699 5747 μισεῖς,
2732 5671 3219 5747 μηδενὶποίήσῃς.
3259 5675 3405 5747 lnl'ra
3446 5671 3542 5747 lib.
3590 5687 3674 5747 In,

2104 5758 2225 5812 0³1³·
2260 5741 2326 5795 15
2360 5761 2373 5797 ε
2412 5743 2476 5794 Ὃ
2509 5744 2684 5810 μισεῖς
2717 5741 2803 5797 dot
2826 5741 3096 5813 γενέσθαι,
3118 5741 3237 5800 οὑδὲ
3268 5745 3407 5811 ἄλλῳ
3430 5744 3494 5797 σὺ
3524 5741 3672 5809 ποιή-
