4080 6260
455 371 566 428 $.75

1347 370 1403 424 S.
1445 366 1836 426 CLEMENTIS
1875 367 1894 421 l
1932 365 2097 422 RGM.
2141 367 2342 424 PONT.
2387 366 2614 424 ΟΡΕΒΛ
2650 369 2879 425 DUBIA.

3605 377 3712 430 576

453 504 562 545 non
595 487 667 542 ob
694 485 839 540 aliud
896 484 1076 550 venit,
1113 484 1218 540 nisi
1272 491 1331 538 ut
1376 498 1498 539 reos
1546 482 1612 536 ab
1636 482 1715 536 ira
1751 488 2032 536 reservata

2140 482 2227 534 καὶ
2255 481 2364 552 (47)
2396 479 2660 554 πληρώσῃ
2688 479 2778 534 τὸν
2807 479 2969 552 νόμον
2999 483 3091 535 καὶ
3120 482 3245 546 τοὺς
3287 483 3587 554 προφήτας,
3619 487 3716 540 καὶ

453 582 730 641 liberaret,
788 579 958 649 legem
983 586 1036 631 et
1079 578 1375 647 prophetas
1410 576 1693 645 impleret;
1725 580 1779 628 et
1819 573 2032 628 adscita

454 673 547 726 illa
579 671 943 728 Deuteroseos
978 670 1222 731 vincula,
1255 668 1340 722 vel
1392 667 1657 721 adimeret
1712 665 1798 720 vel
1845 674 2031 721 trans-

457 765 642 819 ferret.
684 762 894 818 Idcirco
927 763 1071 817 enim
1120 761 1358 814 invitans
1387 773 1490 813 nos
1532 757 1710 811 aiebat
1743 774 1756 811 :
1795 775 1813 807 ι
1841 755 2035 812 Venite

456 856 524 910 ad
549 871 634 910 me
662 869 852 909 omnes
884 855 978 923 qui
1036 851 1297 906 laboratis
1332 857 1386 904 et
1425 852 1633 904 onerati
1666 848 1822 910 estis,
1855 856 1906 903 et
1932 863 2034 919 ego

458 947 699 1002 rellciam
759 962 856 1001 vos
906 946 995 1001 ¹⁰⁸.
1053 963 1071 996 ι
1111 943 1190 997 Tu
1222 943 1389 1012 igitur
1439 957 1564 996 eum
1614 941 1813 1011 legeris
1857 939 2034 994 Evan-

457 1040 596 1110 gelio
630 1054 693 1093 ac
728 1037 1010 1108 prophetis
1041 1035 1468 1090 concordantem
1522 1035 1720 1103 legem,
1747 1035 1912 1087 etiam
1951 1037 2032 1090 le-

456 1134 568 1202 gito
591 1131 795 1201 Regum
822 1130 1083 1184 historias
1104 1169 1118 1192 ,
1150 1138 1207 1182 ut
1256 1130 1398 1183 seire
1433 1129 1633 1197 possis,
1667 1127 1812 1197 quod
1843 1143 2034 1184 omnes

458 1240 614 1295 reges
645 1223 736 1293 qui
782 1222 912 1290 justi
957 1221 1138 1284 fuere,
1172 1236 1202 1275 a
1233 1219 1342 1274 Deo
1398 1220 1544 1273 aucti
1585 1229 1743 1286 sunt;
1781 1227 1834 1274 et
1889 1219 2034 1290 apud

459 1318 611 1372 illum
643 1327 855 1371 aeternae
885 1315 1007 1368 vitae
1031 1312 1324 1382 promissio
1347 1327 1443 1366 eos
1474 1312 1676 1366 mansit
1715 1333 1728 1367 :
1764 1321 2033 1384 quotquot

459 1418 640 1465 autem
669 1423 822 1477 reges
855 1422 886 1459 ιι
921 1406 1032 1459 Deo
1083 1403 1334 1458 fornicati
1391 1411 1562 1468 sunt,
1618 1404 1671 1457 in
1730 1404 2036 1462 defectione

460 1501 750 1570 sua,justo
777 1499 872 1553 Dei
912 1497 1141 1567 judicio.
1192 1496 1344 1550 brevi
1401 1495 1766 1564 interierunt;
1818 1508 1873 1553 et
1925 1501 2035 1555 vita

459 1595 580 1665 ejus
599 1592 795 1664 privati
823 1597 971 1652 sunt,
1007 1589 1397 1658 sempiternum
1439 1589 1768 1658 supplicium
1807 1607 1906 1661 pro
1949 1610 2036 1649 re-

460 1689 588 1757 quie
618 1685 818 1742 sortiti.
846 1682 970 1737 Haec
1001 1683 1168 1752 igitur
1213 1696 1339 1735 cum
1399 1681 1543 1751 leges
1566 1721 1580 1746 ,
1637 1684 1868 1737 multum
1930 1684 2036 1744 fide

461 1787 687 1843 auctus,
718 1777 972 1839 Christo,
1030 1774 1190 1844 cujus
1233 1789 1293 1829 es
1334 1790 1536 1844 corpus
1591 1791 1656 1830 ac
1703 1778 2032 1839 membrum.

461 1871 798 1940 adjungeris.
831 1867 1198 1924 Deambulans
1245 1873 1425 1922 autem
1459 1868 1515 1922 in
1549 1868 1702 1933 foro,
1746 1880 1801 1928 et
1853 1873 2036 1928 lavare

460 1964 708 2034 cupiens,
744 1970 896 2016 utere
946 1960 1190 2015 virorum
1229 1959 1460 2026 balneo;
1514 1977 1614 2024 ne,
1663 1963 1789 2033 quia
1837 1979 2036 2034 corpus

459 2058 694 2128 turpiter
715 2055 924 2110 nudum
975 2054 1299 2108 mulieribus
1348 2054 1690 2120 ostenderis,
1750 2068 1842 2112 aut
1892 2058 2038 2128 quod

461 2165 570 2204 non
594 2150 749 2204 decet
777 2149 927 2202 viros
958 2147 1178 2209 videre,
1233 2148 1602 2215 spectaveris,
1655 2149 1741 2203 vel
1805 2156 1860 2203 tu
1913 2150 2038 2203 illa-

461 2243 716 2314 queeris,
755 2243 838 2297 vel
875 2243 928 2294 in
957 2248 1008 2294 te
1040 2240 1303 2310 illaquces
1340 2239 1571 2295 feminas
1607 2257 1727 2312 qua:
1768 2241 1841 2296 ita
1881 2240 2040 2297 facile

463 2336 773 2405 capiuntur.
828 2332 936 2388 Ista
988 2348 1117 2402 ergo
1170 2349 1336 2396 cave,
1387 2349 1455 2386 ne
1498 2334 1693 2387 anima:
1753 2341 1859 2388 tute
1912 2334 2040 2403 inji-

461 2431 681 2483 ciantur
707 2427 907 2497 laquei.

1061 2649 1293 2708 CAPUT
1330 2649 1441 2706 Vll.

970 2745 1049 2799 De
1089 2745 1306 2799 muliere
1340 2760 1526 2812 prava.

536 2837 837 2892 Audiamus
863 2840 1030 2902 enim,
1061 2837 1192 2907 quid
1217 2838 1271 2890 in
1303 2834 1594 2908 Sapientiae
1636 2835 1777 2891 libro
1817 2843 2042 2892 sanctus

470 2945 650 2985 sermo
680 2930 829 2984 dicat
863 2948 876 2984 :
912 2948 929 2980 ι
967 2927 1317 2990 Fili,custodi
1364 2946 1648 2986 sermones
1690 2947 1876 2998 meos;
1921 2946 2041 2985 mea

465 3037 595 3076 vero
624 3021 876 3076 mandata
914 3021 1148 3076 reconde
1194 3019 1336 3092 apud
1378 3021 1634 3092 teipsum.
1669 3021 1767 3077 Dic
1825 3023 2042 3092 sapien-

468 3115 597 3167 tiam
630 3129 874 3169 sororem
916 3123 1062 3168 tuam
1095 3129 1218 3168 esse
1239 3153 1254 3177 ,
1295 3113 1639 3183 prudentiam
1673 3121 1854 3170 autem
1883 3114 2042 3169 fami-

2134 572 2204 626 τά
2230 571 2405 644 δεσμά
2433 572 2531 644 τῆς
2559 573 2945 644 Δευτερώσεως
2963 574 3069 626 τῶν
3097 574 3435 627 ἐπεισάκτων
3463 575 3496 647 ἦ
3529 577 3719 650 παύσῃ

2135 665 2168 737 ἦ
2221 665 2449 737 μεταθῇ.
2510 663 2610 717 Διά
2664 664 2774 737 γὰρ
2825 664 2985 719 τοῦτο
3041 667 3516 738 προσκαλούμενος
3567 669 3720 739 ἡμᾶς

2135 757 2304 826 ἐλεγεο
2344 778 2361 808 ι
2399 756 2562 810 Δεῦτε
2585 761 2724 828 πρός
2755 775 2820 828 με
2847 757 2956 827 (48)
2985 758 3186 822 πάντες
3211 759 3260 810 οἱ
3294 758 3592 823 κοπιῶντες
3621 762 3725 816 καὶ

2135 849 2575 922 πεφορτισμένοι,
2611 848 2763 917 κάγὼ
2799 849 3098 903 ἀναπαύσω
3132 852 3293 922 ὑμᾶς.
3329 871 3346 902 ι
3371 854 3442 906 Σὺ
3463 849 3556 906 οὖν
3587 855 3722 908 ἀνα-

2135 942 2295 1009 γνοὺς
2325 941 2416 994 τὸν
2451 940 2612 1011 νόμον
2658 942 2945 1012 σύμφωνον
2988 943 3118 996 ὄντα
3144 943 3221 1014 τῷ
3264 945 3578 1016 Εὐαγγελίῳ
3621 948 3720 1001 καὶ

2134 1037 2246 1098 τοῖς
2299 1036 2634 1107 προφήταις,
2685 1035 3022 1102 ἀναγίνωσκε
3071 1035 3163 1088 καὶ
3213 1035 3312 1099 τὰς
3364 1037 3714 1104 Βασιλείους,

2135 1126 2282 1190 ὅπως
2328 1127 2524 1180 εἰδέναι
2581 1126 2753 1197 ἔχοις,
2797 1127 2982 1180 ὁπόσοι
3024 1126 3221 1181 δίκαιοι
3265 1130 3512 1198 ἐγένοντο
3563 1131 3719 1200 βασι-

2135 1219 2265 1282 λεῖς,
2304 1219 2398 1272 καὶ
2429 1218 2742 1290 ηὐξήθησαν
2773 1219 2876 1272 ὑπὸ
2915 1218 3071 1281 Θεοῦ,
3103 1222 3196 1274 καὶ
3226 1222 3258 1292 ἡ
3289 1222 3591 1290 ἐπαγγελία
3617 1224 3718 1296 τῆς

2137 1311 2353 1364 αἰωνίου
2376 1311 2520 1380 ζωῆς
2548 1311 2730 1374 αὐτοῖς
2757 1311 2990 1381 διέμεινε
3012 1311 3312 1383 παράὐτῷ·
3343 1313 3458 1365 ὅσοι
3485 1313 3541 1367 δὲ
3564 1314 3726 1384 βασι-

2136 1402 2246 1466 λεῖς
2279 1401 2671 1474 ὲξεπόρνευσαν
2729 1403 2836 1456 ἀπὺ
2865 1401 3023 1466 Θεοῦ,
3069 1404 3127 1456 ἐν
3179 1405 3483 1475 ἀποστασία
3537 1407 3719 1460 αὐτῶν

2138 1495 2414 1566 συντόμως
2441 1494 2717 1549 ἀπώλοντο
2763 1498 2829 1566 τῇ
2859 1493 2954 1548 τοῦ
3011 1493 3146 1548 Θεοῦ
3209 1495 3594 1568 δικαιοκρισίᾳ,
3621 1501 3720 1553 καὶ

2136 1589 2234 1660 τῆς
2263 1587 2426 1642 αὑτοῦ
2459 1588 2603 1657 ζωῆς
2630 1586 3021 1658 ἐστερήθησαν,
3053 1587 3174 1640 ἀντὶ
3202 1588 3558 1653 ἀναπαύσεως
3586 1593 3730 1644 aito-

2137 1680 2255 1733 νίαν
2275 1680 2493 1733 κόλασιν
2521 1679 2958 1750 κληρωσάμενοι.
2982 1679 3169 1734 Ταῦτα
3188 1677 3280 1735 οῦν
3307 1683 3718 1750 ἀναγινώσκων,

2138 1772 2272 1826 πολὺ
2299 1776 2364 1844 τῇ
2395 1773 2575 1826 πίστει
2595 1771 2868 1844 αὐξηθεὶς,
2901 1773 3444 1849 προσοικοδομηοήσῃ
3464 1776 3682 1848 Χριστῷ
3701 1818 3729 1841 ,.

2137 1858 2198 1916 οὒ
2232 1863 2390 1934 σῶμα
2419 1865 2512 1917 καὶ
2543 1863 2700 1934 μέλος
2726 1865 3028 1934 τυγχάνεις.
3063 1866 3384 1935 Περιπατῶν
3443 1867 3498 1920 δὲ
3553 1869 3608 1921 ὲν
3648 1872 3724 1941 τῇ

2140 1957 2334 2028 ἀγορᾷ,
2371 1957 2463 2010 καὶ
2505 1956 2797 2011 λούσασθαι
2843 1957 3180 2029 βουλόμενος,
3227 1959 3408 2032 χρήσῃ
3455 1959 3721 2032 βαλανείῳ

2140 2049 2366 2121 ἀνδρείῳ
2400 2050 2507 2121 (49)
2529 2090 2543 2112 ,
2573 2051 2660 2104 ἵνα
2694 2051 2766 2122 μὴ
2797 2050 2885 2104 διὰ
2924 2052 2985 2104 τὸ
3024 2051 3386 2106 ἐπιδεικνύναι
3444 2070 3501 2106 σε
3561 2053 3726 2126 σῶμα,

2140 2143 2196 2194 ὲν
2228 2143 2459 2214 ἀσχήμῳ
2503 2143 2844 2212 ἀποκαλύψει
2903 2144 3169 2212 γυναιξὶν,
3203 2145 3236 2216 ἢ
3267 2145 3562 2200 θεάσασθαι
3590 2145 3725 2202 Θέαν.

2140 2236 2238 2305 οὐχ
2296 2235 2636 2307 ἁρμόζουσαν
2703 2236 2991 2307 ἀνδράσιν,
3050 2237 3083 2307 ἥ
3145 2239 3208 2291 σὺ
3263 2237 3626 2310 παγιδευθῇς,
3681 2242 3720 2312 ἢ

2142 2329 2472 2404 παγιδεύσῃς
2521 2331 2612 2383 ἐπὶ
2685 2331 2863 2402 σαυτῷ
2909 2330 3008 2393 τὰς
3048 2330 3220 2395 οῦτως
3275 2332 3574 2396 εὐαλώτους
3617 2351 3717 2402 γυ-

2139 2423 2332 2484 ναῖκας
2360 2421 2494 2492 (50).
2525 2422 2800 2475 Φυλασσου
2843 2420 2937 2477 οὖν
2989 2423 3058 2478 τὰ
3121 2424 3363 2489 τοιαῦτα,
3386 2427 3474 2480 ἵνα
3509 2429 3582 2500 μὴ
3619 2427 3726 2482 λάμ-ει

2142 2512 2242 2584 ϐῃς
2273 2511 2496 2584 βρόχους
2523 2516 2589 2586 τῇ
2623 2515 2814 2568 ἑαυτοῦ
2847 2516 3011 2588 ψυχῇ.

2695 2653 3085 2707 ΚΕΦΑΛΛΙΟΝ
3129 2651 3200 2705 Ζ’.

2565 2743 2704 2810 Περὶ
2731 2745 3012 2812 γυναικὸς
3039 2746 3292 2813 φαύλης.

2211 2832 2489 2903 Μὰθωμεν
2521 2833 2649 2906 γὰρ,
2678 2836 2737 2886 ὲν
2768 2837 2834 2906 τῇ
2856 2836 3025 2906 Σοφία
3044 2838 3095 2888 τί
3119 2837 3324 2906 λέγειὸ
3353 2837 3507 2907 ἅγιος
3534 2837 3725 2908 λόγος’-

2146 2942 2166 2977 (
2198 2926 2308 2983 Υἱὲ.
2342 2924 2581 2994 φύλασσε
2618 2928 2784 2996 ἐμοὺς
2827 2926 3033 2994 λόγους,
3086 2929 3184 2991 τὰς
3224 2929 3280 2983 δὲ
3327 2931 3465 3001 ἐμὰς
3501 2931 3720 2995 ἐντολὰς

2142 3017 2348 3090 κρύψον
2396 3017 2548 3089 παρὰ
2603 3018 2832 3089 σεαυτῷ.
2884 3020 3050 3073 Εἰπὸν
3078 3021 3175 3093 τὴν
3221 3024 3411 3092 σοφίαν
3443 3025 3540 3096 σὴν
3568 3025 3722 3079 ἀδελ-

2143 3111 2248 3182 φὴν
2278 3105 2438 3172 εἶναι,
2467 3110 2566 3182 τὴν
2594 3109 2650 3164 δὲ
2678 3112 2935 3182 φρόνησιν
2962 3111 3236 3185 γνώριμον
3258 3117 3612 3188 περι-ποίησαι
3640 3134 3724 3172 cs-

467 3205 658 3260 liarem
697 3205 792 3260 tibi
823 3220 1011 3260 assere
1038 3223 1052 3270 ;
1085 3213 1143 3258 ut
1171 3215 1222 3258 te
1247 3214 1430 3260 servet
1463 3219 1493 3258 a
1518 3205 1746 3260 muliere
1774 3205 1950 3260 aliena
1981 3215 2034 3262 et

2141 3202 2307 3272 αυτῷ,
2339 3203 2425 3256 ἵνα
2442 3219 2502 3255 σε
2529 3205 2743 3276 τηρήσῃ
2771 3205 2881 3258 ἀπὸ
2909 3207 3166 3272 γυναικὸς
3183 3207 3469 3280 ἀλλοτρίας
3497 3211 3590 3263 καὶ
3621 3226 3719 3263 πο-

468 3298 607 3351 mala
626 3336 641 3361 ,
675 3297 722 3352 si
747 3305 799 3351 te
821 3296 1001 3351 verbis
1024 3297 1238 3351 blandis
1266 3297 1455 3350 adorta
1486 3298 1668 3351 fuerit.
1697 3296 1772 3353 De
1803 3297 2041 3354 fenestra

467 3388 612 3443 enim
640 3387 838 3442 domus
865 3404 978 3442 sua:
1004 3388 1056 3441 in
1086 3389 1294 3457 plateas
1322 3388 1666 3458 prospiciens
1687 3429 1702 3452 ,
1735 3404 2040 3459 quemcun-

468 3495 576 3549 que
631 3480 829 3533 viderit
887 3479 1241 3549 insipientum
1305 3480 1539 3534 filiorum
1601 3481 2036 3546 adolescentem,

468 3570 651 3625 cordis
681 3572 919 3640 inopem,
944 3578 1359 3642 praetereuntem
1393 3588 1490 3641 per
1520 3571 1721 3637 forum,
1768 3573 1822 3626 in
1852 3581 2038 3629 trans-

473 3662 640 3717 itibus
694 3663 894 3717 aedium
925 3678 1171 3727 suarum,
1209 3670 1264 3718 et
1318 3663 1630 3733 loquentem
1675 3667 1730 3719 in
1792 3667 2034 3722 tenebris

469 3755 815 3824 vespertinis,
843 3771 966 3810 cum
994 3763 1078 3810 est
1104 3764 1371 3810 nocturna
1399 3757 1554 3827 quies
1599 3764 1654 3812 et
1693 3759 1992 3828 caliginosa
2023 3777 2036 3812 :

545 3895 610 3926 '°°
643 3893 831 3948 Matth.
856 3911 933 3960 χι,
962 3894 1052 3951 28.

2142 3295 2331 3365 νηρᾶς,
2363 3294 2456 3347 ὲάν
2488 3311 2546 3346 σε
2590 3293 2766 3363 λόγοις
2818 3298 2930 3358 τοῖς
2984 3298 3120 3368 πρὸς
3159 3299 3316 3370 χάριν
3359 3300 3728 3372 ὲμϐἀλλητσι-

2156 3385 2286 3438 Ἀπὸ
2314 3385 2423 3457 γὰρ
2465 3385 2679 3458 Θυρίδος
2707 3388 2853 3440 οἴκου
2883 3390 3052 3459 αὐτῆς
3081 3393 3160 3452 είς
3186 3391 3283 3454 τὰς
3329 3391 3589 3456 πλατείας
3614 3411 3722 3448 παο

2144 3477 2515 3548 ρακύπτουσα,
2549 3478 2606 3530 ὃν
2625 3477 2690 3531 ἀν
2739 3478 2822 3551 ἴδῃ
2865 3479 2971 3532 τῶν
3001 3481 3246 3553 ἀφρόνων
3273 3482 3476 3536 τέκνων
3503 3485 3730 3540 νεανίαι

2141 3569 2291 3641 ἐνδεῆ
2348 3570 2577 3641 φρενῶν,
2635 3573 3146 3644 παραπορευόμενον
3190 3576 3247 3628 ὲν
3291 3577 3500 3648 ἀγορᾷ,
3528 3577 3585 3630 ὲν
3615 3576 3722 3630 διό-

2143 3664 2251 3726 δοις
2281 3665 2442 3717 οἴκων
2471 3665 2660 3735 αὐτῆς,
2690 3665 2783 3718 καὶ
2808 3664 3072 3719 λαλοῦντα
3099 3667 3156 3718 ὲν
3211 3667 3392 3720 σκότει
3453 3667 3728 3740 ἑσπερινῷ-

2150 3756 2285 3826 (51),
2317 3756 2481 3825 ἡνίκα
2510 3755 2574 3809 ἂν
2633 3751 2666 3829 ᾗ
2701 3757 2900 3827 ἡσυχία
2953 3759 3240 3830 νυκτερινὴ
3293 3760 3388 3814 καὶ
3417 3758 3726 3830 γνοφώδηςλ

1730 4048 2090 4105 ΥΑΒΙΟΒΕΜ
2127 4049 2360 4106 ΝΟἸίΕ.

542 4185 653 4259 (47)
705 4184 1183 4259 ’ξύσητᾳιητσὺς
1209 4183 1535 4259 ὑποδίκους
1563 4185 1673 4259 τῆς
1725 4186 2039 4259 ἀποκειμέ-

468 4252 583 4326 nj'c
612 4252 813 4325 ὀργῆς,
846 4255 962 4308 καί.
992 4252 1112 4308 Haec
1140 4257 1321 4308 omnia
1341 4255 1555 4326 desunt
1587 4252 1641 4308 in
1670 4255 1830 4326 codd.
1869 4252 2031 4313 vnn.

471 4324 618 4399 quae,
641 4324 1056 4399 pet‘Spi(:uit:ttis_
1069 4340 1255 4399 causa,
1289 4324 1410 4378 addi
1454 4333 1695 4399 potuere.
1724 4325 1894 4382 Cum.

567 4393 656 4461 48)
695 4393 852 4464 Πρός
871 4411 967 4463 με.
1025 4393 1183 4449 Deest
1216 4395 1268 4448 in
1295 4403 1544 4464 utroque.
1577 4394 1654 4464 In.

567 4399 654 4461 d8)
695 4399 852 4464 Πρός
871 4411 967 4463 με.
1025 4399 1183 4449 Deest
1216 4399 1268 4448 in
1295 4403 1544 4464 utroque.
1577 4399 1654 4450 In.

542 4399 1038 4540 iﬁleg’o'aaﬂat
1078 4465 1472 4540 βουλόμεῂρς,
1503 4463 1700 4534 χρήσῃ
1726 4464 2043 4540 ⁸,ϐαλανείῳ

470 4523 742 4605 ἀνδρὲίῳ.
774 4535 942 4588 Erant
970 4523 1108 4605 olim,
1145 4537 1200 4587 in
1241 4523 1694 4595 ﬁilelibusrtuni'
1726 4523 1939 4588 luxuria
1987 4523 2042 4588 et
2073 4523 2116 4578 Ῐ)

474 4604 717 4670 lascivia,
751 4620 902 4659 more
934 4604 1231 4657 infidelium
1278 4605 1616 4669 dillluentes;
1671 4611 1786 4658 tum
1827 4605 2036 4670 simplia

473 4681 652 4732 ciores
681 4690 744 4730 ac
773 4673 974 4744 idiota}:
1019 4688 1048 4725 a
1078 4673 1279 4743 quibus
1309 4674 1507 4744 (inquit
1538 4674 1875 4744 Epiphanius
1929 4673 2042 4728 ba:-

475 4750 580 4803 rcsi
641 4746 730 4806 30,
783 4742 1001 4814 cap.r7)r
1047 4742 1268 4814 propter
1318 4742 1697 4814 negligentiam
1750 4745 2038 4797 doctorum

474 4817 696 4889 ignaris,
740 4813 1151 4889 nou__vi_tabatur
1207 4813 1406 4889 lavatio
1433 4813 1556 4889 cum
1606 4813 1832 4889 alterius
1875 4828 2040 4889 setius

475 4882 806 4942 Hominibus.
840 4882 1047 4936 Idcirco
1071 4883 1461 4936 constitutione
1494 4885 1614 4942 hac,
1635 4891 1688 4936 et
1719 4884 1807 4935 illa
1839 4884 2040 4951 capitis

474 4959 527 5018 9.
567 4955 920 5026 prohibentur
963 4953 1152 5026 balnea
1206 4953 1516 5026 promiscua
1559 4952 1799 5026 virorum
1829 4961 1881 5005 et
1921 4969 2040 5026 ntu-

477 5022 689 5083 lierum.
723 5023 1029 5090 Eademque
1060 5023 1371 5077 interdictio
1413 5023 1608 5091 legitur
1640 5023 1693 5074 in
1734 5022 2040 5077 canonibus

477 5098 782 5152 Laodiceno
813 5094 903 5152 50,
944 5099 997 5146 et
1036 5091 1295 5147 Trullano
1325 5091 1411 5151 77,
1454 5091 1520 5144 ad
1543 5106 1700 5158 quem
1750 5091 2039 5145 Balsamon

478 5167 748 5236 improbat
788 5166 976 5236 etia_m_
1008 5162 1334 5236 lavationem
1353 5161 1563 5236 ‘balnei
1613 5161 1730 5214 viro
1773 5162 2039 5236 uxorique

476 5228 841 5292 cm'nmunem.
875 5231 979 5286 Sed
1039 5241 1093 5284 et
1137 5232 1310 5285 sancti
1353 5228 1544 5284 Patres
1591 5228 2038 5286 consuetudinem

477 5305 852 5376 turpitudinis,
885 5301 1114 5376 periculi
1135 5308 1188 5354 et
1237 5299 1766 5376 scandali__plenam_
1799 5302 2041 5370 proscri-

515 5368 702 5432 sei-unt
735 5393 747 5428 :
778 5368 1028 5427 Clemens
1057 5370 1454 5440 Alexandrinus
1484 5368 1766 5440 Pwdagogi
1799 5368 1889 5431 in,
1916 5385 2039 5440 cap.

532 5445 888 5515 ;Cyprianus
933 5443 1008 5515 De
1063 5439 1452 5515 disciplinanet
1504 5439 2037 5515 nobilrt‘cirginunt,

480 5506 643 5569 (τῆ-ω’
666 5506 845 5577 iinem,
877 5520 931 5565 et
962 5514 1014 5562 in
1039 5510 1278 5577 antiquis
1306 5509 1636 5564 cditionibus
1669 5510 1803 5578 libro
1823 5514 1894 5565 De
1922 5511 2041 5578 lup-

481 5587 576 5646 sis,
608 5593 731 5637 ante
770 5583 953 5647 linem;
984 5576 1402 5649 Chrysostomus
1446 5576 1781 5649 tractatum
1810 5576 2025 5632 educan-

480 5656 562 5709 dis
610 5655 818 5713 liberis,
855 5667 947 5720 per
997 5647 1170 5702 virum
1209 5650 1635 5720 eruditissimum
1692 5647 2038 5720 Fiam-iscum

481 5717 869 5779 Comhetisiuni
911 5720 1128 5788 vulgato
1153 5758 1166 5781 ,
1201 5733 1254 5787 p.
1291 5719 1393 5778 ‘75;
1421 5717 1692 5788 Palladius
1739 5717 1950 5788 dialogo
1967 5723 2043 5775 ()e

481 5795 587 5848 vita
613 5793 671 5847 S.
701 5787 1056 5850 Clirusostonii
1081 5802 1201 5856 cap.
1242 5788 1325 5853 l5,
1366 5797 1418 5844 et
1445 5787 1805 5856 Hieronymus
1849 5787 1942 5844 lib.
1999 5805 2036 5843 ιι

2145 4187 2395 4260 adversus
2440 4189 2792 4260 ilovinﬁianum
2815 4205 2935 4260 cap.
2972 4191 3094 4257 ult.,
3122 4205 3223 4244 nec
3271 4205 3380 4243 non
3431 4187 3581 4242 Nilus
3613 4187 3718 4260 lib;

2147 4275 2209 4319 ιι,
2235 4259 2395 4329 epist.
2429 4259 2554 4329 2H.
2588 4259 2727 4322 Quid
2761 4258 2905 4327 quod
2938 4261 3172 4314 ethnicis
3221 4260 3407 4329 multis
3460 4274 3548 4312 res
3598 4258 3711 4329 disa

2144 4325 2371 4397 plicuit?
2404 4339 2461 4383 ut
2509 4328 2741 4385 Hesiodo
2782 4325 2839 4383 in
2885 4330 2989 4384 fine
3017 4332 3136 4384 libri
3179 4345 3217 4382 ιι
3253 4328 3478 4398 Operam
3505 4337 3554 4398 et
3589 4325 3711 4398 Die-

2147 4415 2285 4461 rum,
2305 4398 2464 4466 cujus
2491 4414 2683 4454 versus
2714 4400 2968 4454 laudatur
2987 4416 3014 4455 a
3031 4397 3308 4456 Clemente
3319 4397 3716 4466 Alexandrino.

2148 4466 2322 4538 Yarro
2353 4469 2446 4524 lib.
2482 4485 2604 4528 vui,
2632 4468 2705 4522 De
2729 4467 3131 4538 linguaLatina,
3165 4477 3288 4538 post
3317 4466 3578 4523 medium.
3610 4465 3720 4522 Ubi

2146 4536 2268 4591 bina
2295 4547 2466 4593 essent
2496 4539 2776 4606 conjuncta
2799 4536 3047 4606 redi/ﬁcia,
3077 4536 3291 4591 lavandi
3320 4551 3512 4606 cauga;
3546 4553 3709 4606 unum

2145 4607 2232 4660 ubi
2265 4610 2383 4668 viri.
2415 4603 2639 4662 alterum
2668 4606 2756 4660 ubi
2781 4603 3023 4661 mulieres
3047 4609 3372 4660 lavarentur.
3403 4604 3469 4658 Et
3503 4605 3558 4658 in
3593 4603 3726 4658 His-

2149 4679 2280 4730 toria
2313 4678 2548 4746 Augusta
2583 4677 2816 4746 refertur
2842 4678 2986 4746 quod
3015 4677 3284 4730 Adrianus
3342 4675 3558 4746 lavacra
3611 4689 3709 4743 pro

2141 4747 2364 4815 δρπιιιιιε
2387 4743 2742 4814 separaverit,
2775 4743 3085 4800 Antoninus
3104 4745 3464 4815 philosophus
3489 4743 3709 4797 lavacra

2142 4814 2303 4866 mista
2329 4815 2685 4878 submoverit,
2719 4815 3024 4871 Alexander
3063 4814 3297 4871 Severus
3326 4815 3516 4868 balnea
3546 4815 3709 4868 mista

2139 4881 2325 4955 Bonum
2355 4885 2696 4952 prohibuerit
2716 4885 2980 4940 exhiberi.
3015 4885 3257 4954 Denique
3282 4900 3378 4955 per
3404 4885 3548 4952 leges
3579 4883 3708 4955 civi-

2141 4952 2220 5006 les
2253 4953 2451 5006 licebat
2480 4955 2677 5007 marito
2703 4955 2989 5024 repudium
3033 4952 3247 5010 mittere
3284 4952 3451 5009 'uxori
3475 4993 3488 5014 .
3547 4954 3590 5007 si
3643 4967 3706 5006 ea

2139 5030 2329 5075 contra
2347 5025 2521 5092 .‘psins
2564 5025 2894 5078 voluntatem
2919 5041 3042 5078 cum
3073 5026 3207 5078 viris
3233 5024 3506 5080 extraneis
3563 5024 3712 5092 lava-

2139 5091 2431 5164 ret_._Absit
2459 5094 2641 5164 itaque
2666 5101 2722 5146 ut
2747 5103 2871 5162 post
2889 5095 3176 5164 Evagrium
3216 5096 3311 5150 lib.
3364 5111 3401 5157 ι,
3447 5109 3567 5162 cap.
3608 5091 3706 5164 2|.

2139 5170 2193 5234 et
2220 5160 2584 5232 Nicephorum
2636 5160 3126 5234 lib.iiv,cap.'50,
3176 5165 3460 5234 laudemus
3513 5160 3708 5215 stultos

2138 5231 2261 5285 illos
2289 5231 2520 5296 aseetas,
2547 5235 2638 5302 qui
2669 5236 2795 5288 dum
2830 5235 2932 5289 sibi
2959 5231 3188 5297 ἀπαθεῖς
3217 5250 3339 5289 esse
3364 5233 3706 5294 videbantur,

2137 5302 2385 5356 solebant
2404 5303 2623 5358 balneas
2648 5305 2821 5368 adire,
2852 5312 2911 5358 ut
2947 5320 3053 5358 una
3092 5319 3214 5360 cum
3252 5303 3576 5357 mulieribus
3626 5302 3707 5353 la-

2136 5380 2414 5426 varentur.
2449 5372 2583 5426 Cor.

2210 5441 2322 5510 (50)
2351 5441 2459 5513 Τὰς
2486 5443 2671 5513 οὗξως
2698 5442 3037 5508 εὐαλώτους
3067 5440 3374 5513 γυναῖκας.
3410 5441 3614 5496 Desunt
3651 5439 3706 5492 in

2138 5519 2369 5580 utroque
2394 5512 2531 5563 libro
2558 5511 2864 5568 Vindobon.
2888 5513 3055 5567 (Jun.

2231 5577 2319 5652 δί)
2338 5580 2454 5652 Kal
2469 5581 2776 5652 λαλοῦντα
2800 5582 2869 5635 ἐν
2890 5583 3092 5635 σκότει
3119 5579 3551 5652 ἑσπερινῷαΜς.
3573 5577 3686 5647 Reg

2135 5647 2259 5704 495.
2294 5647 2576 5703 καλοῦντα.
2609 5648 2770 5711 LXX,
2807 5659 2900 5704 aut
2943 5647 3282 5720 scripserunt
3337 5651 3587 5709 ἀλοῦντα,
3625 5665 3710 5702 er-

2138 5730 2361 5791 fantem,
2397 5729 2688 5791 vagantem,
2719 5721 2869 5787 quod
2900 5724 3108 5776 accedit
3142 5722 3209 5775 ad
3258 5721 3710 5791 significationem

2140 5789 2287 5843 verbi
2309 5799 2418 5856 ππ
2441 5787 2614 5859 gradi,
2644 5789 2798 5856 itare,
2837 5797 2932 5846 aut
2962 5793 3202 5866 legerunt
3234 5787 3370 5869 pri?
3400 5807 3430 5845 a
3451 5800 3568 5855 ων
3595 5789 3710 5851 cla-
