4082 6262
423 410 530 464 589

1339 401 1942 459 CONST-ITUTIONES
1978 399 2657 458 APOSTOI.IC.E.——LIB.
2675 400 2742 456 ιι.

3561 407 3666 464 590

421 529 494 588 ς’.
534 518 677 588 Περὶ
706 518 814 574 τοῦ
827 518 913 588 μὴ
932 506 1082 572 εἶναι
1095 517 1202 571 τὸν
1219 516 1556 569 ἐπίσκοπον
1573 513 1992 584 αἰσχροκερδῆ,

2101 511 2189 568 VI.
2231 510 2532 582 Episcopus
2563 526 2630 566 ne
2673 512 2746 566 sit
2793 511 2936 582 turpi
2965 511 3118 568 lucro
3147 513 3384 583 deditus,
3417 532 3518 574 nec
3544 519 3670 577 Iide-

481 613 638 684 μήτε
668 611 736 666 δὲ
761 609 1109 682 ἐγγυᾶσθαι,
1137 607 1175 677 ἦ
1205 607 1582 677 συνηγορεῖν.

419 703 478 770 ζ’θ.
524 708 663 762 οἷον
692 703 809 774 χρὴ
830 703 990 758 εἶναι
1018 701 1125 755 τὸν
1145 699 1548 771 μεμυημένον.

417 893 491 956 η’.
532 885 672 955 Περὶ
697 883 1290 955 συκοφαντουμένου,
1317 881 1448 950 ἤτοι
1477 879 1895 949 ἐλεγχομένου.

418 1077 486 1129 θ’.
531 1074 659 1128 Ὅτι
688 1067 1138 1138 ἀδωροδόκητον
1170 1065 1329 1120 εἶναι
1358 1063 1476 1133 χρὴ
1505 1062 1612 1116 τὸν
1637 1061 1992 1115 ἐπίσκοπον.

419 1261 472 1308 ι’.
528 1254 660 1308 Ὅτι
701 1255 736 1306 ό
788 1248 1140 1312 ἐπίσκοπος,
1189 1243 1439 1312 ἀκρίτως
1491 1239 1839 1310 φειδόμενος
1890 1236 1995 1290 τοῦ

489 1344 920 1416 ἡμαρτηκότος,
950 1339 1223 1402 ὑπαίτιος
1249 1335 1491 1404 γίνεται.

419 1446 512 1493 ια’.
556 1439 752 1502 Ὅπως
771 1433 887 1503 χρὴ
915 1431 1023 1486 τὸν
1038 1428 1376 1482 ἐπίσκοπον
1403 1424 1630 1492 κρίνειν
1656 1421 1797 1487 τοὺς
1815 1419 1998 1489 ἁμαρ-

490 1530 800 1593 τὰνοντας.

420 1624 508 1678 ιϐ’.
572 1617 960 1679 Διδασκαλία,
1011 1613 1171 1678 ὅπως
1224 1609 1340 1678 χρὴ
1385 1605 1828 1676 προσφέρεσθαι
1873 1601 1997 1667 τοῖς

415 1729 417 1732 ·
481 1711 861 1784 μετανοοῦσι.

418 1815 510 1876 ιγ’.
554 1807 681 1859 ’Ὁτι
709 1804 952 1874 φεύγειν
980 1798 1095 1870 χρὴ
1123 1795 1242 1850 τῶν
1268 1789 1698 1864 ἁμαρτημάτων
1722 1787 1837 1857 τὴν
1868 1784 1993 1839 πεῖ·
2025 1860 2067 1914 Β

513 1916 614 1952 ξαν.

417 1917 681 2058 afﬁrm
705 1985 1134 2055 τῶνλετόντων-
1145 1978 1231 2050 μὴ
1254 1976 1539 2046 δέχεσθαι
1562 1969 1992 2043 μετανοοῦντα,

486 2085 588 2141 καὶ
633 2084 724 2138 ὅτι
755 2081 1002 2144 δίκαιος,
1047 2073 1163 2127 κᾶν
1206 2071 1499 2125 σύνεστιν
1532 2058 1874 2134 ἁμαρτωλῷ,
1922 2059 1996 2111 οὐ

487 2176 944 2232 συναπόλλυται
971 2164 1150 2230 αὐτῷ.

416 2277 502 2325 ιε’.
548 2269 676 2322 Ὀτι
715 2267 784 2320 οὐ
830 2261 946 2332 χρὴ
993 2259 1100 2313 τὸν
1143 2253 1300 2324 ἱερέα
1335 2250 1570 2322 μήποτε
1614 2242 1881 2315 παρορᾷν
1922 2241 1996 2296 τὰ

483 2358 889 2434 ἁμαρτήματα,
915 2352 1066 2424 μήτε
1093 2350 1410 2422 πρόχειρον
1435 2343 1586 2398 εἶναι
1612 2341 1683 2395 ἐν
1712 2337 1792 2405 τῷ
1823 2351 1994 2406 τιμω·
2019 2407 2021 2409 _

521 2455 736 2510 εῒσθαι.
979 2487 982 2495 ι

419 2475 1063 2614 κξεῖἒῖιμετανοίας,
1094 2532 1192 2588 καὶ
1221 2532 1313 2597 τίς
1341 2526 1530 2596 αὐτῆς
1559 2528 1592 2580 ὀ
1618 2524 1866 2592 τρόπος,
1897 2517 1996 2573 καὶ

484 2643 647 2706 ὅπως
674 2631 1079 2702 κατορθοῦται.

417 2732 498 2796 ιζ’.
541 2704 668 2785 Ὀτι
695 2725 1107 2790 ἀνεπίληπτον
1146 2717 1303 2770 εἶναι
1346 2710 1462 2780 χρὴ
1507 2709 1613 2762 τὸν
1637 2704 1994 2765 ἐπίσκοπον,

484 2825 568 2891 ὡς
593 2822 786 2877 τύπον
813 2816 932 2871 τῶν
955 2808 1322 2881 ἀρχομένων-
1547 2874 1550 2878 ,

419 2922 509 2986 ιη’.
544 2889 680 2968 ήὍτι
709 2909 824 2981 χρὴ
854 2908 961 2962 τὸν
1004 2903 1340 2958 ἐπίσκοπον
1369 2891 1720 2986 φροντίζειν,
1762 2889 1937 2986 ὅπως.
1963 2889 1996 2940 ό

485 3009 633 3073 λαός
660 2979 745 3076 μὴ
775 2995 1118 3069 πλημμελῇ,
1149 2993 1246 3047 διὰ
1274 2991 1337 3044 τὸ
1367 2989 1518 3042 εἶναι
1535 2984 1722 3039 αὐτὸν
1740 2979 1994 3076 σκοπόν.

418 3105 506 3156 ιθν.
702 3071 800 3150 real
830 3096 862 3147 ό
890 3088 1112 3160 ποιμὴν
1140 3081 1372 3154 ἀμελῶς
1409 3079 1734 3150 φερόμενος
1763 3071 1897 3141 περὶ
1924 3071 1998 3125 τὰ

485 3192 770 3260 πρόϐατα,
802 3185 978 3252 δίκην
1005 3183 1305 3239 τίννυσιν,
1337 3173 1435 3227 καὶ
1461 3172 1524 3225 τὸ
1575 3169 1871 3238 πρόϐατον
1907 3162 1993 3234 μὴ

484 3279 848 3350 πειθαρχοῦν
876 3276 956 3342 τῷ
985 3271 1242 3341 ποιμένι,
1273 3263 1598 3326 κολάζεται.

418 3385 486 3432 κ’.
529 3349 727 3440 Ὅπως
765 3370 880 3440 χρὴ
923 3367 1064 3432 τοὺς
1091 3359 1461 3434 ἀρχομένους
1493 3351 1834 3422 πειθαρχεῖν
1873 3349 1996 3414 τοῖς

485 3469 777 3536 ἄρχουσιν
806 3459 1175 3522 ἐπισκόποις.

417 3567 526 3615 κα.
568 3560 694 3611 Ὅτι
725 3553 1008 3616 κίνδυνος
1032 3543 1330 3618 μονομερῆ
1371 3542 1571 3611 κρίσιν
1609 3536 1994 3602 ποιήσασθαι,

487 3650 586 3705 καὶ
627 3647 904 3718 τιμωρίαν
951 3642 1148 3710 ὁρίσαι
1189 3636 1339 3691 κατὰ
1378 3633 1484 3688 τοῦ
1539 3629 1784 3700 μηδέπω
1827 3625 1996 3693 ἐλεγ-

487 3742 752 3811 χθέντος.

416 3838 522 3890 κσ.
566 3835 694 3886 Ὅτι
730 3829 884 3900 μέγα
924 3822 1290 3894 παράδειγμα
1331 3815 1650 3888 μετανοίας
1695 3811 1997 3878 πρόκειται

488 3923 686 3986 Δαόὶδ,
727 3921 824 3975 καὶ
851 3917 1170 3978 Νινευῖται,
1216 3912 1473 3980 Ἐζεχίας
1501 3924 1566 3963 τε
1596 3904 1693 3959 καὶ
1723 3906 1754 3956 ὁ
1783 3901 1996 3955 τούτου

485 4018 618 4082 υἱὸς
645 4011 1000 4079 Μανασσῆς.
1546 3991 1554 3999 ’
1965 4073 1967 4078 η

418 4115 529 4180 κγ’.
567 4107 723 4175 Πρὸς
748 4105 892 4169 τοὺς
925 4103 994 4154 ἐκ
1025 4094 1520 4167 καταφρονήσεως
1549 4085 1998 4160 ἁμαρτάνοντας

489 4202 649 4255 ἔστω
681 4195 1046 4265 παράδειῃια
1087 4188 1292 4259 ’Ᾱμώοα

422 4291 527 4346 κδ’.
548 4290 675 4342 Ὅτι
687 4286 937 4356 Χριστὸς
967 4282 1202 4350 Ἰησοῦς
1214 4280 1424 4346 Κύριος
1448 4271 1798 4344 παρετένετο
1813 4269 1997 4336 ἁμαρ-

488 4379 718 4445 τωλοὺς
743 4377 939 4432 σῶσαι
965 4375 1063 4430 διὰ
1083 4371 1421 4443 μετανοίας.

421 4481 518 4528 κε’.
558 4471 699 4539 Περὶ
726 4467 1012 4536 ἀπαρχῶν
1029 4465 1126 4520 καὶ
1153 4460 1437 4525 δεκατῶν,
1467 4457 1742 4541 καὶιόπως
1772 4449 1998 4541 ὀφείλει

491 4571 524 4621 ό
575 4565 926 4627 ἐπίσκοπος,
974 4559 1013 4628 ἣ
1055 4555 1236 4622 αὐτὸς
1261 4548 1740 4624 μεταλαμϐάνειν
1779 4541 1846 4608 ἑξ
1890 4540 1996 4594 αὺ-

489 4659 628 4722 τῶν,
657 4657 696 4726 ἢ
726 4655 948 4723 ἑτέροις
979 4650 1297 4720 διανέμειν.

419 4757 532 4816 κςκ
573 4752 674 4815 Είς
702 4748 865 4812 τίνος
891 4745 1081 4797 τύπον
1122 4741 1219 4795 καὶ
1260 4738 1437 4804 ἀξίαν
1477 4737 1730 4799 ἕκαστος
1772 4731 1890 4785 τῶν
1928 4731 1996 4785 ἐν

481 4834 571 4906 τῷ
598 4839 796 4912 κλήρῳ
825 4837 1096 4891 τέτακται
1124 4833 1283 4901 παρὰ
1312 4829 1452 4896 Θεῷ.

418 4928 518 4992 κε.
561 4932 685 4985 Ὅτι
709 4928 1018 4999 φρικῶδες,
1038 4926 1347 4994 ἄνθρωπον
1375 4921 1604 4976 σαυτὸν
1631 4918 1996 4987 ἑπιρῤἰπτειν

486 5022 775 5092 ἀξιώματί
817 5037 934 5074 τινι
981 5015 1246 5088 ἱερατικῷ
1268 5033 1280 5045 ·
1329 5015 1410 5080 ὡς
1467 5015 1524 5066 οἱ
1572 5011 1858 5079 Κορεῖται,
1916 5008 1996 5074 ὡς

488 5113 709 5178 Σαοὺλ,
735 5113 816 5180 ὠς
857 5109 1061 5176 Ὀζῖας.

417 5214 529 5275 κη’.
569 5205 710 5274 Περὶ
745 5203 953 5273 δοχῆς,
1003 5200 1102 5256 καὶ
1143 5199 1304 5264 ὅπως
1347 5196 1462 5266 χρὴ
1503 5196 1764 5250 ἕκαστον
1805 5195 1996 5261 τάγμα

487 5297 593 5350 τοῦ
641 5294 869 5365 κλήρου
913 5293 1031 5349 ὑπὸ
1073 5291 1191 5346 τῶν
1233 5286 1777 5359 προσκαλουμένων
1827 5283 1992 5353 τιμᾶ-

483 5391 645 5442 σθαι.

413 5484 521 5534 κθν.
559 5481 652 5547 Τίς
684 5481 723 5550 ή
757 5480 899 5546 ἀξία
923 5464 1029 5535 τοῦ
1057 5479 1412 5540 ἐπισκόπου,
1436 5475 1532 5529 καὶ
1559 5475 1662 5529 τοῦ
1691 5474 1989 5528 διακόνου.

413 5575 488 5626 λ’.
535 5572 732 5639 Ὀπως
759 5573 876 5642 χρὴ
907 5573 1048 5640 τοὺς
1075 5569 1322 5636 λατκοὺς
1350 5567 1690 5637 πειθαρχεῖν
1715 5565 1840 5632 τοῖς
1866 5565 1992 5619 δια-

485 5663 706 5730 κόνοις.
1108 5681 1112 5684 ·

417 5756 528 5808 λα’.
571 5754 698 5809 Ὅτι
724 5755 812 5825 μὴ
844 5756 959 5825 χρὴ
988 5758 1094 5812 τὸν
1135 5755 1414 5812 διάκονον
1441 5755 1585 5810 ἄνευ
1614 5753 1719 5809 τοῦ
1753 5752 1994 5810 ἐπισκό-

486 5860 604 5901 που
633 5865 688 5905 τι
713 5847 1008 5919 πράττειν.

2162 605 2370 674 jussor,
2405 619 2507 658 nec
2538 603 2857 660 advocatus.

2101 696 2209 753 VII.
2242 697 2468 762 Qualem
2511 703 2726 766 oportet
2770 711 2894 752 esse
2941 711 3066 752 eum
3094 699 3185 768 qui
3214 714 3310 769 per
3336 699 3670 770 baptismum

2165 800 2248 844 est
2270 790 2534 844 initiatus.

2099 881 2232 938 VIII.
2267 882 2341 937 De
2370 897 2436 937 eo
2458 883 2553 953 qui
2598 883 2654 936 in
2693 883 3044 951 calumniam,
3075 884 3159 940 vel
3192 884 3668 960 reprehensionem

2170 974 2422 1031 incurrit.

2098 1065 2189 1120 IX.
2232 1065 2560 1137 Episcopum
2607 1082 2718 1122 non
2765 1066 2966 1122 debere
3015 1082 3139 1124 esse
3192 1069 3511 1124 muneribus
3545 1083 3669 1139 per-

2104 1189 2108 1194 -
2170 1159 2339 1213 vium.

2098 1250 2166 1307 X.
2197 1251 2354 1317 Quod
2407 1251 2718 1322 episcopus,
2750 1252 2844 1323 qui
2900 1259 3104 1308 temere
3154 1254 3328 1324 parcit
3371 1254 3666 1326 peccatori,

2169 1345 2328 1412 culpa
2356 1358 2464 1397 non
2491 1353 2696 1400 careat.

2098 1435 2188 1490 XI.
2231 1435 2349 1501 Quo
2403 1436 2567 1490 modo
2616 1443 2869 1507 oporteat
2925 1445 3240 1507 peccatores
3299 1436 3368 1492 ab
3413 1437 3670 1509 episcopo

2163 1526 2427 1596 judicari.

2097 1618 2211 1674 XII.
2248 1619 2504 1685 Doctrina
2554 1620 2620 1676 de
2661 1623 2824 1678 modo
2863 1638 2973 1694 quo
3027 1624 3356 1694 poeniteutes
3395 1621 3667 1677 tractandi

2169 1719 2315 1768 sunt.

2100 1804 2238 1862 XIII.
2277 1806 2616 1880 Fugiendam
2645 1822 2768 1862 esse
2794 1807 3117 1863 delictorum
3147 1806 3554 1878 experientiam.

2096 1984 2233 2059 XIV.
2275 1986 2352 2042 De
2381 1988 2448 2043 iis
2477 1987 2573 2056 qui
2618 1984 2887 2040 aiﬁrmant
2932 1999 3041 2039 non
3091 1984 3291 2040 debere
3342 1981 3510 2053 recipi
3545 1997 3666 2052 pa:-

2165 2080 2457 2147 nitentem;
2500 2085 2554 2135 et
2597 2079 2663 2134 de
2687 2079 2860 2149 justo,
2884 2077 3029 2148 quod
3064 2077 3193 2132 licet
3221 2092 3344 2132 cum
3379 2083 3669 2147 peccatore

2165 2178 2436 2237 versetur,
2468 2187 2578 2226 non
2607 2177 2791 2255 tamen
2820 2185 2943 2224 cum
2975 2184 3042 2224 eo
3073 2176 3278 2240 pereat.

2093 2261 2209 2319 XV.
2251 2263 2404 2330 Quod
2455 2264 2714 2319 sacerdos
2749 2278 2849 2318 nec
2885 2273 3107 2335 peccata
3139 2262 3414 2333 negligere
3448 2259 3664 2323 debeat.

2164 2370 2265 2410 nec
2301 2363 2590 2426 promptus
2618 2370 2742 2412 esse
2773 2355 2840 2410 ad
2868 2355 3187 2411 vindictam.

2096 2530 2235 2589 XVI.
2276 2531 2352 2588 De
2395 2534 2737 2604 paenitentia,
2771 2541 2825 2590 et
2868 2534 2992 2605 quis
3036 2533 3184 2590 illius
3210 2533 3430 2599 modus,
3459 2540 3513 2588 et
3559 2546 3671 2603 quo

2166 2633 2325 2695 pacto
2353 2633 2665 2697 peragatur.

2096 2715 2259 2772 XVII.
2300 2716 2628 2788 Episcopum
2680 2717 2878 2773 debere
2929 2733 3049 2772 esse
3095 2716 3665 2789 irreprehensrbilem,

2165 2816 2350 2879 utpote
2381 2809 2608 2864 formam
2640 2807 3029 2878 subiectorum.

2097 2900 2284 2957 XVIII.
2321 2901 2477 2969 Quod
2530 2909 2746 2972 oportet
2785 2904 3102 2973 episcopum
3139 2917 3354 2967 curare,
3388 2917 3456 2956 ne
3483 2909 3670 2971 peccet

2169 2996 2341 3066 plebs,
2376 2995 2504 3065 quia
2534 2995 2651 3066 ipse
2681 3004 2764 3051 est
2790 2997 3121 3066 speculator.

2098 3085 2236 3143 XIX.
2281 3086 2438 3154 Quod
2473 3094 2660 3158 pastor
2697 3103 2877 3142 orrum
2911 3089 3213 3160 negligens,
3239 3103 3430 3159 pmnas
3451 3088 3667 3155 solvat;

2173 3187 2227 3234 et
2251 3180 2391 3245 ovis,
2413 3164 2529 3234 non
2558 3179 2817 3236 obcdiens
2847 3181 3075 3251 pastori,
3106 3182 3384 3252 puniatur.

2102 3358 2214 3414 XX.
2250 3357 2368 3425 Quo
2413 3359 2576 3414 modo
2631 3359 2863 3430 subjecti
2918 3359 3225 3431 praepositis
3263 3360 3367 3416 sibi
3397 3360 3672 3431 episcopis

2165 3452 2386 3508 obedire
2417 3452 2674 3508 debeant.

2097 3545 2238 3600 XXI.
2273 3545 2430 3612 Quod
2486 3547 2788 3616 periculum
2847 3547 2940 3612 sit,
2988 3560 3097 3599 una
3129 3552 3340 3600 tantum
3375 3551 3528 3615 parte
3566 3557 3700 3625 au-I

2167 3637 2301 3700 dita,
2333 3637 2598 3706 judicare.
2629 3645 2683 3692 et
2729 3653 2948 3708 pamam
2991 3639 3286 3695 decernere
3329 3647 3519 3694 contra
3544 3654 3670 3694 eum

2169 3730 2261 3799 qui
2292 3731 2531 3785 nondum
2562 3731 2847 3785 convictus
2869 3739 2973 3786 est.

2097 3822 2261 3879 XXII.
2303 3823 2458 3890 Quod
2523 3839 2779 3894 magnum
2853 3824 3187 3894 poenitentiae
3239 3825 3544 3895 exemplum
3612 3824 3669 3879 in

2170 3917 2368 3974 Davide
2391 3924 2759 3988 proponatur;
2789 3917 2918 3972 item
2943 3917 2997 3971 in
3020 3909 3295 3983 Ninivitis,
3328 3917 3384 3971 in
3414 3915 3668 3982 Ezechia,

2167 4018 2222 4065 et
2253 4009 2312 4063 in
2339 4009 2450 4064 ﬁlio
2477 4011 2624 4064 illius
2663 4009 2930 4064 Manasse.

2097 4099 2288 4154 XXIII.
2336 4099 2394 4154 In
2423 4116 2539 4166 eos,
2585 4100 2678 4171 qui
2721 4115 2788 4154 ex
2847 4106 3165 4169 contemptu
3210 4107 3457 4170 peccant,
3487 4114 3670 4154 exem-

2166 4194 2313 4265 plum
2348 4193 2420 4248 sit
2447 4194 2641 4248 Amon.

2099 4283 2289 4340 XXIV.
2333 4284 2485 4352 Quod
2510 4285 2764 4342 Christus
2793 4284 2953 4342 Jesus
2982 4284 3245 4340 Dominus
3275 4283 3398 4340 ideo
3429 4283 3668 4347 advenit,

2168 4387 2229 4431 ut
2259 4394 2357 4450 per
2384 4379 2760 4448 paenitentiam
2794 4385 3037 4433 servaret
3065 4385 3399 4447 peccatores.

2098 4466 2266 4525 XXV.
2304 4468 2379 4524 De
2407 4469 2663 4540 primitiis
2695 4478 2749 4525 et
2777 4471 3038 4536 decimis;
3061 4477 3115 4525 et
3147 4487 3256 4541 quo
3286 4471 3447 4527 modo
3477 4471 3671 4526 debeat

2167 4561 2480 4632 episcopus,
2513 4578 2580 4617 ex
2631 4563 2714 4617 eis
2770 4563 2855 4618 vel
2913 4563 3028 4634 ipse
3082 4563 3351 4634 accipere,
3403 4564 3488 4619 vel
3549 4563 3671 4618 aliis

2167 4653 2517 4709 distribuere.

2097 4744 2284 4800 XXVI.
2326 4745 2407 4799 Ad
2461 4746 2619 4817 cujus
2667 4746 2894 4801 formam
2925 4756 2978 4802 et
3008 4749 3324 4820 dignitatem
3373 4749 3668 4819 unusquiso

2165 4854 2273 4909 que
2300 4839 2368 4894 de
2396 4838 2567 4907 clero,
2601 4855 2628 4893 a
2661 4838 2771 4894 Deo
2802 4841 2867 4894 sit
2903 4841 3208 4895 ordinatus.

2097 4927 2306 4986 XXVII.
2333 4931 2488 4998 Quod
2520 4934 2791 4988 horrenda
2830 4949 2918 4989 res
2949 4935 3040 4998 sit,
3074 4934 3344 4988 hominem
3379 4933 3670 4988 immittere

2167 5040 2225 5080 se
2259 5023 2313 5077 in
2345 5025 2580 5095 aliquam
2627 5026 2945 5095 dignitatem
2999 5025 3426 5092 sacerdotalem;
3475 5033 3534 5079 ut
3561 5025 3669 5080 Co-

2167 5117 2305 5170 ritaa.
2337 5125 2396 5169 ut
2429 5115 2580 5180 Saul,
2623 5125 2680 5170 ut
2711 5115 2892 5172 Ozias.

2098 5203 2330 5262 XXVIII.
2371 5207 2448 5262 De
2491 5209 2773 5273 convivio;
2800 5217 2854 5263 et
2883 5225 2990 5278 qua
3021 5209 3239 5264 ratione
3276 5209 3506 5279 quilibet
3536 5212 3669 5266 cleri

2166 5300 2300 5354 ordo
2331 5315 2360 5353 a
2389 5302 2739 5355 vocatoribus
2772 5301 3121 5356 honorandus
3153 5303 3244 5357 sit.

2094 5480 2284 5535 XXIX.
2326 5480 2458 5547 Quae
2489 5482 2562 5536 sit
2589 5483 2826 5553 dignitas
2849 5482 3112 5552 episcopi,
3139 5488 3192 5537 et
3212 5480 3450 5537 diaconi.

2099 5572 2265 5627 XXX.
2308 5574 2427 5639 Quo
2457 5574 2616 5628 modo
2638 5583 2854 5644 oportet
2883 5575 3054 5630 laicos
3078 5575 3298 5630 obedire
3325 5573 3594 5631 diaconis.

2101 5753 2297 5812 XXXI.
2336 5754 2494 5822 Quod
2523 5769 2634 5810 non
2662 5763 2910 5827 oporteat
2937 5755 3228 5814 diaconum
3262 5757 3382 5812 sine
3409 5755 3669 5831 episcopo

2166 5847 2463 5925 quidquam
2497 5846 2693 5906 facere.
