4080 6260
356 401 455 457 691

1161 395 1230 455 ‘S.
1277 395 1671 453 CLEMENTIS
1705 395 1724 451 l
1763 392 1932 451 ROM.
1976 393 2182 452 PONT.
2219 392 2458 452 OPERA
2485 392 2716 450 DUBIA.

3499 392 3606 452 E92

353 508 572 568 XXXII.
607 509 764 578 Quod
798 527 907 568 non
938 517 1188 582 oporteat
1209 509 1474 566 diaconus
1511 517 1707 580 prater
1735 508 1931 562 volun-
1958 529 2004 586 Α

2036 511 2140 565 λϐ.
2184 509 2311 565 Ὅτι
2335 508 2421 580 μὴ
2450 509 2565 578 χρὴ
2595 509 2701 563 τὸν
2729 505 3010 563 διάκονον
3037 506 3196 576 παρὰ
3221 505 3465 577 γνώμην
3499 509 3610 564 τοῦ

429 611 592 657 tatem
629 602 871 674 episcopi
930 603 1021 658 det
1049 603 1328 674 cuipiam;
1367 601 1423 657 id
1457 601 1604 656 enim
1633 601 1688 654 in
1718 601 1928 656 calum-

422 696 570 750 niam
599 693 844 766 episcopi
879 679 1188 752 cessurum.

353 785 588 844 XXXIII.
631 785 750 852 Quo
802 787 966 842 modo
1039 795 1286 858 oporteat
1345 786 1684 854 sacerdotes,
1741 796 1929 868 utpote

420 887 605 950 patres
653 878 988 950 spirituales,
1031 879 1304 938 honorare
1345 895 1414 938 ac
1439 884 1792 938 veneratione
1839 882 1928 937 di-

421 987 558 1042 gnos
595 972 816 1028 habere.

355 1061 597 1122 XXXIV.
639 1063 796 1130 Quod
829 1065 1168 1137 principibus
1189 1080 1253 1122 ac
1274 1065 1497 1141 regibus
1520 1066 1929 1140 praestantiores

424 1156 534 1210 sint
570 1155 904 1213 sacerdotes.

352 1247 570 1304 XXXV.
682 1248 837 1318 Quod
909 1248 1151 1305 Iudaica:
1219 1248 1387 1322 leges,
1449 1257 1505 1306 et
1551 1249 1929 1323 Evangelium,

423 1343 746 1414 praecipiant
787 1359 1073 1399 munerum
1127 1345 1478 1401 oblationem.

353 1435 594 1491 XXXVI.
631 1435 1091 1493 Commemoratio
1150 1437 1340 1494 decem
1382 1437 1478 1496 Dei
1523 1437 1928 1502 mandatorum,

424 1538 480 1584 et
509 1545 620 1600 quo
643 1529 806 1585 modo
831 1545 894 1585 ea
917 1531 1006 1584 hic
1033 1530 1366 1586 edisserunt.

351 1620 613 1679 XXXVII.
656 1622 733 1679 De
801 1624 1220 1680 accusatoribus
1301 1631 1358 1678 et
1429 1623 1802 1691 delatoribus;
1876 1630 1931 1677 et

419 1715 566 1786 quod
608 1715 779 1785 judex
835 1731 946 1771 non
999 1705 1196 1772 debeat
1244 1715 1355 1772 illis
1388 1714 1551 1770 facile
1573 1715 1819 1779 credere,
1843 1714 1928 1770 vel

422 1823 532 1861 non
572 1807 818 1871 credere,
850 1807 946 1865 sed
980 1808 1226 1864 adhibita
1268 1808 1514 1880 diligenti
1547 1809 1925 1880 inquisitione.

2097 602 2432 656 ἐπισκόπου
2476 601 2704 655 διδόναι
2747 600 2884 666 τινὶ,
2929 601 3028 655 ἐπὶ
3071 597 3322 668 διαϐολῇ
3361 602 3474 670 γὰρ
3499 601 3610 656 τοῦ

2095 695 2431 749 ἐπισκόπου
2459 694 2634 748 τοῦτο
2660 694 2888 762 πράξει.

2027 791 2137 858 λγ.
2182 791 2378 853 Ὅπως
2405 785 2520 856 χρὴ
2539 785 2818 855 τιμᾶσθαι
2845 785 2985 851 τοὺς
3005 785 3198 854 ἱερεῖς,
3228 785 3327 840 καὶ
3346 787 3611 856 σεπτοὺς

2097 879 2387 949 ἡγεῖσθαι,
2416 877 2851 949 πνευματικοὺς
2881 877 3059 945 ὄντας
3083 878 3299 950 γονεῖς.

2027 1058 2138 1114 λδ.
2181 1059 2308 1113 Ὅτι
2334 1057 2456 1113 τῶν
2481 1058 2789 1127 ἀρχόντων
2815 1056 2915 1112 καὶ
2936 1057 3248 1123 βασιλέων
3271 1058 3393 1113 εισι
3419 1061 3609 1129 κρείτ-

2098 1169 2242 1217 τους
2272 1154 2328 1206 οἱ
2359 1151 2554 1219 ἱερεῖς.

2027 1246 2134 1299 λε’.
2177 1244 2303 1298 Ὅτι
2332 1244 2837 1312 παρακελεύονται
2880 1245 2935 1299 οί
2976 1245 3146 1315 νόμοι
3187 1247 3607 1316 καρποφορεῖν·

2099 1338 2382 1404 ὡσαύτως
2409 1337 2506 1392 καί
2534 1337 2599 1391 τὸ
2612 1337 2996 1408 Εὑαγγέλιον.

2027 1431 2148 1495 λς’.
2199 1430 2567 1498 ’Υπόμνησις
2594 1429 2714 1483 τῶν
2739 1429 2885 1484 δέκα
2908 1430 3016 1486 τοῦ
3046 1430 3195 1486 Θεοῦ
3223 1432 3464 1502 λογίων,
3511 1435 3611 1489 καὶ

2101 1523 2260 1589 ὅπως
2295 1522 2448 1577 αὐτὰ
2472 1523 2728 1577 ἐνταῦθα
2755 1521 3188 1593 διαγορεύουσι.

2029 1613 2134 1675 λζ’.
2177 1614 2320 1683 Περὶ
2348 1616 2689 1684 κατηγόρων
2714 1616 2813 1670 καὶ
2839 1616 3238 1685 συκοφαντῶν
3258 1634 3273 1648 ·
3314 1618 3413 1671 καί
3452 1618 3612 1684 ὅπως

2100 1705 2216 1775 χρὴ
2239 1707 2327 1776 μὴ
2373 1709 2700 1776 προχείρως
2741 1710 3049 1764 πιστεύειν
3089 1709 3128 1778 ἢ
3161 1711 3438 1765 ἀπιστεῖν
3479 1714 3612 1766 τού-

2100 1816 2228 1867 τοις
2272 1800 2382 1855 τὸν
2421 1799 2653 1870 κριτὴν,
2696 1802 2859 1856 ἀλλὰ
2895 1802 3048 1872 μετὰ
3087 1803 3368 1871 ἀκριϐοῦς
3413 1803 3616 1869 ἐξετά-

1960 1877 2009 1937 Β
2105 1909 2280 1959 σεως.
3275 1930 3280 1933 _

349 1984 638 2043 XXXVIII.
685 1987 844 2053 Quod
907 1994 1158 2057 oporteat
1219 1986 1603 2058 delinquentes
1671 1987 1928 2068 privatim

2036 1988 2142 2054 λη’.
2187 1987 2314 2039 ’Ὅτι
2358 1986 2474 2055 χρὴ
2505 1987 2646 2053 τοὺς
2672 1987 3123 2058 ἁμαρτάνοντας
3153 1986 3488 2055 ἰδιαζόντως
3513 1990 3614 2054 ἐξ·

421 2096 672 2150 arguere,
715 2090 769 2136 et
799 2081 1130 2151 pmnitentes
1159 2080 1427 2151 recipere,
1466 2081 1767 2136 secundum
1796 2095 1929 2136 con-

2097 2080 2388 2149 ελέγχειν,
2410 2080 2507 2134 καὶ
2536 2080 2679 2148 τοὺς
2691 2081 3135 2151 μετανοοῦντας
3153 2081 3613 2152 προσδέχεσθαι,

423 2173 765 2227 stitutionem
798 2170 1037 2228 Domini.

2099 2171 2250 2224 κατὰ
2275 2171 2390 2240 τὴν
2408 2172 2522 2226 τοῦ
2547 2174 2770 2241 Κυρίου
2800 2173 3088 2238 διάταξιν.

349 2262 598 2322 XXXIX.
639 2263 902 2334 Exempla
930 2263 1288 2333 paenitentiae.

2036 2264 2138 2316 16'.
2181 2263 2629 2334 Παραδείγματα
2655 2265 2789 2333 περὶ
2811 2267 3152 2335 μετανοίας.

350 2355 463 2410 XL.
504 2356 662 2423 Quod
701 2372 809 2410 non
841 2363 1093 2426 oporteat
1127 2356 1400 2416 hostiliter
1429 2353 1570 2412 allici
1599 2363 1730 2429 erga
1779 2357 1930 2412 illum

2036 2361 2104 2422 μ’.
2150 2356 2276 2409 Ὅτι
2307 2359 2379 2410 οὐ
2422 2358 2538 2427 χρὴ
2581 2359 2887 2428 ἐχθρωδῶς
2929 2359 3280 2424 διακεῖσθαι,
3329 2359 3462 2428 περὶ
3507 2359 3616 2413 τὸν

421 2450 514 2518 qui
546 2449 716 2504 semel
742 2448 825 2502 vel
851 2448 1046 2503 iterum
1086 2450 1353 2519 peccavit.

2102 2448 2265 2513 ἅπαξ
2293 2449 2331 2514 ἢ
2363 2449 2643 2519 δεύτερον
2665 2451 3100 2521 ἁμαρτάνοντα.

351 2539 491 2600 XLI.
530 2539 814 2606 Quomodo
855 2549 1103 2610 oporteat
1159 2540 1405 2610 recipere
1452 2540 1831 2611 pienitentem,
1879 2551 1934 2596 et

2036 2549 2144 2612 μα’.
2181 2544 2374 2609 Ὅπως
2405 2542 2500 2597 δεῖ
2523 2544 2877 2611 προσίεσθαι
2920 2542 3028 2596 τὸν
3057 2543 3483 2612 μετανοοῦντα,
3517 2542 3615 2598 καὶ

423 2631 696 2702 quomodo
743 2647 902 2702 agere
952 2647 1078 2687 eum
1128 2635 1532 2703 peccatoribus,
1601 2644 1656 2692 et
1712 2637 1934 2706 quando

2106 2635 2266 2702 ὅπως
2297 2635 2668 2704 διαγίνεσθαι
2700 2637 2850 2704 πρὸς
2868 2633 3332 2707 ἁμαρτάνοντας,
3353 2635 3451 2690 καὶ
3470 2636 3618 2688 πότε

425 2726 494 2779 ab
531 2724 778 2780 Ecclesia
806 2725 1149 2783 abscindere.
1951 2747 1957 2752 ‘

2103 2727 2418 2781 ἐκκόπτειν
2444 2727 2554 2795 τῆς
2581 2727 2930 2796 ἐκκλησίας.

353 2817 525 2871 XLII.
565 2816 812 2873 Judicem
859 2832 970 2872 non
1017 2817 1217 2874 debere
1237 2833 1361 2876 esse
1390 2827 1790 2890 acceptatorem
1812 2837 1938 2893 per-

2036 2821 2145 2889 με’.
2190 2820 2315 2874 Ὅτι
2344 2819 2460 2889 χρὴ
2491 2821 3050 2889 ἀπροσωπόληπτον
3074 2820 3227 2875 εἶναι
3252 2818 3360 2874 τὸν
3385 2819 3612 2888 κριτήν.

426 2925 708 2966 sonarum.

355 3000 536 3056 XLIII.
587 3001 874 3068 Quomodo
903 3008 1151 3072 oporteat
1172 3002 1369 3073 punire
1391 3002 1837 3064 calumniatores.

351 3092 540 3150 XLIV.
581 3093 738 3160 Quod
785 3093 982 3148 debeat
1011 3093 1278 3150 diaconus
1330 3094 1616 3151 sublevare
1640 3111 1782 3152 onus
1815 3098 1934 3166 epi-

425 3188 602 3257 scopi.
634 3193 688 3242 et
717 3187 923 3244 leviora
955 3202 1185 3257 quaeque
1201 3187 1458 3258 dirigere.
1962 3229 2007 3289 α

355 3277 516 3334 XLV.
559 3279 714 3345 Quod
767 3295 877 3332 non
934 3279 1264 3335 conveniant
1323 3280 1654 3339 Christianis
1712 3289 1936 3338 contro-

424 3373 618 3428 versiae
659 3381 714 3427 et
740 3371 1146 3427 altercationes.

356 3460 539 3517 XLVI.
581 3463 738 3529 Quod
798 3478 909 3517 non
964 3473 1214 3533 oporteat
1261 3463 1449 3521 ﬁdeles
1496 3465 1641 3536 apud
1690 3465 1936 3523 inﬁdeles

429 3555 681 3625 litigare;
713 3570 894 3626 neque
919 3570 986 3610 ex
1015 3555 1099 3609 his
1129 3556 1445 3626 quempiam
1474 3573 1675 3613 vocare
1702 3557 1758 3612 in
1780 3559 1938 3614 testi-

429 3649 674 3701 monium
707 3646 973 3703 adversus
1001 3647 1370 3703 Christianos.

360 3735 569 3792 XLVII.
613 3738 771 3804 Quod
830 3745 1079 3810 Oporteat
1129 3739 1186 3793 in
1238 3738 1478 3795 secunda
1548 3739 1934 3808 Sabbatorum,

432 3835 611 3884 lorum
645 3846 826 3900 agere.

363 3921 592 3978 XLVIII.
637 3920 796 3990 Quod
846 3938 956 3978 non
1009 3930 1261 3994 oporteat
1312 3925 1561 3980 eamdem
1614 3939 1831 3995 pmnam
1881 3926 1936 3982 in

430 4015 581 4072 omni
619 4014 822 4069 delicto
861 4015 1130 4088 irrogarc,
1163 4015 1260 4071 sed
1290 4016 1518 4086 variam,
1551 4032 1650 4087 pro
1678 4019 1940 4076 varietate

432 4109 826 4178 delinquentis.

367 4200 550 4258 XLIX.
576 4200 776 4269 Quales
823 4216 947 4257 esse
981 4199 1138 4256 decet
1168 4207 1539 4261 accusatores.
1563 4208 1617 4256 et
1646 4208 1838 4257 testes.

2034 3005 2148 3070 μγ.
2192 2999 2388 3066 Ὅπως
2419 2998 2534 3068 χρὴ
2567 2999 2709 3065 τοὺς
2736 2999 3126 3069 συκοφάντας
3155 2998 3545 3069 τιμωρεῖσθαι.

2035 3090 2149 3160 μδ’.
2193 3092 2318 3146 Ὅτι
2346 3091 2462 3161 χρὴ
2491 3094 2599 3147 τὸν
2624 3092 2906 3148 διάκονον
2921 3091 3320 3162 ἐπικουφίζειν
3337 3092 3402 3145 τό
3430 3089 3622 3159 ,βάρος

2109 3183 2228 3237 τῶν
2253 3185 2618 3249 ἐπισκόπων,
2650 3187 2746 3241 καὶ
2772 3187 3106 3242 διευθύνειν
3131 3189 3204 3240 τὰ
3230 3188 3579 3256 κουφότερα.

2031 3281 2141 3346 με’.
2162 3277 2288 3330 Ὅτι
2310 3276 2396 3347 μὴ
2424 3278 2738 3349 προσῆκον
2764 3279 3138 3348 Χριστιανοῖς
3163 3278 3491 3348 ἀντιλογίαι
3519 3277 3619 3331 καὶ

2106 3367 2586 3441 διαπληκτισμοί.

2032 3468 2155 3530 μς’.
2200 3463 2425 3518 Ὅτι-οὐ
2453 3464 2569 3533 χρὴ
2597 3464 2740 3532 τοὺς
2768 3465 3023 3531 πιστοὺς
3057 3463 3156 3517 ἐπὶ
3183 3463 3302 3517 τῶν
3346 3462 3621 3516 ἀπίστων

2106 3509 2155 3525 ’“
2232 3509 2326 3516 "'
2354 3509 2418 3518 νυ
2453 3509 2566 3533 tu“!
2601 3509 2730 3532 'vvs
2768 3509 3015 3531 "wvvvs
3058 3509 3155 3517 νην
3187 3509 3278 3517 --ν
3347 3509 3595 3516 -νν---ντη

2106 3552 2460 3619 δικάζεσθαι,
2491 3557 2627 3610 οὔτε
2650 3556 2779 3626 μὴν
2805 3557 2874 3622 ἐξ
2902 3555 3098 3610 αὐτῶν
3124 3572 3256 3609 τινα
3285 3553 3495 3609 καλεῖν
3533 3553 3622 3619 είς
3689 3509 3773 3664 ‘1

2101 3649 2436 3718 μαρτυρίαν
2462 3648 2580 3702 τῶν
2605 3649 2994 3717 Χριστιανῶν.
3219 3693 3222 3697 .

2033 3737 2144 3809 μζν.
2189 3740 2315 3794 Ὅτι
2341 3739 2459 3809 χρὴ
2487 3741 2558 3794 ἐν
2585 3740 2832 3810 δευτέρᾳ
2861 3739 3170 3795 σαϐϐάτων
3196 3739 3488 3794 ποιεῖσθαι
3515 3739 3620 3803 τὰς

2108 3831 2297 3898 δίκας.

2032 3929 2152 3994 μη’-
2182 3924 2323 3978 ’Ὅτι
2345 3923 2433 3994 μὴ
2480 3923 2597 4001 χοὴ
2639 3925 2866 3993 ταύτην
2908 3923 3154 3993 ἐπάγειν
3200 3924 3479 3993 τιμωρίαν
3519 3917 3620 3973 ἐπὶ

2109 4013 2312 4085 πάσης
2348 4017 2778 4086 πλημμελείας,
2809 4017 2971 4071 ἀλλὰ
3010 4013 3314 4086 διάφορον,
3363 4015 3508 4084 πρὸς
3551 4013 3616 4066 τὸ

2109 4107 2398 4177 διάφορον
2423 4109 2528 4163 τοῦ
2558 4108 3022 4179 ἁμαρτάνοντος.

2033 4202 2148 4268 μθ.
2201 4201 2476 4269 Ὃποίους
2527 4201 2680 4257 εἶναι
2735 4201 2852 4272 χρὴ
2899 4202 3042 4269 τοὺς
3085 4204 3468 4274 κατηγόρους,
3518 4199 3618 4254 καὶ

2103 4291 2427 4363 μάρτυρας-

363 4381 422 4438 L.
467 4382 623 4449 Quod
671 4399 775 4438 usu
833 4383 1037 4448 veniat,
1094 4389 1153 4437 ut
1195 4381 1512 4452 conjectura
1555 4398 1621 4438 ex
1661 4383 1939 4455 prioribus

2037 4392 2106 4442 ν’.
2153 4387 2279 4440 Ὅτι
2305 4387 2569 4457 ἐγχωρεῖ,
2599 4389 2732 4441 τινὰ
2758 4386 2856 4442 καὶ
2884 4387 2953 4441 ἐκ
2980 4387 3277 4456 προτέρων
3311 4383 3509 4439 κακῶν
3529 4382 3617 4454 μὴ

433 4478 591 4533 malis
633 4476 820 4544 ducta,
861 4478 1063 4548 aliquis
1106 4476 1266 4532 facile
1327 4475 1584 4531 credatur
1634 4479 1940 4548 posteriora

2109 4481 2490 4536 ἀπιστεῖσθαι
2516 4481 2589 4535 τὰ
2613 4479 2877 4550 δεύτερα.

434 4568 774 4639 designasse.
1969 4567 2016 4625 D

364 4659 451 4717 LI.
491 4633 649 4727 Quod
701 4678 811 4716 non
861 4670 1110 4731 oporteat
1165 4663 1219 4717 in
1263 4662 1586 4733 judicando,
1649 4663 1744 4719 uni
1796 4656 2004 4734 partil/

2036 4633 2150 4714 {an
2193 4660 2322 4714 Ὅτι
2366 4661 2437 4714 οὐ
2481 4657 2595 4730 χρὴ
2635 4658 2984 4730 μονομερεῖς
3021 4657 3126 4724 τὰς
3167 4657 3394 4726 κρίσεις
3439 4657 3620 4711 ποιεῖρ

442 4754 644 4810 favere.

2111 4755 2270 4807 σθαι.
2334 4768 2336 4770 '
3001 4795 3011 4802 .
3264 4763 3270 4770 ‘

366 4844 477 4901 Lll.
520 4845 838 4917 Exemplum
881 4846 1020 4916 justi
1069 4845 1264 4916 judicii
1298 4847 1548 4920 capiatur
1574 4847 1643 4904 de
1663 4848 1936 4914 cautione,

2040 4847 2145 4898 νϐ’.
2189 4843 2563 4915 Παράδειγμα
2588 4843 2694 4898 τοῦ
2715 4843 2947 4898 δικαίου
2976 4843 3256 4911 κρίματος
3275 4841 3315 4910 ἠ
3343 4839 3463 4894 τῶν
3481 4839 3620 4906 ἔξω·

439 4954 603 5008 quam
637 4938 692 4992 in
731 4941 1020 4996 sententiis
1046 4940 1261 5010 judices
1289 4940 1532 4996 Gentiles
1560 4941 1839 4996 adhibent.

2112 4941 2215 4992 θεν
2243 4933 2542 4991 δικαστῶν
2569 4935 2701 5004 περὶ
2729 4936 2836 5001 τὰς
2863 4932 3198 5004 ἀποφάσεις
3227 4933 3548 5003 ἀσφάλεια.

370 5028 501 5084 LIII.
544 5030 700 5098 Quod
744 5049 854 5087 non
901 5040 1149 5103 oporteat
1205 5033 1390 5089 ﬁdeles
1438 5035 1579 5090 inter
1624 5051 1684 5092 se
1731 5034 1944 5090 discor-

2041 5036 2148 5098 ντί.
2193 5029 2318 5083 Ὅτι
2358 5028 2444 5098 μὴ
2484 5027 2600 5098 χρὴ
2642 5028 2766 5082 κατ’
2810 5025 3100 5095 ἀλλήλων
3145 5028 3309 5096 ἔχειν
3351 5026 3492 5092 τοὺς
3531 5041 3606 5077 πι-

441 5122 590 5178 dare.

2114 5122 2316 5187 atoue.

373 5215 506 5272 LIV.
540 5217 697 5282 Quod
743 5225 992 5288 oporteat
1037 5220 1330 5287 episcopos
1369 5216 1437 5272 de
1465 5231 1599 5287 pace
1631 5233 1726 5288 per
1757 5217 1932 5273 diaco-

2045 5212 2151 5267 νδ’.
2197 5213 2322 5266 Ὅτι
2343 5211 2458 5281 χρὴ
2478 5213 2619 5278 τοὺς
2645 5212 3016 5278 ἐπισκόπους
3029 5212 3100 5266 τὰ
3118 5210 3252 5280 περὶ
3273 5210 3515 5280 εἰρήνης
3528 5209 3623 5264 διὰ

450 5325 578 5362 num
609 5309 810 5387 populo
850 5309 902 5362 in
941 5309 1263 5365 memoriam
1289 5325 1598 5380 suggerere.

2117 5306 2222 5360 τοῦ
2250 5305 2530 5358 διακόνου
2557 5302 3036 5374 ὑπομιμνήσκειν
3061 5302 3142 5369 τῷ
3167 5301 3314 5368 λαῷ.

376 5397 486 5458 LV.
533 5400 885 5456 Enumeratio
923 5403 1088 5456 variae
1149 5401 1522 5472 providentiae,
1581 5410 1634 5457 et
1681 5401 1945 5473 quemad-

2048 5403 2148 5451 νε¹.
2204 5396 2627 5464 Ἀπαρίθμησις
2672 5395 2957 5464 διαφόρου
2986 5395 3288 5462 προνοίας,
3331 5391 3428 5446 καὶ
3467 5391 3616 5457 ὅπως

447 5493 668 5548 modum
714 5493 781 5548 ab
820 5493 975 5547 initio
1001 5493 1144 5549 Deus
1174 5509 1272 5565 per
1303 5494 1550 5564 singulas
1570 5496 1950 5566 generationes

2118 5489 2188 5554 ἐξ
2215 5486 2407 5556 ἀρχῆς
2434 5488 2560 5541 καθ’
2591 5487 2852 5555 ἐνόστην
2867 5486 3081 5556 γενεὰν
3109 5485 3404 5540 ἐκάλεσεν
3420 5487 3452 5539 ό
3481 5481 3614 5547 Θεὸς

448 5584 517 5638 ad
545 5585 926 5655 paenitentiam
952 5601 1142 5642 omnes
1164 5586 1414 5642 homines
1443 5588 1676 5642 vocavit.

2118 5582 2206 5645 είς
2226 5577 2548 5648 μετάνοιαν
2569 5576 2814 5643 πάντας.

378 5675 514 5731 LVI.
559 5675 717 5744 Quod
766 5679 1018 5732 voluntas
1050 5678 1142 5733 Dei
1176 5679 1266 5744 sit,
1299 5689 1358 5733 ut
1388 5695 1578 5734 omnes
1607 5679 1860 5734 homines
1891 5679 1947 5733 in

2049 5679 2162 5738 νς⁹.
2207 5672 2333 5724 Ὅτι
2365 5668 2588 5737 θέλημα
2614 5669 2721 5721 τοῦ
2755 5669 2922 5732 Θεοῦ,
2955 5671 3289 5739 ὁμόφρονας
3306 5669 3456 5722 εἶναι
3481 5665 3618 5733 τοὺς

448 5767 650 5842 pietate
685 5772 1052 5835 corsentiant,
1087 5773 1261 5826 instar
1303 5771 1608 5828 cmlestium
1649 5769 1946 5827 Virtutum.

2121 5762 2468 5831 ἀνθρώπους
2505 5759 2637 5827 περὶ
2669 5759 2781 5828 τὴν
2815 5760 3146 5828 εὐσέϐειαν,
3190 5758 3616 5830 παραπλησίως

2125 5856 2249 5923 ταῖς
2274 5855 2343 5908 ἐν
2371 5852 2598 5920 (rimam;
2625 5851 2931 5926 δυνάμεσι.

3557 5955 3568 5959 ..
3579 5945 3644 5957 -.ο
