  <div class='ocr_page' id='page_1' title='image "/cluster/home/n/w/nwhite01/storage/ocr_20150623/1/mdp.39015014764065/310.png"; bbox 0 0 4080 6260; ppageno 0'>
   <div class='ocr_carea' id='block_1_1' title="bbox 497 329 603 385">
    <p class='ocr_par' dir='ltr' id='par_1_1' title="bbox 497 329 603 385">
     <span class='ocr_line' id='line_1_1' title="bbox 497 329 603 385; baseline -0.019 -1"><span class='ocrx_word' id='word_1_1' title='bbox 497 329 603 385; x_wconf 73' lang='lat'><strong>597</strong></span> 
     </span>
    </p>
   </div>
   <div class='ocr_carea' id='block_1_2' title="bbox 490 623 2055 710">
    <p class='ocr_par' dir='ltr' id='par_1_2' title="bbox 490 623 2055 710">
     <span class='ocr_line' id='line_1_2' title="bbox 490 623 2055 710; baseline 0.012 -34"><span class='ocrx_word' id='word_1_2' title='bbox 490 623 669 695; x_wconf 75' lang='grc' dir='ltr'>κάριοι</span> <span class='ocrx_word' id='word_1_3' title='bbox 714 625 762 675; x_wconf 79' lang='lat' dir='ltr'><strong>oi</strong></span> <span class='ocrx_word' id='word_1_4' title='bbox 815 624 1103 695; x_wconf 85' lang='grc' dir='ltr'><strong>ἐλεήμονες</strong></span> <span class='ocrx_word' id='word_1_5' title='bbox 1125 667 1138 689; x_wconf 93' lang='grc'><strong>,</strong></span> <span class='ocrx_word' id='word_1_6' title='bbox 1173 628 1252 680; x_wconf 83' lang='grc' dir='ltr'>ὅτι</span> <span class='ocrx_word' id='word_1_7' title='bbox 1289 630 1443 682; x_wconf 74' lang='grc' dir='ltr'>αὐτοὶ</span> <span class='ocrx_word' id='word_1_8' title='bbox 1470 631 1848 705; x_wconf 77' lang='grc' dir='ltr'><strong>ἐλεηθήσονται</strong></span> <span class='ocrx_word' id='word_1_9' title='bbox 1879 638 2007 710; x_wconf 88' lang='grc'>(96).</span> <span class='ocrx_word' id='word_1_10' title='bbox 2036 661 2055 693; x_wconf 72' lang='grc' dir='ltr'><strong>ι</strong></span> 
     </span>
    </p>
   </div>
   <div class='ocr_carea' id='block_1_3' title="bbox 488 714 1921 795">
    <p class='ocr_par' dir='ltr' id='par_1_3' title="bbox 488 714 1921 795">
     <span class='ocr_line' id='line_1_3' title="bbox 488 714 1921 795; baseline 0.01 -26"><span class='ocrx_word' id='word_1_11' title='bbox 488 714 724 769; x_wconf 75' lang='grc' dir='ltr'>Γινέσθω</span> <span class='ocrx_word' id='word_1_12' title='bbox 750 715 806 768; x_wconf 85' lang='grc' dir='ltr'>δὲ</span> <span class='ocrx_word' id='word_1_13' title='bbox 837 716 930 769; x_wconf 81' lang='grc' dir='ltr'><strong>καὶ</strong></span> <span class='ocrx_word' id='word_1_14' title='bbox 967 718 1352 790; x_wconf 85' lang='grc' dir='ltr'>εὐσυνείδητος,</span> <span class='ocrx_word' id='word_1_15' title='bbox 1387 723 1567 795; x_wconf 85' lang='grc' dir='ltr'>πάσης</span> <span class='ocrx_word' id='word_1_16' title='bbox 1605 728 1802 790; x_wconf 84' lang='grc' dir='ltr'>κακίας</span> <span class='ocrx_word' id='word_1_17' title='bbox 1829 732 1921 783; x_wconf 77' lang='grc' dir='ltr'><strong>καὶ</strong></span> 
     </span>
    </p>
   </div>
   <div class='ocr_carea' id='block_1_4' title="bbox 1411 335 2843 413">
    <p class='ocr_par' dir='ltr' id='par_1_4' title="bbox 1411 335 2843 413">
     <span class='ocr_line' id='line_1_4' title="bbox 1411 335 2843 413; baseline 0.017 -25"><span class='ocrx_word' id='word_1_18' title='bbox 1411 335 2009 399; x_wconf 73' lang='lat' dir='ltr'><strong>CONSTITUTIONES</strong></span> <span class='ocrx_word' id='word_1_19' title='bbox 2041 340 2739 411; x_wconf 64' lang='lat' dir='ltr'><strong>APOSTOLICE.—LIB&#39;.</strong></span> <span class='ocrx_word' id='word_1_20' title='bbox 2779 358 2843 413; x_wconf 90' lang='lat' dir='ltr'><strong>Il.</strong></span> 
     </span>
    </p>
   </div>
   <div class='ocr_carea' id='block_1_5' title="bbox 494 439 2015 527">
    <p class='ocr_par' dir='ltr' id='par_1_5' title="bbox 494 439 2015 526">
     <span class='ocr_line' id='line_1_5' title="bbox 494 439 2015 526; baseline 0.011 -36"><span class='ocrx_word' id='word_1_21' title='bbox 494 439 675 512; x_wconf 62' lang='lat' dir='ltr'><strong>scipio:</strong></span> <span class='ocrx_word' id='word_1_22' title='bbox 704 441 920 511; x_wconf 81' lang='grc' dir='ltr'><strong>πραεῖς,</strong></span> <span class='ocrx_word' id='word_1_23' title='bbox 950 440 1031 494; x_wconf 73' lang='grc' dir='ltr'><strong>δτι</strong></span> <span class='ocrx_word' id='word_1_24' title='bbox 1066 444 1219 496; x_wconf 69' lang='grc' dir='ltr'>αὐτοὶ</span> <span class='ocrx_word' id='word_1_25' title='bbox 1266 444 1729 519; x_wconf 78' lang='grc' dir='ltr'><strong>κληρονομήσουσι</strong></span> <span class='ocrx_word' id='word_1_26' title='bbox 1768 454 1864 525; x_wconf 75' lang='grc' dir='ltr'><strong>τήν</strong></span> <span class='ocrx_word' id='word_1_27' title='bbox 1894 456 2015 526; x_wconf 84' lang='grc' dir='ltr'>γῆν.</span> 
     </span>
    </p>
   </div>
   <div class='ocr_carea' id='block_1_6' title="bbox 2122 439 2727 527">
    <p class='ocr_par' dir='ltr' id='par_1_6' title="bbox 2122 462 2727 527">
     <span class='ocr_line' id='line_1_6' title="bbox 2122 462 2727 527; baseline 0.018 -11"><span class='ocrx_word' id='word_1_28' title='bbox 2122 462 2382 525; x_wconf 63' lang='grc' dir='ltr'>ιάεὺυῃι</span> <span class='ocrx_word' id='word_1_29' title='bbox 2424 473 2625 523; x_wconf 89' lang='lat' dir='ltr'><strong>terram</strong></span> <span class='ocrx_word' id='word_1_30' title='bbox 2663 471 2727 527; x_wconf 81' lang='lat'><strong>&quot;.</strong></span> 
     </span>
    </p>
   </div>
   <div class='ocr_carea' id='block_1_7' title="bbox 498 531 2064 614">
    <p class='ocr_par' dir='ltr' id='par_1_7' title="bbox 498 531 2064 614">
     <span class='ocr_line' id='line_1_7' title="bbox 498 531 2064 614; baseline 0.01 -29"><span class='ocrx_word' id='word_1_31' title='bbox 498 532 677 586; x_wconf 81' lang='grc' dir='ltr'>Ἔστω</span> <span class='ocrx_word' id='word_1_32' title='bbox 705 531 760 584; x_wconf 84' lang='grc' dir='ltr'><strong>δὲ</strong></span> <span class='ocrx_word' id='word_1_33' title='bbox 789 532 897 602; x_wconf 84' lang='grc'>(95)</span> <span class='ocrx_word' id='word_1_34' title='bbox 937 534 1028 585; x_wconf 77' lang='grc' dir='ltr'>καὶ</span> <span class='ocrx_word' id='word_1_35' title='bbox 1057 533 1319 605; x_wconf 82' lang='grc' dir='ltr'>ἐλεήμων,</span> <span class='ocrx_word' id='word_1_36' title='bbox 1349 538 1429 590; x_wconf 86' lang='grc' dir='ltr'>ὅτι</span> <span class='ocrx_word' id='word_1_37' title='bbox 1451 539 1609 592; x_wconf 88' lang='grc' dir='ltr'>πάλιν</span> <span class='ocrx_word' id='word_1_38' title='bbox 1637 543 1865 614; x_wconf 76' lang='grc' dir='ltr'>εἴρηται·</span> <span class='ocrx_word' id='word_1_39' title='bbox 1891 566 1908 596; x_wconf 80' lang='grc' dir='ltr'><strong>ι</strong></span> <span class='ocrx_word' id='word_1_40' title='bbox 1948 550 2064 601; x_wconf 88' lang='grc' dir='ltr'><strong>Μα-</strong></span> 
     </span>
    </p>
   </div>
   <div class='ocr_carea' id='block_1_8' title="bbox 3629 376 3733 433">
    <p class='ocr_par' dir='ltr' id='par_1_8' title="bbox 3629 376 3733 433">
     <span class='ocr_line' id='line_1_8' title="bbox 3629 376 3733 433; baseline 0.038 -3"><span class='ocrx_word' id='word_1_41' title='bbox 3629 376 3733 433; x_wconf 84' lang='grc'><strong>598</strong></span> 
     </span>
    </p>
   </div>
   <div class='ocr_carea' id='block_1_9' title="bbox 2771 472 3736 560">
    <p class='ocr_par' dir='ltr' id='par_1_9' title="bbox 2771 472 3736 560">
     <span class='ocr_line' id='line_1_9' title="bbox 2771 472 3736 560; baseline 0.025 -36"><span class='ocrx_word' id='word_1_42' title='bbox 2771 492 2789 524; x_wconf 78' lang='grc' dir='ltr'><strong>ι</strong></span> <span class='ocrx_word' id='word_1_43' title='bbox 2829 472 2908 527; x_wconf 90' lang='lat' dir='ltr'><strong>Sit</strong></span> <span class='ocrx_word' id='word_1_44' title='bbox 2936 483 3193 546; x_wconf 68' lang='lat' dir='ltr'><strong>praetcrea</strong></span> <span class='ocrx_word' id='word_1_45' title='bbox 3236 481 3569 553; x_wconf 80' lang='lat' dir='ltr'><strong>misericors;</strong></span> <span class='ocrx_word' id='word_1_46' title='bbox 3605 500 3736 560; x_wconf 70' lang='lat' dir='ltr'><strong>quia</strong></span> 
     </span>
    </p>
   </div>
   <div class='ocr_carea' id='block_1_10' title="bbox 2170 558 3731 648">
    <p class='ocr_par' dir='ltr' id='par_1_10' title="bbox 2170 558 3731 648">
     <span class='ocr_line' id='line_1_10' title="bbox 2170 558 3731 648; baseline 0.02 -42"><span class='ocrx_word' id='word_1_47' title='bbox 2170 569 2361 612; x_wconf 87' lang='lat' dir='ltr'><strong>rursus</strong></span> <span class='ocrx_word' id='word_1_48' title='bbox 2390 558 2591 614; x_wconf 92' lang='lat' dir='ltr'><strong>dictum</strong></span> <span class='ocrx_word' id='word_1_49' title='bbox 2627 571 2711 617; x_wconf 93' lang='lat' dir='ltr'><strong>est</strong></span> <span class='ocrx_word' id='word_1_50' title='bbox 2741 584 2751 617; x_wconf 94' lang='lat'><strong>:</strong></span> <span class='ocrx_word' id='word_1_51' title='bbox 2789 582 2807 615; x_wconf 77' lang='grc' dir='ltr'><strong>ι</strong></span> <span class='ocrx_word' id='word_1_52' title='bbox 2845 565 2992 621; x_wconf 88' lang='lat' dir='ltr'><strong>Beati</strong></span> <span class='ocrx_word' id='word_1_53' title='bbox 3024 569 3433 640; x_wconf 75' lang='lat' dir='ltr'><strong>misericordes,</strong></span> <span class='ocrx_word' id='word_1_54' title='bbox 3472 558 3731 648; x_wconf 84' lang='lat' dir='ltr'><strong>quoniam</strong></span> 
     </span>
    </p>
   </div>
   <div class='ocr_carea' id='block_1_11' title="bbox 2166 646 3731 729">
    <p class='ocr_par' dir='ltr' id='par_1_11' title="bbox 2166 646 3731 729">
     <span class='ocr_line' id='line_1_11' title="bbox 2166 646 3731 729; baseline 0.019 -30"><span class='ocrx_word' id='word_1_55' title='bbox 2166 646 2267 714; x_wconf 86' lang='lat' dir='ltr'><strong>ipsi</strong></span> <span class='ocrx_word' id='word_1_56' title='bbox 2308 649 2735 709; x_wconf 87' lang='lat' dir='ltr'><strong>misericordiam</strong></span> <span class='ocrx_word' id='word_1_57' title='bbox 2768 668 3175 729; x_wconf 86' lang='lat' dir='ltr'><strong>consequentur.</strong></span> <span class='ocrx_word' id='word_1_58' title='bbox 3202 665 3266 718; x_wconf 82' lang='lat'><strong>&quot;’.</strong></span> <span class='ocrx_word' id='word_1_59' title='bbox 3313 685 3331 716; x_wconf 72' lang='grc' dir='ltr'><strong><em>ο</em></strong></span> <span class='ocrx_word' id='word_1_60' title='bbox 3382 646 3601 726; x_wconf 87' lang='lat' dir='ltr'><strong>Ad</strong></span> <span class='ocrx_word' id='word_1_61' title='bbox 3626 673 3731 728; x_wconf 83' lang='lat' dir='ltr'><strong>sibi</strong></span> 
     </span>
    </p>
   </div>
   <div class='ocr_carea' id='block_1_12' title="bbox 1966 742 3730 832">
    <p class='ocr_par' dir='ltr' id='par_1_12' title="bbox 1966 742 3730 832">
     <span class='ocr_line' id='line_1_12' title="bbox 1966 742 3730 832; baseline 0.015 -41"><span class='ocrx_word' id='word_1_62' title='bbox 1966 750 2063 832; x_wconf 62' lang='grc' dir='ltr'>πο-</span> <span class='ocrx_word' id='word_1_63' title='bbox 2164 742 2299 796; x_wconf 89' lang='lat' dir='ltr'><strong>bene</strong></span> <span class='ocrx_word' id='word_1_64' title='bbox 2323 745 2581 800; x_wconf 91' lang='lat' dir='ltr'><strong>conscius</strong></span> <span class='ocrx_word' id='word_1_65' title='bbox 2609 748 2699 811; x_wconf 93' lang='lat' dir='ltr'><strong>sit,</strong></span> <span class='ocrx_word' id='word_1_66' title='bbox 2732 750 2909 805; x_wconf 92' lang='lat' dir='ltr'><strong>omnis</strong></span> <span class='ocrx_word' id='word_1_67' title='bbox 2932 753 3174 817; x_wconf 63' lang='lat' dir='ltr'><strong>malitiaa,</strong></span> <span class='ocrx_word' id='word_1_68' title='bbox 3206 756 3345 821; x_wconf 80' lang='lat' dir='ltr'><strong>vitii,</strong></span> <span class='ocrx_word' id='word_1_69' title='bbox 3382 774 3445 813; x_wconf 90' lang='lat' dir='ltr'><strong>ac</strong></span> <span class='ocrx_word' id='word_1_70' title='bbox 3470 760 3730 832; x_wconf 80' lang='lat' dir='ltr'><strong>iniquita-</strong></span> 
     </span>
    </p>
   </div>
   <div class='ocr_carea' id='block_1_13' title="bbox 485 807 2061 897">
    <p class='ocr_par' dir='ltr' id='par_1_13' title="bbox 485 807 2061 897">
     <span class='ocr_line' id='line_1_13' title="bbox 485 807 2061 897; baseline 0.012 -40"><span class='ocrx_word' id='word_1_71' title='bbox 485 807 679 878; x_wconf 82' lang='grc' dir='ltr'>νηρίας</span> <span class='ocrx_word' id='word_1_72' title='bbox 707 808 801 860; x_wconf 79' lang='grc' dir='ltr'>καὶ</span> <span class='ocrx_word' id='word_1_73' title='bbox 841 808 1055 872; x_wconf 81' lang='grc' dir='ltr'><strong>ἀδικίας</strong></span> <span class='ocrx_word' id='word_1_74' title='bbox 1091 811 1575 885; x_wconf 82' lang='grc' dir='ltr'>κεκαθαρισμένος·</span> <span class='ocrx_word' id='word_1_75' title='bbox 1617 818 1698 870; x_wconf 84' lang='grc' dir='ltr'><strong>ὅτι</strong></span> <span class='ocrx_word' id='word_1_76' title='bbox 1733 820 1892 875; x_wconf 86' lang='grc' dir='ltr'>πάλιν</span> <span class='ocrx_word' id='word_1_77' title='bbox 1921 825 2061 897; x_wconf 74' lang='grc' dir='ltr'>εἴρη-</span> 
     </span>
    </p>
   </div>
   <div class='ocr_carea' id='block_1_14' title="bbox 2164 834 3728 913">
    <p class='ocr_par' dir='ltr' id='par_1_14' title="bbox 2164 834 3728 913">
     <span class='ocr_line' id='line_1_14' title="bbox 2164 834 3728 913; baseline 0.016 -27"><span class='ocrx_word' id='word_1_78' title='bbox 2164 834 2233 888; x_wconf 92' lang='lat' dir='ltr'><strong>tis</strong></span> <span class='ocrx_word' id='word_1_79' title='bbox 2274 851 2474 904; x_wconf 91' lang='lat' dir='ltr'><strong>purus;</strong></span> <span class='ocrx_word' id='word_1_80' title='bbox 2528 838 2680 893; x_wconf 85' lang='lat' dir='ltr'><strong>addit</strong></span> <span class='ocrx_word' id='word_1_81' title='bbox 2712 841 2856 895; x_wconf 89' lang='lat' dir='ltr'><strong>enim</strong></span> <span class='ocrx_word' id='word_1_82' title='bbox 2903 840 3184 913; x_wconf 74' lang='lat' dir='ltr'><strong>Scriptura</strong></span> <span class='ocrx_word' id='word_1_83' title='bbox 3224 865 3238 901; x_wconf 89' lang='lat'><strong>:</strong></span> <span class='ocrx_word' id='word_1_84' title='bbox 3277 866 3309 898; x_wconf 43' lang='grc' dir='ltr'><strong>ιν</strong></span> <span class='ocrx_word' id='word_1_85' title='bbox 3349 848 3493 905; x_wconf 86' lang='lat' dir='ltr'><strong>Beati</strong></span> <span class='ocrx_word' id='word_1_86' title='bbox 3540 856 3728 911; x_wconf 86' lang='lat' dir='ltr'><strong>mundi</strong></span> 
     </span>
    </p>
   </div>
   <div class='ocr_carea' id='block_1_15' title="bbox 482 899 2015 1001">
    <p class='ocr_par' dir='ltr' id='par_1_15' title="bbox 482 899 2015 980">
     <span class='ocr_line' id='line_1_15' title="bbox 482 899 2015 980; baseline 0.013 -31"><span class='ocrx_word' id='word_1_87' title='bbox 482 915 592 950; x_wconf 88' lang='grc' dir='ltr'>ται·</span> <span class='ocrx_word' id='word_1_88' title='bbox 618 918 636 949; x_wconf 83' lang='grc' dir='ltr'><strong>ι</strong></span> <span class='ocrx_word' id='word_1_89' title='bbox 661 899 933 971; x_wconf 82' lang='grc' dir='ltr'>Μακάριοι</span> <span class='ocrx_word' id='word_1_90' title='bbox 963 902 1013 954; x_wconf 78' lang='grc' dir='ltr'>οἱ</span> <span class='ocrx_word' id='word_1_91' title='bbox 1042 901 1271 975; x_wconf 83' lang='grc' dir='ltr'>καθαροὶ</span> <span class='ocrx_word' id='word_1_92' title='bbox 1296 908 1361 977; x_wconf 73' lang='grc' dir='ltr'>τῇ</span> <span class='ocrx_word' id='word_1_93' title='bbox 1395 908 1611 980; x_wconf 80' lang='grc' dir='ltr'>καρδίᾳ,</span> <span class='ocrx_word' id='word_1_94' title='bbox 1641 911 1721 963; x_wconf 79' lang='grc' dir='ltr'>ὅτι</span> <span class='ocrx_word' id='word_1_95' title='bbox 1748 914 1899 967; x_wconf 74' lang='grc' dir='ltr'>αὐτοὶ</span> <span class='ocrx_word' id='word_1_96' title='bbox 1929 916 2015 970; x_wconf 71' lang='lat' dir='ltr'><strong>Osi</strong></span> 
     </span>
    </p>
   </div>
   <div class='ocr_carea' id='block_1_16' title="bbox 2122 899 3367 1001">
    <p class='ocr_par' dir='ltr' id='par_1_16' title="bbox 2160 926 3367 1001">
     <span class='ocr_line' id='line_1_16' title="bbox 2160 926 3367 1001; baseline 0.011 -23"><span class='ocrx_word' id='word_1_97' title='bbox 2160 926 2343 989; x_wconf 89' lang='lat' dir='ltr'><strong>corde,</strong></span> <span class='ocrx_word' id='word_1_98' title='bbox 2370 930 2626 997; x_wconf 87' lang='lat' dir='ltr'><strong>quoniam</strong></span> <span class='ocrx_word' id='word_1_99' title='bbox 2647 932 2751 1001; x_wconf 87' lang='lat' dir='ltr'><strong>ipsi</strong></span> <span class='ocrx_word' id='word_1_100' title='bbox 2778 931 2943 987; x_wconf 87' lang='lat' dir='ltr'><strong>Deum</strong></span> <span class='ocrx_word' id='word_1_101' title='bbox 2976 935 3233 992; x_wconf 88' lang='lat' dir='ltr'><strong>videbunt</strong></span> <span class='ocrx_word' id='word_1_102' title='bbox 3262 940 3367 993; x_wconf 71' lang='grc'>²⁸.›</span> 
     </span>
    </p>
   </div>
   <div class='ocr_carea' id='block_1_17' title="bbox 483 989 785 1060">
    <p class='ocr_par' dir='ltr' id='par_1_17' title="bbox 483 989 785 1060">
     <span class='ocr_line' id='line_1_17' title="bbox 483 989 785 1060; baseline 0.003 -18"><span class='ocrx_word' id='word_1_103' title='bbox 483 989 723 1060; x_wconf 68' lang='grc' dir='ltr'>ὄψονται.</span> <span class='ocrx_word' id='word_1_104' title='bbox 766 1010 785 1043; x_wconf 72' lang='grc' dir='ltr'><strong>ι</strong></span> 
     </span>
    </p>
   </div>
   <div class='ocr_carea' id='block_1_18' title="bbox 1033 1108 1530 1169">
    <p class='ocr_par' dir='ltr' id='par_1_18' title="bbox 1033 1108 1530 1169">
     <span class='ocr_line' id='line_1_18' title="bbox 1033 1108 1530 1169; baseline 0.012 -8"><span class='ocrx_word' id='word_1_105' title='bbox 1033 1108 1426 1165; x_wconf 79' lang='grc' dir='ltr'><strong>ΚΕΦΑΛΔῙΟΝ</strong></span> <span class='ocrx_word' id='word_1_106' title='bbox 1453 1113 1530 1169; x_wconf 86' lang='lat' dir='ltr'><strong>B&#39;.</strong></span> 
     </span>
    </p>
   </div>
   <div class='ocr_carea' id='block_1_19' title="bbox 481 1196 2051 1281">
    <p class='ocr_par' dir='ltr' id='par_1_19' title="bbox 481 1196 2051 1281">
     <span class='ocr_line' id='line_1_19' title="bbox 481 1196 2051 1281; baseline 0.011 -32"><span class='ocrx_word' id='word_1_107' title='bbox 481 1196 622 1250; x_wconf 76' lang='grc' dir='ltr'>θῖον</span> <span class='ocrx_word' id='word_1_108' title='bbox 647 1198 799 1253; x_wconf 75' lang='grc' dir='ltr'>εἶναι</span> <span class='ocrx_word' id='word_1_109' title='bbox 826 1198 942 1269; x_wconf 76' lang='grc' dir='ltr'>χρὴ</span> <span class='ocrx_word' id='word_1_110' title='bbox 974 1200 1081 1254; x_wconf 82' lang='grc' dir='ltr'>τὸν</span> <span class='ocrx_word' id='word_1_111' title='bbox 1105 1202 1441 1281; x_wconf 58' lang='grc' dir='ltr'>ἐπίσκοπον</span> <span class='ocrx_word' id='word_1_112' title='bbox 1464 1243 1478 1269; x_wconf 92' lang='grc'><strong>,</strong></span> <span class='ocrx_word' id='word_1_113' title='bbox 1508 1207 1609 1261; x_wconf 74' lang='grc' dir='ltr'>καὶ</span> <span class='ocrx_word' id='word_1_114' title='bbox 1634 1209 1776 1275; x_wconf 79' lang='grc' dir='ltr'>τοὺς</span> <span class='ocrx_word' id='word_1_115' title='bbox 1803 1214 2051 1281; x_wconf 78' lang='grc' dir='ltr'>λοιποὺς</span> 
     </span>
    </p>
   </div>
   <div class='ocr_carea' id='block_1_20' title="bbox 1100 1275 1440 1340">
    <p class='ocr_par' dir='ltr' id='par_1_20' title="bbox 1100 1275 1440 1340">
     <span class='ocr_line' id='line_1_20' title="bbox 1100 1275 1440 1340; baseline 0.012 -16"><span class='ocrx_word' id='word_1_116' title='bbox 1100 1275 1440 1340; x_wconf 78' lang='grc' dir='ltr'>κληρικούς.</span> 
     </span>
    </p>
   </div>
   <div class='ocr_carea' id='block_1_21' title="bbox 552 1357 2049 1441">
    <p class='ocr_par' dir='ltr' id='par_1_21' title="bbox 552 1357 2049 1441">
     <span class='ocr_line' id='line_1_21' title="bbox 552 1357 2049 1441; baseline 0.013 -30"><span class='ocrx_word' id='word_1_117' title='bbox 552 1359 731 1412; x_wconf 86' lang='grc' dir='ltr'>Ἔστω</span> <span class='ocrx_word' id='word_1_118' title='bbox 760 1357 851 1415; x_wconf 80' lang='grc' dir='ltr'><strong>οὖν</strong></span> <span class='ocrx_word' id='word_1_119' title='bbox 880 1362 973 1415; x_wconf 78' lang='grc' dir='ltr'><strong>καὶ</strong></span> <span class='ocrx_word' id='word_1_120' title='bbox 1000 1362 1279 1434; x_wconf 78' lang='grc' dir='ltr'><strong>νηφάλιος,</strong></span> <span class='ocrx_word' id='word_1_121' title='bbox 1314 1365 1564 1437; x_wconf 75' lang='grc' dir='ltr'>σώφρων,</span> <span class='ocrx_word' id='word_1_122' title='bbox 1597 1369 1837 1441; x_wconf 87' lang='grc' dir='ltr'>κόσμιος,</span> <span class='ocrx_word' id='word_1_123' title='bbox 1867 1376 2049 1429; x_wconf 80' lang='grc' dir='ltr'>εὐστα-</span> 
     </span>
    </p>
   </div>
   <div class='ocr_carea' id='block_1_22' title="bbox 476 1448 2046 1533">
    <p class='ocr_par' dir='ltr' id='par_1_22' title="bbox 476 1448 2046 1533">
     <span class='ocr_line' id='line_1_22' title="bbox 476 1448 2046 1533; baseline 0.011 -31"><span class='ocrx_word' id='word_1_124' title='bbox 476 1448 597 1521; x_wconf 77' lang='grc' dir='ltr'>θὴς,</span> <span class='ocrx_word' id='word_1_125' title='bbox 629 1452 905 1524; x_wconf 82' lang='grc' dir='ltr'>ἀτάραχος</span> <span class='ocrx_word' id='word_1_126' title='bbox 929 1495 943 1519; x_wconf 91' lang='grc'><strong>,</strong></span> <span class='ocrx_word' id='word_1_127' title='bbox 977 1453 1052 1526; x_wconf 78' lang='grc' dir='ltr'><strong>μή</strong></span> <span class='ocrx_word' id='word_1_128' title='bbox 1082 1456 1355 1527; x_wconf 83' lang='grc' dir='ltr'>πάροινος,</span> <span class='ocrx_word' id='word_1_129' title='bbox 1390 1458 1463 1529; x_wconf 80' lang='grc' dir='ltr'>μὴ</span> <span class='ocrx_word' id='word_1_130' title='bbox 1495 1459 1760 1533; x_wconf 86' lang='grc' dir='ltr'>πλήκτης,</span> <span class='ocrx_word' id='word_1_131' title='bbox 1790 1464 1902 1517; x_wconf 83' lang='grc' dir='ltr'>ἀλλ’</span> <span class='ocrx_word' id='word_1_132' title='bbox 1931 1468 2046 1520; x_wconf 78' lang='grc' dir='ltr'><strong>ἐπι-</strong></span> 
     </span>
    </p>
   </div>
   <div class='ocr_carea' id='block_1_23' title="bbox 473 1543 2043 1632">
    <p class='ocr_par' dir='ltr' id='par_1_23' title="bbox 473 1543 2043 1632">
     <span class='ocr_line' id='line_1_23' title="bbox 473 1543 2043 1632; baseline 0.024 -38"><span class='ocrx_word' id='word_1_133' title='bbox 473 1543 646 1615; x_wconf 81' lang='grc' dir='ltr'>εικὴς,</span> <span class='ocrx_word' id='word_1_134' title='bbox 692 1546 919 1616; x_wconf 71' lang='grc' dir='ltr'>ἄμαχος.</span> <span class='ocrx_word' id='word_1_135' title='bbox 968 1547 1355 1620; x_wconf 66' lang='grc' dir='ltr'>ἀφιλάργυροςν</span> <span class='ocrx_word' id='word_1_136' title='bbox 1401 1551 1474 1622; x_wconf 81' lang='grc' dir='ltr'><strong>μὴ</strong></span> <span class='ocrx_word' id='word_1_137' title='bbox 1516 1553 1788 1623; x_wconf 71' lang='grc' dir='ltr'>νεόφυτος·</span> <span class='ocrx_word' id='word_1_138' title='bbox 1840 1559 1925 1611; x_wconf 71' lang='grc' dir='ltr'><strong>ἵνα</strong></span> <span class='ocrx_word' id='word_1_139' title='bbox 1970 1562 2043 1632; x_wconf 73' lang='grc' dir='ltr'><strong>μὴ</strong></span> 
     </span>
    </p>
   </div>
   <div class='ocr_carea' id='block_1_24' title="bbox 472 1636 2041 1722">
    <p class='ocr_par' dir='ltr' id='par_1_24' title="bbox 472 1636 2041 1722">
     <span class='ocr_line' id='line_1_24' title="bbox 472 1636 2041 1722; baseline 0.011 -35"><span class='ocrx_word' id='word_1_140' title='bbox 472 1636 771 1705; x_wconf 72' lang='grc' dir='ltr'>τυφωθεὶς,</span> <span class='ocrx_word' id='word_1_141' title='bbox 813 1640 891 1701; x_wconf 84' lang='grc' dir='ltr'><strong>είς</strong></span> <span class='ocrx_word' id='word_1_142' title='bbox 931 1644 1103 1711; x_wconf 84' lang='grc' dir='ltr'>κρῖμα</span> <span class='ocrx_word' id='word_1_143' title='bbox 1144 1642 1395 1716; x_wconf 73' lang='grc' dir='ltr'>ἐμπέσῃ,</span> <span class='ocrx_word' id='word_1_144' title='bbox 1444 1645 1537 1697; x_wconf 78' lang='grc' dir='ltr'><strong>καὶ</strong></span> <span class='ocrx_word' id='word_1_145' title='bbox 1584 1647 1783 1715; x_wconf 82' lang='grc' dir='ltr'>παγίδα</span> <span class='ocrx_word' id='word_1_146' title='bbox 1814 1648 1921 1722; x_wconf 82' lang='grc'>(97)</span> <span class='ocrx_word' id='word_1_147' title='bbox 1949 1653 2041 1705; x_wconf 77' lang='grc' dir='ltr'>τοῦ</span> 
     </span>
    </p>
   </div>
   <div class='ocr_carea' id='block_1_25' title="bbox 2776 1088 3100 1145">
    <p class='ocr_par' dir='ltr' id='par_1_25' title="bbox 2776 1088 3100 1145">
     <span class='ocr_line' id='line_1_25' title="bbox 2776 1088 3100 1145; baseline 0.003 -1"><span class='ocrx_word' id='word_1_148' title='bbox 2776 1088 3005 1144; x_wconf 81' lang='lat' dir='ltr'><strong>CAPUT</strong></span> <span class='ocrx_word' id='word_1_149' title='bbox 3039 1090 3100 1145; x_wconf 92' lang='lat' dir='ltr'><strong>II.</strong></span> 
     </span>
    </p>
   </div>
   <div class='ocr_carea' id='block_1_26' title="bbox 2156 1176 3713 1257">
    <p class='ocr_par' dir='ltr' id='par_1_26' title="bbox 2156 1176 3713 1257">
     <span class='ocr_line' id='line_1_26' title="bbox 2156 1176 3713 1257; baseline 0.015 -31"><span class='ocrx_word' id='word_1_150' title='bbox 2156 1176 2375 1240; x_wconf 80' lang='lat' dir='ltr'><strong>Qualem</strong></span> <span class='ocrx_word' id='word_1_151' title='bbox 2402 1195 2511 1231; x_wconf 82' lang='lat' dir='ltr'><strong>esse</strong></span> <span class='ocrx_word' id='word_1_152' title='bbox 2541 1189 2773 1246; x_wconf 77' lang='lat' dir='ltr'><strong>oporteat</strong></span> <span class='ocrx_word' id='word_1_153' title='bbox 2811 1182 3112 1251; x_wconf 81' lang='lat' dir='ltr'><strong>episcopum</strong></span> <span class='ocrx_word' id='word_1_154' title='bbox 3132 1194 3181 1239; x_wconf 93' lang='lat' dir='ltr'><strong>et</strong></span> <span class='ocrx_word' id='word_1_155' title='bbox 3213 1186 3437 1257; x_wconf 86' lang='lat' dir='ltr'><strong>reliquos</strong></span> <span class='ocrx_word' id='word_1_156' title='bbox 3482 1191 3713 1251; x_wconf 76' lang='lat' dir='ltr'><strong>clericos.</strong></span> 
     </span>
    </p>
   </div>
   <div class='ocr_carea' id='block_1_27' title="bbox 2224 1290 3725 1371">
    <p class='ocr_par' dir='ltr' id='par_1_27' title="bbox 2224 1290 3725 1371">
     <span class='ocr_line' id='line_1_27' title="bbox 2224 1290 3725 1371; baseline 0.01 -28"><span class='ocrx_word' id='word_1_157' title='bbox 2224 1290 2522 1363; x_wconf 85' lang='lat' dir='ltr'><strong>Episcopus</strong></span> <span class='ocrx_word' id='word_1_158' title='bbox 2563 1295 2747 1364; x_wconf 84' lang='lat' dir='ltr'><strong>itaque</strong></span> <span class='ocrx_word' id='word_1_159' title='bbox 2791 1295 2862 1349; x_wconf 88' lang='lat' dir='ltr'><strong>sit</strong></span> <span class='ocrx_word' id='word_1_160' title='bbox 2904 1295 3147 1363; x_wconf 74' lang='lat' dir='ltr'><strong>sobrius,</strong></span> <span class='ocrx_word' id='word_1_161' title='bbox 3166 1302 3415 1371; x_wconf 88' lang='lat' dir='ltr'><strong>pudicus,</strong></span> <span class='ocrx_word' id='word_1_162' title='bbox 3437 1304 3725 1369; x_wconf 85' lang='lat' dir='ltr'><strong>honestus,</strong></span> 
     </span>
    </p>
   </div>
   <div class='ocr_carea' id='block_1_28' title="bbox 2150 1385 3714 1458">
    <p class='ocr_par' dir='ltr' id='par_1_28' title="bbox 2150 1385 3714 1458">
     <span class='ocr_line' id='line_1_28' title="bbox 2150 1385 3714 1458; baseline 0.006 -24"><span class='ocrx_word' id='word_1_163' title='bbox 2150 1392 2428 1448; x_wconf 85' lang='lat' dir='ltr'><strong>constans,</strong></span> <span class='ocrx_word' id='word_1_164' title='bbox 2461 1385 2682 1441; x_wconf 85' lang='lat' dir='ltr'><strong>sedatus</strong></span> <span class='ocrx_word' id='word_1_165' title='bbox 2704 1425 2718 1449; x_wconf 94' lang='lat'><strong>,</strong></span> <span class='ocrx_word' id='word_1_166' title='bbox 2751 1401 2858 1440; x_wconf 91' lang='lat' dir='ltr'><strong>non</strong></span> <span class='ocrx_word' id='word_1_167' title='bbox 2888 1387 3223 1451; x_wconf 87' lang='lat' dir='ltr'><strong>vinolentus,</strong></span> <span class='ocrx_word' id='word_1_168' title='bbox 3261 1402 3372 1440; x_wconf 90' lang='lat' dir='ltr'><strong>non</strong></span> <span class='ocrx_word' id='word_1_169' title='bbox 3404 1404 3714 1458; x_wconf 78' lang='lat' dir='ltr'><strong>percussor,</strong></span> 
     </span>
    </p>
   </div>
   <div class='ocr_carea' id='block_1_29' title="bbox 2148 1474 3710 1549">
    <p class='ocr_par' dir='ltr' id='par_1_29' title="bbox 2148 1474 3710 1549">
     <span class='ocr_line' id='line_1_29' title="bbox 2148 1474 3710 1549; baseline 0.006 -22"><span class='ocrx_word' id='word_1_170' title='bbox 2148 1474 2241 1529; x_wconf 87' lang='lat' dir='ltr'><strong>sed</strong></span> <span class='ocrx_word' id='word_1_171' title='bbox 2274 1476 2553 1532; x_wconf 90' lang='lat' dir='ltr'><strong>modestus</strong></span> <span class='ocrx_word' id='word_1_172' title='bbox 2576 1495 2591 1538; x_wconf 76' lang='grc' dir='ltr'><strong>ς</strong></span> <span class='ocrx_word' id='word_1_173' title='bbox 2616 1492 2724 1531; x_wconf 89' lang='lat' dir='ltr'><strong>non</strong></span> <span class='ocrx_word' id='word_1_174' title='bbox 2760 1477 3053 1548; x_wconf 82' lang='lat' dir='ltr'><strong>litigiosus,</strong></span> <span class='ocrx_word' id='word_1_175' title='bbox 3082 1493 3190 1533; x_wconf 90' lang='lat' dir='ltr'><strong>non</strong></span> <span class='ocrx_word' id='word_1_176' title='bbox 3220 1480 3427 1549; x_wconf 77' lang='lat' dir='ltr'><strong>argenti</strong></span> <span class='ocrx_word' id='word_1_177' title='bbox 3457 1481 3710 1549; x_wconf 88' lang='lat' dir='ltr'><strong>cupidus,</strong></span> 
     </span>
    </p>
   </div>
   <div class='ocr_carea' id='block_1_30' title="bbox 2146 1568 3711 1643">
    <p class='ocr_par' dir='ltr' id='par_1_30' title="bbox 2146 1568 3711 1643">
     <span class='ocr_line' id='line_1_30' title="bbox 2146 1568 3711 1643; baseline 0.006 -25"><span class='ocrx_word' id='word_1_178' title='bbox 2146 1581 2255 1619; x_wconf 93' lang='lat' dir='ltr'><strong>non</strong></span> <span class='ocrx_word' id='word_1_179' title='bbox 2293 1568 2619 1638; x_wconf 81' lang='lat' dir='ltr'><strong>neophytus,</strong></span> <span class='ocrx_word' id='word_1_180' title='bbox 2654 1585 2721 1624; x_wconf 92' lang='lat' dir='ltr'><strong>ne</strong></span> <span class='ocrx_word' id='word_1_181' title='bbox 2745 1569 2797 1623; x_wconf 93' lang='lat' dir='ltr'><strong>in</strong></span> <span class='ocrx_word' id='word_1_182' title='bbox 2820 1570 3137 1643; x_wconf 85' lang='lat' dir='ltr'><strong>superbiam</strong></span> <span class='ocrx_word' id='word_1_183' title='bbox 3162 1570 3338 1625; x_wconf 88' lang='lat' dir='ltr'><strong>elatus</strong></span> <span class='ocrx_word' id='word_1_184' title='bbox 3364 1573 3419 1625; x_wconf 93' lang='lat' dir='ltr'><strong>in</strong></span> <span class='ocrx_word' id='word_1_185' title='bbox 3440 1572 3711 1641; x_wconf 87' lang='lat' dir='ltr'><strong>judicium</strong></span> 
     </span>
    </p>
   </div>
   <div class='ocr_carea' id='block_1_31' title="bbox 2146 1658 3711 1735">
    <p class='ocr_par' dir='ltr' id='par_1_31' title="bbox 2146 1658 3711 1735">
     <span class='ocr_line' id='line_1_31' title="bbox 2146 1658 3711 1735; baseline 0.007 -24"><span class='ocrx_word' id='word_1_186' title='bbox 2146 1658 2348 1713; x_wconf 89' lang='lat' dir='ltr'><strong>incidat</strong></span> <span class='ocrx_word' id='word_1_187' title='bbox 2378 1667 2431 1714; x_wconf 92' lang='lat' dir='ltr'><strong>et</strong></span> <span class='ocrx_word' id='word_1_188' title='bbox 2466 1660 2727 1730; x_wconf 79' lang='lat' dir='ltr'><strong>laqueum</strong></span> <span class='ocrx_word' id='word_1_189' title='bbox 2750 1660 2951 1715; x_wconf 81' lang='lat' dir='ltr'><strong>diaboli</strong></span> <span class='ocrx_word' id='word_1_190' title='bbox 2986 1661 3052 1724; x_wconf 75' lang='grc'><strong>’⁸,</strong></span> <span class='ocrx_word' id='word_1_191' title='bbox 3086 1663 3213 1731; x_wconf 85' lang='lat' dir='ltr'><strong>quia</strong></span> <span class='ocrx_word' id='word_1_192' title='bbox 3250 1681 3271 1714; x_wconf 72' lang='grc' dir='ltr'><strong>ι</strong></span> <span class='ocrx_word' id='word_1_193' title='bbox 3302 1664 3483 1718; x_wconf 84' lang='lat' dir='ltr'><strong>omnis</strong></span> <span class='ocrx_word' id='word_1_194' title='bbox 3518 1667 3609 1735; x_wconf 86' lang='lat' dir='ltr'><strong>qui</strong></span> <span class='ocrx_word' id='word_1_195' title='bbox 3651 1682 3711 1723; x_wconf 87' lang='lat' dir='ltr'><strong>se</strong></span> 
     </span>
    </p>
   </div>
   <div class='ocr_carea' id='block_1_32' title="bbox 471 1726 2015 1818">
    <p class='ocr_par' dir='ltr' id='par_1_32' title="bbox 471 1726 1981 1811">
     <span class='ocr_line' id='line_1_32' title="bbox 471 1726 1981 1811; baseline 0.01 -32"><span class='ocrx_word' id='word_1_196' title='bbox 471 1726 732 1781; x_wconf 74' lang='grc' dir='ltr'>διασόλου·</span> <span class='ocrx_word' id='word_1_197' title='bbox 768 1732 856 1783; x_wconf 80' lang='grc' dir='ltr'><strong>ὅτι</strong></span> <span class='ocrx_word' id='word_1_198' title='bbox 874 1750 891 1782; x_wconf 83' lang='grc' dir='ltr'><strong>ι</strong></span> <span class='ocrx_word' id='word_1_199' title='bbox 921 1734 1028 1795; x_wconf 77' lang='grc' dir='ltr'><strong>πᾶς</strong></span> <span class='ocrx_word' id='word_1_200' title='bbox 1053 1734 1081 1784; x_wconf 83' lang='grc' dir='ltr'><strong>ὁ</strong></span> <span class='ocrx_word' id='word_1_201' title='bbox 1111 1732 1259 1803; x_wconf 71' lang='grc' dir='ltr'>ὑψῶν</span> <span class='ocrx_word' id='word_1_202' title='bbox 1287 1735 1477 1789; x_wconf 80' lang='grc' dir='ltr'>ἑαυτὸν</span> <span class='ocrx_word' id='word_1_203' title='bbox 1503 1737 1981 1811; x_wconf 85' lang='grc' dir='ltr'>ταπεινωθήσεται.</span> 
     </span>
    </p>
   </div>
   <div class='ocr_carea' id='block_1_33' title="bbox 2122 1726 3713 1818">
    <p class='ocr_par' dir='ltr' id='par_1_33' title="bbox 2143 1726 3713 1818">
     <span class='ocr_line' id='line_1_33' title="bbox 2143 1726 3713 1818; baseline 0.006 -15"><span class='ocrx_word' id='word_1_204' title='bbox 2143 1752 2361 1818; x_wconf 77' lang='lat' dir='ltr'><strong>exaltat,</strong></span> <span class='ocrx_word' id='word_1_205' title='bbox 2412 1752 2785 1807; x_wconf 79' lang='lat' dir='ltr'><strong>liumiliabitur.</strong></span> <span class='ocrx_word' id='word_1_206' title='bbox 2829 1754 2895 1807; x_wconf 81' lang='grc' dir='ltr'><strong>³ο.</strong></span> <span class='ocrx_word' id='word_1_207' title='bbox 2944 1772 2960 1805; x_wconf 74' lang='grc' dir='ltr'><strong>ι</strong></span> <span class='ocrx_word' id='word_1_208' title='bbox 2995 1751 3185 1807; x_wconf 84' lang='lat' dir='ltr'><strong>Talem</strong></span> <span class='ocrx_word' id='word_1_209' title='bbox 3230 1769 3357 1808; x_wconf 79' lang='lat' dir='ltr'><strong>vero</strong></span> <span class='ocrx_word' id='word_1_210' title='bbox 3402 1726 3713 1813; x_wconf 50' lang='lat' dir='ltr'><strong>esse-decet</strong></span> 
     </span>
    </p>
   </div>
   <div class='ocr_carea' id='block_1_34' title="bbox 472 1811 2015 1912">
    <p class='ocr_par' dir='ltr' id='par_1_34' title="bbox 472 1818 2015 1903">
     <span class='ocr_line' id='line_1_34' title="bbox 472 1818 2015 1903; baseline 0.01 -32"><span class='ocrx_word' id='word_1_211' title='bbox 472 1819 722 1873; x_wconf 78' lang='grc' dir='ltr'>Τοιοῦτον</span> <span class='ocrx_word' id='word_1_212' title='bbox 751 1822 807 1875; x_wconf 85' lang='grc' dir='ltr'>δὲ</span> <span class='ocrx_word' id='word_1_213' title='bbox 833 1822 912 1875; x_wconf 85' lang='grc' dir='ltr'>δεῖ</span> <span class='ocrx_word' id='word_1_214' title='bbox 938 1818 1077 1877; x_wconf 74' lang='grc' dir='ltr'>εἶναι</span> <span class='ocrx_word' id='word_1_215' title='bbox 1114 1825 1205 1878; x_wconf 86' lang='grc' dir='ltr'><strong>τὸν</strong></span> <span class='ocrx_word' id='word_1_216' title='bbox 1246 1826 1562 1892; x_wconf 80' lang='grc' dir='ltr'>ἐπίσκοπον,</span> <span class='ocrx_word' id='word_1_217' title='bbox 1599 1832 1727 1899; x_wconf 83' lang='grc' dir='ltr'>μιᾶς</span> <span class='ocrx_word' id='word_1_218' title='bbox 1754 1831 1919 1903; x_wconf 83' lang='grc' dir='ltr'>ἄνδρα</span> <span class='ocrx_word' id='word_1_219' title='bbox 1948 1850 2015 1901; x_wconf 74' lang='grc' dir='ltr'><strong>γει</strong></span> 
     </span>
    </p>
   </div>
   <div class='ocr_carea' id='block_1_35' title="bbox 2122 1811 3709 1912">
    <p class='ocr_par' dir='ltr' id='par_1_35' title="bbox 2141 1840 3709 1912">
     <span class='ocr_line' id='line_1_35' title="bbox 2141 1840 3709 1912; baseline 0.006 -18"><span class='ocrx_word' id='word_1_220' title='bbox 2141 1840 2495 1912; x_wconf 82' lang='lat' dir='ltr'><strong>episcopum;</strong></span> <span class='ocrx_word' id='word_1_221' title='bbox 2547 1843 2709 1897; x_wconf 90' lang='lat' dir='ltr'><strong>unius</strong></span> <span class='ocrx_word' id='word_1_222' title='bbox 2745 1844 2931 1897; x_wconf 81' lang='lat' dir='ltr'><strong>uxoris</strong></span> <span class='ocrx_word' id='word_1_223' title='bbox 2975 1844 3198 1899; x_wconf 78' lang='lat' dir='ltr'><strong>univira:</strong></span> <span class='ocrx_word' id='word_1_224' title='bbox 3230 1844 3432 1911; x_wconf 84' lang='lat' dir='ltr'><strong>virum,</strong></span> <span class='ocrx_word' id='word_1_225' title='bbox 3468 1863 3579 1901; x_wconf 65' lang='lat' dir='ltr'><strong>suae</strong></span> <span class='ocrx_word' id='word_1_226' title='bbox 3609 1848 3709 1902; x_wconf 88' lang='lat' dir='ltr'><strong>do-</strong></span> 
     </span>
    </p>
   </div>
   <div class='ocr_carea' id='block_1_36' title="bbox 466 1913 2034 1992">
    <p class='ocr_par' dir='ltr' id='par_1_36' title="bbox 466 1913 2034 1992">
     <span class='ocr_line' id='line_1_36' title="bbox 466 1913 2034 1992; baseline 0.01 -28"><span class='ocrx_word' id='word_1_227' title='bbox 466 1913 761 1983; x_wconf 84' lang='grc' dir='ltr'>γενημένον</span> <span class='ocrx_word' id='word_1_228' title='bbox 809 1914 917 1985; x_wconf 88' lang='grc'>(98)</span> <span class='ocrx_word' id='word_1_229' title='bbox 948 1917 1200 1984; x_wconf 85' lang='grc' dir='ltr'>γυναικὸς</span> <span class='ocrx_word' id='word_1_230' title='bbox 1235 1919 1537 1990; x_wconf 89' lang='grc' dir='ltr'>μονογάμου</span> <span class='ocrx_word' id='word_1_231' title='bbox 1560 1921 1705 1992; x_wconf 87' lang='lat'><strong>(99),</strong></span> <span class='ocrx_word' id='word_1_232' title='bbox 1734 1923 1912 1987; x_wconf 87' lang='grc' dir='ltr'>καλῶς</span> <span class='ocrx_word' id='word_1_233' title='bbox 1942 1926 2034 1978; x_wconf 80' lang='grc' dir='ltr'>τοῦ</span> 
     </span>
    </p>
   </div>
   <div class='ocr_carea' id='block_1_37' title="bbox 470 2003 2037 2085">
    <p class='ocr_par' dir='ltr' id='par_1_37' title="bbox 470 2003 2037 2085">
     <span class='ocr_line' id='line_1_37' title="bbox 470 2003 2037 2085; baseline 0.009 -29"><span class='ocrx_word' id='word_1_234' title='bbox 470 2003 599 2058; x_wconf 74' lang='grc' dir='ltr'>ιδίου</span> <span class='ocrx_word' id='word_1_235' title='bbox 614 2008 759 2060; x_wconf 74' lang='grc' dir='ltr'>οἴκου</span> <span class='ocrx_word' id='word_1_236' title='bbox 800 2008 1131 2080; x_wconf 84' lang='grc' dir='ltr'>προεστῶτα.</span> <span class='ocrx_word' id='word_1_237' title='bbox 1163 2009 1317 2064; x_wconf 73' lang='grc' dir='ltr'>Οὕτω</span> <span class='ocrx_word' id='word_1_238' title='bbox 1336 2011 1443 2084; x_wconf 83' lang='grc' dir='ltr'>γὰρ</span> <span class='ocrx_word' id='word_1_239' title='bbox 1460 2012 1852 2085; x_wconf 81' lang='grc' dir='ltr'>δοκιμαζέσθω,</span> <span class='ocrx_word' id='word_1_240' title='bbox 1887 2018 2037 2070; x_wconf 82' lang='grc' dir='ltr'><strong>ὁπότ’</strong></span> 
     </span>
    </p>
   </div>
   <div class='ocr_carea' id='block_1_38' title="bbox 465 2098 2031 2180">
    <p class='ocr_par' dir='ltr' id='par_1_38' title="bbox 465 2098 2031 2180">
     <span class='ocr_line' id='line_1_38' title="bbox 465 2098 2031 2180; baseline 0.008 -31"><span class='ocrx_word' id='word_1_241' title='bbox 465 2098 635 2168; x_wconf 80' lang='grc' dir='ltr'>αὐτὴν</span> <span class='ocrx_word' id='word_1_242' title='bbox 649 2100 972 2169; x_wconf 78' lang='grc' dir='ltr'>χειροτονίαν</span> <span class='ocrx_word' id='word_1_243' title='bbox 983 2100 1049 2153; x_wconf 92' lang='grc' dir='ltr'><strong>λα</strong></span> <span class='ocrx_word' id='word_1_244' title='bbox 1056 2101 1270 2172; x_wconf 79' lang='grc' dir='ltr'>μὸάνων</span> <span class='ocrx_word' id='word_1_245' title='bbox 1282 2103 1598 2158; x_wconf 77' lang='grc' dir='ltr'>καθίσταται</span> <span class='ocrx_word' id='word_1_246' title='bbox 1610 2106 1667 2159; x_wconf 81' lang='grc' dir='ltr'>ὲν</span> <span class='ocrx_word' id='word_1_247' title='bbox 1685 2107 1762 2177; x_wconf 84' lang='grc' dir='ltr'><strong>τῷ</strong></span> <span class='ocrx_word' id='word_1_248' title='bbox 1772 2108 1920 2179; x_wconf 76' lang='grc' dir='ltr'>τόπῳ</span> <span class='ocrx_word' id='word_1_249' title='bbox 1931 2109 2031 2180; x_wconf 80' lang='grc' dir='ltr'><strong>τῆς</strong></span> 
     </span>
    </p>
   </div>
   <div class='ocr_carea' id='block_1_39' title="bbox 461 2189 2033 2270">
    <p class='ocr_par' dir='ltr' id='par_1_39' title="bbox 461 2189 2033 2270">
     <span class='ocr_line' id='line_1_39' title="bbox 461 2189 2033 2270; baseline 0.009 -30"><span class='ocrx_word' id='word_1_250' title='bbox 461 2189 788 2261; x_wconf 70' lang='grc' dir='ltr'>ἐπισκοπῆς,</span> <span class='ocrx_word' id='word_1_251' title='bbox 836 2192 882 2244; x_wconf 82' lang='grc' dir='ltr'><strong>εί</strong></span> <span class='ocrx_word' id='word_1_252' title='bbox 927 2191 1041 2245; x_wconf 76' lang='grc' dir='ltr'>ἐστι</span> <span class='ocrx_word' id='word_1_253' title='bbox 1070 2193 1283 2264; x_wconf 81' lang='grc' dir='ltr'>σεμνὸς,</span> <span class='ocrx_word' id='word_1_254' title='bbox 1330 2196 1535 2261; x_wconf 81' lang='grc' dir='ltr'>πιστὸς,</span> <span class='ocrx_word' id='word_1_255' title='bbox 1574 2199 1667 2251; x_wconf 80' lang='grc' dir='ltr'>καὶ</span> <span class='ocrx_word' id='word_1_256' title='bbox 1714 2200 1952 2270; x_wconf 62' lang='grc' dir='ltr'>κόσμιος</span> <span class='ocrx_word' id='word_1_257' title='bbox 1986 2204 2033 2255; x_wconf 84' lang='grc' dir='ltr'><strong>εί</strong></span> 
     </span>
    </p>
   </div>
   <div class='ocr_carea' id='block_1_40' title="bbox 460 2283 2030 2361">
    <p class='ocr_par' dir='ltr' id='par_1_40' title="bbox 460 2283 2030 2361">
     <span class='ocr_line' id='line_1_40' title="bbox 460 2283 2030 2361; baseline 0.008 -28"><span class='ocrx_word' id='word_1_258' title='bbox 460 2284 695 2349; x_wconf 86' lang='grc' dir='ltr'>γυναῖκα</span> <span class='ocrx_word' id='word_1_259' title='bbox 726 2283 923 2355; x_wconf 83' lang='grc' dir='ltr'>σεμνὴν</span> <span class='ocrx_word' id='word_1_260' title='bbox 943 2286 1036 2338; x_wconf 81' lang='grc' dir='ltr'>καὶ</span> <span class='ocrx_word' id='word_1_261' title='bbox 1067 2285 1262 2357; x_wconf 80' lang='grc' dir='ltr'>πιστὴν</span> <span class='ocrx_word' id='word_1_262' title='bbox 1293 2285 1426 2357; x_wconf 76' lang='grc' dir='ltr'>ἔχοι,</span> <span class='ocrx_word' id='word_1_263' title='bbox 1456 2288 1488 2359; x_wconf 76' lang='grc' dir='ltr'>ἢ</span> <span class='ocrx_word' id='word_1_264' title='bbox 1520 2288 1768 2361; x_wconf 77' lang='grc' dir='ltr'>ἔσχηκεν·</span> <span class='ocrx_word' id='word_1_265' title='bbox 1800 2294 1847 2345; x_wconf 85' lang='grc' dir='ltr'>εἰ</span> <span class='ocrx_word' id='word_1_266' title='bbox 1866 2293 2030 2346; x_wconf 81' lang='grc' dir='ltr'>τέκνα</span> 
     </span>
    </p>
   </div>
   <div class='ocr_carea' id='block_1_41' title="bbox 460 2373 2031 2454">
    <p class='ocr_par' dir='ltr' id='par_1_41' title="bbox 460 2373 2031 2454">
     <span class='ocr_line' id='line_1_41' title="bbox 460 2373 2031 2454; baseline 0.009 -29"><span class='ocrx_word' id='word_1_267' title='bbox 460 2373 725 2439; x_wconf 80' lang='grc' dir='ltr'>θεοσεϐῶς</span> <span class='ocrx_word' id='word_1_268' title='bbox 750 2375 1059 2448; x_wconf 79' lang='grc' dir='ltr'>ἀναθρέψας</span> <span class='ocrx_word' id='word_1_269' title='bbox 1096 2380 1189 2431; x_wconf 75' lang='grc' dir='ltr'><strong>καὶ</strong></span> <span class='ocrx_word' id='word_1_270' title='bbox 1216 2380 1274 2433; x_wconf 80' lang='grc' dir='ltr'>ὲν</span> <span class='ocrx_word' id='word_1_271' title='bbox 1302 2380 1551 2453; x_wconf 80' lang='grc' dir='ltr'>νουθεσίᾳ</span> <span class='ocrx_word' id='word_1_272' title='bbox 1592 2383 1794 2454; x_wconf 81' lang='grc' dir='ltr'>Κυρίου</span> <span class='ocrx_word' id='word_1_273' title='bbox 1824 2386 2031 2439; x_wconf 76' lang='grc' dir='ltr'>παιδεύ-</span> 
     </span>
    </p>
   </div>
   <div class='ocr_carea' id='block_1_42' title="bbox 458 2467 2026 2548">
    <p class='ocr_par' dir='ltr' id='par_1_42' title="bbox 458 2467 2026 2548">
     <span class='ocr_line' id='line_1_42' title="bbox 458 2467 2026 2548; baseline 0.008 -30"><span class='ocrx_word' id='word_1_274' title='bbox 458 2482 560 2530; x_wconf 89' lang='grc' dir='ltr'><strong>σας</strong></span> <span class='ocrx_word' id='word_1_275' title='bbox 590 2468 922 2539; x_wconf 84' lang='grc' dir='ltr'>προήγαγεν·</span> <span class='ocrx_word' id='word_1_276' title='bbox 967 2472 1015 2523; x_wconf 82' lang='grc' dir='ltr'><strong>εί</strong></span> <span class='ocrx_word' id='word_1_277' title='bbox 1054 2471 1104 2523; x_wconf 80' lang='lat' dir='ltr'><strong>oi</strong></span> <span class='ocrx_word' id='word_1_278' title='bbox 1129 2473 1248 2524; x_wconf 82' lang='grc' dir='ltr'>κατ’</span> <span class='ocrx_word' id='word_1_279' title='bbox 1280 2467 1427 2526; x_wconf 76' lang='grc' dir='ltr'>οἶκον</span> <span class='ocrx_word' id='word_1_280' title='bbox 1456 2473 1621 2527; x_wconf 83' lang='grc' dir='ltr'>αὐτοῦ</span> <span class='ocrx_word' id='word_1_281' title='bbox 1648 2475 2026 2548; x_wconf 78' lang='grc' dir='ltr'>εὐλαϐούμενοι</span> 
     </span>
    </p>
   </div>
   <div class='ocr_carea' id='block_1_43' title="bbox 457 2558 2021 2641">
    <p class='ocr_par' dir='ltr' id='par_1_43' title="bbox 457 2558 2021 2641">
     <span class='ocr_line' id='line_1_43' title="bbox 457 2558 2021 2641; baseline 0.008 -30"><span class='ocrx_word' id='word_1_282' title='bbox 457 2558 551 2611; x_wconf 74' lang='grc' dir='ltr'>καὶ</span> <span class='ocrx_word' id='word_1_283' title='bbox 593 2560 972 2631; x_wconf 73' lang='grc' dir='ltr'>ἐντρεπόμενοι</span> <span class='ocrx_word' id='word_1_284' title='bbox 1005 2562 1165 2615; x_wconf 82' lang='grc' dir='ltr'>αὐτὸν</span> <span class='ocrx_word' id='word_1_285' title='bbox 1195 2564 1424 2635; x_wconf 82' lang='grc' dir='ltr'>ὑπήκοοι</span> <span class='ocrx_word' id='word_1_286' title='bbox 1464 2566 1661 2630; x_wconf 88' lang='grc' dir='ltr'>πάντες</span> <span class='ocrx_word' id='word_1_287' title='bbox 1691 2569 1827 2621; x_wconf 82' lang='grc' dir='ltr'>εἰσὶν</span> <span class='ocrx_word' id='word_1_288' title='bbox 1855 2570 2021 2641; x_wconf 83' lang='grc' dir='ltr'>αὐτῷ·</span> 
     </span>
    </p>
   </div>
   <div class='ocr_carea' id='block_1_44' title="bbox 457 2650 2025 2730">
    <p class='ocr_par' dir='ltr' id='par_1_44' title="bbox 457 2650 2025 2730">
     <span class='ocr_line' id='line_1_44' title="bbox 457 2650 2025 2730; baseline 0.01 -30"><span class='ocrx_word' id='word_1_289' title='bbox 457 2650 504 2701; x_wconf 83' lang='lat' dir='ltr'><strong>si</strong></span> <span class='ocrx_word' id='word_1_290' title='bbox 540 2651 646 2721; x_wconf 84' lang='grc' dir='ltr'><strong>γάρ</strong></span> <span class='ocrx_word' id='word_1_291' title='bbox 673 2652 724 2704; x_wconf 88' lang='grc' dir='ltr'>οἱ</span> <span class='ocrx_word' id='word_1_292' title='bbox 753 2653 896 2707; x_wconf 81' lang='grc' dir='ltr'>κατὰ</span> <span class='ocrx_word' id='word_1_293' title='bbox 937 2654 1115 2725; x_wconf 83' lang='grc' dir='ltr'>σάρκα</span> <span class='ocrx_word' id='word_1_294' title='bbox 1146 2655 1267 2709; x_wconf 78' lang='grc' dir='ltr'>ῐδιοι</span> <span class='ocrx_word' id='word_1_295' title='bbox 1302 2655 1489 2721; x_wconf 78' lang='grc' dir='ltr'>αὑτοῦ,</span> <span class='ocrx_word' id='word_1_296' title='bbox 1530 2658 1667 2730; x_wconf 78' lang='grc' dir='ltr'>πρὸς</span> <span class='ocrx_word' id='word_1_297' title='bbox 1708 2660 1868 2713; x_wconf 82' lang='grc' dir='ltr'>αὑτὸν</span> <span class='ocrx_word' id='word_1_298' title='bbox 1899 2678 2025 2715; x_wconf 84' lang='grc' dir='ltr'>στα-</span> 
     </span>
    </p>
   </div>
   <div class='ocr_carea' id='block_1_45' title="bbox 457 2741 2022 2820">
    <p class='ocr_par' dir='ltr' id='par_1_45' title="bbox 457 2741 2022 2820">
     <span class='ocr_line' id='line_1_45' title="bbox 457 2741 2022 2820; baseline 0.008 -26"><span class='ocrx_word' id='word_1_299' title='bbox 457 2741 697 2807; x_wconf 78' lang='grc' dir='ltr'>σιάζουσι</span> <span class='ocrx_word' id='word_1_300' title='bbox 725 2745 819 2797; x_wconf 77' lang='grc' dir='ltr'><strong>καὶ</strong></span> <span class='ocrx_word' id='word_1_301' title='bbox 844 2745 1147 2811; x_wconf 82' lang='grc' dir='ltr'>ἀπειθοῦσι,</span> <span class='ocrx_word' id='word_1_302' title='bbox 1188 2746 1303 2812; x_wconf 90' lang='grc' dir='ltr'><strong>πῶς</strong></span> <span class='ocrx_word' id='word_1_303' title='bbox 1332 2749 1381 2801; x_wconf 88' lang='grc' dir='ltr'>οἱ</span> <span class='ocrx_word' id='word_1_304' title='bbox 1410 2747 1514 2813; x_wconf 77' lang='grc' dir='ltr'>ἔξω</span> <span class='ocrx_word' id='word_1_305' title='bbox 1539 2750 1640 2820; x_wconf 81' lang='grc' dir='ltr'><strong>τῆς</strong></span> <span class='ocrx_word' id='word_1_306' title='bbox 1667 2751 1842 2815; x_wconf 72' lang='grc' dir='ltr'>οἰκίας</span> <span class='ocrx_word' id='word_1_307' title='bbox 1859 2753 2022 2807; x_wconf 78' lang='grc' dir='ltr'>αὐτοῦ</span> 
     </span>
    </p>
   </div>
   <div class='ocr_carea' id='block_1_46' title="bbox 457 2834 1535 2912">
    <p class='ocr_par' dir='ltr' id='par_1_46' title="bbox 457 2834 1535 2912">
     <span class='ocr_line' id='line_1_46' title="bbox 457 2834 1535 2912; baseline 0.008 -25"><span class='ocrx_word' id='word_1_308' title='bbox 457 2834 577 2889; x_wconf 76' lang='grc' dir='ltr'>ἴδιοι</span> <span class='ocrx_word' id='word_1_309' title='bbox 593 2837 1039 2911; x_wconf 84' lang='grc' dir='ltr'>γενόμενοιαύτῷ</span> <span class='ocrx_word' id='word_1_310' title='bbox 1066 2842 1501 2912; x_wconf 77' lang='grc' dir='ltr'>ὑποταγήσονται</span> <span class='ocrx_word' id='word_1_311' title='bbox 1518 2859 1535 2909; x_wconf 85' lang='grc'>;</span> 
     </span>
    </p>
   </div>
   <div class='ocr_carea' id='block_1_47' title="bbox 1002 3020 1497 3075">
    <p class='ocr_par' dir='ltr' id='par_1_47' title="bbox 1002 3020 1497 3075">
     <span class='ocr_line' id='line_1_47' title="bbox 1002 3020 1497 3075; baseline -0.004 -2"><span class='ocrx_word' id='word_1_312' title='bbox 1002 3021 1392 3075; x_wconf 72' lang='grc' dir='ltr'><strong>ΚΕΦΑΛΔΙΟΝ</strong></span> <span class='ocrx_word' id='word_1_313' title='bbox 1422 3020 1497 3073; x_wconf 83' lang='grc' dir='ltr'><strong>Γ’.</strong></span> 
     </span>
    </p>
   </div>
   <div class='ocr_carea' id='block_1_48' title="bbox 2144 1931 3706 2010">
    <p class='ocr_par' dir='ltr' id='par_1_48' title="bbox 2144 1931 3706 2010">
     <span class='ocr_line' id='line_1_48' title="bbox 2144 1931 3706 2010; baseline 0.006 -25"><span class='ocrx_word' id='word_1_314' title='bbox 2144 1931 2257 1985; x_wconf 91' lang='lat' dir='ltr'><strong>mui</strong></span> <span class='ocrx_word' id='word_1_315' title='bbox 2276 1931 2412 1987; x_wconf 88' lang='lat' dir='ltr'><strong>bene</strong></span> <span class='ocrx_word' id='word_1_316' title='bbox 2441 1934 2839 2003; x_wconf 67' lang='lat' dir='ltr'><strong>praesidentem.</strong></span> <span class='ocrx_word' id='word_1_317' title='bbox 2869 1934 2973 1990; x_wconf 88' lang='lat' dir='ltr'><strong>Per</strong></span> <span class='ocrx_word' id='word_1_318' title='bbox 2994 1936 3108 1990; x_wconf 60' lang='lat' dir='ltr'><strong>haec</strong></span> <span class='ocrx_word' id='word_1_319' title='bbox 3134 1937 3399 2008; x_wconf 89' lang='lat' dir='ltr'><strong>siquidem</strong></span> <span class='ocrx_word' id='word_1_320' title='bbox 3424 1940 3706 2010; x_wconf 86' lang='lat' dir='ltr'><strong>probetur,</strong></span> 
     </span>
    </p>
   </div>
   <div class='ocr_carea' id='block_1_49' title="bbox 2117 2024 3707 2099">
    <p class='ocr_par' dir='ltr' id='par_1_49' title="bbox 2117 2024 3707 2099">
     <span class='ocr_line' id='line_1_49' title="bbox 2117 2024 3707 2099; baseline 0.007 -24"><span class='ocrx_word' id='word_1_321' title='bbox 2117 2038 2266 2076; x_wconf 77' lang='lat' dir='ltr'><strong>cum</strong></span> <span class='ocrx_word' id='word_1_322' title='bbox 2314 2024 2711 2080; x_wconf 84' lang='lat' dir='ltr'><strong>ordinationem</strong></span> <span class='ocrx_word' id='word_1_323' title='bbox 2760 2027 3074 2097; x_wconf 91' lang='lat' dir='ltr'><strong>accipiens,</strong></span> <span class='ocrx_word' id='word_1_324' title='bbox 3111 2029 3169 2083; x_wconf 89' lang='lat' dir='ltr'><strong>in</strong></span> <span class='ocrx_word' id='word_1_325' title='bbox 3210 2029 3554 2099; x_wconf 77' lang='lat' dir='ltr'><strong>episcOpatns</strong></span> <span class='ocrx_word' id='word_1_326' title='bbox 3588 2031 3707 2086; x_wconf 91' lang='lat' dir='ltr'><strong>loco</strong></span> 
     </span>
    </p>
   </div>
   <div class='ocr_carea' id='block_1_50' title="bbox 2141 2114 3708 2187">
    <p class='ocr_par' dir='ltr' id='par_1_50' title="bbox 2141 2114 3708 2187">
     <span class='ocr_line' id='line_1_50' title="bbox 2141 2114 3708 2187; baseline 0.008 -19"><span class='ocrx_word' id='word_1_327' title='bbox 2141 2114 2525 2183; x_wconf 89' lang='lat' dir='ltr'><strong>constituitur;</strong></span> <span class='ocrx_word' id='word_1_328' title='bbox 2576 2132 2647 2171; x_wconf 91' lang='lat' dir='ltr'><strong>an</strong></span> <span class='ocrx_word' id='word_1_329' title='bbox 2688 2117 2759 2172; x_wconf 91' lang='lat' dir='ltr'><strong>sit</strong></span> <span class='ocrx_word' id='word_1_330' title='bbox 2814 2118 3189 2187; x_wconf 78' lang='lat' dir='ltr'><strong>reverendus,</strong></span> <span class='ocrx_word' id='word_1_331' title='bbox 3229 2119 3402 2176; x_wconf 84' lang='lat' dir='ltr'><strong>ﬁdelis</strong></span> <span class='ocrx_word' id='word_1_332' title='bbox 3452 2131 3506 2177; x_wconf 88' lang='lat' dir='ltr'><strong>et</strong></span> <span class='ocrx_word' id='word_1_333' title='bbox 3544 2123 3708 2180; x_wconf 84' lang='lat' dir='ltr'><strong>bone-</strong></span> 
     </span>
    </p>
   </div>
   <div class='ocr_carea' id='block_1_51' title="bbox 2138 2210 3702 2281">
    <p class='ocr_par' dir='ltr' id='par_1_51' title="bbox 2138 2210 3702 2281">
     <span class='ocr_line' id='line_1_51' title="bbox 2138 2210 3702 2281; baseline 0.005 -20"><span class='ocrx_word' id='word_1_334' title='bbox 2138 2216 2295 2274; x_wconf 90' lang='lat' dir='ltr'><strong>stus;</strong></span> <span class='ocrx_word' id='word_1_335' title='bbox 2351 2224 2421 2263; x_wconf 91' lang='lat' dir='ltr'><strong>an</strong></span> <span class='ocrx_word' id='word_1_336' title='bbox 2467 2224 2692 2264; x_wconf 81' lang='lat' dir='ltr'><strong>uxorem</strong></span> <span class='ocrx_word' id='word_1_337' title='bbox 2722 2210 2973 2279; x_wconf 88' lang='lat' dir='ltr'><strong>pudicam</strong></span> <span class='ocrx_word' id='word_1_338' title='bbox 3005 2226 3069 2265; x_wconf 92' lang='lat' dir='ltr'><strong>ac</strong></span> <span class='ocrx_word' id='word_1_339' title='bbox 3101 2212 3310 2267; x_wconf 83' lang='lat' dir='ltr'><strong>ﬁdelem</strong></span> <span class='ocrx_word' id='word_1_340' title='bbox 3357 2224 3450 2268; x_wconf 91' lang='lat' dir='ltr'><strong>aut</strong></span> <span class='ocrx_word' id='word_1_341' title='bbox 3486 2214 3702 2281; x_wconf 83' lang='lat' dir='ltr'><strong>habeat,</strong></span> 
     </span>
    </p>
   </div>
   <div class='ocr_carea' id='block_1_52' title="bbox 2137 2302 3704 2372">
    <p class='ocr_par' dir='ltr' id='par_1_52' title="bbox 2137 2302 3704 2372">
     <span class='ocr_line' id='line_1_52' title="bbox 2137 2302 3704 2372; baseline 0.004 -17"><span class='ocrx_word' id='word_1_342' title='bbox 2137 2311 2231 2356; x_wconf 90' lang='lat' dir='ltr'><strong>aut</strong></span> <span class='ocrx_word' id='word_1_343' title='bbox 2279 2302 2565 2368; x_wconf 85' lang='lat' dir='ltr'><strong>habuerit;</strong></span> <span class='ocrx_word' id='word_1_344' title='bbox 2612 2319 2682 2360; x_wconf 87' lang='lat' dir='ltr'><strong>an</strong></span> <span class='ocrx_word' id='word_1_345' title='bbox 2712 2303 2915 2357; x_wconf 90' lang='lat' dir='ltr'><strong>liberos</strong></span> <span class='ocrx_word' id='word_1_346' title='bbox 2959 2304 3045 2372; x_wconf 89' lang='lat' dir='ltr'><strong>pie</strong></span> <span class='ocrx_word' id='word_1_347' title='bbox 3074 2303 3355 2370; x_wconf 85' lang='lat' dir='ltr'><strong>educarit;</strong></span> <span class='ocrx_word' id='word_1_348' title='bbox 3396 2305 3449 2359; x_wconf 91' lang='lat' dir='ltr'><strong>in</strong></span> <span class='ocrx_word' id='word_1_349' title='bbox 3488 2304 3704 2362; x_wconf 88' lang='lat' dir='ltr'><strong>Domini</strong></span> 
     </span>
    </p>
   </div>
   <div class='ocr_carea' id='block_1_53' title="bbox 2135 2393 3701 2463">
    <p class='ocr_par' dir='ltr' id='par_1_53' title="bbox 2135 2393 3701 2463">
     <span class='ocr_line' id='line_1_53' title="bbox 2135 2393 3701 2463; baseline 0.004 -17"><span class='ocrx_word' id='word_1_350' title='bbox 2135 2393 2425 2463; x_wconf 86' lang='lat' dir='ltr'><strong>disciplina</strong></span> <span class='ocrx_word' id='word_1_351' title='bbox 2463 2393 2761 2459; x_wconf 87' lang='lat' dir='ltr'><strong>erudierit,</strong></span> <span class='ocrx_word' id='word_1_352' title='bbox 2793 2401 2848 2449; x_wconf 92' lang='lat' dir='ltr'><strong>et</strong></span> <span class='ocrx_word' id='word_1_353' title='bbox 2885 2395 2951 2449; x_wconf 92' lang='lat' dir='ltr'><strong>ad</strong></span> <span class='ocrx_word' id='word_1_354' title='bbox 2985 2395 3237 2449; x_wconf 85' lang='lat' dir='ltr'><strong>virtutem</strong></span> <span class='ocrx_word' id='word_1_355' title='bbox 3268 2395 3590 2463; x_wconf 80' lang='lat' dir='ltr'><strong>deduxerit;</strong></span> <span class='ocrx_word' id='word_1_356' title='bbox 3630 2414 3701 2452; x_wconf 91' lang='lat' dir='ltr'><strong>an</strong></span> 
     </span>
    </p>
   </div>
   <div class='ocr_carea' id='block_1_54' title="bbox 2132 2485 3703 2552">
    <p class='ocr_par' dir='ltr' id='par_1_54' title="bbox 2132 2485 3703 2552">
     <span class='ocr_line' id='line_1_54' title="bbox 2132 2485 3703 2552; baseline 0.003 -11"><span class='ocrx_word' id='word_1_357' title='bbox 2132 2485 2181 2541; x_wconf 85' lang='lat' dir='ltr'><strong>ei</strong></span> <span class='ocrx_word' id='word_1_358' title='bbox 2207 2485 2492 2541; x_wconf 88' lang='lat' dir='ltr'><strong>domestici</strong></span> <span class='ocrx_word' id='word_1_359' title='bbox 2526 2501 2716 2542; x_wconf 87' lang='lat' dir='ltr'><strong>omnes</strong></span> <span class='ocrx_word' id='word_1_360' title='bbox 2739 2487 2999 2541; x_wconf 87' lang='lat' dir='ltr'><strong>honorem</strong></span> <span class='ocrx_word' id='word_1_361' title='bbox 3025 2526 3042 2552; x_wconf 97' lang='lat'><strong>,</strong></span> <span class='ocrx_word' id='word_1_362' title='bbox 3072 2487 3429 2543; x_wconf 84' lang='lat' dir='ltr'><strong>reverentiam</strong></span> <span class='ocrx_word' id='word_1_363' title='bbox 3458 2504 3522 2543; x_wconf 88' lang='lat' dir='ltr'><strong>ac</strong></span> <span class='ocrx_word' id='word_1_364' title='bbox 3542 2491 3703 2544; x_wconf 81' lang='lat' dir='ltr'><strong>obse-</strong></span> 
     </span>
    </p>
   </div>
   <div class='ocr_carea' id='block_1_55' title="bbox 2132 2578 3699 2651">
    <p class='ocr_par' dir='ltr' id='par_1_55' title="bbox 2132 2578 3699 2651">
     <span class='ocr_line' id='line_1_55' title="bbox 2132 2578 3699 2651; baseline 0.002 -19"><span class='ocrx_word' id='word_1_365' title='bbox 2132 2578 2320 2648; x_wconf 90' lang='lat' dir='ltr'><strong>quium</strong></span> <span class='ocrx_word' id='word_1_366' title='bbox 2351 2586 2608 2649; x_wconf 72' lang='lat' dir='ltr'><strong>praastent</strong></span> <span class='ocrx_word' id='word_1_367' title='bbox 2635 2598 2650 2647; x_wconf 91' lang='lat'><strong>;</strong></span> <span class='ocrx_word' id='word_1_368' title='bbox 2680 2580 2900 2650; x_wconf 91' lang='lat' dir='ltr'><strong>quando</strong></span> <span class='ocrx_word' id='word_1_369' title='bbox 2938 2579 3081 2635; x_wconf 90' lang='lat' dir='ltr'><strong>enim</strong></span> <span class='ocrx_word' id='word_1_370' title='bbox 3110 2581 3205 2651; x_wconf 88' lang='lat' dir='ltr'><strong>qui</strong></span> <span class='ocrx_word' id='word_1_371' title='bbox 3247 2580 3548 2636; x_wconf 87' lang='lat' dir='ltr'><strong>secundum</strong></span> <span class='ocrx_word' id='word_1_372' title='bbox 3574 2596 3699 2635; x_wconf 84' lang='lat' dir='ltr'><strong>car-</strong></span> 
     </span>
    </p>
   </div>
   <div class='ocr_carea' id='block_1_56' title="bbox 2131 2671 3704 2742">
    <p class='ocr_par' dir='ltr' id='par_1_56' title="bbox 2131 2671 3704 2742">
     <span class='ocr_line' id='line_1_56' title="bbox 2131 2671 3704 2742; baseline 0.001 -16"><span class='ocrx_word' id='word_1_373' title='bbox 2131 2687 2254 2726; x_wconf 83' lang='lat' dir='ltr'><strong>nem</strong></span> <span class='ocrx_word' id='word_1_374' title='bbox 2301 2671 2366 2726; x_wconf 91' lang='lat' dir='ltr'><strong>ad</strong></span> <span class='ocrx_word' id='word_1_375' title='bbox 2413 2672 2559 2727; x_wconf 89' lang='lat' dir='ltr'><strong>illius</strong></span> <span class='ocrx_word' id='word_1_376' title='bbox 2596 2671 2858 2727; x_wconf 83' lang='lat' dir='ltr'><strong>familiam</strong></span> <span class='ocrx_word' id='word_1_377' title='bbox 2902 2673 3196 2742; x_wconf 87' lang='lat' dir='ltr'><strong>pertinent,</strong></span> <span class='ocrx_word' id='word_1_378' title='bbox 3245 2671 3296 2727; x_wconf 89' lang='lat' dir='ltr'><strong>ei</strong></span> <span class='ocrx_word' id='word_1_379' title='bbox 3342 2688 3443 2727; x_wconf 93' lang='lat' dir='ltr'><strong>nec</strong></span> <span class='ocrx_word' id='word_1_380' title='bbox 3472 2687 3704 2727; x_wconf 85' lang='lat' dir='ltr'><strong>concor-</strong></span> 
     </span>
    </p>
   </div>
   <div class='ocr_carea' id='block_1_57' title="bbox 2129 2763 3699 2835">
    <p class='ocr_par' dir='ltr' id='par_1_57' title="bbox 2129 2763 3699 2835">
     <span class='ocr_line' id='line_1_57' title="bbox 2129 2763 3699 2835; baseline 0.001 -16"><span class='ocrx_word' id='word_1_381' title='bbox 2129 2763 2300 2826; x_wconf 90' lang='lat' dir='ltr'><strong>dant,</strong></span> <span class='ocrx_word' id='word_1_382' title='bbox 2350 2780 2450 2819; x_wconf 92' lang='lat' dir='ltr'><strong>nec</strong></span> <span class='ocrx_word' id='word_1_383' title='bbox 2495 2764 2906 2835; x_wconf 86' lang='lat' dir='ltr'><strong>obtemperant;</strong></span> <span class='ocrx_word' id='word_1_384' title='bbox 2944 2779 3052 2834; x_wconf 92' lang='lat' dir='ltr'><strong>quo</strong></span> <span class='ocrx_word' id='word_1_385' title='bbox 3101 2764 3264 2819; x_wconf 90' lang='lat' dir='ltr'><strong>modo</strong></span> <span class='ocrx_word' id='word_1_386' title='bbox 3314 2765 3405 2835; x_wconf 91' lang='lat' dir='ltr'><strong>qui</strong></span> <span class='ocrx_word' id='word_1_387' title='bbox 3455 2765 3699 2820; x_wconf 79' lang='lat' dir='ltr'><strong>extranei</strong></span> 
     </span>
    </p>
   </div>
   <div class='ocr_carea' id='block_1_58' title="bbox 2130 2856 3701 2928">
    <p class='ocr_par' dir='ltr' id='par_1_58' title="bbox 2130 2856 3701 2928">
     <span class='ocr_line' id='line_1_58' title="bbox 2130 2856 3701 2928; baseline 0 -17"><span class='ocrx_word' id='word_1_388' title='bbox 2130 2866 2279 2920; x_wconf 86' lang='lat' dir='ltr'><strong>sunt,</strong></span> <span class='ocrx_word' id='word_1_389' title='bbox 2335 2873 2395 2913; x_wconf 86' lang='lat' dir='ltr'><strong>se</strong></span> <span class='ocrx_word' id='word_1_390' title='bbox 2435 2858 2488 2912; x_wconf 91' lang='lat' dir='ltr'><strong>ei</strong></span> <span class='ocrx_word' id='word_1_391' title='bbox 2547 2856 2863 2928; x_wconf 87' lang='lat' dir='ltr'><strong>subjicient,</strong></span> <span class='ocrx_word' id='word_1_392' title='bbox 2914 2872 3038 2911; x_wconf 88' lang='lat' dir='ltr'><strong>cum</strong></span> <span class='ocrx_word' id='word_1_393' title='bbox 3081 2872 3227 2911; x_wconf 79' lang='lat' dir='ltr'><strong>cura:</strong></span> <span class='ocrx_word' id='word_1_394' title='bbox 3264 2858 3408 2913; x_wconf 88' lang='lat' dir='ltr'><strong>illius</strong></span> <span class='ocrx_word' id='word_1_395' title='bbox 3446 2858 3701 2911; x_wconf 81' lang='lat' dir='ltr'><strong>commit-</strong></span> 
     </span>
    </p>
   </div>
   <div class='ocr_carea' id='block_1_59' title="bbox 2128 2950 2359 3003">
    <p class='ocr_par' dir='ltr' id='par_1_59' title="bbox 2128 2950 2359 3003">
     <span class='ocr_line' id='line_1_59' title="bbox 2128 2950 2359 3003; baseline 0.009 -3"><span class='ocrx_word' id='word_1_396' title='bbox 2128 2954 2309 3003; x_wconf 90' lang='lat' dir='ltr'><strong>tentur</strong></span> <span class='ocrx_word' id='word_1_397' title='bbox 2338 2950 2359 3002; x_wconf 84' lang='lat'><strong>?</strong></span> 
     </span>
    </p>
   </div>
   <div class='ocr_carea' id='block_1_60' title="bbox 2737 3039 3088 3096">
    <p class='ocr_par' dir='ltr' id='par_1_60' title="bbox 2737 3039 3088 3096">
     <span class='ocr_line' id='line_1_60' title="bbox 2737 3039 3088 3096; baseline 0 0"><span class='ocrx_word' id='word_1_398' title='bbox 2737 3039 2963 3096; x_wconf 68' lang='lat' dir='ltr'><strong>CKPUT</strong></span> <span class='ocrx_word' id='word_1_399' title='bbox 3006 3040 3088 3096; x_wconf 89' lang='lat' dir='ltr'><strong>IlI.</strong></span> 
     </span>
    </p>
   </div>
   <div class='ocr_carea' id='block_1_61' title="bbox 459 3108 2015 3205">
    <p class='ocr_par' dir='ltr' id='par_1_61' title="bbox 459 3108 2015 3183">
     <span class='ocr_line' id='line_1_61' title="bbox 459 3108 2015 3183; baseline 0.003 -19"><span class='ocrx_word' id='word_1_400' title='bbox 459 3110 593 3164; x_wconf 71' lang='lat' dir='ltr'><strong>Tim</strong></span> <span class='ocrx_word' id='word_1_401' title='bbox 635 3110 750 3179; x_wconf 81' lang='grc' dir='ltr'>χρὴ</span> <span class='ocrx_word' id='word_1_402' title='bbox 783 3108 1190 3180; x_wconf 75' lang='grc' dir='ltr'>δοκιμάζεσθαι</span> <span class='ocrx_word' id='word_1_403' title='bbox 1228 3113 1333 3167; x_wconf 82' lang='grc' dir='ltr'>τὸν</span> <span class='ocrx_word' id='word_1_404' title='bbox 1358 3113 1691 3169; x_wconf 76' lang='grc' dir='ltr'>ἐπίσκοπον</span> <span class='ocrx_word' id='word_1_405' title='bbox 1726 3128 2015 3183; x_wconf 72' lang='grc' dir='ltr'>προχειρι-</span> 
     </span>
    </p>
   </div>
   <div class='ocr_carea' id='block_1_62' title="bbox 2122 3108 3692 3205">
    <p class='ocr_par' dir='ltr' id='par_1_62' title="bbox 2124 3132 3692 3205">
     <span class='ocr_line' id='line_1_62' title="bbox 2124 3132 3692 3205; baseline -0.001 -17"><span class='ocrx_word' id='word_1_406' title='bbox 2124 3132 2187 3188; x_wconf 84' lang='lat' dir='ltr'><strong>bt</strong></span> <span class='ocrx_word' id='word_1_407' title='bbox 2219 3134 2404 3205; x_wconf 78' lang='lat' dir='ltr'><strong>quibus</strong></span> <span class='ocrx_word' id='word_1_408' title='bbox 2450 3134 2748 3203; x_wconf 81' lang='lat' dir='ltr'><strong>probandus</strong></span> <span class='ocrx_word' id='word_1_409' title='bbox 2789 3136 2859 3189; x_wconf 86' lang='lat' dir='ltr'><strong>sit</strong></span> <span class='ocrx_word' id='word_1_410' title='bbox 2901 3136 2990 3205; x_wconf 88' lang='lat' dir='ltr'><strong>qui</strong></span> <span class='ocrx_word' id='word_1_411' title='bbox 3032 3136 3335 3205; x_wconf 81' lang='lat' dir='ltr'><strong>designatur</strong></span> <span class='ocrx_word' id='word_1_412' title='bbox 3381 3135 3434 3187; x_wconf 82' lang='lat' dir='ltr'><strong>in</strong></span> <span class='ocrx_word' id='word_1_413' title='bbox 3491 3135 3692 3202; x_wconf 81' lang='lat' dir='ltr'><strong>episco-</strong></span> 
     </span>
    </p>
   </div>
   <div class='ocr_carea' id='block_1_63' title="bbox 1130 3207 1362 3262">
    <p class='ocr_par' dir='ltr' id='par_1_63' title="bbox 1130 3207 1362 3262">
     <span class='ocr_line' id='line_1_63' title="bbox 1130 3207 1362 3262; baseline 0.017 -4"><span class='ocrx_word' id='word_1_414' title='bbox 1130 3207 1335 3262; x_wconf 73' lang='grc' dir='ltr'>ὅμενον</span> <span class='ocrx_word' id='word_1_415' title='bbox 1349 3249 1362 3262; x_wconf 92' lang='grc'><strong>.</strong></span> 
     </span>
    </p>
   </div>
   <div class='ocr_carea' id='block_1_64' title="bbox 518 3203 2018 3370">
    <p class='ocr_par' dir='ltr' id='par_1_64' title="bbox 518 3203 2018 3370">
     <span class='ocr_line' id='line_1_64' title="bbox 1130 3207 1362 3262; baseline 0.013 -4"><span class='ocrx_word' id='word_1_416' title='bbox 1130 3207 1162 3258; x_wconf 86' lang='grc' dir='ltr'><em>ὀ</em></span> <span class='ocrx_word' id='word_1_417' title='bbox 1273 3223 1362 3262; x_wconf 75' lang='grc' dir='ltr'><strong>ον.</strong></span> 
     </span>
     <span class='ocr_line' id='line_1_65' title="bbox 518 3203 2018 3370; baseline 0.003 -24"><span class='ocrx_word' id='word_1_418' title='bbox 518 3296 898 3366; x_wconf 76' lang='grc' dir='ltr'>Δοκιμαζέσθω</span> <span class='ocrx_word' id='word_1_419' title='bbox 923 3293 1017 3351; x_wconf 80' lang='grc' dir='ltr'><strong>οὖν</strong></span> <span class='ocrx_word' id='word_1_420' title='bbox 1036 3337 1049 3360; x_wconf 92' lang='grc'><strong>,</strong></span> <span class='ocrx_word' id='word_1_421' title='bbox 1081 3203 1140 3350; x_wconf 60' lang='grc' dir='ltr'>εξ</span> <span class='ocrx_word' id='word_1_422' title='bbox 1157 3224 1384 3369; x_wconf 44' lang='lat' dir='ltr'><strong>and;</strong></span> <span class='ocrx_word' id='word_1_423' title='bbox 1413 3300 1527 3351; x_wconf 74' lang='grc' dir='ltr'>ἐστι</span> <span class='ocrx_word' id='word_1_424' title='bbox 1557 3301 1683 3370; x_wconf 73' lang='grc' dir='ltr'>περὶ</span> <span class='ocrx_word' id='word_1_425' title='bbox 1716 3298 1862 3368; x_wconf 76' lang='grc'>(100)</span> <span class='ocrx_word' id='word_1_426' title='bbox 1892 3297 2018 3367; x_wconf 81' lang='grc' dir='ltr'>βιω-</span> 
     </span>
    </p>
   </div>
   <div class='ocr_carea' id='block_1_65' title="bbox 2837 3221 2980 3273">
    <p class='ocr_par' dir='ltr' id='par_1_65' title="bbox 2837 3221 2980 3273">
     <span class='ocr_line' id='line_1_66' title="bbox 2837 3221 2980 3273; baseline 0.014 -16"><span class='ocrx_word' id='word_1_427' title='bbox 2837 3221 2980 3273; x_wconf 85' lang='lat' dir='ltr'><strong>pum.</strong></span> 
     </span>
    </p>
   </div>
   <div class='ocr_carea' id='block_1_66' title="bbox 2198 3297 3691 3369">
    <p class='ocr_par' dir='ltr' id='par_1_66' title="bbox 2198 3297 3691 3369">
     <span class='ocr_line' id='line_1_67' title="bbox 2198 3297 3691 3369; baseline -0.001 -18"><span class='ocrx_word' id='word_1_428' title='bbox 2198 3298 2550 3353; x_wconf 77' lang='lat' dir='ltr'><strong>Examinctnr</strong></span> <span class='ocrx_word' id='word_1_429' title='bbox 2578 3314 2728 3368; x_wconf 82' lang='lat' dir='ltr'><strong>ergo,</strong></span> <span class='ocrx_word' id='word_1_430' title='bbox 2762 3315 2829 3352; x_wconf 91' lang='lat' dir='ltr'><strong>an</strong></span> <span class='ocrx_word' id='word_1_431' title='bbox 2872 3299 2924 3351; x_wconf 92' lang='lat' dir='ltr'><strong>in</strong></span> <span class='ocrx_word' id='word_1_432' title='bbox 2970 3299 3090 3351; x_wconf 73' lang='lat' dir='ltr'><strong>vita:</strong></span> <span class='ocrx_word' id='word_1_433' title='bbox 3117 3298 3308 3353; x_wconf 81' lang='lat' dir='ltr'><strong>ciliciis</strong></span> <span class='ocrx_word' id='word_1_434' title='bbox 3351 3298 3480 3352; x_wconf 85' lang='lat' dir='ltr'><strong>IllIIII</strong></span> <span class='ocrx_word' id='word_1_435' title='bbox 3519 3297 3691 3369; x_wconf 60' lang='lat' dir='ltr'><strong>culpa</strong></span> 
     </span>
    </p>
   </div>
   <div class='ocr_carea' id='block_1_67' title="bbox 518 3468 3061 3539">
    <p class='ocr_par' dir='ltr' id='par_1_67' title="bbox 518 3468 3061 3539">
     <span class='ocr_line' id='line_1_68' title="bbox 518 3468 3061 3539; baseline 0.002 -16"><span class='ocrx_word' id='word_1_436' title='bbox 518 3470 562 3500; x_wconf 79' lang='lat'><strong>“</strong></span> <span class='ocrx_word' id='word_1_437' title='bbox 591 3468 777 3526; x_wconf 70' lang='lat' dir='ltr'><strong>Matth.</strong></span> <span class='ocrx_word' id='word_1_438' title='bbox 804 3487 855 3535; x_wconf 76' lang='grc' dir='ltr'><strong>ν,</strong></span> <span class='ocrx_word' id='word_1_439' title='bbox 880 3473 934 3529; x_wconf 72' lang='grc'>4.</span> <span class='ocrx_word' id='word_1_440' title='bbox 1010 3473 1052 3503; x_wconf 80' lang='grc'><strong>⁸⁷</strong></span> <span class='ocrx_word' id='word_1_441' title='bbox 1089 3471 1221 3528; x_wconf 86' lang='lat' dir='ltr'><strong>Ibid.</strong></span> <span class='ocrx_word' id='word_1_442' title='bbox 1257 3476 1305 3529; x_wconf 88' lang='lat'><strong>&#39;7.</strong></span> <span class='ocrx_word' id='word_1_443' title='bbox 1385 3475 1429 3505; x_wconf 77' lang='lat'><strong>&#39;°</strong></span> <span class='ocrx_word' id='word_1_444' title='bbox 1455 3472 1589 3528; x_wconf 89' lang='lat' dir='ltr'><strong>Ibid.</strong></span> <span class='ocrx_word' id='word_1_445' title='bbox 1622 3474 1674 3527; x_wconf 90' lang='lat'><strong>8.</strong></span> <span class='ocrx_word' id='word_1_446' title='bbox 1755 3472 1838 3526; x_wconf 76' lang='lat' dir='ltr'><strong>&quot;I</strong></span> <span class='ocrx_word' id='word_1_447' title='bbox 1871 3473 2016 3528; x_wconf 83' lang='lat' dir='ltr'><strong>Tim.</strong></span> <span class='ocrx_word' id='word_1_448' title='bbox 2044 3490 2127 3538; x_wconf 88' lang='lat' dir='ltr'><strong>ut,</strong></span> <span class='ocrx_word' id='word_1_449' title='bbox 2152 3474 2219 3539; x_wconf 69' lang='lat'><strong>2;</strong></span> <span class='ocrx_word' id='word_1_450' title='bbox 2252 3472 2358 3527; x_wconf 82' lang='lat' dir='ltr'><strong>Tit.</strong></span> <span class='ocrx_word' id='word_1_451' title='bbox 2400 3490 2438 3537; x_wconf 85' lang='grc' dir='ltr'><strong>ι,</strong></span> <span class='ocrx_word' id='word_1_452' title='bbox 2468 3474 2517 3527; x_wconf 86' lang='lat'><strong>7.</strong></span> <span class='ocrx_word' id='word_1_453' title='bbox 2594 3474 2637 3504; x_wconf 79' lang='grc' dir='ltr'><strong>³ο</strong></span> <span class='ocrx_word' id='word_1_454' title='bbox 2673 3472 2805 3528; x_wconf 87' lang='lat' dir='ltr'><strong>Luc.</strong></span> <span class='ocrx_word' id='word_1_455' title='bbox 2839 3490 2947 3536; x_wconf 79' lang='lat' dir='ltr'><strong>xw,</strong></span> <span class='ocrx_word' id='word_1_456' title='bbox 2980 3475 3061 3527; x_wconf 92' lang='lat' dir='ltr'><strong>Il.</strong></span> 
     </span>
    </p>
   </div>
   <div class='ocr_carea' id='block_1_68' title="bbox 1675 3628 2311 3685">
    <p class='ocr_par' dir='ltr' id='par_1_68' title="bbox 1675 3628 2311 3685">
     <span class='ocr_line' id='line_1_69' title="bbox 1675 3628 2311 3685; baseline 0 -2"><span class='ocrx_word' id='word_1_457' title='bbox 1675 3628 1982 3685; x_wconf 76' lang='lat' dir='ltr'><strong>VARIORU</strong></span> <span class='ocrx_word' id='word_1_458' title='bbox 1996 3629 2041 3681; x_wconf 84' lang='grc' dir='ltr'><em>Μ</em></span> <span class='ocrx_word' id='word_1_459' title='bbox 2078 3628 2311 3683; x_wconf 63' lang='grc' dir='ltr'><strong>ΝΟἸἼΕ.</strong></span> 
     </span>
    </p>
   </div>
   <div class='ocr_carea' id='block_1_69' title="bbox 514 3763 1394 3841">
    <p class='ocr_par' dir='ltr' id='par_1_69' title="bbox 514 3763 1394 3841">
     <span class='ocr_line' id='line_1_70' title="bbox 514 3763 1394 3841; baseline -0.005 -15"><span class='ocrx_word' id='word_1_460' title='bbox 514 3769 626 3841; x_wconf 79' lang='lat'><strong>(95)</strong></span> <span class='ocrx_word' id='word_1_461' title='bbox 656 3767 745 3825; x_wconf 86' lang='grc' dir='ltr'><strong>Δέ.</strong></span> <span class='ocrx_word' id='word_1_462' title='bbox 782 3763 970 3841; x_wconf 33' lang='grc' dir='ltr'><strong>Οὗν-ἰη</strong></span> <span class='ocrx_word' id='word_1_463' title='bbox 1008 3766 1199 3841; x_wconf 72' lang='lat' dir='ltr'><strong>altero.</strong></span> <span class='ocrx_word' id='word_1_464' title='bbox 1229 3768 1394 3841; x_wconf 55' lang='lat' dir='ltr'><strong>(Ipsa.</strong></span> 
     </span>
    </p>
   </div>
   <div class='ocr_carea' id='block_1_70' title="bbox 514 3836 2019 3911">
    <p class='ocr_par' dir='ltr' id='par_1_70' title="bbox 514 3836 2019 3911">
     <span class='ocr_line' id='line_1_71' title="bbox 514 3836 2019 3911; baseline -0.005 -16"><span class='ocrx_word' id='word_1_465' title='bbox 662 3838 1328 3911; x_wconf 30' lang='lat' dir='ltr'><strong>&#39;E&#39;Je&#39;natWQr‘ratLAdtIi‘t</strong></span> <span class='ocrx_word' id='word_1_466' title='bbox 1352 3846 1576 3907; x_wconf 83' lang='lat' dir='ltr'><strong>uterque</strong></span> <span class='ocrx_word' id='word_1_467' title='bbox 1608 3839 1774 3911; x_wconf 65' lang='lat' dir='ltr'><strong>codex</strong></span> <span class='ocrx_word' id='word_1_468' title='bbox 1799 3836 1936 3911; x_wconf 77' lang='grc' dir='ltr'>ἔστω</span> <span class='ocrx_word' id='word_1_469' title='bbox 1965 3837 2019 3889; x_wconf 85' lang='grc' dir='ltr'>δὲ</span> 
     </span>
    </p>
   </div>
   <div class='ocr_carea' id='block_1_71' title="bbox 444 3907 2015 3981">
    <p class='ocr_par' dir='ltr' id='par_1_71' title="bbox 444 3907 2015 3981">
     <span class='ocr_line' id='line_1_72' title="bbox 444 3907 2015 3981; baseline -0.003 -16"><span class='ocrx_word' id='word_1_470' title='bbox 444 3907 536 3969; x_wconf 63' lang='grc' dir='ltr'><strong>καί</strong></span> <span class='ocrx_word' id='word_1_471' title='bbox 564 3907 918 3981; x_wconf 72' lang='grc' dir='ltr'>εἴρηνοποιὸς,</span> <span class='ocrx_word' id='word_1_472' title='bbox 949 3908 1029 3981; x_wconf 80' lang='grc' dir='ltr'><strong>ὅτι</strong></span> <span class='ocrx_word' id='word_1_473' title='bbox 1064 3907 1221 3981; x_wconf 84' lang='grc' dir='ltr'>πάλιν</span> <span class='ocrx_word' id='word_1_474' title='bbox 1256 3908 1418 3981; x_wconf 63' lang='grc' dir='ltr'>λέγει·</span> <span class='ocrx_word' id='word_1_475' title='bbox 1450 3908 1737 3976; x_wconf 80' lang='grc' dir='ltr'>Μακάριοι</span> <span class='ocrx_word' id='word_1_476' title='bbox 1765 3912 1819 3961; x_wconf 83' lang='grc' dir='ltr'>οἱ</span> <span class='ocrx_word' id='word_1_477' title='bbox 1859 3910 2015 3981; x_wconf 61' lang='grc' dir='ltr'>εἰρη-</span> 
     </span>
    </p>
   </div>
   <div class='ocr_carea' id='block_1_72' title="bbox 442 3977 2010 4045">
    <p class='ocr_par' dir='ltr' id='par_1_72' title="bbox 442 3977 2010 4045">
     <span class='ocr_line' id='line_1_73' title="bbox 442 3977 2010 4045; baseline -0.003 -11"><span class='ocrx_word' id='word_1_478' title='bbox 442 3977 689 4043; x_wconf 69' lang='grc' dir='ltr'>νοποιοί,</span> <span class='ocrx_word' id='word_1_479' title='bbox 729 3978 817 4031; x_wconf 83' lang='grc' dir='ltr'>ὅτι</span> <span class='ocrx_word' id='word_1_480' title='bbox 844 3977 1012 4031; x_wconf 79' lang='grc' dir='ltr'>αὐτοὶ</span> <span class='ocrx_word' id='word_1_481' title='bbox 1040 3978 1155 4030; x_wconf 78' lang='grc' dir='ltr'>υἱοὶ</span> <span class='ocrx_word' id='word_1_482' title='bbox 1187 3977 1331 4031; x_wconf 82' lang='grc' dir='ltr'>Θεοῦ</span> <span class='ocrx_word' id='word_1_483' title='bbox 1377 3980 1781 4045; x_wconf 79' lang='grc' dir='ltr'>κληθήσονται</span> <span class='ocrx_word' id='word_1_484' title='bbox 1817 4000 1835 4029; x_wconf 93' lang='grc'>.·</span> <span class='ocrx_word' id='word_1_485' title='bbox 1867 3980 1934 4030; x_wconf 89' lang='lat' dir='ltr'><strong>sit</strong></span> <span class='ocrx_word' id='word_1_486' title='bbox 1962 3989 2010 4031; x_wconf 91' lang='lat' dir='ltr'><strong>et</strong></span> 
     </span>
    </p>
   </div>
   <div class='ocr_carea' id='block_1_73' title="bbox 442 4046 2013 4121">
    <p class='ocr_par' dir='ltr' id='par_1_73' title="bbox 442 4046 2013 4121">
     <span class='ocr_line' id='line_1_74' title="bbox 442 4046 2013 4121; baseline -0.003 -16"><span class='ocrx_word' id='word_1_487' title='bbox 442 4050 1082 4121; x_wconf 59' lang='lat' dir='ltr'><strong>paciﬁcus,_quia_rursu_s</strong></span> <span class='ocrx_word' id='word_1_488' title='bbox 1120 4046 1245 4121; x_wconf 78' lang='lat' dir='ltr'><strong>dicit</strong></span> <span class='ocrx_word' id='word_1_489' title='bbox 1283 4046 1653 4121; x_wconf 73' lang='lat' dir='ltr'><strong>(Scriptura):</strong></span> <span class='ocrx_word' id='word_1_490' title='bbox 1684 4048 1838 4102; x_wconf 85' lang='lat' dir='ltr'><strong>Beati</strong></span> <span class='ocrx_word' id='word_1_491' title='bbox 1866 4050 2013 4116; x_wconf 85' lang='lat' dir='ltr'><strong>paci-</strong></span> 
     </span>
    </p>
   </div>
   <div class='ocr_carea' id='block_1_74' title="bbox 443 4116 1541 4192">
    <p class='ocr_par' dir='ltr' id='par_1_74' title="bbox 443 4116 1541 4192">
     <span class='ocr_line' id='line_1_75' title="bbox 443 4116 1541 4192; baseline -0.002 -19"><span class='ocrx_word' id='word_1_492' title='bbox 443 4116 950 4192; x_wconf 17' lang='lat' dir='ltr'><strong>]ici,&#39;quiaiipsi-ﬁlii</strong></span> <span class='ocrx_word' id='word_1_493' title='bbox 964 4116 1065 4192; x_wconf 70' lang='lat' dir='ltr'><strong>pei</strong></span> <span class='ocrx_word' id='word_1_494' title='bbox 1097 4116 1541 4192; x_wconf 35' lang='lat' dir='ltr'><strong>vocabunturiuln.</strong></span> 
     </span>
    </p>
   </div>
   <div class='ocr_carea' id='block_1_75' title="bbox 514 4186 2006 4263">
    <p class='ocr_par' dir='ltr' id='par_1_75' title="bbox 514 4186 2006 4263">
     <span class='ocr_line' id='line_1_76' title="bbox 514 4186 2006 4263; baseline -0.003 -18"><span class='ocrx_word' id='word_1_495' title='bbox 514 4186 626 4263; x_wconf 83' lang='lat'><strong>(97)</strong></span> <span class='ocrx_word' id='word_1_496' title='bbox 671 4186 944 4263; x_wconf 40' lang='grc' dir='ltr'>Παγίδα,</span> <span class='ocrx_word' id='word_1_497' title='bbox 964 4186 1169 4263; x_wconf 62' lang='lat' dir='ltr'><strong>Desunt</strong></span> <span class='ocrx_word' id='word_1_498' title='bbox 1196 4190 1288 4263; x_wconf 78' lang='grc' dir='ltr'>καὶ</span> <span class='ocrx_word' id='word_1_499' title='bbox 1316 4188 1517 4263; x_wconf 71' lang='grc' dir='ltr'>παγίδα</span> <span class='ocrx_word' id='word_1_500' title='bbox 1547 4198 1600 4243; x_wconf 89' lang='lat' dir='ltr'><strong>et</strong></span> <span class='ocrx_word' id='word_1_501' title='bbox 1621 4189 1649 4241; x_wconf 83' lang='grc' dir='ltr'><strong>ὁ</strong></span> <span class='ocrx_word' id='word_1_502' title='bbox 1678 4198 1805 4244; x_wconf 87' lang='lat' dir='ltr'><strong>ante</strong></span> <span class='ocrx_word' id='word_1_503' title='bbox 1837 4189 2006 4257; x_wconf 66' lang='grc' dir='ltr'>ὑψῶν,</span> 
     </span>
    </p>
   </div>
   <div class='ocr_carea' id='block_1_76' title="bbox 445 4256 1477 4329">
    <p class='ocr_par' dir='ltr' id='par_1_76' title="bbox 445 4256 1477 4329">
     <span class='ocr_line' id='line_1_77' title="bbox 445 4256 1477 4329; baseline -0.004 -13"><span class='ocrx_word' id='word_1_504' title='bbox 445 4263 499 4316; x_wconf 90' lang='lat' dir='ltr'><strong>in</strong></span> <span class='ocrx_word' id='word_1_505' title='bbox 522 4256 781 4329; x_wconf 25' lang='lat' dir='ltr'><strong>utroque;</strong></span> <span class='ocrx_word' id='word_1_506' title='bbox 808 4257 1212 4329; x_wconf 79' lang='lat' dir='ltr'><strong>Vindobonensi</strong></span> <span class='ocrx_word' id='word_1_507' title='bbox 1247 4256 1366 4329; x_wconf 69' lang='lat' dir='ltr'><strong>cod.</strong></span> <span class='ocrx_word' id='word_1_508' title='bbox 1401 4256 1477 4312; x_wconf 85' lang='lat' dir='ltr'><strong>In.</strong></span> 
     </span>
    </p>
   </div>
   <div class='ocr_carea' id='block_1_77' title="bbox 510 4325 2005 4403">
    <p class='ocr_par' dir='ltr' id='par_1_77' title="bbox 510 4325 2005 4403">
     <span class='ocr_line' id='line_1_78' title="bbox 510 4325 2005 4403; baseline -0.002 -19"><span class='ocrx_word' id='word_1_509' title='bbox 510 4330 623 4403; x_wconf 91' lang='lat'><strong>(98)</strong></span> <span class='ocrx_word' id='word_1_510' title='bbox 665 4325 816 4403; x_wconf 63' lang='grc' dir='ltr'><strong>Μέᾷς</strong></span> <span class='ocrx_word' id='word_1_511' title='bbox 846 4326 1033 4403; x_wconf 69' lang='grc' dir='ltr'>ἇνᾷριι</span> <span class='ocrx_word' id='word_1_512' title='bbox 1075 4326 1470 4395; x_wconf 73' lang='grc' dir='ltr'>γεγενημένον</span> <span class='ocrx_word' id='word_1_513' title='bbox 1510 4328 1791 4403; x_wconf 60' lang='grc' dir='ltr'>γυναικὸς</span> <span class='ocrx_word' id='word_1_514' title='bbox 1824 4346 2005 4397; x_wconf 80' lang='grc' dir='ltr'>μονο-</span> 
     </span>
    </p>
   </div>
   <div class='ocr_carea' id='block_1_78' title="bbox 438 4397 2003 4470">
    <p class='ocr_par' dir='ltr' id='par_1_78' title="bbox 438 4397 2003 4470">
     <span class='ocr_line' id='line_1_79' title="bbox 438 4397 2003 4470; baseline -0.001 -16"><span class='ocrx_word' id='word_1_515' title='bbox 438 4397 647 4470; x_wconf 62' lang='grc' dir='ltr'>τάλιοὺ.</span> <span class='ocrx_word' id='word_1_516' title='bbox 703 4398 859 4452; x_wconf 88' lang='lat' dir='ltr'><strong>Circa</strong></span> <span class='ocrx_word' id='word_1_517' title='bbox 904 4397 1227 4470; x_wconf 85' lang='lat' dir='ltr'><strong>clericorum</strong></span> <span class='ocrx_word' id='word_1_518' title='bbox 1270 4412 1466 4470; x_wconf 64' lang='lat' dir='ltr'><strong>uxores</strong></span> <span class='ocrx_word' id='word_1_519' title='bbox 1507 4399 1662 4470; x_wconf 77' lang='lat' dir='ltr'><strong>multi</strong></span> <span class='ocrx_word' id='word_1_520' title='bbox 1702 4399 2003 4470; x_wconf 70' lang='lat' dir='ltr'><strong>loquuntur</strong></span> 
     </span>
    </p>
   </div>
   <div class='ocr_carea' id='block_1_79' title="bbox 442 4466 2002 4536">
    <p class='ocr_par' dir='ltr' id='par_1_79' title="bbox 442 4466 2002 4536">
     <span class='ocr_line' id='line_1_80' title="bbox 442 4466 2002 4536; baseline 0.005 -22"><span class='ocrx_word' id='word_1_521' title='bbox 442 4466 607 4525; x_wconf 57' lang='lat' dir='ltr'><strong>multa</strong></span> <span class='ocrx_word' id='word_1_522' title='bbox 646 4488 658 4522; x_wconf 93' lang='lat'>:</span> <span class='ocrx_word' id='word_1_523' title='bbox 691 4482 791 4525; x_wconf 83' lang='lat' dir='ltr'><strong>nos</strong></span> <span class='ocrx_word' id='word_1_524' title='bbox 812 4482 1027 4536; x_wconf 91' lang='lat' dir='ltr'><strong>quoque</strong></span> <span class='ocrx_word' id='word_1_525' title='bbox 1049 4466 1295 4536; x_wconf 73' lang='lat' dir='ltr'><strong>quaedam</strong></span> <span class='ocrx_word' id='word_1_526' title='bbox 1322 4468 1462 4519; x_wconf 86' lang='lat' dir='ltr'><strong>infra</strong></span> <span class='ocrx_word' id='word_1_527' title='bbox 1493 4466 1891 4522; x_wconf 20' lang='lat' dir='ltr'><strong>dicemus.7Hic</strong></span> <span class='ocrx_word' id='word_1_528' title='bbox 1912 4485 2002 4522; x_wconf 75' lang='lat' dir='ltr'><strong>so~</strong></span> 
     </span>
    </p>
   </div>
   <div class='ocr_carea' id='block_1_80' title="bbox 2130 3765 3681 3826">
    <p class='ocr_par' dir='ltr' id='par_1_80' title="bbox 2130 3765 3681 3826">
     <span class='ocr_line' id='line_1_81' title="bbox 2130 3765 3681 3826; baseline 0.003 -6"><span class='ocrx_word' id='word_1_529' title='bbox 2130 3783 2237 3820; x_wconf 91' lang='lat' dir='ltr'><strong>non</strong></span> <span class='ocrx_word' id='word_1_530' title='bbox 2269 3767 2387 3822; x_wconf 85' lang='lat' dir='ltr'><strong>sine</strong></span> <span class='ocrx_word' id='word_1_531' title='bbox 2418 3782 2607 3821; x_wconf 89' lang='lat' dir='ltr'><strong>errore</strong></span> <span class='ocrx_word' id='word_1_532' title='bbox 2634 3766 2977 3822; x_wconf 77' lang='lat' dir='ltr'><strong>existimasse</strong></span> <span class='ocrx_word' id='word_1_533' title='bbox 3002 3765 3219 3819; x_wconf 80' lang='lat' dir='ltr'><strong>locuma</strong></span> <span class='ocrx_word' id='word_1_534' title='bbox 3242 3765 3436 3821; x_wconf 87' lang='lat' dir='ltr'><strong>Siricio</strong></span> <span class='ocrx_word' id='word_1_535' title='bbox 3458 3768 3681 3826; x_wconf 90' lang='lat' dir='ltr'><strong>citatum</strong></span> 
     </span>
    </p>
   </div>
   <div class='ocr_carea' id='block_1_81' title="bbox 2128 3834 3679 3907">
    <p class='ocr_par' dir='ltr' id='par_1_81' title="bbox 2128 3834 3679 3907">
     <span class='ocr_line' id='line_1_82' title="bbox 2128 3834 3679 3907; baseline 0.004 -17"><span class='ocrx_word' id='word_1_536' title='bbox 2128 3838 2403 3892; x_wconf 86' lang='lat' dir='ltr'><strong>diversum</strong></span> <span class='ocrx_word' id='word_1_537' title='bbox 2452 3853 2573 3892; x_wconf 88' lang='lat' dir='ltr'><strong>esse</strong></span> <span class='ocrx_word' id='word_1_538' title='bbox 2616 3851 2647 3889; x_wconf 92' lang='lat' dir='ltr'><strong>a</strong></span> <span class='ocrx_word' id='word_1_539' title='bbox 2684 3845 2831 3891; x_wconf 83' lang='lat' dir='ltr'><strong>textu</strong></span> <span class='ocrx_word' id='word_1_540' title='bbox 2861 3852 2958 3905; x_wconf 89' lang='lat' dir='ltr'><strong>per</strong></span> <span class='ocrx_word' id='word_1_541' title='bbox 2996 3834 3388 3907; x_wconf 81' lang='lat' dir='ltr'><strong>Tertullianum</strong></span> <span class='ocrx_word' id='word_1_542' title='bbox 3445 3840 3679 3907; x_wconf 90' lang='lat' dir='ltr'><strong>prolato.</strong></span> 
     </span>
    </p>
   </div>
   <div class='ocr_carea' id='block_1_82' title="bbox 2123 3906 3681 3976">
    <p class='ocr_par' dir='ltr' id='par_1_82' title="bbox 2123 3906 3681 3976">
     <span class='ocr_line' id='line_1_83' title="bbox 2123 3906 3681 3976; baseline 0.003 -15"><span class='ocrx_word' id='word_1_543' title='bbox 2123 3907 2466 3976; x_wconf 84' lang='lat' dir='ltr'><strong>Quapropter</strong></span> <span class='ocrx_word' id='word_1_544' title='bbox 2513 3914 2622 3961; x_wconf 91' lang='lat' dir='ltr'><strong>tota</strong></span> <span class='ocrx_word' id='word_1_545' title='bbox 2663 3907 2954 3961; x_wconf 89' lang='lat' dir='ltr'><strong>difficultas</strong></span> <span class='ocrx_word' id='word_1_546' title='bbox 2998 3906 3065 3960; x_wconf 90' lang='lat' dir='ltr'><strong>ad</strong></span> <span class='ocrx_word' id='word_1_547' title='bbox 3119 3906 3461 3975; x_wconf 34' lang='lat' dir='ltr'><strong>scriptorem’</strong></span> <span class='ocrx_word' id='word_1_548' title='bbox 3491 3908 3681 3965; x_wconf 84' lang='lat' dir='ltr'><strong>Afrum</strong></span> 
     </span>
    </p>
   </div>
   <div class='ocr_carea' id='block_1_83' title="bbox 2120 3976 3684 4041">
    <p class='ocr_par' dir='ltr' id='par_1_83' title="bbox 2120 3976 3684 4041">
     <span class='ocr_line' id='line_1_84' title="bbox 2120 3976 3684 4041; baseline 0.001 -10"><span class='ocrx_word' id='word_1_549' title='bbox 2120 3978 2278 4033; x_wconf 87' lang='lat' dir='ltr'><strong>redit.</strong></span> <span class='ocrx_word' id='word_1_550' title='bbox 2317 3976 2505 4033; x_wconf 86' lang='lat' dir='ltr'><strong>Visum</strong></span> <span class='ocrx_word' id='word_1_551' title='bbox 2552 3977 2811 4041; x_wconf 87' lang='lat' dir='ltr'><strong>Pamelio,</strong></span> <span class='ocrx_word' id='word_1_552' title='bbox 2845 3978 3077 4032; x_wconf 87' lang='lat' dir='ltr'><strong>adducta</strong></span> <span class='ocrx_word' id='word_1_553' title='bbox 3107 3976 3269 4031; x_wconf 86' lang='lat' dir='ltr'><strong>verba</strong></span> <span class='ocrx_word' id='word_1_554' title='bbox 3304 3993 3427 4032; x_wconf 90' lang='lat' dir='ltr'><strong>esse</strong></span> <span class='ocrx_word' id='word_1_555' title='bbox 3456 3986 3549 4032; x_wconf 90' lang='lat' dir='ltr'><strong>aut</strong></span> <span class='ocrx_word' id='word_1_556' title='bbox 3587 3983 3684 4034; x_wconf 87' lang='lat' dir='ltr'><strong>ad-</strong></span> 
     </span>
    </p>
   </div>
   <div class='ocr_carea' id='block_1_84' title="bbox 2110 4045 3683 4116">
    <p class='ocr_par' dir='ltr' id='par_1_84' title="bbox 2110 4045 3683 4116">
     <span class='ocr_line' id='line_1_85' title="bbox 2110 4045 3683 4116; baseline 0.001 -14"><span class='ocrx_word' id='word_1_557' title='bbox 2110 4046 2405 4115; x_wconf 72' lang='lat' dir='ltr'><strong>iectionem</strong></span> <span class='ocrx_word' id='word_1_558' title='bbox 2437 4048 2504 4101; x_wconf 92' lang='lat' dir='ltr'><strong>ad</strong></span> <span class='ocrx_word' id='word_1_559' title='bbox 2544 4062 2761 4116; x_wconf 79' lang='lat' dir='ltr'><strong>versum</strong></span> <span class='ocrx_word' id='word_1_560' title='bbox 2804 4046 2869 4099; x_wconf 74' lang='grc'><strong>14</strong></span> <span class='ocrx_word' id='word_1_561' title='bbox 2917 4062 3036 4116; x_wconf 88' lang='lat' dir='ltr'><strong>cap.</strong></span> <span class='ocrx_word' id='word_1_562' title='bbox 3054 4056 3162 4116; x_wconf 53' lang='lat' dir='ltr'><strong>ut</strong></span> <span class='ocrx_word' id='word_1_563' title='bbox 3164 4045 3385 4102; x_wconf 88' lang='lat' dir='ltr'><strong>Levitici</strong></span> <span class='ocrx_word' id='word_1_564' title='bbox 3416 4086 3431 4109; x_wconf 88' lang='lat'><strong>,</strong></span> <span class='ocrx_word' id='word_1_565' title='bbox 3474 4056 3570 4102; x_wconf 90' lang='lat' dir='ltr'><strong>aut</strong></span> <span class='ocrx_word' id='word_1_566' title='bbox 3598 4052 3683 4105; x_wconf 92' lang='lat' dir='ltr'><strong>in-</strong></span> 
     </span>
    </p>
   </div>
   <div class='ocr_carea' id='block_1_85' title="bbox 2114 4112 3679 4188">
    <p class='ocr_par' dir='ltr' id='par_1_85' title="bbox 2114 4112 3679 4188">
     <span class='ocr_line' id='line_1_86' title="bbox 2114 4112 3679 4188; baseline 0.003 -17"><span class='ocrx_word' id='word_1_567' title='bbox 2114 4112 2555 4188; x_wconf 83' lang='lat' dir='ltr'><strong>terpretationem</strong></span> <span class='ocrx_word' id='word_1_568' title='bbox 2615 4112 3090 4188; x_wconf 44' lang='lat' dir='ltr'><strong>Symmacbiuvel</strong></span> <span class='ocrx_word' id='word_1_569' title='bbox 3122 4113 3533 4188; x_wconf 78' lang='lat' dir='ltr'><strong>Tl_1_eodotionis.</strong></span> <span class='ocrx_word' id='word_1_570' title='bbox 3600 4118 3679 4176; x_wconf 79' lang='lat' dir='ltr'><strong>Ex</strong></span> 
     </span>
    </p>
   </div>
   <div class='ocr_carea' id='block_1_86' title="bbox 2111 4184 3677 4255">
    <p class='ocr_par' dir='ltr' id='par_1_86' title="bbox 2111 4184 3677 4255">
     <span class='ocr_line' id='line_1_87' title="bbox 2111 4184 3677 4255; baseline 0.001 -13"><span class='ocrx_word' id='word_1_571' title='bbox 2111 4184 2382 4243; x_wconf 78' lang='lat' dir='ltr'><strong>sententia</strong></span> <span class='ocrx_word' id='word_1_572' title='bbox 2432 4196 2613 4242; x_wconf 89' lang='lat' dir='ltr'><strong>autem</strong></span> <span class='ocrx_word' id='word_1_573' title='bbox 2658 4184 2881 4242; x_wconf 47' lang='lat' dir='ltr'><strong>&#39;Seldeni</strong></span> <span class='ocrx_word' id='word_1_574' title='bbox 2925 4184 3118 4238; x_wconf 72' lang='lat' dir='ltr'><strong>Uxoris</strong></span> <span class='ocrx_word' id='word_1_575' title='bbox 3161 4184 3438 4241; x_wconf 70' lang='lat' dir='ltr'><strong>Hebraicis</strong></span> <span class='ocrx_word' id='word_1_576' title='bbox 3477 4188 3571 4243; x_wconf 91' lang='lat' dir='ltr'><strong>lib.</strong></span> <span class='ocrx_word' id='word_1_577' title='bbox 3637 4207 3677 4255; x_wconf 84' lang='grc' dir='ltr'><strong>ι,</strong></span> 
     </span>
    </p>
   </div>
   <div class='ocr_carea' id='block_1_87' title="bbox 2109 4255 3676 4327">
    <p class='ocr_par' dir='ltr' id='par_1_87' title="bbox 2109 4255 3676 4327">
     <span class='ocr_line' id='line_1_88' title="bbox 2109 4255 3676 4327; baseline 0.001 -16"><span class='ocrx_word' id='word_1_578' title='bbox 2109 4268 2231 4327; x_wconf 89' lang='lat' dir='ltr'><strong>cap.</strong></span> <span class='ocrx_word' id='word_1_579' title='bbox 2280 4258 2312 4311; x_wconf 92' lang='lat'>8</span> <span class='ocrx_word' id='word_1_580' title='bbox 2340 4297 2354 4318; x_wconf 87' lang='lat'><strong>.</strong></span> <span class='ocrx_word' id='word_1_581' title='bbox 2409 4258 2774 4327; x_wconf 78' lang='lat' dir='ltr'><strong>occasionem</strong></span> <span class='ocrx_word' id='word_1_582' title='bbox 2807 4255 3267 4327; x_wconf 31' lang='lat' dir='ltr'><strong>errandihtribuit</strong></span> <span class='ocrx_word' id='word_1_583' title='bbox 3321 4256 3676 4325; x_wconf 85' lang='lat' dir='ltr'><strong>Tertulliano,</strong></span> 
     </span>
    </p>
   </div>
   <div class='ocr_carea' id='block_1_88' title="bbox 2108 4324 3678 4399">
    <p class='ocr_par' dir='ltr' id='par_1_88' title="bbox 2108 4324 3678 4399">
     <span class='ocr_line' id='line_1_89' title="bbox 2108 4324 3678 4399; baseline 0.002 -19"><span class='ocrx_word' id='word_1_584' title='bbox 2108 4324 2257 4399; x_wconf 80' lang='lat' dir='ltr'><strong>quod</strong></span> <span class='ocrx_word' id='word_1_585' title='bbox 2312 4328 2488 4396; x_wconf 87' lang='lat' dir='ltr'><strong>capite</strong></span> <span class='ocrx_word' id='word_1_586' title='bbox 2518 4328 2611 4399; x_wconf 76' lang='lat' dir='ltr'><strong>illo</strong></span> <span class='ocrx_word' id='word_1_587' title='bbox 2654 4324 2894 4388; x_wconf 85' lang='lat' dir='ltr'><strong>Levitici,</strong></span> <span class='ocrx_word' id='word_1_588' title='bbox 2945 4324 3140 4399; x_wconf 82' lang='lat' dir='ltr'><strong>mulier</strong></span> <span class='ocrx_word' id='word_1_589' title='bbox 3170 4324 3451 4399; x_wconf 77' lang='lat' dir='ltr'><strong>si_ve_uxor</strong></span> <span class='ocrx_word' id='word_1_590' title='bbox 3492 4324 3678 4399; x_wconf 77' lang='lat' dir='ltr'><strong>singu-</strong></span> 
     </span>
    </p>
   </div>
   <div class='ocr_carea' id='block_1_89' title="bbox 2108 4393 3676 4461">
    <p class='ocr_par' dir='ltr' id='par_1_89' title="bbox 2108 4393 3676 4461">
     <span class='ocr_line' id='line_1_90' title="bbox 2108 4393 3676 4461; baseline 0.002 -10"><span class='ocrx_word' id='word_1_591' title='bbox 2108 4393 2206 4451; x_wconf 83' lang='lat' dir='ltr'><strong>lari</strong></span> <span class='ocrx_word' id='word_1_592' title='bbox 2262 4393 2493 4451; x_wconf 80' lang='lat' dir='ltr'><strong>nuniero</strong></span> <span class='ocrx_word' id='word_1_593' title='bbox 2536 4396 2835 4461; x_wconf 79' lang='lat' dir='ltr'><strong>ell&#39;eratqr;.</strong></span> <span class='ocrx_word' id='word_1_594' title='bbox 2872 4395 3013 4449; x_wconf 91' lang='lat' dir='ltr'><strong>unde</strong></span> <span class='ocrx_word' id='word_1_595' title='bbox 3048 4411 3171 4449; x_wconf 90' lang='lat' dir='ltr'><strong>cum</strong></span> <span class='ocrx_word' id='word_1_596' title='bbox 3208 4393 3415 4450; x_wconf 61' lang='lat' dir='ltr'><strong>Hebraei</strong></span> <span class='ocrx_word' id='word_1_597' title='bbox 3466 4393 3676 4454; x_wconf 70' lang='lat' dir='ltr'><strong>tantum</strong></span> 
     </span>
    </p>
   </div>
   <div class='ocr_carea' id='block_1_90' title="bbox 2108 4412 3675 4537">
    <p class='ocr_par' dir='ltr' id='par_1_90' title="bbox 2108 4412 3675 4537">
     <span class='ocr_line' id='line_1_91' title="bbox 2108 4412 3675 4461; baseline 0.002 -10"><span class='ocrx_word' id='word_1_598' title='bbox 2108 4412 2206 4451; x_wconf 80' lang='lat' dir='ltr'><strong>Ial‘l</strong></span> <span class='ocrx_word' id='word_1_599' title='bbox 2262 4412 2493 4451; x_wconf 88' lang='lat' dir='ltr'><strong>numero</strong></span> <span class='ocrx_word' id='word_1_600' title='bbox 2536 4412 2721 4451; x_wconf 80' lang='lat' dir='ltr'><strong>euerat</strong></span> <span class='ocrx_word' id='word_1_601' title='bbox 2764 4412 2835 4461; x_wconf 82' lang='lat' dir='ltr'><strong>r;.</strong></span> <span class='ocrx_word' id='word_1_602' title='bbox 2872 4412 3013 4449; x_wconf 88' lang='lat' dir='ltr'><strong>unae</strong></span> <span class='ocrx_word' id='word_1_603' title='bbox 3048 4412 3171 4449; x_wconf 91' lang='lat' dir='ltr'><strong>cum</strong></span> <span class='ocrx_word' id='word_1_604' title='bbox 3208 4412 3415 4450; x_wconf 67' lang='lat' dir='ltr'><strong>nenrazi</strong></span> <span class='ocrx_word' id='word_1_605' title='bbox 3466 4412 3675 4454; x_wconf 85' lang='lat' dir='ltr'><strong>tantum</strong></span> 
     </span>
     <span class='ocr_line' id='line_1_92' title="bbox 2108 4412 3675 4537; baseline 0.001 -16"><span class='ocrx_word' id='word_1_606' title='bbox 2108 4468 2366 4537; x_wconf 81' lang='lat' dir='ltr'><strong>colligant</strong></span> <span class='ocrx_word' id='word_1_607' title='bbox 2398 4482 2503 4520; x_wconf 91' lang='lat' dir='ltr'><strong>non</strong></span> <span class='ocrx_word' id='word_1_608' title='bbox 2537 4467 2699 4537; x_wconf 85' lang='lat' dir='ltr'><strong>licere</strong></span> <span class='ocrx_word' id='word_1_609' title='bbox 2729 4412 2976 4534; x_wconf 45' lang='grc' dir='ltr'>,δυηιὶίίοἰ</span> <span class='ocrx_word' id='word_1_610' title='bbox 3017 4468 3478 4537; x_wconf 69' lang='lat' dir='ltr'><strong>maximoplures</strong></span> <span class='ocrx_word' id='word_1_611' title='bbox 3512 4468 3675 4523; x_wconf 86' lang='lat' dir='ltr'><strong>simul</strong></span> 
     </span>
    </p>
   </div>
   <div class='ocr_carea' id='block_1_91' title="bbox 441 4534 3673 4607">
    <p class='ocr_par' dir='ltr' id='par_1_91' title="bbox 441 4534 3673 4607">
     <span class='ocr_line' id='line_1_93' title="bbox 441 4534 3673 4607; baseline 0 -14"><span class='ocrx_word' id='word_1_612' title='bbox 441 4538 716 4593; x_wconf 88' lang='lat' dir='ltr'><strong>lummodo</strong></span> <span class='ocrx_word' id='word_1_613' title='bbox 764 4534 1154 4607; x_wconf 79' lang='lat' dir='ltr'><strong>investigamus</strong></span> <span class='ocrx_word' id='word_1_614' title='bbox 1195 4552 1363 4606; x_wconf 89' lang='lat' dir='ltr'><strong>quare</strong></span> <span class='ocrx_word' id='word_1_615' title='bbox 1391 4537 1673 4607; x_wconf 84' lang='lat' dir='ltr'><strong>scripserit</strong></span> <span class='ocrx_word' id='word_1_616' title='bbox 1714 4537 2003 4593; x_wconf 83' lang='lat' dir='ltr'><strong>Tertullia-</strong></span> <span class='ocrx_word' id='word_1_617' title='bbox 2034 4534 2077 4586; x_wconf 87' lang='grc' dir='ltr'>Ι)</span> <span class='ocrx_word' id='word_1_618' title='bbox 2107 4534 2305 4591; x_wconf 71' lang='lat' dir='ltr'><strong>habere</strong></span> <span class='ocrx_word' id='word_1_619' title='bbox 2354 4552 2574 4598; x_wconf 82' lang='lat' dir='ltr'><strong>uxores,</strong></span> <span class='ocrx_word' id='word_1_620' title='bbox 2626 4536 2716 4607; x_wconf 88' lang='lat' dir='ltr'><strong>ille</strong></span> <span class='ocrx_word' id='word_1_621' title='bbox 2740 4536 3009 4589; x_wconf 89' lang='lat' dir='ltr'><strong>conclusit</strong></span> <span class='ocrx_word' id='word_1_622' title='bbox 3040 4535 3234 4607; x_wconf 85' lang='lat' dir='ltr'><strong>vetitas</strong></span> <span class='ocrx_word' id='word_1_623' title='bbox 3262 4534 3433 4591; x_wconf 75' lang='lat' dir='ltr'><strong>fuisse</strong></span> <span class='ocrx_word' id='word_1_624' title='bbox 3459 4541 3673 4594; x_wconf 80' lang='lat' dir='ltr'><strong>cunctis</strong></span> 
     </span>
    </p>
   </div>
   <div class='ocr_carea' id='block_1_92' title="bbox 439 4606 2001 4676">
    <p class='ocr_par' dir='ltr' id='par_1_92' title="bbox 439 4606 2001 4676">
     <span class='ocr_line' id='line_1_94' title="bbox 439 4606 2001 4676; baseline 0 -14"><span class='ocrx_word' id='word_1_625' title='bbox 439 4626 544 4664; x_wconf 87' lang='lat' dir='ltr'><strong>nus</strong></span> <span class='ocrx_word' id='word_1_626' title='bbox 582 4608 657 4662; x_wconf 80' lang='lat' dir='ltr'><strong>De</strong></span> <span class='ocrx_word' id='word_1_627' title='bbox 696 4606 1057 4662; x_wconf 73' lang='lat' dir='ltr'><strong>exhortatibne</strong></span> <span class='ocrx_word' id='word_1_628' title='bbox 1099 4607 1360 4660; x_wconf 79' lang='lat' dir='ltr'><strong>castitatis</strong></span> <span class='ocrx_word' id='word_1_629' title='bbox 1392 4622 1512 4676; x_wconf 91' lang='lat' dir='ltr'><strong>cap.</strong></span> <span class='ocrx_word' id='word_1_630' title='bbox 1565 4606 1595 4658; x_wconf 87' lang='lat'><strong>7</strong></span> <span class='ocrx_word' id='word_1_631' title='bbox 1628 4626 1639 4661; x_wconf 88' lang='lat'><strong>:</strong></span> <span class='ocrx_word' id='word_1_632' title='bbox 1677 4607 1905 4661; x_wconf 84' lang='lat' dir='ltr'><strong>Cautum</strong></span> <span class='ocrx_word' id='word_1_633' title='bbox 1947 4611 2001 4662; x_wconf 87' lang='lat' dir='ltr'><strong>iu</strong></span> 
     </span>
    </p>
   </div>
   <div class='ocr_carea' id='block_1_93' title="bbox 440 4677 1998 4744">
    <p class='ocr_par' dir='ltr' id='par_1_93' title="bbox 440 4677 1998 4744">
     <span class='ocr_line' id='line_1_95' title="bbox 440 4677 1998 4744; baseline -0.003 -9"><span class='ocrx_word' id='word_1_634' title='bbox 440 4678 667 4735; x_wconf 76' lang='lat' dir='ltr'><strong>Leuitico</strong></span> <span class='ocrx_word' id='word_1_635' title='bbox 697 4695 715 4730; x_wconf 90' lang='lat'><strong><em>:</em></strong></span> <span class='ocrx_word' id='word_1_636' title='bbox 740 4677 993 4744; x_wconf 81' lang='lat' dir='ltr'><strong>Sacerdos</strong></span> <span class='ocrx_word' id='word_1_637' title='bbox 1017 4679 1117 4730; x_wconf 91' lang='lat' dir='ltr'><strong>mei</strong></span> <span class='ocrx_word' id='word_1_638' title='bbox 1145 4694 1246 4731; x_wconf 85' lang='lat' dir='ltr'><strong>non</strong></span> <span class='ocrx_word' id='word_1_639' title='bbox 1273 4677 1390 4742; x_wconf 86' lang='lat' dir='ltr'><strong>plus</strong></span> <span class='ocrx_word' id='word_1_640' title='bbox 1420 4677 1640 4740; x_wconf 85' lang='lat' dir='ltr'><strong>nubunt,</strong></span> <span class='ocrx_word' id='word_1_641' title='bbox 1671 4680 1755 4732; x_wconf 81' lang='lat' dir='ltr'><strong>vel</strong></span> <span class='ocrx_word' id='word_1_642' title='bbox 1778 4677 1998 4744; x_wconf 83' lang='lat' dir='ltr'><strong>nubant,</strong></span> 
     </span>
    </p>
   </div>
   <div class='ocr_carea' id='block_1_94' title="bbox 438 4743 2001 4813">
    <p class='ocr_par' dir='ltr' id='par_1_94' title="bbox 438 4743 2001 4813">
     <span class='ocr_line' id='line_1_96' title="bbox 438 4743 2001 4813; baseline -0.001 -10"><span class='ocrx_word' id='word_1_643' title='bbox 438 4751 520 4804; x_wconf 91' lang='lat' dir='ltr'><strong>vel</strong></span> <span class='ocrx_word' id='word_1_644' title='bbox 547 4748 739 4803; x_wconf 81' lang='lat' dir='ltr'><strong>nubent</strong></span> <span class='ocrx_word' id='word_1_645' title='bbox 756 4761 776 4809; x_wconf 92' lang='lat'><strong><em>;</em></strong></span> <span class='ocrx_word' id='word_1_646' title='bbox 793 4749 832 4805; x_wconf 90' lang='lat' dir='ltr'><strong>l.</strong></span> <span class='ocrx_word' id='word_1_647' title='bbox 858 4743 930 4798; x_wconf 91' lang='lat' dir='ltr'><strong>De</strong></span> <span class='ocrx_word' id='word_1_648' title='bbox 951 4758 1182 4813; x_wconf 83' lang='lat' dir='ltr'><strong>monog.,</strong></span> <span class='ocrx_word' id='word_1_649' title='bbox 1199 4760 1249 4799; x_wconf 94' lang='lat' dir='ltr'><strong>c.</strong></span> <span class='ocrx_word' id='word_1_650' title='bbox 1267 4744 1297 4796; x_wconf 91' lang='lat'><strong>7</strong></span> <span class='ocrx_word' id='word_1_651' title='bbox 1320 4765 1332 4800; x_wconf 94' lang='lat'><strong>:</strong></span> <span class='ocrx_word' id='word_1_652' title='bbox 1364 4746 1610 4800; x_wconf 80' lang='lat' dir='ltr'><strong>Prohibet</strong></span> <span class='ocrx_word' id='word_1_653' title='bbox 1641 4748 1725 4801; x_wconf 78' lang='lat' dir='ltr'><strong>lea:</strong></span> <span class='ocrx_word' id='word_1_654' title='bbox 1753 4743 2001 4802; x_wconf 56' lang='lat' dir='ltr'><strong>sacerdo4</strong></span> 
     </span>
    </p>
   </div>
   <div class='ocr_carea' id='block_1_95' title="bbox 442 4816 2001 4887">
    <p class='ocr_par' dir='ltr' id='par_1_95' title="bbox 442 4816 2001 4887">
     <span class='ocr_line' id='line_1_97' title="bbox 442 4816 2001 4887; baseline 0 -15"><span class='ocrx_word' id='word_1_655' title='bbox 442 4830 515 4874; x_wconf 90' lang='lat' dir='ltr'><strong>tes</strong></span> <span class='ocrx_word' id='word_1_656' title='bbox 551 4819 718 4873; x_wconf 74' lang='lat' dir='ltr'><strong>denuo</strong></span> <span class='ocrx_word' id='word_1_657' title='bbox 750 4816 1048 4887; x_wconf 82' lang='lat' dir='ltr'><strong>nubere;_et</strong></span> <span class='ocrx_word' id='word_1_658' title='bbox 1073 4816 1303 4871; x_wconf 90' lang='lat' dir='ltr'><strong>Siricius</strong></span> <span class='ocrx_word' id='word_1_659' title='bbox 1342 4817 1500 4887; x_wconf 89' lang='lat' dir='ltr'><strong>epist.</strong></span> <span class='ocrx_word' id='word_1_660' title='bbox 1545 4832 1583 4878; x_wconf 82' lang='grc' dir='ltr'><strong>ι,</strong></span> <span class='ocrx_word' id='word_1_661' title='bbox 1627 4833 1748 4887; x_wconf 87' lang='lat' dir='ltr'><strong>cap.</strong></span> <span class='ocrx_word' id='word_1_662' title='bbox 1780 4818 1813 4871; x_wconf 91' lang='lat'><strong>8</strong></span> <span class='ocrx_word' id='word_1_663' title='bbox 1849 4836 1861 4871; x_wconf 87' lang='lat'><strong>:</strong></span> <span class='ocrx_word' id='word_1_664' title='bbox 1900 4817 2001 4872; x_wconf 90' lang='lat' dir='ltr'><strong>Ubi</strong></span> 
     </span>
    </p>
   </div>
   <div class='ocr_carea' id='block_1_96' title="bbox 438 4884 2000 4959">
    <p class='ocr_par' dir='ltr' id='par_1_96' title="bbox 438 4884 2000 4959">
     <span class='ocr_line' id='line_1_98' title="bbox 438 4884 2000 4959; baseline -0.001 -16"><span class='ocrx_word' id='word_1_665' title='bbox 438 4889 573 4943; x_wconf 77' lang='lat' dir='ltr'><strong>illud</strong></span> <span class='ocrx_word' id='word_1_666' title='bbox 612 4897 723 4959; x_wconf 86' lang='lat' dir='ltr'><strong>est,</strong></span> <span class='ocrx_word' id='word_1_667' title='bbox 775 4884 910 4959; x_wconf 86' lang='lat' dir='ltr'><strong>quod</strong></span> <span class='ocrx_word' id='word_1_668' title='bbox 953 4885 1089 4959; x_wconf 60' lang='lat' dir='ltr'><strong>Deus</strong></span> <span class='ocrx_word' id='word_1_669' title='bbox 1121 4897 1297 4959; x_wconf 81' lang='lat' dir='ltr'><strong>noster</strong></span> <span class='ocrx_word' id='word_1_670' title='bbox 1327 4884 1455 4940; x_wconf 82' lang='lat' dir='ltr'><strong>data</strong></span> <span class='ocrx_word' id='word_1_671' title='bbox 1486 4903 1582 4959; x_wconf 5' lang='lat' dir='ltr'><strong>(per</strong></span> <span class='ocrx_word' id='word_1_672' title='bbox 1625 4884 1861 4959; x_wconf 70' lang='lat' dir='ltr'><strong>Moysem</strong></span> <span class='ocrx_word' id='word_1_673' title='bbox 1892 4890 2000 4959; x_wconf 85' lang='lat' dir='ltr'><strong>lege</strong></span> 
     </span>
    </p>
   </div>
   <div class='ocr_carea' id='block_1_97' title="bbox 437 4954 2000 5021">
    <p class='ocr_par' dir='ltr' id='par_1_97' title="bbox 437 4954 2000 5021">
     <span class='ocr_line' id='line_1_99' title="bbox 437 4954 2000 5021; baseline 0.002 -9"><span class='ocrx_word' id='word_1_674' title='bbox 437 4958 729 5021; x_wconf 83' lang='lat' dir='ltr'><strong>constituit,</strong></span> <span class='ocrx_word' id='word_1_675' title='bbox 766 4954 955 5009; x_wconf 73' lang='lat' dir='ltr'><strong>~‘dicens</strong></span> <span class='ocrx_word' id='word_1_676' title='bbox 989 4971 1006 5007; x_wconf 91' lang='lat'><strong><em>:</em></strong></span> <span class='ocrx_word' id='word_1_677' title='bbox 1044 4954 1353 5010; x_wconf 84' lang='lat' dir='ltr'><strong>Sacerdotes</strong></span> <span class='ocrx_word' id='word_1_678' title='bbox 1396 4954 1497 5011; x_wconf 84' lang='lat' dir='ltr'><strong>mei</strong></span> <span class='ocrx_word' id='word_1_679' title='bbox 1534 4958 1691 5011; x_wconf 87' lang='lat' dir='ltr'><strong>semel</strong></span> <span class='ocrx_word' id='word_1_680' title='bbox 1720 4954 2000 5015; x_wconf 54' lang='lat' dir='ltr'><strong>&#39;mtbaut&#39;?</strong></span> 
     </span>
    </p>
   </div>
   <div class='ocr_carea' id='block_1_98' title="bbox 441 5025 1995 5097">
    <p class='ocr_par' dir='ltr' id='par_1_98' title="bbox 441 5025 1995 5097">
     <span class='ocr_line' id='line_1_100' title="bbox 441 5025 1995 5097; baseline 0.002 -18"><span class='ocrx_word' id='word_1_681' title='bbox 441 5040 503 5097; x_wconf 80' lang='lat' dir='ltr'><strong>ac</strong></span> <span class='ocrx_word' id='word_1_682' title='bbox 544 5028 891 5097; x_wconf 88' lang='lat' dir='ltr'><strong>Innocentius</strong></span> <span class='ocrx_word' id='word_1_683' title='bbox 914 5041 1035 5095; x_wconf 88' lang='lat' dir='ltr'><strong>cap.</strong></span> <span class='ocrx_word' id='word_1_684' title='bbox 1068 5026 1133 5097; x_wconf 86' lang='grc'>6,</span> <span class='ocrx_word' id='word_1_685' title='bbox 1170 5028 1331 5096; x_wconf 86' lang='lat' dir='ltr'><strong>epist.</strong></span> <span class='ocrx_word' id='word_1_686' title='bbox 1363 5026 1397 5079; x_wconf 75' lang='lat'><strong>2</strong></span> <span class='ocrx_word' id='word_1_687' title='bbox 1431 5048 1442 5080; x_wconf 90' lang='lat'>:</span> <span class='ocrx_word' id='word_1_688' title='bbox 1480 5025 1588 5081; x_wconf 84' lang='lat' dir='ltr'><strong>Nec</strong></span> <span class='ocrx_word' id='word_1_689' title='bbox 1619 5029 1663 5081; x_wconf 86' lang='lat' dir='ltr'><strong>is</strong></span> <span class='ocrx_word' id='word_1_690' title='bbox 1692 5030 1781 5097; x_wconf 85' lang='lat' dir='ltr'><strong>qui</strong></span> <span class='ocrx_word' id='word_1_691' title='bbox 1808 5045 1995 5082; x_wconf 84' lang='lat' dir='ltr'><strong>secun-</strong></span> 
     </span>
    </p>
   </div>
   <div class='ocr_carea' id='block_1_99' title="bbox 434 5096 1996 5167">
    <p class='ocr_par' dir='ltr' id='par_1_99' title="bbox 434 5096 1996 5167">
     <span class='ocr_line' id='line_1_101' title="bbox 434 5096 1996 5167; baseline 0.003 -19"><span class='ocrx_word' id='word_1_692' title='bbox 434 5096 554 5167; x_wconf 68' lang='lat' dir='ltr'><strong>dum</strong></span> <span class='ocrx_word' id='word_1_693' title='bbox 584 5096 739 5149; x_wconf 72' lang='lat' dir='ltr'><strong>duxit</strong></span> <span class='ocrx_word' id='word_1_694' title='bbox 766 5111 981 5167; x_wconf 71' lang='lat' dir='ltr'><strong>uxorem</strong></span> <span class='ocrx_word' id='word_1_695' title='bbox 1009 5096 1228 5167; x_wconf 59' lang='lat' dir='ltr'><strong>clericus</strong></span> <span class='ocrx_word' id='word_1_696' title='bbox 1259 5098 1356 5164; x_wconf 82' lang='lat' dir='ltr'><strong>ﬁat</strong></span> <span class='ocrx_word' id='word_1_697' title='bbox 1374 5111 1394 5160; x_wconf 88' lang='lat'><strong><em>;</em></strong></span> <span class='ocrx_word' id='word_1_698' title='bbox 1432 5100 1556 5167; x_wconf 88' lang='lat' dir='ltr'><strong>quia</strong></span> <span class='ocrx_word' id='word_1_699' title='bbox 1578 5096 1829 5166; x_wconf 83' lang='lat' dir='ltr'><strong>scriptum</strong></span> <span class='ocrx_word' id='word_1_700' title='bbox 1868 5112 1943 5152; x_wconf 87' lang='lat' dir='ltr'><strong>est</strong></span> <span class='ocrx_word' id='word_1_701' title='bbox 1977 5117 1996 5153; x_wconf 89' lang='lat'><em>:</em></span> 
     </span>
    </p>
   </div>
   <div class='ocr_carea' id='block_1_100' title="bbox 439 5157 1998 5235">
    <p class='ocr_par' dir='ltr' id='par_1_100' title="bbox 439 5157 1998 5235">
     <span class='ocr_line' id='line_1_102' title="bbox 439 5157 1998 5235; baseline 0.005 -19"><span class='ocrx_word' id='word_1_702' title='bbox 439 5157 517 5217; x_wconf 82' lang='lat' dir='ltr'><strong>Un</strong></span> <span class='ocrx_word' id='word_1_703' title='bbox 544 5183 603 5218; x_wconf 86' lang='lat' dir='ltr'><strong>us</strong></span> <span class='ocrx_word' id='word_1_704' title='bbox 634 5167 815 5235; x_wconf 63' lang='grc' dir='ltr'>αξτρὼ</span> <span class='ocrx_word' id='word_1_705' title='bbox 844 5166 1031 5235; x_wconf 83' lang='lat' dir='ltr'><strong>virum.</strong></span> <span class='ocrx_word' id='word_1_706' title='bbox 1067 5164 1136 5217; x_wconf 83' lang='lat' dir='ltr'><strong>Et</strong></span> <span class='ocrx_word' id='word_1_707' title='bbox 1164 5157 1351 5219; x_wconf 68' lang='lat' dir='ltr'><strong>iterum</strong></span> <span class='ocrx_word' id='word_1_708' title='bbox 1374 5157 1459 5235; x_wconf 33' lang='lat' dir='ltr'><strong>&#39;(in&#39;</strong></span> <span class='ocrx_word' id='word_1_709' title='bbox 1485 5157 1805 5223; x_wconf 81' lang='lat' dir='ltr'><strong>collectione</strong></span> <span class='ocrx_word' id='word_1_710' title='bbox 1834 5169 1998 5224; x_wconf 87' lang='lat' dir='ltr'><strong>Cres-</strong></span> 
     </span>
    </p>
   </div>
   <div class='ocr_carea' id='block_1_101' title="bbox 434 5230 1997 5359">
    <p class='ocr_par' dir='ltr' id='par_1_101' title="bbox 434 5230 1997 5359">
     <span class='ocr_line' id='line_1_103' title="bbox 434 5230 1997 5359; baseline 0.003 -72"><span class='ocrx_word' id='word_1_711' title='bbox 434 5238 599 5299; x_wconf 84' lang='lat' dir='ltr'><strong>conii,</strong></span> <span class='ocrx_word' id='word_1_712' title='bbox 644 5230 795 5359; x_wconf 75' lang='lat' dir='ltr'><strong>alibi)</strong></span> <span class='ocrx_word' id='word_1_713' title='bbox 836 5255 847 5289; x_wconf 93' lang='lat'>:</span> <span class='ocrx_word' id='word_1_714' title='bbox 876 5234 1183 5289; x_wconf 86' lang='lat' dir='ltr'><strong>Sacerdotes</strong></span> <span class='ocrx_word' id='word_1_715' title='bbox 1211 5239 1311 5290; x_wconf 88' lang='lat' dir='ltr'><strong>mei</strong></span> <span class='ocrx_word' id='word_1_716' title='bbox 1331 5230 1489 5291; x_wconf 80' lang='lat' dir='ltr'><strong>semel</strong></span> <span class='ocrx_word' id='word_1_717' title='bbox 1512 5238 1728 5292; x_wconf 82' lang='lat' dir='ltr'><strong>nubant.</strong></span> <span class='ocrx_word' id='word_1_718' title='bbox 1764 5237 1833 5291; x_wconf 87' lang='lat' dir='ltr'><strong>Et</strong></span> <span class='ocrx_word' id='word_1_719' title='bbox 1868 5240 1997 5291; x_wconf 82' lang='lat' dir='ltr'><strong>alibi</strong></span> 
     </span>
     <span class='ocr_line' id='line_1_104' title="bbox 434 5302 1992 5359; baseline 0 0"><span class='ocrx_word' id='word_1_720' title='bbox 434 5302 654 5359; x_wconf 69' lang='lat' dir='ltr'><strong>[eadem</strong></span> <span class='ocrx_word' id='word_1_721' title='bbox 682 5307 767 5359; x_wconf 93' lang='lat' dir='ltr'><strong>col</strong></span> <span class='ocrx_word' id='word_1_722' title='bbox 790 5305 953 5359; x_wconf 92' lang='lat' dir='ltr'><strong>ectio.</strong></span> <span class='ocrx_word' id='word_1_723' title='bbox 988 5305 1197 5359; x_wconf 76' lang='lat' dir='ltr'><strong>iterum)</strong></span> <span class='ocrx_word' id='word_1_724' title='bbox 1224 5321 1241 5358; x_wconf 90' lang='lat'><strong><em>:</em></strong></span> <span class='ocrx_word' id='word_1_725' title='bbox 1272 5307 1580 5359; x_wconf 85' lang='lat' dir='ltr'><strong>Sacerdotes</strong></span> <span class='ocrx_word' id='word_1_726' title='bbox 1621 5311 1720 5359; x_wconf 86' lang='lat' dir='ltr'><strong>mei</strong></span> <span class='ocrx_word' id='word_1_727' title='bbox 1759 5326 1860 5359; x_wconf 85' lang='lat' dir='ltr'><strong>non</strong></span> <span class='ocrx_word' id='word_1_728' title='bbox 1892 5326 1992 5359; x_wconf 87' lang='lat' dir='ltr'><strong>nu-</strong></span> 
     </span>
    </p>
   </div>
   <div class='ocr_carea' id='block_1_102' title="bbox 427 5302 1992 5421">
    <p class='ocr_par' dir='ltr' id='par_1_102' title="bbox 427 5302 1992 5421">
     <span class='ocr_line' id='line_1_105' title="bbox 427 5302 1992 5421; baseline 0.004 -66"><span class='ocrx_word' id='word_1_729' title='bbox 427 5302 654 5421; x_wconf 53' lang='lat' dir='ltr'><strong>(’eadem</strong></span> <span class='ocrx_word' id='word_1_730' title='bbox 682 5302 953 5369; x_wconf 83' lang='lat' dir='ltr'><strong>collectio,</strong></span> <span class='ocrx_word' id='word_1_731' title='bbox 988 5305 1197 5374; x_wconf 83' lang='lat' dir='ltr'><strong>iterum)</strong></span> <span class='ocrx_word' id='word_1_732' title='bbox 1224 5321 1241 5358; x_wconf 91' lang='lat'><strong><em>:</em></strong></span> <span class='ocrx_word' id='word_1_733' title='bbox 1272 5307 1580 5361; x_wconf 88' lang='lat' dir='ltr'><strong>Sacerdotes</strong></span> <span class='ocrx_word' id='word_1_734' title='bbox 1621 5311 1720 5361; x_wconf 84' lang='lat' dir='ltr'><strong>mei</strong></span> <span class='ocrx_word' id='word_1_735' title='bbox 1759 5326 1860 5361; x_wconf 84' lang='lat' dir='ltr'><strong>non</strong></span> <span class='ocrx_word' id='word_1_736' title='bbox 1892 5326 1992 5361; x_wconf 86' lang='lat' dir='ltr'><strong>nu-</strong></span> 
     </span>
     <span class='ocr_line' id='line_1_106' title="bbox 465 5375 1992 5421; baseline 0 0"><span class='ocrx_word' id='word_1_737' title='bbox 465 5384 554 5421; x_wconf 84' lang='lat' dir='ltr'><strong>ant</strong></span> <span class='ocrx_word' id='word_1_738' title='bbox 580 5376 805 5421; x_wconf 70' lang='lat' dir='ltr'><strong>amplius</strong></span> <span class='ocrx_word' id='word_1_739' title='bbox 828 5395 844 5421; x_wconf 73' lang='lat'><strong><em>3</em></strong></span> <span class='ocrx_word' id='word_1_740' title='bbox 878 5375 1043 5421; x_wconf 64' lang='lat' dir='ltr'><strong>anisi-</strong></span> <span class='ocrx_word' id='word_1_741' title='bbox 1078 5392 1206 5421; x_wconf 75' lang='lat' dir='ltr'><strong>vero</strong></span> <span class='ocrx_word' id='word_1_742' title='bbox 1233 5376 1304 5421; x_wconf 62' lang='lat'><strong>93</strong></span> <span class='ocrx_word' id='word_1_743' title='bbox 1328 5417 1341 5421; x_wconf 73' lang='lat'><strong>-</strong></span> <span class='ocrx_word' id='word_1_744' title='bbox 1375 5391 1493 5421; x_wconf 60' lang='lat' dir='ltr'><strong>(tan,</strong></span> <span class='ocrx_word' id='word_1_745' title='bbox 1528 5378 1560 5421; x_wconf 66' lang='grc' dir='ltr'>Β</span> <span class='ocrx_word' id='word_1_746' title='bbox 1590 5400 1599 5409; x_wconf 91' lang='grc'><strong>·</strong></span> <span class='ocrx_word' id='word_1_747' title='bbox 1626 5377 1889 5421; x_wconf 65' lang='lat' dir='ltr'><strong>Scrinium</strong></span> <span class='ocrx_word' id='word_1_748' title='bbox 1917 5390 1992 5421; x_wconf 57' lang='grc' dir='ltr'><strong>ρει</strong></span> 
     </span>
    </p>
   </div>
   <div class='ocr_carea' id='block_1_103' title="bbox 465 5375 1994 5446">
    <p class='ocr_par' dir='ltr' id='par_1_103' title="bbox 465 5375 1994 5446">
     <span class='ocr_line' id='line_1_107' title="bbox 465 5375 1994 5446; baseline 0.005 -22"><span class='ocrx_word' id='word_1_749' title='bbox 465 5376 810 5446; x_wconf 70' lang='lat' dir='ltr'><strong>antamplius</strong></span> <span class='ocrx_word' id='word_1_750' title='bbox 824 5395 844 5443; x_wconf 83' lang='lat'><em>;</em></span> <span class='ocrx_word' id='word_1_751' title='bbox 878 5375 1043 5444; x_wconf 70' lang='lat' dir='ltr'><strong>epist.</strong></span> <span class='ocrx_word' id='word_1_752' title='bbox 1078 5376 1304 5446; x_wconf 71' lang='lat' dir='ltr'><strong>vero_25</strong></span> <span class='ocrx_word' id='word_1_753' title='bbox 1327 5417 1342 5430; x_wconf 94' lang='lat'><strong>.</strong></span> <span class='ocrx_word' id='word_1_754' title='bbox 1375 5391 1497 5446; x_wconf 85' lang='lat' dir='ltr'><strong>Cap.</strong></span> <span class='ocrx_word' id='word_1_755' title='bbox 1528 5378 1560 5431; x_wconf 80' lang='lat'>5</span> <span class='ocrx_word' id='word_1_756' title='bbox 1590 5400 1599 5430; x_wconf 96' lang='lat'>:</span> <span class='ocrx_word' id='word_1_757' title='bbox 1626 5377 1890 5440; x_wconf 85' lang='lat' dir='ltr'><strong>Scriptum</strong></span> <span class='ocrx_word' id='word_1_758' title='bbox 1917 5390 1994 5432; x_wconf 84' lang='lat' dir='ltr'><strong>est</strong></span> 
     </span>
    </p>
   </div>
   <div class='ocr_carea' id='block_1_104' title="bbox 430 5440 1995 5517">
    <p class='ocr_par' dir='ltr' id='par_1_104' title="bbox 430 5440 1995 5517">
     <span class='ocr_line' id='line_1_108' title="bbox 430 5440 1995 5517; baseline 0.006 -25"><span class='ocrx_word' id='word_1_759' title='bbox 430 5440 480 5492; x_wconf 82' lang='lat' dir='ltr'><strong>in</strong></span> <span class='ocrx_word' id='word_1_760' title='bbox 546 5442 715 5517; x_wconf 78' lang='lat' dir='ltr'><strong>Veteri</strong></span> <span class='ocrx_word' id='word_1_761' title='bbox 753 5440 1160 5517; x_wconf 39' lang='lat' dir='ltr'><strong>festamentoA:</strong></span> <span class='ocrx_word' id='word_1_762' title='bbox 1209 5440 1726 5517; x_wconf 52' lang='lat' dir='ltr'><strong>Uxorem&#39;rirgiuem</strong></span> <span class='ocrx_word' id='word_1_763' title='bbox 1770 5450 1995 5517; x_wconf 81' lang='lat' dir='ltr'><strong>accipiat</strong></span> 
     </span>
    </p>
   </div>
   <div class='ocr_carea' id='block_1_105' title="bbox 430 5513 1997 5572">
    <p class='ocr_par' dir='ltr' id='par_1_105' title="bbox 430 5513 1997 5572">
     <span class='ocr_line' id='line_1_109' title="bbox 430 5513 1997 5572; baseline 0.008 -13"><span class='ocrx_word' id='word_1_764' title='bbox 430 5513 697 5568; x_wconf 85' lang='lat' dir='ltr'><strong>sacerdos.</strong></span> <span class='ocrx_word' id='word_1_765' title='bbox 745 5513 815 5567; x_wconf 86' lang='lat' dir='ltr'><strong>Et</strong></span> <span class='ocrx_word' id='word_1_766' title='bbox 860 5514 1036 5567; x_wconf 86' lang='lat' dir='ltr'><strong>alibi:</strong></span> <span class='ocrx_word' id='word_1_767' title='bbox 1083 5513 1387 5569; x_wconf 85' lang='lat' dir='ltr'><strong>Sacerdotes</strong></span> <span class='ocrx_word' id='word_1_768' title='bbox 1430 5519 1529 5570; x_wconf 87' lang='lat' dir='ltr'><strong>mei</strong></span> <span class='ocrx_word' id='word_1_769' title='bbox 1559 5513 1727 5571; x_wconf 55' lang='lat' dir='ltr'><strong>&#39;scmel</strong></span> <span class='ocrx_word' id='word_1_770' title='bbox 1771 5513 1997 5572; x_wconf 82' lang='lat' dir='ltr'><strong>nubant:</strong></span> 
     </span>
    </p>
   </div>
   <div class='ocr_carea' id='block_1_106' title="bbox 434 5582 1991 5657">
    <p class='ocr_par' dir='ltr' id='par_1_106' title="bbox 434 5582 1991 5657">
     <span class='ocr_line' id='line_1_110' title="bbox 434 5582 1991 5657; baseline 0.006 -25"><span class='ocrx_word' id='word_1_771' title='bbox 434 5593 557 5657; x_wconf 58' lang='lat' dir='ltr'><strong>cum</strong></span> <span class='ocrx_word' id='word_1_772' title='bbox 612 5599 714 5638; x_wconf 90' lang='lat' dir='ltr'><strong>nec</strong></span> <span class='ocrx_word' id='word_1_773' title='bbox 756 5586 812 5637; x_wconf 91' lang='lat' dir='ltr'><strong>in</strong></span> <span class='ocrx_word' id='word_1_774' title='bbox 853 5582 1115 5657; x_wconf 77' lang='lat' dir='ltr'><strong>Levitico,</strong></span> <span class='ocrx_word' id='word_1_775' title='bbox 1163 5602 1261 5657; x_wconf 79' lang='lat' dir='ltr'><strong>nec</strong></span> <span class='ocrx_word' id='word_1_776' title='bbox 1296 5587 1347 5638; x_wconf 92' lang='lat' dir='ltr'><strong>in</strong></span> <span class='ocrx_word' id='word_1_777' title='bbox 1388 5594 1497 5638; x_wconf 88' lang='lat' dir='ltr'><strong>tota</strong></span> <span class='ocrx_word' id='word_1_778' title='bbox 1530 5589 1664 5657; x_wconf 71' lang='lat' dir='ltr'><strong>lege,</strong></span> <span class='ocrx_word' id='word_1_779' title='bbox 1708 5604 1806 5657; x_wconf 87' lang='lat' dir='ltr'><strong>nec</strong></span> <span class='ocrx_word' id='word_1_780' title='bbox 1841 5591 1991 5642; x_wconf 89' lang='lat' dir='ltr'><strong>ullibi</strong></span> 
     </span>
    </p>
   </div>
   <div class='ocr_carea' id='block_1_107' title="bbox 432 5652 1982 5728">
    <p class='ocr_par' dir='ltr' id='par_1_107' title="bbox 432 5652 1982 5728">
     <span class='ocr_line' id='line_1_111' title="bbox 432 5652 1982 5728; baseline 0.005 -26"><span class='ocrx_word' id='word_1_781' title='bbox 432 5652 857 5728; x_wconf 68' lang='lat' dir='ltr'><strong>Scripturarum,</strong></span> <span class='ocrx_word' id='word_1_782' title='bbox 890 5654 1167 5728; x_wconf 70' lang='lat' dir='ltr'><strong>quidpiam</strong></span> <span class='ocrx_word' id='word_1_783' title='bbox 1199 5655 1466 5728; x_wconf 65' lang='lat' dir='ltr'><strong>ejusmodi</strong></span> <span class='ocrx_word' id='word_1_784' title='bbox 1491 5652 1737 5728; x_wconf 68' lang='lat' dir='ltr'><strong>legatur.</strong></span> <span class='ocrx_word' id='word_1_785' title='bbox 1770 5656 1835 5710; x_wconf 87' lang='lat' dir='ltr'><strong>Et</strong></span> <span class='ocrx_word' id='word_1_786' title='bbox 1868 5659 1982 5728; x_wconf 89' lang='lat' dir='ltr'><strong>qui-</strong></span> 
     </span>
    </p>
   </div>
   <div class='ocr_carea' id='block_1_108' title="bbox 429 5720 1991 5796">
    <p class='ocr_par' dir='ltr' id='par_1_108' title="bbox 429 5720 1991 5796">
     <span class='ocr_line' id='line_1_112' title="bbox 429 5720 1991 5796; baseline 0.004 -21"><span class='ocrx_word' id='word_1_787' title='bbox 429 5720 699 5796; x_wconf 31' lang='lat' dir='ltr'><strong>denddici</strong></span> <span class='ocrx_word' id='word_1_788' title='bbox 726 5720 1184 5796; x_wconf 40' lang='lat' dir='ltr'><strong>potesQSiricium</strong></span> <span class='ocrx_word' id='word_1_789' title='bbox 1218 5720 1291 5796; x_wconf 56' lang='lat' dir='ltr'><strong>es</strong></span> <span class='ocrx_word' id='word_1_790' title='bbox 1317 5720 1649 5781; x_wconf 58' lang='lat' dir='ltr'><strong>Ter-tulliano</strong></span> <span class='ocrx_word' id='word_1_791' title='bbox 1681 5720 1955 5796; x_wconf 75' lang='lat' dir='ltr'><strong>accepisse</strong></span> <span class='ocrx_word' id='word_1_792' title='bbox 1976 5769 1991 5791; x_wconf 91' lang='lat'><strong>,</strong></span> 
     </span>
    </p>
   </div>
   <div class='ocr_carea' id='block_1_109' title="bbox 432 5792 1993 5869">
    <p class='ocr_par' dir='ltr' id='par_1_109' title="bbox 432 5792 1993 5869">
     <span class='ocr_line' id='line_1_113' title="bbox 432 5792 1993 5869; baseline 0.004 -23"><span class='ocrx_word' id='word_1_793' title='bbox 432 5804 493 5846; x_wconf 74' lang='lat' dir='ltr'><strong>ex</strong></span> <span class='ocrx_word' id='word_1_794' title='bbox 549 5792 748 5849; x_wconf 72' lang='lat' dir='ltr'><strong>Siricno</strong></span> <span class='ocrx_word' id='word_1_795' title='bbox 793 5809 856 5847; x_wconf 91' lang='lat' dir='ltr'><strong>ac</strong></span> <span class='ocrx_word' id='word_1_796' title='bbox 899 5792 1229 5848; x_wconf 85' lang='lat' dir='ltr'><strong>Tcrtulliauc</strong></span> <span class='ocrx_word' id='word_1_797' title='bbox 1282 5794 1692 5869; x_wconf 71' lang='lat' dir='ltr'><strong>Innocentium,</strong></span> <span class='ocrx_word' id='word_1_798' title='bbox 1742 5792 1993 5869; x_wconf 76' lang='lat' dir='ltr'><strong>liuncquc</strong></span> 
     </span>
    </p>
   </div>
   <div class='ocr_carea' id='block_1_110' title="bbox 2104 4606 3674 4676">
    <p class='ocr_par' dir='ltr' id='par_1_110' title="bbox 2104 4606 3674 4676">
     <span class='ocr_line' id='line_1_114' title="bbox 2104 4606 3674 4676; baseline -0.001 -14"><span class='ocrx_word' id='word_1_799' title='bbox 2104 4607 2481 4663; x_wconf 87' lang='lat' dir='ltr'><strong>sacerdotibus</strong></span> <span class='ocrx_word' id='word_1_800' title='bbox 2511 4606 2781 4661; x_wconf 91' lang='lat' dir='ltr'><strong>secundas</strong></span> <span class='ocrx_word' id='word_1_801' title='bbox 2814 4608 3054 4676; x_wconf 85' lang='lat' dir='ltr'><strong>nuptias.</strong></span> <span class='ocrx_word' id='word_1_802' title='bbox 3099 4606 3384 4676; x_wconf 81' lang='lat' dir='ltr'><strong>Addoego</strong></span> <span class='ocrx_word' id='word_1_803' title='bbox 3414 4607 3519 4666; x_wconf 90' lang='lat' dir='ltr'><strong>his.</strong></span> <span class='ocrx_word' id='word_1_804' title='bbox 3562 4608 3674 4662; x_wconf 81' lang='lat' dir='ltr'><strong>for-</strong></span> 
     </span>
    </p>
   </div>
   <div class='ocr_carea' id='block_1_111' title="bbox 2103 4675 3668 4747">
    <p class='ocr_par' dir='ltr' id='par_1_111' title="bbox 2103 4675 3668 4747">
     <span class='ocr_line' id='line_1_115' title="bbox 2103 4675 3668 4747; baseline -0.001 -16"><span class='ocrx_word' id='word_1_805' title='bbox 2103 4693 2202 4732; x_wconf 88' lang='lat' dir='ltr'><strong>san</strong></span> <span class='ocrx_word' id='word_1_806' title='bbox 2226 4694 2255 4731; x_wconf 93' lang='lat' dir='ltr'><strong>a</strong></span> <span class='ocrx_word' id='word_1_807' title='bbox 2279 4676 2640 4747; x_wconf 82' lang='lat' dir='ltr'><strong>Tertulliano,</strong></span> <span class='ocrx_word' id='word_1_808' title='bbox 2672 4692 2781 4730; x_wconf 91' lang='lat' dir='ltr'><strong>non</strong></span> <span class='ocrx_word' id='word_1_809' title='bbox 2806 4676 2877 4747; x_wconf 89' lang='lat' dir='ltr'><strong>ad</strong></span> <span class='ocrx_word' id='word_1_810' title='bbox 2900 4678 3148 4738; x_wconf 82' lang='lat' dir='ltr'><strong>verbum,</strong></span> <span class='ocrx_word' id='word_1_811' title='bbox 3185 4675 3280 4730; x_wconf 84' lang='lat' dir='ltr'><strong>sed</strong></span> <span class='ocrx_word' id='word_1_812' title='bbox 3308 4675 3376 4731; x_wconf 84' lang='lat' dir='ltr'><strong>ex</strong></span> <span class='ocrx_word' id='word_1_813' title='bbox 3408 4692 3668 4747; x_wconf 62' lang='lat' dir='ltr'><strong>prmsum-</strong></span> 
     </span>
    </p>
   </div>
   <div class='ocr_carea' id='block_1_112' title="bbox 2102 4746 3668 4818">
    <p class='ocr_par' dir='ltr' id='par_1_112' title="bbox 2102 4746 3668 4818">
     <span class='ocr_line' id='line_1_116' title="bbox 2102 4746 3668 4818; baseline 0.001 -17"><span class='ocrx_word' id='word_1_814' title='bbox 2102 4756 2197 4816; x_wconf 86' lang='lat' dir='ltr'><strong>pto</strong></span> <span class='ocrx_word' id='word_1_815' title='bbox 2226 4763 2390 4818; x_wconf 73' lang='lat' dir='ltr'><strong>sensp</strong></span> <span class='ocrx_word' id='word_1_816' title='bbox 2422 4746 2722 4801; x_wconf 87' lang='lat' dir='ltr'><strong>Leviticum</strong></span> <span class='ocrx_word' id='word_1_817' title='bbox 2762 4746 2956 4818; x_wconf 79' lang='lat' dir='ltr'><strong>librum</strong></span> <span class='ocrx_word' id='word_1_818' title='bbox 2989 4748 3059 4800; x_wconf 86' lang='lat' dir='ltr'><strong>ita</strong></span> <span class='ocrx_word' id='word_1_819' title='bbox 3092 4748 3284 4818; x_wconf 73' lang='lat' dir='ltr'><strong>citari;</strong></span> <span class='ocrx_word' id='word_1_820' title='bbox 3323 4746 3565 4818; x_wconf 33' lang='lat' dir='ltr'><strong>vel’quia</strong></span> <span class='ocrx_word' id='word_1_821' title='bbox 3591 4748 3668 4803; x_wconf 83' lang='lat' dir='ltr'><strong>le-</strong></span> 
     </span>
    </p>
   </div>
   <div class='ocr_carea' id='block_1_113' title="bbox 2101 4810 3669 4887">
    <p class='ocr_par' dir='ltr' id='par_1_113' title="bbox 2101 4810 3669 4887">
     <span class='ocr_line' id='line_1_117' title="bbox 2101 4810 3669 4887; baseline -0.001 -15"><span class='ocrx_word' id='word_1_822' title='bbox 2101 4810 2284 4887; x_wconf 45' lang='lat' dir='ltr'><strong>gebat,</strong></span> <span class='ocrx_word' id='word_1_823' title='bbox 2325 4810 2478 4880; x_wconf 74' lang='grc' dir='ltr'>οὗτος</span> <span class='ocrx_word' id='word_1_824' title='bbox 2505 4821 2736 4885; x_wconf 87' lang='grc' dir='ltr'>γυναῖκα</span> <span class='ocrx_word' id='word_1_825' title='bbox 2771 4815 3039 4887; x_wconf 78' lang='grc' dir='ltr'>παρθένος</span> <span class='ocrx_word' id='word_1_826' title='bbox 3070 4818 3132 4869; x_wconf 78' lang='grc' dir='ltr'>ἐκ</span> <span class='ocrx_word' id='word_1_827' title='bbox 3163 4816 3257 4868; x_wconf 83' lang='grc' dir='ltr'>τοῦ</span> <span class='ocrx_word' id='word_1_828' title='bbox 3286 4810 3474 4885; x_wconf 69' lang='grc' dir='ltr'>γένους</span> <span class='ocrx_word' id='word_1_829' title='bbox 3506 4819 3669 4870; x_wconf 75' lang='grc' dir='ltr'>αὐτοῦ</span> 
     </span>
    </p>
   </div>
   <div class='ocr_carea' id='block_1_114' title="bbox 2099 4885 3675 4959">
    <p class='ocr_par' dir='ltr' id='par_1_114' title="bbox 2099 4885 3675 4959">
     <span class='ocr_line' id='line_1_118' title="bbox 2099 4885 3675 4959; baseline 0 -18"><span class='ocrx_word' id='word_1_830' title='bbox 2099 4885 2344 4959; x_wconf 81' lang='grc' dir='ltr'>λήψεται,</span> <span class='ocrx_word' id='word_1_831' title='bbox 2378 4902 2477 4959; x_wconf 90' lang='lat' dir='ltr'><strong>pro</strong></span> <span class='ocrx_word' id='word_1_832' title='bbox 2505 4888 2793 4959; x_wconf 82' lang='grc' dir='ltr'>παρθένον,</span> <span class='ocrx_word' id='word_1_833' title='bbox 2823 4885 2995 4959; x_wconf 84' lang='lat' dir='ltr'><strong>Levit.</strong></span> <span class='ocrx_word' id='word_1_834' title='bbox 3025 4887 3261 4959; x_wconf 15' lang='lat'><strong>“71,13,</strong></span> <span class='ocrx_word' id='word_1_835' title='bbox 3292 4897 3382 4940; x_wconf 86' lang='lat' dir='ltr'><strong>aut</strong></span> <span class='ocrx_word' id='word_1_836' title='bbox 3404 4889 3528 4957; x_wconf 90' lang='lat' dir='ltr'><strong>quia</strong></span> <span class='ocrx_word' id='word_1_837' title='bbox 3552 4905 3675 4959; x_wconf 71' lang='lat' dir='ltr'><strong>vcr-</strong></span> 
     </span>
    </p>
   </div>
   <div class='ocr_carea' id='block_1_115' title="bbox 2100 4957 3668 5027">
    <p class='ocr_par' dir='ltr' id='par_1_115' title="bbox 2100 4957 3668 5027">
     <span class='ocr_line' id='line_1_119' title="bbox 2100 4957 3668 5027; baseline 0.001 -14"><span class='ocrx_word' id='word_1_838' title='bbox 2100 4957 2164 5013; x_wconf 84' lang='lat' dir='ltr'><strong>su</strong></span> <span class='ocrx_word' id='word_1_839' title='bbox 2192 4960 2280 5021; x_wconf 80' lang='lat' dir='ltr'><strong>I5,</strong></span> <span class='ocrx_word' id='word_1_840' title='bbox 2316 4958 2564 5012; x_wconf 82' lang='lat' dir='ltr'><strong>nonnihil</strong></span> <span class='ocrx_word' id='word_1_841' title='bbox 2588 4957 2863 5027; x_wconf 85' lang='lat' dir='ltr'><strong>repererat</strong></span> <span class='ocrx_word' id='word_1_842' title='bbox 2891 4958 3068 5012; x_wconf 87' lang='lat' dir='ltr'><strong>simile</strong></span> <span class='ocrx_word' id='word_1_843' title='bbox 3091 4958 3163 5011; x_wconf 91' lang='lat' dir='ltr'><strong>illi</strong></span> <span class='ocrx_word' id='word_1_844' title='bbox 3184 4973 3248 5011; x_wconf 81' lang='lat' dir='ltr'><strong>ex</strong></span> <span class='ocrx_word' id='word_1_845' title='bbox 3269 4973 3376 5025; x_wconf 90' lang='lat' dir='ltr'><strong>quo</strong></span> <span class='ocrx_word' id='word_1_846' title='bbox 3401 4957 3668 5014; x_wconf 78' lang='lat' dir='ltr'><strong>Arabicus</strong></span> 
     </span>
    </p>
   </div>
   <div class='ocr_carea' id='block_1_116' title="bbox 2102 5027 3667 5101">
    <p class='ocr_par' dir='ltr' id='par_1_116' title="bbox 2102 5027 3667 5101">
     <span class='ocr_line' id='line_1_120' title="bbox 2102 5027 3667 5101; baseline -0.001 -18"><span class='ocrx_word' id='word_1_847' title='bbox 2102 5028 2536 5101; x_wconf 69' lang='lat' dir='ltr'><strong>interpresfecit</strong></span> <span class='ocrx_word' id='word_1_848' title='bbox 2590 5027 2717 5101; x_wconf 85' lang='lat' dir='ltr'><strong>:_Et</strong></span> <span class='ocrx_word' id='word_1_849' title='bbox 2757 5042 2819 5079; x_wconf 86' lang='lat' dir='ltr'><strong>ne</strong></span> <span class='ocrx_word' id='word_1_850' title='bbox 2864 5027 3105 5101; x_wconf 65' lang='lat' dir='ltr'><strong>profapet</strong></span> <span class='ocrx_word' id='word_1_851' title='bbox 3147 5028 3360 5101; x_wconf 78' lang='lat' dir='ltr'><strong>stirpem</strong></span> <span class='ocrx_word' id='word_1_852' title='bbox 3391 5044 3541 5081; x_wconf 88' lang='lat' dir='ltr'><strong>suam</strong></span> <span class='ocrx_word' id='word_1_853' title='bbox 3560 5045 3667 5101; x_wconf 75' lang='lat' dir='ltr'><strong>per</strong></span> 
     </span>
    </p>
   </div>
   <div class='ocr_carea' id='block_1_117' title="bbox 2098 5096 3664 5168">
    <p class='ocr_par' dir='ltr' id='par_1_117' title="bbox 2098 5096 3664 5168">
     <span class='ocr_line' id='line_1_121' title="bbox 2098 5096 3664 5168; baseline 0 -16"><span class='ocrx_word' id='word_1_854' title='bbox 2098 5096 2274 5152; x_wconf 59' lang='lat' dir='ltr'><strong>alia»?</strong></span> <span class='ocrx_word' id='word_1_855' title='bbox 2284 5098 2565 5152; x_wconf 90' lang='lat' dir='ltr'><strong>mulierem</strong></span> <span class='ocrx_word' id='word_1_856' title='bbox 2606 5097 2671 5151; x_wconf 89' lang='lat' dir='ltr'><strong>de</strong></span> <span class='ocrx_word' id='word_1_857' title='bbox 2705 5106 2865 5168; x_wconf 12' lang='lat' dir='ltr'><strong>gente,</strong></span> <span class='ocrx_word' id='word_1_858' title='bbox 2888 5096 3108 5152; x_wconf 77' lang='lat' dir='ltr'><strong>sua.Vel</strong></span> <span class='ocrx_word' id='word_1_859' title='bbox 3137 5097 3372 5166; x_wconf 87' lang='lat' dir='ltr'><strong>denique</strong></span> <span class='ocrx_word' id='word_1_860' title='bbox 3405 5099 3664 5167; x_wconf 91' lang='lat' dir='ltr'><strong>quoniam</strong></span> 
     </span>
    </p>
   </div>
   <div class='ocr_carea' id='block_1_118' title="bbox 2098 5167 3661 5239">
    <p class='ocr_par' dir='ltr' id='par_1_118' title="bbox 2098 5167 3661 5239">
     <span class='ocr_line' id='line_1_122' title="bbox 2098 5167 3661 5239; baseline 0 -16"><span class='ocrx_word' id='word_1_861' title='bbox 2098 5169 2308 5237; x_wconf 86' lang='lat' dir='ltr'><strong>putavit</strong></span> <span class='ocrx_word' id='word_1_862' title='bbox 2352 5168 2665 5239; x_wconf 81' lang='lat' dir='ltr'><strong>virginitate</strong></span> <span class='ocrx_word' id='word_1_863' title='bbox 2711 5167 2902 5221; x_wconf 79' lang='lat' dir='ltr'><strong>uxoris</strong></span> <span class='ocrx_word' id='word_1_864' title='bbox 2937 5168 3148 5223; x_wconf 83' lang='lat' dir='ltr'><strong>ostendi</strong></span> <span class='ocrx_word' id='word_1_865' title='bbox 3180 5168 3422 5237; x_wconf 80' lang='grc' dir='ltr'>ἀγαμίαν</span> <span class='ocrx_word' id='word_1_866' title='bbox 3459 5169 3661 5223; x_wconf 89' lang='lat' dir='ltr'><strong>mariti.</strong></span> 
     </span>
    </p>
   </div>
   <div class='ocr_carea' id='block_1_119' title="bbox 2095 5239 2231 5293">
    <p class='ocr_par' dir='ltr' id='par_1_119' title="bbox 2095 5239 2231 5293">
     <span class='ocr_line' id='line_1_123' title="bbox 2095 5239 2231 5293; baseline 0 0"><span class='ocrx_word' id='word_1_867' title='bbox 2095 5239 2231 5293; x_wconf 72' lang='lat' dir='ltr'><strong>Cor.</strong></span> 
     </span>
    </p>
   </div>
   <div class='ocr_carea' id='block_1_120' title="bbox 2168 5306 3658 5377">
    <p class='ocr_par' dir='ltr' id='par_1_120' title="bbox 2168 5306 3658 5377">
     <span class='ocr_line' id='line_1_124' title="bbox 2168 5306 3658 5377; baseline 0.006 -23"><span class='ocrx_word' id='word_1_868' title='bbox 2168 5309 2281 5376; x_wconf 60' lang='grc'>(99)</span> <span class='ocrx_word' id='word_1_869' title='bbox 2318 5308 2690 5377; x_wconf 74' lang='grc' dir='ltr'>Μονογάμου.</span> <span class='ocrx_word' id='word_1_870' title='bbox 2740 5307 2834 5363; x_wconf 85' lang='lat' dir='ltr'><strong>Est</strong></span> <span class='ocrx_word' id='word_1_871' title='bbox 2879 5308 2932 5360; x_wconf 91' lang='lat' dir='ltr'><strong>in</strong></span> <span class='ocrx_word' id='word_1_872' title='bbox 2981 5307 3149 5361; x_wconf 88' lang='lat' dir='ltr'><strong>altero</strong></span> <span class='ocrx_word' id='word_1_873' title='bbox 3180 5306 3658 5377; x_wconf 35' lang='lat' dir='ltr'><strong>codLVindobon.</strong></span> 
     </span>
    </p>
   </div>
   <div class='ocr_carea' id='block_1_121' title="bbox 2099 5376 3663 5449">
    <p class='ocr_par' dir='ltr' id='par_1_121' title="bbox 2099 5376 3663 5449">
     <span class='ocr_line' id='line_1_125' title="bbox 2099 5376 3663 5449; baseline 0 -18"><span class='ocrx_word' id='word_1_874' title='bbox 2099 5381 2424 5449; x_wconf 73' lang='grc' dir='ltr'>μονὸγαμον,</span> <span class='ocrx_word' id='word_1_875' title='bbox 2457 5379 2527 5431; x_wconf 88' lang='lat' dir='ltr'><strong>ita</strong></span> <span class='ocrx_word' id='word_1_876' title='bbox 2555 5376 2621 5433; x_wconf 14' lang='lat' dir='ltr'><strong>fut</strong></span> <span class='ocrx_word' id='word_1_877' title='bbox 2667 5379 2934 5433; x_wconf 88' lang='lat' dir='ltr'><strong>releratur</strong></span> <span class='ocrx_word' id='word_1_878' title='bbox 2958 5378 3030 5449; x_wconf 89' lang='lat' dir='ltr'><strong>ad</strong></span> <span class='ocrx_word' id='word_1_879' title='bbox 3063 5378 3243 5449; x_wconf 76' lang='lat' dir='ltr'><strong>virum</strong></span> <span class='ocrx_word' id='word_1_880' title='bbox 3250 5420 3262 5449; x_wconf 44' lang='grc' dir='ltr'><em>τ</em></span> <span class='ocrx_word' id='word_1_881' title='bbox 3296 5376 3521 5447; x_wconf 75' lang='lat' dir='ltr'><strong>Vulgata</strong></span> <span class='ocrx_word' id='word_1_882' title='bbox 3556 5378 3663 5449; x_wconf 83' lang='lat' dir='ltr'><strong>lec-</strong></span> 
     </span>
    </p>
   </div>
   <div class='ocr_carea' id='block_1_122' title="bbox 2096 5445 3661 5517">
    <p class='ocr_par' dir='ltr' id='par_1_122' title="bbox 2096 5445 3661 5517">
     <span class='ocr_line' id='line_1_126' title="bbox 2096 5445 3661 5517; baseline 0 -16"><span class='ocrx_word' id='word_1_883' title='bbox 2096 5445 2171 5503; x_wconf 86' lang='lat' dir='ltr'><strong>tio</strong></span> <span class='ocrx_word' id='word_1_884' title='bbox 2204 5445 2270 5503; x_wconf 77' lang='lat' dir='ltr'><strong>ad</strong></span> <span class='ocrx_word' id='word_1_885' title='bbox 2299 5445 2581 5502; x_wconf 82' lang='lat' dir='ltr'><strong>mulierem</strong></span> <span class='ocrx_word' id='word_1_886' title='bbox 2613 5449 2798 5513; x_wconf 88' lang='lat' dir='ltr'><strong>refert,</strong></span> <span class='ocrx_word' id='word_1_887' title='bbox 2826 5448 2969 5517; x_wconf 87' lang='lat' dir='ltr'><strong>quod</strong></span> <span class='ocrx_word' id='word_1_888' title='bbox 2999 5446 3193 5502; x_wconf 83' lang='lat' dir='ltr'><strong>satius.</strong></span> <span class='ocrx_word' id='word_1_889' title='bbox 3227 5445 3490 5501; x_wconf 77' lang='lat' dir='ltr'><strong>Videntur</strong></span> <span class='ocrx_word' id='word_1_890' title='bbox 3515 5448 3661 5502; x_wconf 91' lang='lat' dir='ltr'><strong>enim</strong></span> 
     </span>
    </p>
   </div>
   <div class='ocr_carea' id='block_1_123' title="bbox 2095 5517 3659 5591">
    <p class='ocr_par' dir='ltr' id='par_1_123' title="bbox 2095 5517 3659 5591">
     <span class='ocr_line' id='line_1_127' title="bbox 2095 5517 3659 5591; baseline -0.003 -18"><span class='ocrx_word' id='word_1_891' title='bbox 2095 5520 2371 5591; x_wconf 74' lang='lat' dir='ltr'><strong>personati</strong></span> <span class='ocrx_word' id='word_1_892' title='bbox 2408 5518 2639 5586; x_wconf 88' lang='lat' dir='ltr'><strong>apostoli</strong></span> <span class='ocrx_word' id='word_1_893' title='bbox 2665 5520 2881 5591; x_wconf 75' lang='lat' dir='ltr'><strong>exigere</strong></span> <span class='ocrx_word' id='word_1_894' title='bbox 2904 5520 2970 5591; x_wconf 85' lang='lat' dir='ltr'><strong>ab</strong></span> <span class='ocrx_word' id='word_1_895' title='bbox 3011 5517 3265 5591; x_wconf 76' lang='lat' dir='ltr'><strong>episcopo</strong></span> <span class='ocrx_word' id='word_1_896' title='bbox 3308 5534 3415 5571; x_wconf 89' lang='lat' dir='ltr'><strong>non</strong></span> <span class='ocrx_word' id='word_1_897' title='bbox 3448 5526 3659 5571; x_wconf 81' lang='lat' dir='ltr'><strong>tantun-</strong></span> 
     </span>
    </p>
   </div>
   <div class='ocr_carea' id='block_1_124' title="bbox 2098 5586 3658 5658">
    <p class='ocr_par' dir='ltr' id='par_1_124' title="bbox 2098 5586 3658 5658">
     <span class='ocr_line' id='line_1_128' title="bbox 2098 5586 3658 5658; baseline 0.001 -17"><span class='ocrx_word' id='word_1_898' title='bbox 2098 5586 2153 5641; x_wconf 71' lang='grc' dir='ltr'>ἧι</span> <span class='ocrx_word' id='word_1_899' title='bbox 2182 5588 2450 5643; x_wconf 86' lang='lat' dir='ltr'><strong>abstineat</strong></span> <span class='ocrx_word' id='word_1_900' title='bbox 2482 5589 2721 5643; x_wconf 90' lang='lat' dir='ltr'><strong>secundo</strong></span> <span class='ocrx_word' id='word_1_901' title='bbox 2748 5586 3026 5658; x_wconf 77' lang='lat' dir='ltr'><strong>conjugio,</strong></span> <span class='ocrx_word' id='word_1_902' title='bbox 3058 5586 3152 5641; x_wconf 90' lang='lat' dir='ltr'><strong>sed</strong></span> <span class='ocrx_word' id='word_1_903' title='bbox 3180 5604 3249 5642; x_wconf 90' lang='lat' dir='ltr'><strong>ne</strong></span> <span class='ocrx_word' id='word_1_904' title='bbox 3270 5604 3394 5641; x_wconf 85' lang='lat' dir='ltr'><strong>cum</strong></span> <span class='ocrx_word' id='word_1_905' title='bbox 3424 5590 3658 5657; x_wconf 90' lang='lat' dir='ltr'><strong>primum</strong></span> 
     </span>
    </p>
   </div>
   <div class='ocr_carea' id='block_1_125' title="bbox 2096 5658 3660 5727">
    <p class='ocr_par' dir='ltr' id='par_1_125' title="bbox 2096 5658 3660 5727">
     <span class='ocr_line' id='line_1_129' title="bbox 2096 5658 3660 5727; baseline -0.001 -15"><span class='ocrx_word' id='word_1_906' title='bbox 2096 5674 2316 5713; x_wconf 76' lang='lat' dir='ltr'><strong>uxorem</strong></span> <span class='ocrx_word' id='word_1_907' title='bbox 2364 5658 2535 5720; x_wconf 87' lang='lat' dir='ltr'><strong>ducit,</strong></span> <span class='ocrx_word' id='word_1_908' title='bbox 2567 5658 2783 5712; x_wconf 87' lang='lat' dir='ltr'><strong>viduam</strong></span> <span class='ocrx_word' id='word_1_909' title='bbox 2833 5661 3020 5723; x_wconf 90' lang='lat' dir='ltr'><strong>ducat,</strong></span> <span class='ocrx_word' id='word_1_910' title='bbox 3062 5659 3205 5727; x_wconf 87' lang='lat' dir='ltr'><strong>quod</strong></span> <span class='ocrx_word' id='word_1_911' title='bbox 3251 5658 3498 5711; x_wconf 89' lang='lat' dir='ltr'><strong>illicitum</strong></span> <span class='ocrx_word' id='word_1_912' title='bbox 3544 5666 3660 5712; x_wconf 84' lang='lat' dir='ltr'><strong>erat</strong></span> 
     </span>
    </p>
   </div>
   <div class='ocr_carea' id='block_1_126' title="bbox 2097 5727 2989 5798">
    <p class='ocr_par' dir='ltr' id='par_1_126' title="bbox 2097 5727 2989 5798">
     <span class='ocr_line' id='line_1_130' title="bbox 2097 5727 2989 5798; baseline -0.004 -13"><span class='ocrx_word' id='word_1_913' title='bbox 2097 5728 2486 5789; x_wconf 86' lang='lat' dir='ltr'><strong>sacerdotibus,</strong></span> <span class='ocrx_word' id='word_1_914' title='bbox 2518 5727 2620 5798; x_wconf 76' lang='lat' dir='ltr'><strong>sub</strong></span> <span class='ocrx_word' id='word_1_915' title='bbox 2651 5731 2784 5798; x_wconf 78' lang='lat' dir='ltr'><strong>lege.</strong></span> <span class='ocrx_word' id='word_1_916' title='bbox 2822 5729 2989 5783; x_wconf 70' lang='lat' dir='ltr'><strong>Cum.</strong></span> 
     </span>
    </p>
   </div>
   <div class='ocr_carea' id='block_1_127' title="bbox 2165 5795 3655 5871">
    <p class='ocr_par' dir='ltr' id='par_1_127' title="bbox 2165 5795 3655 5871">
     <span class='ocr_line' id='line_1_131' title="bbox 2165 5795 3655 5871; baseline 0 -18"><span class='ocrx_word' id='word_1_917' title='bbox 2165 5799 2311 5869; x_wconf 73' lang='lat' dir='ltr'><strong>(I00)</strong></span> <span class='ocrx_word' id='word_1_918' title='bbox 2332 5800 2488 5868; x_wconf 59' lang='grc' dir='ltr'>Περί.</span> <span class='ocrx_word' id='word_1_919' title='bbox 2516 5795 2667 5853; x_wconf 87' lang='lat' dir='ltr'><strong>Unus</strong></span> <span class='ocrx_word' id='word_1_920' title='bbox 2693 5795 2850 5854; x_wconf 80' lang='lat' dir='ltr'><strong>codd.</strong></span> <span class='ocrx_word' id='word_1_921' title='bbox 2886 5798 3035 5871; x_wconf 81' lang='grc' dir='ltr'>παρὰ</span> <span class='ocrx_word' id='word_1_922' title='bbox 3064 5800 3179 5864; x_wconf 82' lang='grc' dir='ltr'>τάς,</span> <span class='ocrx_word' id='word_1_923' title='bbox 3201 5800 3379 5855; x_wconf 85' lang='lat' dir='ltr'><strong>minus</strong></span> <span class='ocrx_word' id='word_1_924' title='bbox 3402 5801 3555 5854; x_wconf 85' lang='lat' dir='ltr'><strong>bene.</strong></span> <span class='ocrx_word' id='word_1_925' title='bbox 3582 5797 3655 5853; x_wconf 79' lang='lat' dir='ltr'><strong>lo.</strong></span> 
     </span>
    </p>
   </div>
  </div>
