2041 3131
191 172 246 201 ωε.

653 174 954 204 CONSTITUTIONES
969 176 1311 208 ANSTOLICJE.—Lﬂ}.
1329 180 1361 209 ll.

1766 185 1819 214 608

189 229 258 258 Θεοῦ
273 229 376 265 ἢρξατο
399 230 506 266 πρῶτον
521 232 616 263 ποιεῖν,
636 233 683 258 καὶ
704 229 764 259 τότε
786 232 930 260 διδάσκειν·
946 234 975 266 ὥς

1036 235 1166 265 Dominus
1187 241 1214 265 et
1234 238 1331 266 doctor
1359 242 1454 267 noster
1474 239 1555 268 Iesus
1575 240 1715 276 Christus,
1732 242 1819 272 Filius

172 284 241 302 ,που
262 275 336 310 λέγει
360 276 416 310 (15)
432 277 446 302 ὁ
470 277 585 308 Λουκᾶς·
611 287 620 303 ι
640 276 691 304 Ὧν
718 278 819 314 ἤρξατο
843 280 857 305 ὁ
882 281 984 315 Ἰησοῦς

190 323 277 348 ποιεῖν
295 322 342 348 καὶ
360 321 520 349 διδάσκειν.»
539 323 584 349 Διό
599 331 690 358 φησιν·
712 333 721 350 ι
738 325 785 356 Ὃς
794 325 815 351 δ’
833 325 865 351 ἂν
882 327 982 362 ποιήσῃ

189 368 237 394 καὶ
255 367 358 403 διδάξῃ,
375 364 452 399 οὗτος
478 369 564 403 μέγας
586 369 750 405 κληθήσεται
766 372 793 397 ἐν
810 374 841 407 τῇ
862 372 983 409 βασιλείᾳ

188 414 236 440 τοῦ
255 414 333 441 Θεοῦ.
348 424 356 439 ι
375 415 496 446 Σκοποὺς
511 415 565 451 γὰρ
581 414 649 442 εἶναι
668 417 708 443 δεῖ
725 418 797 453 ὑμᾶς
806 418 845 453 τῷ
856 418 911 454 λαῷ
921 421 982 452 τοὺς

189 460 365 492 ἐπισκόπους,
377 461 417 486 ΰτι
433 461 481 487 καὶ
497 461 575 496 ὑμεῖς
593 463 693 489 σκοπὸν
703 463 778 498 ἔχετε
794 465 839 491 τὸν
854 466 979 501 Χριστόν.

189 507 245 533 Καὶ
266 507 346 542 ὑμεῖς
365 504 412 533 οὖν
426 507 533 540 γίνεσθε
557 509 654 535 σκοποὶ
673 509 770 543 ἀγαθοὶ
792 511 831 546 τῷ
855 511 912 547 λαῷ
934 512 980 538 τοῦ

189 552 266 579 Θεοῦ·
287 553 327 579 ὅτι
345 552 418 586 λέγει
434 553 535 588 Κύριος
552 553 596 580 διὰ
617 554 664 581 τοῦ
689 556 814 592 Ἰεζεκιὴλ
832 558 900 592 πρὸς
917 558 981 584 ἐκα-

190 606 250 625 στον
266 598 342 633 ὑμῶν
356 598 477 633 φάσκων·
497 609 505 624 ι
519 600 566 626 Υἱὲ
580 600 733 636 ἀνθρώπου,
754 603 852 629 σκοπὸν
878 603 981 631 δέδωκά

190 653 218 671 σε
241 644 280 680 τῷ
302 645 369 680 οἴκῳ
394 645 510 680 Ἰσραὴλ,
530 646 576 672 καὶ
599 647 702 682 ἀκούσῃ
722 648 754 674 ἐκ
772 649 904 683 στόματός
929 659 979 685 μου

187 690 266 724 λόγον
286 691 333 717 καὶ
356 691 544 725 διαφυλάξεις,
566 693 612 718 καὶ
634 693 784 727 διαγγελεῖς
810 696 889 722 αὐτὸν
915 698 978 732 παρ’

187 736 265 772 ἐμοῦ·
282 738 311 762 ὲν
333 736 372 771 τῷ
390 737 477 771 λέγειν
493 746 526 772 με
542 738 581 773 τῷ
598 738 699 774 ἀνόμῳ·
716 740 829 776 θανάτῳ
844 742 977 778 ἀποθανῇ,

186 784 233 809 καὶ
247 784 296 809 οὐκ
312 783 446 818 ἐλάλησας
459 784 505 810 τοῦ
524 784 670 811 διαστεῖλαι
682 785 781 821 ἄνομον
799 788 831 813 ὲκ
849 787 899 822 τῆς
917 789 977 815 ἀνο-

189 829 253 864 μίας
275 829 369 861 αὐτοῦ,
389 831 403 855 ὁ
428 830 526 865 ἄνομος
548 831 649 862 ἐκεῖνος
667 832 696 856 ἐν
718 834 751 868 τῇ
772 833 871 869 ἀνομίᾳ
894 835 976 861 αὑτοῦ

186 874 371 906 ἀποθανεῖται,
383 876 429 902 καὶ
443 876 473 902 τὺ
487 874 556 911 αἷμα
569 877 653 903 αὐτοῦ
665 878 696 904 ἐκ
707 878 756 913 τῆς
770 880 859 915 χειρός
870 889 915 907 σου
931 882 976 908 ἐκ-

185 921 304 956 ζητήσω·
327 923 359 948 σὺ
383 922 410 948 δὲ
429 922 476 948 ἐὰν
502 923 638 960 διαστείλῃ
665 924 704 959 τῷ
727 925 818 960 ἀνόμῳ
850 927 904 953 ἀπὸ
927 928 976 963 τῆς
992 922 1013 948 Β

183 966 245 993 ὁδοῦ
260 967 343 994 αὐτοῦ
354 968 524 1003 ἀποστρέψαι
539 969 585 995 ἀπ’
596 970 690 1004 αὐτῆς.
702 971 748 997 κα)⁸
760 971 795 1007 μὴ
807 972 974 1010 ἀποστρέψῃ,

184 1013 266 1045 αὐτὸς
283 1014 312 1039 ἐν
328 1015 362 1049 τῇ
380 1014 479 1050 ἀνομίᾳ
503 1015 585 1041 αὑτοῦ
611 1016 795 1048 ἀποθανεῖται,
816 1019 861 1044 καὶ
880 1020 911 1045 σὺ
928 1020 976 1055 τὴν

183 1059 274 1095 ψυχήν
295 1068 341 1087 σου
352 1061 477 1096 spe-5m.
497 1062 633 1094 Ὡσαύτως
646 1063 673 1089 δὲ
691 1062 745 1098 (16)
762 1065 882 1100 μάχαιρα
898 1066 976 1092 πολέ-

185 1114 238 1141 μου
252 1106 300 1132 ἐὰν
354 1108 500 1143 ἐρχομένη,
519 1109 566 1135 καὶ
584 1109 669 1145 στήσῃ
689 1110 702 1135 ὁ
726 1110 789 1142 λαὸς
815 1112 914 1138 σκοπὸν
938 1114 976 1144 εἰς

183 1152 371 1188 προφυλακὴν,
389 1154 435 1180 καὶ
453 1154 513 1180 ἰδὼν
532 1154 616 1190 αὐτὴν
633 1156 795 1191 ἐρχομένην,
815 1157 851 1193 μὴ
866 1166 975 1193 προμη-

182 1199 263 1235 νύσῃ,
275 1200 322 1226 καὶ
337 1199 407 1236 λάῦῃ
422 1200 547 1236 ψυχὴν,ή
561 1202 609 1237 μὲν
622 1201 694 1237 ψυχὴ
711 1204 742 1238 τῇ
754 1203 875 1240 ἁμαρτίᾳ
891 1205 975 1239 αὐτῆς

183 1245 299 1281 ἐλήφθη,
319 1246 350 1272 τὸ
363 1246 391 1273 δὲ
406 1244 475 1282 αἷμα
493 1247 525 1273 ἐκ
540 1248 630 1283 χειρὸς
643 1248 689 1274 τοῦ
708 1249 809 1275 σκοποῦ
825 1250 976 1286 ἐκζητηθή-

184 1299 269 1323 σεται,
289 1292 330 1318 ὄτι
344 1292 394 1319 οὐκ
408 1293 528 1328 ὲσήμανε
546 1294 580 1329 τῇ
603 1294 742 1328 σάλπιγγι·
758 1295 805 1321 ἐὰν
819 1295 847 1322 δὲ
867 1296 974 1332 σημάνῃ

182 1339 216 1373 τῇ
236 1338 376 1374 κερατίνη,
394 1339 441 1365 καὶ
457 1338 493 1374 μὴ
513 1339 661 1374 φυλάξηται
676 1341 690 1366 ὁ
705 1341 833 1373 ἀκούσας,
850 1343 897 1368 καὶ
911 1342 973 1379 έλθῃ

181 1384 199 1418 η
216 1383 348 1419 μάχαιρα,
364 1385 410 1411 καὶ
425 1385 495 1421 λάϐῃ
518 1386 610 1417 αὑτὸν,
625 1387 655 1412 τὸ
683 1385 751 1422 αἷμα
770 1388 852 1414 αὑτοῦ
869 1389 913 1415 ἐπ’
926 1390 974 1416 αὺ-

182 1430 227 1456 τὸν
243 1429 328 1462 ἐσται,
344 1432 384 1457 ὅτι
398 1431 448 1457 οὐκ
464 1431 613 1466 ἐφυλάξατο
628 1433 746 1464 ἀκούσας
756 1434 805 1469 τῆς
820 1436 972 1470 κερατενης,

182 1476 197 1501 ὁ
211 1476 238 1503 δὲ
254 1476 451 1512 φυλαξάμενος,
466 1477 515 1513 τὴν
529 1478 616 1513 ψυχὴν
635 1479 717 1504 αὑτοῦ
737 1479 882 1516 ἐρρύσατο,
900 1482 946 1507 καὶ
959 1482 974 1507 ὁ

186 1522 285 1554 σκοπὸς
307 1523 348 1549 ὅτι
372 1524 503 1559 ἐσήμαινε,
524 1523 580 1559 ζωῇ
606 1524 724 1560 ζήσεται.
741 1535 750 1551 ι
770 1526 899 1562 Μάχαιρα
925 1528 973 1563 μέν

182 1568 255 1594 ἐστιν
270 1570 286 1604 ὴ
302 1570 402 1605 κρίσιςσ
418 1569 534 1603 σάλπιγξ
546 1570 574 1596 δὲ
590 1570 655 1605 (l7),
672 1571 702 1597 τὺ
720 1572 789 1607 ἱερὸν
799 1573 971 1607 Εὐαγγέλιοψ
987 1589 1007 1617 C

183 1613 282 1646 σκοπὸς
291 1614 328 1646 δὲ,
339 1616 352 1641 ὁ
368 1616 547 1647 κατασταθεὶς
561 1618 592 1651 τῇ
611 1616 756 1653 Ἐκκλησία
770 1618 927 1651 ἐπίσκοπος,
942 1620 971 1646 ὃν

181 1659 221 1685 δεῖ
235 1660 408 1695 κηρύσσοντα
421 1662 657 1698 διαμαρτύρασθαι
671 1664 718 1689 καὶ
736 1664 790 1699 (18)
806 1664 972 1692 διαϐεϐαιοῦ-

183 1705 244 1732 σθαι
268 1707 331 1743 περὶ
351 1708 400 1743 τῆς
423 1708 548 1744 κρίσεως.
575 1709 637 1736 Ἐὰν
667 1709 703 1745 μὴ
722 1710 901 1746 διαγγείλητε,
925 1712 972 1738 καὶ

181 1752 401 1789 διαμαρτύρησθε
420 1754 458 1790 τῷ
468 1754 536 1789 λαῷ,
555 1757 594 1786 εὶς
609 1756 680 1791 ὑμᾶς
701 1757 716 1791 ή
734 1757 855 1793 ἁμαρτία
871 1758 924 1784 τῶν
942 1758 973 1784 ἀ-

180 1798 332 1832 γνοούντων
343 1800 529 1836 εὑρεθήσεται.
545 1801 590 1827 Διὺ
605 1802 667 1833 τοὺς
681 1803 933 1839 ἀναστρεφομένους
943 1805 972 1831 ἐν

179 1845 341 1882 ἀπαιδευσίᾳ
369 1847 377 1881 (
381 1846 423 1881 19)
440 1847 598 1878 νουθετεῖτε,
616 1849 662 1874 καὶ
676 1849 799 1884 ἐλέγχετε
817 1850 884 1885 μετὰ
901 1852 971 1886 παῤ-

181 1892 288 1927 ῤηίας,
308 1894 369 1924 τοὺς
390 1893 554 1927 ἀγνοοῦντας
577 1894 725 1926 διδάσκετε,
741 1897 803 1928 τοὺς
822 1897 971 1932 ἐπισταμέ-

179 1946 242 1969 νους
259 1938 409 1974 στηρίζετε,
420 1940 482 1971 τοὺς
497 1941 720 1976 πεπλανημένους
734 1942 919 1978 ἐπιστρέφετε.
931 1944 970 1970 Τὰ

180 1983 249 2010 αὐτὰ
265 1985 329 2020 περὶ
351 1984 405 2011 τῶν
425 1985 514 2011 αὐτῶν
531 1985 662 2019 λέγοντες,
682 1987 799 2022 ἀδελφοὶ,
815 1989 862 2023 οὐχ
881 1989 970 2024 ἁμαρ-

179 2030 329 2065 τησόμεθα.
353 2031 400 2057 Ἐκ
415 2031 469 2067 γὰρ
483 2031 529 2057 τοῦ
541 2032 669 2064 πολλάκις
679 2033 797 2065 ἀκούειν,
809 2035 880 2066 εἰκός
894 2044 969 2068 τινας

179 2075 388 2111 δυσωπηθέντας
406 2077 458 2103 κᾶν
474 2077 547 2110 ἅπαξ
568 2087 594 2104 τι
608 2079 660 2105 τῶν
680 2079 767 2106 καλῶν
792 2081 902 2115 ποιῆσαι
923 2083 969 2109 καὶ

179 2123 233 2149 τῶν
242 2123 367 2159 πονηρῶν
379 2124 609 2159 παραιτήσασθαι.
623 2125 701 2159 Λέγει
712 2125 765 2161 γὰρ
773 2126 815 2152 διὰ
826 2128 966 2162 προφήτου

180 2169 194 2194 ό
208 2168 281 2201 Θεός·
301 2179 310 2194 ι
319 2170 502 2206 Διαμαρτύρει
514 2171 604 2202 αὐτοῖς
618 2171 713 2202 ταῦτα,
727 2172 791 2203 ἴσως
805 2173 967 2201 ἀκούσονταί

181 2223 227 2241 σου
241 2215 292 2251 τῆς
302 2216 402 2250 φωνῆς.
417 2227 426 2242 ι
449 2217 503 2243 Καὶ
519 2218 608 2244 πάλιψ
627 2228 635 2243 ι
658 2219 719 2244 Ἐὰν
733 2219 786 2254 ἄρα
804 2220 964 2253 ἀκούσωσιν,

1034 281 1091 314 Dei,
1107 283 1224 317 primum
1236 285 1320 319 coepit
1335 284 1434 318 facere,
1449 286 1548 314 deinde
1559 287 1671 321 docere;
1689 291 1761 323 quod
1776 291 1818 318 his

1033 329 1124 355 verbis
1139 329 1238 356 alicubi
1254 330 1382 364 exprimit
1403 331 1491 360 Lucas
1505 342 1511 359 :
1532 342 1541 358 ι
1556 333 1623 366 Qua:
1638 336 1721 369 cmpit
1737 335 1818 363 Jcsus

1032 373 1123 402 facere
1138 379 1163 402 et
1178 375 1277 403 docere
1288 376 1322 404 ".
1336 387 1345 403 ι
1372 378 1506 410 Quocirca
1523 378 1594 406 idem
1611 380 1740 415 Magister
1755 384 1793 410 ait
1810 394 1816 410 :

1035 429 1045 445 ι
1060 419 1112 453 Qui
1130 420 1220 448 autem
1240 422 1334 450 fecerit
1357 429 1383 450 et
1398 424 1538 455 docuerit.
1569 425 1613 452 hic
1639 434 1754 462 magnus
1772 437 1820 455 vo-

1032 466 1140 493 cabitur
1151 467 1177 493 in
1188 475 1271 503 regno
1288 468 1333 496 Dei
1345 470 1379 497 ⁵⁸.
1395 479 1405 495 ι
1421 470 1534 505 Oportet
1544 475 1633 499 autem
1648 477 1678 499 ut
1694 480 1741 501 vos
1754 473 1817 509 Epio

1031 513 1125 547 scopi,
1153 515 1253 548 populo
1278 515 1339 543 sitis
1356 517 1561 552 speculatores;
1581 519 1654 553 quod
1674 527 1723 547 vos
1748 527 1818 555 quo-

1031 565 1084 592 que
1096 560 1294 593 speculatorem
1311 561 1434 589 habeatis
1449 563 1600 591 Christum.
1622 564 1656 591 Et
1671 573 1719 593 vos
1734 566 1818 601 igitur

1030 609 1116 631 estote
1131 606 1209 639 probi
1225 607 1410 641 speculatores
1426 609 1513 643 plebis
1527 609 1590 644 Dei;
1606 612 1669 646 quia
1686 612 1816 640 Dominus

1030 657 1078 684 per
1100 650 1267 679 Ezechielem
1290 661 1352 680 cum
1377 662 1542 690 unoquoque
1556 663 1678 684 vestrum
1701 658 1816 694 loquens

1030 696 1067 722 ait
1085 706 1091 723 :
1109 706 1118 722 ι
1133 696 1182 724 Fili
1207 698 1341 731 hominis,
1362 701 1563 735 speculatorem
1584 703 1648 730 dedi
1674 708 1700 732 te
1722 705 1816 733 domui

1029 742 1197 778 Israeliticae;
1211 749 1238 772 et
1253 745 1349 774 audies
1362 755 1395 774 ex
1411 755 1458 774 ore
1473 755 1533 775 meo
1549 757 1714 784 sermonem,
1727 755 1753 778 et
1768 759 1816 778 ca-

1028 797 1092 817 vere
1108 790 1199 822 facies,
1213 795 1242 818 et
1255 800 1289 818 ex
1305 800 1347 819 me
1364 793 1558 821 annuntiabis:
1575 802 1637 822 cum
1654 796 1749 824 dixero
1763 797 1816 824 ini-

1028 844 1103 870 quo:
1120 836 1205 864 Morte
1220 839 1361 871 morieris;
1377 839 1399 865 si
1415 846 1470 866 non
1485 840 1593 867 locutus
1608 841 1704 874 fueris,
1723 847 1752 869 ut
1771 851 1815 871 re-

1028 882 1117 909 trahat
1131 891 1160 910 se
1179 883 1290 918 iniquus
1305 884 1340 911 ab
1359 885 1503 919 iniquitate
1517 894 1581 919 sua,
1598 887 1709 922 iniquus
1724 889 1770 916 ille
1787 890 1813 917 in

1029 928 1170 963 iniquitate
1182 937 1230 957 sua
1247 931 1387 963 morietur,
1402 934 1428 958 et
1442 933 1600 967 sanguinem
1613 933 1673 967 ejus
1687 934 1719 961 de
1731 943 1813 963 manu

1028 978 1073 1001 tua
1089 975 1243 1010 requiram;
1260 981 1288 1002 tu
1303 980 1393 1004 autem
1410 977 1433 1004 si
1448 978 1652 1006 denuntiaveris
1669 981 1763 1015 iniquo
1779 981 1813 1010 de

1028 1022 1070 1048 via
1087 1029 1147 1053 sua,
1162 1027 1191 1049 ut
1206 1022 1240 1048 ab
1255 1030 1286 1049 ea
1305 1031 1334 1050 se
1356 1028 1476 1056 avertat,
1496 1028 1523 1052 et
1547 1033 1601 1052 non
1624 1034 1652 1053 se
1672 1028 1811 1060 averterit,

1027 1067 1086 1102 ipse
1097 1067 1124 1094 in
1140 1068 1282 1102 iniquitate
1296 1076 1345 1096 sua
1361 1070 1507 1103 morietur;
1522 1075 1549 1097 et
1563 1075 1590 1097 tu
1605 1072 1723 1099 animam
1738 1078 1812 1100 tuam

1027 1113 1159 1141 liberasti.
1176 1113 1306 1142 Similiter
1322 1120 1424 1148 autem,
1445 1117 1467 1143 si
1484 1118 1588 1144 venerit
1607 1118 1670 1145 belli
1686 1119 1811 1154 gladius;

1026 1162 1052 1186 et
1069 1160 1193 1186 statuerit
1216 1161 1332 1195 populus
1348 1162 1548 1196 speculatorem
1572 1163 1606 1189 ad
1629 1164 1768 1200 vigiliam;
1785 1171 1812 1193 et

1026 1204 1050 1232 is
1061 1205 1156 1233 videns
1169 1206 1287 1241 gladium
1301 1207 1486 1240 accedentem,
1502 1216 1555 1235 non
1570 1210 1810 1245 prmnuntiaverit;

1025 1256 1052 1279 et
1072 1252 1178 1287 gladius
1193 1253 1286 1280 tulerit
1302 1254 1437 1288 animam;
1454 1255 1543 1282 anima
1561 1256 1670 1290 quidem
1695 1261 1810 1292 peccato

1026 1305 1076 1325 suo
1100 1298 1205 1326 sublata
1228 1303 1286 1332 est;
1302 1305 1329 1327 at
1351 1301 1463 1336 sanguis
1484 1301 1517 1328 de
1532 1309 1613 1329 manu
1630 1304 1810 1337 speculatoris

1025 1344 1190 1379 requiretur,
1208 1346 1272 1380 quia
1289 1354 1344 1373 non
1361 1347 1524 1381 significavit
1547 1348 1633 1381 tuba;
1652 1349 1694 1376 sin
1719 1354 1809 1378 autem

1025 1390 1219 1426 signiﬁcaverit
1235 1393 1366 1424 buccina,
1383 1397 1410 1420 et
1434 1394 1481 1428 qui
1504 1394 1625 1428 audivit,
1642 1404 1695 1422 non
1712 1404 1742 1424 se
1760 1398 1810 1424 ob-

1025 1438 1184 1472 servaverit,
1215 1439 1373 1473 veneritque
1396 1439 1517 1474 gladius,
1538 1444 1565 1467 et
1584 1441 1673 1476 ipsum
1697 1443 1808 1476 tulerit,

1024 1484 1135 1519 sanguis
1148 1483 1206 1518 ejus
1222 1492 1304 1519 super
1320 1486 1406 1519 ipsum
1420 1485 1484 1518 erit;
1501 1486 1565 1520 quia
1585 1486 1675 1513 audita
1692 1488 1809 1516 buccina

1024 1529 1078 1557 sibi
1095 1537 1149 1557 non
1169 1530 1303 1565 providit;
1326 1531 1372 1565 qui
1394 1534 1485 1558 autem
1510 1532 1591 1565 cavit,
1608 1532 1733 1561 liberavit
1746 1535 1808 1562 ani-

1025 1583 1096 1602 mam
1122 1584 1213 1609 suam;
1237 1580 1263 1603 et
1284 1577 1450 1611 speculator,
1475 1578 1538 1612 quia
1561 1578 1734 1613 signiﬁcavit,
1751 1581 1808 1608 vita

1024 1622 1096 1649 vivet
1108 1623 1141 1650 ⁵⁷.
1156 1633 1164 1648 ι
1184 1622 1296 1651 Gladius
1313 1623 1422 1658 quidem
1438 1628 1479 1651 est
1492 1624 1644 1659 judicium;
1661 1627 1726 1653 tuba
1742 1635 1807 1655 vero

1024 1675 1131 1694 sacrum
1148 1668 1340 1704 Evangelium;
1356 1670 1510 1704 speculator
1523 1674 1624 1702 autem,
1646 1671 1673 1698 in
1686 1673 1807 1700 Ecclesia

1023 1717 1143 1741 statutus
1164 1715 1319 1750 episcopus,
1333 1723 1413 1750 quem
1428 1721 1535 1751 oportet
1547 1717 1692 1751 dejudicio
1707 1718 1806 1753 pratdi-

1022 1769 1095 1794 care,
1113 1762 1258 1793 alltrmare,
1279 1762 1437 1789 contestari.
1456 1762 1485 1789 Si
1508 1770 1562 1789 non
1580 1763 1806 1792 dcnuntiaveritis

1022 1808 1122 1842 populo
1137 1812 1163 1835 et
1179 1808 1307 1835 obtestati
1324 1807 1443 1839 fueritis,
1461 1808 1486 1835 in
1504 1816 1552 1836 vos
1570 1808 1745 1836 inscientium
1762 1817 1806 1837 cr—

1020 1858 1110 1881 ratum
1132 1855 1305 1883 redundabit.
1321 1854 1455 1888 Quocirca
1478 1856 1618 1890 imperitos
1640 1860 1758 1889 monete,
1779 1861 1806 1884 et

1021 1908 1082 1927 cum
1100 1900 1223 1928 libertate
1238 1901 1353 1936 arguite,
1368 1901 1478 1936 ignaros
1492 1901 1596 1933 docete,
1608 1901 1730 1929 eruditos
1743 1910 1806 1929 con-

1021 1946 1135 1979 ﬁrmate,
1152 1947 1310 1974 aberrantes
1332 1947 1465 1974 reducite.
1489 1947 1544 1974 Nec
1567 1948 1590 1974 si
1613 1948 1706 1974 eadem
1722 1948 1805 1974 verba

1019 1992 1116 2020 iisdem
1133 1993 1166 2020 de
1182 1993 1264 2019 rebus
1281 1993 1464 2028 proferamus,
1487 1993 1555 2020 vitio
1571 1993 1650 2020 nobis
1670 1998 1802 2026 vertetur,

1020 2037 1128 2066 fratres.
1155 2038 1263 2065 Scilicet
1297 2039 1426 2066 credibile
1450 2043 1508 2071 est,
1534 2039 1681 2066 nonnullos
1706 2039 1803 2067 iterata

1020 2084 1101 2111 totics
1117 2084 1255 2111 auditione
1270 2085 1429 2118 pudefactos
1448 2085 1490 2112 vel
1507 2085 1590 2112 semel
1611 2085 1713 2119 aliquid
1739 2085 1803 2112 boni

1019 2134 1153 2165 gesturos,
1172 2135 1199 2157 et
1215 2130 1276 2156 mali
1300 2130 1494 2157 declinaturos.
1515 2131 1561 2157 Ait
1576 2130 1648 2157 enim
1668 2138 1716 2165 per
1736 2138 1802 2165 pro-

1019 2176 1127 2210 phetam
1154 2175 1224 2203 Deus
1238 2185 1245 2203 :
1264 2186 1273 2201 ι
1290 2176 1449 2203 Testiticare
1464 2176 1519 2203 illis
1534 2177 1602 2209 haec,
1620 2176 1689 2204 forte
1706 2184 1800 2204 vocem

1019 2226 1092 2249 tuam
1113 2222 1267 2251 audient“.
1282 2233 1290 2248 ι
1310 2222 1341 2250 Et
1364 2223 1483 2250 iterum:
1502 2232 1511 2248 ι
1528 2222 1556 2249 Si
1580 2222 1649 2250 forte
1674 2223 1801 2255 audiant,

180 2260 229 2287 ἐὰν
256 2261 310 2297 ἄρα
337 2262 441 2289 ἐνδῶσι.
458 2273 466 2288 ι
496 2264 551 2290 Καὶ
573 2265 587 2290 ὁ
614 2265 716 2298 Μωσῆς
742 2274 807 2299 φησι
835 2265 873 2300 τῷ
901 2266 965 2301 λαῷ-

1025 2268 1043 2294 si
1071 2268 1140 2295 forte
1165 2269 1316 2295 concedant
1329 2269 1363 2296 ".
1378 2278 1387 2294 ι
1406 2268 1438 2295 Ει
1463 2269 1569 2304 Moyses
1591 2269 1691 2304 populo
1712 2269 1798 2296 dicit:

183 2315 193 2332 ι
221 2307 274 2333 Εὰν
289 2307 344 2343 (20)
355 2308 422 2344 ἀκοῇ
438 2310 557 2346 ἀκούσῃς
567 2311 669 2346 Κυρίου
684 2311 730 2337 τοῦ
745 2311 822 2343 Θεοῦ,
833 2313 879 2338 καὶ
893 2314 967 2348 ποιή-

181 2360 231 2388 σῃς
253 2353 284 2380 τὸ
305 2354 408 2388 ἀγαθὸν
422 2357 468 2382 καὶ
490 2357 520 2382 τὸ
540 2357 616 2389 εὑϐὲς
631 2358 659 2383 ἐν
679 2357 826 2393 ὀφθαλμοῖς
846 2358 938 2384 αὑτοῦ.
955 2369 963 2384 ι

180 2398 236 2425 Καὶ
259 2399 348 2426 πάλιψ
376 2411 384 2426 ι
401 2403 509 2433 Ἄκουε,
533 2403 655 2439 Ἰσραὴλ,
680 2404 781 2439 Κύριος
796 2405 809 2430 ὁ
826 2405 891 2435 Θεός
910 2413 966 2435 σου,

180 2444 282 2482 Κύριος
291 2445 331 2479 εἷς
344 2448 411 2479 ἐστι.
428 2458 436 2473 ι
447 2449 502 2476 Καὶ
511 2451 524 2475 ὁ
540 2450 639 2486 Κύριος
652 2451 681 2477 ὲν
691 2450 729 2485 τῷ
740 2451 895 2486 Εὐαχγελίῳ
910 2451 969 2477 πολ-

215 2526 314 2567 "_Act.
327 2528 396 2567 _t_._i_.
431 2529 458 2567 _“
471 2528 566 2567 Matth.
580 2527 666 2567 v49:
703 2531 725 2546 ⁸⁷
741 2530 963 2567 Ειοοιιηιωικιιι,

1028 2535 1040 2567 ιν
1053 2539 1112 2567 seq.
1149 2532 1173 2548 "
1190 2531 1246 2560 Jer.
1263 2541 1342 2565 xxvt.
1358 2534 1393 2565 5;
1409 2532 1507 2559 Eicch.
1525 2540 1562 2564 ιι,
1581 2532 1605 2559 7.

1024 2323 1032 2339 ι
1047 2313 1074 2340 Si
1102 2314 1195 2341 auditu
1221 2315 1341 2342 audieris
1366 2316 1510 2343 Dominum
1536 2315 1634 2347 Deum,
1656 2319 1683 2342 et
1706 2314 1802 2342 feceris

1020 2360 1121 2387 bonum
1136 2368 1168 2387 ac
1184 2365 1287 2387 rectum
1310 2361 1337 2387 in
1353 2362 1440 2389 oculis
1459 2362 1519 2396 ejus
1530 2362 1562 2389 ‘°.
1578 2372 1587 2388 ›
1603 2361 1776 2396 Rursumque
1791 2370 1800 2386 :

1021 2415 1030 2430 ι
1045 2406 1114 2433 Audi
1131 2405 1224 2439 Israel,
1240 2407 1371 2435 Dominus
1387 2407 1458 2435 Deus
1482 2413 1556 2439 tuus,
1576 2408 1710 2435 Dominus
1729 2415 1800 2434 unus

1021 2452 1106 2479 est“.
1122 2463 1131 2478 ι
1157 2452 1190 2479 Ει
1212 2453 1343 2482 Dominus
1365 2454 1392 2480 in
1417 2454 1563 2489 Evangelio
1586 2462 1656 2489 szepe
1677 2460 1799 2482 comme-

1653 2531 1678 2549 "
1695 2528 1785 2560 Ez'ech

181 2570 225 2594 ιιι,
243 2561 286 2590 Η.
325 2563 348 2578 ⁸⁸
364 2563 451 2593 Exod.
465 2572 511 2597 xv,
527 2565 572 2594 26.
611 2564 633 2580 “
650 2564 728 2596 Deut.
742 2574 778 2598 νι,
794 2566 828 2600 4;
845 2566 928 2594 Marc.
947 2561 996 2599 xu,
1011 2566 1057 2594 29.

814 2642 994 2670 VABIORUM
1012 2643 1127 2672 ΝΟΤᾸΕ.

219 2718 242 2754 (Ι
248 2718 274 2754 5)
286 2719 338 2752 Ὣς
347 2726 404 2746 που
412 2719 493 2754 λέγει
505 2727 591 2754 usque
602 2720 636 2748 ad
647 2720 808 2747 διδάσκειν.
823 2719 924 2747 Desunt
939 2721 965 2748 in

183 2753 270 2781 altera
286 2762 337 2782 ms.
348 2753 529 2790 videnturque
542 2753 630 2783 deleta
643 2764 658 2782 ιι
670 2756 776 2787 critico.
789 2756 835 2790 qui
853 2756 966 2790 putabat

181 2797 244 2826 non
263 2797 345 2826 posse
368 2790 462 2817 induci
487 2790 630 2818 commode
651 2791 789 2826 apostolos
807 2790 907 2817 Lucam
930 2790 964 2818 ad

180 2824 368 2852 testimonium
382 2826 510 2854 citantes.
522 2826 607 2854 Casa.

229 2859 274 2895 £6)
294 2859 339 2887 Δέ.
356 2859 475 2895 Uterque
490 2861 573 2889 codex
590 2861 646 2888 καί.
662 2860 699 2888 In.

229 2861 262 2887 16
294 2861 339 2887 Aé.
356 2861 475 2895 Uterque
490 2861 573 2889 codex
590 2861 646 2888 καί.
662 2861 699 2888 In.

215 2861 274 2932 in;
293 2895 339 2922 A6.
357 2895 452 2925 Helius
465 2896 576 2925 omittas
587 2904 649 2924 cum
661 2901 775 2932 utroque
790 2896 892 2925 codice.
906 2895 943 2924 la.

1053 2720 1109 2756 (18)
1129 2721 1184 2748 Καὶ
1197 2720 1443 2748 διαϐεϐαιοῦσθαι.
1459 2720 1534 2748 Alter
1547 2719 1658 2756 omittit.
1671 2721 1708 2748 In.

1052 2754 1109 2792 (i9)
1136 2756 1335 2792 ’Anatdevo'tgz.
1351 2755 1426 2783 Alter
1440 2755 1515 2792 addit
1529 2754 1682 2792 cummi».

1052 2757 1098 2792 (i9
1136 2757 1335 2790 Ἀπαιδευσίᾳ.
1351 2757 1426 2783 Alter
1440 2757 1515 2783 addit
1529 2757 1682 2796 aD‘CGJV._lD.

1036 2757 1109 2828 420;
1134 2792 1212 2819 Ἐάν.
1231 2791 1294 2819 Haec
1316 2798 1371 2828 vox
1390 2799 1453 2818 cutn
1471 2790 1505 2828 i'l
1517 2793 1705 2828 sequentibus,
1727 2798 1796 2826 qua-

1014 2825 1076 2856 rum
1095 2825 1232 2862 postrema
1252 2830 1294 2856 est
1325 2825 1422 2859 πάλιν,
1450 2825 1563 2855 omissa
1577 2829 1643 2854 sunt
1666 2826 1694 2855 in
1720 2825 1798 2854 utro-

1014 2871 1077 2899 quc.
1091 2863 1128 2891 lo.
