  <div class='ocr_page' id='page_1' title='image "/cluster/home/n/w/nwhite01/storage/ocr_20150623/1/mdp.39015014764065/315.png"; bbox 0 0 4082 6262; ppageno 0'>
   <div class='ocr_carea' id='block_1_1' title="bbox 442 336 543 390">
    <p class='ocr_par' dir='ltr' id='par_1_1' title="bbox 442 336 543 390">
     <span class='ocr_line' id='line_1_1' title="bbox 442 336 543 390; baseline 0 0"><span class='ocrx_word' id='word_1_1' title='bbox 442 336 543 390; x_wconf 77' lang='lat'><strong>607</strong></span> 
     </span>
    </p>
   </div>
   <div class='ocr_carea' id='block_1_2' title="bbox 1288 325 2805 387">
    <p class='ocr_par' dir='ltr' id='par_1_2' title="bbox 1288 325 2805 387">
     <span class='ocr_line' id='line_1_2' title="bbox 1288 325 2805 387; baseline -0.001 -1"><span class='ocrx_word' id='word_1_2' title='bbox 1288 329 1345 386; x_wconf 93' lang='lat' dir='ltr'><strong>S.</strong></span> <span class='ocrx_word' id='word_1_3' title='bbox 1382 325 1777 385; x_wconf 75' lang='lat' dir='ltr'><strong>CLEMENTIS</strong></span> <span class='ocrx_word' id='word_1_4' title='bbox 1811 327 1829 381; x_wconf 89' lang='lat' dir='ltr'><strong>I</strong></span> <span class='ocrx_word' id='word_1_5' title='bbox 1868 326 2037 383; x_wconf 79' lang='lat' dir='ltr'><strong>ROM.</strong></span> <span class='ocrx_word' id='word_1_6' title='bbox 2072 327 2275 385; x_wconf 80' lang='grc' dir='ltr'>ΡΟΝΤ.</span> <span class='ocrx_word' id='word_1_7' title='bbox 2310 327 2544 386; x_wconf 80' lang='lat' dir='ltr'><strong>OPERA</strong></span> <span class='ocrx_word' id='word_1_8' title='bbox 2576 328 2805 387; x_wconf 84' lang='lat' dir='ltr'><strong>DUBIA.</strong></span> 
     </span>
    </p>
   </div>
   <div class='ocr_carea' id='block_1_3' title="bbox 3578 335 3686 393">
    <p class='ocr_par' dir='ltr' id='par_1_3' title="bbox 3578 335 3686 393">
     <span class='ocr_line' id='line_1_3' title="bbox 3578 335 3686 393; baseline 0 0"><span class='ocrx_word' id='word_1_9' title='bbox 3578 335 3686 393; x_wconf 81' lang='lat'><strong>608</strong></span> 
     </span>
    </p>
   </div>
   <div class='ocr_carea' id='block_1_4' title="bbox 442 442 2004 521">
    <p class='ocr_par' dir='ltr' id='par_1_4' title="bbox 442 442 2004 510">
     <span class='ocr_line' id='line_1_4' title="bbox 442 442 2004 510; baseline -0.004 -7"><span class='ocrx_word' id='word_1_10' title='bbox 442 456 622 504; x_wconf 82' lang='lat' dir='ltr'><strong>morat</strong></span> <span class='ocrx_word' id='word_1_11' title='bbox 659 460 723 501; x_wconf 84' lang='lat' dir='ltr'><strong>ac</strong></span> <span class='ocrx_word' id='word_1_12' title='bbox 765 445 936 501; x_wconf 86' lang='lat' dir='ltr'><strong>dicit:</strong></span> <span class='ocrx_word' id='word_1_13' title='bbox 980 464 998 495; x_wconf 76' lang='grc' dir='ltr'><strong>ι</strong></span> <span class='ocrx_word' id='word_1_14' title='bbox 1026 444 1128 510; x_wconf 85' lang='lat' dir='ltr'><strong>Qui</strong></span> <span class='ocrx_word' id='word_1_15' title='bbox 1164 445 1327 499; x_wconf 89' lang='lat' dir='ltr'><strong>habet</strong></span> <span class='ocrx_word' id='word_1_16' title='bbox 1380 461 1541 498; x_wconf 82' lang='lat' dir='ltr'><strong>aures</strong></span> <span class='ocrx_word' id='word_1_17' title='bbox 1591 442 1869 505; x_wconf 88' lang='lat' dir='ltr'><strong>audiendi,</strong></span> <span class='ocrx_word' id='word_1_18' title='bbox 1915 459 2004 497; x_wconf 88' lang='lat' dir='ltr'><strong>au-</strong></span> 
     </span>
    </p>
   </div>
   <div class='ocr_carea' id='block_1_5' title="bbox 2105 442 3689 521">
    <p class='ocr_par' dir='ltr' id='par_1_5' title="bbox 2116 443 3689 521">
     <span class='ocr_line' id='line_1_5' title="bbox 2116 443 3689 521; baseline 0.006 -23"><span class='ocrx_word' id='word_1_19' title='bbox 2116 446 2273 509; x_wconf 83' lang='grc' dir='ltr'>λάκις</span> <span class='ocrx_word' id='word_1_20' title='bbox 2313 448 2704 518; x_wconf 79' lang='grc' dir='ltr'><strong>μνημονεύεται</strong></span> <span class='ocrx_word' id='word_1_21' title='bbox 2741 448 2930 517; x_wconf 83' lang='grc' dir='ltr'>λέγων·</span> <span class='ocrx_word' id='word_1_22' title='bbox 2974 468 2992 500; x_wconf 79' lang='grc' dir='ltr'><strong>ι</strong></span> <span class='ocrx_word' id='word_1_23' title='bbox 3030 449 3086 503; x_wconf 83' lang='lat'><strong>&#39;0</strong></span> <span class='ocrx_word' id='word_1_24' title='bbox 3122 448 3261 521; x_wconf 78' lang='grc' dir='ltr'>ἔχων</span> <span class='ocrx_word' id='word_1_25' title='bbox 3296 443 3409 501; x_wconf 78' lang='grc' dir='ltr'>ὦτα</span> <span class='ocrx_word' id='word_1_26' title='bbox 3450 448 3689 520; x_wconf 81' lang='grc' dir='ltr'>ἀκούειν,</span> 
     </span>
    </p>
   </div>
   <div class='ocr_carea' id='block_1_6' title="bbox 442 536 2009 606">
    <p class='ocr_par' dir='ltr' id='par_1_6' title="bbox 442 536 2009 606">
     <span class='ocr_line' id='line_1_6' title="bbox 442 536 2009 606; baseline -0.001 -13"><span class='ocrx_word' id='word_1_27' title='bbox 442 540 557 596; x_wconf 88' lang='lat' dir='ltr'><strong>diat</strong></span> <span class='ocrx_word' id='word_1_28' title='bbox 580 539 646 593; x_wconf 83' lang='lat'><strong>“.</strong></span> <span class='ocrx_word' id='word_1_29' title='bbox 674 556 694 597; x_wconf 66' lang='grc' dir='ltr'><strong>ι</strong></span> <span class='ocrx_word' id='word_1_30' title='bbox 729 536 795 589; x_wconf 87' lang='grc' dir='ltr'>Ει</span> <span class='ocrx_word' id='word_1_31' title='bbox 826 536 1045 606; x_wconf 91' lang='lat' dir='ltr'><strong>sapiens</strong></span> <span class='ocrx_word' id='word_1_32' title='bbox 1094 536 1355 591; x_wconf 89' lang='lat' dir='ltr'><strong>Salomon</strong></span> <span class='ocrx_word' id='word_1_33' title='bbox 1389 556 1400 590; x_wconf 96' lang='lat'>:</span> <span class='ocrx_word' id='word_1_34' title='bbox 1442 556 1460 588; x_wconf 72' lang='grc' dir='ltr'><strong>ι</strong></span> <span class='ocrx_word' id='word_1_35' title='bbox 1487 538 1648 600; x_wconf 80' lang='lat' dir='ltr'><strong>Audi,</strong></span> <span class='ocrx_word' id='word_1_36' title='bbox 1682 539 1878 606; x_wconf 89' lang='lat' dir='ltr'><strong>inquit,</strong></span> <span class='ocrx_word' id='word_1_37' title='bbox 1912 540 2009 603; x_wconf 88' lang='lat' dir='ltr'><strong>lili,</strong></span> 
     </span>
    </p>
   </div>
   <div class='ocr_carea' id='block_1_7' title="bbox 439 628 2013 702">
    <p class='ocr_par' dir='ltr' id='par_1_7' title="bbox 439 628 2013 702">
     <span class='ocr_line' id='line_1_7' title="bbox 439 628 2013 702; baseline -0.003 -13"><span class='ocrx_word' id='word_1_38' title='bbox 439 632 785 702; x_wconf 82' lang='lat' dir='ltr'><strong>disciplinam</strong></span> <span class='ocrx_word' id='word_1_39' title='bbox 826 630 998 700; x_wconf 56' lang='lat' dir='ltr'><strong>iatris</strong></span> <span class='ocrx_word' id='word_1_40' title='bbox 1033 630 1132 692; x_wconf 88' lang='lat' dir='ltr'><strong>tui,</strong></span> <span class='ocrx_word' id='word_1_41' title='bbox 1164 637 1219 683; x_wconf 91' lang='lat' dir='ltr'><strong>et</strong></span> <span class='ocrx_word' id='word_1_42' title='bbox 1260 645 1328 683; x_wconf 90' lang='lat' dir='ltr'><strong>ne</strong></span> <span class='ocrx_word' id='word_1_43' title='bbox 1370 628 1601 697; x_wconf 88' lang='lat' dir='ltr'><strong>abjicias</strong></span> <span class='ocrx_word' id='word_1_44' title='bbox 1630 629 1775 698; x_wconf 82' lang='lat' dir='ltr'>leges</span> <span class='ocrx_word' id='word_1_45' title='bbox 1824 630 2013 685; x_wconf 90' lang='lat' dir='ltr'><strong>matris</strong></span> 
     </span>
    </p>
   </div>
   <div class='ocr_carea' id='block_1_8' title="bbox 438 723 2015 785">
    <p class='ocr_par' dir='ltr' id='par_1_8' title="bbox 438 723 2015 785">
     <span class='ocr_line' id='line_1_8' title="bbox 438 723 2015 785; baseline -0.001 -4"><span class='ocrx_word' id='word_1_46' title='bbox 438 736 545 781; x_wconf 68' lang='lat' dir='ltr'><strong>tua:</strong></span> <span class='ocrx_word' id='word_1_47' title='bbox 571 727 635 780; x_wconf 78' lang='grc'>⁸³.</span> <span class='ocrx_word' id='word_1_48' title='bbox 667 744 686 777; x_wconf 70' lang='grc' dir='ltr'><strong>ι</strong></span> <span class='ocrx_word' id='word_1_49' title='bbox 726 723 978 777; x_wconf 77' lang='lat' dir='ltr'><strong>Profecto</strong></span> <span class='ocrx_word' id='word_1_50' title='bbox 1006 723 1269 777; x_wconf 82' lang='lat' dir='ltr'><strong>hactenus</strong></span> <span class='ocrx_word' id='word_1_51' title='bbox 1300 738 1408 775; x_wconf 91' lang='lat' dir='ltr'><strong>non</strong></span> <span class='ocrx_word' id='word_1_52' title='bbox 1442 723 1765 785; x_wconf 90' lang='lat' dir='ltr'><strong>audierunt;</strong></span> <span class='ocrx_word' id='word_1_53' title='bbox 1797 737 1922 775; x_wconf 91' lang='lat' dir='ltr'><strong>nam</strong></span> <span class='ocrx_word' id='word_1_54' title='bbox 1956 739 2015 779; x_wconf 90' lang='lat' dir='ltr'><strong>se</strong></span> 
     </span>
    </p>
   </div>
   <div class='ocr_carea' id='block_1_9' title="bbox 437 804 2013 886">
    <p class='ocr_par' dir='ltr' id='par_1_9' title="bbox 437 804 2013 886">
     <span class='ocr_line' id='line_1_9' title="bbox 437 804 2013 886; baseline -0.001 -14"><span class='ocrx_word' id='word_1_55' title='bbox 437 818 681 872; x_wconf 88' lang='lat' dir='ltr'><strong>audiisse</strong></span> <span class='ocrx_word' id='word_1_56' title='bbox 726 824 1003 886; x_wconf 88' lang='lat' dir='ltr'><strong>putantes,</strong></span> <span class='ocrx_word' id='word_1_57' title='bbox 1053 830 1336 885; x_wconf 81' lang='lat' dir='ltr'><strong>perperam</strong></span> <span class='ocrx_word' id='word_1_58' title='bbox 1383 804 1702 883; x_wconf 87' lang='lat' dir='ltr'><strong>audierunt;</strong></span> <span class='ocrx_word' id='word_1_59' title='bbox 1751 815 2013 871; x_wconf 90' lang='lat' dir='ltr'><strong>derelicto</strong></span> 
     </span>
    </p>
   </div>
   <div class='ocr_carea' id='block_1_10' title="bbox 436 907 2015 977">
    <p class='ocr_par' dir='ltr' id='par_1_10' title="bbox 436 907 2015 977">
     <span class='ocr_line' id='line_1_10' title="bbox 436 907 2015 977; baseline -0.001 -12"><span class='ocrx_word' id='word_1_60' title='bbox 436 928 549 965; x_wconf 86' lang='lat' dir='ltr'><strong>uno</strong></span> <span class='ocrx_word' id='word_1_61' title='bbox 579 926 643 964; x_wconf 91' lang='lat' dir='ltr'><strong>ac</strong></span> <span class='ocrx_word' id='word_1_62' title='bbox 673 911 790 965; x_wconf 89' lang='lat' dir='ltr'><strong>solo</strong></span> <span class='ocrx_word' id='word_1_63' title='bbox 820 924 948 963; x_wconf 89' lang='lat' dir='ltr'><strong>vero</strong></span> <span class='ocrx_word' id='word_1_64' title='bbox 978 908 1107 969; x_wconf 88' lang='lat' dir='ltr'><strong>Deo,</strong></span> <span class='ocrx_word' id='word_1_65' title='bbox 1134 915 1189 962; x_wconf 89' lang='lat' dir='ltr'><strong>et</strong></span> <span class='ocrx_word' id='word_1_66' title='bbox 1229 907 1297 960; x_wconf 92' lang='lat' dir='ltr'><strong>ad</strong></span> <span class='ocrx_word' id='word_1_67' title='bbox 1327 908 1663 977; x_wconf 88' lang='lat' dir='ltr'><strong>perniciosas</strong></span> <span class='ocrx_word' id='word_1_68' title='bbox 1712 919 1876 976; x_wconf 82' lang='lat' dir='ltr'><strong>atque</strong></span> <span class='ocrx_word' id='word_1_69' title='bbox 1916 924 2015 963; x_wconf 82' lang='lat' dir='ltr'><strong>ex-</strong></span> 
     </span>
    </p>
   </div>
   <div class='ocr_carea' id='block_1_11' title="bbox 439 999 2014 1073">
    <p class='ocr_par' dir='ltr' id='par_1_11' title="bbox 439 999 2014 1073">
     <span class='ocr_line' id='line_1_11' title="bbox 439 999 2014 1073; baseline -0.001 -16"><span class='ocrx_word' id='word_1_70' title='bbox 439 1003 733 1058; x_wconf 88' lang='lat' dir='ltr'><strong>secrabiles</strong></span> <span class='ocrx_word' id='word_1_71' title='bbox 775 1002 1011 1073; x_wconf 68' lang='lat' dir='ltr'><strong>haereses</strong></span> <span class='ocrx_word' id='word_1_72' title='bbox 1056 1000 1340 1065; x_wconf 83' lang='lat' dir='ltr'><strong>distracti,</strong></span> <span class='ocrx_word' id='word_1_73' title='bbox 1388 999 1455 1055; x_wconf 89' lang='lat' dir='ltr'><strong>de</strong></span> <span class='ocrx_word' id='word_1_74' title='bbox 1495 1001 1699 1070; x_wconf 89' lang='lat' dir='ltr'><strong>quibus</strong></span> <span class='ocrx_word' id='word_1_75' title='bbox 1741 999 1883 1055; x_wconf 84' lang='lat' dir='ltr'><strong>inl‘ra</strong></span> <span class='ocrx_word' id='word_1_76' title='bbox 1928 1001 2014 1056; x_wconf 89' lang='lat' dir='ltr'><strong>di-</strong></span> 
     </span>
    </p>
   </div>
   <div class='ocr_carea' id='block_1_12' title="bbox 437 1113 645 1154">
    <p class='ocr_par' dir='ltr' id='par_1_12' title="bbox 437 1113 645 1154">
     <span class='ocr_line' id='line_1_12' title="bbox 437 1113 645 1154; baseline 0 -3"><span class='ocrx_word' id='word_1_77' title='bbox 437 1113 645 1154; x_wconf 90' lang='lat' dir='ltr'><strong>cemus.</strong></span> 
     </span>
    </p>
   </div>
   <div class='ocr_carea' id='block_1_13' title="bbox 1029 1206 1415 1261">
    <p class='ocr_par' dir='ltr' id='par_1_13' title="bbox 1029 1206 1415 1261">
     <span class='ocr_line' id='line_1_13' title="bbox 1029 1206 1415 1261; baseline 0 0"><span class='ocrx_word' id='word_1_78' title='bbox 1029 1206 1261 1261; x_wconf 76' lang='lat' dir='ltr'><strong>CAPUT</strong></span> <span class='ocrx_word' id='word_1_79' title='bbox 1302 1206 1415 1261; x_wconf 84' lang='lat' dir='ltr'>VII.</span> 
     </span>
    </p>
   </div>
   <div class='ocr_carea' id='block_1_14' title="bbox 510 1297 1939 1381">
    <p class='ocr_par' dir='ltr' id='par_1_14' title="bbox 510 1297 1939 1381">
     <span class='ocr_line' id='line_1_14' title="bbox 510 1297 1939 1381; baseline -0.002 -24"><span class='ocrx_word' id='word_1_80' title='bbox 510 1304 733 1371; x_wconf 80' lang='lat' dir='ltr'><strong>Qualem</strong></span> <span class='ocrx_word' id='word_1_81' title='bbox 765 1310 964 1369; x_wconf 80' lang='lat' dir='ltr'><strong>oportet</strong></span> <span class='ocrx_word' id='word_1_82' title='bbox 993 1316 1112 1379; x_wconf 34' lang='lat' dir='ltr'><strong>esse.</strong></span> <span class='ocrx_word' id='word_1_83' title='bbox 1132 1317 1251 1381; x_wconf 61' lang='lat' dir='ltr'><strong>eum</strong></span> <span class='ocrx_word' id='word_1_84' title='bbox 1280 1301 1371 1368; x_wconf 85' lang='lat' dir='ltr'><strong>qui</strong></span> <span class='ocrx_word' id='word_1_85' title='bbox 1399 1315 1490 1368; x_wconf 85' lang='lat' dir='ltr'><strong>per</strong></span> <span class='ocrx_word' id='word_1_86' title='bbox 1518 1297 1833 1367; x_wconf 78' lang='lat' dir='ltr'><strong>baptismum</strong></span> <span class='ocrx_word' id='word_1_87' title='bbox 1863 1311 1939 1354; x_wconf 81' lang='lat' dir='ltr'><strong>est</strong></span> 
     </span>
    </p>
   </div>
   <div class='ocr_carea' id='block_1_15' title="bbox 1098 1380 1363 1426">
    <p class='ocr_par' dir='ltr' id='par_1_15' title="bbox 1098 1380 1363 1426">
     <span class='ocr_line' id='line_1_15' title="bbox 1098 1380 1363 1426; baseline 0.015 -4"><span class='ocrx_word' id='word_1_88' title='bbox 1098 1380 1363 1426; x_wconf 75' lang='lat' dir='ltr'><strong>mutatus.</strong></span> 
     </span>
    </p>
   </div>
   <div class='ocr_carea' id='block_1_16' title="bbox 512 1462 2008 1531">
    <p class='ocr_par' dir='ltr' id='par_1_16' title="bbox 512 1462 2008 1531">
     <span class='ocr_line' id='line_1_16' title="bbox 512 1462 2008 1531; baseline -0.001 -12"><span class='ocrx_word' id='word_1_89' title='bbox 512 1466 739 1528; x_wconf 88' lang='lat' dir='ltr'><strong>Scitote,</strong></span> <span class='ocrx_word' id='word_1_90' title='bbox 768 1462 1100 1524; x_wconf 88' lang='lat' dir='ltr'><strong>charissimi,</strong></span> <span class='ocrx_word' id='word_1_91' title='bbox 1131 1462 1276 1530; x_wconf 88' lang='lat' dir='ltr'><strong>quod</strong></span> <span class='ocrx_word' id='word_1_92' title='bbox 1309 1463 1398 1531; x_wconf 85' lang='lat' dir='ltr'><strong>qui</strong></span> <span class='ocrx_word' id='word_1_93' title='bbox 1432 1462 1487 1516; x_wconf 89' lang='lat' dir='ltr'><strong>in</strong></span> <span class='ocrx_word' id='word_1_94' title='bbox 1527 1470 1757 1517; x_wconf 85' lang='lat' dir='ltr'><strong>mortem</strong></span> <span class='ocrx_word' id='word_1_95' title='bbox 1797 1462 2008 1518; x_wconf 86' lang='lat' dir='ltr'><strong>Domini</strong></span> 
     </span>
    </p>
   </div>
   <div class='ocr_carea' id='block_1_17' title="bbox 435 1554 2009 1623">
    <p class='ocr_par' dir='ltr' id='par_1_17' title="bbox 435 1554 2009 1623">
     <span class='ocr_line' id='line_1_17' title="bbox 435 1554 2009 1623; baseline -0.001 -12"><span class='ocrx_word' id='word_1_96' title='bbox 435 1557 564 1612; x_wconf 85' lang='lat' dir='ltr'><strong>Jesu</strong></span> <span class='ocrx_word' id='word_1_97' title='bbox 599 1563 726 1611; x_wconf 91' lang='lat' dir='ltr'><strong>sunt</strong></span> <span class='ocrx_word' id='word_1_98' title='bbox 776 1554 1058 1623; x_wconf 82' lang='lat' dir='ltr'><strong>baptizati,</strong></span> <span class='ocrx_word' id='word_1_99' title='bbox 1091 1569 1199 1607; x_wconf 89' lang='lat' dir='ltr'><strong>non</strong></span> <span class='ocrx_word' id='word_1_100' title='bbox 1240 1554 1437 1608; x_wconf 89' lang='lat' dir='ltr'><strong>debent</strong></span> <span class='ocrx_word' id='word_1_101' title='bbox 1486 1555 1724 1623; x_wconf 87' lang='lat' dir='ltr'><strong>amplius</strong></span> <span class='ocrx_word' id='word_1_102' title='bbox 1760 1569 2009 1623; x_wconf 83' lang='lat' dir='ltr'><strong>peccare.</strong></span> 
     </span>
    </p>
   </div>
   <div class='ocr_carea' id='block_1_18' title="bbox 436 1646 2012 1714">
    <p class='ocr_par' dir='ltr' id='par_1_18' title="bbox 436 1646 2012 1714">
     <span class='ocr_line' id='line_1_18' title="bbox 436 1646 2012 1714; baseline -0.001 -12"><span class='ocrx_word' id='word_1_103' title='bbox 436 1649 570 1702; x_wconf 84' lang='lat' dir='ltr'><strong>Nam</strong></span> <span class='ocrx_word' id='word_1_104' title='bbox 603 1649 746 1703; x_wconf 89' lang='lat' dir='ltr'><strong>sicut</strong></span> <span class='ocrx_word' id='word_1_105' title='bbox 774 1646 994 1707; x_wconf 80' lang='lat' dir='ltr'><strong>mortui,</strong></span> <span class='ocrx_word' id='word_1_106' title='bbox 1027 1646 1236 1713; x_wconf 84' lang='lat' dir='ltr'><strong>peccati</strong></span> <span class='ocrx_word' id='word_1_107' title='bbox 1260 1660 1491 1714; x_wconf 85' lang='lat' dir='ltr'><strong>capaces</strong></span> <span class='ocrx_word' id='word_1_108' title='bbox 1519 1661 1628 1698; x_wconf 92' lang='lat' dir='ltr'><strong>non</strong></span> <span class='ocrx_word' id='word_1_109' title='bbox 1661 1654 1824 1711; x_wconf 90' lang='lat' dir='ltr'><strong>sunt;</strong></span> <span class='ocrx_word' id='word_1_110' title='bbox 1856 1647 1928 1698; x_wconf 85' lang='lat' dir='ltr'><strong>ita</strong></span> <span class='ocrx_word' id='word_1_111' title='bbox 1958 1654 2012 1700; x_wconf 89' lang='lat' dir='ltr'><strong>et</strong></span> 
     </span>
    </p>
   </div>
   <div class='ocr_carea' id='block_1_19' title="bbox 435 1736 2009 1806">
    <p class='ocr_par' dir='ltr' id='par_1_19' title="bbox 435 1736 2009 1806">
     <span class='ocr_line' id='line_1_19' title="bbox 435 1736 2009 1806; baseline -0.001 -13"><span class='ocrx_word' id='word_1_112' title='bbox 435 1740 655 1794; x_wconf 84' lang='lat' dir='ltr'><strong>Christo</strong></span> <span class='ocrx_word' id='word_1_113' title='bbox 726 1738 1084 1803; x_wconf 89' lang='lat' dir='ltr'><strong>commortui,</strong></span> <span class='ocrx_word' id='word_1_114' title='bbox 1146 1744 1429 1806; x_wconf 86' lang='lat' dir='ltr'><strong>peccatum</strong></span> <span class='ocrx_word' id='word_1_115' title='bbox 1496 1736 1839 1791; x_wconf 84' lang='lat' dir='ltr'><strong>committere</strong></span> <span class='ocrx_word' id='word_1_116' title='bbox 1908 1753 2009 1792; x_wconf 80' lang='lat' dir='ltr'><strong>ne-</strong></span> 
     </span>
    </p>
   </div>
   <div class='ocr_carea' id='block_1_20' title="bbox 2112 540 3689 614">
    <p class='ocr_par' dir='ltr' id='par_1_20' title="bbox 2112 540 3689 614">
     <span class='ocr_line' id='line_1_20' title="bbox 2112 540 3689 614; baseline 0.004 -23"><span class='ocrx_word' id='word_1_117' title='bbox 2112 540 2372 593; x_wconf 80' lang='grc' dir='ltr'><strong>ἀκουέτω.</strong></span> <span class='ocrx_word' id='word_1_118' title='bbox 2400 561 2418 592; x_wconf 72' lang='grc' dir='ltr'><strong>ι</strong></span> <span class='ocrx_word' id='word_1_119' title='bbox 2462 543 2570 594; x_wconf 80' lang='grc' dir='ltr'><strong>Καὶ</strong></span> <span class='ocrx_word' id='word_1_120' title='bbox 2614 544 2642 595; x_wconf 99' lang='lat'><strong>6</strong></span> <span class='ocrx_word' id='word_1_121' title='bbox 2687 542 2848 613; x_wconf 83' lang='grc' dir='ltr'>σοφὸς</span> <span class='ocrx_word' id='word_1_122' title='bbox 2884 542 3133 614; x_wconf 84' lang='grc' dir='ltr'>Σολομὼν</span> <span class='ocrx_word' id='word_1_123' title='bbox 3181 558 3361 612; x_wconf 82' lang='grc' dir='ltr'>φησιν·</span> <span class='ocrx_word' id='word_1_124' title='bbox 3419 561 3436 593; x_wconf 77' lang='grc' dir='ltr'><strong>ι</strong></span> <span class='ocrx_word' id='word_1_125' title='bbox 3467 543 3689 610; x_wconf 82' lang='grc' dir='ltr'>Ἀκουε,</span> 
     </span>
    </p>
   </div>
   <div class='ocr_carea' id='block_1_21' title="bbox 2113 631 3689 706">
    <p class='ocr_par' dir='ltr' id='par_1_21' title="bbox 2113 631 3689 706">
     <span class='ocr_line' id='line_1_21' title="bbox 2113 631 3689 706; baseline 0.011 -25"><span class='ocrx_word' id='word_1_126' title='bbox 2113 631 2215 694; x_wconf 81' lang='grc' dir='ltr'>υἱὲ,</span> <span class='ocrx_word' id='word_1_127' title='bbox 2236 631 2483 685; x_wconf 78' lang='grc' dir='ltr'><strong>παιδείαν</strong></span> <span class='ocrx_word' id='word_1_128' title='bbox 2517 633 2721 704; x_wconf 86' lang='grc' dir='ltr'>πατρός</span> <span class='ocrx_word' id='word_1_129' title='bbox 2742 651 2857 697; x_wconf 91' lang='grc' dir='ltr'>σου,</span> <span class='ocrx_word' id='word_1_130' title='bbox 2881 636 2974 688; x_wconf 77' lang='grc' dir='ltr'><strong>καὶ</strong></span> <span class='ocrx_word' id='word_1_131' title='bbox 3006 635 3079 705; x_wconf 86' lang='grc' dir='ltr'>μὴ</span> <span class='ocrx_word' id='word_1_132' title='bbox 3109 633 3302 704; x_wconf 80' lang='grc' dir='ltr'>ἀπώσῃ</span> <span class='ocrx_word' id='word_1_133' title='bbox 3324 632 3557 703; x_wconf 76' lang='grc' dir='ltr'>θεσμοὺς</span> <span class='ocrx_word' id='word_1_134' title='bbox 3587 653 3689 706; x_wconf 83' lang='grc' dir='ltr'>μη-</span> 
     </span>
    </p>
   </div>
   <div class='ocr_carea' id='block_1_22' title="bbox 2111 725 3690 798">
    <p class='ocr_par' dir='ltr' id='par_1_22' title="bbox 2111 725 3690 798">
     <span class='ocr_line' id='line_1_22' title="bbox 2111 725 3690 798; baseline 0.004 -23"><span class='ocrx_word' id='word_1_135' title='bbox 2111 725 2238 795; x_wconf 88' lang='grc' dir='ltr'>τρός</span> <span class='ocrx_word' id='word_1_136' title='bbox 2268 741 2380 777; x_wconf 91' lang='grc' dir='ltr'>σου.</span> <span class='ocrx_word' id='word_1_137' title='bbox 2409 744 2427 774; x_wconf 72' lang='grc' dir='ltr'><strong>ι</strong></span> <span class='ocrx_word' id='word_1_138' title='bbox 2461 726 2571 777; x_wconf 54' lang='grc' dir='ltr'><strong>Καὶ¹</strong></span> <span class='ocrx_word' id='word_1_139' title='bbox 2603 729 2762 797; x_wconf 88' lang='grc' dir='ltr'>μέχρι</span> <span class='ocrx_word' id='word_1_140' title='bbox 2793 729 3030 798; x_wconf 76' lang='grc' dir='ltr'>σήμερον</span> <span class='ocrx_word' id='word_1_141' title='bbox 3057 729 3157 780; x_wconf 84' lang='grc' dir='ltr'><strong>οὐκ</strong></span> <span class='ocrx_word' id='word_1_142' title='bbox 3192 729 3447 797; x_wconf 60' lang='grc' dir='ltr'>ἥκουσαν</span> <span class='ocrx_word' id='word_1_143' title='bbox 3483 728 3577 780; x_wconf 75' lang='grc' dir='ltr'><strong>καὶ</strong></span> <span class='ocrx_word' id='word_1_144' title='bbox 3604 729 3690 782; x_wconf 80' lang='grc' dir='ltr'>δο-</span> 
     </span>
    </p>
   </div>
   <div class='ocr_carea' id='block_1_23' title="bbox 2112 815 3691 890">
    <p class='ocr_par' dir='ltr' id='par_1_23' title="bbox 2112 815 3691 890">
     <span class='ocr_line' id='line_1_23' title="bbox 2112 815 3691 890; baseline 0.003 -23"><span class='ocrx_word' id='word_1_145' title='bbox 2112 815 2333 879; x_wconf 82' lang='grc' dir='ltr'>κοῦντες</span> <span class='ocrx_word' id='word_1_146' title='bbox 2378 816 2486 888; x_wconf 85' lang='grc' dir='ltr'>γὰρ</span> <span class='ocrx_word' id='word_1_147' title='bbox 2518 816 2627 887; x_wconf 74' lang='grc'><strong>(21)</strong></span> <span class='ocrx_word' id='word_1_148' title='bbox 2666 820 2983 887; x_wconf 82' lang='grc' dir='ltr'>ἀκηκοέναι,</span> <span class='ocrx_word' id='word_1_149' title='bbox 3032 820 3408 890; x_wconf 83' lang='grc' dir='ltr'>παρήκουσαν,</span> <span class='ocrx_word' id='word_1_150' title='bbox 3439 819 3691 872; x_wconf 84' lang='grc' dir='ltr'>καταλεί-</span> 
     </span>
    </p>
   </div>
   <div class='ocr_carea' id='block_1_24' title="bbox 2110 907 3692 984">
    <p class='ocr_par' dir='ltr' id='par_1_24' title="bbox 2110 907 3692 984">
     <span class='ocr_line' id='line_1_24' title="bbox 2110 907 3692 984; baseline 0.003 -24"><span class='ocrx_word' id='word_1_151' title='bbox 2110 907 2307 977; x_wconf 69' lang='grc' dir='ltr'>ψαντες</span> <span class='ocrx_word' id='word_1_152' title='bbox 2334 910 2423 962; x_wconf 84' lang='grc' dir='ltr'><strong>τὸν</strong></span> <span class='ocrx_word' id='word_1_153' title='bbox 2452 911 2546 962; x_wconf 75' lang='grc' dir='ltr'><strong>ἕνα</strong></span> <span class='ocrx_word' id='word_1_154' title='bbox 2589 913 2681 964; x_wconf 75' lang='grc' dir='ltr'><strong>καὶ</strong></span> <span class='ocrx_word' id='word_1_155' title='bbox 2714 913 2871 981; x_wconf 75' lang='grc' dir='ltr'>μόνον</span> <span class='ocrx_word' id='word_1_156' title='bbox 2899 912 3147 984; x_wconf 84' lang='grc' dir='ltr'>ἀληθινὸν</span> <span class='ocrx_word' id='word_1_157' title='bbox 3189 912 3339 975; x_wconf 82' lang='grc' dir='ltr'>Θεὸν,</span> <span class='ocrx_word' id='word_1_158' title='bbox 3368 912 3462 964; x_wconf 70' lang='grc' dir='ltr'>καὶ</span> <span class='ocrx_word' id='word_1_159' title='bbox 3487 914 3566 975; x_wconf 82' lang='grc' dir='ltr'><strong>είς</strong></span> <span class='ocrx_word' id='word_1_160' title='bbox 3592 913 3692 977; x_wconf 82' lang='grc' dir='ltr'><strong>τὰς</strong></span> 
     </span>
    </p>
   </div>
   <div class='ocr_carea' id='block_1_25' title="bbox 2112 999 3687 1076">
    <p class='ocr_par' dir='ltr' id='par_1_25' title="bbox 2112 999 3687 1076">
     <span class='ocr_line' id='line_1_25' title="bbox 2112 999 3687 1076; baseline 0.005 -25"><span class='ocrx_word' id='word_1_161' title='bbox 2112 1000 2382 1072; x_wconf 80' lang='grc' dir='ltr'>ὀλεθρίους</span> <span class='ocrx_word' id='word_1_162' title='bbox 2413 1004 2505 1055; x_wconf 73' lang='grc' dir='ltr'><strong>καὶ</strong></span> <span class='ocrx_word' id='word_1_163' title='bbox 2546 1002 2722 1067; x_wconf 82' lang='grc' dir='ltr'>δεινάς</span> <span class='ocrx_word' id='word_1_164' title='bbox 2749 1005 2985 1076; x_wconf 83' lang='grc' dir='ltr'>αἱρέσεις</span> <span class='ocrx_word' id='word_1_165' title='bbox 3014 1006 3428 1076; x_wconf 81' lang='grc' dir='ltr'>κατασυρέντες,</span> <span class='ocrx_word' id='word_1_166' title='bbox 3458 1006 3585 1075; x_wconf 77' lang='grc' dir='ltr'>περὶ</span> <span class='ocrx_word' id='word_1_167' title='bbox 3612 999 3687 1059; x_wconf 83' lang='grc' dir='ltr'>ὧν</span> 
     </span>
    </p>
   </div>
   <div class='ocr_carea' id='block_1_26' title="bbox 2110 1089 2549 1165">
    <p class='ocr_par' dir='ltr' id='par_1_26' title="bbox 2110 1089 2549 1165">
     <span class='ocr_line' id='line_1_26' title="bbox 2110 1089 2549 1165; baseline 0.005 -20"><span class='ocrx_word' id='word_1_168' title='bbox 2110 1089 2267 1157; x_wconf 74' lang='grc' dir='ltr'>αὖθις</span> <span class='ocrx_word' id='word_1_169' title='bbox 2296 1093 2421 1165; x_wconf 87' lang='grc' dir='ltr'>ἐροῦ</span> <span class='ocrx_word' id='word_1_170' title='bbox 2431 1111 2549 1165; x_wconf 91' lang='grc' dir='ltr'>μεν.</span> 
     </span>
    </p>
   </div>
   <div class='ocr_carea' id='block_1_27' title="bbox 2639 1210 3143 1263">
    <p class='ocr_par' dir='ltr' id='par_1_27' title="bbox 2639 1210 3143 1263">
     <span class='ocr_line' id='line_1_27' title="bbox 2639 1210 3143 1263; baseline 0.002 -2"><span class='ocrx_word' id='word_1_171' title='bbox 2639 1210 3033 1263; x_wconf 80' lang='grc' dir='ltr'><strong>ΚΕΦΑΛᾹΙΟΝ</strong></span> <span class='ocrx_word' id='word_1_172' title='bbox 3069 1211 3143 1262; x_wconf 90' lang='lat' dir='ltr'><strong>Z&#39;.</strong></span> 
     </span>
    </p>
   </div>
   <div class='ocr_carea' id='block_1_28' title="bbox 2388 1302 3411 1372">
    <p class='ocr_par' dir='ltr' id='par_1_28' title="bbox 2388 1302 3411 1372">
     <span class='ocr_line' id='line_1_28' title="bbox 2388 1302 3411 1372; baseline 0.001 -17"><span class='ocrx_word' id='word_1_173' title='bbox 2388 1303 2528 1357; x_wconf 81' lang='grc' dir='ltr'><strong>Οἷον</strong></span> <span class='ocrx_word' id='word_1_174' title='bbox 2556 1302 2672 1372; x_wconf 78' lang='grc' dir='ltr'>χρὴ</span> <span class='ocrx_word' id='word_1_175' title='bbox 2702 1304 2853 1356; x_wconf 72' lang='grc' dir='ltr'>εἶναι</span> <span class='ocrx_word' id='word_1_176' title='bbox 2882 1303 2989 1357; x_wconf 74' lang='grc' dir='ltr'>τὸν</span> <span class='ocrx_word' id='word_1_177' title='bbox 3010 1302 3411 1372; x_wconf 75' lang='grc' dir='ltr'>μεμυημένον.</span> 
     </span>
    </p>
   </div>
   <div class='ocr_carea' id='block_1_29' title="bbox 2181 1457 3688 1532">
    <p class='ocr_par' dir='ltr' id='par_1_29' title="bbox 2181 1457 3688 1532">
     <span class='ocr_line' id='line_1_29' title="bbox 2181 1457 3688 1532; baseline 0.005 -24"><span class='ocrx_word' id='word_1_178' title='bbox 2181 1457 2423 1510; x_wconf 75' lang='grc' dir='ltr'>Γνωστὸν</span> <span class='ocrx_word' id='word_1_179' title='bbox 2466 1459 2520 1511; x_wconf 83' lang='grc' dir='ltr'><strong>δὲ</strong></span> <span class='ocrx_word' id='word_1_180' title='bbox 2564 1458 2702 1512; x_wconf 77' lang='grc' dir='ltr'>ἔστω</span> <span class='ocrx_word' id='word_1_181' title='bbox 2744 1460 2889 1529; x_wconf 76' lang='grc' dir='ltr'>ὑμῖν,</span> <span class='ocrx_word' id='word_1_182' title='bbox 2929 1460 3220 1531; x_wconf 76' lang='grc' dir='ltr'>ἀγαπητοὶ,</span> <span class='ocrx_word' id='word_1_183' title='bbox 3254 1462 3341 1514; x_wconf 83' lang='grc' dir='ltr'><strong>ὅτι</strong></span> <span class='ocrx_word' id='word_1_184' title='bbox 3382 1464 3429 1514; x_wconf 93' lang='grc' dir='ltr'>οἱ</span> <span class='ocrx_word' id='word_1_185' title='bbox 3464 1463 3688 1532; x_wconf 84' lang='grc' dir='ltr'>βαπτισ-</span> 
     </span>
    </p>
   </div>
   <div class='ocr_carea' id='block_1_30' title="bbox 2112 1548 3687 1623">
    <p class='ocr_par' dir='ltr' id='par_1_30' title="bbox 2112 1548 3687 1623">
     <span class='ocr_line' id='line_1_30' title="bbox 2112 1548 3687 1623; baseline 0.006 -23"><span class='ocrx_word' id='word_1_186' title='bbox 2112 1548 2292 1612; x_wconf 83' lang='grc' dir='ltr'>θέντες</span> <span class='ocrx_word' id='word_1_187' title='bbox 2334 1551 2414 1612; x_wconf 74' lang='lat' dir='ltr'><strong>ei;</strong></span> <span class='ocrx_word' id='word_1_188' title='bbox 2461 1550 2550 1602; x_wconf 77' lang='grc' dir='ltr'><strong>τὸν</strong></span> <span class='ocrx_word' id='word_1_189' title='bbox 2598 1551 2826 1603; x_wconf 87' lang='grc' dir='ltr'>θάνατον</span> <span class='ocrx_word' id='word_1_190' title='bbox 2872 1551 2965 1604; x_wconf 84' lang='grc' dir='ltr'><strong>τοῦ</strong></span> <span class='ocrx_word' id='word_1_191' title='bbox 3015 1553 3218 1623; x_wconf 83' lang='grc' dir='ltr'>Κυρίου</span> <span class='ocrx_word' id='word_1_192' title='bbox 3262 1554 3457 1623; x_wconf 82' lang='grc' dir='ltr'>Ἰησοῦ,</span> <span class='ocrx_word' id='word_1_193' title='bbox 3504 1557 3687 1612; x_wconf 76' lang='grc' dir='ltr'>οὐκέτι</span> 
     </span>
    </p>
   </div>
   <div class='ocr_carea' id='block_1_31' title="bbox 2111 1641 3687 1717">
    <p class='ocr_par' dir='ltr' id='par_1_31' title="bbox 2111 1641 3687 1717">
     <span class='ocr_line' id='line_1_31' title="bbox 2111 1641 3687 1717; baseline 0.006 -26"><span class='ocrx_word' id='word_1_194' title='bbox 2111 1641 2413 1709; x_wconf 78' lang='grc' dir='ltr'>ὀφείλουσιν</span> <span class='ocrx_word' id='word_1_195' title='bbox 2446 1643 2779 1713; x_wconf 84' lang='grc' dir='ltr'>ἁμαρτάνειν</span> <span class='ocrx_word' id='word_1_196' title='bbox 2808 1644 2856 1695; x_wconf 92' lang='grc' dir='ltr'>οἱ</span> <span class='ocrx_word' id='word_1_197' title='bbox 2901 1643 3150 1697; x_wconf 83' lang='grc' dir='ltr'>τοιοῦτοι.</span> <span class='ocrx_word' id='word_1_198' title='bbox 3196 1646 3281 1708; x_wconf 86' lang='grc' dir='ltr'>Ὡς</span> <span class='ocrx_word' id='word_1_199' title='bbox 3324 1646 3432 1717; x_wconf 81' lang='grc' dir='ltr'>γὰρ</span> <span class='ocrx_word' id='word_1_200' title='bbox 3460 1648 3509 1699; x_wconf 85' lang='grc' dir='ltr'>οἱ</span> <span class='ocrx_word' id='word_1_201' title='bbox 3553 1650 3687 1701; x_wconf 85' lang='grc' dir='ltr'>ἀπο-</span> 
     </span>
    </p>
   </div>
   <div class='ocr_carea' id='block_1_32' title="bbox 2111 1732 3688 1808">
    <p class='ocr_par' dir='ltr' id='par_1_32' title="bbox 2111 1732 3688 1808">
     <span class='ocr_line' id='line_1_32' title="bbox 2111 1732 3688 1808; baseline 0.006 -25"><span class='ocrx_word' id='word_1_202' title='bbox 2111 1732 2357 1795; x_wconf 86' lang='grc' dir='ltr'>θανόντες</span> <span class='ocrx_word' id='word_1_203' title='bbox 2372 1734 2520 1787; x_wconf 85' lang='grc' dir='ltr'>ἀνενέ</span> <span class='ocrx_word' id='word_1_204' title='bbox 2529 1751 2717 1805; x_wconf 84' lang='grc' dir='ltr'>ργητοι</span> <span class='ocrx_word' id='word_1_205' title='bbox 2738 1736 2872 1806; x_wconf 75' lang='grc' dir='ltr'>πρὸς</span> <span class='ocrx_word' id='word_1_206' title='bbox 2891 1737 3163 1806; x_wconf 85' lang='grc' dir='ltr'>ἁμαρτίαν</span> <span class='ocrx_word' id='word_1_207' title='bbox 3182 1738 3531 1808; x_wconf 79' lang='grc' dir='ltr'>ὑπάρχουσιν,</span> <span class='ocrx_word' id='word_1_208' title='bbox 3547 1739 3688 1793; x_wconf 69' lang='grc' dir='ltr'>οὕτω</span> 
     </span>
    </p>
   </div>
   <div class='ocr_carea' id='block_1_33' title="bbox 433 1804 2004 1903">
    <p class='ocr_par' dir='ltr' id='par_1_33' title="bbox 433 1828 2004 1901">
     <span class='ocr_line' id='line_1_33' title="bbox 433 1828 2004 1901; baseline -0.003 -15"><span class='ocrx_word' id='word_1_209' title='bbox 433 1839 660 1901; x_wconf 86' lang='lat' dir='ltr'><strong>queunt.</strong></span> <span class='ocrx_word' id='word_1_210' title='bbox 708 1830 913 1899; x_wconf 59' lang='lat' dir='ltr'><strong>Itaque,</strong></span> <span class='ocrx_word' id='word_1_211' title='bbox 949 1828 1171 1892; x_wconf 83' lang='lat' dir='ltr'><strong>fratres,</strong></span> <span class='ocrx_word' id='word_1_212' title='bbox 1216 1844 1323 1881; x_wconf 91' lang='lat' dir='ltr'><strong>non</strong></span> <span class='ocrx_word' id='word_1_213' title='bbox 1373 1828 1653 1882; x_wconf 85' lang='lat' dir='ltr'><strong>credimus</strong></span> <span class='ocrx_word' id='word_1_214' title='bbox 1699 1828 2004 1897; x_wconf 84' lang='lat' dir='ltr'><strong>quempiam</strong></span> 
     </span>
    </p>
   </div>
   <div class='ocr_carea' id='block_1_34' title="bbox 2105 1804 3689 1903">
    <p class='ocr_par' dir='ltr' id='par_1_34' title="bbox 2114 1825 3689 1903">
     <span class='ocr_line' id='line_1_34' title="bbox 2114 1825 3689 1903; baseline 0.006 -27"><span class='ocrx_word' id='word_1_215' title='bbox 2114 1825 2207 1876; x_wconf 80' lang='grc' dir='ltr'><strong>καὶ</strong></span> <span class='ocrx_word' id='word_1_216' title='bbox 2254 1826 2302 1877; x_wconf 89' lang='grc' dir='ltr'>οἱ</span> <span class='ocrx_word' id='word_1_217' title='bbox 2354 1826 2809 1890; x_wconf 87' lang='grc' dir='ltr'>συναποθανόντες</span> <span class='ocrx_word' id='word_1_218' title='bbox 2848 1828 2925 1898; x_wconf 86' lang='grc' dir='ltr'><strong>τῷ</strong></span> <span class='ocrx_word' id='word_1_219' title='bbox 2973 1830 3191 1900; x_wconf 81' lang='grc' dir='ltr'>Χριστῷ</span> <span class='ocrx_word' id='word_1_220' title='bbox 3233 1831 3503 1901; x_wconf 83' lang='grc' dir='ltr'>ἄπρακτοι</span> <span class='ocrx_word' id='word_1_221' title='bbox 3550 1834 3689 1903; x_wconf 75' lang='grc' dir='ltr'>πρὸς</span> 
     </span>
    </p>
   </div>
   <div class='ocr_carea' id='block_1_35' title="bbox 432 1920 2009 1990">
    <p class='ocr_par' dir='ltr' id='par_1_35' title="bbox 432 1920 2009 1990">
     <span class='ocr_line' id='line_1_35' title="bbox 432 1920 2009 1990; baseline -0.003 -12"><span class='ocrx_word' id='word_1_222' title='bbox 432 1926 557 1978; x_wconf 72' lang='lat' dir='ltr'><strong>vita:</strong></span> <span class='ocrx_word' id='word_1_223' title='bbox 584 1925 805 1977; x_wconf 90' lang='lat' dir='ltr'><strong>lavacro</strong></span> <span class='ocrx_word' id='word_1_224' title='bbox 833 1923 1025 1985; x_wconf 87' lang='lat' dir='ltr'><strong>lotum,</strong></span> <span class='ocrx_word' id='word_1_225' title='bbox 1057 1920 1235 1974; x_wconf 90' lang='lat' dir='ltr'><strong>adhuc</strong></span> <span class='ocrx_word' id='word_1_226' title='bbox 1279 1921 1593 1989; x_wconf 89' lang='lat' dir='ltr'><strong>iniquorum</strong></span> <span class='ocrx_word' id='word_1_227' title='bbox 1629 1921 1814 1990; x_wconf 85' lang='lat' dir='ltr'><strong>llagitii</strong></span> <span class='ocrx_word' id='word_1_228' title='bbox 1846 1937 1903 1975; x_wconf 88' lang='lat' dir='ltr'><strong>se</strong></span> <span class='ocrx_word' id='word_1_229' title='bbox 1935 1921 2009 1973; x_wconf 89' lang='lat' dir='ltr'><strong>in-</strong></span> 
     </span>
    </p>
   </div>
   <div class='ocr_carea' id='block_1_36' title="bbox 433 2013 2008 2086">
    <p class='ocr_par' dir='ltr' id='par_1_36' title="bbox 433 2013 2008 2086">
     <span class='ocr_line' id='line_1_36' title="bbox 433 2013 2008 2086; baseline -0.001 -18"><span class='ocrx_word' id='word_1_230' title='bbox 433 2020 679 2086; x_wconf 87' lang='lat' dir='ltr'><strong>quinare.</strong></span> <span class='ocrx_word' id='word_1_231' title='bbox 710 2015 812 2080; x_wconf 85' lang='lat' dir='ltr'><strong>Qui</strong></span> <span class='ocrx_word' id='word_1_232' title='bbox 845 2022 1025 2068; x_wconf 91' lang='lat' dir='ltr'><strong>autem</strong></span> <span class='ocrx_word' id='word_1_233' title='bbox 1058 2022 1180 2083; x_wconf 91' lang='lat' dir='ltr'><strong>post</strong></span> <span class='ocrx_word' id='word_1_234' title='bbox 1209 2014 1540 2082; x_wconf 80' lang='lat' dir='ltr'><strong>baptismum</strong></span> <span class='ocrx_word' id='word_1_235' title='bbox 1572 2013 1883 2081; x_wconf 81' lang='lat' dir='ltr'><strong>deliquerit.</strong></span> <span class='ocrx_word' id='word_1_236' title='bbox 1921 2014 2008 2067; x_wconf 91' lang='lat' dir='ltr'><strong>hic</strong></span> 
     </span>
    </p>
   </div>
   <div class='ocr_carea' id='block_1_37' title="bbox 433 2104 2006 2176">
    <p class='ocr_par' dir='ltr' id='par_1_37' title="bbox 433 2104 2006 2176">
     <span class='ocr_line' id='line_1_37' title="bbox 433 2104 2006 2176; baseline -0.004 -13"><span class='ocrx_word' id='word_1_237' title='bbox 433 2109 542 2164; x_wconf 87' lang='lat' dir='ltr'><strong>nisi</strong></span> <span class='ocrx_word' id='word_1_238' title='bbox 584 2108 870 2176; x_wconf 85' lang='lat' dir='ltr'><strong>resipiscat</strong></span> <span class='ocrx_word' id='word_1_239' title='bbox 912 2122 977 2159; x_wconf 89' lang='lat' dir='ltr'><strong>ac</strong></span> <span class='ocrx_word' id='word_1_240' title='bbox 1019 2120 1251 2175; x_wconf 87' lang='lat' dir='ltr'><strong>peccare</strong></span> <span class='ocrx_word' id='word_1_241' title='bbox 1296 2105 1535 2170; x_wconf 85' lang='lat' dir='ltr'><strong>desinat,</strong></span> <span class='ocrx_word' id='word_1_242' title='bbox 1582 2104 1649 2157; x_wconf 90' lang='lat' dir='ltr'><strong>ad</strong></span> <span class='ocrx_word' id='word_1_243' title='bbox 1703 2105 2006 2175; x_wconf 82' lang='lat' dir='ltr'><strong>gehennam</strong></span> 
     </span>
    </p>
   </div>
   <div class='ocr_carea' id='block_1_38' title="bbox 434 2198 904 2255">
    <p class='ocr_par' dir='ltr' id='par_1_38' title="bbox 434 2198 904 2255">
     <span class='ocr_line' id='line_1_38' title="bbox 434 2198 904 2255; baseline -0.006 0"><span class='ocrx_word' id='word_1_244' title='bbox 434 2198 904 2255; x_wconf 89' lang='lat' dir='ltr'><strong>condemnabitur.</strong></span> 
     </span>
    </p>
   </div>
   <div class='ocr_carea' id='block_1_39' title="bbox 1019 2378 1422 2435">
    <p class='ocr_par' dir='ltr' id='par_1_39' title="bbox 1019 2378 1422 2435">
     <span class='ocr_line' id='line_1_39' title="bbox 1019 2378 1422 2435; baseline 0 -1"><span class='ocrx_word' id='word_1_245' title='bbox 1019 2378 1247 2435; x_wconf 72' lang='lat' dir='ltr'>CAPUT</span> <span class='ocrx_word' id='word_1_246' title='bbox 1294 2379 1422 2434; x_wconf 74' lang='lat' dir='ltr'>VIII.</span> 
     </span>
    </p>
   </div>
   <div class='ocr_carea' id='block_1_40' title="bbox 433 2472 2003 2544">
    <p class='ocr_par' dir='ltr' id='par_1_40' title="bbox 433 2472 2003 2544">
     <span class='ocr_line' id='line_1_40' title="bbox 433 2472 2003 2544; baseline -0.001 -16"><span class='ocrx_word' id='word_1_247' title='bbox 433 2473 514 2528; x_wconf 80' lang='lat' dir='ltr'><strong>De</strong></span> <span class='ocrx_word' id='word_1_248' title='bbox 532 2491 591 2528; x_wconf 84' lang='lat' dir='ltr'><strong>ea</strong></span> <span class='ocrx_word' id='word_1_249' title='bbox 617 2476 706 2544; x_wconf 84' lang='lat' dir='ltr'><strong>qui</strong></span> <span class='ocrx_word' id='word_1_250' title='bbox 729 2475 781 2527; x_wconf 84' lang='lat' dir='ltr'><strong>in</strong></span> <span class='ocrx_word' id='word_1_251' title='bbox 810 2474 1154 2537; x_wconf 79' lang='lat' dir='ltr'><strong>calumniam,</strong></span> <span class='ocrx_word' id='word_1_252' title='bbox 1180 2473 1255 2527; x_wconf 84' lang='lat' dir='ltr'><strong>vel</strong></span> <span class='ocrx_word' id='word_1_253' title='bbox 1279 2472 1728 2542; x_wconf 81' lang='lat' dir='ltr'><strong>reprehensionem</strong></span> <span class='ocrx_word' id='word_1_254' title='bbox 1759 2472 2003 2528; x_wconf 77' lang='lat' dir='ltr'><strong>incurrit.</strong></span> 
     </span>
    </p>
   </div>
   <div class='ocr_carea' id='block_1_41' title="bbox 504 2566 2005 2636">
    <p class='ocr_par' dir='ltr' id='par_1_41' title="bbox 504 2566 2005 2636">
     <span class='ocr_line' id='line_1_41' title="bbox 504 2566 2005 2636; baseline -0.003 -16"><span class='ocrx_word' id='word_1_255' title='bbox 504 2567 661 2634; x_wconf 79' lang='lat' dir='ltr'><strong>Quod</strong></span> <span class='ocrx_word' id='word_1_256' title='bbox 690 2568 734 2620; x_wconf 88' lang='lat' dir='ltr'><strong>si</strong></span> <span class='ocrx_word' id='word_1_257' title='bbox 772 2567 971 2636; x_wconf 86' lang='lat' dir='ltr'><strong>aliquis</strong></span> <span class='ocrx_word' id='word_1_258' title='bbox 1001 2567 1069 2620; x_wconf 91' lang='lat' dir='ltr'><strong>ab</strong></span> <span class='ocrx_word' id='word_1_259' title='bbox 1113 2567 1443 2630; x_wconf 85' lang='lat' dir='ltr'><strong>inﬁdelibus,</strong></span> <span class='ocrx_word' id='word_1_260' title='bbox 1481 2566 1609 2635; x_wconf 85' lang='lat' dir='ltr'><strong>quia</strong></span> <span class='ocrx_word' id='word_1_261' title='bbox 1640 2582 1747 2618; x_wconf 87' lang='lat' dir='ltr'><strong>nun</strong></span> <span class='ocrx_word' id='word_1_262' title='bbox 1777 2573 1861 2619; x_wconf 86' lang='lat' dir='ltr'><strong>est</strong></span> <span class='ocrx_word' id='word_1_263' title='bbox 1888 2580 2005 2617; x_wconf 84' lang='lat' dir='ltr'><strong>aln-</strong></span> 
     </span>
    </p>
   </div>
   <div class='ocr_carea' id='block_1_42' title="bbox 434 2656 2005 2729">
    <p class='ocr_par' dir='ltr' id='par_1_42' title="bbox 434 2656 2005 2729">
     <span class='ocr_line' id='line_1_42' title="bbox 434 2656 2005 2729; baseline 0.001 -20"><span class='ocrx_word' id='word_1_264' title='bbox 434 2662 577 2729; x_wconf 81' lang='lat' dir='ltr'><strong>plius</strong></span> <span class='ocrx_word' id='word_1_265' title='bbox 608 2674 796 2713; x_wconf 90' lang='lat' dir='ltr'><strong>eorum</strong></span> <span class='ocrx_word' id='word_1_266' title='bbox 828 2660 1086 2729; x_wconf 70' lang='lat' dir='ltr'><strong>nequitia:</strong></span> <span class='ocrx_word' id='word_1_267' title='bbox 1112 2674 1365 2722; x_wconf 87' lang='lat' dir='ltr'><strong>consors,</strong></span> <span class='ocrx_word' id='word_1_268' title='bbox 1400 2658 1772 2711; x_wconf 87' lang='lat' dir='ltr'><strong>calumniosas</strong></span> <span class='ocrx_word' id='word_1_269' title='bbox 1802 2656 2005 2725; x_wconf 87' lang='lat' dir='ltr'><strong>patitur</strong></span> 
     </span>
    </p>
   </div>
   <div class='ocr_carea' id='block_1_43' title="bbox 432 2748 2000 2819">
    <p class='ocr_par' dir='ltr' id='par_1_43' title="bbox 432 2748 2000 2819">
     <span class='ocr_line' id='line_1_43' title="bbox 432 2748 2000 2819; baseline 0.001 -17"><span class='ocrx_word' id='word_1_270' title='bbox 432 2752 768 2819; x_wconf 85' lang='lat' dir='ltr'><strong>delationes;</strong></span> <span class='ocrx_word' id='word_1_271' title='bbox 803 2752 939 2806; x_wconf 89' lang='lat' dir='ltr'><strong>sciat</strong></span> <span class='ocrx_word' id='word_1_272' title='bbox 986 2752 1076 2805; x_wconf 91' lang='lat' dir='ltr'><strong>ille</strong></span> <span class='ocrx_word' id='word_1_273' title='bbox 1107 2767 1165 2807; x_wconf 91' lang='lat' dir='ltr'><strong>se</strong></span> <span class='ocrx_word' id='word_1_274' title='bbox 1199 2750 1413 2806; x_wconf 84' lang='lat' dir='ltr'><strong>beatum</strong></span> <span class='ocrx_word' id='word_1_275' title='bbox 1446 2765 1573 2804; x_wconf 89' lang='lat' dir='ltr'><strong>esse</strong></span> <span class='ocrx_word' id='word_1_276' title='bbox 1618 2748 1760 2818; x_wconf 89' lang='lat' dir='ltr'><strong>apud</strong></span> <span class='ocrx_word' id='word_1_277' title='bbox 1792 2748 2000 2804; x_wconf 87' lang='lat' dir='ltr'><strong>Deum:</strong></span> 
     </span>
    </p>
   </div>
   <div class='ocr_carea' id='block_1_44' title="bbox 432 2842 2000 2912">
    <p class='ocr_par' dir='ltr' id='par_1_44' title="bbox 432 2842 2000 2912">
     <span class='ocr_line' id='line_1_44' title="bbox 432 2842 2000 2912; baseline 0 -15"><span class='ocrx_word' id='word_1_278' title='bbox 432 2843 890 2912; x_wconf 87' lang='lat' dir='ltr'><strong>quemadmodum</strong></span> <span class='ocrx_word' id='word_1_279' title='bbox 920 2851 973 2897; x_wconf 92' lang='lat' dir='ltr'><strong>et</strong></span> <span class='ocrx_word' id='word_1_280' title='bbox 1004 2842 1269 2897; x_wconf 88' lang='lat' dir='ltr'><strong>Dominus</strong></span> <span class='ocrx_word' id='word_1_281' title='bbox 1300 2844 1355 2896; x_wconf 92' lang='lat' dir='ltr'><strong>in</strong></span> <span class='ocrx_word' id='word_1_282' title='bbox 1385 2842 1676 2912; x_wconf 79' lang='lat' dir='ltr'><strong>Evangelia</strong></span> <span class='ocrx_word' id='word_1_283' title='bbox 1721 2842 2000 2912; x_wconf 87' lang='lat' dir='ltr'><strong>loquitur:</strong></span> 
     </span>
    </p>
   </div>
   <div class='ocr_carea' id='block_1_45' title="bbox 437 2935 2004 3005">
    <p class='ocr_par' dir='ltr' id='par_1_45' title="bbox 437 2935 2004 3005">
     <span class='ocr_line' id='line_1_45' title="bbox 437 2935 2004 3005; baseline -0.001 -16"><span class='ocrx_word' id='word_1_284' title='bbox 437 2956 458 2989; x_wconf 74' lang='grc' dir='ltr'><strong>ι</strong></span> <span class='ocrx_word' id='word_1_285' title='bbox 492 2937 642 2992; x_wconf 82' lang='lat' dir='ltr'><strong>Beati</strong></span> <span class='ocrx_word' id='word_1_286' title='bbox 672 2937 805 2992; x_wconf 85' lang='lat' dir='ltr'><strong>estis</strong></span> <span class='ocrx_word' id='word_1_287' title='bbox 834 2953 959 2991; x_wconf 89' lang='lat' dir='ltr'><strong>cum</strong></span> <span class='ocrx_word' id='word_1_288' title='bbox 992 2937 1375 2991; x_wconf 85' lang='lat' dir='ltr'><strong>maledixerint</strong></span> <span class='ocrx_word' id='word_1_289' title='bbox 1404 2935 1580 2999; x_wconf 87' lang='lat' dir='ltr'><strong>vobis,</strong></span> <span class='ocrx_word' id='word_1_290' title='bbox 1608 2935 1692 2989; x_wconf 81' lang='lat' dir='ltr'><strong>vel</strong></span> <span class='ocrx_word' id='word_1_291' title='bbox 1731 2935 2004 3005; x_wconf 84' lang='lat' dir='ltr'><strong>persecuti</strong></span> 
     </span>
    </p>
   </div>
   <div class='ocr_carea' id='block_1_46' title="bbox 428 3027 2002 3093">
    <p class='ocr_par' dir='ltr' id='par_1_46' title="bbox 428 3027 2002 3093">
     <span class='ocr_line' id='line_1_46' title="bbox 428 3027 2002 3093; baseline -0.001 -10"><span class='ocrx_word' id='word_1_292' title='bbox 428 3045 528 3084; x_wconf 78' lang='lat' dir='ltr'><strong>vos</strong></span> <span class='ocrx_word' id='word_1_293' title='bbox 560 3030 782 3093; x_wconf 82' lang='lat' dir='ltr'><strong>fuerint,</strong></span> <span class='ocrx_word' id='word_1_294' title='bbox 808 3029 892 3083; x_wconf 88' lang='lat' dir='ltr'><strong>vel</strong></span> <span class='ocrx_word' id='word_1_295' title='bbox 915 3030 1148 3083; x_wconf 76' lang='lat' dir='ltr'><strong>dixerint</strong></span> <span class='ocrx_word' id='word_1_296' title='bbox 1180 3029 1467 3083; x_wconf 85' lang='lat' dir='ltr'><strong>adversum</strong></span> <span class='ocrx_word' id='word_1_297' title='bbox 1488 3042 1585 3082; x_wconf 84' lang='lat' dir='ltr'><strong>vos</strong></span> <span class='ocrx_word' id='word_1_298' title='bbox 1617 3042 1776 3082; x_wconf 92' lang='lat' dir='ltr'><strong>omne</strong></span> <span class='ocrx_word' id='word_1_299' title='bbox 1800 3027 2002 3081; x_wconf 89' lang='lat' dir='ltr'><strong>malum</strong></span> 
     </span>
    </p>
   </div>
   <div class='ocr_carea' id='block_1_47' title="bbox 428 3120 2073 3217">
    <p class='ocr_par' dir='ltr' id='par_1_47' title="bbox 428 3120 2073 3217">
     <span class='ocr_line' id='line_1_47' title="bbox 428 3120 2073 3217; baseline 0 -43"><span class='ocrx_word' id='word_1_300' title='bbox 428 3123 682 3186; x_wconf 80' lang='lat' dir='ltr'><strong>verbum,</strong></span> <span class='ocrx_word' id='word_1_301' title='bbox 715 3123 1063 3185; x_wconf 89' lang='lat' dir='ltr'><strong>mentientes,</strong></span> <span class='ocrx_word' id='word_1_302' title='bbox 1107 3130 1331 3191; x_wconf 86' lang='lat' dir='ltr'><strong>propter</strong></span> <span class='ocrx_word' id='word_1_303' title='bbox 1382 3136 1468 3175; x_wconf 90' lang='lat' dir='ltr'><strong>me</strong></span> <span class='ocrx_word' id='word_1_304' title='bbox 1498 3140 1509 3174; x_wconf 93' lang='lat'><strong>:</strong></span> <span class='ocrx_word' id='word_1_305' title='bbox 1555 3120 1788 3191; x_wconf 81' lang='lat' dir='ltr'><strong>gaudete</strong></span> <span class='ocrx_word' id='word_1_306' title='bbox 1817 3127 1871 3174; x_wconf 86' lang='lat' dir='ltr'><strong>et</strong></span> <span class='ocrx_word' id='word_1_307' title='bbox 1906 3137 2003 3176; x_wconf 75' lang='grc' dir='ltr'><strong>οι·</strong></span> <span class='ocrx_word' id='word_1_308' title='bbox 2031 3160 2073 3217; x_wconf 75' lang='lat' dir='ltr'><strong><em>C</em></strong></span> 
     </span>
    </p>
   </div>
   <div class='ocr_carea' id='block_1_48' title="bbox 426 3211 1999 3286">
    <p class='ocr_par' dir='ltr' id='par_1_48' title="bbox 426 3211 1999 3286">
     <span class='ocr_line' id='line_1_48' title="bbox 426 3211 1999 3286; baseline -0.004 -15"><span class='ocrx_word' id='word_1_309' title='bbox 426 3218 666 3279; x_wconf 85' lang='lat' dir='ltr'><strong>sultate,</strong></span> <span class='ocrx_word' id='word_1_310' title='bbox 711 3215 969 3286; x_wconf 91' lang='lat' dir='ltr'><strong>quoniam</strong></span> <span class='ocrx_word' id='word_1_311' title='bbox 1029 3229 1240 3268; x_wconf 85' lang='lat' dir='ltr'><strong>merces</strong></span> <span class='ocrx_word' id='word_1_312' title='bbox 1300 3221 1482 3268; x_wconf 87' lang='lat' dir='ltr'><strong>vestra</strong></span> <span class='ocrx_word' id='word_1_313' title='bbox 1531 3212 1753 3281; x_wconf 89' lang='lat' dir='ltr'><strong>e0piosa</strong></span> <span class='ocrx_word' id='word_1_314' title='bbox 1807 3219 1891 3266; x_wconf 87' lang='lat' dir='ltr'><strong>est</strong></span> <span class='ocrx_word' id='word_1_315' title='bbox 1942 3211 1999 3266; x_wconf 91' lang='lat' dir='ltr'><strong>in</strong></span> 
     </span>
    </p>
   </div>
   <div class='ocr_carea' id='block_1_49' title="bbox 425 3304 2001 3376">
    <p class='ocr_par' dir='ltr' id='par_1_49' title="bbox 425 3304 2001 3376">
     <span class='ocr_line' id='line_1_49' title="bbox 425 3304 2001 3376; baseline -0.002 -15"><span class='ocrx_word' id='word_1_316' title='bbox 425 3308 581 3362; x_wconf 70' lang='lat' dir='ltr'><strong>caelis</strong></span> <span class='ocrx_word' id='word_1_317' title='bbox 604 3309 668 3361; x_wconf 66' lang='grc' dir='ltr'><strong>εδ.</strong></span> <span class='ocrx_word' id='word_1_318' title='bbox 696 3327 715 3359; x_wconf 73' lang='grc' dir='ltr'><strong>ι</strong></span> <span class='ocrx_word' id='word_1_319' title='bbox 749 3307 850 3373; x_wconf 86' lang='lat' dir='ltr'><strong>Qui</strong></span> <span class='ocrx_word' id='word_1_320' title='bbox 897 3307 1061 3376; x_wconf 79' lang='lat' dir='ltr'><strong>igitur</strong></span> <span class='ocrx_word' id='word_1_321' title='bbox 1091 3304 1446 3360; x_wconf 88' lang='lat' dir='ltr'><strong>mendacibus</strong></span> <span class='ocrx_word' id='word_1_322' title='bbox 1496 3306 1769 3375; x_wconf 87' lang='lat' dir='ltr'><strong>appetitur</strong></span> <span class='ocrx_word' id='word_1_323' title='bbox 1810 3305 2001 3359; x_wconf 83' lang='lat' dir='ltr'><strong>convi-</strong></span> 
     </span>
    </p>
   </div>
   <div class='ocr_carea' id='block_1_50' title="bbox 426 3395 2000 3469">
    <p class='ocr_par' dir='ltr' id='par_1_50' title="bbox 426 3395 2000 3469">
     <span class='ocr_line' id='line_1_50' title="bbox 426 3395 2000 3469; baseline -0.001 -16"><span class='ocrx_word' id='word_1_324' title='bbox 426 3399 548 3463; x_wconf 87' lang='lat' dir='ltr'><strong>ciis,</strong></span> <span class='ocrx_word' id='word_1_325' title='bbox 580 3400 627 3455; x_wconf 89' lang='lat' dir='ltr'><strong>is</strong></span> <span class='ocrx_word' id='word_1_326' title='bbox 669 3414 794 3453; x_wconf 88' lang='lat' dir='ltr'><strong>vere</strong></span> <span class='ocrx_word' id='word_1_327' title='bbox 838 3398 1029 3453; x_wconf 89' lang='lat' dir='ltr'><strong>beatus</strong></span> <span class='ocrx_word' id='word_1_328' title='bbox 1074 3407 1192 3465; x_wconf 89' lang='lat' dir='ltr'><strong>est;</strong></span> <span class='ocrx_word' id='word_1_329' title='bbox 1229 3397 1669 3469; x_wconf 86' lang='lat' dir='ltr'><strong>quandoquidem</strong></span> <span class='ocrx_word' id='word_1_330' title='bbox 1715 3395 2000 3467; x_wconf 86' lang='lat' dir='ltr'><strong>Scriptura</strong></span> 
     </span>
    </p>
   </div>
   <div class='ocr_carea' id='block_1_51' title="bbox 425 3488 2000 3559">
    <p class='ocr_par' dir='ltr' id='par_1_51' title="bbox 425 3488 2000 3559">
     <span class='ocr_line' id='line_1_51' title="bbox 425 3488 2000 3559; baseline 0 -14"><span class='ocrx_word' id='word_1_331' title='bbox 425 3491 559 3545; x_wconf 87' lang='lat' dir='ltr'><strong>dicit</strong></span> <span class='ocrx_word' id='word_1_332' title='bbox 584 3509 596 3543; x_wconf 95' lang='lat'><strong>:</strong></span> <span class='ocrx_word' id='word_1_333' title='bbox 634 3508 653 3539; x_wconf 77' lang='grc' dir='ltr'><strong>ι</strong></span> <span class='ocrx_word' id='word_1_334' title='bbox 681 3490 774 3544; x_wconf 81' lang='lat' dir='ltr'><strong>Vir</strong></span> <span class='ocrx_word' id='word_1_335' title='bbox 797 3490 1066 3559; x_wconf 84' lang='lat' dir='ltr'><strong>reprobus</strong></span> <span class='ocrx_word' id='word_1_336' title='bbox 1099 3504 1207 3543; x_wconf 93' lang='lat' dir='ltr'><strong>non</strong></span> <span class='ocrx_word' id='word_1_337' title='bbox 1240 3496 1483 3544; x_wconf 89' lang='lat' dir='ltr'><strong>tentatur</strong></span> <span class='ocrx_word' id='word_1_338' title='bbox 1506 3504 1536 3542; x_wconf 91' lang='lat' dir='ltr'><strong>a</strong></span> <span class='ocrx_word' id='word_1_339' title='bbox 1566 3488 1676 3544; x_wconf 88' lang='lat' dir='ltr'><strong>Deo</strong></span> <span class='ocrx_word' id='word_1_340' title='bbox 1700 3489 1799 3545; x_wconf 72' lang='grc'><strong>⁸⁸.»</strong></span> <span class='ocrx_word' id='word_1_341' title='bbox 1828 3488 2000 3545; x_wconf 89' lang='lat' dir='ltr'><strong>Porro</strong></span> 
     </span>
    </p>
   </div>
   <div class='ocr_carea' id='block_1_52' title="bbox 425 3581 2001 3655">
    <p class='ocr_par' dir='ltr' id='par_1_52' title="bbox 425 3581 2001 3655">
     <span class='ocr_line' id='line_1_52' title="bbox 425 3581 2001 3655; baseline -0.001 -17"><span class='ocrx_word' id='word_1_342' title='bbox 425 3583 518 3655; x_wconf 86' lang='lat' dir='ltr'><strong>qui</strong></span> <span class='ocrx_word' id='word_1_343' title='bbox 549 3582 673 3636; x_wconf 91' lang='lat' dir='ltr'><strong>mali</strong></span> <span class='ocrx_word' id='word_1_344' title='bbox 707 3582 988 3652; x_wconf 82' lang='lat' dir='ltr'><strong>quidpiam</strong></span> <span class='ocrx_word' id='word_1_345' title='bbox 1021 3581 1201 3651; x_wconf 89' lang='lat' dir='ltr'><strong>egisse</strong></span> <span class='ocrx_word' id='word_1_346' title='bbox 1234 3581 1612 3644; x_wconf 88' lang='lat' dir='ltr'><strong>convincetur,</strong></span> <span class='ocrx_word' id='word_1_347' title='bbox 1646 3582 1738 3636; x_wconf 89' lang='lat' dir='ltr'><strong>ille</strong></span> <span class='ocrx_word' id='word_1_348' title='bbox 1768 3597 1875 3636; x_wconf 91' lang='lat' dir='ltr'><strong>non</strong></span> <span class='ocrx_word' id='word_1_349' title='bbox 1907 3598 2001 3637; x_wconf 86' lang='lat' dir='ltr'><strong>so-</strong></span> 
     </span>
    </p>
   </div>
   <div class='ocr_carea' id='block_1_53' title="bbox 425 3673 1999 3737">
    <p class='ocr_par' dir='ltr' id='par_1_53' title="bbox 425 3673 1999 3737">
     <span class='ocr_line' id='line_1_53' title="bbox 425 3673 1999 3737; baseline -0.001 -7"><span class='ocrx_word' id='word_1_350' title='bbox 425 3676 538 3730; x_wconf 87' lang='lat' dir='ltr'><strong>lum</strong></span> <span class='ocrx_word' id='word_1_351' title='bbox 569 3676 754 3729; x_wconf 88' lang='lat' dir='ltr'><strong>nocuit</strong></span> <span class='ocrx_word' id='word_1_352' title='bbox 785 3674 908 3737; x_wconf 88' lang='lat' dir='ltr'><strong>sibi,</strong></span> <span class='ocrx_word' id='word_1_353' title='bbox 935 3689 1121 3728; x_wconf 88' lang='lat' dir='ltr'><strong>verum</strong></span> <span class='ocrx_word' id='word_1_354' title='bbox 1150 3674 1313 3728; x_wconf 90' lang='lat' dir='ltr'><strong>etiam</strong></span> <span class='ocrx_word' id='word_1_355' title='bbox 1345 3673 1400 3727; x_wconf 92' lang='lat' dir='ltr'><strong>in</strong></span> <span class='ocrx_word' id='word_1_356' title='bbox 1424 3688 1715 3728; x_wconf 89' lang='lat' dir='ltr'><strong>commune</strong></span> <span class='ocrx_word' id='word_1_357' title='bbox 1746 3673 1999 3731; x_wconf 66' lang='lat' dir='ltr'><strong>Ecclesiae</strong></span> 
     </span>
    </p>
   </div>
   <div class='ocr_carea' id='block_1_54' title="bbox 424 3765 1995 3838">
    <p class='ocr_par' dir='ltr' id='par_1_54' title="bbox 424 3765 1995 3838">
     <span class='ocr_line' id='line_1_54' title="bbox 424 3765 1995 3838; baseline -0.002 -16"><span class='ocrx_word' id='word_1_358' title='bbox 424 3782 629 3838; x_wconf 88' lang='lat' dir='ltr'><strong>corpus</strong></span> <span class='ocrx_word' id='word_1_359' title='bbox 669 3774 725 3821; x_wconf 90' lang='lat' dir='ltr'><strong>et</strong></span> <span class='ocrx_word' id='word_1_360' title='bbox 774 3767 828 3821; x_wconf 92' lang='lat' dir='ltr'><strong>in</strong></span> <span class='ocrx_word' id='word_1_361' title='bbox 879 3781 1093 3822; x_wconf 88' lang='lat' dir='ltr'><strong>sacram</strong></span> <span class='ocrx_word' id='word_1_362' title='bbox 1145 3765 1448 3819; x_wconf 89' lang='lat' dir='ltr'><strong>doctrinam</strong></span> <span class='ocrx_word' id='word_1_363' title='bbox 1500 3765 1802 3834; x_wconf 88' lang='lat' dir='ltr'><strong>injuriosus</strong></span> <span class='ocrx_word' id='word_1_364' title='bbox 1857 3766 1995 3834; x_wconf 82' lang='lat' dir='ltr'><strong>fuit;</strong></span> 
     </span>
    </p>
   </div>
   <div class='ocr_carea' id='block_1_55' title="bbox 424 3859 1997 3931">
    <p class='ocr_par' dir='ltr' id='par_1_55' title="bbox 424 3859 1997 3931">
     <span class='ocr_line' id='line_1_55' title="bbox 424 3859 1997 3931; baseline 0.001 -17"><span class='ocrx_word' id='word_1_365' title='bbox 424 3860 584 3931; x_wconf 84' lang='lat' dir='ltr'><strong>quasi</strong></span> <span class='ocrx_word' id='word_1_366' title='bbox 610 3875 728 3915; x_wconf 88' lang='lat' dir='ltr'><strong>eam</strong></span> <span class='ocrx_word' id='word_1_367' title='bbox 760 3860 1101 3915; x_wconf 87' lang='lat' dir='ltr'><strong>honestatem</strong></span> <span class='ocrx_word' id='word_1_368' title='bbox 1130 3874 1293 3929; x_wconf 91' lang='lat' dir='ltr'><strong>quam</strong></span> <span class='ocrx_word' id='word_1_369' title='bbox 1325 3859 1709 3928; x_wconf 62' lang='lat' dir='ltr'><strong>praedicamus,</strong></span> <span class='ocrx_word' id='word_1_370' title='bbox 1740 3860 1997 3928; x_wconf 85' lang='lat' dir='ltr'><strong>operibus</strong></span> 
     </span>
    </p>
   </div>
   <div class='ocr_carea' id='block_1_56' title="bbox 424 3951 1998 4020">
    <p class='ocr_par' dir='ltr' id='par_1_56' title="bbox 424 3951 1998 4020">
     <span class='ocr_line' id='line_1_56' title="bbox 424 3951 1998 4020; baseline -0.001 -13"><span class='ocrx_word' id='word_1_371' title='bbox 424 3968 535 4007; x_wconf 89' lang='lat' dir='ltr'><strong>non</strong></span> <span class='ocrx_word' id='word_1_372' title='bbox 568 3952 881 4020; x_wconf 86' lang='lat' dir='ltr'><strong>probemus,</strong></span> <span class='ocrx_word' id='word_1_373' title='bbox 912 3966 1328 4020; x_wconf 87' lang='lat' dir='ltr'><strong>mereamurque</strong></span> <span class='ocrx_word' id='word_1_374' title='bbox 1360 3951 1524 4004; x_wconf 88' lang='lat' dir='ltr'><strong>etiam</strong></span> <span class='ocrx_word' id='word_1_375' title='bbox 1560 3966 1661 4006; x_wconf 92' lang='lat' dir='ltr'><strong>nos</strong></span> <span class='ocrx_word' id='word_1_376' title='bbox 1708 3951 1857 4006; x_wconf 88' lang='lat' dir='ltr'><strong>illam</strong></span> <span class='ocrx_word' id='word_1_377' title='bbox 1901 3967 1998 4007; x_wconf 83' lang='lat' dir='ltr'><strong>ex-</strong></span> 
     </span>
    </p>
   </div>
   <div class='ocr_carea' id='block_1_57' title="bbox 426 4043 1995 4115">
    <p class='ocr_par' dir='ltr' id='par_1_57' title="bbox 426 4043 1995 4115">
     <span class='ocr_line' id='line_1_57' title="bbox 426 4043 1995 4115; baseline 0.001 -18"><span class='ocrx_word' id='word_1_378' title='bbox 426 4046 829 4115; x_wconf 85' lang='lat' dir='ltr'><strong>probrationem</strong></span> <span class='ocrx_word' id='word_1_379' title='bbox 872 4060 903 4097; x_wconf 92' lang='lat' dir='ltr'><strong>a</strong></span> <span class='ocrx_word' id='word_1_380' title='bbox 947 4043 1175 4099; x_wconf 90' lang='lat' dir='ltr'><strong>Domino</strong></span> <span class='ocrx_word' id='word_1_381' title='bbox 1212 4043 1440 4098; x_wconf 88' lang='lat' dir='ltr'><strong>audire:</strong></span> <span class='ocrx_word' id='word_1_382' title='bbox 1480 4063 1499 4094; x_wconf 76' lang='grc' dir='ltr'><strong>ι</strong></span> <span class='ocrx_word' id='word_1_383' title='bbox 1532 4043 1749 4111; x_wconf 88' lang='lat' dir='ltr'><strong>Dicunt,</strong></span> <span class='ocrx_word' id='word_1_384' title='bbox 1788 4051 1844 4099; x_wconf 91' lang='lat' dir='ltr'><strong>et</strong></span> <span class='ocrx_word' id='word_1_385' title='bbox 1886 4061 1995 4099; x_wconf 88' lang='lat' dir='ltr'><strong>non</strong></span> 
     </span>
    </p>
   </div>
   <div class='ocr_carea' id='block_1_58' title="bbox 426 4135 1993 4210">
    <p class='ocr_par' dir='ltr' id='par_1_58' title="bbox 426 4135 1993 4210">
     <span class='ocr_line' id='line_1_58' title="bbox 426 4135 1993 4210; baseline 0.001 -20"><span class='ocrx_word' id='word_1_386' title='bbox 426 4136 718 4191; x_wconf 80' lang='lat' dir='ltr'><strong>faciunt“.</strong></span> <span class='ocrx_word' id='word_1_387' title='bbox 747 4157 766 4187; x_wconf 72' lang='grc' dir='ltr'><strong>ι</strong></span> <span class='ocrx_word' id='word_1_388' title='bbox 812 4138 1157 4206; x_wconf 79' lang='lat' dir='ltr'><strong>Quapropter</strong></span> <span class='ocrx_word' id='word_1_389' title='bbox 1207 4135 1455 4191; x_wconf 88' lang='lat' dir='ltr'><strong>homines</strong></span> <span class='ocrx_word' id='word_1_390' title='bbox 1503 4135 1845 4206; x_wconf 73' lang='lat' dir='ltr'><strong>huiusmodi.</strong></span> <span class='ocrx_word' id='word_1_391' title='bbox 1900 4137 1993 4210; x_wconf 88' lang='lat' dir='ltr'><strong>qui</strong></span> 
     </span>
    </p>
   </div>
   <div class='ocr_carea' id='block_1_59' title="bbox 2110 1916 3686 1993">
    <p class='ocr_par' dir='ltr' id='par_1_59' title="bbox 2110 1916 3686 1993">
     <span class='ocr_line' id='line_1_59' title="bbox 2110 1916 3686 1993; baseline 0.004 -23"><span class='ocrx_word' id='word_1_392' title='bbox 2110 1919 2403 1989; x_wconf 85' lang='grc' dir='ltr'>ἁμαρτίαν.</span> <span class='ocrx_word' id='word_1_393' title='bbox 2438 1921 2511 1972; x_wconf 85' lang='grc' dir='ltr'><strong>Οὐ</strong></span> <span class='ocrx_word' id='word_1_394' title='bbox 2559 1920 2883 1990; x_wconf 82' lang='grc' dir='ltr'>πιστεύομεν</span> <span class='ocrx_word' id='word_1_395' title='bbox 2924 1916 3036 1982; x_wconf 79' lang='grc' dir='ltr'>οὖν,</span> <span class='ocrx_word' id='word_1_396' title='bbox 3081 1921 3317 1990; x_wconf 77' lang='grc' dir='ltr'>ἀδελφοὶ,</span> <span class='ocrx_word' id='word_1_397' title='bbox 3360 1921 3686 1993; x_wconf 79' lang='grc' dir='ltr'>λουσάμενόν</span> 
     </span>
    </p>
   </div>
   <div class='ocr_carea' id='block_1_60' title="bbox 2108 2011 3686 2086">
    <p class='ocr_par' dir='ltr' id='par_1_60' title="bbox 2108 2011 3686 2086">
     <span class='ocr_line' id='line_1_60' title="bbox 2108 2011 3686 2086; baseline 0.004 -23"><span class='ocrx_word' id='word_1_398' title='bbox 2108 2029 2226 2064; x_wconf 88' lang='grc' dir='ltr'>τινα</span> <span class='ocrx_word' id='word_1_399' title='bbox 2245 2012 2305 2064; x_wconf 79' lang='grc' dir='ltr'>τὸ</span> <span class='ocrx_word' id='word_1_400' title='bbox 2322 2012 2421 2081; x_wconf 82' lang='grc' dir='ltr'><strong>τῆς</strong></span> <span class='ocrx_word' id='word_1_401' title='bbox 2443 2011 2588 2082; x_wconf 76' lang='grc' dir='ltr'>ζωῆς</span> <span class='ocrx_word' id='word_1_402' title='bbox 2607 2012 2846 2082; x_wconf 81' lang='grc' dir='ltr'>λουτρὸν,</span> <span class='ocrx_word' id='word_1_403' title='bbox 2869 2012 2947 2064; x_wconf 76' lang='grc' dir='ltr'>ἔτι</span> <span class='ocrx_word' id='word_1_404' title='bbox 2981 2013 3242 2083; x_wconf 83' lang='grc' dir='ltr'>πράσσειν</span> <span class='ocrx_word' id='word_1_405' title='bbox 3261 2014 3327 2066; x_wconf 82' lang='grc' dir='ltr'><strong>τά</strong></span> <span class='ocrx_word' id='word_1_406' title='bbox 3347 2016 3452 2067; x_wconf 82' lang='grc' dir='ltr'><strong>τὼν</strong></span> <span class='ocrx_word' id='word_1_407' title='bbox 3473 2016 3686 2086; x_wconf 83' lang='grc' dir='ltr'>ἀνόμων</span> 
     </span>
    </p>
   </div>
   <div class='ocr_carea' id='block_1_61' title="bbox 2108 2103 3683 2179">
    <p class='ocr_par' dir='ltr' id='par_1_61' title="bbox 2108 2103 3683 2179">
     <span class='ocr_line' id='line_1_61' title="bbox 2108 2103 3683 2179; baseline 0.003 -25"><span class='ocrx_word' id='word_1_408' title='bbox 2108 2103 2483 2173; x_wconf 85' lang='grc' dir='ltr'>ἀσελγήματα.</span> <span class='ocrx_word' id='word_1_409' title='bbox 2528 2105 2584 2157; x_wconf 84' lang='lat'><strong>&#39;0</strong></span> <span class='ocrx_word' id='word_1_410' title='bbox 2627 2104 2681 2157; x_wconf 90' lang='grc' dir='ltr'>δὲ</span> <span class='ocrx_word' id='word_1_411' title='bbox 2727 2105 3050 2175; x_wconf 84' lang='grc' dir='ltr'>ἁμαρτήσας</span> <span class='ocrx_word' id='word_1_412' title='bbox 3095 2105 3231 2176; x_wconf 84' lang='grc' dir='ltr'>μετὰ</span> <span class='ocrx_word' id='word_1_413' title='bbox 3275 2106 3354 2160; x_wconf 82' lang='grc' dir='ltr'><strong>τὸ.</strong></span> <span class='ocrx_word' id='word_1_414' title='bbox 3383 2106 3683 2179; x_wconf 81' lang='grc' dir='ltr'>βάπτισμα,</span> 
     </span>
    </p>
   </div>
   <div class='ocr_carea' id='block_1_62' title="bbox 2106 2188 3687 2271">
    <p class='ocr_par' dir='ltr' id='par_1_62' title="bbox 2106 2188 3687 2271">
     <span class='ocr_line' id='line_1_62' title="bbox 2106 2188 3687 2271; baseline 0.003 -24"><span class='ocrx_word' id='word_1_415' title='bbox 2106 2188 2261 2257; x_wconf 67' lang='grc' dir='ltr'>οὗτος</span> <span class='ocrx_word' id='word_1_416' title='bbox 2292 2195 2385 2247; x_wconf 82' lang='grc' dir='ltr'><strong>ἐάν</strong></span> <span class='ocrx_word' id='word_1_417' title='bbox 2419 2195 2492 2266; x_wconf 86' lang='grc' dir='ltr'>μὴ</span> <span class='ocrx_word' id='word_1_418' title='bbox 2542 2196 2811 2266; x_wconf 84' lang='grc' dir='ltr'>μεταγνῷ,</span> <span class='ocrx_word' id='word_1_419' title='bbox 2858 2198 2950 2249; x_wconf 78' lang='grc' dir='ltr'><strong>καὶ</strong></span> <span class='ocrx_word' id='word_1_420' title='bbox 2981 2196 3256 2268; x_wconf 87' lang='grc' dir='ltr'>παύσηται</span> <span class='ocrx_word' id='word_1_421' title='bbox 3296 2197 3389 2251; x_wconf 86' lang='grc' dir='ltr'><strong>τοῦ</strong></span> <span class='ocrx_word' id='word_1_422' title='bbox 3435 2198 3687 2271; x_wconf 81' lang='grc' dir='ltr'>πλημμε-</span> 
     </span>
    </p>
   </div>
   <div class='ocr_carea' id='block_1_63' title="bbox 2106 2286 3122 2360">
    <p class='ocr_par' dir='ltr' id='par_1_63' title="bbox 2106 2286 3122 2360">
     <span class='ocr_line' id='line_1_63' title="bbox 2106 2286 3122 2360; baseline 0.004 -21"><span class='ocrx_word' id='word_1_423' title='bbox 2106 2286 2237 2351; x_wconf 86' lang='grc' dir='ltr'>λεῖν,</span> <span class='ocrx_word' id='word_1_424' title='bbox 2269 2291 2349 2352; x_wconf 87' lang='grc' dir='ltr'>εἰς</span> <span class='ocrx_word' id='word_1_425' title='bbox 2378 2289 2601 2357; x_wconf 86' lang='grc' dir='ltr'>γέενναν</span> <span class='ocrx_word' id='word_1_426' title='bbox 2640 2290 3122 2360; x_wconf 86' lang='grc' dir='ltr'>κατακριθήσεται.</span> 
     </span>
    </p>
   </div>
   <div class='ocr_carea' id='block_1_64' title="bbox 2632 2382 3142 2436">
    <p class='ocr_par' dir='ltr' id='par_1_64' title="bbox 2632 2382 3142 2436">
     <span class='ocr_line' id='line_1_64' title="bbox 2632 2382 3142 2436; baseline 0.006 -4"><span class='ocrx_word' id='word_1_427' title='bbox 2632 2382 3022 2436; x_wconf 82' lang='grc' dir='ltr'><strong>ΚΕΦΑΛΑΙΟΝ</strong></span> <span class='ocrx_word' id='word_1_428' title='bbox 3062 2385 3142 2435; x_wconf 87' lang='lat' dir='ltr'><strong>H’.</strong></span> 
     </span>
    </p>
   </div>
   <div class='ocr_carea' id='block_1_65' title="bbox 2212 2470 3573 2544">
    <p class='ocr_par' dir='ltr' id='par_1_65' title="bbox 2212 2470 3573 2544">
     <span class='ocr_line' id='line_1_65' title="bbox 2212 2470 3573 2544; baseline 0.005 -21"><span class='ocrx_word' id='word_1_429' title='bbox 2212 2470 2351 2538; x_wconf 79' lang='grc' dir='ltr'>Περὶ</span> <span class='ocrx_word' id='word_1_430' title='bbox 2379 2474 2969 2543; x_wconf 58' lang='grc' dir='ltr'>συκοφαντουμένου,</span> <span class='ocrx_word' id='word_1_431' title='bbox 3001 2476 3131 2544; x_wconf 81' lang='grc' dir='ltr'>ἤτοι</span> <span class='ocrx_word' id='word_1_432' title='bbox 3157 2475 3573 2544; x_wconf 69' lang='grc' dir='ltr'>ἐλεγχομένων.</span> 
     </span>
    </p>
   </div>
   <div class='ocr_carea' id='block_1_66' title="bbox 2176 2562 3684 2638">
    <p class='ocr_par' dir='ltr' id='par_1_66' title="bbox 2176 2562 3684 2638">
     <span class='ocr_line' id='line_1_66' title="bbox 2176 2562 3684 2638; baseline 0.005 -23"><span class='ocrx_word' id='word_1_433' title='bbox 2176 2562 2237 2615; x_wconf 81' lang='grc' dir='ltr'><strong>Εἰ</strong></span> <span class='ocrx_word' id='word_1_434' title='bbox 2267 2562 2322 2615; x_wconf 89' lang='grc' dir='ltr'><strong>δέ</strong></span> <span class='ocrx_word' id='word_1_435' title='bbox 2350 2580 2433 2625; x_wconf 89' lang='grc' dir='ltr'><strong>τις</strong></span> <span class='ocrx_word' id='word_1_436' title='bbox 2462 2564 2565 2617; x_wconf 80' lang='grc' dir='ltr'><strong>ὑπὸ</strong></span> <span class='ocrx_word' id='word_1_437' title='bbox 2595 2565 2839 2621; x_wconf 88' lang='grc' dir='ltr'>ἀπίστων</span> <span class='ocrx_word' id='word_1_438' title='bbox 2872 2568 3245 2638; x_wconf 80' lang='grc' dir='ltr'>συκοφαντηθῇ</span> <span class='ocrx_word' id='word_1_439' title='bbox 3274 2568 3359 2621; x_wconf 77' lang='grc' dir='ltr'><strong>διὰ</strong></span> <span class='ocrx_word' id='word_1_440' title='bbox 3388 2570 3448 2621; x_wconf 82' lang='grc' dir='ltr'>τὸ</span> <span class='ocrx_word' id='word_1_441' title='bbox 3485 2570 3684 2638; x_wconf 80' lang='grc' dir='ltr'>μηκέτι</span> 
     </span>
    </p>
   </div>
   <div class='ocr_carea' id='block_1_67' title="bbox 2107 2657 3686 2731">
    <p class='ocr_par' dir='ltr' id='par_1_67' title="bbox 2107 2657 3686 2731">
     <span class='ocr_line' id='line_1_67' title="bbox 2107 2657 3686 2731; baseline 0.003 -22"><span class='ocrx_word' id='word_1_442' title='bbox 2107 2657 2288 2720; x_wconf 79' lang='grc' dir='ltr'>αὐτοῖς</span> <span class='ocrx_word' id='word_1_443' title='bbox 2337 2657 2795 2725; x_wconf 81' lang='grc' dir='ltr'>συνασελγαίνειν,</span> <span class='ocrx_word' id='word_1_444' title='bbox 2846 2660 3157 2728; x_wconf 81' lang='grc' dir='ltr'>γινωσκέτω</span> <span class='ocrx_word' id='word_1_445' title='bbox 3200 2661 3283 2712; x_wconf 80' lang='grc' dir='ltr'>ὅτι</span> <span class='ocrx_word' id='word_1_446' title='bbox 3343 2660 3607 2731; x_wconf 85' lang='grc' dir='ltr'>μακάριος</span> <span class='ocrx_word' id='word_1_447' title='bbox 3656 2665 3686 2714; x_wconf 93' lang='lat'><strong>6</strong></span> 
     </span>
    </p>
   </div>
   <div class='ocr_carea' id='block_1_68' title="bbox 2105 2746 3686 2824">
    <p class='ocr_par' dir='ltr' id='par_1_68' title="bbox 2105 2746 3686 2824">
     <span class='ocr_line' id='line_1_68' title="bbox 2105 2746 3686 2824; baseline 0.003 -23"><span class='ocrx_word' id='word_1_448' title='bbox 2105 2747 2342 2811; x_wconf 83' lang='grc' dir='ltr'>τοιοῦτος</span> <span class='ocrx_word' id='word_1_449' title='bbox 2369 2749 2602 2820; x_wconf 81' lang='grc' dir='ltr'>ὑπάρχει</span> <span class='ocrx_word' id='word_1_450' title='bbox 2624 2750 2742 2821; x_wconf 85' lang='grc' dir='ltr'><strong>Θεῷ</strong></span> <span class='ocrx_word' id='word_1_451' title='bbox 2763 2752 2892 2821; x_wconf 71' lang='grc'>(22)·</span> <span class='ocrx_word' id='word_1_452' title='bbox 2927 2750 3106 2814; x_wconf 86' lang='grc' dir='ltr'>καθὼς</span> <span class='ocrx_word' id='word_1_453' title='bbox 3135 2752 3227 2804; x_wconf 75' lang='grc' dir='ltr'><strong>καὶ</strong></span> <span class='ocrx_word' id='word_1_454' title='bbox 3255 2754 3283 2804; x_wconf 91' lang='lat'><strong>6</strong></span> <span class='ocrx_word' id='word_1_455' title='bbox 3302 2746 3503 2824; x_wconf 86' lang='grc' dir='ltr'>Κύριος</span> <span class='ocrx_word' id='word_1_456' title='bbox 3532 2755 3588 2806; x_wconf 85' lang='grc' dir='ltr'><strong>ἐν</strong></span> <span class='ocrx_word' id='word_1_457' title='bbox 3606 2754 3686 2824; x_wconf 85' lang='grc' dir='ltr'><strong>τῷ</strong></span> 
     </span>
    </p>
   </div>
   <div class='ocr_carea' id='block_1_69' title="bbox 2106 2840 3684 2912">
    <p class='ocr_par' dir='ltr' id='par_1_69' title="bbox 2106 2840 3684 2912">
     <span class='ocr_line' id='line_1_69' title="bbox 2106 2840 3684 2912; baseline 0.004 -20"><span class='ocrx_word' id='word_1_458' title='bbox 2106 2840 2421 2911; x_wconf 83' lang='grc' dir='ltr'>Εὐαγγελίῳ</span> <span class='ocrx_word' id='word_1_459' title='bbox 2448 2842 2614 2909; x_wconf 77' lang='grc' dir='ltr'>λέγει’</span> <span class='ocrx_word' id='word_1_460' title='bbox 2654 2861 2672 2893; x_wconf 76' lang='grc' dir='ltr'><strong>ι</strong></span> <span class='ocrx_word' id='word_1_461' title='bbox 2700 2843 2975 2912; x_wconf 76' lang='grc' dir='ltr'>Μακάριοι</span> <span class='ocrx_word' id='word_1_462' title='bbox 3008 2844 3151 2907; x_wconf 86' lang='grc' dir='ltr'>ἐστε,</span> <span class='ocrx_word' id='word_1_463' title='bbox 3181 2845 3307 2897; x_wconf 84' lang='grc' dir='ltr'>ὅταν</span> <span class='ocrx_word' id='word_1_464' title='bbox 3354 2845 3684 2899; x_wconf 80' lang='grc' dir='ltr'>ὀνειδίσωσιν</span> 
     </span>
    </p>
   </div>
   <div class='ocr_carea' id='block_1_70' title="bbox 2106 2932 3685 3014">
    <p class='ocr_par' dir='ltr' id='par_1_70' title="bbox 2106 2932 3685 3014">
     <span class='ocr_line' id='line_1_70' title="bbox 2106 2932 3685 3014; baseline 0.003 -29"><span class='ocrx_word' id='word_1_465' title='bbox 2106 2932 2270 3001; x_wconf 75' lang='grc' dir='ltr'>ὑμᾶς,</span> <span class='ocrx_word' id='word_1_466' title='bbox 2300 2933 2332 3003; x_wconf 80' lang='grc' dir='ltr'>ἢ</span> <span class='ocrx_word' id='word_1_467' title='bbox 2362 2933 2650 3014; x_wconf 71' lang='grc' dir='ltr'>διώξωσιν,</span> <span class='ocrx_word' id='word_1_468' title='bbox 2688 2934 2721 3006; x_wconf 82' lang='grc' dir='ltr'>ἢ</span> <span class='ocrx_word' id='word_1_469' title='bbox 2752 2936 2945 2988; x_wconf 73' lang='grc' dir='ltr'>εἴπωσι</span> <span class='ocrx_word' id='word_1_470' title='bbox 2976 2934 3095 2988; x_wconf 85' lang='grc' dir='ltr'>καθ’</span> <span class='ocrx_word' id='word_1_471' title='bbox 3128 2935 3281 3006; x_wconf 82' lang='grc' dir='ltr'>ὑμῶν</span> <span class='ocrx_word' id='word_1_472' title='bbox 3312 2938 3418 2989; x_wconf 80' lang='grc' dir='ltr'><strong>πᾶν</strong></span> <span class='ocrx_word' id='word_1_473' title='bbox 3449 2938 3685 3009; x_wconf 78' lang='grc' dir='ltr'>πονηρὸν</span> 
     </span>
    </p>
   </div>
   <div class='ocr_carea' id='block_1_71' title="bbox 2108 3025 3685 3099">
    <p class='ocr_par' dir='ltr' id='par_1_71' title="bbox 2108 3025 3685 3099">
     <span class='ocr_line' id='line_1_71' title="bbox 2108 3025 3685 3099; baseline 0.003 -21"><span class='ocrx_word' id='word_1_474' title='bbox 2108 3027 2282 3098; x_wconf 78' lang='grc' dir='ltr'>ῥῆμα,</span> <span class='ocrx_word' id='word_1_475' title='bbox 2312 3025 2646 3096; x_wconf 77' lang='grc' dir='ltr'>ψευδόμενοι,</span> <span class='ocrx_word' id='word_1_476' title='bbox 2696 3027 2877 3079; x_wconf 74' lang='grc' dir='ltr'>ἕνεκεν</span> <span class='ocrx_word' id='word_1_477' title='bbox 2907 3026 3061 3097; x_wconf 84' lang='grc' dir='ltr'>ἐμοῦ·</span> <span class='ocrx_word' id='word_1_478' title='bbox 3096 3029 3335 3099; x_wconf 88' lang='grc' dir='ltr'>χαίρετε,</span> <span class='ocrx_word' id='word_1_479' title='bbox 3380 3030 3474 3082; x_wconf 72' lang='grc' dir='ltr'><strong>καὶ</strong></span> <span class='ocrx_word' id='word_1_480' title='bbox 3516 3030 3685 3097; x_wconf 87' lang='grc' dir='ltr'>ἀγαλ-</span> 
     </span>
    </p>
   </div>
   <div class='ocr_carea' id='block_1_72' title="bbox 2106 3116 3683 3191">
    <p class='ocr_par' dir='ltr' id='par_1_72' title="bbox 2106 3116 3683 3191">
     <span class='ocr_line' id='line_1_72' title="bbox 2106 3116 3683 3191; baseline 0.003 -22"><span class='ocrx_word' id='word_1_481' title='bbox 2106 3116 2311 3179; x_wconf 86' lang='grc' dir='ltr'>λιᾶσθε,</span> <span class='ocrx_word' id='word_1_482' title='bbox 2330 3118 2409 3170; x_wconf 86' lang='grc' dir='ltr'><strong>ὃτι</strong></span> <span class='ocrx_word' id='word_1_483' title='bbox 2432 3120 2459 3169; x_wconf 91' lang='lat'><strong>6</strong></span> <span class='ocrx_word' id='word_1_484' title='bbox 2492 3119 2678 3189; x_wconf 79' lang='grc' dir='ltr'>μισθὸς</span> <span class='ocrx_word' id='word_1_485' title='bbox 2709 3118 2858 3189; x_wconf 82' lang='grc' dir='ltr'>ὑμῶν</span> <span class='ocrx_word' id='word_1_486' title='bbox 2881 3119 3047 3182; x_wconf 84' lang='grc' dir='ltr'>πολὺς</span> <span class='ocrx_word' id='word_1_487' title='bbox 3073 3121 3131 3171; x_wconf 82' lang='grc' dir='ltr'><strong>ἐν</strong></span> <span class='ocrx_word' id='word_1_488' title='bbox 3152 3124 3262 3183; x_wconf 86' lang='grc' dir='ltr'>τοῖς</span> <span class='ocrx_word' id='word_1_489' title='bbox 3292 3122 3588 3191; x_wconf 75' lang='grc' dir='ltr'>οὐρανοῖς.»</span> <span class='ocrx_word' id='word_1_490' title='bbox 3620 3123 3683 3174; x_wconf 84' lang='grc' dir='ltr'>Εἰ</span> 
     </span>
    </p>
   </div>
   <div class='ocr_carea' id='block_1_73' title="bbox 2106 3206 3688 3285">
    <p class='ocr_par' dir='ltr' id='par_1_73' title="bbox 2106 3206 3688 3285">
     <span class='ocr_line' id='line_1_73' title="bbox 2106 3206 3688 3285; baseline 0.003 -22"><span class='ocrx_word' id='word_1_491' title='bbox 2106 3206 2198 3263; x_wconf 77' lang='grc' dir='ltr'><strong>οὖν</strong></span> <span class='ocrx_word' id='word_1_492' title='bbox 2214 3228 2296 3273; x_wconf 89' lang='grc' dir='ltr'><strong>τις</strong></span> <span class='ocrx_word' id='word_1_493' title='bbox 2314 3209 2725 3281; x_wconf 83' lang='grc' dir='ltr'>βλασφημηθείη</span> <span class='ocrx_word' id='word_1_494' title='bbox 2754 3211 2847 3264; x_wconf 76' lang='grc' dir='ltr'><strong>ἐπὶ</strong></span> <span class='ocrx_word' id='word_1_495' title='bbox 2872 3211 3164 3283; x_wconf 78' lang='grc' dir='ltr'>ψεύσματι,</span> <span class='ocrx_word' id='word_1_496' title='bbox 3190 3213 3495 3285; x_wconf 85' lang='grc' dir='ltr'>μακάριοςό</span> <span class='ocrx_word' id='word_1_497' title='bbox 3520 3214 3688 3267; x_wconf 78' lang='grc' dir='ltr'>τοιοῦ-</span> 
     </span>
    </p>
   </div>
   <div class='ocr_carea' id='block_1_74' title="bbox 2105 3303 3685 3376">
    <p class='ocr_par' dir='ltr' id='par_1_74' title="bbox 2105 3303 3685 3376">
     <span class='ocr_line' id='line_1_74' title="bbox 2105 3303 3685 3376; baseline 0.002 -20"><span class='ocrx_word' id='word_1_498' title='bbox 2105 3320 2215 3367; x_wconf 83' lang='grc' dir='ltr'>τος.</span> <span class='ocrx_word' id='word_1_499' title='bbox 2246 3303 2408 3371; x_wconf 86' lang='grc' dir='ltr'>Λέγει</span> <span class='ocrx_word' id='word_1_500' title='bbox 2444 3304 2551 3375; x_wconf 81' lang='grc' dir='ltr'><strong>γὰρ</strong></span> <span class='ocrx_word' id='word_1_501' title='bbox 2581 3307 2612 3376; x_wconf 87' lang='grc' dir='ltr'><strong>ή</strong></span> <span class='ocrx_word' id='word_1_502' title='bbox 2656 3306 2866 3376; x_wconf 81' lang='grc' dir='ltr'>Γραφή·</span> <span class='ocrx_word' id='word_1_503' title='bbox 2905 3325 2924 3356; x_wconf 76' lang='grc' dir='ltr'><strong>ι</strong></span> <span class='ocrx_word' id='word_1_504' title='bbox 2963 3305 3123 3376; x_wconf 82' lang='grc' dir='ltr'>Ἀνὴρ</span> <span class='ocrx_word' id='word_1_505' title='bbox 3152 3305 3424 3375; x_wconf 74' lang='grc' dir='ltr'>ἀδόκιμος,</span> <span class='ocrx_word' id='word_1_506' title='bbox 3454 3307 3685 3376; x_wconf 84' lang='grc' dir='ltr'>ἀπείρα-</span> 
     </span>
    </p>
   </div>
   <div class='ocr_carea' id='block_1_75' title="bbox 2108 3395 3685 3468">
    <p class='ocr_par' dir='ltr' id='par_1_75' title="bbox 2108 3395 3685 3468">
     <span class='ocr_line' id='line_1_75' title="bbox 2108 3395 3685 3468; baseline 0.002 -21"><span class='ocrx_word' id='word_1_507' title='bbox 2108 3411 2231 3458; x_wconf 82' lang='grc' dir='ltr'>στος</span> <span class='ocrx_word' id='word_1_508' title='bbox 2272 3395 2423 3466; x_wconf 85' lang='grc' dir='ltr'>παρὰ</span> <span class='ocrx_word' id='word_1_509' title='bbox 2455 3395 2591 3467; x_wconf 86' lang='grc' dir='ltr'>Θεῷ.</span> <span class='ocrx_word' id='word_1_510' title='bbox 2620 3415 2637 3448; x_wconf 70' lang='grc' dir='ltr'><strong>ι</strong></span> <span class='ocrx_word' id='word_1_511' title='bbox 2674 3397 2737 3450; x_wconf 79' lang='grc' dir='ltr'><strong>Εἰ</strong></span> <span class='ocrx_word' id='word_1_512' title='bbox 2775 3397 2831 3449; x_wconf 89' lang='grc' dir='ltr'><strong>δέ</strong></span> <span class='ocrx_word' id='word_1_513' title='bbox 2859 3414 2942 3459; x_wconf 87' lang='grc' dir='ltr'><strong>τις</strong></span> <span class='ocrx_word' id='word_1_514' title='bbox 2970 3397 3196 3468; x_wconf 81' lang='grc' dir='ltr'>ἐλεγχθῇ</span> <span class='ocrx_word' id='word_1_515' title='bbox 3227 3396 3439 3468; x_wconf 78' lang='grc' dir='ltr'>πράξας</span> <span class='ocrx_word' id='word_1_516' title='bbox 3480 3415 3532 3449; x_wconf 91' lang='grc' dir='ltr'><strong>τι</strong></span> <span class='ocrx_word' id='word_1_517' title='bbox 3562 3399 3685 3451; x_wconf 82' lang='grc' dir='ltr'>ἄνο-</span> 
     </span>
    </p>
   </div>
   <div class='ocr_carea' id='block_1_76' title="bbox 2108 3486 3685 3561">
    <p class='ocr_par' dir='ltr' id='par_1_76' title="bbox 2108 3486 3685 3561">
     <span class='ocr_line' id='line_1_76' title="bbox 2108 3486 3685 3561; baseline 0.002 -21"><span class='ocrx_word' id='word_1_518' title='bbox 2108 3505 2227 3559; x_wconf 90' lang='grc' dir='ltr'>μον,</span> <span class='ocrx_word' id='word_1_519' title='bbox 2242 3489 2270 3541; x_wconf 91' lang='lat'><strong>6</strong></span> <span class='ocrx_word' id='word_1_520' title='bbox 2284 3486 2519 3552; x_wconf 83' lang='grc' dir='ltr'>τοιοῦτος</span> <span class='ocrx_word' id='word_1_521' title='bbox 2536 3490 2595 3542; x_wconf 78' lang='grc' dir='ltr'><strong>οὐ</strong></span> <span class='ocrx_word' id='word_1_522' title='bbox 2616 3490 2770 3560; x_wconf 90' lang='grc' dir='ltr'>μόνον</span> <span class='ocrx_word' id='word_1_523' title='bbox 2789 3490 2978 3543; x_wconf 80' lang='grc' dir='ltr'>ἑαυτὸν</span> <span class='ocrx_word' id='word_1_524' title='bbox 2998 3489 3244 3559; x_wconf 70' lang='grc' dir='ltr'>ἔϐλαψεν,</span> <span class='ocrx_word' id='word_1_525' title='bbox 3263 3490 3395 3543; x_wconf 81' lang='grc' dir='ltr'>ἀλλὰ</span> <span class='ocrx_word' id='word_1_526' title='bbox 3415 3491 3506 3543; x_wconf 78' lang='grc' dir='ltr'><strong>καὶ</strong></span> <span class='ocrx_word' id='word_1_527' title='bbox 3529 3490 3685 3561; x_wconf 79' lang='grc' dir='ltr'>βλασ-</span> 
     </span>
    </p>
   </div>
   <div class='ocr_carea' id='block_1_77' title="bbox 2106 3580 3681 3655">
    <p class='ocr_par' dir='ltr' id='par_1_77' title="bbox 2106 3580 3681 3655">
     <span class='ocr_line' id='line_1_77' title="bbox 2106 3580 3681 3655; baseline 0.003 -23"><span class='ocrx_word' id='word_1_528' title='bbox 2106 3598 2180 3653; x_wconf 85' lang='grc' dir='ltr'>φη</span> <span class='ocrx_word' id='word_1_529' title='bbox 2189 3580 2317 3652; x_wconf 89' lang='grc' dir='ltr'>μίαν</span> <span class='ocrx_word' id='word_1_530' title='bbox 2338 3581 2665 3652; x_wconf 76' lang='grc' dir='ltr'>προσέτριψε</span> <span class='ocrx_word' id='word_1_531' title='bbox 2692 3581 2769 3652; x_wconf 88' lang='grc' dir='ltr'><strong>τῷ</strong></span> <span class='ocrx_word' id='word_1_532' title='bbox 2797 3581 2958 3653; x_wconf 87' lang='grc' dir='ltr'>κοινῷ</span> <span class='ocrx_word' id='word_1_533' title='bbox 2978 3583 3077 3653; x_wconf 83' lang='grc' dir='ltr'>τῆς</span> <span class='ocrx_word' id='word_1_534' title='bbox 3108 3584 3427 3654; x_wconf 85' lang='grc' dir='ltr'>Ἐκκλησίας</span> <span class='ocrx_word' id='word_1_535' title='bbox 3448 3584 3681 3655; x_wconf 70' lang='grc' dir='ltr'>σώματι,</span> 
     </span>
    </p>
   </div>
   <div class='ocr_carea' id='block_1_78' title="bbox 2104 3673 3681 3746">
    <p class='ocr_par' dir='ltr' id='par_1_78' title="bbox 2104 3673 3681 3746">
     <span class='ocr_line' id='line_1_78' title="bbox 2104 3673 3681 3746; baseline 0.003 -19"><span class='ocrx_word' id='word_1_536' title='bbox 2104 3674 2201 3727; x_wconf 79' lang='grc' dir='ltr'><strong>καὶ</strong></span> <span class='ocrx_word' id='word_1_537' title='bbox 2226 3676 2292 3744; x_wconf 83' lang='grc' dir='ltr'>τῇ</span> <span class='ocrx_word' id='word_1_538' title='bbox 2319 3673 2653 3744; x_wconf 76' lang='grc' dir='ltr'>διδασκαλίᾳ,</span> <span class='ocrx_word' id='word_1_539' title='bbox 2687 3674 2762 3738; x_wconf 86' lang='grc' dir='ltr'>ὡς</span> <span class='ocrx_word' id='word_1_540' title='bbox 2795 3674 2869 3746; x_wconf 82' lang='grc' dir='ltr'>μὴ</span> <span class='ocrx_word' id='word_1_541' title='bbox 2900 3675 3197 3729; x_wconf 84' lang='grc' dir='ltr'>ποιούντων</span> <span class='ocrx_word' id='word_1_542' title='bbox 3226 3676 3430 3741; x_wconf 79' lang='grc' dir='ltr'>ἐκεῖνα,</span> <span class='ocrx_word' id='word_1_543' title='bbox 3458 3678 3493 3731; x_wconf 78' lang='grc' dir='ltr'>ἃ.</span> <span class='ocrx_word' id='word_1_544' title='bbox 3529 3678 3681 3745; x_wconf 90' lang='grc' dir='ltr'>λέγο-</span> 
     </span>
    </p>
   </div>
   <div class='ocr_carea' id='block_1_79' title="bbox 2106 3760 3682 3842">
    <p class='ocr_par' dir='ltr' id='par_1_79' title="bbox 2106 3760 3682 3842">
     <span class='ocr_line' id='line_1_79' title="bbox 2106 3760 3682 3842; baseline 0.003 -23"><span class='ocrx_word' id='word_1_545' title='bbox 2106 3782 2203 3836; x_wconf 87' lang='grc' dir='ltr'><strong>μεν</strong></span> <span class='ocrx_word' id='word_1_546' title='bbox 2231 3760 2367 3819; x_wconf 78' lang='grc' dir='ltr'>εἶναι</span> <span class='ocrx_word' id='word_1_547' title='bbox 2402 3765 2562 3829; x_wconf 85' lang='grc' dir='ltr'>καλὰ,</span> <span class='ocrx_word' id='word_1_548' title='bbox 2594 3768 2688 3819; x_wconf 77' lang='grc' dir='ltr'><strong>καὶ</strong></span> <span class='ocrx_word' id='word_1_549' title='bbox 2731 3768 3205 3839; x_wconf 85' lang='grc' dir='ltr'>ὀνειδισθησόμεθα</span> <span class='ocrx_word' id='word_1_550' title='bbox 3250 3771 3343 3823; x_wconf 76' lang='grc' dir='ltr'><strong>καὶ</strong></span> <span class='ocrx_word' id='word_1_551' title='bbox 3383 3772 3542 3842; x_wconf 81' lang='grc' dir='ltr'>ἡμεῖς</span> <span class='ocrx_word' id='word_1_552' title='bbox 3574 3770 3682 3824; x_wconf 79' lang='grc' dir='ltr'>ὑπὸ</span> 
     </span>
    </p>
   </div>
   <div class='ocr_carea' id='block_1_80' title="bbox 2096 3856 3680 3928">
    <p class='ocr_par' dir='ltr' id='par_1_80' title="bbox 2096 3856 3680 3928">
     <span class='ocr_line' id='line_1_80' title="bbox 2096 3856 3680 3928; baseline 0.004 -19"><span class='ocrx_word' id='word_1_553' title='bbox 2096 3856 2197 3910; x_wconf 71' lang='grc' dir='ltr'>’τοῦ</span> <span class='ocrx_word' id='word_1_554' title='bbox 2226 3858 2451 3928; x_wconf 82' lang='grc' dir='ltr'>Κυρίου,</span> <span class='ocrx_word' id='word_1_555' title='bbox 2479 3858 2560 3910; x_wconf 84' lang='grc' dir='ltr'><strong>ὅτι</strong></span> <span class='ocrx_word' id='word_1_556' title='bbox 2595 3876 2613 3908; x_wconf 77' lang='grc' dir='ltr'><strong>ι</strong></span> <span class='ocrx_word' id='word_1_557' title='bbox 2644 3858 2895 3925; x_wconf 89' lang='grc' dir='ltr'>Λέγουσι,</span> <span class='ocrx_word' id='word_1_558' title='bbox 2944 3862 3038 3913; x_wconf 78' lang='grc' dir='ltr'><strong>καὶ</strong></span> <span class='ocrx_word' id='word_1_559' title='bbox 3064 3862 3125 3913; x_wconf 83' lang='grc' dir='ltr'>οὐ</span> <span class='ocrx_word' id='word_1_560' title='bbox 3172 3861 3433 3915; x_wconf 85' lang='grc' dir='ltr'>ποιοῦσιν.</span> <span class='ocrx_word' id='word_1_561' title='bbox 3465 3883 3484 3914; x_wconf 75' lang='grc' dir='ltr'><strong>ι</strong></span> <span class='ocrx_word' id='word_1_562' title='bbox 3521 3861 3680 3917; x_wconf 81' lang='grc' dir='ltr'>Ὅθεν</span> 
     </span>
    </p>
   </div>
   <div class='ocr_carea' id='block_1_81' title="bbox 2101 3947 3675 4026">
    <p class='ocr_par' dir='ltr' id='par_1_81' title="bbox 2101 3947 3675 4026">
     <span class='ocr_line' id='line_1_81' title="bbox 2101 3947 3675 4026; baseline 0.004 -25"><span class='ocrx_word' id='word_1_563' title='bbox 2101 3950 2226 4012; x_wconf 81' lang='grc' dir='ltr'>τοὺς</span> <span class='ocrx_word' id='word_1_564' title='bbox 2267 3947 2542 4012; x_wconf 83' lang='grc' dir='ltr'>τοιούτους</span> <span class='ocrx_word' id='word_1_565' title='bbox 2582 3949 2935 4021; x_wconf 81' lang='grc' dir='ltr'>ἐλεγχθέντας</span> <span class='ocrx_word' id='word_1_566' title='bbox 2981 3952 3231 4024; x_wconf 85' lang='grc' dir='ltr'>ἀληθῶς,</span> <span class='ocrx_word' id='word_1_567' title='bbox 3280 3956 3675 4026; x_wconf 87' lang='grc' dir='ltr'>παραιτήσεται</span> 
     </span>
    </p>
   </div>
   <div class='ocr_carea' id='block_1_82' title="bbox 2103 4040 3673 4118">
    <p class='ocr_par' dir='ltr' id='par_1_82' title="bbox 2103 4040 3673 4118">
     <span class='ocr_line' id='line_1_82' title="bbox 2103 4040 3673 4118; baseline 0.003 -26"><span class='ocrx_word' id='word_1_568' title='bbox 2103 4040 2240 4111; x_wconf 79' lang='grc' dir='ltr'>μετὰ</span> <span class='ocrx_word' id='word_1_569' title='bbox 2285 4042 2597 4114; x_wconf 76' lang='grc' dir='ltr'>παρρησίας</span> <span class='ocrx_word' id='word_1_570' title='bbox 2632 4044 2661 4095; x_wconf 93' lang='lat'><strong>6</strong></span> <span class='ocrx_word' id='word_1_571' title='bbox 2698 4043 3015 4110; x_wconf 87' lang='grc' dir='ltr'>ἐπίσκοπος,</span> <span class='ocrx_word' id='word_1_572' title='bbox 3056 4048 3105 4100; x_wconf 81' lang='grc' dir='ltr'>εἰ</span> <span class='ocrx_word' id='word_1_573' title='bbox 3152 4046 3228 4118; x_wconf 82' lang='grc' dir='ltr'>μὴ</span> <span class='ocrx_word' id='word_1_574' title='bbox 3272 4046 3673 4118; x_wconf 78' lang='grc' dir='ltr'>μεταϐάλωνται</span> 
     </span>
    </p>
   </div>
   <div class='ocr_carea' id='block_1_83' title="bbox 2100 4132 2435 4203">
    <p class='ocr_par' dir='ltr' id='par_1_83' title="bbox 2100 4132 2435 4203">
     <span class='ocr_line' id='line_1_83' title="bbox 2100 4132 2435 4203; baseline 0.006 -18"><span class='ocrx_word' id='word_1_575' title='bbox 2100 4132 2190 4185; x_wconf 82' lang='grc' dir='ltr'><strong>τὸν</strong></span> <span class='ocrx_word' id='word_1_576' title='bbox 2218 4133 2435 4203; x_wconf 86' lang='grc' dir='ltr'>τρόπον.</span> 
     </span>
    </p>
   </div>
   <div class='ocr_carea' id='block_1_84' title="bbox 425 4225 2741 4301">
    <p class='ocr_par' dir='ltr' id='par_1_84' title="bbox 425 4225 2741 4301">
     <span class='ocr_line' id='line_1_84' title="bbox 425 4225 2741 4301; baseline 0.001 -16"><span class='ocrx_word' id='word_1_577' title='bbox 425 4247 553 4287; x_wconf 73' lang='lat' dir='ltr'><strong>vere</strong></span> <span class='ocrx_word' id='word_1_578' title='bbox 585 4232 817 4284; x_wconf 84' lang='lat' dir='ltr'><strong>convicti</strong></span> <span class='ocrx_word' id='word_1_579' title='bbox 865 4230 1090 4293; x_wconf 82' lang='lat' dir='ltr'><strong>fuerint,</strong></span> <span class='ocrx_word' id='word_1_580' title='bbox 1122 4229 1225 4283; x_wconf 90' lang='lat' dir='ltr'><strong>nisi</strong></span> <span class='ocrx_word' id='word_1_581' title='bbox 1266 4245 1444 4284; x_wconf 88' lang='lat' dir='ltr'><strong>mores</strong></span> <span class='ocrx_word' id='word_1_582' title='bbox 1481 4230 1828 4297; x_wconf 87' lang='lat' dir='ltr'><strong>mutaverint,</strong></span> <span class='ocrx_word' id='word_1_583' title='bbox 1869 4231 2164 4301; x_wconf 83' lang='lat' dir='ltr'><strong>episcopus</strong></span> <span class='ocrx_word' id='word_1_584' title='bbox 2196 4225 2421 4283; x_wconf 79' lang='lat' dir='ltr'><strong>ﬁdenter</strong></span> <span class='ocrx_word' id='word_1_585' title='bbox 2448 4228 2741 4287; x_wconf 86' lang='lat' dir='ltr'><strong>abdicabit.</strong></span> 
     </span>
    </p>
   </div>
   <div class='ocr_carea' id='block_1_85' title="bbox 1033 4407 1394 4465">
    <p class='ocr_par' dir='ltr' id='par_1_85' title="bbox 1033 4407 1394 4465">
     <span class='ocr_line' id='line_1_85' title="bbox 1033 4407 1394 4465; baseline -0.003 0"><span class='ocrx_word' id='word_1_586' title='bbox 1033 4408 1261 4465; x_wconf 84' lang='lat' dir='ltr'><strong>CAPUT</strong></span> <span class='ocrx_word' id='word_1_587' title='bbox 1304 4407 1394 4464; x_wconf 84' lang='lat' dir='ltr'><strong>IX.</strong></span> 
     </span>
    </p>
   </div>
   <div class='ocr_carea' id='block_1_86' title="bbox 496 4502 1916 4573">
    <p class='ocr_par' dir='ltr' id='par_1_86' title="bbox 496 4502 1916 4573">
     <span class='ocr_line' id='line_1_86' title="bbox 496 4502 1916 4573; baseline -0.001 -15"><span class='ocrx_word' id='word_1_588' title='bbox 496 4503 813 4573; x_wconf 81' lang='lat' dir='ltr'><strong>Episcopum</strong></span> <span class='ocrx_word' id='word_1_589' title='bbox 843 4520 945 4556; x_wconf 87' lang='lat' dir='ltr'><strong>non</strong></span> <span class='ocrx_word' id='word_1_590' title='bbox 975 4502 1157 4555; x_wconf 84' lang='lat' dir='ltr'><strong>debere</strong></span> <span class='ocrx_word' id='word_1_591' title='bbox 1182 4518 1293 4556; x_wconf 83' lang='lat' dir='ltr'><strong>esse</strong></span> <span class='ocrx_word' id='word_1_592' title='bbox 1329 4502 1629 4555; x_wconf 83' lang='lat' dir='ltr'><strong>muneribus</strong></span> <span class='ocrx_word' id='word_1_593' title='bbox 1659 4503 1916 4572; x_wconf 84' lang='lat' dir='ltr'><strong>pervium.</strong></span> 
     </span>
    </p>
   </div>
   <div class='ocr_carea' id='block_1_87' title="bbox 496 4582 1992 4666">
    <p class='ocr_par' dir='ltr' id='par_1_87' title="bbox 496 4582 1992 4666">
     <span class='ocr_line' id='line_1_87' title="bbox 496 4582 1992 4666; baseline -0.001 -15"><span class='ocrx_word' id='word_1_594' title='bbox 496 4596 722 4666; x_wconf 87' lang='lat' dir='ltr'><strong>Oportet</strong></span> <span class='ocrx_word' id='word_1_595' title='bbox 767 4595 913 4649; x_wconf 89' lang='lat' dir='ltr'><strong>enim</strong></span> <span class='ocrx_word' id='word_1_596' title='bbox 959 4594 1275 4662; x_wconf 81' lang='lat' dir='ltr'><strong>episcOpum</strong></span> <span class='ocrx_word' id='word_1_597' title='bbox 1308 4610 1415 4647; x_wconf 92' lang='lat' dir='ltr'><strong>non</strong></span> <span class='ocrx_word' id='word_1_598' title='bbox 1462 4594 1621 4648; x_wconf 90' lang='lat' dir='ltr'><strong>modo</strong></span> <span class='ocrx_word' id='word_1_599' title='bbox 1653 4582 1992 4665; x_wconf 84' lang='lat' dir='ltr'><strong>inculpatum</strong></span> 
     </span>
    </p>
   </div>
   <div class='ocr_carea' id='block_1_88' title="bbox 426 4687 1993 4757">
    <p class='ocr_par' dir='ltr' id='par_1_88' title="bbox 426 4687 1993 4757">
     <span class='ocr_line' id='line_1_88' title="bbox 426 4687 1993 4757; baseline 0 -14"><span class='ocrx_word' id='word_1_600' title='bbox 426 4704 569 4751; x_wconf 81' lang='lat' dir='ltr'><strong>esse,</strong></span> <span class='ocrx_word' id='word_1_601' title='bbox 600 4687 696 4742; x_wconf 85' lang='lat' dir='ltr'><strong>sed</strong></span> <span class='ocrx_word' id='word_1_602' title='bbox 726 4693 778 4740; x_wconf 86' lang='lat' dir='ltr'><strong>et</strong></span> <span class='ocrx_word' id='word_1_603' title='bbox 803 4700 1159 4753; x_wconf 88' lang='lat' dir='ltr'><strong>personarum</strong></span> <span class='ocrx_word' id='word_1_604' title='bbox 1190 4701 1298 4739; x_wconf 93' lang='lat' dir='ltr'><strong>non</strong></span> <span class='ocrx_word' id='word_1_605' title='bbox 1340 4694 1760 4755; x_wconf 85' lang='lat' dir='ltr'><strong>acceptatorem,</strong></span> <span class='ocrx_word' id='word_1_606' title='bbox 1789 4688 1993 4757; x_wconf 88' lang='lat' dir='ltr'><strong>quique</strong></span> 
     </span>
    </p>
   </div>
   <div class='ocr_carea' id='block_1_89' title="bbox 426 4777 2011 4858">
    <p class='ocr_par' dir='ltr' id='par_1_89' title="bbox 426 4777 2011 4858">
     <span class='ocr_line' id='line_1_89' title="bbox 426 4777 2011 4858; baseline 0.002 -27"><span class='ocrx_word' id='word_1_607' title='bbox 426 4789 742 4849; x_wconf 77' lang='lat' dir='ltr'><strong>peccatores</strong></span> <span class='ocrx_word' id='word_1_608' title='bbox 768 4777 1077 4831; x_wconf 88' lang='lat' dir='ltr'><strong>humaniter</strong></span> <span class='ocrx_word' id='word_1_609' title='bbox 1100 4777 1349 4846; x_wconf 80' lang='lat' dir='ltr'><strong>castiget.</strong></span> <span class='ocrx_word' id='word_1_610' title='bbox 1381 4777 1537 4842; x_wconf 84' lang='lat' dir='ltr'><strong>Quod</strong></span> <span class='ocrx_word' id='word_1_611' title='bbox 1570 4777 1613 4831; x_wconf 90' lang='lat' dir='ltr'><strong>si</strong></span> <span class='ocrx_word' id='word_1_612' title='bbox 1647 4778 1751 4831; x_wconf 89' lang='lat' dir='ltr'><strong>sibi</strong></span> <span class='ocrx_word' id='word_1_613' title='bbox 1774 4794 2011 4858; x_wconf 48' lang='lat' dir='ltr'><strong>quoque.</strong></span> 
     </span>
    </p>
   </div>
   <div class='ocr_carea' id='block_1_90' title="bbox 426 4869 1992 4940">
    <p class='ocr_par' dir='ltr' id='par_1_90' title="bbox 426 4869 1992 4940">
     <span class='ocr_line' id='line_1_90' title="bbox 426 4869 1992 4940; baseline 0 -14"><span class='ocrx_word' id='word_1_614' title='bbox 426 4874 567 4926; x_wconf 89' lang='lat' dir='ltr'><strong>male</strong></span> <span class='ocrx_word' id='word_1_615' title='bbox 610 4870 892 4931; x_wconf 87' lang='lat' dir='ltr'><strong>conscius,</strong></span> <span class='ocrx_word' id='word_1_616' title='bbox 941 4877 995 4923; x_wconf 88' lang='lat' dir='ltr'><strong>et</strong></span> <span class='ocrx_word' id='word_1_617' title='bbox 1044 4870 1209 4923; x_wconf 89' lang='lat' dir='ltr'><strong>certis</strong></span> <span class='ocrx_word' id='word_1_618' title='bbox 1264 4869 1515 4939; x_wconf 82' lang='lat' dir='ltr'><strong>personis</strong></span> <span class='ocrx_word' id='word_1_619' title='bbox 1566 4870 1864 4940; x_wconf 85' lang='lat' dir='ltr'><strong>gratilicari</strong></span> <span class='ocrx_word' id='word_1_620' title='bbox 1895 4887 1992 4926; x_wconf 89' lang='lat' dir='ltr'><strong>cu-</strong></span> 
     </span>
    </p>
   </div>
   <div class='ocr_carea' id='block_1_91' title="bbox 428 4961 1996 5039">
    <p class='ocr_par' dir='ltr' id='par_1_91' title="bbox 428 4961 1996 5039">
     <span class='ocr_line' id='line_1_91' title="bbox 428 4961 1996 5039; baseline 0.004 -24"><span class='ocrx_word' id='word_1_621' title='bbox 428 4965 602 5039; x_wconf 72' lang='lat' dir='ltr'><strong>piens,</strong></span> <span class='ocrx_word' id='word_1_622' title='bbox 649 4962 870 5017; x_wconf 86' lang='lat' dir='ltr'><strong>sordide</strong></span> <span class='ocrx_word' id='word_1_623' title='bbox 915 4961 1151 5032; x_wconf 87' lang='lat' dir='ltr'><strong>acceptis</strong></span> <span class='ocrx_word' id='word_1_624' title='bbox 1202 4963 1541 5024; x_wconf 88' lang='lat' dir='ltr'><strong>muneribus,</strong></span> <span class='ocrx_word' id='word_1_625' title='bbox 1582 4964 1857 5019; x_wconf 85' lang='lat' dir='ltr'><strong>sceleroso</strong></span> <span class='ocrx_word' id='word_1_626' title='bbox 1900 4981 1996 5036; x_wconf 86' lang='lat' dir='ltr'><strong>pe-</strong></span> 
     </span>
    </p>
   </div>
   <div class='ocr_carea' id='block_1_92' title="bbox 426 5055 1993 5127">
    <p class='ocr_par' dir='ltr' id='par_1_92' title="bbox 426 5055 1993 5127">
     <span class='ocr_line' id='line_1_92' title="bbox 426 5055 1993 5127; baseline 0 -16"><span class='ocrx_word' id='word_1_627' title='bbox 426 5057 689 5127; x_wconf 89' lang='lat' dir='ltr'><strong>percerit,</strong></span> <span class='ocrx_word' id='word_1_628' title='bbox 722 5057 1056 5127; x_wconf 84' lang='lat' dir='ltr'><strong>eumquein</strong></span> <span class='ocrx_word' id='word_1_629' title='bbox 1100 5055 1339 5109; x_wconf 80' lang='lat' dir='ltr'><strong>Ecclesia</strong></span> <span class='ocrx_word' id='word_1_630' title='bbox 1387 5072 1607 5110; x_wconf 87' lang='lat' dir='ltr'><strong>manere</strong></span> <span class='ocrx_word' id='word_1_631' title='bbox 1655 5059 1993 5127; x_wconf 87' lang='lat' dir='ltr'><strong>permiserit,</strong></span> 
     </span>
    </p>
   </div>
   <div class='ocr_carea' id='block_1_93' title="bbox 424 5147 1994 5219">
    <p class='ocr_par' dir='ltr' id='par_1_93' title="bbox 424 5147 1994 5219">
     <span class='ocr_line' id='line_1_93' title="bbox 424 5147 1994 5219; baseline 0.002 -17"><span class='ocrx_word' id='word_1_632' title='bbox 424 5159 479 5202; x_wconf 87' lang='lat' dir='ltr'><strong>et</strong></span> <span class='ocrx_word' id='word_1_633' title='bbox 532 5148 830 5219; x_wconf 78' lang='lat' dir='ltr'><strong>neglexerit</strong></span> <span class='ocrx_word' id='word_1_634' title='bbox 882 5147 1095 5205; x_wconf 85' lang='lat' dir='ltr'><strong>divinas</strong></span> <span class='ocrx_word' id='word_1_635' title='bbox 1131 5164 1194 5203; x_wconf 87' lang='lat' dir='ltr'><strong>ac</strong></span> <span class='ocrx_word' id='word_1_636' title='bbox 1234 5148 1548 5205; x_wconf 84' lang='lat' dir='ltr'><strong>Dominicas</strong></span> <span class='ocrx_word' id='word_1_637' title='bbox 1577 5166 1767 5217; x_wconf 86' lang='lat' dir='ltr'><strong>voces,</strong></span> <span class='ocrx_word' id='word_1_638' title='bbox 1808 5151 1994 5207; x_wconf 89' lang='lat' dir='ltr'><strong>dicen-</strong></span> 
     </span>
    </p>
   </div>
   <div class='ocr_carea' id='block_1_94' title="bbox 513 5306 1612 5373">
    <p class='ocr_par' dir='ltr' id='par_1_94' title="bbox 513 5306 1612 5373">
     <span class='ocr_line' id='line_1_94' title="bbox 513 5306 1612 5373; baseline 0.003 -13"><span class='ocrx_word' id='word_1_639' title='bbox 513 5309 560 5339; x_wconf 81' lang='lat'>“</span> <span class='ocrx_word' id='word_1_640' title='bbox 589 5307 776 5362; x_wconf 85' lang='lat' dir='ltr'><strong>Matth.</strong></span> <span class='ocrx_word' id='word_1_641' title='bbox 806 5323 858 5361; x_wconf 78' lang='grc' dir='ltr'>ιι</span> <span class='ocrx_word' id='word_1_642' title='bbox 892 5313 948 5363; x_wconf 89' lang='lat' dir='ltr'><strong>et</strong></span> <span class='ocrx_word' id='word_1_643' title='bbox 989 5322 1110 5362; x_wconf 76' lang='lat' dir='ltr'><strong>xui.</strong></span> <span class='ocrx_word' id='word_1_644' title='bbox 1206 5306 1252 5339; x_wconf 81' lang='lat'>”</span> <span class='ocrx_word' id='word_1_645' title='bbox 1284 5306 1443 5363; x_wconf 85' lang='lat' dir='ltr'><strong>Prov.</strong></span> <span class='ocrx_word' id='word_1_646' title='bbox 1478 5323 1526 5373; x_wconf 92' lang='grc' dir='ltr'><strong>ι,</strong></span> <span class='ocrx_word' id='word_1_647' title='bbox 1558 5308 1612 5363; x_wconf 91' lang='lat'><strong>8.</strong></span> 
     </span>
    </p>
   </div>
   <div class='ocr_carea' id='block_1_95' title="bbox 2642 4413 3144 4468">
    <p class='ocr_par' dir='ltr' id='par_1_95' title="bbox 2642 4413 3144 4468">
     <span class='ocr_line' id='line_1_95' title="bbox 2642 4413 3144 4468; baseline 0.004 -3"><span class='ocrx_word' id='word_1_648' title='bbox 2642 4413 3033 4468; x_wconf 76' lang='grc' dir='ltr'><strong>ΚΕΦΑΛΑΙΟΝ</strong></span> <span class='ocrx_word' id='word_1_649' title='bbox 3070 4414 3144 4467; x_wconf 90' lang='grc' dir='ltr'>Θ’.</span> 
     </span>
    </p>
   </div>
   <div class='ocr_carea' id='block_1_96' title="bbox 2103 4505 3667 4576">
    <p class='ocr_par' dir='ltr' id='par_1_96' title="bbox 2103 4505 3667 4576">
     <span class='ocr_line' id='line_1_96' title="bbox 2103 4505 3667 4576; baseline -0.001 -13"><span class='ocrx_word' id='word_1_650' title='bbox 2103 4510 2227 4563; x_wconf 81' lang='grc' dir='ltr'>Ὅτι</span> <span class='ocrx_word' id='word_1_651' title='bbox 2252 4508 2697 4576; x_wconf 74' lang='grc' dir='ltr'>ἀδωροδόκητον</span> <span class='ocrx_word' id='word_1_652' title='bbox 2725 4508 2876 4561; x_wconf 78' lang='grc' dir='ltr'>εἶναι</span> <span class='ocrx_word' id='word_1_653' title='bbox 2902 4506 3017 4575; x_wconf 80' lang='grc' dir='ltr'>χρὴ</span> <span class='ocrx_word' id='word_1_654' title='bbox 3045 4508 3149 4559; x_wconf 76' lang='grc' dir='ltr'><strong>τὸν</strong></span> <span class='ocrx_word' id='word_1_655' title='bbox 3184 4506 3515 4558; x_wconf 77' lang='grc' dir='ltr'>ἐπίσκοπον</span> <span class='ocrx_word' id='word_1_656' title='bbox 3535 4505 3667 4576; x_wconf 67' lang='lat'><strong>(25).</strong></span> 
     </span>
    </p>
   </div>
   <div class='ocr_carea' id='block_1_97' title="bbox 2171 4594 3668 4671">
    <p class='ocr_par' dir='ltr' id='par_1_97' title="bbox 2171 4594 3668 4671">
     <span class='ocr_line' id='line_1_97' title="bbox 2171 4594 3668 4671; baseline -0.001 -18"><span class='ocrx_word' id='word_1_657' title='bbox 2171 4602 2243 4653; x_wconf 85' lang='grc' dir='ltr'><strong>Οὐ</strong></span> <span class='ocrx_word' id='word_1_658' title='bbox 2265 4600 2372 4671; x_wconf 86' lang='grc' dir='ltr'>γὰρ</span> <span class='ocrx_word' id='word_1_659' title='bbox 2403 4599 2558 4669; x_wconf 85' lang='grc' dir='ltr'>μόνον</span> <span class='ocrx_word' id='word_1_660' title='bbox 2577 4600 2922 4669; x_wconf 86' lang='grc' dir='ltr'>ἀπρόσκοπον</span> <span class='ocrx_word' id='word_1_661' title='bbox 2942 4594 3078 4651; x_wconf 84' lang='grc' dir='ltr'>εἶναι</span> <span class='ocrx_word' id='word_1_662' title='bbox 3107 4597 3209 4667; x_wconf 83' lang='grc' dir='ltr'><strong>χρὴ</strong></span> <span class='ocrx_word' id='word_1_663' title='bbox 3238 4596 3326 4649; x_wconf 85' lang='grc' dir='ltr'><strong>τὸν</strong></span> <span class='ocrx_word' id='word_1_664' title='bbox 3349 4597 3668 4662; x_wconf 86' lang='grc' dir='ltr'>ἐπίσκοπον,</span> 
     </span>
    </p>
   </div>
   <div class='ocr_carea' id='block_1_98' title="bbox 2100 4688 3673 4761">
    <p class='ocr_par' dir='ltr' id='par_1_98' title="bbox 2100 4688 3673 4761">
     <span class='ocr_line' id='line_1_98' title="bbox 2100 4688 3673 4761; baseline -0.002 -16"><span class='ocrx_word' id='word_1_665' title='bbox 2100 4691 2234 4745; x_wconf 84' lang='grc' dir='ltr'>ἀλλὰ</span> <span class='ocrx_word' id='word_1_666' title='bbox 2263 4693 2354 4745; x_wconf 87' lang='grc' dir='ltr'><strong>καί</strong></span> <span class='ocrx_word' id='word_1_667' title='bbox 2395 4690 2912 4761; x_wconf 86' lang='grc' dir='ltr'>άπροσωπόληπτον,</span> <span class='ocrx_word' id='word_1_668' title='bbox 2942 4692 2999 4743; x_wconf 88' lang='grc' dir='ltr'><strong>ἐν</strong></span> <span class='ocrx_word' id='word_1_669' title='bbox 3038 4688 3360 4760; x_wconf 84' lang='grc' dir='ltr'>χρηστότητι</span> <span class='ocrx_word' id='word_1_670' title='bbox 3405 4690 3673 4761; x_wconf 85' lang='grc' dir='ltr'>σωφρονί-</span> 
     </span>
    </p>
   </div>
   <div class='ocr_carea' id='block_1_99' title="bbox 2098 4781 3673 4855">
    <p class='ocr_par' dir='ltr' id='par_1_99' title="bbox 2098 4781 3673 4855">
     <span class='ocr_line' id='line_1_99' title="bbox 2098 4781 3673 4855; baseline -0.001 -19"><span class='ocrx_word' id='word_1_671' title='bbox 2098 4782 2257 4848; x_wconf 80' lang='grc' dir='ltr'>ζοντα</span> <span class='ocrx_word' id='word_1_672' title='bbox 2276 4785 2400 4846; x_wconf 74' lang='grc' dir='ltr'>τοὺς</span> <span class='ocrx_word' id='word_1_673' title='bbox 2428 4783 2856 4855; x_wconf 84' lang='grc' dir='ltr'>ἁμαρτάνοντας.</span> <span class='ocrx_word' id='word_1_674' title='bbox 2888 4784 2948 4836; x_wconf 84' lang='lat' dir='ltr'><strong>El</strong></span> <span class='ocrx_word' id='word_1_675' title='bbox 2978 4782 3033 4834; x_wconf 86' lang='grc' dir='ltr'><strong>δέ</strong></span> <span class='ocrx_word' id='word_1_676' title='bbox 3059 4782 3151 4834; x_wconf 74' lang='grc' dir='ltr'>καὶ</span> <span class='ocrx_word' id='word_1_677' title='bbox 3170 4781 3329 4844; x_wconf 82' lang='grc' dir='ltr'>αὐτὸς</span> <span class='ocrx_word' id='word_1_678' title='bbox 3348 4782 3447 4834; x_wconf 84' lang='grc' dir='ltr'><strong>οὑκ</strong></span> <span class='ocrx_word' id='word_1_679' title='bbox 3479 4784 3673 4835; x_wconf 82' lang='grc' dir='ltr'>εὐσυν-</span> 
     </span>
    </p>
   </div>
   <div class='ocr_carea' id='block_1_100' title="bbox 2099 4873 3671 4947">
    <p class='ocr_par' dir='ltr' id='par_1_100' title="bbox 2099 4873 3671 4947">
     <span class='ocr_line' id='line_1_100' title="bbox 2099 4873 3671 4947; baseline 0.001 -20"><span class='ocrx_word' id='word_1_680' title='bbox 2099 4875 2306 4944; x_wconf 88' lang='grc' dir='ltr'>είδητος</span> <span class='ocrx_word' id='word_1_681' title='bbox 2366 4876 2643 4947; x_wconf 83' lang='grc' dir='ltr'>ὑπάρχων,</span> <span class='ocrx_word' id='word_1_682' title='bbox 2698 4873 3165 4947; x_wconf 87' lang='grc' dir='ltr'>προσωπολήπτης</span> <span class='ocrx_word' id='word_1_683' title='bbox 3218 4875 3525 4945; x_wconf 87' lang='grc' dir='ltr'>γενόμενος,</span> <span class='ocrx_word' id='word_1_684' title='bbox 3581 4875 3671 4930; x_wconf 81' lang='grc' dir='ltr'><strong>διά</strong></span> 
     </span>
    </p>
   </div>
   <div class='ocr_carea' id='block_1_101' title="bbox 2095 4967 3667 5039">
    <p class='ocr_par' dir='ltr' id='par_1_101' title="bbox 2095 4967 3667 5039">
     <span class='ocr_line' id='line_1_101' title="bbox 2095 4967 3667 5039; baseline 0.002 -20"><span class='ocrx_word' id='word_1_685' title='bbox 2095 4983 2216 5019; x_wconf 88' lang='grc' dir='ltr'>τινα</span> <span class='ocrx_word' id='word_1_686' title='bbox 2254 4969 2610 5039; x_wconf 82' lang='grc' dir='ltr'>αἰσχροκερδῆ</span> <span class='ocrx_word' id='word_1_687' title='bbox 2643 4967 3001 5037; x_wconf 77' lang='grc' dir='ltr'>δωροληψίαν,</span> <span class='ocrx_word' id='word_1_688' title='bbox 3032 4968 3273 5037; x_wconf 83' lang='grc' dir='ltr'>φείσεται</span> <span class='ocrx_word' id='word_1_689' title='bbox 3312 4968 3406 5021; x_wconf 82' lang='grc' dir='ltr'><strong>τοῦ</strong></span> <span class='ocrx_word' id='word_1_690' title='bbox 3450 4970 3667 5038; x_wconf 84' lang='grc' dir='ltr'>ἀνόμως</span> 
     </span>
    </p>
   </div>
   <div class='ocr_carea' id='block_1_102' title="bbox 2097 5059 3662 5132">
    <p class='ocr_par' dir='ltr' id='par_1_102' title="bbox 2097 5059 3662 5132">
     <span class='ocr_line' id='line_1_102' title="bbox 2097 5059 3662 5132; baseline 0 -20"><span class='ocrx_word' id='word_1_691' title='bbox 2097 5059 2451 5130; x_wconf 80' lang='grc' dir='ltr'>ἁμαρτόντος,</span> <span class='ocrx_word' id='word_1_692' title='bbox 2495 5061 2658 5122; x_wconf 77' lang='grc' dir='ltr'>ἐάσας</span> <span class='ocrx_word' id='word_1_693' title='bbox 2722 5061 2780 5112; x_wconf 85' lang='grc' dir='ltr'>ὲν</span> <span class='ocrx_word' id='word_1_694' title='bbox 2802 5063 2868 5130; x_wconf 80' lang='grc' dir='ltr'>τῇ</span> <span class='ocrx_word' id='word_1_695' title='bbox 2919 5060 3209 5132; x_wconf 74' lang='grc' dir='ltr'>Ἐκκλησία</span> <span class='ocrx_word' id='word_1_696' title='bbox 3256 5062 3434 5131; x_wconf 90' lang='grc' dir='ltr'>μένειν</span> <span class='ocrx_word' id='word_1_697' title='bbox 3480 5061 3662 5121; x_wconf 76' lang='grc' dir='ltr'>αὐτὸν,</span> 
     </span>
    </p>
   </div>
   <div class='ocr_carea' id='block_1_103' title="bbox 2095 5152 3671 5225">
    <p class='ocr_par' dir='ltr' id='par_1_103' title="bbox 2095 5152 3671 5225">
     <span class='ocr_line' id='line_1_103' title="bbox 2095 5152 3671 5225; baseline 0.001 -21"><span class='ocrx_word' id='word_1_698' title='bbox 2095 5152 2449 5225; x_wconf 87' lang='grc' dir='ltr'>παρακούσας</span> <span class='ocrx_word' id='word_1_699' title='bbox 2483 5153 2584 5223; x_wconf 78' lang='grc' dir='ltr'>τῆς</span> <span class='ocrx_word' id='word_1_700' title='bbox 2612 5152 2759 5217; x_wconf 83' lang='grc' dir='ltr'>θείας</span> <span class='ocrx_word' id='word_1_701' title='bbox 2784 5154 2876 5206; x_wconf 70' lang='grc' dir='ltr'>καὶ</span> <span class='ocrx_word' id='word_1_702' title='bbox 2897 5153 3179 5224; x_wconf 84' lang='grc' dir='ltr'>Κυριακῆς</span> <span class='ocrx_word' id='word_1_703' title='bbox 3208 5152 3391 5223; x_wconf 73' lang='grc' dir='ltr'>φωνῆς</span> <span class='ocrx_word' id='word_1_704' title='bbox 3418 5154 3517 5223; x_wconf 82' lang='grc' dir='ltr'><strong>τῆς</strong></span> <span class='ocrx_word' id='word_1_705' title='bbox 3552 5152 3671 5223; x_wconf 69' lang='grc'><strong>(24)</strong></span> 
     </span>
    </p>
   </div>
   <div class='ocr_carea' id='block_1_104' title="bbox 1720 5306 3473 5376">
    <p class='ocr_par' dir='ltr' id='par_1_104' title="bbox 1720 5306 3473 5376">
     <span class='ocr_line' id='line_1_104' title="bbox 1720 5306 3473 5376; baseline 0.002 -16"><span class='ocrx_word' id='word_1_706' title='bbox 1720 5309 1766 5339; x_wconf 61' lang='grc'><strong>⁵³</strong></span> <span class='ocrx_word' id='word_1_707' title='bbox 1802 5306 1996 5362; x_wconf 81' lang='lat' dir='ltr'><strong>Matth.</strong></span> <span class='ocrx_word' id='word_1_708' title='bbox 2024 5324 2076 5370; x_wconf 75' lang='grc' dir='ltr'><strong>ν,</strong></span> <span class='ocrx_word' id='word_1_709' title='bbox 2106 5307 2193 5363; x_wconf 83' lang='lat' dir='ltr'>II.</span> <span class='ocrx_word' id='word_1_710' title='bbox 2271 5308 2317 5340; x_wconf 74' lang='grc'><strong>⁸⁵</strong></span> <span class='ocrx_word' id='word_1_711' title='bbox 2344 5306 2461 5364; x_wconf 83' lang='lat' dir='ltr'><strong>Jac.</strong></span> <span class='ocrx_word' id='word_1_712' title='bbox 2489 5325 2506 5362; x_wconf 84' lang='grc' dir='ltr'><strong>ι</strong></span> <span class='ocrx_word' id='word_1_713' title='bbox 2531 5350 2547 5376; x_wconf 91' lang='grc'><strong>,</strong></span> <span class='ocrx_word' id='word_1_714' title='bbox 2583 5309 2688 5374; x_wconf 70' lang='grc'><strong>12,</strong></span> <span class='ocrx_word' id='word_1_715' title='bbox 2735 5309 2824 5365; x_wconf 81' lang='grc'><strong>15.</strong></span> <span class='ocrx_word' id='word_1_716' title='bbox 2899 5310 2944 5341; x_wconf 77' lang='grc'><strong>⁸⁸</strong></span> <span class='ocrx_word' id='word_1_717' title='bbox 2976 5309 3168 5365; x_wconf 82' lang='lat' dir='ltr'><strong>Matth.</strong></span> <span class='ocrx_word' id='word_1_718' title='bbox 3216 5326 3385 5374; x_wconf 64' lang='grc' dir='ltr'>χχιιι,</span> <span class='ocrx_word' id='word_1_719' title='bbox 3420 5310 3473 5364; x_wconf 86' lang='grc'>5.</span> 
     </span>
    </p>
   </div>
   <div class='ocr_carea' id='block_1_105' title="bbox 1736 5482 2357 5539">
    <p class='ocr_par' dir='ltr' id='par_1_105' title="bbox 1736 5482 2357 5539">
     <span class='ocr_line' id='line_1_105' title="bbox 1736 5482 2357 5539; baseline 0.006 -4"><span class='ocrx_word' id='word_1_720' title='bbox 1736 5482 2091 5539; x_wconf 73' lang='lat' dir='ltr'><strong>V&#39;ARIORUII</strong></span> <span class='ocrx_word' id='word_1_721' title='bbox 2122 5482 2328 5539; x_wconf 65' lang='lat' dir='ltr'><strong>NOTAE</strong></span> <span class='ocrx_word' id='word_1_722' title='bbox 2342 5526 2357 5539; x_wconf 93' lang='lat'><strong>.</strong></span> 
     </span>
    </p>
   </div>
   <div class='ocr_carea' id='block_1_106' title="bbox 434 5639 1991 5747">
    <p class='ocr_par' dir='ltr' id='par_1_106' title="bbox 434 5639 1991 5747">
     <span class='ocr_line' id='line_1_106' title="bbox 434 5639 1991 5747; baseline -0.001 -54"><span class='ocrx_word' id='word_1_723' title='bbox 434 5715 448 5747; x_wconf 50' lang='lat'><em>‘</em></span> <span class='ocrx_word' id='word_1_724' title='bbox 498 5641 615 5747; x_wconf 31' lang='lat' dir='ltr'><strong>(ﬁll).</strong></span> <span class='ocrx_word' id='word_1_725' title='bbox 650 5641 759 5694; x_wconf 81' lang='lat' dir='ltr'><strong>Kal</strong></span> <span class='ocrx_word' id='word_1_726' title='bbox 814 5640 1133 5707; x_wconf 77' lang='grc' dir='ltr'>δοκοῦντες</span> <span class='ocrx_word' id='word_1_727' title='bbox 1186 5639 1314 5710; x_wconf 77' lang='grc' dir='ltr'>γάρ.</span> <span class='ocrx_word' id='word_1_728' title='bbox 1360 5640 1423 5692; x_wconf 84' lang='grc' dir='ltr'><strong>Οἱ</strong></span> <span class='ocrx_word' id='word_1_729' title='bbox 1470 5641 1515 5694; x_wconf 81' lang='grc' dir='ltr'>ὃ.</span> <span class='ocrx_word' id='word_1_730' title='bbox 1558 5641 1613 5693; x_wconf 82' lang='grc' dir='ltr'><strong>δέ</strong></span> <span class='ocrx_word' id='word_1_731' title='bbox 1648 5681 1662 5703; x_wconf 91' lang='grc'><strong>,</strong></span> <span class='ocrx_word' id='word_1_732' title='bbox 1700 5640 1837 5695; x_wconf 83' lang='lat' dir='ltr'><strong>alter</strong></span> <span class='ocrx_word' id='word_1_733' title='bbox 1890 5653 1991 5694; x_wconf 79' lang='lat' dir='ltr'><strong>co-</strong></span> 
     </span>
    </p>
   </div>
   <div class='ocr_carea' id='block_1_107' title="bbox 418 5715 1785 5850">
    <p class='ocr_par' dir='ltr' id='par_1_107' title="bbox 418 5715 1785 5850">
     <span class='ocr_line' id='line_1_107' title="bbox 434 5715 747 5767; baseline -0.01 -1"><span class='ocrx_word' id='word_1_734' title='bbox 434 5715 539 5767; x_wconf 64' lang='lat' dir='ltr'><strong>in.</strong></span> <span class='ocrx_word' id='word_1_735' title='bbox 579 5715 747 5765; x_wconf 74' lang='lat' dir='ltr'><strong>CLER.</strong></span> 
     </span>
     <span class='ocr_line' id='line_1_108' title="bbox 418 5732 1785 5850; baseline -0.004 -11"><span class='ocrx_word' id='word_1_736' title='bbox 418 5732 434 5770; x_wconf 47' lang='grc' dir='ltr'>ί</span> <span class='ocrx_word' id='word_1_737' title='bbox 489 5784 607 5847; x_wconf 66' lang='lat'><strong>{22‘}</strong></span> <span class='ocrx_word' id='word_1_738' title='bbox 650 5782 787 5846; x_wconf 79' lang='grc' dir='ltr'>Θεῷ.</span> <span class='ocrx_word' id='word_1_739' title='bbox 818 5780 967 5836; x_wconf 87' lang='lat' dir='ltr'><strong>Alter</strong></span> <span class='ocrx_word' id='word_1_740' title='bbox 994 5781 1163 5837; x_wconf 80' lang='lat' dir='ltr'><strong>codex</strong></span> <span class='ocrx_word' id='word_1_741' title='bbox 1188 5779 1345 5836; x_wconf 72' lang='lat' dir='ltr'><strong>Vind.</strong></span> <span class='ocrx_word' id='word_1_742' title='bbox 1376 5778 1523 5850; x_wconf 72' lang='grc' dir='ltr'>παρὰ</span> <span class='ocrx_word' id='word_1_743' title='bbox 1553 5779 1687 5849; x_wconf 81' lang='grc' dir='ltr'>Θεῷ.</span> <span class='ocrx_word' id='word_1_744' title='bbox 1721 5779 1785 5835; x_wconf 80' lang='lat' dir='ltr'><strong>In.</strong></span> 
     </span>
    </p>
   </div>
   <div class='ocr_carea' id='block_1_108' title="bbox 2167 5638 3651 5717">
    <p class='ocr_par' dir='ltr' id='par_1_108' title="bbox 2167 5638 3651 5717">
     <span class='ocr_line' id='line_1_109' title="bbox 2167 5638 3651 5717; baseline 0.008 -26"><span class='ocrx_word' id='word_1_745' title='bbox 2319 5638 2609 5717; x_wconf 53' lang='lat' dir='ltr'>III§CFIPIIO</span> <span class='ocrx_word' id='word_1_746' title='bbox 2644 5645 2755 5699; x_wconf 66' lang='lat' dir='ltr'><strong>haec</strong></span> <span class='ocrx_word' id='word_1_747' title='bbox 2785 5645 2937 5701; x_wconf 86' lang='lat' dir='ltr'><strong>deest</strong></span> <span class='ocrx_word' id='word_1_748' title='bbox 2969 5647 3023 5700; x_wconf 89' lang='lat' dir='ltr'><strong>in</strong></span> <span class='ocrx_word' id='word_1_749' title='bbox 3062 5656 3292 5717; x_wconf 87' lang='lat' dir='ltr'><strong>utroque</strong></span> <span class='ocrx_word' id='word_1_750' title='bbox 3335 5648 3541 5701; x_wconf 90' lang='lat' dir='ltr'><strong>codice.</strong></span> <span class='ocrx_word' id='word_1_751' title='bbox 3577 5648 3651 5703; x_wconf 63' lang='lat' dir='ltr'><strong>lo;</strong></span> 
     </span>
    </p>
   </div>
   <div class='ocr_carea' id='block_1_109' title="bbox 2166 5710 3650 5782">
    <p class='ocr_par' dir='ltr' id='par_1_109' title="bbox 2166 5710 3650 5782">
     <span class='ocr_line' id='line_1_110' title="bbox 2166 5710 3650 5782; baseline 0.007 -18"><span class='ocrx_word' id='word_1_752' title='bbox 2166 5710 2278 5782; x_wconf 71' lang='grc'><strong>(24)</strong></span> <span class='ocrx_word' id='word_1_753' title='bbox 2326 5711 2453 5780; x_wconf 75' lang='grc' dir='ltr'>Τῆς.</span> <span class='ocrx_word' id='word_1_754' title='bbox 2501 5711 2624 5767; x_wconf 72' lang='lat' dir='ltr'><strong>Hzec</strong></span> <span class='ocrx_word' id='word_1_755' title='bbox 2663 5718 2853 5770; x_wconf 82' lang='lat' dir='ltr'><strong>vocula</strong></span> <span class='ocrx_word' id='word_1_756' title='bbox 2905 5719 3054 5773; x_wconf 87' lang='lat' dir='ltr'><strong>deest</strong></span> <span class='ocrx_word' id='word_1_757' title='bbox 3098 5719 3153 5772; x_wconf 86' lang='lat' dir='ltr'><strong>in</strong></span> <span class='ocrx_word' id='word_1_758' title='bbox 3201 5710 3369 5774; x_wconf 82' lang='lat' dir='ltr'><strong>altero</strong></span> <span class='ocrx_word' id='word_1_759' title='bbox 3414 5717 3534 5772; x_wconf 87' lang='lat' dir='ltr'><strong>cod.</strong></span> <span class='ocrx_word' id='word_1_760' title='bbox 3576 5717 3650 5774; x_wconf 80' lang='lat' dir='ltr'><strong>In.</strong></span> 
     </span>
    </p>
   </div>
  </div>
