4080 6260
454 359 560 416 6l5
1304 354 1363 408 S.
1399 350 1714 410 CLEMEN'I
1729 347 1792 405 IS
1825 351 1844 404 l
1879 347 2046 402 ROM.
2083 344 2286 402 PONT.
2321 341 2552 399 OPERA
2585 341 2812 396 DUBIA.
3583 339 3690 395 616

451 474 551 532 sed
577 472 778 545 potius,
808 477 867 524 ut
895 471 1096 542 impius
1137 477 1492 524 convertatur
1523 483 1552 520 a
1584 469 1670 520 via
1695 481 1795 521 sua
1825 481 1990 536 prava

2116 463 2206 517 τδν
2236 461 2463 516 θάνατον
2503 459 2598 512 τοῦ
2642 455 2985 528 ἁμαρτωλοῦ,
3013 453 3127 507 ἀλλ’
3158 453 3191 524 ἢ
3223 452 3334 524 (40)
3366 453 3424 506 ἐν
3452 453 3530 525 τῷ
3556 455 3696 511 ἁπο-

445 575 503 622 et
533 567 698 621 vivat.
729 562 1120 618 Convertimini
1147 576 1280 631 ergo
1307 576 1338 614 a
1360 560 1464 614 viis
1496 559 1695 614 vestris
1743 559 1921 622 malis,
1962 573 1998 613 ei

2120 555 2348 626 στρέψαι
2389 553 2482 606 τὸν
2520 551 2691 620 ἀσεϐῆ
2729 553 2792 602 ἐκ
2820 549 2918 618 τῆς
2946 547 3064 600 ὀδοῦ
3093 545 3256 599 αὐτοῦ
3301 545 3402 615 τῆς
3430 550 3694 619 πονηρᾶς,

445 672 617 726 quare
649 653 945 716 morimini,
991 655 1186 709 domus
1228 651 1534 707 Israel”?i
1586 649 1684 704 Hic
1734 649 1998 720 Seriptur:

2119 648 2212 700 καὶ
2241 647 2358 718 ζῇν.
2406 642 2807 714 Ἐπιστράφητε
2834 636 2926 692 οὖν
2957 639 3065 692 ἀπὸ
3091 637 3200 689 τῶν
3240 637 3375 726 ὁδῶν
3405 638 3559 708 ὑμῶν
3587 640 3697 695 τῶν

447 735 586 804 bene
613 761 834 818 sperare
867 755 1183 818 peccatores
1209 746 1395 815 jussit,
1421 752 1475 800 et
1505 743 1760 808 salutem,
1797 745 1842 797 si
1875 742 1998 797 resi-

2119 737 2390 809 πονηρῶν,
2409 735 2502 788 καὶ
2518 735 2605 788 ἵνα
2622 734 2674 785 τί
2694 731 3089 802 ἀποθνήσκεται
3110 727 3220 800 (41)
3243 723 3391 792 οἶκος
3420 729 3656 802 Ἰσραήλ;
3671 751 3691 783 ι

446 839 688 908 puerint,
723 847 1043 908 exspectare
1077 857 1090 892 :
1121 853 1190 892 ne
1231 836 1391 907 quasi
1443 836 1736 906 deplorati,
1769 834 1998 889 crimini-

2130 827 2393 882 Ἐνταῦθα
2410 828 2438 878 ὁ
2466 825 2618 894 λόγος
2649 823 2758 895 (Η)
2787 821 3066 916 εὐέλπιδας
3093 821 3332 916 ἐποίησε-
3343 821 3468 884 τοὺς
3513 825 3696 916 ήμαρ-

446 931 550 984 bus
578 930 967 995 succumbant;
1000 930 1095 984 sed
1127 936 1187 982 ut
1233 934 1453 998 sperata
1487 929 1665 982 salute
1714 928 1778 981 ad
1826 941 1886 980 se
1928 941 2016 980 re-

444 1022 614 1084 versi,
654 1031 872 1091 peccata
905 1037 1003 1077 sua
1031 1036 1215 1076 coram
1253 1021 1364 1075 Deo
1400 1019 1662 1085 deﬂeant;
1697 1035 1726 1072 a
1757 1036 1887 1088 quo,
1919 1034 2016 1087 pa-

451 1121 533 1167 tre
571 1113 827 1168 videlicet
874 1115 1038 1177 bono,
1067 1113 1402 1168 oblivionem
1439 1113 1710 1168 scelerum
1745 1126 1808 1165 ac
1837 1111 2014 1179 impu-

442 1205 668 1259 nitatem
700 1215 1131 1275 consequantur.

1023 1444 1252 1503 CAPUT
1287 1445 1424 1500 XIII.

600 1540 928 1612 Fugiendam
961 1557 1072 1594 esse
1099 1539 1411 1593 delictorum
1439 1538 1838 1607 experientiam.

510 1633 680 1687 Porro
713 1633 804 1703 qui
846 1633 1090 1692 insontes
1128 1639 1256 1685 sunt
1284 1670 1298 1696 ,
1342 1631 1416 1684 ita
1448 1638 1704 1685 maneant
1725 1669 1740 1694 ,
1771 1643 1872 1684 nec
1905 1628 2008 1684 sibi
2037 1700 2040 1702 _

437 1724 782 1778 commodum
820 1733 1012 1793 putent
1051 1730 1397 1794 peccatorum
1430 1723 1862 1793 experimentum
1892 1740 1908 1790 ;
1941 1738 2009 1776 ne

2115 920 2369 989 τηκότας,
2427 919 2509 971 ὃτι
2562 916 2657 969 ἐὰν
2711 914 3132 985 μετανοήσωσιν,
3189 911 3378 966 ἐλπίδα
3421 915 3694 986 σωτηρίας

2114 1009 2314 1075 ἔξουσι-
2353 1010 2561 1080 μήποτε
2595 1008 2670 1070 ὼς
2711 1004 3090 1074 ἀπηλγηκότες
3129 1004 3326 1066 αὐτοὺς
3357 1004 3467 1075 (45)
3495 1005 3692 1063 ἐκδῶσι

2113 1104 2234 1163 ταῖς
2263 1100 2650 1171 παρανομίαις,
2681 1096 2793 1150 ἀλλ’
2823 1097 3036 1166 ἔχοντες
3062 1095 3250 1148 ἐλπίδα
3270 1095 3541 1166 σωτηρίας
3571 1099 3693 1150 ἐπι-

2114 1193 2448 1264 σφραφέντες
2491 1189 2909 1262 προσκλαύσωσι
2938 1187 3057 1257 θεῷ
3099 1188 3363 1258 περὶτῶν
3409 1189 3692 1261 ἁμαρτιῶν

2112 1283 2313 1344 αὐτῶν,
2345 1282 2439 1336 καὶ
2456 1282 2565 1353 (Ut)
2587 1281 2861 1350 λήψωνται
2892 1280 3032 1350 παρ’
3053 1278 3218 1332 αὐτοῦ
3246 1279 3342 1350 τὴν
3363 1280 3687 1351 ἀμνηστίαν,

2111 1375 2187 1439 ὡς
2217 1375 2364 1445 παρὰ
2393 1373 2596 1445 πατρὸς
2623 1372 2846 1441 ἀγαθοῦ.
3163 1387 3166 1390 '

2607 1463 2998 1520 ΚΕΦΑΛΑΙΟΝ
3036 1464 3136 1518 II".

2115 1559 2240 1611 Ὅτι
2272 1559 2517 1627 φεύγειν
2545 1557 2660 1627 χρὴ
2690 1556 2810 1610 τῶν
2836 1554 3268 1625 ἁμαρτημάτων
3293 1555 3410 1624 τὴν
3453 1554 3680 1624 πεῖραν.

2181 1651 2321 1712 Τοὺς
2358 1641 2463 1720 ’μέν
2506 1666 2589 1702 τοι
2631 1649 3067 1720 ἀναμαρτήτους,
3112 1648 3294 1711 τοίους
3335 1647 3516 1718 μένειν
3556 1649 3682 1722 χρὴ,

2111 1741 2203 1794 καὶ
2236 1740 2309 1811 μὴ
2341 1741 2530 1812 χρείαν
2559 1740 2702 1812 ἔχειν
2729 1739 2829 1809 τῆς
2858 1739 3053 1811 πείρας
3086 1739 3193 1793 τῶν
3221 1739 3520 1812 ἁμαρτιῶν,
3539 1741 3685 1806 ὅπως

434 1817 656 1882 dolore,
689 1817 910 1871 tristitia
939 1832 1002 1871 ac
1030 1816 1248 1872 ﬂetibus
1277 1814 1674 1871 satisfactionis
1705 1815 1998 1885 indigeant.

2115 1832 2187 1903 μὴ
2216 1832 2440 1886 δέωνται
2485 1833 2696 1904 ὀδύνης,
2727 1833 2922 1902 λύπης,
2963 1833 3056 1886 καὶ
3099 1832 3391 1903 κλαυθμῶν
3416 1832 3680 1903 ἀφέσεως.

436 1907 517 1962 An
560 1908 706 1962 enim
729 1948 744 1973 ,
776 1924 810 1962 o
840 1908 1034 1974 homo,
1065 1908 1158 1978 qui
1203 1908 1440 1978 peccasti
1468 1948 1484 1973 ,
1516 1915 1860 1978 compertum
1905 1908 2003 1961 ha-

434 1999 564 2065 bes,
617 2007 670 2052 te
713 1999 923 2070 aliquot
967 1999 1085 2055 dies
1131 1999 1188 2053 in
1230 1999 1334 2055 hac
1377 1999 1489 2054 vita
1539 2008 1914 2064 moraturum,
1947 2007 2006 2054 ut

434 2092 814 2162 pmnitentiam
840 2106 999 2161 agerc
1023 2092 1243 2162 possis?
1263 2091 1534 2146 Incertum
1561 2092 1745 2146 obitus
1764 2091 1844 2146 tui
1866 2099 2009 2147 tem-

436 2198 578 2252 pus;
621 2191 674 2237 et
721 2184 777 2237 in
823 2191 1050 2253 peccato
1097 2184 1347 2238 morienti
1391 2184 1540 2237 nulla
1574 2183 1795 2237 dabitur
1829 2183 2008 2253 paeni-

433 2275 642 2338 tentia,
699 2275 1006 2344 sicuti-per
1052 2273 1310 2329 Davidem
1359 2275 1600 2329 dicitur:
1637 2294 1654 2326 ι
1685 2273 1742 2328 In
1791 2274 2004 2330 inferno

433 2375 618 2421 autem
650 2367 776 2436 quis
807 2366 1158 2421 conﬁtebitur
1188 2367 1284 2420 tibi
1305 2364 1382 2414 ⁸³³2
1411 2385 1429 2418 ι
1457 2357 1879 2437 Oportetigitur
1911 2383 2005 2436 pa-

434 2465 553 2511 rata
595 2459 794 2514 habere
836 2459 1019 2524 bona;
1055 2475 1163 2528 quo
1206 2459 1412 2529 absque
1458 2460 1677 2514 tristitia
1727 2460 1856 2513 illud
1903 2461 2006 2516 iter

432 2552 776 2606 emetiamur.
826 2550 980 2606 Unde
1023 2566 1179 2606 sacra
1222 2550 1506 2621 Scriptura
1562 2567 1657 2621 per
1704 2552 2004 2621 sapientem

435 2641 782 2698 Salomonem
815 2643 1008 2699 suadet
1038 2659 1101 2698 ac
1131 2643 1266 2697 dicit
1298 2643 1395 2697 tibi
1423 2661 1436 2698 :
1470 2663 1488 2695 ‹
1520 2641 1770 2714 Ριειιιριιιιι
1805 2644 1858 2697 in
1890 2645 2006 2698 exi.

435 2745 549 2790 tum
581 2752 748 2806 opera
783 2744 896 2800 tua,
928 2746 981 2792 et
1013 2752 1258 2806 pra‘para
1289 2735 1343 2789 in
1383 2751 1573 2806 agrum
1612 2738 1688 2800 ⁸⁵,
1719 2756 1737 2787 ι
1774 2753 1840 2792 ne
1872 2736 2005 2807 quid

432 2829 563 2883 boni
593 2830 737 2884 desit
767 2829 966 2896 nobis;
999 2837 1057 2884 ut
1088 2829 1335 2899 quinque
1375 2828 1652 2899 Evangelii
1697 2830 2004 2900 virginibus

437 2929 668 2992 propter
703 2921 1008 2976 fatuitatem
1051 2921 1223 2976 defuit
1264 2923 1442 2975 oleum
1487 2921 1724 2990 pietatis,
1771 2936 1866 2976 seu
1905 2921 2005 2976 bo-

432 3027 626 3067 norum
684 3029 950 3083 operum;
1001 3022 1059 3068 et
1101 3014 1388 3069 exstinctis
1431 3013 1625 3068 divina:
1671 3013 2002 3084 cognitionis

433 3105 798 3174 lampadibus,
817 3121 846 3158 a
866 3106 1104 3158 thalamo
1120 3105 1306 3174 sponsi
1330 3115 1457 3161 sunt
1473 3106 1709 3160 exclusa:
1733 3104 1798 3158 ⁸⁸.
1825 3104 2004 3171 Quare

2106 1924 2171 1976 Τί
2198 1922 2308 1996 γὰρ
2336 1920 2502 1988 οἶδας,
2524 1923 2798 1997 ἄνθρωπε,
2818 1925 3162 1995 ἁμαρτήσας,
3193 1925 3240 1976 εἰ
3265 1923 3480 1996 ἡμέρας
3499 1925 3683 1996 ζήσεις

2104 2017 2163 2070 ἐν
2191 2015 2327 2088 τῷδε
2367 2015 2447 2086 τῷ
2493 2015 2611 2088 βίῳ,
2643 2017 2731 2071 ἵνα
2773 2017 2867 2069 καὶ
2915 2016 3292 2087 μετανοήσῃςς
3322 2017 3404 2069 ὅτι
3429 2016 3620 2087 ἄδηλος
3646 2020 3680 2088 ἡ

2105 2108 2280 2174 έξοδός
2300 2125 2393 2161 σου
2425 2109 2490 2162 ὲκ
2514 2107 2608 2161 τοῦ
2655 2109 2772 2179 βίου
2801 2109 3057 2180 ὑπάρχει,
3092 2107 3187 2160 καὶ
3226 2108 3285 2161 ἐν
3329 2109 3572 2181 ἁμαρτίᾳ
3595 2126 3684 2162 τε-

2104 2201 2422 2272 λευτήσαντι
2483 2200 2738 2272 μετάνοια
2795 2201 2894 2252 οὐκ
2944 2199 3116 2251 ἔσται’
3175 2198 3253 2262 ὡς
3295 2197 3444 2267 λέγει
3471 2199 3559 2253 διὰ
3586 2199 3680 2255 τοῦ

2105 2293 2286 2346 Δαϐίδ·
2315 2313 2333 2346 ι
2376 2295 2462 2346 Ἑν
2490 2293 2546 2346 δὲ
2575 2293 2654 2363 τῷ
2674 2293 2772 2364 ᾄδῃ
2800 2293 2884 2354 τίς
2921 2290 3374 2362 ἐξομολογήσεται
3395 2308 3511 2356 σοι;
3540 2311 3559 2342 ι
3592 2293 3684 2346 Δεῖ

2103 2381 2196 2437 οὖν
2234 2384 2450 2454 ἕτοιμον
2477 2378 2616 2436 εἶναι
2660 2385 2718 2437 ἐν
2755 2382 2998 2451 ἀγαθοῖς·
3051 2383 3138 2435 ἵνα
3182 2383 3306 2436 ἄνευ
3352 2381 3527 2452 λύπης
3580 2384 3682 2454 τὴν

2103 2476 2221 2529 ὁδὸν
2272 2475 2383 2548 (45)
2432 2476 2647 2546 ἐκείνην
2694 2473 3048 2546 στειλώμεθα.
3093 2474 3184 2527 Διὸ
3243 2475 3336 2528 καὶ
3378 2476 3680 2544 παραινεῐὸ

2105 2566 2248 2630 θεῖος
2277 2567 2434 2635 λόγος
2453 2567 2540 2619 διὰ
2557 2565 2668 2637 (46)
2699 2565 3043 2636 Σολομῶντος
3068 2565 3162 2618 τοῦ
3193 2565 3356 2635 σοφοῦ
3376 2565 3546 2633 λέγων
3568 2582 3674 2619 σοι·

2109 2677 2128 2710 ι
2165 2657 2446 2729 Ἑτοίμαζε
2482 2659 2561 2720 είς
2592 2656 2689 2728 τὴν
2725 2657 2899 2723 ἔξοδον
2933 2657 3002 2710 τὰ
3041 2656 3174 2726 ἔργα
3205 2674 3315 2719 σου,
3351 2658 3443 2710 κα).
3489 2673 3676 2728 παροι-

2105 2751 2367 2814 σκευάζου
2406 2753 2483 2813 είς
2507 2751 2596 2803 τὸν
2629 2750 2817 2820 ἀγρὸν,
2847 2767 2866 2802 ›
2898 2749 2985 2802 ἵνα
3029 2749 3102 2820 μὴ
3149 2747 3400 2822 ἐπιλείψῃ
3439 2751 3570 2820 ἡμῖν
3624 2767 3677 2804 τι

2101 2844 2212 2896 τῶν
2241 2843 2442 2901 καλῶψ
2477 2843 2670 2913 ὥσπερ
2699 2842 2794 2894 καὶ
2821 2843 2943 2904 ταῖς
2987 2840 3150 2894 πέντε
3177 2841 3234 2892 ἐν
3259 2839 3337 2910 τῷ
3364 2839 3678 2910 Εὑαγγελίῳ

2104 2937 2393 3009 παρθένοις
2437 2936 2525 2989 διὰ
2581 2935 2792 3006 μωρίαν
2852 2932 3106 2986 ἐπέλειπε
3157 2933 3220 2985 τὸ
3261 2931 3360 3001 τῆς
3400 2931 3678 2996 εὐσεϐείας

2104 3031 2303 3093 ἔλαιον,
2361 3029 2455 3082 καὶ
2501 3027 2877 3080 ἀποσϐέσασαι
2927 3025 3038 3096 (47)
3093 3024 3193 3089 τὰς
3244 3023 3533 3095 λαμπάδας
3575 3023 3676 3094 τῆς

2105 3120 2434 3190 θεογνωσίας
2463 3118 2848 3189 ἀπεδλήθησαν
2878 3115 2972 3169 τοῦ
3018 3115 3322 3188 νυμφῶνος.
3369 3114 3468 3168 Διὰ
3519 3113 3678 3170 τοῦτο

433 3213 665 3252 securus
694 3199 856 3263 vivit,
894 3198 1208 3268 quicunque
1239 3199 1364 3251 vitae
1392 3213 1505 3252 sua:
1544 3198 1759 3267 parcit,
1793 3209 1846 3253 et
1876 3215 1998 3269 pec-

2109 3212 2386 3274 ἀκίνδυνος
2418 3211 2565 3282 μένει
2595 3212 2748 3275 πᾶςὸ
2781 3210 3090 3280 φειδόμενος
3128 3209 3230 3280 τῆς
3273 3207 3465 3262 ἑαυτοῦ
3507 3206 3674 3278 ζωῆς,

431 3293 538 3345 cati
571 3308 766 3361 expers
797 3297 1150 3360 perseverat,
1188 3298 1246 3343 ut
1278 3289 1636 3360 praecedentia
1671 3291 1864 3344 merita
1904 3307 1998 3346 sua

2105 3305 2198 3358 καὶ
2232 3305 2407 3375 μένων
2429 3304 2831 3376 ἀναμάρτητος,
2864 3303 3010 3364 ὅπως
3043 3302 3136 3354 καὶ
3161 3301 3259 3364 τὰς
3289 3299 3677 3370 προγεγονυίας

433 3383 538 3437 sibi
565 3391 874 3437 conservet.
907 3381 989 3435 Tu
1018 3390 1167 3446 vero,
1202 3375 1461 3452 episcopo
1482 3421 1496 3444 ,
1530 3381 1602 3435 ita
1630 3382 1684 3435 in
1703 3381 2004 3450 judicando
2102 3397 2192 3450 ὑπ’
2223 3396 2386 3450 αὐτοῦ
2415 3375 2763 3457 δικαιοάύνας
2783 3393 2932 3463 αὐτῷ
2954 3393 3283 3464 συντηρήσῃ,
3309 3392 3379 3444 Σὺ
3414 3385 3506 3443 οὖν
3531 3388 3676 3443 οὕτω

430 3482 487 3528 te
515 3489 640 3544 gere
660 3517 674 3541 ,
706 3475 862 3544 quasi
898 3474 1006 3528 Deo
1031 3475 1311 3540 judicms.
1337 3491 1355 3524 ι
1388 3473 1605 3528 Domini
1635 3474 1781 3529 enim
1801 3514 1818 3534 ,
1861 3495 1879 3527 ›
1912 3475 1998 3530 in-

2105 3487 2278 3558 κρίνε,
2309 3486 2384 3548 ὡς
2415 3485 2534 3557 Θεῷ
2561 3485 2815 3550 δικάζων.
2853 3505 2871 3535 ι
2896 3484 3002 3538 Τοῦ
3035 3484 3144 3555 γὰρ
3174 3485 3400 3556 Κυρίου,
3425 3483 3609 3553 φησὶν,
3636 3485 3670 3554 ὴ

430 3568 586 3635 quit,
616 3584 632 3616 ι
663 3574 748 3622 est
773 3566 1042 3636 judicium
1075 3565 1139 3618 ⁸⁷.
1175 3585 1191 3616 ι
1223 3565 1288 3618 Ει
1318 3566 1494 3635 primo
1524 3565 1743 3637 quidem
1776 3581 1875 3636 pro
1904 3581 2001 3636 po-
2100 3582 2294 3649 κρῖ-ης,
2330 3599 2345 3627 ι
2382 3578 2613 3650 Πρῶτον.
2645 3575 2738 3631 οὖν
2777 3578 2871 3631 ἀπ’
2904 3576 3149 3641 ἐξουσίας
3187 3577 3278 3630 τὸν
3306 3576 3485 3647 ἔνοχον
3516 3591 3675 3629 κατα-

429 3665 629 3712 testate
659 3675 810 3713 reum
841 3657 1143 3712 condemno
1173 3676 1187 3724 ;
1219 3659 1412 3714 deinde
1442 3676 1565 3713 cum
1596 3660 1994 3723 misericordia,

429 3749 786 3804 miseratione
831 3757 885 3805 et
914 3751 1186 3806 illecebris
1221 3751 1452 3822 adjunge
1492 3767 1617 3806 eum
1668 3753 1800 3816 tibi,
1833 3763 1996 3823 atque

536 3863 582 3894 ³⁸
609 3861 810 3918 Ezech.
843 3879 1039 3922 xxxiii,
1079 3864 1166 3918 li.
1243 3864 1288 3895 ⁸⁸
1315 3863 1460 3919 Psal.
1488 3881 1563 3929 vI,
1598 3863 1652 3920 6.
1731 3865 1778 3897 ⁸⁵
1801 3863 1964 3923 Prov.
1999 3885 2146 3933 mv,
2173 3869 2260 3923 ‘27.

2103 3666 2305 3732 δίκαζε·
2344 3670 2534 3722 ἔπειτα
2570 3669 2704 3740 μετὰ
2725 3669 2875 3721 ἐλέου
2905 3669 2998 3721 κα)⁵
3027 3668 3311 3741 οἰκτιρμοῦ
3334 3669 3426 3722 καὶ
3447 3665 3673 3739 προσλή-

2101 3757 2245 3827 ψεως
2284 3759 2508 3822 οἰκειοῦ,
2541 3759 2965 3831 ὑπισχνούμενος
2995 3759 3144 3829 αὐτῷ
3176 3760 3469 3830 σωτηρίαν,
3503 3761 3549 3812 εί
3581 3774 3674 3828 με·

2365 3872 2410 3903 ⁸⁸
2441 3871 2630 3929 Matth.
2668 3889 2791 3929 xxv.
2834 3872 2876 3903 ⁸⁷
2909 3874 3062 3927 Deut.
3098 3889 3135 3936 ι,
3173 3871 3262 3925 I7.

1736 3996 2099 4057 νΑιιιοιιυιι
2135 4003 2367 4060 NOTAE.

422 4092 500 4145 Τὸ
524 4089 616 4144 οὖν
648 4089 902 4163 κέΑᾼδωιναῒ
930 4091 1171 4163 Κυρίου,
1201 4091 1281 4160 τῷ
1320 4091 1573 4163 νοήσαντι
1601 4091 1687 4163 ’τὰ
1731 4094 1996 4163 εἰρημένα

424 4163 554 4233 περὶ
579 4161 672 4214 τοῦ
702 4161 941 4233 ἀρρήτου
970 4162 1248 4229 ὀνόματος,
1279 4160 1698 4233 ούδενδιαφὲρει
1740 4160 1997 4233 eaex”-

419 4230 577 4302 plou,
603 4234 662 4300 (l'.
683 4230 905 4298 Kirpt'ov
934 4232 1203 4298 Κυρίου,)
1220 4233 1294 4294 ὡς
1317 4230 1710 4302 ἐκδεδὼκαμεν.
1741 4231 1857 4287 IIoc
1879 4243 1994 4288 est:

427 4303 492 4356 In
522 4304 837 4372 quibusdam
865 4313 1036 4372 autem
1069 4303 1322 4372 scriptum
1352 4311 1465 4355 est:
1501 4319 1519 4351 ι
1553 4303 1745 4356 Manus
1780 4303 1997 4358 Domini

423 4371 660 4427 Domini.
693 4392 711 4423 ι
745 4371 907 4443 Atqui
931 4371 1176 4443 diximus
1209 4371 1360 4435 alibi,
1391 4388 1528 4443 rwpe
1564 4372 1702 4442 quod
1741 4375 1991 4443 exprimi-

426 4454 512 4495 tur
541 4444 595 4496 in
639 4458 757 4496 race
791 4441 1075 4512 Dominus,
1105 4458 1216 4496 esse
1263 4441 1612 4496 venerandum
1667 4441 1815 4496 illud
1856 4444 1994 4512 apud

428 4513 678 4583 ljebra'os
694 4529 879 4566 nomen
898 4511 1017 4575 Dei,
1046 4512 1183 4582 quod
1205 4512 1412 4583 quidem
1433 4531 1539 4583 non
1567 4513 1672 4566 cito
1695 4511 1989 4583 proferunt.

2102 4099 2270 4165 prius.
2307 4096 2536 4153 Maxime
2568 4114 2691 4154 cum
2728 4114 2832 4154 ms.
2871 4097 3044 4153 codex
3093 4097 3440 4152 liomiliarum
3472 4094 3662 4164 Orige-

2104 4171 2211 4230 nis,
2249 4170 2312 4221 ad
2338 4169 2871 4224 Christianissimum
2901 4184 3078 4236 regem
3110 4169 3408 4236 pertinens,
3443 4167 3662 4236 homilia

2103 4238 2193 4291 illa
2218 4247 2412 4306 quarta
2433 4239 2706 4303 exhibeat,
2724 4238 2934 4292 Δάοιιαὶ
2957 4235 3237 4297 Dominus,
3262 4245 3315 4290 et
3347 4254 3526 4290 nomen
3558 4235 3663 4287 Do-

2105 4309 2254 4384 mini,
2282 4309 2487 4363 rectius
2527 4309 2646 4384 sine
2691 4311 2877 4384 dubio.
2926 4306 3656 4384 Certe_l_iber[legiusjﬁfm

2105 4379 2156 4430 in
2209 4378 2513 4447 lragmento
2545 4374 3020 4447 'Constitutionum
3093 4379 3181 4432 hic
3239 4374 3408 4447 habet,
3462 4375 3662 4447 Κύριος

2117 4445 2356 4501 uisant.
2388 4447 2527 4501 Cor.
2561 4446 2619 4500 In
2658 4450 2830 4501 altero
2871 4463 2972 4502 ms.
3005 4446 3410 4501 Vindobonensi
3439 4445 3664 4517 nepte;

2100 4519 2127 4568 ὁ
2155 4518 2285 4581 (νεός
2312 4533 2570 4587 expressa
2592 4517 2991 4586 compendiaria
3037 4517 3305 4586 scriptura
3336 4533 3400 4578 κς
3428 4515 3456 4566 ὁ
3486 4515 3566 4578 θςζ

437 4581 804 4666 Verumtamen
830 4581 1409 4666 estetiamcu'mlnomen
1427 4581 1992 4666 Dominusu's‘urpotur
2027 4586 2068 4638 D
2168 4589 2276 4666 (t0)
2311 4581 2402 4640 Ἦῖ
2433 4581 2982 4666 Οιιιίιιίιιιιθίιιιιιιειο
3009 4581 3166 4651 cod.,_
3185 4601 3285 4640 nec
3307 4599 3440 4640 sane
3470 4601 3664 4640 neces-

422 4653 487 4723 de
537 4654 750 4706 domino
806 4669 1094 4708 servorum.
1151 4651 1250 4706 Ubi
1295 4655 1455 4722 igitur
1483 4655 1698 4723 ponitur
1727 4651 1991 4711 Dominus

424 4722 712 4787 Dominus,
743 4723 1141 4795 sciendumest,
1175 4723 1402 4778 alterum
1433 4722 1647 4795 quidem
1689 4741 1800 4779 esse
1843 4727 1997 4795 quasi

461 4795 695 4862 roprium
750 4801 801 4865 et
837 4793 1116 4865 ine/Tabile
1159 4811 1345 4865 nomen
1409 4793 1536 4857 Dei;
1570 4794 1828 4865 reliquum
1855 4793 1995 4850 Vvero

471 4866 712 4927 ominus,
747 4862 955 4916 Ilebrwi
981 4864 1213 4923 Adonai.
1231 4864 1294 4918 de
1315 4864 1538 4918 Domino
1569 4862 1766 4932 ponunt
1790 4883 1809 4921 :
1831 4867 1996 4920 inter-

421 4935 551 4988 dum
580 4935 790 5004 quidem
833 4934 1153 5002 proferente:
1194 4951 1364 4989 vocem
1399 4937 1556 4988 istam
1584 4941 1636 4988 in
1664 4937 1870 4989 nomine
1911 4938 1993 4991 in-

419 5005 645 5072 e/fabili,
686 5005 947 5058 interdum
969 5005 1086 5058 uero
1111 5013 1358 5070 tanquam
1382 5007 1432 5058 in
1458 5005 1684 5059 Domino
1703 5023 1990 5062 seruorum.

425 5075 573 5129 Illud
593 5077 776 5146 (igitur
821 5075 1035 5146 Adonai
1073 5074 1315 5134 Domini,
1348 5076 1661 5146 intelligenti
1705 5093 1821 5146 qum
1848 5077 1992 5132 dicta

423 5155 546 5200 sunt
567 5144 920 5214 derineﬂ‘abili
944 5147 1172 5205 nomine,
1205 5145 1334 5199 nihil
1363 5144 1540 5215 (li/fert
1575 5164 1609 5199 a
1637 5144 1847 5200 Doinini
1887 5147 1994 5202 Do-

423 5217 582 5281 mini,
615 5226 672 5269 ut
701 5216 1068 5284 explicuimus.
1101 5215 1370 5282 Quocirca
1399 5233 1464 5271 ex
1505 5218 1778 5287 corruptis
1807 5233 1991 5272 caem-

422 5288 672 5357 plaribus
703 5287 909 5357 (qualia
941 5295 1315 5357 memorantur
1359 5287 1412 5357 in
1457 5285 1696 5342 editione
1742 5285 1990 5357 Romana

425 5355 493 5410 ad
527 5355 881 5426 Ezechfeap.
917 5359 978 5421 ιι)
1016 5355 1268 5417 Dominus
1299 5356 1507 5410 Adonei
1561 5358 1766 5411 citatur
1800 5375 1828 5411 a
1855 5355 1990 5413 Ter-

423 5429 677 5490 tulliano,
707 5443 830 5496 cap.
884 5427 954 5482 20
985 5426 1108 5481 libri
1163 5428 1234 5480 De
1273 5429 1661 5496 resurrectione
1705 5429 1903 5492 carnis,
1935 5436 1991 5483 et

423 5499 492 5552 ab
515 5497 748 5569 Origene
778 5495 967 5569 homil.
1004 5498 1038 5551 4
1065 5507 1119 5551 et
1144 5497 1210 5550 1‘2
1264 5495 1320 5547 in
1366 5496 1720 5562 Ezeclttelem;
1762 5499 1988 5553 falsum-

422 5584 530 5638 que
559 5568 644 5624 est
675 5568 820 5638 quod
845 5568 897 5620 in
931 5569 1076 5621 dicta
1114 5569 1336 5622 homilia
1361 5579 1555 5638 quarta
1585 5569 1938 5638 subjungitur
1969 5589 1982 5624 :

425 5636 588 5693 Prius
621 5636 806 5693 nomen
834 5638 931 5710 Dei
961 5649 1186 5710 quatuor
1217 5636 1517 5710 litterarum
1535 5650 1634 5702 est,
1655 5636 1986 5710 quodiinter-

421 5719 658 5780 pretatur
687 5709 1004 5780 naturaliter
1038 5709 1195 5762 Deus.
1225 5709 1546 5778 Quanquam
1577 5709 1901 5780 hisquoque
1930 5711 1986 5764 in

422 5775 559 5832 loris
605 5778 815 5832 librarii
860 5781 1104 5832 accusari
1144 5788 1366 5844 queant.
1398 5775 1488 5847 qui
1537 5775 1744 5834 Adonei
1799 5775 1980 5833 Denti-

425 5865 524 5906 nus
554 5857 884 5904 mutaverint
918 5850 972 5904 in
1006 5848 1262 5902 Dominus
1285 5849 1514 5917 Adonei,
1548 5858 1599 5905 et
1619 5851 1880 5919 posterius
1927 5850 1984 5905 in

2102 4656 2306 4713 sarium
2339 4666 2443 4712 est.
2478 4656 2646 4713 (λιιι.

2169 4728 2282 4798 (41)
2325 4727 2807 4792 Ἀποθνήσκει-αι.
2859 4728 3009 4798 Alter
3055 4725 3220 4798 habet
3267 4723 3659 4798 ἀποθνήσκετε,

2098 4791 2315 4860 melius,
2348 4799 2441 4852 sed
2464 4791 2734 4867 oporteret
2760 4799 2944 4862 scribi,
2966 4793 3009 4849 ὦ
3029 4791 3141 4848 οἶκε
3185 4794 3400 4866 Ἰσραήλ
3440 4791 3662 4864 {quan-

2097 4883 2262 4936 quam
2294 4876 2474 4937 potest
2497 4870 2662 4921 etiam
2698 4868 2825 4923 ferri
2857 4867 3227 4922 nominativus
3253 4867 3374 4937 loco
3400 4867 3656 4937 vocativi,

2098 4933 2161 4991 ut
2199 4933 2448 5008 est—apud
2483 4937 2622 4992 LXX
2645 4937 2795 5008 Intt.,
2821 4938 3016 4994 Ezech.
3049 4952 3247 4992 xxviii.
3283 4936 3369 4991 Ii.
3401 4933 3478 4990 In.

2166 5008 2278 5079 (4‘2)
2321 5007 2381 5061 Ὀ
2405 5011 2610 5077 λόγος.
2648 5007 2807 5064 Deest
2835 5009 2889 5061 in
2919 5018 3170 5076 utroque,
3211 5015 3264 5079 et
3295 5021 3481 5079 revera
3508 5021 3662 5079 ex_re

2095 5075 2213 5149 ipsa
2245 5075 2532 5133 subaudiri
2552 5086 2750 5149 potest,
2774 5086 2827 5132 et
2845 5093 2987 5148 saepe
3013 5075 3338 5132 subauditur
3355 5076 3566 5149 Γραφή.
3583 5075 3656 5149 In.

2187 5147 2276 5219 45)
2295 5145 2731 5219 Αὐτοιέςίιιθεε-
2753 5145 2976 5213 ἑαυτούς
3006 5164 3071 5203 ex
3102 5155 3331 5216 utroque
3351 5145 3558 5219 cedice.
3582 5145 3658 5219 In.

2187 5215 2277 5288 M)
2308 5218 2533 5282 Αὐτῶν,
2564 5215 2681 5273 nat:
2713 5217 2896 5274 Insere
2931 5239 2942 5272 :
2974 5220 3084 5272 Καὶ
3140 5215 3540 5288 μετανοήσωσιν
3597 5216 3660 5268 ἐκ

2093 5287 2338 5364 καρδίας,
2370 5288 2843 5364 ἐξευμενισάμενοι
2872 5289 3054 5364 αὐτόν,
3084 5287 3150 5342 et
3170 5287 3560 5364 ιιᾳειιιιειιιιιιιιι⁸
3593 5301 3655 5338 ex

2092 5356 2257 5430 corde
2287 5368 2486 5430 ιιειιιιι..Δ
2501 5356 2784 5428 placantes
2816 5374 2961 5414 eum.
3001 5358 3138 5413 Cor.
3172 5356 3267 5412 Sic
3300 5356 3462 5411 habet
3491 5356 3655 5410 etiam

2091 5428 2228 5483 alter
2258 5428 2419 5484 coild.
2447 5428 2976 5485 Vindobonensium.

2147 5498 2258 5569 (45)
2294 5501 2411 5567 Τὴν
2461 5499 2622 5552 ὀδόν.
2678 5500 2830 5554 Alter
2879 5499 3003 5553 cod.
3062 5497 3235 5564 ἔξοδον
3279 5501 3436 5562 bene,
3479 5507 3657 5551 sermo

2087 5569 2232 5624 enim
2258 5578 2343 5622 est
2373 5569 2442 5624 de
2473 5570 2596 5622 vita:
2625 5571 2795 5624 exitu.
2834 5570 3003 5626 Cum.

2160 5636 2269 5707 (46)
2299 5637 2402 5690 Διά
2433 5654 2606 5708 usque
2639 5641 2706 5693 ad
2742 5647 2862 5694 σοι.
2915 5638 3125 5694 Desunt
3157 5655 3212 5694 ιιι
3256 5638 3418 5694 codd.
3450 5633 3656 5690 Vindo-

2086 5708 2438 5763 bonensibus.
2469 5707 2542 5761 lo.

2158 5775 2268 5846 (47)
2312 5777 2748 5849 'Agtoab’étraaat
2805 5782 2870 5835 ad
2928 5781 3304 5849 Beorrwqt'uc.
3353 5777 3561 5833 Desunt
3596 5771 3654 5826 in

2090 5848 2260 5902 altero
2287 5847 2496 5916 codice,
2518 5861 2620 5902 nec
2643 5852 2953 5906 necessaria
2982 5847 3129 5905 sunt.
3161 5847 3236 5904 In.
