4082 6262
481 355 583 409 619

1323 353 1379 405 S.
1419 346 1812 405 CLEMENTIS
1844 348 1865 401 ι
1899 344 2065 402 ROM.
2100 343 2300 399 PONT.
2336 342 2563 400 OPERA
2595 340 2821 399 DUBIA.

3600 338 3709 394 620

480 478 618 524 tum.
650 467 716 522 Et
745 468 789 523 si
825 465 1027 522 fuerint
1056 473 1170 520 tres
1200 480 1303 519 vm
1335 465 1388 519 in
1424 464 1603 519 medio
1630 464 1785 533 ejus,
1823 462 1958 531 Noe,
1991 469 2037 516 et

2149 461 2207 513 ἐν
2236 460 2385 531 μέσῳ
2413 460 2602 528 αὐτῆς,
2633 458 2775 521 Νῶε,
2807 457 2899 512 καὶ
2938 454 3181 519 Ἰὼ6,καὶ
3208 446 3580 525 Δανιὴλ,οὔτοι
3601 455 3713 528 (56)

478 561 582 617 Job
601 600 616 623 ,
647 566 701 615 et
731 558 916 613 Daniel
953 576 968 624 ;
998 557 1103 627 ipsi
1133 557 1188 610 in
1220 571 1319 612 sua
1350 557 1562 625 justitia
1594 558 1893 613 servabunt
1922 557 2042 610 ani-

481 667 598 707 mas
642 665 807 713 suas,
863 649 939 704 ait
986 648 1196 702 Adonai
1256 646 1517 703 Dominus
1538 649 1604 703 ".
1641 649 2040 719 iApertissime

479 742 779 798 declaravit
809 740 1089 811 Scriptura
1112 779 1127 805 ,
1153 739 1362 809 justum
1401 754 1524 794 cum
1564 740 1770 809 injusto
1811 757 2042 796 conver-

479 842 690 889 santem
709 872 726 898 ,
751 848 860 887 una
886 847 1009 887 cum
1040 847 1106 887 eo
1132 846 1241 886 non
1269 831 1515 886 interire.
1548 829 1827 903 Siquidem
1854 835 1910 889 in
1936 834 2039 889 hoc

480 924 685 980 mundo
724 924 859 994 justi
907 931 961 978 et
1008 923 1200 993 i'njusti
1241 923 1405 979 simul
1448 933 1868 994 congregantur,
1917 927 2042 981 vita:

480 1016 909 1080 communitate,
942 1030 1052 1069 non
1081 1015 1244 1068 etiam
1276 1014 1624 1081 sanctitatis;
1655 1030 1762 1084 qua
1790 1016 1845 1070 in
1876 1031 2040 1072 causa

480 1106 641 1160 amici
669 1106 762 1161 Dei
803 1121 912 1160 non
957 1112 1223 1175 peccant,
1264 1106 1509 1175 quinimo
1544 1124 1562 1156 ι
1606 1105 1824 1161 Patrem
1879 1123 2039 1163 suum

480 1198 572 1267 qui
598 1197 650 1251 in
677 1196 831 1252 callis
851 1203 934 1251 cst
962 1216 981 1248 ι
1015 1197 1320 1260 imitantur,
1352 1214 1370 1247 ι
1402 1197 1495 1267 qui
1520 1197 1688 1252 solem
1716 1214 1875 1253 suum
1905 1201 2038 1256 oriri

482 1290 610 1344 facit
653 1304 816 1358 super
858 1289 1038 1358 justos
1080 1296 1134 1343 et
1175 1290 1445 1358 injustos,
1478 1296 1532 1344 et
1561 1309 1579 1340 ι
1608 1289 1837 1345 imbrem
1878 1308 2038 1347 suum

487 1398 507 1432 ι
534 1380 668 1450 pluit
701 1396 864 1450 super
906 1382 1077 1435 malos
1126 1387 1180 1435 et
1224 1381 1397 1436 bonos
1416 1381 1484 1435 ".
1522 1400 1542 1433 ›
1568 1382 1614 1413 ⁸⁸
1634 1381 1821 1453 Neque
1868 1385 2037 1440 ullum

482 1472 609 1526 inde
635 1472 937 1542 periculum
966 1472 1085 1525 viro
1113 1472 1263 1541 justo
1291 1490 1305 1538 ;
1342 1487 1464 1526 nam
1498 1472 1552 1527 in
1586 1474 1765 1528 stadio
1803 1475 2040 1532 victores

478 1562 642 1617 victis
682 1570 810 1617 sunt
846 1563 1135 1633 permisti;
1177 1571 1233 1617 at
1270 1562 1325 1617 in
1365 1578 1581 1618 corona:
1610 1564 1903 1622 donatione
1937 1568 2040 1623 soli

480 1664 663 1709 astant
710 1655 803 1725 qui
856 1655 1068 1709 fortiter
1119 1662 1540 1725 pugnaverunt,
1599 1672 1699 1711 nec
1747 1658 2040 1729 quisquam

478 1754 794 1811 coronatur,
824 1746 928 1801 nisi
959 1746 1054 1817 qui
1083 1747 1320 1817 legitime
1353 1747 1644 1803 certaverit
1664 1749 1730 1801 "'.
1781 1749 1827 1803 ’⁸
1859 1749 2041 1807 Unus-

472 1838 711 1909 (quisque
737 1836 803 1893 de
824 1814 1011 1909 seipse
1053 1814 1404 1894 confitebitur
1440 1856 1503 1894 ac
1533 1840 1913 1911 respondebit,
1944 1859 2040 1898 ne—
2070 1814 2112 1870 Β

476 1946 585 2000 que
606 1931 815 1998 justum
848 1945 973 1984 cum
1005 1930 1212 1999 injusto
1240 1930 1386 1986 Deus
1428 1932 1653 2002 perdet;
1697 1934 2041 2005 quandoqui-

476 2021 599 2077 deni
631 2022 773 2091 apud
799 2038 922 2077 eum
955 2022 1218 2093 quidquid
1250 2024 1425 2093 culpa:
1451 2038 1560 2077 non
1590 2034 1674 2079 est
1703 2025 2037 2094 obnoxium,

475 2128 581 2167 nec
620 2113 817 2168 ultioni
852 2113 1159 2183 subjectum
1197 2121 1302 2170 est.
1338 2113 1525 2184 Neque
1562 2115 1707 2168 enim
1748 2115 1914 2170 Noem
1944 2117 2040 2171 de-

476 2204 713 2269 mersit,
760 2220 939 2275 neque
990 2203 1185 2259 Lotum
1237 2205 1514 2274 incendit,
1562 2222 1740 2277 neque
1795 2207 2038 2264 Raabam

478 2294 667 2365 patria:
704 2296 917 2350 excidio
961 2296 1412 2366 comprehendit;
1444 2303 1500 2351 et
1544 2298 1591 2354 si
1636 2298 1798 2363 libet,
1846 2308 2038 2356 nostra

476 2401 695 2455 quoque
746 2400 1053 2457 cognosce,
1102 2386 1273 2443 Judas
1320 2388 1523 2445 sodalis
1576 2400 1784 2456 noster,
1835 2399 2038 2447 sortem

476 2477 768 2532 ministerii
793 2478 1082 2534 nobiscum
1112 2494 1453 2534 communem
1486 2482 1734 2551 accepit,
1766 2492 1819 2538 et
1850 2481 2039 2539 Simon

477 2570 670 2640 ﬂagus
700 2572 969 2642 baptismo
1001 2570 1211 2625 Domini
1248 2572 1492 2643 signatus
1523 2572 1663 2640 fuit;
1698 2591 1885 2630 verum
1914 2592 2037 2631 cum

478 2671 708 2733 uterque
738 2679 938 2734 pravus
981 2664 1319 2729 exstitisset,
1353 2666 1444 2720 ille
1488 2668 1707 2736 quidem
1746 2668 1941 2739 laqueo
1980 2685 2040 2725 se

476 2756 803 2827 suspendit;
837 2756 929 2810 hic
952 2773 1083 2812 vero
1113 2764 1311 2827 praiter
1333 2757 1615 2813 hominum
1655 2770 1904 2815 naturam
1944 2776 2041 2815 vo-

474 2847 674 2915 litans,
703 2849 854 2921 gravi
884 2864 1014 2904 casu
1048 2850 1250 2907 fractus
1275 2858 1381 2907 est.
1410 2851 1490 2905 Ad
1521 2852 1669 2915 haec,
1701 2853 1840 2907 Area
1871 2852 2038 2908 Noem

477 2950 535 2997 et
579 2942 720 2998 ﬁlios
756 2943 880 3014 ejus
920 2944 1422 3013 complectebatur;
1472 2944 1566 3000 sed
1608 2946 1759 3000 solus
1800 2945 2039 3002 Chamus

477 3047 710 3105 nequam
761 3042 1045 3105 repertus,
1094 3035 1148 3088 in
1196 3034 1306 3089 lilio
1352 3050 1545 3105 pmnas
1581 3035 1749 3091 dedit.
1795 3035 1951 3102 Quod
1990 3039 2037 3093 si

2143 553 2202 605 ἐν
2230 555 2297 624 τῇ
2327 551 2634 620 δικαιοσύνῃ
2679 550 2857 604 αὐτῶν
2906 548 3136 602 σώσουσι
3173 545 3273 610 τὰς
3300 544 3479 616 ψυχάς
3511 545 3711 610 αιἠὦν,

2142 645 2291 714 λέγει
2330 642 2550 698 Ἀδωναῒ
2578 642 2799 714 Κύριος.
2834 660 2852 692 ι
2882 641 3200 711 Σαφέστατα
3226 637 3338 709 (57)
3364 637 3710 709 δεδήλωκενη

2143 737 2353 810 Γραφὴ,
2384 737 2467 789 ὅτι
2522 733 2695 789 συνὼν
2760 732 2964 796 δίκαιος
3002 731 3171 801 ἀδίκῳ
3213 730 3276 783 οὐ
3325 728 3712 784 συναπόλλυται

2145 832 2261 903 μετ’
2297 828 2484 884 αὑτοῦ.
2537 828 2625 881 Ἐν
2653 824 2762 897 γὰρ
2786 824 2865 895 τῷ
2883 824 3070 894 κόσμῳ
3088 822 3262 893 τούτῳ
3280 823 3373 876 καὶ
3395 822 3592 876 δίκαιοι
3619 823 3712 877 καὶ

2139 924 2312 978 ἄδικοι
2345 919 2593 992 ἀλλήλοις
2624 914 3068 985 συναγελάζονται
3094 913 3344 985 κοινωνίᾳ
3364 913 3501 983 βίου,
3521 915 3581 967 οὐ
3600 911 3713 985 μὴν

2140 1016 2234 1070 καὶ
2261 1014 2558 1084 ὁσιότητος·
2592 1011 2685 1064 καὶ
2713 1011 2883 1079 τούτῳ
2917 1007 3015 1077 οὐχ
3060 1005 3458 1077 ἁμαρτάνουσιν
3497 1005 3547 1057 οί
3593 1004 3711 1058 θεο-

2140 1108 2330 1178 φιλεῖς·
2369 1103 2600 1177 μιμηταὶ
2635 1101 2744 1172 γάρ
2786 1101 2892 1153 είσι
2936 1098 3029 1152 τοῦ
3071 1096 3283 1169 Πατρδς
3309 1096 3489 1150 αὐτῶν
3527 1095 3621 1150 τοῦ
3649 1098 3709 1150 ὲν

2139 1202 2253 1262 τοῖς
2284 1199 2552 1269 οὐρανοῖς,
2572 1193 2665 1246 τοῦ
2697 1192 2787 1245 τὸν
2813 1191 2963 1262 ἥλιον
3008 1188 3173 1244 αὐτοῦ
3213 1187 3590 1253 ἀνατέλλοντος
3614 1190 3707 1242 ἐπὶ

2138 1289 2378 1352 δικαίους
2412 1288 2504 1342 καὶ
2533 1285 2769 1347 ἀδίκους,
2803 1284 2896 1337 καὶ
2927 1282 3209 1353 βρέχοντος
3236 1280 3399 1335 αὐτοῦ
3426 1280 3517 1333 τὸν
3554 1281 3707 1335 ὑετὸν

2139 1384 2232 1437 ἐπὶ
2258 1382 2547 1453 πονηροὺς,
2576 1377 2668 1431 καὶ
2696 1373 2952 1444 ἀγαθούς.
2994 1374 3102 1428 Καὶ
3131 1372 3281 1425 οὐδὲν
3321 1370 3646 1426 κινδυνεύσει
3677 1372 3706 1423 6

2139 1478 2342 1540 δίκαιος
2369 1477 2433 1529 ὲκ
2461 1472 2667 1526 τούτου”
2700 1470 2758 1523 ὲν
2786 1468 2893 1540 γὰρ
2921 1467 2999 1538 τῷ
3028 1466 3225 1538 σταδίῳ
3252 1466 3345 1520 καὶ
3362 1466 3596 1535 νικηταὶ,
3614 1466 3707 1519 καὶ

2140 1568 2424 1642 νικώμενοί
2452 1569 2608 1631 εἰσιν,
2642 1566 2698 1619 ὲν
2725 1564 2781 1617 δὲ
2809 1563 2888 1634 τῷ
2918 1561 3164 1632 στεφάνῳ
3196 1560 3344 1631 μόνοι
3373 1560 3423 1611 oi
3449 1559 3707 1627 γενναίως

2140 1662 2561 1734 ἀγωνισάμενοι,
2602 1658 2774 1721 οὐδεὶς
2801 1656 2858 1710 δὲ
2906 1654 3281 1725 στεφανοῦται,
3331 1652 3427 1705 ἐὰν
3455 1651 3528 1722 μὴ
3558 1650 3709 1720 νομί-

2144 1776 2259 1830 μως
2300 1755 2531 1826 ἀθλήσῃ.
2581 1753 2849 1813 Ἕκαστος
2892 1750 3001 1821 γάρ
3045 1766 3113 1801 πε
3125 1748 3177 1819 ρ).
3224 1744 3414 1800 ἑαυτοῦ
3456 1743 3708 1815 ἐξομολο-

2139 1852 2366 1921 γήσεται
2386 1847 2453 1909 ⁹⁹,
2484 1846 2578 1900 καὶ
2605 1846 2666 1897 οὐ
2691 1843 2764 1915 μὴ
2796 1841 3130 1912 συναπολέσῃ
3159 1841 3186 1892 ὁ
3215 1837 3344 1902 Θεὸς
3370 1837 3461 1891 τὸν
3503 1836 3710 1890 δίκαιον

2142 1941 2279 2013 μετά
2316 1938 2410 1992 τοῦ
2445 1937 2651 1999 ἀδίκου,
2691 1933 2915 2005 ἐπείπερ
2951 1934 3081 2003 παρ’
3108 1929 3257 2000 αὐτῷ
3302 1928 3364 1981 τὸ
3394 1926 3709 2000 ἀναμάρτη-

2141 2050 2231 2085 τον
2252 2027 2614 2100 ἀτιμὼρητον.
2647 2023 2781 2077 Οὔτε
2828 2024 2936 2095 γὰρ
2974 2022 3063 2075 τὸν
3100 2022 3221 2074 Νῶε
3251 2019 3599 2081 κατέκλυσεν.
3626 2018 3711 2073 οὖς

2137 2140 2197 2175 τε
2227 2122 2317 2174 τὸν
2342 2118 2464 2173 Λὼτ
2490 2114 2834 2186 κατέφλεξεν,
2865 2114 2985 2167 οὔτε
3015 2113 3113 2185 τὴν
3139 2113 3306 2167 Ῥαὰϐ
3339 2112 3705 2167 συναπώλεσεο

2137 2214 2186 2266 εί
2215 2212 2273 2265 δὲ
2308 2209 2561 2282 βούλεσθε
2600 2208 2800 2276 γνῶναι
2851 2206 2943 2259 καὶ
2984 2204 3055 2258 τὰ
3100 2205 3184 2274 ἐφ’
3210 2203 3369 2275 ἡμῶν
3422 2204 3709 2274 γενόμενα,

2152 2304 2351 2366 Ἰούδας
2392 2303 2489 2356 σὺν
2532 2303 2666 2372 ἡμῖν
2693 2298 2788 2362 ὢν,
2820 2296 2978 2351 ἐλαῦε
3022 2295 3115 2349 τὸν
3151 2291 3352 2366 κλῆρον
3384 2296 3485 2365 τῆς
3528 2295 3711 2348 διακο-

2138 2396 2276 2460 νίας,
2307 2396 2366 2449 ὃν
2395 2395 2488 2448 καὶ
2514 2395 2694 2464 ἡμεῖς,
2726 2391 2819 2444 καὶ
2846 2389 3029 2460 Σίμων
3057 2390 3084 2441 6
3105 2388 3293 2455 Μάγος
3310 2386 3406 2456 τὴν
3434 2388 3493 2439 ὲν
3520 2386 3709 2457 Κυρίῳ

2140 2487 2426 2559 σφραγῖδα·
2459 2484 2571 2539 ἀλλ’
2604 2482 2861 2555 ἑκάτερος
2891 2480 3068 2535 αὐτῶν
3109 2477 3438 2548 ἀναδειχθεὶς
3484 2475 3707 2546 φαῦλος,

2137 2581 2167 2634 6
2198 2581 2295 2652 μὲν
2322 2577 2604 2650 ἀπήγξατο
2633 2575 2766 2647 (58),
2813 2574 2842 2626 6
2883 2573 2940 2626 δὲ
2984 2571 3135 2644 παρά
3185 2569 3345 2640 φύσιν
3392 2567 3706 2638 ίπτάμενος,

2140 2670 2429 2744 συνετρίϐη
2459 2668 2591 2741 (59).
2628 2667 2738 2723 Καὶ
2768 2667 2827 2720 ὲν
2856 2668 2922 2736 τῇ
2952 2661 3189 2733 κιϐωτῷ,
3220 2660 3342 2716 Νῶε
3389 2659 3482 2713 καὶ
3521 2659 3570 2711 οἱ
3604 2658 3708 2711 υἱοὶ

2138 2763 2307 2819 αὐτοῦ
2338 2762 2603 2834 ὑπῆρχον·
2634 2759 2769 2813 ἀλλά
2797 2757 3079 2828 πονηρὸςό
3102 2754 3224 2826 Χάμ
3257 2750 3496 2824 εὑρεθεὶς
3528 2749 3707 2821 μόνος,

2137 2858 2217 2919 είς
2232 2856 2321 2908 τὸν
2340 2854 2453 2907 υἱὸν
2474 2851 2687 2917 ἐδέξατο
2702 2850 2967 2921 τιμωρίαν
2983 2846 3113 2919 (60).
3134 2847 3194 2899 Εί
3214 2845 3270 2898 δὲ
3287 2843 3397 2916 (61)
3420 2844 3515 2897 καὶ
3540 2842 3707 2895 πατέ-

2139 2964 2232 3018 ρες
2259 2945 2397 3017 ὑπὲρ
2425 2945 2631 2998 παίδων
2653 2943 2713 2995 οὐ
2743 2940 3132 3013 τιμωροῦνται,
3161 2939 3283 2992 οὔτε
3313 2938 3420 2991 υἱοὶ
3447 2937 3586 3011 ὑπὲρ
3614 2954 3712 2990 πα-

2136 3038 2331 3110 τέρων,
2360 3037 2539 3109 δῆλον,
2583 3037 2659 3099 ὡς
2688 3034 2810 3088 οὔτε
2851 3037 3107 3103 γυναῖκες
3133 3034 3272 3104 ὑπὲρ
3318 3031 3543 3103 ἀνδρῶν,
3585 3028 3708 3083 οὔτε

477 3132 658 3196 patres
687 3141 787 3194 pro
821 3126 947 3180 [iliis
974 3141 1085 3180 non
1116 3127 1442 3195 puniuntur,
1476 3143 1654 3196 neque
1684 3127 1778 3181 ﬁlii
1813 3143 1909 3198 pro
1938 3144 2037 3198 pa-

2137 3129 2341 3182 οἱκέται
2369 3129 2508 3199 ὑπὲρ
2543 3126 2839 3190 δεσποτῶν,
2868 3124 2991 3178 οὔτε
3022 3128 3301 3193 συγγενεῖς
3344 3126 3482 3196 ὑπὲρ
3513 3140 3709 3193 συγγε-

475 3216 653 3272 tribus
679 3255 694 3281 ,
724 3217 893 3287 liquet
917 3217 1061 3287 quod
1093 3232 1270 3287 neque
1295 3232 1495 3273 uxores
1524 3233 1622 3287 pro
1651 3218 1864 3273 maritis
1882 3259 1898 3285 ,
1934 3236 2034 3275 ne-

473 3324 582 3379 que
605 3308 791 3363 famuli
813 3324 913 3378 pro
935 3308 1195 3372 dominis,
1210 3323 1386 3378 neque
1407 3310 1621 3379 cognati
1643 3325 1742 3379 pro
1763 3311 2032 3381 cognatis,

476 3416 653 3472 neque
684 3402 846 3455 amici
875 3416 975 3473 pro
1002 3402 1197 3457 amicis
1218 3440 1233 3465 ,
1272 3417 1450 3471 neque
1472 3402 1606 3472 justi
1641 3418 1739 3473 pro
1768 3404 1988 3472 mjustis
2017 3421 2035 3474 ;

472 3502 529 3549 et
555 3493 699 3563 quod
739 3492 940 3563 singuli
980 3491 1047 3547 de
1085 3493 1202 3549 suis
1250 3494 1510 3563 Operibus
1550 3494 2031 3551 examinabuntur.

474 3582 609 3638 Nam
641 3600 671 3637 a
700 3582 815 3639 Noe
843 3599 943 3654 pro
972 3585 1176 3639 mundo
1199 3600 1373 3655 poena:
1400 3600 1510 3640 non
1536 3594 1664 3641 sunt
1684 3595 1908 3650 exactae,
1934 3603 2036 3643 nec

472 3676 642 3732 Lotus
671 3691 769 3746 pro
802 3675 1053 3732 Sodomis
1082 3677 1337 3732 incendio
1365 3677 1720 3749 conﬂagravit
1739 3719 1754 3744 ,
1790 3695 1891 3734 nec
1922 3679 2033 3734 Ra-

474 3769 576 3821 aba
609 3784 707 3838 pro
738 3766 1171 3825 llierichuntinis
1200 3769 1447 3839 jugulata
1478 3777 1563 3825 est
1583 3810 1598 3834 ,
1630 3786 1731 3825 nec
1775 3771 2035 3827 Israelita:

473 3870 573 3924 pro
618 3854 884 3927 :Egyptiis
930 3858 1200 3914 submersi
1232 3870 1379 3916 sunt.
1412 3859 1839 3916 Contubernium
1886 3862 2033 3915 enim

467 3946 650 4015 justus
667 3948 994 4013 injustorum
1020 3951 1354 4007 danmalioni
1376 3968 1482 4008 non
1502 3952 1749 4017 involvit,
1772 3952 1867 4009 sed
1894 3966 2035 4006 una-

474 4037 718 4094 nimitas.
745 4037 915 4110 Igitur
930 4039 1206 4094 attendere
1223 4054 1329 4094 non
1354 4039 1615 4096 debemus
1644 4041 1763 4096 istis
1795 4042 2034 4097 homini-

475 4127 600 4191 bus,
621 4128 686 4183 ad
705 4129 903 4185 caedem
925 4145 1140 4201 semper
1158 4133 1446 4202 promptis,
1470 4132 1829 4188 humanitatis
1853 4134 2035 4190 osori-

472 4219 599 4285 bus,
640 4221 1042 4279 criminationis
1080 4223 1361 4289 studiosis,
1390 4232 1443 4279 et
1482 4224 1727 4295 quicum
1774 4234 2037 4296 praetextu

473 4319 702 4368 mortem
747 4314 1039 4385 jinferunt.
1123 4316 1276 4371 Alter
1336 4316 1480 4372 enim
1548 4332 1649 4387 pro
1694 4319 1865 4373 altero
1922 4335 2034 4376 non

472 4405 729 4470 moritur,
744 4407 839 4464 sed
860 4425 878 4460 ι
892 4407 1353 4466 funibussuorum
1366 4424 1713 4489 peccatorum
1730 4413 2031 4483 unusquis-

2137 3221 2266 3285 νῶν,
2298 3220 2420 3273 οὔτε
2461 3220 2604 3289 φίλοι
2645 3220 2786 3290 ὑπὲρ
2814 3218 3003 3287 φίλων,
3034 3217 3157 3272 οὔτε
3182 3220 3377 3272 δίκαιοι
3420 3218 3561 3289 ὑπὲρ
3589 3218 3707 3272 ἀδί-

2136 3329 2267 3366 κων⁶
2316 3312 2429 3365 ἀλλ’
2457 3311 2685 3375 ἕκαστος
2713 3311 2853 3382 ὑπὲρ
2880 3309 2973 3363 τοῦ
3004 3311 3206 3364 οἰκείου
3246 3309 3406 3381 έργου
3435 3309 3524 3363 τὸν
3551 3308 3710 3378 λόγον

2136 3402 2586 3474 άπαιτηθήσεται.
2633 3401 2769 3455 Οὔτε
2796 3401 2903 3473 γάρ
2948 3402 3071 3455 Νῶε
3099 3402 3237 3472 ὑπὲρ
3265 3401 3358 3454 τοῦ
3397 3400 3600 3471 κόσμου
3631 3401 3711 3455 δί-

2137 3510 2239 3564 κην
2269 3492 2624 3566 εἰσεπράχθη,
2673 3492 2795 3546 οὔτε
2838 3492 2962 3547 Λὼτ
3005 3493 3145 3564 ὑπὲρ
3190 3492 3435 3563 Σοδόμων
3465 3493 3708 3565 ὲπυρπο-

2136 3584 2294 3657 λήθη,
2325 3584 2449 3638 οὔτε
2484 3585 2674 3649 Ῥαὰϐ,
2705 3586 2844 3657 ὑπὲρ
2885 3586 3303 3658 Ἱεριχουντείων
3323 3585 3557 3657 ἐσφάγη,
3586 3586 3708 3639 οὔτε

2136 3680 2165 3731 6
2206 3678 2419 3750 Ἰσραὴλ
2460 3677 2569 3749 (62)
2612 3680 2750 3750 ὑπὲρ
2789 3678 3098 3747 Αἰγυπτίων
3142 3678 3242 3709 ίθοο
3286 3678 3345 3730 οὐ
3374 3678 3541 3750 γὰρὴ
3586 3696 3709 3731 συν-

2135 3768 2347 3840 οίκησις
2387 3769 2701 3839 κατακρίνει
2739 3770 2865 3831 τοὺς
2908 3769 3149 3833 δικαίους
3191 3770 3287 3823 σὺν
3328 3771 3440 3832 τοῖς
3481 3770 3706 3834 ἀδίκοις,

2134 3861 2247 3916 ἀλλ’
2277 3863 2310 3932 ἡ
2337 3862 2435 3933 τῆς
2462 3860 2685 3931 γνώμης
2710 3862 2949 3931 ὁμόνοια.
2982 3861 3056 3914 Οὐ
3085 3860 3192 3932 χρὴ
3241 3855 3333 3914 οὖν
3360 3863 3473 3923 τοῖς
3501 3861 3711 3931 ἑτοιμο-

2138 3954 2405 4017 θανάτοις,
2435 3954 2529 4008 καὶ
2559 3952 2669 4025 (65)
2701 3952 3124 4025 μισανθρώποις,
3172 3953 3266 4006 καὶ
3297 3953 3553 4024 φιλεγκλή
3564 3969 3706 4022 μοσι,

2135 4047 2231 4099 καὶ
2274 4044 2410 4117 μετά
2452 4044 2775 4117 προφάσεως
2819 4044 3191 4109 θανατοποιοῖς
3240 4045 3526 4117 προσέχειν
3573 4043 3706 4114 (64).

2138 4138 2362 4210 ’Έτερος
2388 4135 2496 4208 γὰρ
2524 4136 2663 4208 ὑπὲρ
2692 4136 2876 4209 ἐτέρου
2906 4137 3003 4191 οὐκ
3032 4136 3379 4191 ἀποθανεῖται
3410 4136 3539 4208 (65)·
3573 4134 3709 4190 ἀλλὰ

2140 4247 2159 4280 ι
2198 4231 2405 4300 σειραῖς
2431 4228 2537 4282 τῶν
2566 4229 2757 4283 ἑαυτοῦ
2789 4230 3070 4301 ἁμαρτιῶν
3090 4231 3317 4294 ἕκαστος
3346 4230 3652 4299 σφίγγεται.
3683 4248 3702 4283 ι

2134 4322 2265 4376 Καί’
2290 4342 2309 4375 ι
2345 4322 2476 4376 Ἰδοὺ
2504 4321 2810 4394 ἄνθρωπος,
2827 4324 2922 4377 καὶ
2948 4323 3009 4377 τὸ
3036 4323 3192 4395 ἔργον
3222 4322 3383 4376 αὐτοῦ
3405 4322 3511 4395 πρὸ
3540 4340 3709 4395 προσ-

2138 4415 2287 4469 ὡπου
2314 4414 2498 4470 αὐτοῦ.
2537 4434 2557 4468 ι
2583 4418 2673 4469 Δεῖ
2698 4416 2756 4470 δὲ
2782 4418 2929 4488 ἡμᾶς
2952 4416 3165 4489 βοηθεῖν
3208 4418 3319 4482 τοῖς
3350 4415 3567 4471 συνοῦσι
3594 4415 3708 4499 (66)

475 4544 499 4666 In
542 4582 590 4614 "
612 4581 804 4666 ξετερι).
839 4601 951 4648 xw,
988 4586 1136 4666 15...-
1152 4588 1198 4621 ⁸⁸
1230 4586 1418 4666 Matth.
1460 4606 1513 4652 ν,
1546 4591 1632 4666 {5.
1661 4661 1673 4666 _
1706 4591 1824 4666 "l.
1860 4591 2034 4661 lgnat.
2072 4594 2351 4666 Ainterpol.
2401 4594 2469 4651 ad
2516 4594 2730 4653 Philad.
2782 4599 2837 4653 '5.
2932 4599 2978 4636 ’⁷
3007 4596 3048 4651 ll
3101 4597 3242 4656 Tim.
3266 4615 3328 4666 ll,
3362 4602 3414 4657 5.
3491 4602 3708 4662 “Citat

468 4648 810 4720 Anastasius,
842 4666 1033 4727 quast.
1068 4657 1156 4712 55.
1270 4648 1519 4715 "Anast'.
1553 4648 1966 4731 ἀπολογήσετῖιι.

2068 4664 2135 4695 ¹⁰⁰
2190 4664 2379 4722 Anast.
2438 4668 2749 4736 Αἰγυπτίων
2802 4669 3211 4741 κατεποντίσθη.

1766 4852 2125 4912 VARIORUM
2157 4852 2389 4913 NOTAE.

560 5025 651 5091 56)
684 5025 879 5083 Οὗτοι.
915 5025 972 5084 in
1002 5025 1192 5084 eodem
1223 5028 1513 5085 omittitur.
1539 5031 1709 5087 Cum.

559 5096 648 5168 57)
680 5098 1047 5167 Σαφέστατα.
1078 5097 1353 5168 Ρικδξροηίι
1384 5116 1525 5156 unus
1547 5101 1922 5167 ὲνταῦθα,1ιὶε.
1956 5106 2034 5163 In.

694 5168 1032 5242 ᾉπήγξᾳτο.
1058 5167 1126 5242 _ln
1162 5167 1390 5242 utroque
1410 5171 1629 5242 ἧγξατο.
1662 5174 1738 5227 ιι).

539 5237 651 5304 (59)
681 5239 1025 5305 Συνετρίΰη.
1057 5237 1673 5305 Przetigit‘alter‘rcsctbv.
1709 5242 1785 5298 In.

537 5304 648 5383 (60)
678 5311 784 5383 ῌίς
812 5304 919 5383 τρν
945 5304 1078 5363 υἱὸν
1104 5304 1348 5383 ἐδέξατο
1374 5312 1685 5383 εἰσιιιιδρίαιρ.Δ
1707 5312 1772 5366 1η
1795 5314 1909 5382 ﬁlio
1929 5329 2037 5383 po:-

466 5392 564 5454 na}
602 5377 749 5454 dedit
773 5394 792 5431 :
821 5378 1372 5454 Cha_naan,e_Genes.
1401 5377 1485 5454 ix,
1513 5377 1609 5437 ⁷25.
1644 5377 1835 5438 Notavi
1871 5377 2035 5454 porro

467 5446 536 5520 ad
580 5448 879 5520 marginem
917 5449 1194 5505 Anastasii
1221 5450 1551 5520 quaestiones
1575 5467 1765 5508 carere
1790 5446 2031 5520 voéulis,

464 5517 547 5579 είς
592 5515 684 5569 τὸν
705 5515 877 5584 “υίόν;
912 5520 1013 5574 sed
1047 5530 1176 5574 tunc
1205 5515 1313 5573 non
1345 5519 1585 5575 videram
1630 5538 1731 5578 ms.
1782 5515 2024 5580 codiceni

467 5585 631 5665 valde,
651 5588 932 5657 antiquum
938 5597 1006 5665 εει
1026 5591 1238 5665 bonum
1249 5587 1429 5660 Regia:
1452 5590 1817 5665 Bibliotheca,
1843 5595 1897 5649 in
1919 5612 2028 5665 quo

470 5656 734 5725 scriptum
775 5654 881 5721 est.
912 5654 991 5723 εἷς
1016 5660 1123 5713 τῶν
1150 5659 1301 5723 υἱῶν,
1332 5654 1475 5730 quod
1510 5672 1563 5716 et
1593 5654 1811 5719 videtur,
1835 5654 2029 5736 legisse

470 5722 772 5782 Geutiauus
819 5728 1084 5784 Hervetus
1109 5743 1295 5782 earum
1374 5733 1697 5787 uaestionum
1728 5733 2025 5804 interpres.

474 5800 757 5867 magisque
782 5797 1038 5855 convenit
1067 5797 1251 5856 sensui
1277 5747 1440 5872 hujus
1470 5801 1595 5858 loci.
1636 5801 1830 5860 Postea
1861 5805 2027 5861 simili

474 5800 757 5867 magisque
782 5797 1038 5855 convenit
1067 5797 1251 5856 sensui
1277 5797 1440 5867 hujus
1470 5801 1595 5858 loci.
1636 5801 1830 5860 Postea
1861 5797 2027 5861 simili

2068 5046 2116 5106 ι)
2142 5039 2355 5094 ratione
2385 5053 2416 5093 e
2445 5038 2675 5109 scripto,
2710 5038 2983 5109 versione,
3021 5051 3085 5091 ac
3109 5052 3293 5109 sensu,
3322 5037 3609 5109 legendum
3649 5040 3705 5092 in

2140 5109 2451 5178 Anastasio,
2499 5106 2713 5164 ut'hic:
2753 5106 2890 5161 Οὔτε
2935 5107 3129 5178 δίκαιοι
3160 5108 3299 5178 ὑπὲρ
3337 5108 3446 5160 τῶν
3487 5108 3703 5161 ἀδίκων.

2141 5175 2366 5233 Demum
2407 5179 2574 5235 verbo
2604 5176 3001 5247 κατεποντίσθη
3040 5175 3313 5233 auctiores
3341 5194 3405 5232 ac
3438 5178 3709 5248 pleniores

2139 5256 2267 5318 sunt
2291 5250 2635 5318 quaestiones.
2666 5249 2804 5304 C01".

2231 5317 2319 5371 δι
2350 5322 2419 5373 Et
2445 5319 2530 5374 δέ.
2566 5320 2686 5374 Ὀτι
2713 5320 2792 5380 δέ.
2823 5325 3052 5388 uterque
3082 5317 3265 5372 minus
3307 5317 3463 5373 bene.
3494 5317 3660 5372 Cum.

2230 5388 2300 5442 62
2366 5389 2426 5441 ’0
2469 5390 2732 5458 Ἰσραήλ.
2768 5390 2830 5444 Οἱ
2871 5388 3219 5511 Ἰσρατὶξίται,
3251 5390 3389 5443 alter
3410 5388 3601 5442 codex.
3632 5386 3703 5439 in.

2229 5457 2299 5511 65
2365 5459 2873 5529 Ἐτοιμοθανάτοις
2895 5460 3012 5513 καί.
3086 5465 3251 5514 esunt
3274 5459 3326 5512 in
3357 5469 3605 5527 utroque.
3632 5454 3703 5510 lu.

2230 5527 2299 5650 6t:
2351 5530 2700 5600 Προσέχειν.
2743 5530 2908 5585 Addit
2935 5531 3072 5586 alter
3106 5548 3120 5584 :
3157 5530 3275 5583 Ὅτι
3317 5529 3373 5582 δὲ
3400 5526 3569 5590 οὕτως
3597 5524 3703 5594 ἔχει

2230 5637 2242 5650 .
2303 5615 2353 5650 ο.

2229 5454 2321 5529 65)
2365 5454 2873 5529 Ἐτοιιὶοθανάτοις
2895 5454 3012 5513 καί.
3042 5454 3251 5514 Desunt
3274 5459 3326 5512 in
3357 5454 3703 5529 utroqucqlu.

2230 5524 2323 5600 64)
2351 5524 2700 5600 Προσὲχειν.
2743 5524 2908 5585 Addit
2935 5531 3072 5586 alter
3106 5548 3120 5584 :
3157 5530 3275 5583 Ὅτι
3317 5529 3373 5582 δὲ
3400 5524 3569 5590 οὕτως
3597 5524 3706 5594 ἔχει

2132 5599 2408 5741 κα(6ἒ))’“Α
2419 5670 2777 5741 ποθανεῒτζᾳι.
2806 5669 2956 5741 Alter
2978 5672 3313 5741 τιμωρεῖται.
3346 5666 3424 5741 lo.

2226 5668 2291 5720 65
2358 5669 2777 5725 Ἀποθανεῒται.
2806 5669 2956 5724 Alter
2978 5672 3313 5741 τιμωρεῖται.
3350 5668 3424 5722 In.

2226 5668 2316 5809 66)
2351 5740 2639 5795 Συνοῦσι.
2684 5739 2747 5795 F.
2782 5738 3005 5795 σινοῦσι.
3040 5738 3192 5796 Alter
3217 5736 3452 5803 νοσοῦσι,
3485 5745 3539 5794 ut
3570 5735 3709 5791 bene

2134 5808 2368 5881 conjecit
2400 5811 2724 5867 Cotclcrius.
2757 5808 2832 5867 In.

2350 5322 2419 5373 Et
2445 5319 2530 5374 δέ.
2566 5320 2686 5374 Ὀτι
2713 5320 2792 5380 δέ.
2823 5325 3052 5388 uterque
3082 5317 3265 5372 minus
3307 5317 3463 5373 bene.
3494 5317 3660 5388 Cum,

2302 5319 2323 5599 ἓ
