4082 6262
424 389 524 448 821

1341 386 1940 446 CONSTITUTIONES
1970 387 2648 447 APOSTOLICIE.—LIB.
2685 389 2747 445 ll.

3572 391 3678 448 69.3

426 510 520 564 ml.
549 507 942 571 κινδυνεύουσι,
971 506 1067 560 καὶ⁹
1096 505 1500 577 σφαλλομένοις,
1541 507 1635 559 καὶ
1662 507 1784 560 ὅσον
1811 502 1919 561 οἷόν
1947 526 1984 561 τε

2110 524 2217 580 que
2266 506 2664 577 constringitur
2696 506 2736 560 ¹.
2771 524 2789 557 ι
2834 502 2933 560 Et:
2970 524 2989 558 ι
3019 504 3161 562 Ecce
3208 506 3407 574 homo,
3438 517 3492 563 et
3537 522 3677 579 opus

422 605 489 676 τῇ
520 600 838 674 παραινέσει
879 599 972 652 τοῦ
1000 598 1157 667 λόγου
1205 597 1450 667 ὑγιάζειν
1491 599 1708 663 αὐτοὺς,
1750 601 1846 653 καὶ
1890 601 2006 672 ῥύεε

424 695 549 749 σθαι
578 697 642 748 ἐκ
672 692 924 747 θανάτου.
962 711 979 743 ι
1018 691 1093 746 Οὐ
1123 692 1312 763 χρείαν
1338 691 1447 763 γάρ
1475 691 1688 762 ἔχουσιν
1714 694 1763 745 οί
1794 693 2004 764 ἰσχύον-

421 806 513 853 τες
561 786 770 859 ἰατροῦ,
818 786 931 839 ἀλλ’
974 786 1024 838 οί
1069 785 1254 850 κακῶς
1296 785 1505 857 ἔχοντες
1550 784 1684 857 (67).
1723 805 1741 837 ι
1787 786 2000 858 Ἐπειδὴ

428 900 447 932 ι
483 880 584 934 οὑκ
624 879 737 933 ἔστι
785 878 996 950 θέλημα
1022 878 1328 950 ἔμπροσθεν
1355 878 1447 931 τοῦ
1489 878 1721 950 Πατρὸς,
1754 879 1841 931 ἵνα
1867 878 2003 932 ἀπό-

418 974 579 1047 ληται
599 968 679 1036 εἷς
706 973 813 1026 τῶν
839 972 1068 1044 μικρῶν.
1103 992 1122 1023 ›
1156 973 1231 1025 Οὐ
1258 971 1366 1042 γάρ
1393 971 1492 1043 τὴν
1518 971 1627 1025 τῶν
1657 971 1999 1044 σκληροκαρ-

416 1067 548 1121 δίων
577 1060 785 1137 ἀνδρῶν
818 1063 1069 1135 βούλησιν
1101 1064 1254 1134 ἱστᾷν
1295 1065 1423 1136 χρὴ,
1453 1062 1590 1117 ἀλλά
1614 1064 1714 1138 τὴν
1740 1064 1834 1119 τοῦ
1864 1065 1998 1119 Θεοῦ

423 1159 519 1212 καὶ
545 1154 761 1228 Πατρὺς
787 1156 895 1209 τῶν
924 1156 1058 1209 ὅλων
1077 1156 1176 1228 τὴν
1194 1155 1282 1209 διὰ
1323 1156 1495 1228 Ἰησοῦ
1524 1157 1758 1229 Χριστοῦ
1778 1158 1870 1211 τοῦ
1888 1161 2000 1213 Κυ-

425 1250 541 1321 ρίου
570 1249 749 1321 ἡμῶν,
780 1243 825 1316 ᾧ
865 1249 898 1319 ἡ
926 1248 1051 1313 δόξα
1080 1250 1159 1312 είς
1185 1248 1311 1311 τοὺς
1349 1249 1569 1312 αἰῶνας.
1629 1250 1816 1322 Ἀμήν.
1864 1251 1999 1305 Οὐδὲ

418 1340 528 1414 γὰρ
554 1342 758 1395 δίκαιον
786 1341 1024 1412 κεφαλὴν
1054 1340 1180 1393 ὄντα
1204 1358 1284 1405 σε,
1306 1336 1349 1394 ὦ
1378 1343 1663 1406 ἐπίσκοπε,
1685 1344 1822 1416 οὑρᾷ
1840 1355 2000 1416 προσ-

418 1433 585 1505 έχειν,
626 1433 871 1486 τουτέστι
912 1433 1085 1503 λαϊκῷ
1118 1434 1399 1487 στασιώδει
1443 1434 1733 1507 ἀνθρώπῳ,
1765 1439 1845 1500 εἰς
1882 1438 1997 1491 ἑτέ-

422 1545 517 1600 ρου
558 1526 855 1591 ἀπώλειαν,
886 1527 1021 1580 ἀλλά
1047 1527 1165 1598 Θεῷ
1197 1527 1360 1598 μόνῳ.
1395 1530 1616 1600 Ἀρχειν
1660 1530 1769 1602 γάρ
1801 1548 1860 1584 σε
1888 1531 1995 1603 χρὴ

417 1619 525 1673 τῶν
554 1620 833 1691 ὑπηκόων,
864 1619 924 1672 οὐ
949 1616 1057 1690 μὴν
1096 1619 1191 1674 καὶ
1219 1621 1310 1673 ὑπ’
1340 1621 1517 1674 αὐτῶν
1544 1622 1835 1694 ἄρχεσθαι·
1873 1622 1995 1677 οὔτε

417 1712 526 1785 γὰρ
556 1711 670 1775 υίὸς
695 1713 851 1785 ἄρχει
880 1712 1103 1783 πατρὸς,
1128 1712 1269 1766 κατὰ
1283 1712 1373 1767 τὸν
1400 1714 1497 1785 τῆς
1525 1716 1790 1784 γενέσεως
1816 1716 1993 1786 λόγον,

418 1803 539 1857 οὔτε
581 1804 764 1868 δοῦλος
805 1803 900 1856 τοῦ
939 1805 1131 1875 κυρίου
1178 1804 1364 1869 αὐτοῦ,
1408 1806 1550 1860 κατὰ
1589 1802 1679 1861 τὸν
1707 1809 1806 1879 τῆς
1846 1808 1995 1873 ἐξουσ

419 1894 559 1961 σίας,
590 1895 714 1950 οὔτε
746 1896 993 1969 μαθητὴς
1017 1897 1360 1962 διδασκάλου,
1391 1897 1513 1952 οὕτε
1542 1900 1879 1974 στρατιώτης
1908 1902 1995 1973 βα-

418 1988 628 2053 σιλέως,
657 1987 780 2043 οὔτε
801 1990 908 2062 μὴν
936 1990 1119 2058 λαῖκδς
1147 1991 1462 2045 ἐπισκόπου.
1494 1992 1630 2065 Περὶ
1656 1994 1764 2066 γὰρ
1791 1995 1885 2048 τοῦ
1917 1994 1992 2066 μὴ

416 2076 591 2134 δοκεῖν
619 2082 746 2145 τοὺς
775 2080 1175 2152 πλησιάζοντας
1203 2083 1430 2147 ἀδίκοις,
1459 2086 1525 2155 τῇ
1554 2085 1647 2138 τοῦ
1675 2086 1832 2155 λόγου
1859 2088 1995 2141 διδα-

416 2174 486 2243 χῇ
517 2170 627 2243 (68)
671 2174 1106 2245 συμμολύνεσθαι
1135 2175 1167 2246 ἢ
1199 2178 1474 2230 κοινωνεῖν
1514 2181 1635 2241 ταῖς
1676 2178 1783 2251 (69)
1816 2182 1995 2253 ἀμαρ-

412 2263 576 2328 τίαις,
605 2261 633 2318 ό
674 2261 931 2337 Ἰεζεκιὴλ
957 2266 1238 2321 ἐκκόπτων
1264 2269 1364 2342 τὴν
1403 2270 1511 2324 τῶν
1548 2272 1833 2344 κακοήθων
1861 2274 1994 2328 ὑπό-

411 2368 557 2411 νοιαν
584 2352 751 2427 λέγει’
790 2378 808 2410 ι
848 2360 912 2412 Τί
942 2360 1099 2430 ὑμεῖς
1129 2361 1315 2430 λέγετε
1343 2363 1523 2426 αὐτοῖς
1550 2365 1649 2436 τὴν
1679 2367 1992 2439 παραϐολὴν

409 2453 613 2526 ταύτην
666 2453 759 2507 ἐπὶ
817 2453 921 2524 γῆς
989 2454 1222 2527 Ἰσραήλ·
1268 2456 1329 2509 Oi
1373 2456 1607 2529 πατέρες
1648 2457 1848 2527 ἔφαγον
1901 2460 1993 2531 δμ-

410 2558 556 2615 φακα
600 2544 734 2618 (70),
778 2546 873 2600 καὶ
900 2546 949 2598 oi
992 2547 1200 2611 ὀδόντες
1241 2547 1349 2602 τῶν
1389 2546 1595 2603 τέκνων
1636 2551 1987 2621 ᾑμωδίασαν;

411 2639 489 2702 ζῶ
516 2638 648 2709 ἐγὼ,
679 2639 827 2708 λέγει
883 2632 1106 2693 Ἀδωναῖ
1147 2639 1372 2712 Κύριος,
1404 2645 1451 2696 εἰ
1480 2642 1559 2695 ἔτι
1590 2643 1700 2714 (7i)
1741 2643 1890 2697 ἔσται
1933 2646 1990 2698 ὲν

409 2729 537 2805 ὑμῖν
563 2726 828 2805 λεγομένη
858 2734 891 2805 ἡ
922 2734 1202 2807 παραϐολὴ
1232 2734 1367 2806 αῦτη
1399 2736 1456 2788 ἐν
1497 2736 1575 2807 τῷ
1617 2737 1862 2808 Ἰσραήλ·
1908 2738 1989 2791 ὅτι

410 2826 581 2880 πᾶσαι
613 2826 667 2878 αἱ
689 2825 859 2897 ψυχαὶ
888 2827 1014 2897 ἐμαί
1045 2829 1199 2879 είσιν·
1231 2827 1289 2879 ὃν
1316 2828 1516 2899 τρόπον
1545 2830 1578 2898 ἡ
1607 2828 1751 2901 ψυχὴ
1770 2828 1873 2889 ¹τοῦ
1894 2848 1991 2883 πα-

408 2917 556 2991 τρὸς,
602 2917 776 2981 οὓτως
804 2920 838 2989 ἡ
882 2918 1027 2990 ψυχὴ
1068 2919 1161 2971 τοῦ
1204 2920 1321 2973 υἱοῦ
1363 2922 1469 2992 ἐμή
1500 2923 1643 2973 ἐστιν
1668 2938 1680 2951 ·
1719 2922 1986 2995 ήψυχὴή

408 3010 796 3082 ἁμαρτάνουσα
824 3012 961 3082 αὑτὴ
986 3010 1095 3083 (7‘2)
1118 3012 1486 3067 ἀποθανεῖται.
1531 3015 1587 3067 Ὀ
1605 3015 1660 3068 δὲ
1682 3015 1986 3086 ἄνθρωπος,

405 3098 464 3166 ὃς
491 3103 643 3156 ἔσται
670 3103 895 3167 δίκαιος,
927 3104 1093 3157 ποιῶν
1123 3108 1296 3176 κρῖμα
1325 3107 1418 3158 καὶ
1444 3106 1807 3177 δικαιοσύνην,
1852 3126 1867 3157 ›
1894 3109 1989 3161 καὶ

2103 601 2226 670 ejus
2256 610 2386 656 ante
2417 599 2614 654 faciem
2650 598 2803 653 illius
2830 599 2905 653 ’.ι
2938 598 2958 629 ³
2981 592 3093 655 Nos
3124 608 3305 655 autem
3339 607 3555 671 Oportet
3576 616 3679 657 no-

2103 693 2234 747 stris
2281 691 2542 755 inﬁrmis,
2574 698 2628 746 et
2667 690 3110 761 periclitantibus
3139 699 3192 747 et
3231 692 3474 763 deceptis
3518 710 3677 765 opem

2103 784 2281 851 ferre;
2310 793 2364 839 et
2392 783 2573 854 quoad
2602 782 2733 859 fieri,
2748 790 2931 853 potest
2950 822 2966 848 ,
2995 784 3267 840 sermonis
3293 785 3679 845 exhortatione

2103 891 2300 931 sanare
2343 891 2471 943 eos,
2512 885 2675 946 atque
2718 891 2749 929 a
2788 884 2965 931 morte
3008 875 3246 947 eripere.
3278 894 3296 928 ι
3324 875 3446 932 Non
3476 896 3495 930 ι
3530 880 3677 935 enim

2107 986 2126 1018 ι
2158 983 2298 1038 opus
2340 968 2546 1024 habent
2589 968 2802 1023 medico
2834 1008 2849 1033 ,
2897 969 2989 1039 qui
3028 970 3248 1035 valent,
3274 969 3372 1026 sed
3401 971 3494 1042 qui
3536 973 3678 1028 male

2101 1059 2305 1115 habent
2321 1061 2364 1116 ⁸.
2392 1080 2410 1113 ι
2439 1060 2893 1132 Quandoquidem
2925 1080 2943 1111 ι
2967 1077 3077 1116 non
3101 1071 3187 1118 est
3210 1063 3467 1121 voluntas
3491 1079 3675 1121 coram

2100 1149 2284 1218 Patre,
2312 1160 2372 1206 ut
2396 1160 2584 1222 pereat
2608 1169 2753 1209 unus
2780 1152 2848 1208 de
2873 1154 3090 1223 pusillis
3113 1154 3154 1210 ⁸.
3186 1174 3205 1207 ι
3225 1154 3346 1210 Νοη
3374 1156 3520 1211 enim
3550 1172 3677 1226 pero

2102 1245 2449 1316 pendendum
2496 1256 2611 1311 est,
2654 1262 2777 1316 quas
2817 1253 2923 1301 stet
2969 1246 3255 1302 hominum
3286 1247 3479 1303 immiti
3508 1247 3675 1304 corde

2099 1338 2370 1393 sententia
2392 1378 2407 1403 ,
2442 1338 2538 1393 sed
2568 1354 2690 1409 qua:
2718 1337 2814 1393 Dei
2845 1347 2900 1394 et
2942 1336 3123 1395 Patris
3165 1339 3408 1395 omnium
3454 1356 3673 1408 rerum,

2097 1446 2219 1500 quae
2248 1440 2334 1487 est
2363 1446 2462 1501 per
2490 1430 2677 1485 Jesum
2727 1430 3007 1486 Christum
3045 1431 3335 1486 Dominum
3380 1440 3675 1504 nostrum;

2098 1524 2186 1578 cui
2224 1523 2397 1594 gloria
2447 1524 2502 1578 in
2547 1523 2771 1580 saecula.
2816 1522 3012 1579 Amen.
3046 1523 3235 1595 Neque
3262 1525 3426 1580 etiam
3457 1540 3675 1597 aequum

2096 1623 2204 1683 est,
2232 1630 2267 1671 o
2310 1615 2602 1687 episc0pe,
2651 1623 2712 1670 ut
2744 1626 2801 1670 tu
2849 1616 2944 1687 qui
2988 1624 3152 1687 caput
3202 1632 3297 1684 es,
3351 1618 3675 1675 assentiaris

2097 1709 2320 1773 caudae,
2359 1708 2466 1764 hoc
2501 1715 2589 1765 est
2624 1707 2800 1775 laico,
2832 1708 3042 1764 homini
3086 1709 3382 1777 seditioso,
3417 1711 3583 1783 idque
3616 1713 3673 1768 in

2097 1801 2324 1856 alterius
2353 1800 2689 1871 perniciem;
2718 1801 2813 1857 sed
2844 1800 2957 1857 Deo
2988 1801 3092 1857 soli
3120 1803 3163 1856 ⁸.
3199 1802 3336 1857 Nam
3376 1812 3591 1875 oportet
3619 1809 3675 1860 te

2096 1892 2375 1963 subjectos
2403 1908 2624 1963 regere,
2657 1909 2769 1948 non
2813 1894 2883 1948 ab
2925 1893 2996 1950 iis
3036 1894 3152 1965 regi
3184 1912 3199 1962 ;
3231 1910 3354 1951 cum
3387 1911 3489 1951 nec
3530 1896 3673 1953 filius

2096 1983 2325 2055 imperet
2370 1986 2511 2054 patri
2551 1985 2857 2040 secundum
2900 1987 3171 2042 rationem
3199 1995 3387 2051 ortus.
3425 2003 3526 2043 nec
3551 2004 3672 2043 ser-

2096 2093 2196 2133 vus
2221 2074 2443 2132 do'mino
2471 2093 2574 2133 suo
2604 2086 2859 2148 respectu
2889 2079 3178 2149 potestatis
3197 2119 3212 2143 ,
3240 2094 3343 2135 nec
3369 2079 3674 2150 discipulus

2094 2171 2389 2243 magistro,
2436 2186 2541 2227 nec
2584 2171 2742 2226 miles
2791 2169 3152 2241 imperatori;
3184 2186 3287 2226 nec
3327 2186 3457 2243 ergo
3497 2171 3672 2227 laicus

2104 2264 2385 2336 episcopo.
2411 2263 2681 2320 Caeterum
2711 2278 2781 2319 ne
2806 2264 3173 2329 existimetur,
3204 2279 3300 2320 eos
3332 2264 3428 2335 qui
3460 2264 3673 2335 impro»

2094 2356 2194 2413 bos
2223 2355 2608 2427 frequentant,
2640 2356 2912 2411 sermonis
2938 2372 3127 2412 eorum
3154 2356 3499 2414 documentis
3526 2360 3673 2415 coin-

2092 2449 2340 2519 quinari,
2372 2448 2458 2503 vel
2488 2454 2715 2519 peccata
2755 2463 2946 2503 eorum
2991 2449 3365 2520 participare;
3419 2449 3670 2506 Ezechiel

2092 2539 2395 2610 praecidens
2428 2541 2571 2595 hanc
2600 2556 2949 2596 morosorum
2973 2540 3258 2597 hominum
3292 2542 3665 2613 suspicionem

2094 2632 2169 2685 ait
2198 2650 2211 2686 :
2241 2650 2259 2681 ι
2292 2631 2474 2698 Quare
2521 2631 2668 2687 inter
2714 2647 2812 2688 vos
2859 2632 3046 2687 dicitis
3082 2634 3401 2704 parabolam
3433 2634 3575 2688 hanc
3607 2633 3662 2688 in

2093 2730 2239 2779 terra
2266 2724 2435 2779 Israel
2461 2743 2474 2778 ι
2502 2722 2690 2780 Patres
2721 2724 3081 2780 comederunt
3110 2742 3270 2781 uvam
3302 2727 3552 2782 acerbam
3573 2766 3589 2791 ,
3617 2735 3671 2782 et

2090 2816 2281 2871 dentes
2307 2815 2545 2869 ﬁliorum
2572 2818 2977 2887 obstupuerunt
2998 2817 3021 2869 ‘I
3040 2816 3176 2872 Vivo
3204 2832 3304 2889 ego
3322 2857 3337 2883 ,
3364 2818 3498 2872 dicit
3524 2818 3670 2880 Adeo

2091 2908 2180 2961 nai
2209 2906 2478 2963 Dominus
2497 2949 2510 2971 ,
2546 2909 2592 2964 si
2620 2910 2765 2963 ultra
2797 2909 2853 2963 in
2881 2910 3038 2965 vobis
3066 2911 3171 2965 erit
3192 2951 3207 2975 ,
3240 2918 3301 2966 ut
3327 2911 3541 2966 dicatur
3566 2927 3667 2982 pa-

2090 3000 2279 3054 rabola
2333 3000 2449 3054 haac
2490 3001 2547 3054 in
2600 2998 2843 3067 lsraele;
2888 3001 3018 3071 quia
3064 3016 3259 3057 omnes
3301 3003 3498 3057 anima:
3535 3017 3668 3060 mea

2090 3102 2219 3149 sunt
2248 3113 2260 3149 ε
2292 3094 2567 3164 quomodo
2614 3093 2797 3146 anima
2833 3093 3042 3162 patris,
3087 3094 3163 3146 ita
3196 3093 3377 3147 anima
3415 3096 3505 3148 lilii
3546 3110 3667 3150 mea

408 3194 531 3267 ἑξῆς
568 3196 836 3265 ἐπιλέγων
876 3196 974 3261 τὰς
1014 3196 1205 3260 λοιπὰς
1246 3197 1476 3268 ἀρετὰς,
1534 3200 1984 3270 ἐπισφραγίζεται

2091 3195 2212 3253 est;
2247 3187 2431 3241 anima
2461 3201 2582 3256 quae
2607 3186 2952 3256 peccaverit,
2996 3185 3117 3256 ipsa
3160 3187 3444 3242 morietur.
3492 3186 3667 3242 Homo

406 3285 599 3357 λέγωνδ
650 3308 668 3339 ι
719 3289 777 3341 '0
805 3290 1041 3353 τοιοῦτος
1068 3290 1273 3353 δίκαιος
1290 3290 1559 3362 ὑπάρχει,
1594 3289 1705 3361 ζωῇ
1739 3289 1982 3361 ζήσεται,

404 3380 550 3451 λέγει
592 3378 817 3436 Ἀδωναῖ
846 3381 1049 3453 Κύριος
1067 3398 1080 3412 ·
1112 3379 1207 3436 καὶ
1234 3383 1328 3435 ὲάν
1357 3384 1593 3455 γεννήσῃ
1628 3384 1741 3435 υἱὸν
1769 3383 1983 3455 λοιμὸν,

404 3472 663 3546 ἐκχέοντα
690 3471 851 3545 αἷμα,
896 3477 953 3527 ὲν
982 3479 1047 3547 τῇ
1078 3476 1182 3547 ὁδῷ
1222 3472 1316 3528 τοῦ
1347 3476 1553 3547 πατρὸς
1581 3476 1744 3529 αὑτοῦ
1774 3477 1868 3529 τοῦ
1908 3479 1987 3530 δι-

406 3569 559 3624 καίου
586 3568 686 3621 οὐκ
713 3561 1003 3639 ὲπορεύθη⁴
1059 3588 1077 3619 ι
1111 3570 1205 3622 καὶ
1233 3562 1527 3637 ἐπαγαγὼν
1572 3568 1642 3622 τὰ
1671 3568 1815 3639 ἑξῆς,
1847 3571 1983 3624 ὲπά-

403 3674 490 3729 γει
526 3658 640 3725 τοῖς
666 3661 1015 3724 τελευταίοιςο
1067 3680 1085 3713 ι
1122 3665 1242 3733 Ζωῇ
1273 3661 1332 3714 οὐ
1365 3662 1630 3733 ζήσεταψ
1666 3662 1848 3726 πάσας
1886 3663 1985 3728 τὰς

400 3750 628 3824 ἀνομίας
680 3753 882 3817 ταύτας
936 3754 1180 3825 ἐποίησε,
1226 3753 1439 3825 θανάτῳ
1480 3754 1849 3808 ἀποθανεῖται·
1923 3756 1985 3809 τὸ

398 3835 539 3917 αἷμα
568 3842 729 3899 αὐτοῦ
771 3848 857 3899 ἐπ’
887 3847 1047 3899 αὐτὸν
1094 3846 1266 3901 ἐσται·
1326 3846 1419 3901 καὶ
1460 3849 1715 3920 ὲρεϊταιδ·
1758 3851 1838 3902 ὅτι
1871 3848 1981 3922 (75)

397 3937 497 3993 οὐκ
526 3935 713 3992 ἐλαϐεν
740 3938 768 3992 ὁ
796 3937 911 4002 υίὸς
938 3940 1037 4010 τὴν
1065 3939 1278 3993 ἀδικίαν
1304 3941 1405 3995 τοῦ
1427 3942 1653 4012 πατρὸς,
1700 3941 1733 4012 ἢ
1778 3941 1877 4014 τὴν
1907 3942 1983 3995 δι·-

398 4032 691 4104 καιοσύνην
737 4028 923 4094 αὐτοῦ,
958 4034 1305 4105 δικαιοσύνην
1334 4036 1425 4087 καὶ
1458 4035 1603 4097 ἔλεος
1634 4036 1978 4106 πεποιηκώς;

397 4123 491 4178 καὶ
519 4125 663 4197 ἐρεῖς
691 4124 890 4189 αὐτοῖς·
935 4126 998 4179 Ἤ
1026 4125 1169 4199 ψυχὴ
1198 4129 1231 4197 ἡ
1264 4126 1650 4198 ἁμαρτάνουσα
1680 4123 1815 4199 αὐτὴ
1844 4130 1980 4181 ἀπο-

395 4215 653 4271 θανεῖταν
700 4214 813 4281 υἱὸς
842 4216 901 4271 οὐ
929 4219 1154 4290 λήψεται
1185 4219 1395 4272 ἀδικίαν
1424 4219 1649 4290 πατρὸς,
1680 4219 1772 4272 καὶ
1801 4219 1980 4291 πατὴρ

394 4307 456 4365 οὗ
484 4309 709 4384 λήψεται
739 4309 950 4367 ἀδικίαν
982 4312 1117 4365 υίοῦ⁶
1153 4310 1461 4382 δικαιοσύνη
1489 4312 1696 4364 δικαίου
1714 4313 1799 4364 ἐπ’
1818 4312 1978 4365 αὑτὸν

395 4403 570 4469 ἔσται,
601 4406 694 4459 καὶ
723 4405 924 4476 ἀνομία
954 4406 1155 4476 ἀνόμου
1188 4405 1273 4456 ἐπ’
1301 4402 1463 4456 αὐτὸν
1480 4401 1651 4455 ἔσται.
1679 4422 1696 4452 ι
1732 4404 1841 4456 Καὶ
1862 4407 1977 4474 μετ’

395 4497 550 4566 ὀλίγα
591 4499 775 4570 φησίν·
841 4517 859 4549 ι
910 4498 998 4550 Ἐν
1043 4496 1121 4568 τῷ
1151 4494 1487 4565 ἀποστρέψαι
1532 4495 1736 4547 δίκαιον
1778 4497 1843 4547 ὲκ
1880 4496 1978 4566 τῆς

2087 3286 2269 3335 autem
2306 3279 2400 3349 qui
2440 3277 2606 3333 fuerit
2640 3278 2862 3347 justus,
2913 3278 3012 3349 qui
3060 3277 3250 3334 fecerit
3293 3279 3566 3349 judicium
3611 3289 3667 3337 et

2081 3371 2355 3441 justitiam
2383 3372 2426 3436 ",
2465 3391 2483 3423 ι
2510 3379 2564 3425 et
2594 3371 2853 3441 deinceps
2884 3371 3112 3441 reliquis
3141 3373 3434 3428 virtutibus
3466 3372 3666 3430 additis

2086 3463 2400 3527 concludit,
2433 3463 2623 3519 dicens
2652 3482 2664 3517 :
2697 3483 2714 3514 ι
2744 3462 3050 3533 Hicjustus
3085 3473 3204 3532 est;
3234 3465 3345 3519 vita
3379 3465 3553 3530 vivet,
3589 3466 3666 3520 ait

2084 3554 2296 3609 Adonai
2327 3554 2614 3609 Dominus.
2647 3554 2804 3620 Quod
2839 3556 2884 3609 si
2918 3556 3169 3625 genuerit
3198 3556 3368 3610 filium
3402 3558 3665 3628 pestilen-

2085 3654 2229 3712 tem,
2276 3645 2641 3702 eﬂ'undentem
2693 3647 3059 3717 sanguinem;
3111 3645 3164 3702 in
3209 3648 3298 3701 via
3341 3650 3512 3719 patris
3569 3649 3655 3704 sui

2082 3739 2218 3810 justi
2259 3756 2370 3795 non
2417 3723 2751 3803 ambulavit;
2806 3760 2824 3793 ι
2867 3748 2924 3795 et
2965 3742 3249 3811 sequentia
3291 3743 3660 3814 subjungens,

2084 3839 2360 3903 postremo
2391 3831 2577 3887 subdit
2604 3850 2617 3886 :
2649 3850 2668 3882 ι
2699 3830 2822 3887 Vita
2852 3847 2961 3887 non
2996 3834 3141 3889 vivet
3170 3852 3182 3888 :
3214 3849 3406 3889 omnes
3431 3835 3527 3890 has
3556 3835 3662 3889 ini-

2080 3925 2322 3994 quitates
2345 3924 2475 3980 fecit
2499 3943 2523 3991 ;ι
2547 3931 2724 3980 morte
2750 3926 3017 3980 morietur
3044 3943 3057 3980 :
3088 3926 3319 3997 sanguis
3342 3927 3463 3997 ejus
3496 3943 3662 3998 super

2084 4017 2262 4086 ipsum
2313 4017 2458 4082 erit;
2510 4024 2564 4071 et
2602 4013 2840 4072 dicetis:
2882 4017 3063 4082 Quare
3097 4034 3211 4071 non
3255 4020 3468 4089 accepit
3512 4021 3661 4076 filius

2082 4109 2424 4178 iniquitatem
2482 4109 2655 4177 patris
2701 4116 2795 4162 aut
2824 4106 3093 4178 justitiam
3127 4110 3277 4179 ejus,
3302 4111 3576 4180 justitiam
3606 4121 3661 4168 et

2082 4200 2514 4256 misericordiam
2546 4201 2850 4270 operatus!
2879 4199 2945 4253 Et
2971 4202 3122 4257 dices
3149 4202 3231 4257 eis
3259 4218 3272 4253 :
3307 4202 3501 4258 Anima
3532 4220 3660 4274 pec-

2080 4308 2250 4357 cans,
2286 4294 2406 4363 ipsa
2438 4293 2745 4348 morietur:
2790 4292 2938 4348 filius
2976 4308 3087 4347 non
3124 4294 3357 4364 accipiet
3394 4295 3659 4366 iniquita-

2081 4394 2189 4440 tem
2224 4386 2433 4456 patris;
2466 4392 2519 4439 et
2551 4391 2703 4454 pater
2734 4400 2845 4438 non
2870 4386 3113 4457 accipiet
3143 4386 3486 4456 iniquitatem
3518 4386 3613 4441 filii
3640 4402 3653 4438 :

2078 4477 2294 4546 justitia
2320 4476 2455 4546 justi
2489 4489 2655 4545 super
2687 4476 2869 4546 ipsum
2902 4477 3041 4540 erit,
3081 4486 3134 4533 et
3173 4478 3442 4548 iniquitas
3478 4478 3656 4549 iniqui

393 4589 735 4662 δικαιοσύνης
764 4590 948 4655 αὐτοῦ,
978 4591 1071 4644 καὶ
1100 4589 1310 4660 ποιήσει
1330 4587 1560 4649 ἀδικίαν,
1594 4589 1762 4640 πᾶσαι
1792 4588 1899 4661 (74)
1918 4590 1974 4642 αἱ

2091 4586 2247 4640 super
2280 4571 2458 4641 ipsum
2487 4570 2591 4623 erit
2613 4569 2655 4623 9.
2690 4588 2708 4620 ι
2734 4568 2802 4622 Ει
2832 4571 2997 4640 paulo
3024 4579 3183 4641 post:
3208 4590 3226 4622 ‹
3250 4571 3411 4637 Cum,
3443 4574 3654 4644 inquit,

392 4681 724 4739 δικαιοσύναι
748 4682 935 4749 αὐτοῦ,
962 4681 1103 4736 κατά
1126 4682 1307 4744 πάσας
1328 4680 1426 4744 τάς
1444 4680 1672 4750 ἀνομίας
1695 4678 1881 4743 αὐτοῦ,
1907 4680 1973 4744 ἃς

2080 4663 2337 4719 averterit
2358 4677 2417 4718 se
2435 4661 2621 4732 justus
2642 4677 2672 4714 a
2689 4661 2905 4732 justitia
2934 4678 3065 4729 sua,
3089 4673 3143 4719 et
3172 4664 3364 4720 fecerit
3390 4665 3657 4737 iniquita-

468 4820 678 4897 fl’rov.
714 4839 764 4889 ν,
802 4823 871 4877 22
967 4821 1123 4897 ’_[sa._
1148 4837 1291 4897 ιλιι,
1324 4820 1410 4897 υ.
1446 4818 1670 4897 ‘_lgnat.
1703 4822 1958 4897 interpol.
1996 4825 2063 4897 ad
2097 4824 2316 4897 Smyrn.
2359 4826 2413 4882 9.
2491 4825 2513 4857 ⁸
2539 4824 2728 4897 Matth.
2763 4842 2839 4897 Ix,
2883 4825 2972 4880 12.
3048 4826 3070 4857 ⁸
3095 4825 3288 4884 Matth.
3350 4842 3486 4883 xvm
3510 4866 3527 4893 ,
3562 4828 3652 4885 14.

464 4892 486 4924 ⁸
512 4891 669 4947 Deut.
728 4886 922 4958 sum,
987 4889 1072 4956 l3,
1099 4894 1188 4948 44.
1264 4894 1283 4923 τ
1323 4886 1549 4947 ΕιεώῘ
1581 4903 1713 4948 x'vm
1736 4933 1750 4956 ,
1776 4893 1831 4949 2.

1940 4898 1961 4925 ⁸
1993 4896 2034 4950 f.
2063 4896 2256 4968 ἐρεῖτε.
2293 4898 2315 4929 ⁹
2341 4896 2697 4962 Anastasius,
2729 4896 2864 4952 ibid.

1699 5028 2062 5088 VARIORUM
2096 5035 2225 5091 ΝΟἸ
2240 5030 2332 5097 ΑΞ.

459 5144 573 5218 (67)
606 5148 904 5220 Ἔχοντες.
954 5146 1102 5220 Alter
1145 5146 1297 5220 addit
1338 5164 1353 5201 :
1393 5146 1561 5220 Φησὶν
1606 5147 1635 5198 ὁ
1677 5146 1867 5220 MP
1909 5150 1968 5202 ὲν

391 5214 765 5287 Εὐάγγελίοις,
796 5219 891 5271 καὶ
918 5218 1099 5282 πάλιν,
1128 5218 1334 5272 omisso
1366 5214 1509 5287 quod
1537 5217 1785 5285 sequitur
1817 5214 1970 5271 ἒπει-

387 5288 473 5345 δή.
509 5288 682 5345 Οιεκ.

717 5358 823 5432 τοῦ
853 5360 1037 5432 λόγου
1067 5356 1302 5432 διδαχῇ.
1328 5357 1516 5432 Potest
1533 5372 1753 5432 quoque
1772 5357 1964 5432 referri

390 5430 457 5483 ad
480 5429 861 5499 praecedentia.
884 5431 1011 5492 τοὺς
1037 5428 1430 5498 πλησιάζοντας
1459 5428 1682 5491 ἀδίκοις,
1716 5430 1966 5498 ponendo

387 5500 653 5571 virgulam
687 5506 812 5571 post
842 5499 1047 5571 διδαχῇ,
1078 5506 1137 5570 ut
1162 5500 1517 5570 significetur,
1545 5501 1687 5569 quod
1712 5500 1846 5570 justi
1868 5500 1963 5571 qui

389 5571 593 5638 iniquis
618 5569 962 5625 familiariter
995 5569 1241 5633 utuntur,
1280 5581 1390 5637 quo
1418 5584 1513 5624 eos
1541 5571 1596 5624 in
1624 5569 1839 5640 pietatis
1869 5569 1957 5622 of-

387 5640 527 5695 ficiis
578 5643 884 5707 instruant;
934 5656 1041 5693 non
1090 5640 1448 5709 inquinentur
1493 5656 1617 5695 cum
1673 5641 1805 5705 illis,
1856 5655 1958 5695 nec

387 5720 614 5779 peccato
660 5727 849 5783 eorum
884 5710 1230 5783 participem.
1269 5710 1541 5783 Atqueea
1581 5712 1957 5783 interpretatio

387 5796 533 5835 nunc
566 5782 739 5851 magis
761 5785 958 5850 placet,
992 5782 1062 5851 ob
1100 5795 1162 5833 ea
1193 5795 1313 5850 quae
1342 5782 1504 5851 paulo
1528 5789 1652 5835 ante
1680 5782 1957 5851 pOnuntur

387 5798 533 5835 nunc
566 5798 651 5834 ma
695 5798 739 5836 IS
761 5798 958 5850 placet,
992 5798 1062 5833 on
1100 5798 1162 5833 ea
1193 5798 1313 5850 quze
1342 5798 1504 5849 paulo
1528 5798 1652 5835 ante
1680 5798 1955 5851 ponuntur

386 5851 465 5908 sic
491 5870 503 5906 :
537 5853 629 5906 Δεῖ
652 5798 708 5905 δὲ
736 5853 883 5924 ἡμᾶς
910 5850 1119 5922 βοηθεῖν
1140 5854 1249 5915 τοῖς
1270 5850 1508 5915 συνοῦσι,
1538 5862 1649 5916 aut,
1680 5860 1737 5907 ut
1772 5854 1955 5923 legunt

2071 5149 2423 5223 lnterpreles,
2456 5155 2693 5225 νοσοῦσι,
2722 5156 2818 5209 καὶ
2832 5153 3199 5208 κινδυνεύουσι
3350 5152 3653 5225 σφαλλομέ-

2071 5236 2202 5296 νοις,
2223 5216 2328 5296 ’καὶ
2345 5224 2468 5295 ὅσον
2496 5220 2605 5279 οἷόν
2631 5216 2691 5278 τε
2721 5228 2787 5296 τῇ
2818 5225 3137 5296 παραινέσει
3182 5224 3277 5278 τοῦ
3306 5216 3465 5293 λόγου
3498 5216 3654 5293 ὑγιά-

2071 5292 2183 5357 ζειν
2211 5292 2426 5358 αὐτούς.
2458 5296 2594 5350 Cor.

2164 5362 2254 5497 69)
2290 5366 2438 5430 Ταῖς.
2472 5366 2637 5420 Addit
2666 5374 2894 5435 uterque
2924 5366 3123 5421 αὐτῶν.
3150 5366 3317 5420 Cum.

2164 5434 2230 5487 70
2291 5436 2583 5497 "missam.
2616 5436 2766 5490 Alter
2791 5437 3066 5497 δμφακας.
3103 5437 3181 5495 In.

2163 5434 2253 5507 79)
2291 5436 2583 5504 Ὀμφακα.
2616 5436 2766 5490 Alter
2791 5434 3066 5507 όμφακας.
3103 5437 3181 5495 In.

2140 5504 2253 5576 (7i)
2292 5506 2445 5576 Ἔτι.
2466 5507 2637 5560 Abest
2673 5508 2785 5559 haec
2811 5504 3077 5575 particula
3110 5508 3178 5559 ab
3209 5513 3462 5576 utroque.
3497 5505 3552 5562 In

2160 5574 2250 5645 72)
2285 5574 2473 5645 Αὐτή.
2501 5576 2648 5645 Αὐτὴ
2677 5576 2771 5628 καί
2803 5574 2963 5631 habet
2985 5578 3121 5631 alter
3146 5574 3442 5632 codexfln.

2158 5644 2248 5702 75)
2277 5645 2416 5698 Ὅτι.
2449 5644 2735 5701 Omittitur
2756 5646 2811 5701 in
2844 5662 2973 5702 uno.
3000 5646 3076 5702 In.

2158 5714 2247 5789 74)
2290 5714 2509 5789 Πᾶσαι.
2562 5715 2687 5771 llaec
2716 5732 2843 5789 vo},
2894 5733 3020 5774 cum
3059 5720 3238 5776 tribus
3284 5720 3642 5789 sequentibus

2063 5788 2336 5842 omittitur
2415 5788 2469 5842 in
2504 5796 2753 5860 utroque.
2788 5785 2865 5843 In.

2135 5576 2153 5785 ἓ
