4080 6260
397 383 502 441 6‘23

1244 389 1301 443 S.
1336 380 1735 445 CLEMENTIS
1765 391 1784 445 1
1821 390 1984 448 ROM.
2022 392 2221 449 PONT.
2258 392 2486 449 OPERA
2519 392 2742 449 DUBIA.

3535 370 3642 452 cu

398 505 505 551 tem
533 515 547 563 ;
578 510 770 564 omnes
792 496 1021 569 justitiae
1042 497 1162 570 ejus
1179 539 1194 565 ,
1221 502 1521 556 secundum
1547 517 1737 557 omnes
1761 504 1956 575 iniqui-

2069 509 2344 580 ἐποίησεν,
2375 509 2435 562 οὑ
2478 510 2551 581 μὴ
2586 508 2913 580 μνησθῶσιν,
2957 508 3018 561 ἐν
3054 510 3120 579 τῇ
3165 507 3351 579 ἀδικίᾳ
3376 508 3576 572 αὑτοῦ,
3606 508 3642 588 ᾖ

397 595 537 643 tates
569 602 707 658 quas
737 588 864 645 fecit
883 630 899 657 ,
929 606 1038 645 non
1069 594 1554 661 memorabuntur;
1591 596 1645 647 in
1680 595 1966 665 iniquitate

395 696 499 735 sua
527 695 637 750 qua
667 681 851 751 inique
872 684 1012 753 egit,
1041 691 1094 738 et
1122 684 1178 738 in
1208 693 1433 753 peccato
1464 701 1565 739 suo
1593 687 1739 757 quod
1771 704 1965 758 pecca-

393 771 506 835 vit,
541 771 597 826 in
626 772 763 842 ipsis
793 775 1080 830 morietur.
1116 794 1135 827 ι
1165 775 1231 829 Ει
1261 785 1385 846 post
1415 792 1589 847 pauca
1623 780 1788 834 verba
1808 822 1825 849 ,
1866 783 1965 849 ad-

390 863 513 932 jicit
538 882 552 919 :
581 881 601 915 ‹
626 862 762 917 Cum
802 866 1061 921 averterit
1086 882 1144 921 se
1168 867 1388 937 iniquus
1413 870 1480 924 ab
1505 869 1793 940 iniquitate
1823 887 1921 927 sua
1944 914 1959 938 ,

394 970 558 1023 quam
586 954 746 1016 fecit;
775 965 829 1011 et
873 956 1064 1012 fecerit
1108 958 1381 1028 judicium
1420 970 1475 1016 et
1512 962 1826 1032 justitiam;
1872 967 1962 1021 hic

395 1046 632 1099 animam
665 1062 820 1102 suam
853 1050 1123 1115 servavit,
1155 1059 1209 1105 et
1250 1052 1448 1106 avertit
1487 1068 1546 1109 se
1590 1055 1659 1109 ab
1699 1057 1955 1114 omnibus

393 1137 766 1205 impietatibus
796 1140 912 1195 suis
935 1179 950 1205 ,
987 1156 1125 1211 quas
1162 1141 1335 1209 fecit;
1383 1126 1491 1197 vita
1527 1146 1706 1214 vivet,
1737 1156 1792 1203 et
1846 1162 1957 1204 non

394 1228 679 1283 morietur.
716 1249 735 1281 ι
771 1230 837 1285 Ει
866 1230 1007 1285 infra
1040 1251 1053 1287 ε
1093 1250 1111 1283 ι
1154 1231 1609 1307 Unumquemque
1644 1238 1801 1308 juxta
1840 1241 1959 1295 vias

395 1327 607 1376 vestras
649 1320 908 1391 judicabo
932 1338 1049 1389 vos,
1090 1323 1286 1382 domus
1326 1326 1528 1392 Israel,
1573 1328 1707 1385 dicit
1748 1330 1959 1385 Adonai

394 1410 658 1468 Dominus
692 1414 753 1469 ".
787 1432 806 1465 ι

972 1568 1203 1626 CAPUT
1242 1571 1363 1628 XV.

430 1698 583 1765 Quod
616 1706 861 1756 sacerdos
895 1720 986 1758 nec
1021 1716 1235 1775 peccata
1258 1708 1527 1777 negligere
1565 1707 1787 1776 debeat,
1831 1726 1923 1763 nec

740 1767 1158 1842 promptua'esse
1197 1776 1265 1830 ad
1302 1767 1605 1833 vindictam.

464 1881 649 1939 Videte
671 1924 685 1949 ,
721 1885 817 1940 lilii
847 1887 1019 1942 nostri
1048 1888 1363 1945 charissimi
1384 1933 1398 1958 ,
1428 1906 1536 1961 quo
1578 1901 1739 1962 pacto
1770 1893 1955 1949 Domi-
1988 1898 2029 1952 Β

392 1989 495 2029 nus
523 1974 666 2031 Deus
694 1986 903 2042 noster,
935 1995 1056 2033 cum
1086 1981 1302 2049 justitia
1334 1983 1647 2038 misericors
1688 1995 1770 2039 est
1792 2027 1806 2051 ,
1855 1986 1957 2041 bo-

390 2080 497 2121 nus
521 2075 575 2121 et
603 2067 882 2123 hominum
914 2086 1139 2139 amans;
1177 2091 1194 2124 ι
1226 2084 1279 2127 ct
1309 2076 1598 2131 absolvens
1627 2092 1736 2131 non
1778 2079 1960 2135 absol-

388 2170 480 2214 vet
508 2176 660 2215 reum
692 2162 732 2192 “
760 2180 774 2229 ;
808 2182 826 2215 ι
857 2178 1183 2219 conversum
1212 2165 1505 2223 admittens
1548 2175 1603 2223 et
1644 2169 1955 2237 viviﬁcans,

391 2268 501 2307 non
536 2253 851 2323 relinquens
889 2256 1218 2325 suspicionis
1260 2258 1439 2312 locum
1483 2259 1551 2314 iis
1596 2261 1689 2331 qui
1735 2262 1959 2331 cupiunt

393 2344 750 2401 inclementer
774 2346 1057 2416 judicare,
1089 2355 1142 2402 ct
1175 2356 1492 2418 peccatores
1534 2353 1761 2407 omnino
1805 2369 1960 2407 aver-

391 2436 499 2488 sari
524 2475 539 2500 ,
571 2452 673 2491 nec
702 2451 827 2491 cum
855 2437 936 2491 eis
962 2441 1373 2497 communicare
1403 2442 1486 2496 vel
1516 2443 1571 2497 in
1608 2446 1956 2501 sermonibus

392 2526 678 2583 hortativis
711 2538 766 2584 et
797 2530 1181 2585 consolatoriis
1204 2572 1217 2596 ,
1251 2533 1449 2603 quibus
1487 2544 1714 2604 possent
1756 2536 1955 2591 adduci

390 2617 457 2671 ad
490 2620 902 2689 paenitentiam:
940 2629 1133 2676 contra
1167 2639 1309 2694 quos
1343 2624 1485 2681 Deus
1512 2642 1610 2697 per
1648 2628 1845 2683 Isaiam
1879 2632 1955 2684 ait

387 2710 662 2782 episcopis
709 2730 723 2765 :
763 2729 780 2763 ι
814 2712 1190 2770 Consolamini
1218 2759 1234 2785 ,
1274 2718 1634 2773 consolamini
1692 2722 1955 2792 populum

390 2817 569 2856 meum
596 2803 926 2869 sacerdotes,
944 2806 1226 2876 loquimini
1250 2810 1315 2864 ad
1330 2824 1425 2864 cor
1442 2809 1829 2883 Hierosolyma:
1850 2813 1914 2867 “.
1930 2832 1948 2865 ι

391 2890 500 2949 Vos
524 2894 690 2964 igitur
716 2911 838 2966 opo:
855 2905 931 2950 tet
953 2937 967 2961 ,
995 2899 1314 2969 prophetam
1340 2902 1647 2967 audientes,
1680 2905 1954 2959 consolari

384 2994 441 3038 et
504 2987 784 3042 adhortari
824 2998 1171 3059 peccatores,
1222 2992 1289 3045 ad
1334 2994 1717 3063 paenitentiam
1762 2996 1956 3066 impel-

389 3074 535 3143 lere,
568 3088 621 3133 et
661 3078 730 3133 ad
769 3080 1030 3150 optimam
1074 3098 1223 3152 spem
1269 3084 1579 3152 adducere;
1621 3100 1730 3139 non
1772 3096 1955 3140 autem

392 3167 662 3236 suspicari
715 3171 863 3239 quod
904 3188 1002 3240 per
1042 3174 1363 3228 charitatem
1403 3191 1531 3246 erga
1571 3191 1664 3232 eos
1714 3177 1956 3246 peccatis

2067 602 2343 672 ἠδίκησεν,
2376 604 2469 655 καὶ
2510 604 2566 655 ἐν
2596 605 2660 674 τῇ
2707 602 2948 673 ἁμαρτίᾳ
2975 600 3164 661 αὐτοῦ,
3273 601 3541 672 ἥμαρτεν,
3583 605 3644 657 ἐν

2070 694 2207 763 αὐτῇ
2252 693 2620 747 ἀποθανεῖται.
2664 712 2682 744 ι
2729 694 2840 746 Καὶ
2882 694 2998 763 μετ’
3029 691 3183 761 ὀλίγα
3223 692 3437 760 ἐπάγει·
3488 713 3506 746 ι
3555 695 3644 752 Ἐν

2068 783 2148 854 τῷ
2191 784 2529 856 ἀποστρέψαι
2569 786 2768 856 ἄνομον
2810 785 2918 838 ἀπὸ
2964 787 3064 855 τῆς
3107 784 3336 855 ἀνομίας
3379 784 3546 839 αὑτοῦ
3575 782 3644 858 ἦς

2069 876 2313 948 ἐποίησε,
2361 880 2455 931 καὶ
2488 879 2703 948 ποιήσει
2742 880 2913 949 κρῖμα
2955 877 3051 931 καὶ¹
3078 877 3443 949 δικαιοσύνην,
3489 872 3641 944 οὗτος

2066 969 2163 1040 τὴν
2196 968 2372 1041 ψυχὴν
2402 969 2566 1022 αὐτοῦ
2594 968 2846 1039 ἐφύλαξε,
2894 969 2988 1022 καὶ
3016 968 3357 1039 ἀπέστρεψεν
3399 970 3508 1023 ἀπὸ
3539 987 3643 1023 πα-

2066 1060 2173 1113 σῶν
2214 1061 2322 1114 τῶν
2352 1062 2612 1115 ἀσεϐειῶν
2652 1060 2818 1114 αὐτοῦ
2846 1054 2921 1114 ὧν
2949 1062 3193 1131 ἐποίησε,
3227 1062 3337 1133 ζωῇ
3383 1061 3604 1132 ζήσεται
3623 1102 3640 1126 ,

2063 1153 2160 1207 καὶ
2186 1154 2286 1206 οὐκ
2326 1153 2692 1207 ἀποθανεῖται.
2726 1172 2742 1204 ι
2790 1153 2899 1205 Καὶ
2928 1150 3075 1222 ἑξῆς·
3148 1171 3165 1203 ι
3205 1154 3473 1226 Ἶξκαστον
3501 1155 3641 1208 κατά

2063 1246 2164 1309 τὰς
2192 1246 2346 1310 ὁδοὺς
2375 1246 2527 1317 ὑμῶν
2556 1245 2728 1319 κρινῶ
2760 1246 2923 1316 ὑμᾶς,
2954 1240 3100 1308 οἶκος
3142 1244 3355 1316 Ἰσραὴλ
3388 1244 3520 1315 (75),
3551 1245 3637 1298 λέ-

2064 1355 2149 1406 γει
2180 1338 2404 1393 Ἀδωναῒ
2422 1338 2641 1409 Κύριος.
2667 1356 2685 1389 ι

2567 1560 2959 1614 ΚΕΦΑΛΑΙΟΝ
2998 1561 3095 1614 IE'.

2064 1699 2191 1752 Ὅτι
2224 1698 2338 1764 χρὴ
2369 1696 2491 1767 ⁸τὸν
2520 1694 2677 1764 ἱερέα
2701 1694 2935 1767 μήποτε
2963 1694 3230 1765 παρορᾶν
3274 1697 3345 1751 τὰ
3381 1698 3639 1767 ἁμαρτή-

2093 1784 2271 1838 ματα,
2297 1764 2450 1838 μήτε
2479 1766 2794 1835 πρόχειρον
2822 1766 2973 1819 εἶναι
3006 1767 3075 1818 ἐν
3103 1764 3181 1832 τῷ
3213 1764 3601 1836 τιμωρεῖσθαι.

2140 1883 2353 1954 Ὁρᾶτε,
2392 1881 2558 1934 τέκνα
2603 1880 2760 1950 ἡμῶν
2808 1881 3161 1952 ὴγαπημένα,
3208 1884 3327 1946 πῶς
3370 1883 3642 1953 εὓσπλαγ-
3682 1948 3699 1965 ς

2063 1994 2187 2048 χνος
2220 1975 2354 2045 μετὰ
2386 1973 2731 2042 δικαιοσύνης
2765 1973 2966 2042 Κύριος
2992 1974 3020 2025 6
3067 1974 3199 2038 Θεὸς
3229 1977 3260 2045 ή
3271 1975 3407 2046 μῶν,
3439 1976 3640 2045 ἀγαθὸς

2063 2069 2156 2123 καὶ
2185 2067 2583 2137 φιλάνθρωπος,
2631 2084 2647 2115 ι
2688 2066 2780 2118 καὶ
2809 2065 3000 2118 ἀθωῶν
3029 2066 3128 2119 οὐκ
3157 2066 3399 2120 ἁθωώσει
3428 2069 3518 2121 τὸν
3538 2068 3644 2122 ἐνοι-

2061 2178 2154 2230 χον
2193 2159 2324 2230 (76),
2366 2177 2383 2209 ι
2437 2158 2531 2211 καὶ
2569 2156 2659 2211 τὸν
2705 2158 3102 2229 ἐπιστρέφοντα
3144 2158 3503 2230 προσιέμενος
3548 2161 3643 2213 καὶ

2058 2250 2361 2316 ζωοποιῶν,
2398 2249 2473 2321 μὴ
2511 2248 2826 2303 καταλιπὼν
2869 2250 3030 2302 τόπον
3061 2250 3317 2313 ὑπονοίας
3358 2254 3471 2313 τοῖς
3496 2252 3643 2321 ἀπη-

2060 2344 2165 2407 νῶς
2199 2343 2541 2414 βουλομένοις
2583 2342 2810 2413 κρίνειν,
2854 2342 2948 2394 καὶ
2992 2341 3174 2394 τέλεον
3205 2342 3642 2412 ἀποστρέφεσθαι

2059 2438 2184 2500 τοὺς
2212 2435 2643 2508 ἁμαρτάνοντας,
2677 2434 2769 2487 καὶ
2818 2433 2892 2505 μὴ
2936 2437 3208 2487 κοινωνεῖν
3237 2435 3419 2496 αὐτοῖς
3468 2434 3640 2502 λόγων

2059 2528 2485 2601 παρακλητικῶν
2514 2526 2651 2597 πρὸς
2676 2525 2962 2596 μετάνοιαν
2983 2527 3270 2595 ἐναγαγεῖν
3304 2526 3634 2597 δυναμένων*

2058 2617 2140 2685 οἷς
2167 2623 2232 2675 ἐκ
2261 2621 2368 2675 τῶν
2410 2619 2669 2673 ἐναντίων
2710 2620 2738 2671 6
2767 2618 2903 2699 Θεὸς
2924 2618 3012 2672 διὰ
3055 2618 3273 2671 Ἡσαΐου
3317 2618 3463 2686 λέγει
3500 2616 3638 2689 πρὸς

2056 2715 2184 2777 τοὺς
2200 2713 2546 2775 ἐπισκόπουςο
2572 2731 2589 2763 ι
2614 2711 3007 2783 Παρακαλείτε,
3026 2710 3387 2782 παρακαλεῖτε
3402 2710 3492 2764 τὸν
3512 2710 3640 2763 λαόν

2063 2823 2185 2876 μου,
2226 2806 2408 2875 ἱερεῖς,
2438 2804 2708 2875 λαλήσατε
2727 2804 2805 2866 είς
2835 2802 2931 2874 τὴν
2962 2802 3188 2873 καρδίαν
3215 2801 3583 2874 Ἰερουσαλήμ.
3616 2820 3633 2853 ι

2059 2898 2178 2970 Χρὴ
2193 2895 2284 2952 οὖν
2302 2899 2444 2968 ὑμᾶς
2460 2895 2624 2949 αὐτοῦ
2640 2894 2955 2958 ἀκούοντας,
2973 2893 3309 2967 παρακαλεῖν
3324 2892 3448 2956 τοὺς
3462 2895 3495 2964 ἡ
3505 2910 3576 2963 μα
3583 2910 3642 2964 ρ-

2057 2991 2311 3061 τηκότας,
2334 2990 2427 3042 καὶ
2448 2986 2559 3059 (77)
2577 2987 2713 3060 πρὸς
2737 2987 3019 3059 μετάνοιαν
3041 2986 3358 3058 παρορμᾷν,
3388 2985 3481 3038 καὶ
3500 2984 3643 3037 εὐέλ-

2057 3082 2216 3145 πιδας
2271 3084 2464 3144 ποιεῖν,
2510 3080 2604 3135 καὶ
2653 3079 2726 3150 μὴ
2773 3081 3053 3141 ὑπονοεῖν,
3095 3080 3171 3142 ὡς
3214 3079 3503 3141 κοινωνοὺς
3558 3074 3642 3145 γι-

2058 3173 2313 3244 νομένους
2337 3173 2444 3225 τῶν
2476 3172 2975 3244 πλημμεληθέντων
3002 3172 3206 3235 αὐτοῖς,
3239 3171 3425 3223 ἕνεκεν
3444 3170 3543 3240 τῆς
3563 3170 3639 3233 εἰς

387 3275 574 3314 eorum
600 3263 1014 3333 participabitis.
1040 3264 1298 3321 Libenter
1323 3282 1451 3338 ergo
1466 3236 1809 3337 vaniten'tes
1830 3284 1956 3324 sus-

2063 3236 2253 3327 αὐτοὺς
2301 3264 2539 3335 ἀγάπης.
2574 3236 2889 3335 η’Ᾰσμένως
2946 3263 3002 3316 δὲ
3065 3264 3193 3325 τοὺς
3249 3236 3641 3333 μετανοοῧντας

386 3350 581 3420 cipite;
606 3353 674 3407 de
703 3369 891 3408 eorum
932 3359 1292 3413 conversione
1314 3358 1422 3413 laeti
1446 3377 1460 3427 ;
1488 3370 1805 3430 peccatores
1828 3377 1954 3416 cum

389 3446 765 3501 misericordia
812 3455 866 3502 et
907 3449 1353 3506 miserationibus
1392 3451 1656 3521 judicate.
1709 3451 1767 3507 Si
1809 3454 1955 3508 enim

388 3538 759 3594 ambulantem
786 3539 942 3611 juxta
971 3540 1170 3596 ﬂumen
1200 3550 1253 3597 et
1292 3544 1656 3600 labescentem
1675 3586 1689 3610 ,
1724 3544 1955 3601 furcillis

391 3629 664 3699 propellas
687 3643 751 3685 ac
782 3630 835 3684 in
863 3645 1076 3687 amnem
1106 3634 1354 3703 dejicias,
1380 3651 1503 3689 cum
1530 3636 1712 3706 potius
1734 3652 1954 3691 manum

392 3721 672 3792 Dorrigere
727 3722 1058 3791 debuisses;
1119 3724 1341 3780 fratrem
1401 3736 1554 3781 tuum
1610 3728 1953 3784 interemisti.

392 3809 628 3867 Przestat
657 3815 841 3885 itaque
865 3815 1068 3870 labanti
1137 3817 1414 3873 dexteram
1457 3818 1669 3874 tradere
1689 3861 1704 3886 ,
1731 3835 1800 3873 ne
1831 3821 1957 3874 lun-

391 3905 541 3960 ditus
572 3906 836 3975 intereat;
865 3915 922 3962 ut
945 3916 999 3963 et
1021 3910 1255 3982 p0pulus
1284 3910 1660 3975 admoneatur,
1687 3918 1741 3965 et
1764 3926 1957 3981 pecca-

390 4007 476 4052 tor
497 4014 607 4054 non
630 4001 852 4055 omnino
877 4010 1081 4072 pereat.
1109 4000 1334 4072 Oportet
1359 4009 1540 4057 autem
1568 4010 1640 4067 te,
1678 4003 1952 4072 episcope,

390 4108 563 4163 neque
596 4102 819 4165 peccata
850 4094 1037 4163 populi
1070 4094 1344 4165 negligere
1366 4134 1380 4157 ,
1412 4110 1592 4164 neque
1623 4095 1953 4164 pamitentes

389 4184 667 4251 fastidire;
699 4202 767 4242 ne
795 4194 1052 4258 tanquam
1085 4187 1391 4257 imperitus,
1424 4187 1640 4241 Domini
1671 4188 1813 4242 ovile
1840 4186 1955 4243 dis-

388 4278 619 4346 perdas,
671 4294 979 4350 nomenque
1021 4279 1226 4335 Christi
1287 4295 1519 4345 novum,
1562 4280 1709 4351 quod
1750 4280 1953 4350 populo

2058 3356 2441 3428 προσδέχεσθε,
2471 3357 2753 3427 χαίροντες
2795 3357 2881 3408 ἐπ’
2912 3356 3118 3418 αὐτοῖς,
3153 3354 3289 3425 μετὰ
3318 3353 3502 3418 ἐλέους
3545 3352 3641 3405 καὶ

2055 3449 2355 3521 οἰκτιρμῶν
2402 3449 2678 3521 κρίνοντες
2722 3450 2851 3510 τοὺς
2895 3446 3325 3518 ἁμαρτάνοντας.
3382 3443 3506 3498 Ἐὰν
3532 3444 3640 3516 γὰρ

2056 3541 2147 3595 τὸν
2176 3540 2327 3612 παρά
2356 3540 2600 3611 ποταμὸν
2646 3538 2930 3609 βαδίζοντα
2973 3540 3067 3592 καὶ
3111 3537 3370 3609 μέλλοντα
3410 3535 3643 3590 ὀλισθαί-

2058 3650 2167 3688 νειν
2198 3633 2445 3715 κεραίας
2478 3632 2589 3707 (78)
2618 3632 2766 3696 ὦσας
2813 3632 2923 3705 (79)
2956 3633 3035 3694 εἰς
3063 3631 3152 3684 τὸν
3184 3629 3429 3701 ποταμὸν
3471 3627 3639 3701 ἐμϐά-

2062 3724 2161 3797 λῃς
2187 3724 2307 3777 ἀντὶ
2334 3723 2426 3777 τοῦ
2457 3727 2611 3795 χεῖρα
2636 3724 2833 3795 μᾶλλον
2864 3721 3071 3795 ὀρέξαι,
3103 3720 3403 3791 ἐφόνευσας
3433 3738 3525 3774 σου
3544 3720 3639 3774 τὸν

2062 3815 2305 3886 ἀδελφόψ
2374 3815 2490 3869 δέον
2557 3816 2754 3886 μᾶλλον
2825 3815 2906 3885 τῷ
2959 3815 3315 3869 ὀλισθαίνοντι
3368 3814 3642 3869 ἐπιδοῦναι

2061 3907 2258 3971 δεξιὰν,
2304 3908 2390 3961 ἵνα
2436 3906 2510 3978 μὴ
2554 3907 2770 3971 τελείως
2800 3907 3102 3977 ἀπόληται,
3150 3908 3298 3971 ὅπως
3327 3907 3421 3960 καὶ⁵
3462 3908 3490 3960 6
3516 3907 3643 3970 λαὸς

2060 3999 2396 4071 νουθετῆται,
2430 4001 2523 4054 καὶ
2569 4001 2598 4053 6
2642 4001 2966 4072 ἁμαρτήσας
3014 4000 3089 4072 μὴ
3120 4000 3260 4054 κατά
3291 4002 3395 4053 πᾶν
3441 4000 3640 4070 ἀπόληο

2059 4109 2169 4145 ται.
2202 4093 2291 4145 Δεῖ
2316 4091 2373 4145 δέ
2402 4109 2481 4156 σε,
2512 4086 2557 4146 ὧ
2582 4092 2868 4156 ἐπίσκοπε,
2906 4093 3043 4165 μήτε
3091 4094 3338 4165 παρορᾷν
3364 4092 3432 4145 τὰ
3462 4093 3640 4162 ἁμαρ⁴

2059 4186 2125 4255 τή
2135 4200 2277 4255 ματα
2306 4183 2398 4237 τοῦ
2432 4184 2584 4250 λαοῦ,
2620 4186 2756 4257 μήτε
2782 4186 2909 4250 τοὺς
2940 4185 3336 4257 μετανοοῦντας
3366 4182 3636 4255 ἀποστρέ-

2058 4275 2274 4345 φεσθαι,
2295 4277 2443 4341 ὅπως
2466 4276 2541 4349 μὴ
2567 4276 2907 4351 διαφθείρῃς,
2938 4277 3014 4342 ὡς
3032 4278 3275 4349 ἄπειρος,
3296 4275 3356 4328 τὸ
3384 4274 3635 4345 ποίμνιον

459 4416 504 4449 ⁸⁸
533 4416 763 4483 Anast.,,
804 4419 937 4475 ibid.
971 4419 1010 4450 “
1050 4418 1285 4484 Nahum,
1319 4436 1367 4483 ι,
1402 4421 1463 4485 5;
1499 4418 1669 4474 Exod.
1731 4434 1913 4482 xxxiv,
1942 4417 1957 4469 l

2072 4416 2125 4472 in
2150 4416 2311 4475 LXX.
2388 4419 2431 4450 ¹²
2458 4415 2563 4475 lsa.
2589 4431 2678 4483 xt,
2712 4417 2761 4472 l.

1647 4580 2016 4638 VARIORUM
2048 4579 2287 4639 NOTAE.

455 4725 510 4799 (7
513 4725 593 4799 5),
626 4721 818 4793 Ὺμᾶς,

384 4794 525 4853 tero.
549 4794 723 4850 Cum.

458 4887 566 4960 (76)
587 4887 698 4941 Kal
723 4884 926 4942 ἀθακῖνν
952 4886 1061 4939 οὐκ
1088 4883 1350 4939 ἀθωὼσει
1376 4883 1483 4937 τὸν
1508 4884 1749 4960 ἕνοχοις.
1780 4879 1977 4936 Verba.

389 4953 676 5040 He‘braica,
704 4974 874 5029 Exod.
901 4988 1090 5038 xxxiv,
1116 4974 1175 5040 7;
1208 4970 1346 5026 Nah.
1373 4986 1411 5035 ι,
1434 4972 1641 5058 {impr
1666 4953 1740 5030 κθ
1760 4981 1889 5050 npn
1907 4980 1958 5025 et

388 5065 703 5121 absolvenda
735 5082 837 5120 non
866 5064 1114 5119 absolvet.
1162 5062 1334 5118 Graeci
1374 5061 1753 5123 reddiderunt,
1786 5062 1953 5131 priori

388 5140 508 5192 loco
540 5153 607 5191 ex
630 5152 814 5198 sensu,
841 5136 935 5189 καὶ
960 5135 1022 5187 οὐ
1050 5133 1303 5203 καθαριεῖ
1328 5131 1417 5185 τὸν
1446 5131 1645 5203 ἐνοχον,
1675 5133 1848 5186 altero
1881 5132 1949 5186 ad

387 5208 635 5270 verbum,
685 5208 779 5261 καὶ
806 5205 996 5259 ἁθωῶν
1028 5205 1127 5257 οὐκ
1155 5200 1418 5272 ὰθωὼσει.
1450 5200 1621 5267 Quam
1668 5209 1955 5272 utramque

389 5269 696 5333 versionem
727 5275 1013 5343 conjunxit
1047 5284 1252 5330 noster.
1306 5269 1432 5326 Scio
1468 5272 1691 5325 Bovium
1719 5280 1773 5327 et
1793 5269 1949 5343 g'l‘ur-

388 5350 604 5404 rianum
647 5342 1095 5401 Conatitutionum
1150 5345 1472 5412 interpretes
1504 5342 1699 5412 legisse
1739 5342 1952 5412 ἀθῶον,

388 5430 550 5490 atque
580 5418 654 5472 ita
684 5421 1011 5488 impressum
1027 5430 1158 5490 esse
1181 5414 1235 5467 in
1258 5410 1495 5490 editione
1517 5410 1949 5490 Gnaeo—Latina.

535 5502 751 5560 quoque
764 5481 898 5542 "eam
931 5485 1260 5560 scripturam
1286 5481 1596 5560 confirmari
1622 5481 1955 5560 editionibus

393 5552 569 5621 LXX;
586 5567 640 5613 et
663 5552 1064 5613 commentario
1084 5554 1140 5609 S.
1164 5553 1502 5623 Hieronymi,
1527 5552 1652 5606 licet
1671 5552 1724 5605 in
1747 5566 1814 5623 eo
1830 5568 1956 5620 per-

390 5644 579 5698 peram;
602 5636 655 5683 et
678 5633 1125 5698 contramentem
1152 5624 1329 5692 magni
1348 5622 1596 5698 Dpctoris
1628 5622 1955 5698 excudatur,

390 5691 484 5752 καὶ
524 5696 714 5751 ἀθωῶν
744 5696 845 5750 οὐκ
872 5695 1138 5755 ἀθωώσει,
1170 5691 1332 5759 atque
1361 5692 1427 5747 Et
1451 5699 1715 5746 nocentem
1741 5707 1845 5747 non
1870 5691 1957 5759 [a-

394 5770 533 5820 ciem
565 5767 919 5840 innogentem,
952 5779 1059 5840 pro
1096 5764 1204 5840 ut
1233 5759 1427 5840 ἀθῶον,
1456 5775 1664 5830 proque
1694 5759 1762 5814 Et
1805 5761 1957 5840 iuno:

398 5847 616 5893 contem.
666 5834 868 5890 Verum
908 5830 970 5887 iri
1019 5832 1495 5891 Constitutionibus
1550 5844 1745 5885 sensus
1792 5830 1959 5898 exigit

866 4723 1027 4789 οἶκος
1068 4720 1330 4789 Ἰσραήλ.
1391 4720 1729 4775 Omittuntur
1772 4721 1828 4774 in
1880 4720 1959 4772 al-
1992 4722 2035 4776 D

2063 4715 2277 4779 ἀθωῶν,
2304 4715 2465 4781 idque
2484 4713 2652 4769 editio
2674 4713 2858 4767 Grzcca
2882 4718 3233 4781 repraesentat
3259 4729 3272 4765 :
3306 4710 3358 4764 in
3383 4711 3635 4765 testimo-

2065 4731 2277 4779 αυωων,
2305 4731 2355 4770 ιιι
2400 4731 2465 4768 υθ
2484 4731 2652 4769 θιιιιιο
2674 4731 2858 4767 υΓὶἓῦἔι
2883 4731 3233 4781 Γϐρΐέθὸθιὶῑῖιῐ
3259 4731 3272 4765 ἰ
3306 4731 3358 4764 ιη
3383 4731 3635 4765 ιρδιιῐιιο·

2065 4788 2157 4840 nio
2182 4731 2621 4842 autequahumi
2646 4783 2837 4837 ἀθωῶν
2866 4788 3087 4836 servant
3123 4780 3362 4851 Cyrillus
3395 4782 3462 4851 (si
3496 4783 3637 4835 bene

2065 4855 2298 4926 legatur)
2341 4865 2395 4910 et
2422 4853 2811 4926 Theodoritus,
2843 4851 3254 4926 necnon__codex
3274 4852 3470 4926 Regius
3491 4851 3631 4913 229,

2063 4920 2155 4994 (ιιῖἰ
2183 4920 2417 4981 sedecim
2448 4924 2741 4995 prophetas
2772 4938 2877 4995 una
2903 4938 3025 4995 cum
3049 4920 3636 4995 diversorinin__Graeco-

2064 4992 2184 5050 rum
2214 4992 2658 5065 interpretatione
2688 4993 3099 5065 complectitur;
3122 4999 3181 5065 ut
3210 4992 3345 5045 nihil
3369 4992 3546 5045 dicam
3566 4992 3636 5046 de

2064 5082 2166 5121 ms.
2189 5060 2575 5126 Alexandrino.
2594 5074 2646 5118 et
2669 5060 2829 5130 aliis;
2854 5078 2883 5116 a
2901 5060 3305 5134 Theophylacto
3328 5077 3454 5116 vero
3485 5071 3636 5116 utra-

2062 5153 2169 5208 que
2200 5137 2361 5191 lectio
2394 5137 2736 5208 proponitur,
2754 5148 2833 5208 _ac
2855 5133 3179 5208 explicatur.
3211 5133 3347 5187 Cor.

2133 5207 2243 5277 (77)
2272 5202 2646 5277 Παρακάλςξν
2672 5204 2814 5277 τοὺς
2834 5202 3251 5277 ᾐμαρτηκότας
3280 5202 3399 5258 καί.
3429 5204 3635 5260 Desunt

2062 5276 2116 5331 in
2142 5273 2318 5330 altero
2345 5273 2535 5329 Codice
2564 5273 2798 5328 Vindob.
2832 5274 2999 5329 Cum.

2082 5376 2086 5380 ι
2133 5347 2242 5416 (78)
2276 5347 2575 5416 Kspalatc.
2615 5341 2901 5416 omittitur
2930 5343 3043 5416 ___in
3092 5342 3265 5397 altero
3291 5342 3418 5416 cod.
3447 5347 3633 5410 Vind.,

2061 5412 2209 5486 quod
2226 5412 2398 5491 vertit
2429 5414 2756 5476 Cotelerius,
2801 5412 3054 5483 furcillis,
3084 5428 3150 5467 ex
3181 5414 3497 5491 conjectura
3519 5453 3533 5475 ,
3570 5422 3628 5491 ut

2063 5484 2216 5556 puto.
2274 5486 2455 5553 potius
2506 5498 2669 5556 quam
2718 5499 2783 5537 ex
2833 5492 3114 5556 comperto
3167 5499 3269 5537 usu
3323 5484 3501 5556 vocis,
3540 5484 3630 5551 qui

2061 5552 2309 5625 exemplo
2336 5553 2649 5625 probandus
2678 5561 2817 5625 erat,
2852 5553 3076 5625 siquod
3106 5552 3558 5625 suppeteha_t._lo.

2133 5621 2254 5695 (79)Δ
2275 5621 2655 5695 Α’Ώὺας-κᾼᾼμοι*
2684 5622 2849 5695 habet
2894 5621 3192 5695 παντελῶς,
3212 5621 3369 5695 quod
3403 5621 3633 5675 infertur

2061 5691 2414 5763 δύ’ἐμϐάλῃς.
2446 5691 2575 5747 Vitii
2618 5691 2896 5761 quidpiam
2918 5692 3145 5764 subesse
3175 5691 3411 5759 videtur,
3441 5706 3633 5764 qualu-

2061 5764 2147 5821 vis
2174 5761 2442 5820 Sententia
2473 5777 2582 5818 non
2612 5764 2683 5822 sit
2711 5763 2966 5820 obscura.
2993 5761 3071 5818 in.
