4080 6260
485 307 600 364 825

1409 302 2008 360 CONSTITUTIONES
2040 304 2739 392 APOSTOLlQIE.—LIB.
2779 309 2843 362 ll.

3621 316 3728 371 69.6

483 419 709 491 Κυρίου,
752 418 847 471 καὶ
887 416 1154 488 φαυλίσῃς
1181 413 1346 469 αὑτοῦ
1375 415 1436 468 τὸ
1463 416 1632 487 ὄνομα
1686 415 1748 469 τὸ
1788 415 1972 470 καινὸν
2002 417 2050 469 τι

2165 418 2314 473 illius
2341 419 2657 490 impositum
2680 429 2794 484 est,
2822 422 2929 477 vile
2955 421 3186 492 habeas,
3219 435 3274 480 ct
3301 428 3418 498 ipse
3452 428 3595 486 feras
3627 449 3699 502 up

479 514 557 575 al;
583 510 677 563 τδν
704 509 831 563 λαὸν
872 508 1040 561 αὐτοῦ
1082 507 1348 572 ὲπιτεθὲν,
1380 509 1474 562 καὶ
1504 509 1862 584 ὀνειδισθήσῃ,
1893 511 2060 566 καθάμ

479 621 584 674 περ
614 602 709 657 καὶ
735 603 785 655 oi
814 601 1035 654 παλαιοὶ
1063 600 1339 671 ποιμένες,
1386 602 1515 673 περ).
1541 594 1615 655 ὧν
1663 601 1842 670 ἔλεγεν
1868 605 1898 657 ὁ
1930 603 2061 669 Θεὸς

477 695 554 767 τῷ
595 694 851 767 Ἱερεμίᾳο
901 711 920 745 ι
958 692 1219 764 Ποιμένες
1259 692 1443 746 πολλοὶ
1475 692 1783 765 διέφθειραν
1821 695 1912 749 τὸν
1955 697 2062 767 άμ-

478 786 695 840 πελῶνά
724 803 850 858 μου,
879 785 1145 856 ὲμόλυναν
1173 784 1272 856 τὴν
1319 785 1684 858 κληρονομίαν
1716 803 1839 857 μου.
1880 806 1897 839 ι
1952 789 2062 841 Καὶ

479 879 538 931 ὲν
567 878 764 942 ἄλλοις⁸
804 897 822 930 ι
875 878 997 930 Ἐπὶ
1023 879 1149 941 τοὺς
1190 877 1454 949 ποιμένας
1482 877 1809 949 παρωξύνθη
1835 879 1864 931 ὁ
1893 878 2062 950 θυμός

484 988 607 1041 μου,
653 971 746 1024 καὶ
787 970 882 1022 ἐπὶ
920 970 1048 1033 τοὺς
1089 969 1296 1040 άμνοὺς
1325 969 1745 1041 ὀργισθήσομαι.
1787 988 1806 1023 ι
1852 972 1962 1024 Καὶ
2001 971 2060 1024 ὲν

479 1063 706 1133 ἑτέροις·
760 1081 779 1114 ι
829 1061 1018 1134 Ὑμεῖς
1057 1063 1107 1114 οἱ
1139 1063 1302 1134 ίερεῖς
1331 1064 1382 1116 oi
1427 1063 1776 1133 φαυλίζοντες
1803 1065 1864 1118 τὸ
1889 1065 2061 1136 ὄνομά

482 1171 666 1226 μου.»

993 1269 1387 1324 ΚΕΦΛΛΑΙΟΝ
1425 1272 1540 1338 ις’.

481 1409 620 1479 Περὶ
639 1409 978 1480 μετανοίας,
1010 1404 1108 1461 καὶ
1128 1407 1217 1472 τίς
1236 1405 1427 1488 αὐτῆς
1455 1411 1486 1462 ὀ
1515 1410 1750 1478 τρόπος,
1777 1411 1874 1465 καὶ
1899 1411 2056 1480 ὅπως

1065 1482 1484 1546 κατοριίὶοῦταιυ

563 1611 707 1666 Ἰδὼν
734 1611 791 1666 δὲ
821 1613 886 1666 σὺ
913 1612 1004 1665 τὸν
1033 1612 1416 1683 ἡμαρτηκότα,
1453 1615 1773 1685 πικρανθεὶς
1802 1617 2054 1672 κέλευσον

476 1706 645 1764 αὐτὸν
673 1705 778 1770 ἔξω
808 1704 1088 1775 βληθῆναι,
1120 1705 1214 1758 καὶ
1233 1703 1501 1768 ἐξελθόντι
1529 1706 1678 1777 αὐτῷ
1700 1707 1743 1740 ¹⁶
1769 1709 2052 1780 πικραινέ-

2164 513 2445 582 prohrium
2479 513 2938 582 quemadmodum
2978 523 3194 572 veteres
3231 518 3308 571 illi
3347 529 3631 591 pastores,
3663 525 3732 580 de

2160 605 2361 675 quibus
2391 604 2533 660 Deus
2560 605 2777 660 dicebat
2803 605 3052 661 Jeremia:
3079 627 3089 661 :
3123 627 3139 658 ι
3175 607 3428 667 Pastores
3453 617 3607 669 multi
3636 617 3728 672 de-

2158 704 2482 752 struxerunt
2510 698 2725 752 vineam
2757 713 2933 754 meam
2954 738 2970 762 ,
3015 701 3325 769 polluerunt
3361 705 3729 762 haereditatem

2160 805 2336 844 meam
2381 791 2441 845 ¹³.
2478 809 2496 842 ι
2526 789 2592 844 Et
2640 790 2807 844 alibi:
2863 809 2881 840 ί
2916 791 3092 861 Super
3138 803 3388 864 pastores
3428 800 3733 858 concitatus

2160 889 2244 935 est
2270 880 2422 935 furor
2441 898 2616 943 meus.
2638 891 2690 936 et
2713 898 2879 952 super
2902 899 3074 955 agnos
3101 885 3311 940 irascar
3330 888 3392 943 η’.
3419 908 3438 941 ι
3467 888 3534 943 Ει
3553 891 3688 946 alias
3713 911 3728 948 :

2165 990 2184 1022 ι
2218 972 2326 1030 Vos
2352 975 2670 1033 sacerdotes
2689 1013 2706 1041 ,
2735 974 3147 1048 qui'despicitis
3174 994 3375 1035 nomen
3404 997 3586 1038 meum
3617 983 3682 1039 ⁸⁸.
3703 1003 3725 1039 ι

2744 1263 2974 1321 CAPUT
3012 1265 3153 1322 XVI.

2156 1399 2234 1455 De
2275 1401 2597 1469 paenitentia,
2642 1410 2691 1456 et
2735 1401 2852 1473 quis
2889 1403 3035 1458 illius
3080 1404 3284 1471 modus,
3331 1416 3380 1460 et
3427 1426 3527 1477 quo
3575 1425 3729 1480 pacto

2775 1484 3077 1543 peragatur.

2225 1605 2361 1661 Cum
2415 1606 2618 1662 videris
2649 1607 2888 1678 aliquem
2939 1610 3258 1681 deliquisse,
3307 1614 3503 1671 acerbe
3546 1615 3728 1675 ferens

2152 1697 2284 1768 jube
2311 1715 2434 1753 eum
2467 1699 2590 1770 ejici
2621 1699 2805 1769 foras;
2839 1718 2947 1771 quo
2976 1711 3212 1760 exeunte
3252 1705 3470 1762 diaconi
3500 1711 3729 1766 moleste

479 1799 694 1853 σθωσαν
723 1798 772 1850 οί
799 1797 1058 1860 διάκονοι,
1092 1797 1185 1849 καὶ
1230 1795 1614 1873 ἐπιζητοῦντες
1685 1801 2050 1872 κατεχέτωσαν

2158 1790 2322 1844 etiam
2359 1789 2556 1855 ferant,
2601 1799 2656 1847 et
2683 1792 3006 1862 inquisitum
3030 1793 3314 1866 detineant
3349 1809 3502 1853 extra
3548 1801 3726 1857 eccle-

475 1891 640 1946 αὺτὺν
670 1889 775 1954 ἔξω
802 1890 902 1961 τῆς
931 1888 1247 1959 ἐκκλησίας,
1277 1890 1372 1944 καὶ
1413 1888 1742 1954 εἰσελθόντες
1783 1891 1922 1964 ὑπὲρ
1952 1892 2047 1946 αὑ-

474 1983 571 2037 τοῦ
602 2000 662 2036 σε
692 1983 801 2053 (80)
836 1981 1212 2053 ὲρωτάτωσαν.
1245 1982 1352 2034 Καὶ
1383 1981 1490 2052 γὰρ
1518 1983 1656 2054 ὑπὲρ
1677 1983 1783 2035 τῶν
1813 1985 2056 2056 ἡμαρτη-

479 2077 652 2129 κότων
681 2079 710 2130 ὁ
737 2075 927 2146 Σωτὴρ
965 2075 1058 2126 τὸν
1104 2074 1323 2145 Πατέρα
1350 2072 1525 2144 ἠξίου,
1553 2077 1630 2137 ὡς
1660 2077 1964 2145 γέγραπται
1993 2077 2052 2128 ὲν

481 2167 560 2238 τῷ
589 2166 919 2237 Εὑαγγελίῳο
961 2186 980 2217 ‹
1012 2165 1212 2238 Πάτερ,
1235 2166 1370 2234 ἄφες
1403 2166 1604 2228 αὐτοῖς,
1624 2167 1684 2218 οὐ
1714 2165 1823 2237 γὰρ
1850 2168 2052 2221 οἴδασιν

479 2259 511 2311 ὃ
539 2256 767 2310 ποιοῦσι.
805 2277 824 2309 ι
858 2257 991 2310 Τότε
1039 2258 1103 2310 σὺ
1136 2257 1409 2320 κελεύσεις
1449 2255 1707 2310 εἰσελθεῖν
1743 2259 1924 2323 αὑτὸν,
1960 2262 2054 2314 καὶ

476 2351 776 2422 ἀνακρίνας
806 2353 854 2404 εί
890 2352 1157 2421 μετανοεῖ,
1189 2351 1282 2404 καὶ
1311 2349 1458 2414 ἄξιός
1486 2350 1634 2402 ἐστιν
1662 2353 1740 2414 είς
1759 2351 2054 2422 ἐκκλησίαν

475 2443 615 2506 ὅλως
657 2442 1098 2514 παρώεχθῆναι,
1154 2441 1423 2505 στιϐώσας
1479 2442 1644 2497 αὐτὸν
1695 2443 1906 2514 ἡμέρας
1959 2462 2054 2516 νη-

480 2537 670 2590 στειῶν
712 2536 823 2606 (8|)
867 2535 1007 2590 κατὰ
1048 2536 1108 2589 τὸ
1151 2535 1474 2606 ἁμάρτημα,
1523 2535 1821 2606 ἑϐδομάδας
1861 2537 1974 2599 δύο,
2017 2539 2052 2608 ἢ

477 2631 646 2699 τρεῖς,
668 2627 702 2698 ἦ
724 2627 905 2691 πέντε,
935 2628 967 2697 ἢ
1000 2627 1162 2690 ἑπτὰ,
1195 2626 1367 2690 οὕτως
1395 2627 1554 2680 αὐτὸν
1575 2627 1860 2692 ἀπόλυσον,
1885 2627 2053 2682 εἰπὼν

478 2718 627 2790 αὐτῷ
669 2719 772 2772 ὃσα
817 2715 1044 2790 ἁρμόζει
1085 2719 1428 2790 ἡμαρτηκότι
1475 2721 1554 2783 εἰς
1607 2719 1887 2774 νουθεσίαν
1929 2714 2052 2773 ἐπι-

480 2811 789 2883 πλήσσοντα
815 2810 1088 2864 διδάσκειν
1116 2813 1208 2866 καὶ
1238 2815 1543 2884 παραινεῖν,
1573 2813 1720 2877 ὅπως
1744 2814 1902 2886 μείνῃ
1925 2815 2052 2884 παρ’

479 2903 657 2974 ἑαυτῷ
687 2903 1145 2974 ταπεινοφρονῶν,
1185 2905 1279 2958 καὶ
1303 2903 1554 2973 δεόμενος
1581 2902 1676 2957 τοῦ
1706 2903 1840 2957 Θεοῦ
1869 2907 2050 2974 τυχεῖν

476 2995 641 3051 αὑτοῦ
669 2995 927 3068 εὐμενοῦς
958 2995 1093 3068 (82),
1123 2998 1217 3051 καὶ
1273 2997 1471 3065 λέγειν·
1508 2997 1552 3028 ⁸⁸
1589 3015 1609 3049 ι
1657 2996 1780 3050 Ἐὰν
1827 2998 2054 3069 ἀνομίας

478 3088 862 3159 παρατηρήσῃ,
901 3087 1096 3159 Κύριε,
1147 3087 1342 3160 Κύριε,
1396 3088 1480 3152 τίς
1531 3090 1930 3161 exemerant;
1971 3091 2052 3144 ὅτι

479 3157 630 3250 παρὰ
663 3157 798 3233 σοὶ-ὁ
816 3157 1052 3250 γίλασμός
1081 3181 1216 3235 ὲστι.
1237 3157 1274 3231 Ἴ»
1301 3180 1549 3234 Τοιοῦτον
1570 3181 1678 3253 γάρ
1703 3157 1756 3235 τι
1787 3182 2054 3252 ὑπεμφαί-
2077 3157 2121 3214 C

479 3288 559 3324 νει
589 3272 681 3324 καὶ
710 3271 771 3322 τὸ
798 3271 856 3323 ὲν
875 3274 942 3342 τῇ
965 3272 1177 3325 Γενέσει
1197 3272 1482 3343 εἰρημένον
1502 3272 1578 3344 τῷ
1598 3274 1755 3327 Καῗν·
1783 3293 1800 3325 ι
1833 3275 2052 3344 Ἥμαρ-

477 3379 601 3428 τες;
649 3361 952 3433 ἡσύχασον·
985 3383 1004 3414 ι
1054 3364 1318 3427 τουτέστι,
1369 3365 1445 3436 μὴ
1495 3364 1754 3436 προσθῇς.
1793 3365 1911 3418 Ὅτι
1941 3365 2050 3437 γὰρ

478 3453 568 3507 τὸν
599 3455 994 3525 άμαρτήσαντα
1021 3455 1101 3508 δεῖ
1127 3457 1266 3527 ὑπὲρ
1298 3455 1391 3508 τοῦ
1421 3458 1618 3510 οἰκείου
1648 3457 1753 3528 πλη
1763 3458 2048 3528 μμελὴμα-

476 3562 568 3610 τος
612 3547 984 3617 αἰσχύνεσθαι,
1030 3549 1210 3603 ἱκανὸν
1257 3549 1317 3601 τὸ
1350 3549 1526 3617 λόγιον
1571 3549 1650 3620 τῷ
1692 3551 1879 3604 Μωσεῖ
1908 3550 2049 3620 ὑπὲρ

479 3639 697 3711 Μαρίας
723 3640 1033 3711 εἰρημένον,
1063 3641 1226 3710 ἡνίκα
1249 3639 1405 3712 hilca
1432 3640 1696 3712 ἀφεθῆναι
1724 3644 1882 3713 αὐτῇ·
1913 3644 2049 3713 Φησὶ

479 3730 588 3803 γὰρ
615 3731 763 3802 αὐτῷ
791 3734 820 3785 ὁ
847 3731 998 3795 Θεός·
1049 3751 1068 3784 ι
1094 3733 1158 3786 Εἰ
1187 3734 1215 3785 ὁ
1243 3733 1425 3804 πατὴρ
1443 3734 1612 3804 αὐτῆς
1632 3733 1814 3786 πτύων
1834 3733 2052 3786 ἐνέπτυ-

479 3840 570 3877 σεν
597 3827 674 3888 είς
701 3825 763 3878 τὸ
790 3825 1080 3896 πρόσωπον
1106 3825 1295 3895 αὐτῆς,
1326 3825 1425 3878 οὐκ
1448 3824 1558 3896 (85)
1579 3824 1852 3898 ὲνετράπη
1874 3842 1889 3889 ;
1912 3823 2052 3877 ἑπτὰ

478 3917 691 3989 ἡμέρας
731 3917 1078 3988 ἀφορισθήτω
1123 3915 1228 3980 ἔξω
1254 3916 1353 3987 τῆς
1381 3917 1750 3988 παρεμϐολῆς,
1794 3917 1886 3972 καὶ
1917 3916 2053 3987 μετὰ

477 4007 651 4063 ταῦτα
676 4008 1057 4061 εἰσελεύσεται.
1091 4027 1108 4058 ι
1141 4006 1328 4071 Οὕτως
1356 4005 1446 4061 οῦν
1480 4010 1573 4062 καὶ
1603 4011 1749 4081 ἡμᾶς
1777 4009 1892 4064 δέον
1937 4009 2053 4061 ἐστὶ

478 4103 671 4165 ποιεῖν,
699 4103 826 4164 τοὺς
862 4101 947 4170 ἐφ’
978 4099 1252 4171 ἁμαρτίας
1281 4098 1536 4169 λέγοντας
1578 4104 1882 4173 μετανοεῖν,
1917 4101 2050 4169 ἀφο-

546 4257 588 4289 ¹³
623 4257 734 4314 Jer.
767 4276 864 4326 xu,
903 4259 989 4314 l0.
1069 4259 1112 4290 ¹¹⁵
1145 4259 1312 4313 Zach.
1352 4277 1406 4323 χ,
1439 4261 1491 4314 ’5.

484 4326 529 4360 ¹⁹
559 4327 649 4386 Ps.
677 4346 861 4385 eum.
895 4332 951 4386 5.
1033 4330 1079 4362 ’⁸
1103 4329 1239 4384 Gen.
1273 4345 1342 4396 Iv,
1381 4331 1410 4384 7
1453 4331 1593 4398 apud
1634 4329 1803 4385 LXX.

2156 1882 2322 1949 siam;
2346 1891 2644 1954 posteaque
2664 1884 2918 1956 ingressi,
2943 1902 3038 1956 pro
3057 1887 3176 1957 ipso
3208 1897 3398 1958 rogent
3415 1899 3486 1944 te.
3512 1889 3725 1947 Etenim

2157 1972 2405 2028 Salvator
2455 1992 2555 2045 pro
2597 1977 2976 2054 peccatoribus
3029 1978 3241 2035 Patrem
3293 1983 3504 2048 oravit,
3563 1990 3620 2037 ut
3669 1986 3725 2040 in

2159 2065 2446 2140 Evangelio
2475 2071 2740 2138 scriptum
2763 2079 2846 2125 est
2880 2089 2894 2125 :
2930 2087 2948 2120 ι
2981 2069 3161 2131 Pater,
3176 2071 3389 2128 dimitte
3419 2074 3566 2140 illis;
3615 2091 3722 2130 non

2153 2162 2298 2216 enim
2327 2162 2510 2216 sciunt
2525 2162 2656 2232 quid
2689 2158 2896 2216 faciunt
2921 2163 2983 2216 "’.
3012 2182 3029 2213 ι
3065 2161 3219 2218 Tunc
3243 2163 3462 2233 iubebis
3491 2181 3613 2220 eum
3638 2167 3726 2220 in-

2153 2260 2343 2308 trare:
2377 2261 2432 2308 et
2460 2253 2713 2309 examine
2758 2253 2928 2318 farto,
2971 2269 3040 2307 an
3087 2254 3324 2308 ducatur
3367 2257 3721 2326 poenitentia,

2153 2344 2460 2415 dignusque
2483 2346 2555 2400 sit
2583 2345 2677 2416 qui
2711 2345 2766 2399 in
2807 2346 3097 2400 ecclesiam
3128 2347 3350 2402 omnino
3373 2347 3722 2416 admittatur;

2153 2439 2411 2492 amictum
2439 2438 2666 2508 jejuniis
2701 2453 2791 2508 per
2825 2437 2942 2493 dies
2971 2438 3434 2512 hebdomadarum
3463 2449 3558 2496 aut
3588 2442 3725 2496 dua-

2153 2545 2297 2594 rum,
2329 2540 2424 2584 aut
2447 2531 2635 2596 trium,
2670 2543 2762 2588 aut
2803 2534 3066 2604 quinque,
3111 2542 3204 2588 aut
3243 2541 3469 2602 septem,
3505 2551 3604 2604 pro
3638 2553 3726 2588 ra-

2152 2627 2300 2704 tione
2328 2625 2548 2693 delicti;
2584 2626 2656 2680 ita
2689 2625 2840 2680 illum
2887 2627 3152 2690 dimittes,
3196 2641 3258 2680 ea
3292 2626 3504 2680 locutus
3547 2642 3666 2696 quae
3694 2643 3724 2680 a

2152 2717 2482 2787 castigatore
2522 2718 2817 2774 salubriter
2869 2718 3055 2772 doceri
3109 2733 3174 2771 ac
3220 2719 3431 2773 moneri
3472 2719 3726 2774 convenit

2151 2815 2532 2878 peccatorem;
2563 2824 2673 2880 quo
2702 2809 2844 2880 apud
2871 2826 2931 2866 se
2955 2809 3235 2864 humiliter
3258 2817 3494 2874 maneat,
3530 2808 3722 2874 Deum,

2154 2908 2213 2955 ut
2238 2902 2311 2956 sit
2339 2902 2447 2956 sibi
2471 2903 2765 2972 prepitius,
2793 2901 3115 2971 deprecans,
3142 2917 3206 2955 ac
3230 2901 3418 2958 dicens
3443 2923 3454 2955 :
3488 2922 3506 2953 ι
3539 2897 3596 2956 Si
3622 2902 3726 2956 iui-

2153 2995 2392 3064 quitates
2419 2995 2818 3060 observaveris,
2856 2992 3102 3056 Domine,
3152 2992 3399 3056 Domine,
3431 2994 3556 3063 quis
3597 3010 3724 3049 sus-

2157 3087 2387 3141 tinebit?
2411 3085 2682 3152 Quoniam
2725 3086 2866 3156 apud
2904 3095 2954 3140 te
2981 3085 3294 3155 propitiatio
3331 3092 3415 3140 est
3438 3085 3500 3140 ίθ.
3536 3102 3555 3138 ι
3590 3083 3724 3140 Nam

2155 3180 2263 3234 tale
2286 3179 2414 3248 quid
2441 3178 2619 3233 innuit
2643 3178 2777 3231 illud
2804 3193 3042 3248 quoque,
3074 3176 3221 3248 quod
3251 3175 3304 3230 in
3331 3176 3526 3233 Genesi
3551 3177 3726 3233 Caino

2155 3273 2359 3326 dictum
2389 3279 2475 3327 est
2514 3289 2529 3327 :
2582 3290 2600 3322 ι
2642 3269 2928 3326 Peccasti?
2960 3269 3193 3336 Quiesce
3250 3271 3358 3320 ⁸ος»
3409 3267 3461 3324 id
3510 3281 3614 3330 est,
3657 3287 3724 3326 ne

2155 3380 2348 3435 pergas
2377 3380 2622 3434 peccare.
2647 3365 2690 3400 ’ί
2717 3363 2874 3430 Quod
2900 3364 3045 3418 enim
3070 3379 3192 3418 eum
3222 3380 3316 3433 quI
3343 3363 3591 3433 deliquit,
3617 3379 3723 3434 pu-

2155 3456 2284 3511 dere
2314 3456 2481 3511 crrati
2521 3455 2725 3526 preprii
2760 3462 3029 3524 oporteat,
3075 3456 3210 3510 satis
3238 3455 3576 3509 demonstrat
3598 3470 3725 3509 ora-
3811 3442 3826 3458 ⁸

2155 3549 2338 3602 culum
2371 3549 2502 3602 illud
2533 3547 2670 3604 Mosi
2718 3549 2773 3602 in
2820 3563 2988 3604 causa
3036 3547 3218 3602 Maria:
3257 3545 3465 3612 datum,
3499 3563 3622 3602 cum
3665 3555 3726 3601 ut

2158 3640 2285 3695 huic
2339 3640 2744 3695 condonaretur
2773 3639 2866 3695 ille
2904 3646 3105 3694 oraret.
3137 3639 3226 3692 Ait
3254 3640 3398 3694 enim
3425 3638 3567 3692 Deus
3596 3637 3673 3691 illi
3706 3680 3720 3694 .

2160 3751 2178 3782 ι
2219 3732 2276 3788 Si
2318 3744 2471 3802 pater
2507 3733 2628 3802 ejus
2678 3749 2880 3802 spuens
2931 3731 3126 3787 fuisset
3174 3732 3227 3785 in
3266 3730 3461 3785 faciem
3537 3731 3720 3795 illius,

2156 3842 2334 3880 nonne
2364 3825 2706 3881 erubuisset?
2738 3825 2955 3895 Septem
2995 3824 3187 3878 diebus
3221 3830 3534 3894 segregetur
3568 3830 3723 3877 extra

2153 3928 2355 3984 castra,
2381 3927 2436 3974 et
2463 3929 2650 3988 postea
2681 3918 3018 3989 ingredietur
3039 3919 3103 3970 “.
3157 3935 3176 3968 ι
3216 3915 3309 3970 Sic
3348 3932 3478 3987 ergo
3528 3924 3582 3970 et
3620 3933 3721 3970 nos

2153 4027 2378 4066 necesse
2399 4019 2485 4066 est
2514 4010 2715 4074 facere,
2750 4011 3030 4072 nimirum,
3059 4025 3153 4064 eos
3183 4011 3277 4079 qui
3302 4025 3360 4064 se
3396 4009 3464 4063 de
3500 4017 3724 4078 peccato

2154 4119 2311 4174 agere
2341 4102 2717 4175 pmuitentiam
2750 4101 3096 4171 profitentur,
3129 4116 3224 4170 per
3247 4107 3462 4170 tempus
3485 4115 3718 4171 propor-

1571 4261 1614 4293 ¹⁸
1647 4260 1769 4314 Mal.
1807 4276 1845 4323 1,
1879 4257 1930 4312 6.
2011 4258 2050 4290 ⁸⁸

2179 4259 2480 4324 ἐξελθόντος
2510 4259 2695 4314 αὑτοῦ.
2774 4260 2814 4290 ¹⁷
2849 4260 2977 4314 Luc.
3027 4274 3178 4314 XXIII.
3213 4259 3300 4312 54.
3381 4259 3422 4290 ¹
3455 4257 3491 4312 f.
3524 4259 3716 4328 λέγων.

1903 4331 1945 4360 ¹¹
2008 4328 2220 4383 Citatur
2251 4331 2320 4384 ab
2348 4333 2636 4386 Anastasio
2666 4339 2858 4400 qmest.
2890 4331 2942 4384 6.

3023 4332 3065 4361 ³³
3101 4328 3264 4387 Num.
3293 4345 3393 4391 xu,
3423 4330 3512 4383 M.

1772 4485 2130 4542 VARIORUM
2163 4487 2394 4544 NOTAE.

568 4669 659 4726 80)
691 4667 788 4722 Σέ.
818 4665 981 4723 Deest
1011 4666 1070 4721 in
1102 4667 1274 4722 altero
1305 4665 1514 4722 codice.
1547 4664 1717 4719 Cum.

568 4734 659 4808 81)
696 4736 1263 4808 Ἡμέραςνηστειῶν,
1295 4754 1346 4789 κ.
1369 4735 1485 4808 1:.1.
1504 4735 1669 4808 Aiunt
1691 4735 1789 4788 viri
1804 4734 2001 4788 eruditi
2023 4775 2036 4797 ,

477 4827 542 4866 ae
557 4806 820 4881 pluribus
848 4807 1190 4881 documentis
1216 4807 1605 4881 aggrediuntur
1626 4806 2035 4881 demonstrare,

477 4873 603 4937 ante
647 4879 891 4934 Montani
939 4879 1210 4933 haeresim.
1244 4873 1352 4930 non
1383 4875 1477 4931 diu
1519 4877 1774 4930 exclusus
1814 4873 1983 4928 fuisse
2007 4892 2036 4928 a

475 4950 861 5005 communione
901 4948 1274 5003 ecclesiastica
1320 4954 1636 5015 peccatores
1672 4945 2034 5015 pmnitentes;

478 4964 861 5005 communione
901 4963 1274 5003 ecuesnasuea
1357 4963 1636 5001 eccatores
1672 4963 2034 5015 pwnltentes;

478 5028 850 5092 pertempora
891 5027 1072 5073 autem
1121 5020 1264 5092 inter
1308 4963 1621 5070 goutanum
1666 5031 1730 5070 ac
1758 5014 2036 5092 _Novatqu

477 5086 678 5152 inedia,
709 5086 948 5144 crevisse
972 5088 1340 5151 severitatem,
1362 5102 1472 5140 non
1498 5094 1676 5140 tamen
1705 5086 1839 5139 adeo
1864 5096 1924 5138 ut
1947 5101 2036 5138 ve-

477 5177 582 5216 nue
625 5175 777 5214 mora
821 5159 1101 5214 biennium
1146 5172 1384 5226 unquam
1427 5155 1733 5210 excederet.
1785 5155 1894 5210 Nec
1937 5170 2037 5224 ego

477 5241 666 5285 contra
702 5228 888 5284 tendo.
915 5228 1148 5283 Tantum
1179 5228 1322 5290 dico,
1369 5227 1513 5296 quod
1544 5226 1700 5280 fidem
1735 5241 1844 5280 non
1874 5241 2036 5296 supe-

475 5311 581 5363 ret,
616 5301 716 5354 hac
745 5314 962 5369 quoque
993 5297 1046 5352 in
1077 5307 1228 5368 parte
1243 5295 1484 5369 variasse
1515 5297 1883 5369 disciplinam.
1907 5295 2042 5369 Quis

475 5373 623 5427 enim
654 5364 825 5440 putet,
859 5364 1050 5440 omnes
1077 5364 1195 5440 eos,
1229 5367 1321 5440 qui
1367 5368 1532 5440 semel
1569 5364 1833 5420 duntaxat
1865 5364 2043 5440 pumi-

476 5434 704 5495 tentiain
743 5439 950 5507 suscipi
991 5434 1392 5506 permittebant,
1441 5437 1604 5491 breve
1645 5434 2035 5507 tempus’deﬁ-

479 5511 683 5565 nivisse
705 5511 772 5564 ad
795 5505 1240 5564 satisfaciendum
1269 5507 1490 5576 Deo;pro
1520 5506 1770 5576 plurimis
1792 5505 1956 5560 etiam
1975 5520 2039 5558 ac

478 5580 821 5649 gravissimis
850 5578 1102 5649 delictis?
1133 5576 1395 5649 Praeterea
1425 5575 1740 5649 Victorinus
1763 5591 2042 5649 conI_u_icn~

477 5644 621 5705 tario
652 5651 708 5704 in
736 5648 1135 5718 Apocalypsim,
1166 5647 1354 5718 nescio
1380 5646 1522 5718 unde
1547 5654 1846 5718 mutuatus,
1879 5644 2040 5718 Nico-

481 5721 629 5773 laitis
660 5715 807 5773 hunc
835 5715 1075 5770 errorem
1115 5716 1304 5768 tribuit
1345 5736 1356 5770 :
1397 5715 1464 5768 Ut
1491 5718 1780 5785 quit-Imque
1808 5716 2039 5784 fornica-

481 5799 565 5844 tu
595 5801 748 5855 esset,
770 5798 955 5844 octava
984 5786 1064 5840 dic
1089 5802 1266 5855 pacem
1295 5786 1568 5854 acciperet.
1589 5784 1778 5842 Plures
1805 5786 2037 5857 denique

2080 4676 2123 4730 D
2153 4666 2230 4738 illi
2271 4667 2533 4738 episcopi,
2567 4667 2632 4720 ad
2655 4683 2794 4728 quos
2825 4667 2882 4724 S.
2910 4668 3217 4738 Cyprianus
3239 4667 3479 4721 destinat
3505 4669 3710 4736 episto~

2149 4737 2254 4790 lam
2281 4736 2369 4800 55,
2403 4736 2753 4801 dubitabant,
2787 4739 2840 4792 in
2885 4736 3049 4808 causa
3083 4737 3364 4792 favorabili
3397 4738 3562 4808 trium
3596 4739 3712 4808 lap-

2145 4823 2353 4870 sorum,
2385 4810 2476 4875 qui
2509 4823 2631 4860 cum
2660 4824 2854 4862 nomen
2883 4805 3092 4862 Domini
3127 4805 3712 4872 fuissentconfessifet

2143 4893 2441 4938 carcerem,
2470 4877 2667 4938 minas,
2686 4895 2749 4931 ac
2773 4880 2941 4932 multa
2970 4880 3204 4940 diutina,
3241 4879 3579 4947 repetitaque
3599 4885 3710 4930 tor-

2143 4957 2349 5018 menta,
2381 4964 2478 5016 pro
2521 4947 2622 5001 fide
2670 4949 2724 5002 in
2755 4948 3035 5004 Christum
3068 4948 3710 5018 pertulissentatandeln

2144 5016 2363 5090 diritate
2393 5018 2732 5090 cruciatuum
2765 5019 2996 5082 subacti,
3039 5016 3106 5073 de
3134 5018 3304 5090 gradu
3336 5016 3524 5087 gloria:
3564 5019 3713 5090 deci-

2143 5087 2356 5151 derant,
2387 5095 2550 5157 atque
2581 5089 2648 5141 ab
2668 5106 2732 5142 eo
2762 5097 3004 5156 tempore
3029 5105 3122 5157 per
3140 5087 3445 5143 triennium
3473 5103 3501 5140 a
3543 5087 3716 5158 pumi-

2146 5158 2313 5213 tentia
2372 5159 2744 5228 agendarnon
2794 5167 3182 5226 cessaverant;
3239 5158 3582 5220 dubitabant,
3633 5161 3716 5212 iu-

2143 5243 2328 5297 quam,
2366 5227 2544 5282 utrum
2597 5227 2677 5282 fas
2719 5234 2882 5289 esset,
2921 5245 3016 5283 eos
3050 5229 3234 5297 lapsos
3275 5228 3340 5280 ad
3374 5230 3714 5297 comnmnio-

2146 5296 2270 5352 nem
2318 5299 2625 5359 admittere,
2673 5299 3002 5366 iusuperque
3057 5296 3307 5354 valebant
3349 5313 3412 5350 ea
3451 5296 3518 5350 de
3562 5315 3712 5366 qun:-

2146 5369 2327 5424 stione
2364 5367 2657 5424 concilium
2694 5367 3071 5438 episcoporum
3106 5369 3333 5438 agitari;
3365 5367 3713 5438 non__dispari

2147 5439 2351 5508 vigore,
2383 5447 2546 5508 atque
2570 5432 2909 5508 conspicitur
2941 5432 3126 5508 postea
3143 5432 3222 5490 ἰη
3295 5432 3716 5508 εεηοιιῇιιιιεεγέ

2142 5503 2270 5562 1ιοῖἱὶ
2319 5503 2656 5579 Aucy'rauze
2690 5503 2752 5560 ac
2810 5503 2956 5579 Petri
3011 5505 3390 5579 Alexandrini.
3455 5503 3587 5559 Vide
3645 5503 3713 5560 ad

2140 5595 2402 5634 canonem
2435 5577 2789 5646 apostolicum
2826 5577 2911 5639 17,
2945 5593 3038 5632 seu
3067 5578 3156 5632 24.
3190 5577 3328 5632 Cor.

2211 5648 2319 5714 (82)
2348 5650 2673 5718 Εὺμειέοῦς.
2703 5648 2849 5701 Alter
2878 5650 3047 5718 coch
3079 5649 3340 5718 εὐμενῶς.
3370 5650 3466 5706 CL.

2211 5719 2320 5791 (85)
2343 5716 2477 5774 Οὐκ.
2508 5717 2742 5788 Uterque
2770 5716 3058 5775 cod.Viud.
3091 5716 3190 5773 οὔκ
3219 5717 3301 5786 ἄν,
3323 5737 3431 5775 non
3457 5721 3612 5775 male.
3635 5717 3710 5775 lu.
