4080 6260
360 279 467 337 6‘37

1224 272 1281 330 S.
1315 269 1711 330 CLEMENTIS
1741 272 1764 329 Ι
1796 269 1963 328 ROM.
2000 269 2201 326 PON'I.
2235 266 2468 325 UPEBA
2500 271 2719 328 υυΒιΔ.

352 399 499 452 tione
525 394 711 451 delicti
743 392 1027 451 definitum
1073 408 1393 463 segregare;
1430 400 1620 462 postea
1664 391 1937 462 pmnitcn-

2042 389 2211 462 ρίζειν
2265 389 2456 461 χρόνον
2503 390 2809 463 ὡρισμένον
2852 390 2996 445 κατὰ
3035 391 3137 465 τὴν
3189 391 3480 461 ἀναλογίαν
3526 397 3623 451 τοῦ

351 500 433 545 tes
456 488 760 559 suscipere,
791 495 1052 564 tanquam
1082 492 1268 557 patres
1306 483 1471 540 ﬁlios.

930 683 1163 747 CAPUT
1199 681 1367 746 XVII.

353 781 670 852 Episcopum
699 778 883 841 debere
909 796 1022 833 esse
1051 775 1584 859 irreprehemibilem,
1614 782 1791 841 utpote
1820 774 1934 844 for.-

870 866 1014 904 mam
1044 856 1423 918 subjectorum.

425 942 485 1000 Si
512 957 645 999 vero
679 941 1108 1014 episcopusipse
1134 939 1266 1011 quid
1297 936 1604 1000 ofienderit,
1635 950 1746 1006 quo
1772 935 1935 991 modo

353 1036 534 1093 adhuc
575 1035 799 1091 audebit
847 1034 903 1088 in
956 1033 1186 1088 alterius
1234 1030 1443 1086 crimen
1489 1029 1797 1099 inquirere,
1840 1036 1937 1083 aut

354 1128 592 1200 aliquem
624 1127 943 1198 increpare,
989 1124 1037 1181 si
1075 1132 1168 1179 aut
1202 1124 1339 1193 ipse,
1366 1128 1461 1176 aut
1504 1120 1719 1176 diaconi
1750 1121 1807 1176 in
1841 1136 1933 1176 ac-

353 1221 605 1292 ceptione
632 1232 881 1291 persona:
909 1218 996 1273 vel
1030 1216 1299 1281 muneris,
1325 1214 1720 1270 conscientiam
1749 1229 1938 1269 sense-

353 1318 465 1383 rint
492 1313 929 1371 accusatricem?
951 1310 1185 1378 Quando
1216 1309 1361 1363 enim
1391 1306 1745 1377 magistratus
1776 1307 1933 1377 petit,

354 1418 410 1466 et
443 1410 613 1479 judex
649 1408 871 1478 accipit,
895 1405 1164 1477 judicium
1192 1418 1302 1457 non
1338 1400 1626 1456 deducitur
1660 1399 1727 1453 ad
1753 1398 1932 1454 ﬁnem.

360 1521 380 1556 ι
407 1501 712 1572 Participes
750 1518 768 1552 ι
799 1506 981 1554 autem
1018 1516 1036 1548 ι
1068 1494 1273 1561 furum,
1317 1502 1370 1549 et
1397 1492 1609 1562 judicio
1650 1492 1934 1546 viduarum

356 1610 466 1653 non
497 1594 845 1649 attendentes
870 1590 915 1622 ”
950 1609 969 1643 ι
1004 1589 1098 1659 qui
1130 1588 1235 1643 sub
1270 1586 1533 1657 episcopo
1564 1592 1713 1649 sunt,
1743 1585 1793 1640 ei
1826 1600 1934 1638 non

357 1694 613 1759 poterunt
645 1687 702 1740 in
743 1682 1125 1757 Oppugnandis
1173 1680 1322 1734 vitiis
1370 1677 1652 1743 auxiliari;
1696 1692 1821 1731 nam
1854 1675 1937 1730 di-

2038 483 2255 554 ἀμαρτή
2264 499 2449 553 ματος,
2470 482 2660 536 ἔπειτα
2680 482 3070 554 μετανοοῦντας
3089 484 3623 555 προσλαμβάνεσθαι,

2038 574 2114 639 ὡς
2143 575 2380 647 πατέρες
2408 573 2559 639 υἱούς
2587 574 2720 646 (84).
3396 583 3403 590 ’

2558 688 2955 742 ΚΕΦΑΛΑῘΟΝ
2992 690 3090 745 IZ'.

2039 780 2168 835 Ὀτι
2211 779 2628 859 ἀνεπίληπτον
2672 781 2823 859 εἶξαι
2848 780 2984 859 ,χρὴ
3022 781 3130 859 τὸν
3156 781 3515 851 ἐπίσκοπον,
3542 786 3626 856 ὡς

2460 851 2655 905 τύπον
2680 851 2800 903 τῶν
2827 852 3195 921 ἀρχομένων.

2111 942 2176 997 Ei
2202 942 2261 997 δὲ
2287 944 2317 997 6
2346 942 2646 1006 ἐπίσκοπος
2672 942 2834 1006 αὑτὸς
2861 944 2920 995 ὲν
2952 944 3336 1017 προσκόμματι
3364 947 3620 1020 ὑπάρχει,

2036 1033 2155 1097 πῶς
2184 1034 2265 1089 ἔτι
2305 1033 2584 1099 ἐπεξέλθοι
2604 1032 2900 1106 ὲκζητῆσαι
2930 1035 3175 1107 ἀδίκημά
3200 1054 3364 1101 τινος,
3394 1040 3425 1111 ἢ
3457 1041 3625 1097 ἐπιτι-

2041 1128 2209 1200 μῆσαί
2222 1144 2351 1191 τινι,
2368 1127 2457 1181 διά
2472 1127 2954 1200 προσωποληψίαν,
2976 1128 3113 1199 ἣδιά
3126 1130 3463 1203 δωροληψίαν
3484 1132 3617 1205 (85),

2036 1218 2071 1291 ἢ
2117 1218 2304 1283 αὐτὸς,
2352 1219 2386 1290 ἦ
2418 1220 2466 1272 οἱ
2504 1220 2761 1284 διάκονοι,
2806 1221 2905 1291 οὐχ
2938 1220 3274 1293 ὑπάρχοντες
3313 1224 3621 1297 εὑσυνείδη-

2035 1326 2153 1377 τοι;
2186 1311 2313 1365 ὅταν
2340 1310 2449 1393 γὰρ
2476 1314 2504 1364 6
2532 1312 2715 1383 ἅρχων
2764 1314 2911 1383 αἰτῇ,
2947 1313 3040 1366 καὶ
3066 1315 3094 1366 6
3127 1314 3318 1385 κριτὴς
3345 1315 3618 1399 λαμϐάνῃ,

2037 1402 2131 1455 καὶ
2158 1402 2219 1455 οὑ
2245 1400 2547 1472 διεξάγεται
2576 1406 2655 1467 είς
2683 1403 2832 1466 τέλος
2856 1404 3053 1476 κρίσις.
3092 1424 3111 1455 ι
3139 1406 3398 1460 Κοινωνοὶ
3425 1407 3480 1461 δὲ
3498 1409 3623 1461 κλε-

2039 1494 2189 1549 πτῶν
2216 1496 2312 1549 καὶ
2339 1496 2518 1565 κρίσει
2560 1496 2746 1568 χηρῶν
2792 1498 2853 1549 οὑ
2893 1496 3273 1569 προσέχοντες,
3313 1518 3332 1551 ι
3368 1501 3430 1553 οὑ
3462 1500 3619 1572 δυνή-

2040 1603 2219 1641 σονται
2247 1588 2297 1641 οἱ
2345 1587 2450 1640 ὑπὸ
2478 1588 2569 1641 τὸν
2614 1589 2910 1642 ἐπίσκοπον
2956 1594 3342 1661 συνεπιμαχεῖν
3384 1591 3462 1663 τῷ
3502 1593 3621 1645 ἐπιο

2043 1680 2250 1750 σκόπῳο
2306 1680 2493 1753 ἐροῦσι
2525 1680 2634 1754 γὰρ
2677 1682 2826 1754 αὑτῷ
2870 1682 2932 1736 τὸ
2963 1685 3021 1737 ὲν
3060 1683 3138 1755 τῷ
3179 1684 3493 1756 Εὑαγγελίῳ
3528 1702 3619 1754 γερ

355 1791 481 1835 cent
535 1779 796 1851 episcopo
843 1774 987 1846 quod
1041 1774 1096 1828 in
1141 1771 1435 1842 Evangelio
1482 1769 1747 1840 scriptum
1792 1774 1877 1823 est
1919 1786 1933 1822 :

2042 1773 2377 1844 γραμμένον·
2417 1794 2435 1826 ι
2474 1775 2539 1827 Τί
2571 1774 2785 1845 βλέπεις
2812 1775 2873 1828 τὸ
2904 1774 3113 1847 κάρφος
3140 1774 3201 1827 τὸ
3229 1776 3287 1828 ὲν
3315 1775 3393 1846 τῷ
3422 1774 3619 1844 ὀφθαλ-

360 1889 381 1924 ι
418 1870 559 1938 Quid
605 1870 760 1925 vides
805 1867 1068 1931 festucam
1117 1864 1173 1918 in
1213 1864 1373 1919 oculo
1428 1861 1614 1915 fratris
1658 1864 1762 1925 tui,
1824 1868 1935 1914 tra—

357 1963 479 2019 bent
535 1971 715 2017 autem
772 1976 892 2031 qua:
932 1959 986 2013 in
1017 1958 1177 2013 oculo
1217 1964 1312 2011 tuo
1368 1964 1482 2023 est,
1523 1970 1631 2008 non
1680 1952 1937 2009 conside-

356 2070 449 2111 ras
523 2052 640 2106 ⁸⁸⁸2»
688 2052 957 2109 Vereatur
1009 2066 1139 2123 ergo
1179 2049 1470 2129 episcopus
1511 2062 1637 2101 cum
1688 2044 1936 2102 diaconis

355 2150 495 2216 suis,
531 2156 590 2205 ut
618 2147 841 2220 aliquod
872 2146 1143 2217 ejusmodi
1176 2130 1404 2199 verbum
1427 2141 1614 2195 audiat
1641 2160 1654 2195 :
1686 2147 1790 2195 hoc
1826 2146 1932 2205 est,

355 2259 463 2313 non
497 2243 732 2315 praebeat
762 2238 1135 2296 occasionem.
1170 2234 1452 2306 Siquidem
1488 2240 1777 2303 peccator,
1809 2249 1935 2288 cum

349 2336 552 2399 viderit
568 2336 802 2406 aliquem
826 2333 931 2389 sibi
952 2330 1209 2402 0pcribus
1231 2328 1488 2392 similem,
1507 2326 1574 2380 ad
1604 2324 1789 2381 eadem
1812 2341 1937 2397 per-

355 2428 622 2500 petranda
667 2411 1114 2491 conﬁrmabitur;
1164 2424 1240 2478 ita
1298 2420 1582 2492 improbus
1620 2434 1719 2490 per
1764 2436 1933 2474 unum

354 2504 630 2587 hominem
664 2526 883 2589 sumpto
915 2525 1198 2588 praetextu,
1232 2516 1287 2570 in
1319 2502 1456 2569 alios
1478 2522 1765 2583 operatur;
1789 2512 1934 2582 quod

356 2614 538 2679 absit!
597 2614 788 2683 sicque
840 2617 1183 2682 pervertetur
1236 2608 1410 2675 ovile;
1478 2592 1532 2660 et
1589 2620 1697 2676 quo
1751 2607 1936 2676 plures

356 2714 520 2769 erunt
575 2704 978 2775 delinquentes,
1043 2717 1109 2757 co
1164 2701 1336 2771 magis
1400 2699 1599 2754 existet
1646 2713 1744 2768 per
1789 2698 1938 2767 ipsos

355 2801 653 2863 commissa
680 2797 944 2868 nequitia.
975 2797 1020 2827 "
1075 2793 1339 2849 Delictum
1372 2793 1572 2863 quippe
1602 2806 1713 2845 non
1751 2806 1938 2860 repre-

357 2890 611 2955 hensum,
664 2891 847 2969 seipso
878 2889 1124 2945 deterius
1156 2886 1235 2952 fit,
1286 2894 1340 2941 et
1366 2885 1424 2941 in
1461 2892 1690 2940 caeteros
1720 2900 1938 2955 grassa-

356 2991 478 3053 tur;
510 2983 768 3065 quoniam
798 3001 816 3035 ι
845 2981 1121 3036 modicum
1141 2978 1469 3035 fermentum
1499 2985 1668 3031 totam
1698 2991 1937 3031 massam

2043 1864 2129 1935 μῷ
2172 1863 2266 1918 τοῦ
2298 1865 2528 1935 ἀδελφοῦ
2576 1883 2693 1931 σου,
2740 1868 2841 1940 τὴν
2876 1868 2934 1921 δὲ
2969 1868 3124 1921 δοκὸν
3165 1869 3265 1940 τὴν
3293 1870 3351 1922 ὲν
3380 1871 3459 1941 τῷ
3504 1871 3617 1940 ἰδίῳ

2040 1955 2307 2029 ὀφθαλμῷ
2346 1959 2405 2011 οὑ
2438 1961 2753 2025 κατανοεῖς;
2793 1978 2812 2010 ι
2845 1960 3191 2013 Εὑλαϐείσθω
3222 1957 3314 2014 οὖν
3345 1964 3373 2014 6
3402 1963 3619 2016 ἐπίσκο-

2038 2065 2159 2113 πος,
2194 2051 2290 2102 σὺν
2308 2053 2421 2114 τοῖς
2439 2051 2706 2114 διακόνοις
2727 2050 2913 2115 αὑτοῦ,
2936 2052 3166 2106 ἀκοῦσαι
3199 2053 3350 2124 ῥῆμά
3372 2072 3423 2106 τι
3442 2054 3617 2107 τοιοῦ-

2035 2160 2148 2196 τονο
2202 2143 2466 2208 τουτέστι,
2517 2144 2591 2216 μὴ
2634 2144 2822 2197 διδότω
2859 2144 3133 2216 ἀφορμήν.
3190 2146 3250 2198 Ὁ
3292 2144 3400 2217 γὰρ
3443 2147 3621 2218 ἀμαρ-

2035 2235 2215 2289 τάνων
2245 2235 2385 2289 ἐπὰν
2415 2236 2501 2309 ἴδῃ
2545 2235 2669 2289 τινὰ
2694 2236 2856 2307 ὅμοια
2897 2236 3045 2308 αὑτῷ
3073 2234 3306 2308 δρῶντα,
3337 2238 3620 2310 οἰκοδομη-

2037 2328 2257 2401 θήσεται
2278 2331 2358 2393 είς
2385 2328 2528 2382 τὸτὰ
2557 2328 2695 2383 αὑτὰ
2723 2331 2913 2381 ποιεῖν·
2945 2323 3065 2381 εἶτα
3091 2330 3119 2380 6
3149 2329 3380 2399 πονηρὸς
3408 2330 3473 2383 δι’
3499 2330 3618 2395 ἑνὸς

2037 2421 2287 2493 ἀφορμὴν
2302 2420 2500 2484 λαϐὼν,
2532 2423 2611 2485 είς
2630 2421 2849 2492 ἐτέρους
2868 2421 3095 2492 ἐνεργεῖ·
3115 2420 3144 2473 ὃ
3163 2421 3235 2493 μὴ
3257 2422 3461 2490 γένοιτο
3482 2423 3613 2494 (86)⁶

2036 2515 2131 2568 καὶ
2161 2514 2332 2577 οὑτως
2360 2514 2816 2584 διαστραφήσεται
2845 2513 2906 2565 τὸ
2930 2512 3178 2584 ποίμνιον
3197 2531 3210 2551 ν
3239 2512 3493 2568 πλειόνων
3508 2514 3617 2586 γὰρ

2035 2607 2205 2660 ὄντων
2219 2606 2324 2659 τῶν
2342 2606 2781 2676 ἁμαρτανόντων,
2806 2604 3003 2658 πλείων
3019 2604 3172 2658 ἔσται
3191 2606 3330 2676 καὶὴ
3354 2606 3418 2659 δι“
3437 2606 3615 2660 αὑτῶν

2037 2697 2428 2769 ἐπιτελουμένη
2445 2698 2630 2751 κακία.
2648 2697 2916 2769 Ἀμαρτία
2925 2695 3035 2768 γὰρ
3045 2697 3499 2769 άνέλεγκτος(87),
3514 2699 3619 2769 χεξο

2039 2808 2147 2863 ρων
2176 2791 2375 2861 ἑαυτῆς
2405 2790 2634 2858 γίνεται,
2652 2790 2747 2842 καὶ
2776 2791 2855 2852 είς
2869 2790 3062 2852 ἄλλους
3080 2788 3191 2861 (88)
3225 2790 3324 2862 τὴν
3360 2790 3618 2861 διανομὴν

2036 2881 2301 2953 λαμϐάνει
2332 2881 2465 2953 (89),
2496 2882 2620 2934 ἐπεὶ
2648 2882 2741 2934 καὶ
2775 2900 2795 2932 ι
2832 2880 2977 2953 ζύμη
3012 2882 3188 2954 μικρά
3216 2881 3492 2954 πλήρωμα
3528 2901 3621 2951 φυ-

2041 2974 2283 3046 ράματος
2307 2974 2498 3027 δολοῖ¹⁷
2521 2972 2654 3045 (90),
2683 2992 2702 3024 ι
2736 2974 2832 3027 καὶ
2861 2967 2941 3037 εἷς
2970 2973 3209 3045 κλέπτης
3231 2976 3310 3037 είς
3322 2975 3442 3028 ὅλον
3471 2974 3620 3037 ἔθνος

356 3064 663 3147 corrumpit
685 3075 765 3143 ’°;
805 3092 826 3128 ι
876 3081 930 3130 et
979 3072 1069 3127 fur
1114 3088 1257 3126 unus
1305 3071 1613 3135 universam
1660 3070 1937 3124 nationem

2042 3066 2100 3119 τὸ
2119 3067 2285 3138 μύσος
2304 3064 2414 3137 (91)
2434 3066 2701 3137 ἐπήγαγε,
2728 3084 2746 3117 ‹
2767 3066 2860 3121 καὶ⁹
2880 3067 3032 3137 μυῖαι
3054 3064 3308 3121 θανοῦσαι
3332 3065 3620 3137 σαπριοῦσι

358 3167 620 3235 infamat;
651 3171 707 3221 et
732 3183 751 3217 ι
793 3180 995 3221 musca:
1041 3172 1271 3226 mortuae
1310 3160 1681 3232 putrefaciunt
1712 3174 1937 3231 compo-

2044 3159 2335 3213 σκευασίαν
2368 3157 2672 3230 ἡδύσματος
2692 3158 2895 3224 ἐλαίου,
2926 3160 3021 3213 καὶ
3042 3158 3303 3239 βασιλέως
3324 3158 3621 3213 ὑπακούον-

357 3259 611 3327 sitionem
661 3257 925 3327 unguenti
972 3254 1257 3309 aromatici
1296 3254 1377 3321 ἐς
1412 3268 1652 3324 cumque
1683 3269 1779 3309 rex
1819 3268 1938 3309 ser-

359 3350 509 3407 moni
554 3332 767 3419 iniquo.
791 3362 978 3403 aurem
1009 3347 1229 3418 prabet,
1267 3361 1459 3402 omnes
1508 3346 1657 3403 illius
1698 3346 1938 3402 ministri

361 3442 535 3523 iniqui
561 3424 691 3507 sunt
713 3441 794 3511 ";
837 3459 856 3494 ι
892 3441 973 3495 sic
1003 3440 1123 3504 ovis
1157 3439 1435 3505 scabiosa,
1468 3439 1579 3505 nisi
1607 3455 1638 3494 a
1669 3440 1821 3495 sanis
1850 3454 1939 3495 se-

360 3542 606 3607 paretur,
655 3533 905 3588 morbum
939 3548 1098 3589 suum
1130 3547 1255 3589 cum
1302 3530 1411 3587 illis
1441 3533 1840 3600 communicat;
1882 3540 1938 3589 et

355 3627 526 3687 homo
570 3634 723 3698 peste
762 3625 1042 3691 laborans,
1066 3624 1317 3698 pluribus
1354 3622 1718 3679 formidabilis
1748 3630 1862 3692 est;
1884 3632 1939 3679 et

360 3720 518 3788 canis
550 3720 701 3787 rabie
729 3734 1040 3792 possessus,
1071 3718 1330 3773 omnibus
1361 3731 1503 3789 quos
1535 3717 1777 3787 attigerit
1802 3718 1942 3788 peri-

361 3812 549 3877 culum
580 3817 750 3877 creat.
785 3809 843 3871 Si
874 3826 1005 3883 ergo
1039 3809 1318 3876 hominem
1369 3822 1603 3878 nequam
1653 3808 1721 3863 ab
1753 3806 1939 3863 Eccle-

363 3904 446 3959 sia
474 3902 570 3963 Dci
604 3920 712 3958 non
742 3917 1081 3974 separemus,
1113 3917 1180 3969 ex
1211 3901 1375 3956 domo
1400 3890 1493 3955 Dei
1526 3899 1792 3967 faciemus
1815 3915 1941 3970 spe-

362 3994 580 4063 luncam
628 3979 921 4063 latronum.
950 3995 991 4034 ³¹
1039 3993 1159 4057 Non
1188 3993 1332 4049 enim
1366 3998 1579 4062 oportet
1615 3999 1937 4062 peccatores

358 4100 359 4103 “
436 4108 482 4140 ’³
510 4106 615 4165 lsa.
654 4124 694 4173 ι,
726 4107 819 4163 25.

890 4108 936 4139 ’⁸
958 4106 1094 4161 Luc.
1119 4123 1194 4173 vr,
1222 4106 1312 4162 4|.
1390 4105 1435 4136 ’⁵
1466 4104 1632 4159 Citat.
1686 4105 2036 4170 Anastasius,

364 4178 412 4224 ξι
454 4176 632 4235 Eccle.
656 4195 714 4245 ι,
753 4180 806 4247 1,
883 4180 928 4211 ”
960 4178 1121 4245 Prov.
1170 4192 1322 4241 xxix,
1358 4175 1439 4243 12.
1523 4175 1567 4205 ³⁰
1606 4174 1796 4233 Anast.
1835 4174 2156 4247 φυλακτέος.

2040 3271 2132 3318 τος
2158 3253 2314 3322 λόγον
2341 3251 2545 3317 ἄδικον,
2594 3251 2795 3315 πάντες
2821 3252 2869 3304 οἱ
2900 3251 2995 3305 ὑπ’
3022 3250 3183 3306 αὑτὸν
3213 3251 3479 3322 ὑπηρέται
3514 3268 3621 3305 πα·-

2046 3346 2290 3419 ράνομοι·
2326 3364 2345 3397 ι
2366 3343 2508 3398 οὑτω
2543 3345 2638 3399 καὶ
2666 3344 2939 3417 πρόϐατον
2970 3343 3249 3415 ψωραλέον
3270 3344 3619 3415 μεταδίδωσιν

2044 3422 2251 3513 ἑτέροις
2276 3438 2377 3511 τῆς
2403 3438 2582 3503 νόσου,
2612 3437 2686 3509 μὴ
2714 3436 2979 3509 χωρισθὲν
3005 3435 3113 3489 τῶν
3141 3436 3387 3505 ὑγιεινῶν
3415 3435 3623 3508 προϐά-

2043 3549 2171 3597 των,
2192 3532 2285 3586 καὶ
2311 3530 2406 3586 ἄνθ
2415 3547 2596 3603 ρωπος
2621 3528 2939 3601 λοιμώσσων
2966 3528 3181 3591 πολλοῖς
3207 3527 3531 3598 φυλακταῖος
3551 3529 3619 3593 ³⁸³,

2045 3626 2139 3680 καὶ
2184 3625 2329 3679 κὺων
2365 3624 2538 3696 λύσσῃ
2577 3620 2860 3693 συσχεθεὶς
2896 3622 3236 3684 ἐπικίνδυνος
3272 3621 3464 3683 παντὶ,
3504 3616 3549 3689 ᾧ
3575 3619 3619 3674 δ’

2041 3718 2107 3773 ἂν
2124 3716 2514 3792 προσάψῃωὲ).
2533 3715 2657 3769 Ἐὰν
2671 3711 2763 3768 οὖν
2779 3716 2874 3768 καὶ
2884 3713 3169 3786 ἄνθρωπον
3184 3712 3291 3786 (95)
3308 3713 3621 3787 παράνομον

2045 3806 2228 3882 μὴ’τῆς
2255 3809 2451 3881 Ἐκκλη
2459 3809 2576 3870 σίας
2587 3806 2681 3860 τοῦ
2694 3805 2827 3860 Θεοῦ
2841 3806 2978 3879 χωρί
2985 3822 3060 3858 σω
3067 3824 3187 3877 μεν,
3216 3800 3513 3879 ποιήσομεν
3530 3808 3620 3860 τὸν

2040 3887 2189 3956 οἷκον
2217 3899 2973 3975 Κυρίουσπήλαιονλῃστῶν.
3003 3900 3094 3952 Δεῖ
3118 3899 3228 3972 γάρ
3257 3901 3350 3954 ἐπὶ
3379 3901 3486 3973 (94)
3513 3900 3621 3961 τῶν

2047 3994 2463 4067 ἁμαρτανόντων
2497 3995 2571 4066 μὴ
2604 3993 2985 4065 παρασιωπᾷν,
3016 3991 3128 4045 ἀλλ’
3150 3992 3411 4064 ἐλέγχειν,
3440 3992 3618 4046 νουθεο

2086 4119 2279 4178 quaest.
2312 4108 2402 4173 60,
2478 4109 2525 4140 “
2551 4106 2669 4162 Gal.
2699 4124 2763 4169 v,
2804 4107 2861 4164 9.
2952 4107 2997 4138 "
3020 4107 3076 4162 in
3130 4106 3424 4164 Anastasio
3460 4107 3634 4178 ζυμοῖ.

2231 4180 2275 4211 ³³
2300 4179 2488 4236 Matth.
2537 4195 2651 4246 ιιι,
2679 4178 2766 4232 15.

1680 4311 2047 4370 VARIORUM
2080 4314 2313 4372 ΝΟΤΑΞ.

438 4428 548 4502 (84)
588 4431 685 4496 Ὠς
714 4429 963 4506 πατέρες
993 4428 1181 4493 υἱούς.
1226 4425 1311 4491 Al.
1363 4424 1627 4506 πατέρας.
1649 4426 1938 4506 ﬂori-igere

2050 4430 2348 4495 Anastasii,
2392 4430 2577 4506 verba.
2611 4445 2734 4506 qua;
2774 4444 2805 4483 a
2834 4429 3078 4501 margine
3117 4430 3173 4484 in
3204 4435 3410 4506 textum
3443 4426 3618 4506 irrepo:

367 4496 549 4558 autem
578 4508 792 4570 oportet
822 4496 985 4555 etiam
1027 4513 1094 4553 ex
1122 4512 1355 4570 mssaac
1375 4513 1443 4570 ex
1470 4496 1703 4570 Niconis;
1722 4496 1944 4570 ἀνεκδό-

365 4590 480 4639 τοις
500 4568 860 4634 Collectaneis
881 4583 1047 4634 serm.
1076 4568 1168 4639 51,
1193 4568 1386 4621 vitium
1410 4568 1661 4639 lectionis
1694 4568 1750 4623 in
1772 4568 1945 4621 Anas-

369 4635 601 4699 tasianis
637 4640 1055 4711 quaestionibus,
1106 4635 1295 4711 ὥσπερ
1342 4638 1514 4703 υἱούς,
1556 4638 1645 4703 cui
1674 4640 1944 4709 originem

377 4713 530 4779 dedit
559 4707 875 4776 abbreviata
904 4711 1197 4779 scriptura.
1223 4707 1360 4779 Cor.

440 4782 551 4857 (85)
586 4783 660 4857 “_H
677 4778 1205 4857 διὰρωροληψίαν.
1225 4778 1583 4857 _Exciderunt
1607 4779 1723 4857 haec
1753 4795 1827 4857 ex_
1859 4778 1941 4857 al-

369 4848 488 4919 ter'o
525 4848 672 4917 cod.,
704 4852 831 4922 quia
864 4852 970 4922 vox
1012 4848 1343 4922 antecedens
1372 4851 1560 4922 eodem
1592 4850 1771 4922 modo?
1798 4849 1946 4903 desi-

370 4927 471 4986 nit.
503 4939 623 4994 qua:
651 4919 741 4978 res
771 4921 1098 4994 emissiones
1129 4919 1441 4989 frequentes
1472 4921 1526 4975 in
1568 4921 1811 4991 antiquis
1851 4935 1946 4974 co-

368 4987 587 5062 dicibus
612 4993 836 5065 peperit.
862 4987 1121 5065 Cncn.___
1381 5062 1391 5065 _
1465 5062 1476 5065 _
1546 5061 1567 5065 Δ
1652 4987 1717 5065 ,τ

579 5060 956 5149 ﬂii-fervire.
988 5061 1161 5149 Addit
1189 5062 1427 5149 auersis
1652 5060 1727 5149 lp.

462 5078 530 5120 86
579 5078 676 5133 Μη
707 5078 956 5149 γενοιτο.
988 5078 1153 5115 Λααιι
1189 5078 1325 5115 διιεῖ
1349 5078 1427 5121 εις
1456 5078 1485 5112 υ
1654 5078 1727 5115 ID.

462 5078 566 5259 87)l
596 5136 997 5203 Ἀνελεγκτος.
1046 5131 1291 5203 Uterque
1318 5130 1441 5186 cod.
1473 5078 1636 5188 \iJind.
1664 5129 1945 5207 ἀνεξέλεγ-

462 5224 515 5259 ις.
571 5222 624 5259 ι).

370 5222 515 5269 κτος.
547 5222 624 5260 ID.

465 5278 555 5350 88)
588 5277 870 5350 Ἄλλους.
904 5272 1066 5350 Alter
1081 5272 1415 5350 ᾀλλήᾴους.
1431 5273 1525 5350 _ID.

582 5340 878 5428 Διακομῆν
906 5344 1214 5415 λαμϐάνει.
1238 5344 1396 5426 .Alter
1420 5343 1455 5466 Ἴ
1481 5341 1619 5424 νομὴ
1647 5340 1826 5413 ἕρπει,
1853 5340 1946 5395 de-

465 5428 545 5466 :tm
579 5426 758 5466 serpit.
791 5416 945 5466 Νοιιή
976 5426 1057 5466 est
1083 5416 1284 5466 ulceris
1313 5430 1432 5466 vnru
1457 5422 1626 5466 entia.
1658 5427 1764 5466 oua
1798 5411 1856 5465 fit
1886 5420 1944 5465 ut

374 5411 545 5487 pastio
579 5411 766 5486 serpit:
791 5411 946 5487 Νομή
976 5411 1057 5472 est
1083 5414 1284 5471 ulceris
1313 5411 1626 5487 virulentia',
1658 5411 1764 5482 qua
1798 5411 1856 5465 fit
1886 5420 1944 5465 ut

375 5484 701 5557 deposcatur
726 5484 956 5557 vicinam
1006 5501 1249 5557 carnem,
1283 5484 1552 5557 serpendo
1598 5497 1943 5557 quaquaver-

376 5552 497 5620 sus,
542 5558 649 5611 ἀπὸ
677 5557 771 5610 τοῦ
800 5556 1081 5626 νέμεσθαι
1112 5556 1343 5625 depasci.
1372 5552 1556 5624 Itaque
1586 5552 1665 5617 εἰς
1684 5552 1945 5626 ἀλλήλους

376 5628 514 5708 νομὴ
540 5628 698 5710 ἕρπει
726 5636 831 5708 est,
866 5623 1008 5708 pirus
1050 5623 1208 5748 εενρίι
1233 5623 1493 5688 vicissim,-
1524 5626 1627 5680 hoc
1655 5632 1763 5691 cst,
1807 5623 1945 5689 alios

378 5699 470 5751 alii
501 5699 650 5751 vitiis
680 5714 796 5751 suis
828 5698 1098 5751 inficumt.
1153 5713 1206 5751 ι).

378 5712 470 5755 am
501 5712 650 5751 VllllS
680 5714 796 5753 SU|S
828 5712 1098 5751 Inncumt.
1133 5712 1206 5751 ID.

448 5770 558 5840 (90)
607 5768 901 5837 Πλήρωμα
930 5765 1273 5837 φυράματος
1316 5766 1503 5823 δολοῖ.
1536 5764 1688 5822 Tolle
1718 5780 1749 5821 c
1787 5763 1943 5827 libris

2052 4516 2194 4565 sere,
2220 4516 2448 4570 quaeque
2476 4496 2644 4570 etiam
2670 4502 2870 4555 absunt
2895 4515 2925 4553 a
2949 4496 3087 4555 mss:
3110 4509 3344 4570 suntque
3368 4496 3616 4570 Apostoli

2049 4571 2069 4624 Ι
2100 4567 2309 4634 (Ιοι-Ῐν,
2334 4567 2388 4635 6,
2413 4580 2465 4625 et
2488 4568 2607 4625 Gal.
2641 4588 2694 4631 v,
2721 4571 2769 4631 9,
2804 4570 2923 4623 ὅλον
2949 4570 3010 4623 τὸ
3029 4567 3459 4640 φύραμαίζυμοῖ.
3492 4567 3615 4622 Pari

2049 4642 2212 4703 modo
2244 4642 2404 4696 iidem
2428 4641 2645 4709 codices
2660 4640 2808 4706 Regii
2833 4648 3019 4709 postea
3042 4638 3241 4695 melius
3268 4638 3491 4700 habent,
3517 4657 3620 4709 χω-

2050 4711 2253 4783 ρισθὲν,
2290 4717 2359 4783 rut
2414 4707 2854 4783 ponatitutionesl
2901 4709 3001 4775 Qui
3046 4719 3225 4763 autem
3273 4707 3617 4783 sequiturin

2046 4780 2361 4837 Anastasio.
2409 4780 2717 4835 Salomonis
2759 4784 2934 4841 locus,
2971 4796 3034 4832 ex
3072 4788 3223 4848 parte
3247 4781 3450 4848 petitus
3476 4786 3561 4834 est
3588 4795 3620 4833 ο

2042 4850 2489 4915 Constitutionum
2541 4852 2633 4905 lib.
2668 4866 2727 4911 ιι,
2767 4865 2889 4920 cap.
2917 4852 2969 4904 9.
3000 4849 3229 4918 Reliqua
3263 4865 3392 4920 vero
3435 4850 3619 4905 omnia

2048 4926 2440 4983 Anastasiana,
2498 4938 2605 4975 non
2661 4918 2850 4975 inveni
2903 4921 2955 4973 in
3008 4921 3217 4975 nostris
3272 4918 3613 4975 Diataxibus.

2046 4992 2185 5047 Co'r.
2210 5024 2279 5032 —
2294 4990 2350 5046 In
2369 4994 2538 5046 altero
2552 4992 2674 5046 cod.
2694 4990 3001 5045 Vindobon.
3020 4991 3216 5060 legitur
3244 4990 3424 5062 πλήρη
3448 4991 3620 5063 φυρά-

2049 5072 2354 5133 ματα,“ιιοιι
2386 5064 2544 5129 male.
2577 5062 2745 5133 CLER.

2118 5134 2227 5208 (91)
2264 5134 2332 5186 Τὸ
2359 5128 2576 5208 μύσοςἶ
2622 5132 2786 5208 Addit
2834 5132 2970 5208 alter
3016 5127 3475 5208 arandixtherte
3503 5150 3515 5185 :
3554 5130 3620 5184 1η

2048 5201 2216 5258 ιοιὶιηι
2243 5213 2444 5273 gentem
2472 5203 2638 5256 scelus
2666 5202 2903 5263 inducit;
2936 5205 3038 5256 hoc
3066 5214 3171 5267 est,
3207 5217 3327 5257 eam
3356 5201 3425 5255 ad
3464 5202 3622 5255 Iatro-

2048 5276 2343 5329 cinandum
2375 5274 2624 5341 exemplo
2654 5273 2878 5340 pellicit.
2911 5273 2987 5326 In.
3524 5296 3525 5299 η

2120 5344 2229 5417 (92)
2252 5342 2564 5417 Προσᾴψῃ.
2598 5342 2746 5395 Alter
2776 5341 3129 5417 Ilpoddrqrqu
3148 5342 3224 5417 In.

2118 5411 2227 5489 (95)
2264 5413 2748 5489 Καὶμᾶνᾷρωπον.
2771 5411 3066 5489 ῄΑΙιθιχκαὶ
3108 5412 3265 5489 ἡμεῖς
3300 5411 3620 5489 ἄνθρωπον,

2047 5480 2139 5538 nos
2163 5480 2361 5556 quoque
2382 5483 2639 5535 hominem
2664 5488 2728 5533 ab
2760 5480 3023 5544 Ecclesia,
3055 5480 3161 5536 etc.
3193 5481 3349 5547 Quod
3372 5480 3479 5535 non
3507 5486 3591 5534 dis

2088 5555 2232 5609 licet.
2270 5555 2345 5607 In.
3530 5564 3531 5567 ‘

2048 5570 2232 5748 vi???)
2436 5620 2716 5684 Omittitur
2744 5638 2798 5685 in
2826 5622 3022 5687 altero,
3054 5636 3357 5703 perperam.
3392 5621 3510 5681 Ἐπί
3528 5620 3607 5677 bit

2048 5709 2105 5748 es
2164 5711 2305 5748 eraa.
2362 5709 2414 5748 ι).

2047 5704 2129 5751 est
2164 5711 2305 5773 erga.
2338 5698 2414 5759 In,
3162 5698 3165 5703 ‘
