4080 6260
424 334 530 391 629

1341 321 1936 383 CONSTITLT'I‘IONES
1974 320 2652 379 APOSTOLICE.—LIB.
2690 320 2754 373 Il.

3555 318 3662 377 030

416 449 549 509 τείν,
596 445 933 509 ύποπιέζειν,
980 441 1196 497 στιϐοὖν
1229 441 1530 510 νηστείαις,
1571 439 1719 501 ὅπως
1755 438 1848 491 καὶ
1885 438 1997 499 τοῖς

2108 435 2443 490 coiiiiiventia
2490 448 2555 487 ac
2628 431 2849 488 silentio
2908 430 3213 501 praeterire;
3255 431 3503 502 quinimo
3570 449 3661 487 ar-

418 540 629 610 ἑτέροις
656 537 938 594 εὐλάϐειαν
977 536 1269 607 ἐμποιήσῃ.
1304 553 1324 585 ι
1361 531 1618 594 Εύλαϐἐῖς
1652 529 1781 599 γὰρ,
1813 529 1995 600 φησιν,

418 632 684 702 ποιήσατε
709 632 836 693 τοὺς
862 631 1012 691 υἱοὺς
1052 626 1285 698 Ἰσραήλ.
1324 644 1343 677 ι
1377 625 1499 697 Χρὴ
1526 623 1636 695 γὰρ
1662 622 1753 675 τὸν
1779 621 1999 674 ἐπίσκο-

416 739 515 776 πον
547 725 644 778 καὶ
667 723 757 775 τὸν
787 720 1066 792 ἁμαρτιῶν
1096 718 1342 789 κωλυτὴν
1368 717 1457 771 διὰ
1484 717 1582 787 τῆς
1609 714 1889 777 νουθεσίας
1914 714 2000 780 γίο

423 817 631 881 θεσθαι,
670 816 767 870 καὶ
801 815 904 885 τῆς
947 810 1294 882 δικαιοσύνης
1332 808 1553 873 σκοπὸν,
1590 808 1682 861 καὶ
1720 806 1827 858 τῶν
1862 807 2000 875 ἡτοι-

425 909 721 982 μασμένων
758 907 865 960 ὑπὸ
899 902 1034 957 Θεοῦ
1076 902 1293 972 ἀγαθῶν
1332 902 1570 973 κήρυκα,
1611 898 1703 951 καὶ
1735 897 1834 967 τῆς
1875 895 2000 966 μελ-

422 1001 620 1071 λούσης
646 999 817 1071 ύργῆς
843 999 901 1050 ὲν
928 999 995 1067 τῇ
1025 995 1203 1066 κρίσει
1229 991 1603 1062 διαγγελτῆραο
1637 991 1783 1051 ὅπως
1808 991 1883 1059 μὴ
1909 1004 2001 1040 καο

2098 544 2283 599 guere,
2330 541 2575 588 monere,
2631 523 3012 594 comprimere,
3062 522 3288 592 jejuniis
3343 539 3662 595 macerare,

2098 638 2208 691 quo
2257 622 2439 677 caeteri
2470 622 2539 676 ad
2585 620 2691 676 sibi
2722 619 3022 674 cavendum
3061 619 3429 673 inducantur:
3471 638 3491 671 ι
3529 618 3669 675 Cau-

2097 719 2185 768 tos
2231 714 2399 778 enim,
2445 711 2643 782 inquit,
2692 711 2865 766 facite
2892 710 3034 767 ﬁlios
3082 711 3301 766 Israelis
3353 711 3448 762 "-r
3500 710 3667 768 Decet

2100 804 2301 875 quippe
2359 804 2680 876 episc0pum
2718 803 3041 859 delictorum
3097 802 3527 872 propulsatorem
3570 820 3666 873 per

2101 896 2523 952 admonitionem
2570 896 2728 961 ellici,
2755 896 2984 967 justitiae
3026 896 3446 966 speculatorem,
3491 895 3666 950 bono-

2099 1005 2222 1043 rum
2251 1005 2281 1044 a
2311 988 2421 1044 Deo
2466 998 2889 1059 praaparatorum
2920 1003 3246 1058 praeconem,
3277 998 3332 1042 et
3378 987 3575 1043 futura:
3609 991 3665 1043 in

420 1092 765 1164 ταφρονήσας
798 1090 898 1160 τῆς
940 1086 1036 1141 τοῦ
1086 1085 1219 1140 Θεοῦ
1264 1084 1613 1156 φυτουργίας,
1661 1079 1867 1151 ἀκούσῃ
1911 1078 2000 1133 διά

2108 1082 2303 1150 iudicio
2332 1082 2419 1135 ira'
2443 1080 2912 1147 denuntiatorem;
2953 1095 3021 1135 ne
3053 1087 3360 1149 contempta
3392 1078 3485 1134 Dei
3513 1081 3669 1149 plan.-

424 1183 705 1253 ἁμέλειαν,
733 1181 794 1235 τὸ
824 1182 883 1233 ὲν
910 1179 988 1251 τῷ
1029 1179 1185 1250 Ὠσηὲ
1214 1176 1524 1249 εἰρημένον·
1562 1194 1580 1226 ι
1610 1174 1725 1226 Ἵνα
1749 1173 1801 1225 τί
1832 1187 1999 1242 παρε-

424 1278 737 1349 σιωπήσατε
764 1274 1039 1339 ἀσέϐειαν,
1094 1273 1187 1327 καὶ
1211 1272 1303 1325 τὸν
1331 1269 1544 1341 καρπὸν
1571 1267 1740 1337 αὐτῆς
1768 1265 1997 1335 ὲτρυγή-

427 1385 576 1437 σατε;
615 1387 635 1421 ι

936 1520 1327 1577 ΚΕΦᾹΛΑΙΟΝ
1365 1521 1472 1572 III'.

426 1661 556 1714 Ὅτι
585 1659 700 1729 χρὴ
729 1660 838 1713 τὸν
864 1658 1204 1729 ἐπίσκοπον,
1226 1653 1573 1729 φροντίζεινξ,
1605 1655 1761 1720 ὅπως
1791 1658 1830 1729 ό,
1851 1654 1999 1721 λαὸς

526 1724 635 1800 ph~
648 1724 992 1799 σέλημμελῇ,
1024 1729 1123 1783 διὰ
1150 1727 1213 1781 τὸ
1229 1724 1395 1781 εἶναι
1422 1726 1608 1780 αὐτὸν
1634 1724 1887 1779 σκοπόν.

498 1869 720 1924 Πάντων
750 1863 843 1920 οὖν
871 1863 1201 1937 φροντιζέτω
1228 1866 1257 1916 ὁ
1296 1862 1614 1924 ἐπίσκοπος,
1652 1860 1745 1914 καὶ
1770 1858 1879 1912 τῶν
1926 1858 2001 1929 μὴ

428 1960 847 2033 ἡμαρτηκότων,
888 1958 975 2011 ἴνα
1021 1957 1277 2027 μείνωσιν
1325 1953 1719 2026 ἀναμάρτητοι,
1772 1949 2002 2004 καὶτῶν

430 2052 871 2125 ἁμαρτανόντων,
912 2050 1000 2102 ἵνα
1038 2046 1358 2119 μετανοιῖδσι.
1395 2045 1559 2113 Λέγει
1593 2044 1703 2116 γὰρ
1737 2046 1766 2097 ὁ
1802 2042 2003 2114 Κύριος

431 2146 571 2218 πρὸς
608 2145 749 2214 ὑμᾶς
786 2140 917 2212 (95)·
977 2159 993 2191 ι
1044 2140 1234 2211 Ὁρᾶτε
1282 2138 1357 2210 μὴ
1394 2137 1840 2208 καταφρονήσητε
1886 2135 2003 2197 ἑνὸς

429 2238 540 2291 τῶν
569 2235 774 2308 μικρῶν
799 2234 1021 2287 τούτων.
1047 2251 1065 2283 ι
1099 2232 1208 2285 Kal.
1238 2229 1347 2302 (96)
1376 2232 1487 2292 τοῖς
1508 2226 1854 2300 μετανοοῦσιν
1882 2227 2007 2295 ἀφε-

431 2348 520 2385 σιν
546 2328 742 2384 διδόναι
770 2328 898 2399 χρή.
932 2326 1081 2396 ’Ἅμα
1107 2322 1215 2393 γὰρ
1241 2322 1318 2394 τῷ
1348 2324 1519 2375 εἰπεῖν
1548 2338 1672 2375 τινα
1698 2320 1804 2373 τῶν
1832 2319 1938 2389 πλη
1947 2337 2004 2389 μ-

435 2420 784 2494 μελησάντων
820 2418 1019 2488 γνησίᾳ
1055 2415 1318 2470 διαθέσειο
1356 2433 1374 2467 ι
1423 2414 1747 2485 Ἦμάρτηκα
1783 2411 1859 2481 τῷ
1893 2413 2005 2464 Κυ-

435 2515 565 2585 ρίῳο
606 2532 625 2565 ι
658 2510 1008 2582 ἀποκρίνεται
1035 2508 1097 2560 τὸ
1131 2508 1284 2578 ἆγιον
1312 2503 1565 2575 Πνεῦμαο
1610 2523 1630 2555 ι
1666 2503 1775 2556 Καὶ
1803 2501 2004 2573 Κύριος

432 2605 613 2677 ἀφῆκέ
639 2622 720 2657 σοι
745 2604 845 2674 τὴν
875 2600 1166 2672 ἁμαρτίαν,
1198 2599 1408 2669 θάρσει,
1439 2599 1500 2651 ού
1534 2597 1609 2669 μὴ
1646 2595 1940 2667 ἀποθάνῃς.
1980 2613 1998 2645 ι

433 2696 671 2769 Γνώριζε
699 2692 812 2759 οὖν,
841 2688 885 2745 ὦ
913 2695 1197 2756 ἐπίσκοπε,
1226 2691 1286 2743 τὸ
1312 2689 1530 2761 ἀξίωμά
1559 2706 1673 2751 σου,
1704 2688 1782 2741 ὅτι
1810 2686 1885 2749 ὡς
1908 2684 2002 2738 τοῦ

431 2792 647 2861 δεσμεῖν
677 2785 973 2859 ὲκληρὼσω
998 2785 1095 2857 τὴν
1124 2783 1392 2849 ἐξουσίαν,
1424 2780 1565 2834 οὕτω
1593 2781 1688 2834 καὶ
1714 2778 1807 2832 τοῦ
1835 2778 2001 2831 λύειν.

447 2882 726 2948 Ἑξουσίαν
754 2876 847 2934 οὖν
876 2880 1013 2951 ἔχων
1040 2876 1134 2931 τοῦ
1170 2876 1338 2939 λύειν,
1367 2870 1598 2945 γνὼριζε
1629 2872 1871 2936 σεαυτὸν,
1910 2872 2004 2925 καὶ

433 2975 600 3041 ἀξίως
624 2970 718 3026 τοῦ
745 2972 910 3025 τόπου
943 2987 1036 3023 σου
1063 2971 1121 3022 ὲν
1145 2967 1279 3040 τῷδε
1304 2967 1381 3038 τῷ
1412 2965 1509 3036 βίῳ
1538 2964 1897 3035 ἀναστρέφου,
1923 2964 2001 3014 εί-

432 3068 541 3130 δὼς
559 3067 640 3120 ὅτι
657 3065 873 3119 πλείονα
887 3062 1047 3126 αὐτὸς
1062 3058 1407 3131 ἀπαιτηθήσῃ
1423 3057 1511 3110 τὸν
1532 3056 1687 3125 λόγον
1700 3071 1715 3086 ’
1735 3073 1755 3107 ι
1775 3046 1847 3122 ’ᾯ
1872 3053 2000 3124 γὰρ,

2100 1173 2305 1228 tatione
2353 1174 2560 1238 audiat,
2595 1180 2813 1243 propter
2859 1171 3272 1243 negligentiam,
3320 1171 3465 1240 quod
3521 1172 3666 1240 apud

2100 1262 2294 1319 Oscam
2323 1264 2528 1319 dictum
2558 1272 2644 1320 est
2678 1284 2691 1318 :
2729 1282 2747 1315 ι
2786 1264 2928 1329 Quid
2962 1264 3259 1319 reticuistis
3291 1264 3624 1334 impietatem
3646 1303 3662 1329 ,

2098 1364 2153 1410 et
2179 1354 2415 1410 fructum
2447 1355 2597 1411 illius
2625 1355 3003 1411 vindemiastis
3077 1345 3177 1406 "‘3.

2657 1511 2885 1569 CAPUT
2925 1510 3109 1567 XVIII.

2103 1650 2252 1718 Quod
2269 1661 2465 1720 oportet
2515 1651 2811 1718 episcopum
2841 1664 3044 1720 curare,
3070 1664 3133 1701 ne
3158 1658 3326 1715 peccet
3355 1646 3517 1717 plebs,
3542 1648 3664 1717 quia

2512 1762 2515 1767 .
2599 1721 2706 1788 ipse
2732 1730 2809 1773 est
2836 1718 3154 1788 speculator.

2175 1857 2429 1913 Omnium
2478 1855 2661 1927 itaque
2702 1870 2889 1911 curam
2934 1854 3131 1908 habeat
3171 1854 3499 1923 cpiscopus;
3549 1860 3666 1907 tum

2104 1972 2292 2012 eorum
2322 1958 2413 2027 qui
2460 1973 2570 2011 non
2616 1962 2931 2027 peccarunt,
2981 1963 3038 2009 ut
3085 1953 3221 2008 tales
3260 1968 3382 2008 esse
3414 1968 3666 2023 perseve-

2104 2067 2259 2125 rent;
2305 2065 2423 2113 tum
2468 2071 2659 2112 eorum
2709 2056 2801 2125 qui
2848 2055 3214 2124 deliquerunt,
3243 2061 3303 2106 ut
3346 2052 3666 2122 pmnitentia

2105 2159 2395 2214 ducantur.
2425 2157 2507 2211 Ad
2536 2172 2634 2212 vos
2660 2157 2805 2212 enim
2834 2156 2967 2211 dicit
2991 2154 3254 2229 Dominus
3287 2172 3303 2208 ι
3339 2171 3358 2204 ι
3389 2151 3579 2208 Videte
3599 2170 3667 2209 ne

2107 2260 2469 2316 contemnatis
2493 2274 2660 2315 unum
2684 2274 2753 2314 ex
2778 2258 2864 2313 his
2891 2256 3109 2328 pusillis
3128 2256 3193 2311 “.
3224 2274 3242 2308 ι
3267 2254 3668 2313 ἓωιιίιωιιίιιυε

2107 2370 2289 2417 autem
2307 2361 2475 2417 venia
2504 2358 2853 2415 concedenda
2884 2365 2988 2412 est.
3020 2355 3155 2410 Nam
3189 2356 3352 2412 simul
3382 2370 3446 2410 ac
3474 2370 3669 2425 pecca-

2105 2474 2193 2519 tor
2220 2465 2491 2536 quispiam
2538 2464 2756 2518 sincero
2797 2460 2990 2516 aﬂ'ectu
3022 2459 3391 2530 pronuntiavit
3425 2477 3439 2513 :
3476 2477 3495 2509 ι
3540 2457 3670 2512 Ροε-

2107 2567 2226 2622 cavi
2268 2565 2531 2630 Domino;
2571 2585 2590 2616 r
2628 2561 2863 2632 Spiritus
2910 2566 3157 2615 sanctus.
3180 2557 3511 2628 respondet:
3548 2576 3567 2607 ι
3605 2556 3672 2612 Et

2109 2668 2369 2723 Dominus
2387 2666 2596 2722 remisit
2613 2665 2709 2720 tibi
2736 2670 3019 2735 peccatum
3038 2681 3052 2730 ;
3074 2662 3305 2725 confide,
3340 2677 3448 2716 non
3469 2662 3670 2717 moric-
3720 2724 3723 2727 η

2105 2763 2183 2829 ris
2205 2762 2270 2816 ³⁸.
2312 2780 2330 2813 ι
2367 2761 2611 2831 Agnosce
2632 2757 2815 2827 igitur,
2850 2757 3124 2825 episcope,
3148 2754 3462 2825 dignitatem
3488 2762 3669 2821 tuam;

2105 2854 2251 2925 quod
2285 2853 2427 2908 sicut
2452 2851 2679 2905 sortitus
2703 2864 2763 2903 es
2787 2854 3108 2918 potestatem
3140 2844 3362 2916 ligandi,
3389 2846 3463 2899 ita
3484 2852 3539 2900 et
3558 2846 3666 2900 sol-

2104 2945 2286 3001 vendi.
2317 2942 2584 3010 Quocirca
2611 2947 2877 3011 potestate
2905 2936 3217 2996 absolvendi
3258 2937 3536 3006 praeditus,
3576 2951 3670 2990 co-

2106 3054 2307 3110 gnosce
2339 3036 2598 3106 teipsum,
2629 3041 2682 3087 et
2712 3032 3031 3102 condignam
3079 3030 3199 3083 loco
3226 3036 3321 3083 tuo
3348 3028 3512 3083 vitam
3547 3044 3665 3098 age,

436 3113 592 3230 φησι,
1502 3113 1859 3220 ἀπαιτήσουσι
1872 3113 2002 3218 ita-pi

2109 3148 2216 3187 non
2256 3131 2464 3186 inscius
2503 3126 2659 3199 quod
2702 3125 2961 3195 majorem
3009 3121 3312 3193 reposccris
3361 3121 3664 3176 rationem:

437 3249 625 3305 αὑτοῦ.
664 3269 684 3301 ›
741 3246 1144 3318 Ἀναμάρτητος
1184 3245 1280 3316 μὲν
1329 3242 1441 3314 γὰρ
1487 3239 1787 3312 ἀνθρώπων
1830 3237 2004 3301 οὐδεὶς

439 3340 615 3413 παρὲξ
646 3338 740 3394 τοῦ
786 3338 1074 3409 γενομένου
1118 3337 1184 3389 δι’
1213 3335 1358 3405 ἡμᾶς
1401 3331 1685 3413 ἀνθρώπου
1705 3348 1718 3361 ’
1768 3331 1890 3383 ἐπεὶ
1915 3329 2007 3397 γέ-

440 3411 706 3506 γραπται·
744 3450 764 3485 ι
801 3431 988 3493 Οὐδεὶς
1016 3428 1255 3499 καθαρὸς
1297 3426 1406 3481 ἀπὸ
1437 3411 1632 3497 ῥύπου,
1675 3424 1782 3476 οὐδ’
1812 3422 1878 3476 ἂν
1909 3424 2007 3494 μία

439 3526 624 3597 ἡμέρα
651 3524 761 3596 (97)
805 3524 839 3594 ἡ
868 3522 980 3592 ζωὴ
1007 3518 1191 3575 αὑτοῦ.
1232 3537 1252 3570 ι
1284 3516 1384 3570 Διά
1419 3515 1575 3569 τοῦτο
1602 3516 1695 3569 καὶ
1730 3514 1836 3567 τῶν
1876 3531 2010 3586 προ-

440 3617 820 3689 γεγενημένων
850 3614 959 3685 (98)
988 3612 1211 3666 δικαίων
1237 3626 1303 3662 τε
1326 3610 1419 3663 καὶ
1448 3606 1799 3679 πατριαρχῶν
1826 3607 1875 3659 οἱ
1907 3605 2009 3677 βίοι

442 3711 536 3765 καὶ
580 3710 636 3763 αἱ
682 3705 1017 3778 ἀναστροφαί.
1056 3702 1471 3775 ἀνεγράφησαν·
1519 3701 1616 3769 οὐχ
1658 3699 1746 3752 ἵνα
1772 3698 2011 3761 ἐκείνους

440 3801 784 3871 ὀνειδίζωμεν
839 3793 1319 3866 ἀναγινώσκοντες,
1375 3793 1487 3847 ἀλλ’
1523 3792 1613 3845 ἵνα
1653 3792 1812 3861 ἡμεῖς
1852 3806 2011 3861 μετα-

442 3893 672 3965 νοῶμεν,
712 3893 805 3946 καὶ
842 3889 1117 3951 εὐέλπιδες
1142 3885 1424 3958 γενώμεθα
1460 3884 1537 3948 ὡς
1562 3883 1806 3951 ἀφέσεως
1831 3880 2012 3946 τευξό-

446 4005 616 4059 μενοι.
646 3985 729 4039 Τά
754 3983 862 4055 γὰρ
891 3981 1115 4036 ἐκείνων
1145 3978 1312 4052 ρύπη,
1344 3976 1587 4048 ἡμετέρα
1626 3974 1892 4043 ἀσφάλεια
1919 3976 2013 4028 καὶ

444 4079 782 4150 παραίνεσις,
821 4077 902 4129 ὃτι
930 4074 1022 4128 καὶ
1058 4072 1217 4143 ἡμεῖς
1245 4069 1674 4141 ἀμαρτήσαντες,
1713 4065 1808 4118 ὲάν
1847 4081 2011 4140 μετα-

443 4173 744 4243 νοήσωμεν,
770 4166 1096 4238 συγγνώμην
1114 4162 1305 4233 ἕξομεν
1323 4178 1336 4191 °
1363 4161 1483 4213 ἐπεὶ
1506 4160 1836 4230 γέγραπταιο
1874 4175 1893 4208 ι
1918 4158 2013 4219 Τίς

446 4265 775 4335 καυχήσεται
818 4260 988 4331 ἁγνὴν
1025 4258 1166 4328 ἔχειν
1200 4256 1300 4328 τὴν
1336 4254 1574 4325 καρδίαν,
1614 4251 1757 4323 ἢτίς
1794 4251 2011 4321 παρρη-

448 4356 689 4411 σιάσεται
734 4352 970 4424 καθαρὸς
1003 4345 1140 4403 εἶναι
1168 4347 1276 4402 ἀπὸ
1313 4346 1615 4418 ἀμαρτίας;
1654 4362 1672 4395 ι
1705 4343 1891 4405 Οὐδεὶς
1921 4339 2015 4395 οὖν

2111 3243 2131 3277 ι
2162 3224 2262 3280 Cui
2290 3222 2454 3288 enim,
2486 3220 2680 3290 inquit,
2711 3215 3227 3273 commendaret-unt
3251 3214 3501 3275 multum,
3526 3213 3670 3283 plus

2106 3323 2285 3389 petent
2318 3315 2385 3369 ab
2409 3329 2474 3369 eo
2524 3313 2620 3362 ³⁸.»
2652 3309 2844 3364 Nullus
2872 3307 3140 3378 siquidem
3166 3305 3445 3359 hominum
3476 3319 3673 3374 expers

2107 3409 2313 3483 peccati
2343 3406 2633 3477 reperitur,
2655 3412 2847 3474 praeter
2873 3415 2998 3456 eum
3026 3398 3120 3469 qui
3142 3404 3363 3468 propter
3387 3411 3488 3451 nos
3512 3396 3675 3450 homo

2111 3506 2301 3560 factus.
2323 3506 2428 3563 cst,
2478 3497 2763 3567 Scriptura
2808 3493 3021 3549 dicente
3050 3511 3064 3547 :
3103 3510 3124 3543 ι
3157 3490 3352 3545 Nullus
3379 3489 3615 3544 mundus
3644 3505 3674 3543 a

2110 3598 2293 3659 sorde,
2337 3609 2514 3665 neque
2552 3593 2597 3648 si
2644 3606 2786 3646 unus
2822 3588 2940 3643 dies
2968 3587 3078 3641 vita
3110 3586 3255 3640 illius
3302 3585 3399 3635 ³⁷η
3450 3582 3677 3654 Propter

2111 3692 2215 3746 hoc
2233 3690 2505 3759 justorum
2534 3700 2598 3740 ac
2620 3682 3055 3756 patriarcharum
3076 3679 3167 3749 qui
3187 3678 3316 3732 olim
3345 3677 3673 3743 ﬂoruerunt,

2113 3788 2347 3841 actuset
2378 3794 2559 3834 mores
2588 3773 2885 3844 conscripti
2913 3780 3072 3840 sunt;
3103 3786 3213 3826 non
3241 3769 3460 3841 quidem
3491 3778 3551 3823 ut
3571 3770 3679 3839 piis

2112 3874 2448 3935 hominibus,
2479 3871 2606 3925 dum
2636 3868 2887 3939 legimus,
2932 3866 3099 3920 vitam
3129 3861 3551 3932 exprobrcmus;
3582 3862 3677 3917 sed

2114 3978 2173 4023 ut
2208 3981 2308 4021 nos
2349 3970 2697 4035 peccatorum
2741 3965 3054 4014 nostrorum
3095 3955 3576 4027 pmniteat,utque
3622 3952 3677 4007 in

2114 4068 2317 4115 certam
2348 4053 2692 4111 remissionis
2736 4046 3102 4121 adipiscendae.
3130 4061 3281 4115 spem
3328 4045 3673 4100 inducamur.

2114 4152 2333 4206 Illorum
2382 4147 2527 4204 enim
2556 4146 2694 4200 nasvi
2731 4150 2919 4198 nostra
2962 4138 3228 4194 securitas
3275 4144 3330 4192 et
3373 4137 3678 4191 consolatio

2117 4251 2265 4308 sunt,
2291 4241 2432 4313 quod
2468 4254 2567 4293 nos
2594 4250 2832 4307 quoque,
2863 4232 2909 4288 si
2944 4231 3011 4287 de
3047 4229 3284 4301 peccatis
3316 4227 3520 4283 nostris
3547 4243 3676 4296 ege-

2117 4338 2289 4391 rimus
2328 4329 2721 4403 pozmtentiam,
2752 4325 2911 4380 venia
2939 4323 3294 4386 donabimur;
3335 4319 3677 4390 quandoqui-

446 4450 842 4521 ἀναμάρτητος.
873 4414 1066 4499 ὲὺοῦν
1093 4439 1235 4497 κατὰ
1258 4414 1506 4511 δύναμιν,
1540 4435 1805 4500 σπούδαζε
1834 4434 2005 4488 ἀνεπί-

2119 4429 2241 4484 dem
2290 4425 2552 4494 scriptum
2584 4427 2709 4476 est:
2766 4436 2784 4469 ι
2814 4416 2947 4482 Quis
2992 4414 3312 4485 gloriabitur
3360 4419 3571 4466 castum
3618 4427 3679 4465 se

447 4505 649 4613 ληπτος
676 4505 833 4593 είναι·
890 4538 983 4591 καὶ
1017 4535 1146 4607 περὶ
1180 4505 1408 4586 πάντων⁷
1436 4530 1693 4601 μερίμνα,
1734 4527 1809 4599 μὴ
1836 4526 1925 4580 διά
1954 4526 2005 4579 σέ

2118 4522 2317 4577 habere
2355 4533 2484 4584 cor;
2527 4521 2620 4568 aut
2657 4512 2782 4582 quis
2822 4509 3057 4565 conﬁdet
3101 4505 3358 4560 mundum
3409 4520 3467 4559 se
3498 4518 3619 4558 esse
3648 4519 3676 4555 a

446 4650 532 4696 τις
559 4629 961 4692 σκανδαλισθεὶς
989 4627 1273 4697 ἀπόληται.
1314 4624 1372 4676 Ὀ
1398 4621 1506 4693 γὰρ
1532 4621 1716 4684 λαῖκὸς
1742 4620 1870 4691 περὶ
1897 4620 2018 4671 ἑαυ-

448 4722 542 4779 τοῦ
578 4724 739 4797 μόνου
784 4721 1040 4793 μεριμνᾷ,
1085 4719 1148 4771 σὺ
1188 4717 1244 4770 δὲ
1280 4716 1408 4786 περὶ
1445 4714 1683 4775 πάντων,
1713 4711 1788 4775 ὡς
1832 4710 2015 4763 πλεῖον

2117 4620 2343 4686 peccato
2397 4610 2496 4664 "ii
2528 4607 2697 4662 Nemo
2740 4605 2904 4677 igitur
2933 4604 3139 4673 absque
3184 4606 3410 4670 peccato
3440 4604 3543 4652 est.
3594 4594 3675 4649 'I‘u

2117 4723 2267 4772 vero,
2299 4701 2477 4776 quoad
2510 4710 2684 4773 potes,
2713 4696 3022 4768 inculpatus
3058 4708 3180 4750 esse
3210 4688 3368 4747 stude
3390 4696 3443 4744 et
3473 4687 3541 4742 de
3562 4702 3680 4740 om—

524 4904 717 4960 "Lev.
766 4919 857 4967 xv,
900 4903 991 4959 5|.
1067 4901 1113 4932 ³³
1147 4898 1273 4956 Ose.
1301 4916 1355 4961 κ,
1389 4899 1476 4956 15,
1508 4897 1668 4965 juxta
1695 4892 1866 4967 LXX.
1944 4891 1989 4925 "

2108 4887 2202 4944 Lth.
2240 4902 2397 4948 xvut,
2430 4884 2516 4939 10.
2592 4880 2857 4952 πιιιιρς.
2892 4893 2991 4941 xu,
3023 4876 3107 4932 l3.
3195 4874 3239 4905 ’°
3268 4871 3397 4927 Luc.
3443 4884 3537 4931 xu,
3585 4867 3674 4920 48-

471 4987 515 5019 ³⁷
594 4976 697 5032 Job
720 4966 922 5042 τινίὸ,
946 4973 1001 5025 in
1036 4969 1211 5026 LXX.
1287 4970 1332 5001 ³⁸
1362 4967 1523 5023 Prov.
1562 4982 1655 5029 xx,
1689 4966 1743 5021 9.

1747 5152 2109 5213 VARIORUM
2140 5151 2370 5209 NOTAE.

527 5353 839 5428 (95)ch
879 5348 1052 5422 ὑμᾶς.
1100 5348 1250 5403 Alter
1300 5343 1457 5399 Vind.
1505 5340 1628 5397 cod.
1670 5339 1729 5392 ἐν
1770 5336 2013 5404 Εὐαγγε-

456 5427 605 5483 λίοις.
633 5427 803 5481 CLnn.

550 5446 605 5490 ις.
633 5446 803 5481 bunt.

550 5498 638 5565 96)
667 5495 796 5549 Kal.
828 5492 997 5565 Alter,
1029 5487 1244 5565 ούκοῦν,
1271 5501 1413 5565 ergo.
1444 5483 1521 5565 In;

550 5498 638 5565 96)
667 5498 796 5549 Kal.
828 5498 997 5553 Alter,
1029 5498 1244 5551 ούκουν,
1271 5501 1413 5556 ergo.
1447 5498 1521 5537 In.

529 5498 639 5639 (97)
660 5566 787 5639 ΔΜία
829 5561 1034 5639 ἡμέρα.
1066 5560 1215 5612 Alter
1255 5556 1380 5637 cod.
1407 5553 1552 5639 ιμιᾷς
1578 5550 1831 5639 Ιήμέραςλ
1861 5561 2015 5639 neque

461 5621 639 5692 bene:
659 5636 770 5690 imo
804 5621 1016 5687 maius.
1053 5626 1301 5696 quamvis
1333 5621 1547 5693 vulgata
1578 5621 1737 5675 lectio
1768 5621 1837 5673 sit
1879 5632 2012 5672 con-

465 5715 721 5763 sentanea
752 5703 882 5757 edit.
912 5699 1051 5754 LXX
1081 5698 1206 5750 lntt.
1239 5697 1312 5749 Io.

534 5759 643 5838 (98)
673 5776 777 5831 Διά
816 5771 989 5826 τοῦτο
1026 5766 1120 5823 καὶ
1162 5766 1277 5820 τῶν
1322 5759 1858 5833 προγεγενιυιένων,
1902 5765 2005 5812 etc.

2119 5332 2283 5401 Lege,
2315 5330 2373 5401 si
2391 5335 2571 5389 vacat,
2594 5341 2717 5401 qua:
2744 5326 2801 5377 in
2826 5323 2968 5401 hanc
2997 5319 3319 5401 sententiam
3366 5318 3682 5401 edisseruu-

2117 5388 2376 5470 turva'pnd
2411 5388 2634 5470 sanctos
2661 5396 2885 5470 Patres,
2907 5392 3165 5470 Irenaeum
3201 5389 3295 5470 lib.
3330 5404 3405 5453 Iv,
3439 5404 3559 5470 cap.
3585 5388 3680 5444 45;

2116 5460 2805 5542 Cliryspstonium,_boniil.
2836 5462 2914 5542 Ide
2958 5460 3261 5542 poenitentia
3301 5470 3375 5542 ﬁt.
3407 5460 3677 5542 prationc,

2116 5527 2249 5596 tom:
2288 5540 2338 5599 I;
2373 5527 2659 5590 homil.’29
2733 5536 2788 5586 in
2829 5527 3087 5589 Genesim,
3120 5538 3251 5583 tom.
3301 5529 3374 5593 II;
3407 5528 3597 5599 homil.
3623 5527 3676 5581 in

2114 5598 2379 5681 psalmum
2403 5623 2453 5681 ι..
2475 5614 2609 5681 tom.
2638 5604 2701 5656 Ill
2724 5621 2738 5667 ;
2761 5601 3195 5681 egéuguslinum
3222 5600 3315 5654 lib.
3318 5614 3402 5681 "Ill
3454 5598 3531 5681 De
3554 5598 3676 5681 άυστ

2116 5669 2257 5734 Irina
2288 5676 2615 5735 Christiana,
2646 5690 2766 5741 cap.
2800 5673 2890 5738 23,
2924 5669 3085 5741 atque
3126 5670 3263 5726 libro
3306 5669 3603 5727 Det-natura
3627 5676 3675 5723 ot

2114 5752 2307 5822 gratia,
2333 5763 2453 5818 cap.
2481 5745 2569 5801 '55.
2603 5744 2735 5800 Cor.
