4080 6260
1333 274 1390 332 S.
1424 276 1816 335 CLEMENTIS
1848 279 1869 333 Ι
1902 277 2069 333 ΒΟΜ.
2106 279 2306 337 PONT.
2341 280 2572 337 OPERA
2604 281 2828 339 DUBIA.

3622 286 3726 343 632

477 390 643 446 nibus
670 395 793 446 esto
820 388 1126 457 sollicitus;
1157 406 1226 446 ne
1248 398 1472 463 propter
1492 400 1546 447 te
1577 390 1817 448 offensus
1846 392 2033 463 aliquis

2148 394 2285 467 έχων
2330 392 2493 465 βάρος
2531 396 2662 467 (99),
2701 397 2793 450 καὶ
2833 396 3014 467 μεῖζον
3046 396 3327 466 βαστάζων
3364 397 3602 470 φορτίον·
3633 406 3725 469 γέ-

477 489 682 552 pereat.
731 481 932 537 Laicus
974 482 1121 537 enim
1167 483 1253 538 sui
1296 490 1510 538 tantum
1556 498 1745 538 curam
1786 485 1956 553 gerit;
1991 492 2047 537 tu

471 575 744 638 omnium,
778 581 840 628 ut
867 575 959 645 qui
991 575 1117 645 plus
1146 576 1331 631 oneris
1364 574 1569 631 habeas
1600 580 1655 632 et
1682 576 1891 647 majore
1915 594 2049 647 pou-

471 666 600 720 dere
638 666 905 735 graveris.
956 664 1233 735 Scriptum
1271 680 1510 736 namque
1547 673 1632 722 est
1664 686 1678 723 :
1736 685 1755 719 ι
1802 666 1868 723 Et
1908 669 2047 729 dixit

472 756 734 812 Dominus
760 756 828 811 ad
860 755 1099 826 Moysem
1128 776 1143 812 :
1178 755 1260 811 Tu
1290 764 1345 813 et
1366 756 1549 817 Aaron
1579 758 1891 830 suscipietis
1920 776 2049 831 pee-

469 856 592 903 eata
623 848 916 907 sacerdotii
940 849 985 881 ⁸⁸
1012 890 1025 902 .
1068 866 1089 902 ι
1142 847 1485 919 Quapropter
1532 856 1793 918 tanquam
1823 851 1891 906 de
1926 852 2047 921 plu-

473 941 629 997 ribus
655 942 923 997 rationem
952 940 1290 1005 redditurus,
1317 955 1506 997 curam
1526 941 1771 1010 omnium
1798 943 2040 1011 sustine;

476 1051 542 1090 ac
569 1049 735 1091 sanos
761 1034 981 1105 quidem
1010 1048 1313 1101 conserva;
1343 1048 1439 1089 eos
1472 1049 1623 1099 vero,
1657 1035 1752 1105 qui
1783 1051 2044 1105 peccave-

476 1133 624 1193 runt,
656 1126 909 1198 increpa;
937 1124 1257 1195 jejunioque
1277 1125 1520 1191 attritos,
1543 1126 1867 1182 remissione
1889 1128 2037 1195 leva;

471 1227 526 1276 et
558 1219 1021 1289 ingemiscentem,
1060 1219 1312 1273 universa
1339 1226 1595 1287 precante
1625 1233 1725 1288 pro
1754 1233 1820 1273 eo
1847 1218 2039 1274 Eccle-

472 1312 575 1377 sia,
597 1310 801 1380 recipe,
818 1324 1102 1379 manuque
1124 1309 1397 1379 imposita,
1423 1310 1679 1381 permitte
1699 1318 1759 1365 ut
1779 1312 2039 1383 deinceps

470 1419 595 1459 cum
624 1419 786 1475 grege
813 1409 1051 1459 maneat.
1078 1400 1145 1460 At
1170 1401 1570 1457 somniculosos
1602 1408 1655 1455 et
1679 1402 1902 1471 ignavos
1916 1419 2040 1457 ver-

470 1511 555 1560 sa,
584 1494 825 1559 suﬂ‘ulci,
857 1493 1386 1556 incita,'consolare,
1421 1508 1581 1561 sana;
1612 1493 1838 1549 edoctus
1861 1510 2038 1564 quau—

468 1596 578 1645 tam
608 1587 935 1650 mercedem,
968 1585 1016 1641 si
1046 1584 1242 1657 feceris
1273 1585 1408 1650 haec,
1440 1584 1654 1655 capies;
1688 1592 1880 1639 contra
1908 1602 2036 1641 vero

2150 501 2389 556 γραπται
2427 486 2554 556 γάρ⁹
2592 507 2609 538 ι
2645 488 2753 545 Καὶ
2781 483 2902 541 εἷπε
2929 488 3133 560 Κύριος
3157 489 3312 560 ⁸πρὸς
3347 490 3611 561 Μωῦσῆψ
3650 494 3722 547 Σὺ

2148 577 2242 631 καὶ
2282 576 2489 649 Ἀαρὼν
2524 577 2756 649 λήψεσθε
2801 580 3072 651 ἁμαρτίας
3095 581 3195 650 τῆς
3226 580 3517 651 ίερατείας.
3557 601 3576 634 ι
3638 583 3725 649 Ὠς

2147 669 2278 738 περὶ
2306 668 2560 722 πλειόνων
2588 666 2680 721 οὖν
2701 670 3154 741 ἀπολογούμενος,
3176 672 3305 743 περὶ
3325 671 3543 727 πάντων
3572 675 3728 745 φρόν-
3818 686 3823 691 “

2144 758 2282 823 τιζε,
2314 761 2408 820 καὶ
2448 763 2573 824 τοὺς
2616 762 2712 831 μὲν
2756 763 2946 830 ὑγιεῖς,
2979 764 3263 833 συντήρει·
3295 765 3421 827 τοὺς
3447 765 3504 819 δὲ
3544 766 3723 837 ἡμαρ-

2143 852 2397 923 τηκότας,
2441 852 2701 917 νουθέτει,
2741 854 2836 907 καὶ
2868 853 3064 906 στιϐῶν
3093 855 3150 908 ἐν
3192 857 3258 926 τῇ
3291 856 3537 929 νηστείᾳ,
3568 858 3626 911 ὲν
3654 862 3720 931 τῇ

2143 944 2332 1012 ἀφέσει
2363 945 2658 1017 ὲλάφρυνον
2686 945 3252 1013 καὶςπροσκλαύσαντα
3279 948 3519 1019 είσδέχου
3553 949 3721 1023 (100),

2143 1035 2324 1108 πάσης
2378 1038 2478 1108 τῆς
2531 1038 2853 1109 Ἐκκλησίας
2899 1039 3038 1109 ὑπὲρ
3080 1038 3243 1092 αὐτοῦ
3294 1040 3573 1112 δεομένης,
3631 1044 3724 1099 καὶ

2141 1127 2524 1199 χειροθετήσας
2551 1130 2732 1193 αὐτὸν,
2764 1130 2826 1183 Ea
2867 1130 3051 1184 λοιπὸν
3095 1126 3234 1185 εἶναι
3263 1132 3320 1185 ἐν
3350 1133 3426 1204 τῷ
3466 1136 3719 1206 ποιμνίῳ.

2141 1221 2280 1283 Τοὺς
2307 1221 2364 1274 δὲ
2410 1221 2674 1285 ὑπνώδεις
2703 1223 2795 1277 καὶ
2829 1224 3194 1295 παρειμένους
3235 1225 3552 1297 ἐπίστρεφε,
3593 1228 3724 1282 ὑπο-

2142 1310 2385 1383 στήριξε,
2420 1313 2746 1383 παρακάλει,
2794 1315 3083 1385 θεράπευε,
3132 1318 3493 1389 ἐπιστάμενος
3535 1319 3722 1391 ήλίκον

2141 1402 2329 1474 μισθὸν
2357 1402 2500 1474 ἔχεις
2525 1404 2697 1459 ταῦτα
2723 1407 2984 1461 ἐπιτελῶν
3015 1407 3111 1479 (1),
3143 1409 3333 1481 ὥσπερ
3360 1407 3453 1464 οὖν
3485 1413 3579 1466 καὶ
3611 1412 3719 1466 κίν-

2136 1496 2290 1549 δυνον
2317 1494 2412 1549 ἐὰν
2440 1495 2718 1570 ἀμελήσῃς
2747 1496 2823 1568 (2)
2852 1498 3075 1551 τούτων.
3108 1500 3269 1568 Λέγει
3296 1500 3403 1573 γὰρ
3432 1502 3570 1573 πρὸς
3594 1505 3721 1568 τοὺς

2137 1586 2471 1657 ἀμελοῦντας
2515 1586 2609 1642 τοῦ
2649 1588 2778 1643 λαοῦ
2824 1590 3157 1657 ἐπισκόπους
3197 1591 3476 1665 Ίεζεκιήλ’
3531 1613 3549 1645 ι
3588 1596 3724 1650 Οὐαὶ

467 1690 732 1753 quantum
775 1680 1090 1741 discrimen,
1124 1678 1171 1732 si
1201 1676 1528 1747 neglexeris.
1567 1675 1701 1729 Nam
1746 1678 2033 1747 episcopos

2137 1682 2248 1744 τοῖς
2266 1678 2483 1751 ποιμέσι
2502 1679 2595 1732 τοῦ
2623 1680 2858 1753 Ἰσραὴλ,
2879 1682 2958 1735 ὅτι
2981 1682 3116 1754 (5-4)
3139 1684 3451 1754 ἐποίμαινον
3470 1686 3718 1750 ἑαυτούς·

468 1744 726 1847 populum
760 1770 1216 1846 parvipendentes
1244 1744 1389 1823 hunc
1419 1770 1475 1823 in
1503 1768 1723 1823 modum
1743 1744 2033 1841 alloquitur

2140 1773 2202 1826 οὑ
2244 1770 2314 1826 τὰ
2350 1771 2598 1842 πρόϐατα
2638 1744 3015 1843 ποιμαίνουσιν
3056 1744 3109 1831 oi
3136 1744 3411 1846 ποιμένες,
3454 1778 3566 1831 ἀλλ’
3596 1780 3725 1835 ἑαυ-

467 1864 713 1926 Ezecliiel
745 1884 757 1918 :
797 1884 813 1915 ι
857 1862 946 1917 Vae
978 1861 1291 1933 pastoribus
1321 1860 1558 1927 lsraelis,
1591 1861 1719 1931 quia
1745 1863 2039 1930 pascebant

467 1955 793 2027 semetipsos
827 1974 839 2010 :
875 1962 1123 2026 pastores
1152 1968 1265 2010 non
1313 1959 1545 2024 pascunt
1579 1966 1709 2007 oves
1751 1968 1901 2019 suas,
1942 1953 2037 2011 sed

466 2048 716 2121 seipsos?
760 2046 869 2107 Lac
915 2046 1223 2110 comeditis,
1272 2055 1326 2101 et
1359 2046 1502 2100 lanis
1544 2044 1844 2110 vestimini,
1890 2046 2037 2116 quod

462 2141 703 2199 validum
729 2147 814 2199 est
842 2140 1126 2207 occiditis;
1163 2154 1294 2194 oves
1324 2154 1433 2193 non
1465 2138 1692 2208 pascitis
1726 2157 1739 2192 :
1774 2139 1921 2209 quod
1947 2139 2035 2195 in-

468 2226 680 2286 ﬁrmum
711 2239 794 2286 est
821 2246 931 2291 non
962 2230 1287 2294 roborastis,
1323 2230 1468 2300 quod
1502 2239 1766 2300 aegrotum
1795 2245 1903 2285 non
1943 2246 2033 2286 sa-

464 2324 662 2390 uastis,
696 2322 842 2401 quod
868 2323 1209 2377 confractum
1257 2337 1368 2377 non
1415 2321 1703 2394 alligastis,
1752 2322 1898 2393 quod
1940 2323 2037 2379 ab—

461 2417 665 2485 iectum
702 2431 814 2474 non
860 2414 1178 2479 reduxistis,
1225 2421 1281 2469 et
1305 2413 1451 2486 quod
1497 2414 1770 2484 perditum
1799 2430 1909 2470 non
1948 2431 2037 2471 re-

464 2509 748 2578 quisistis;
790 2516 846 2565 et
894 2509 1187 2579 imperiose
1232 2507 1541 2579 eastigastis
1580 2523 1673 2563 eas
1720 2523 1843 2563 cum
1888 2508 2033 2563 ludi-

466 2603 588 2661 brio
620 2621 635 2658 :
668 2610 721 2657 et
750 2602 1013 2673 dispersa:
1044 2608 1197 2667 sunt,
1224 2616 1291 2656 eo
1322 2600 1465 2670 quod
1498 2614 1607 2653 non
1637 2607 1784 2655 esset
1813 2609 2032 2669 pastor,

464 2701 522 2754 et
547 2692 703 2753 factae
718 2701 849 2751 sunt
878 2694 935 2748 in
964 2693 1371 2753 devorationem
1418 2692 1673 2747 omnibus
1704 2692 1894 2747 bestiis
1933 2692 2038 2746 sal-

464 2794 557 2845 tus
577 2784 645 2843 ⁸ο.
677 2806 695 2839 ι
730 2785 792 2840 Et
824 2787 1021 2842 iterum
1054 2805 1069 2839 :
1104 2803 1123 2839 ι
1160 2783 1227 2843 Ει
1271 2799 1382 2839 non
1414 2784 1747 2853 quaesierunt
1786 2792 2034 2857 pastores

462 2892 593 2934 oves
622 2893 808 2945 meas;
836 2886 892 2933 et
924 2877 1221 2948 pascebant
1252 2886 1496 2947 pastores
1521 2875 1754 2946 seipsos,
1782 2889 1911 2931 oves
1936 2890 2035 2931 au-

463 2976 573 3029 tem
604 2984 753 3029 meas
777 2986 884 3023 non
908 2969 1205 3040 pascebant
1223 2968 1288 3021 εί.
1320 2987 1338 3019 ι
1374 2968 1441 3021 Et
1464 2968 1627 3037 paulo
1651 2974 1809 3035 post:
1844 2984 1862 3017 ι
1898 2967 2035 3021 Ecce

461 3076 563 3132 ego
592 3061 660 3121 ad
704 3069 981 3132 pastores;
1029 3068 1083 3117 et
1127 3061 1402 3132 requiram
1452 3074 1553 3128 ego
1595 3073 1725 3112 oves
1774 3072 1924 3112 meas
1965 3058 2032 3112 de
2059 3089 2100 3145 α

462 3169 627 3214 manu
670 3168 891 3221 eorum-,-
940 3163 993 3209 et
1041 3152 1238 3209 faciam
1284 3160 1345 3208 ut
1376 3157 1594 3206 cessent
1633 3164 1859 3219 pascere
1903 3164 2030 3206 oves

462 3260 646 3313 meas;
677 3252 732 3303 et
760 3260 871 3300 non
895 3243 1133 3315 amplius
1153 3249 1403 3314 pastores
1425 3248 1647 3312 pascent
1672 3241 2027 3311 semetipsos;

461 3344 518 3391 et
545 3337 786 3395 liberabo
810 3352 941 3396 oves
961 3350 1109 3392 ineas
1135 3335 1203 3391 de
1233 3351 1397 3392 manu
1419 3350 1639 3411 eorum;
1663 3341 1715 3388 et
1738 3350 1848 3388 non
1869 3343 2031 3389 erunt

464 3429 576 3491 illis
596 3429 652 3485 in
675 3429 1082 3489 devoratiouem
1104 3429 1169 3482 δ’.
1202 3446 1222 3480 ι
1249 3425 1315 3483 Ει
1342 3425 1409 3478 ad
1434 3427 1693 3497 populum
1717 3428 1879 3481 etiam
1904 3442 2030 3483 con-

463 3536 658 3580 versus
686 3521 760 3577 ait
785 3539 799 3582 :
829 3539 847 3572 ι
872 3519 1015 3583 Ecce
1030 3535 1129 3590 ego
1142 3520 1402 3591 judicabo
1424 3519 1565 3574 inter
1585 3534 1738 3574 ovem
1762 3519 1829 3579 ad
1849 3535 2025 3586 ovem,

462 3620 520 3674 et
556 3613 783 3669 arietem
832 3612 901 3673 ad
932 3613 1180 3671 arietem.
1212 3611 1486 3673 Parumne
1532 3622 1650 3668 erat
1686 3613 1865 3677 vobis,
1901 3614 2029 3683 quia

463 3704 663 3765 bonam
699 3720 960 3777 pascuam
997 3703 1405 3777 depascebatis;
1436 3716 1489 3760 et
1509 3705 1771 3775 reliquias
1811 3721 2028 3777 pascuae

460 3797 870 3854 conculcabatis
900 3796 1130 3867 pedibus
1161 3796 1381 3861 vestris,
1426 3808 1480 3851 et
1508 3812 1637 3852 oves
1662 3797 2031 3855 coneulcatio-

404 3898 410 3907 ‘
461 3903 562 3951 nes
577 3890 775 3961 pedum
794 3897 1099 3949 vestrorum
1119 3889 1477 3945 eomedebant
1491 3888 1536 3920 ‘3
1552 3888 1574 3941 ?
1592 3908 1610 3941 ι
1637 3890 1702 3943 Et
1721 3898 1843 3961 post
1856 3905 2030 3960 pauca

530 4087 576 4121 ³³
611 4086 772 4151 Nam.
818 4105 975 4153 χνιιι,
1011 4091 1061 4142 1.
1138 4091 1183 4123 ⁸⁰
1223 4089 1421 4146 Ezech.
1481 4106 1667 4156 xxxiv,
1722 4091 1837 4147 2-5.

2133 1860 2365 1916 τούδοΤὸ
2380 1862 2522 1932 γάλα
2548 1863 2882 1929 κατεσθίετε,
2914 1866 3006 1919 καὶ
3034 1866 3103 1922 τὰ
3144 1866 3266 1938 ἔρια
3306 1869 3720 1939 περιϐάλλεσθε,

2137 1966 2198 2004 το
2229 1955 2448 2024 ἰσχυρὸν
2492 1953 2746 2024 σφάζετε,
2790 1955 2860 2010 τὰ
2901 1957 3149 2028 πρόϐατα
3175 1960 3235 2014 οὐ
3279 1961 3617 2031 ποιμαίνετε,
3660 1961 3724 2017 τὸ

2137 2042 2519 2115 ἐνοχλούμενον
2559 2047 2659 2100 οὐκ
2690 2047 3027 2117 ὲνισχύσατε,
3071 2053 3165 2104 καὶ
3204 2054 3265 2105 τὸ
3300 2055 3579 2126 ἄρρωστον
3621 2059 3721 2111 οὐκ

2142 2137 2384 2199 ἰάσασθε,
2434 2140 2528 2193 καὶ
2568 2138 2629 2191 τὸ
2667 2142 3125 2212 συντετριμμένον
3154 2144 3214 2198 ού
3264 2146 3615 2217 κατεδήσατε,
3658 2148 3722 2201 τὸ

2137 2228 2441 2300 ὲξωσμένον
2502 2231 2562 2283 οὐ
2623 2232 3130 2303 κατεπεστρέψατε,
3182 2236 3276 2288 καὶ
3325 2237 3386 2288 τὸ
3444 2238 3721 2303 ἀπολωλὸς

2136 2323 2234 2375 οὐκ
2262 2319 2559 2393 ἐζητήσατε
2579 2339 2592 2352 ·
2624 2324 2716 2376 καὶ
2745 2324 2802 2376 ὲν
2832 2324 3020 2395 κράτει
3042 2326 3399 2383 ἐπαιδεύσατε
3421 2330 3559 2382 αύτά
3583 2330 3721 2401 μετά

2136 2414 2450 2486 ὲμπαιγμοῦ
2472 2431 2485 2445 θ
2517 2416 2611 2473 καὶ
2637 2416 3006 2488 διεσπάρησαν
3045 2418 3195 2490 παρά
3237 2420 3299 2474 τὸ
3328 2421 3401 2493 μὴ
3432 2417 3570 2476 εἶναι
3600 2440 3720 2477 ποι-

2140 2507 2293 2577 μένα,
2325 2506 2418 2559 καὶ
2445 2506 2693 2575 ἐγένοντο
2723 2511 2803 2571 είς
2832 2509 3173 2581 κατάϐρωμα
3202 2513 3334 2565 πᾶσι
3363 2516 3475 2577 τοῖς
3506 2513 3719 2585 θηρίοις

2134 2597 2228 2650 τοῦ
2256 2598 2578 2671 δρυμοῦ
2617 2619 2636 2653 ›
2683 2602 2794 2655 Kal.
2824 2602 3005 2655 πάλιν·
3057 2623 3075 2655 ι
3112 2605 3221 2658 Καὶ
3249 2605 3347 2659 οὐκ
3386 2602 3717 2679 ἐξεζήτησαν

2134 2692 2183 2745 oi
2217 2691 2472 2762 ποιμένες
2499 2691 2569 2745 τὰ
2595 2693 2842 2764 πρόϐατά
2888 2712 3011 2765 μου,
3058 2698 3151 2750 καὶ
3180 2698 3491 2768 ὲποίμαινον
3520 2699 3569 2751 oi
3599 2716 3716 2753 ποι-

2139 2782 2296 2853 μένες
2324 2783 2568 2847 ἑαυτοὺς,
2597 2784 2667 2837 τά
2694 2786 2750 2839 δὲ
2778 2787 3025 2858 πρόϐατά
3057 2806 3158 2859 μου
3187 2790 3285 2845 οὐκ
3314 2790 3648 2860 ὲποίμαινον.
3692 2810 3711 2843 ι

2133 2875 2242 2927 Καὶ
2273 2876 2388 2943 μετ’
2431 2874 2627 2943 ὀλίγον·
2684 2896 2702 2929 ‹
2757 2878 2884 2933 Ἰδοὺ
2931 2879 3041 2947 ἐγὼ
3085 2880 3221 2951 πρὸς
3252 2882 3377 2944 τοὺς
3418 2884 3714 2953 ποιμένας,

2135 2966 2228 3019 καί
2255 2965 2541 3039 ὲκζητήσιι)
2570 2968 2680 3037 ἐγὼ
2707 2968 2777 3023 τὰ
2806 2970 3054 3041 πρόϐατά
3084 2989 3185 3043 μου
3215 2974 3279 3025 ἐκ
3305 2974 3487 3045 χειρὸς
3513 2977 3713 3041 αὐτῶν,

2134 3059 2228 3110 καὶ
2272 3063 2610 3115 καταπαύσω
2655 3064 2851 3125 αὐτοὺς
2889 3063 2983 3115 τοῦ
3027 3065 3333 3136 ποιμαίνειν
3361 3066 3430 3118 τὰ
3470 3068 3716 3139 πρόϐατά

2142 3168 2265 3220 μου,
2317 3153 2409 3205 καὶ
2449 3155 2509 3207 οὐ
2543 3154 2899 3225 ποιμανοῦσιν
2945 3156 3025 3208 ἔτι
3070 3158 3119 3209 οἱ
3164 3157 3417 3227 ποιμένες
3459 3159 3712 3223 ἑαυτοὺς,

2137 3245 2231 3297 καὶ
2273 3245 2505 3317 ῥύσομαι
2534 3245 2605 3299 τά
2650 3247 2899 3318 πρόϐατά
2931 3265 3030 3317 μου
3062 3250 3125 3301 ἐκ
3147 3248 3334 3320 ,χειρὸς
3363 3249 3572 3313 αὐτῶν,
3620 3252 3713 3305 καὶ

2136 3339 2236 3392 οὐκ
2262 3338 2469 3394 ἔσονται
2498 3341 2679 3405 αὐτοῖς
2707 3344 2786 3405 εἰς
2828 3342 3185 3414 κατάϐρωμα.
3226 3363 3243 3394 ι
3283 3347 3389 3397 Και
3418 3342 3491 3414 (ϐ)
3521 3343 3712 3411 ἐπιφέ-

2139 3449 2223 3502 ρει
2251 3433 2343 3486 mi
2372 3433 2508 3504 πρὸς
2534 3433 2623 3486 τὸν
2650 3433 2775 3486 λαὸν
2805 3433 2997 3501 λέγων’
3049 3453 3067 3484 ‹
3120 3435 3245 3487 Ἰδοὺ
3273 3433 3382 3502 ἐγὼ
3411 3433 3579 3506 κρινῶ
3608 3434 3713 3488 ἀνὰ

2141 3523 2304 3593 μέσον
2332 3524 2603 3595 προϐάτου
2633 3528 2712 3589 εἰς
2741 3526 3031 3597 πρόϐατον,
3065 3528 3158 3583 καὶ
3186 3526 3341 3598 κριὸν
3370 3526 3507 3598 πρὸς
3534 3526 3708 3598 κριόν.

2136 3616 2228 3688 Μὴ
2275 3617 2469 3688 μικρὸν
2512 3614 2579 3689 ἦν
2624 3619 2774 3689 ὑμῖν,
2818 3619 2897 3671 ὅτι
2924 3620 3025 3689 τὴν
3053 3615 3224 3691 νομὴν
3251 3620 3349 3691 τὴν
3396 3620 3565 3691 καλὴν
3607 3618 3713 3672 ὲνέο

2139 3707 2322 3778 μεσθε,
2353 3709 2445 3762 καὶ
2472 3708 2542 3763 τὰ
2568 3710 2870 3763 κατάλοιπα
2896 3711 2994 3781 τῆς
3022 3708 3191 3781 νομῆς
3219 3712 3570 3765 κατεπατεῖτε
3600 3713 3709 3775 τοῖς

2135 3800 2292 3852 ποσὶν
2323 3800 2496 3871 ὑμῶν,
2529 3801 2621 3855 καὶ
2648 3801 2717 3853 τὰ
2747 3802 2993 3873 πρόϐατα
3021 3802 3091 3855 τὰ
3134 3805 3428 3874 πατήματα
3470 3805 3577 3856 τῶν
3613 3819 3709 3856 πο-

2133 3890 2239 3945 δῶν
2267 3891 2419 3963 ὑμῶν
2448 3891 2667 3962 ήσθιον;
2708 3912 2725 3944 ι
2760 3895 2868 3947 Καὶ
2895 3895 3141 3966 ἐπιφέρει
3173 3897 3290 3965 μετ’
3320 3892 3492 3983 όλίγαο
3542 3913 3563 3948 ι
3598 3894 3709 3955 Καὶ

1930 4092 1974 4128 δι
2007 4087 2179 4154 Ibid.,
2233 4090 2286 4145 8.
2364 4091 2410 4122 δ’
2460 4090 2627 4157 ῙΙιίιΙ.,
2658 4092 2744 4150 ll.
2822 4093 2868 4123 ⁸³
2894 4091 3057 4160 lbid.,
3088 4098 3272 4157 19-20.

1716 4340 1719 4341 ί
1760 4262 2123 4321 VARIORUM
2158 4263 2390 4322 Nona.

529 4445 641 4517 (99)
661 4446 787 4521 _'l_)q
811 4445 1022 4521 πέιεῖρις
1048 4446 1206 4521 ἔχεεν
1226 4446 1436 4521 βάρος.
1470 4448 1623 4521 Alter
1658 4448 1780 4502 cod.
1824 4446 2031 4521 Vindo-

2146 4432 2465 4521 presbytero
2486 4451 2595 4520 egit
2621 4450 2901 4521 Synesius,
2935 4450 3095 4517 cujus
3131 4452 3254 4505 vide
3295 4452 3453 4505 sodes
3493 4450 3691 4521 episto-

463 4511 589 4579 boit.
621 4511 800 4587 πλεῖον
829 4511 921 4587 οὖν
956 4511 1119 4587 βάρος
1146 4511 1531 4587 ἔχωνξῡοειιηι
1558 4518 1609 4571 in
1647 4534 1711 4572 eo
1738 4518 1900 4572 verba
1940 4532 2029 4570 se-

459 4586 683 4657 quentia
712 4586 854 4659 :Kal.
878 4585 1058 4659 μεῖζον
1081 4585 1362 4659 βαστάζων
1391 4588 1625 4659 φορτίον.
1651 4586 1781 4656 Quae
1801 4594 2032 4659 possunt

461 4654 675 4717 abesse,
709 4655 803 4710 sed
833 4654 1028 4712 melius
1065 4664 1150 4711 est
1187 4658 1263 4723 ὡς
1305 4654 1485 4715 πλεῖον
1514 4654 1683 4727 quam
1705 4654 1886 4715 πλεῖον
1914 4654 2027 4711 οὖν.

459 4728 629 4782 (lusa.

528 4794 678 4920 «1.00)
694 4793 805 4853 Καὶ
819 4798 1349 4879 προσκλαύσιιντα,
1379 4818 1434 4882 κ.
1451 4797 1700 4879 1.1..Hie,
1716 4813 1835 4867 cap.
1858 4797 1943 4859 16,
1960 4796 2023 4853 61

564 4868 639 4920 ιι).
666 4880 785 4920 vm.
816 4880 937 4920 can.
968 4865 1023 4920 8.
1057 4869 1352 4920 multisuue
1392 4886 1447 4920 m
1485 4870 1620 4920 loms
1648 4868 1892 4920 Patrum.
1931 4867 2023 4920 de-

459 4875 513 4921 et
541 4865 639 4920 lib.
666 4880 785 4929 vm,
816 4880 937 4934 cap.
968 4865 1023 4937 8,
1057 4869 1352 4937 multisque
1392 4870 1447 4923 in
1485 4869 1620 4923 locis
1648 4865 1892 4928 Patrum,
1931 4867 2030 4921 de—

459 4938 699 5008 claratur
733 4949 852 4989 mos
877 4936 1155 5005 antiquus,
1192 4936 1491 4993 secundum
1521 4953 1680 5008 quem
1713 4939 1759 4993 is
1805 4939 1897 5007 qui
1937 4938 2025 5008 in-

460 5006 770 5080 nocentiam
809 5008 1319 5080 peccatopamissam
1352 5006 1672 5080 poenitentia
1703 5006 1903 5080 ductus
1930 5007 2026 5062 de-

459 5075 643 5139 ﬂebat,
675 5076 890 5146 eunetis
918 5092 1016 5146 pro
1047 5078 1138 5131 illo
1167 5078 1333 5132 Deum
1353 5075 1439 5133 "ac.
1482 5079 1777 5133 antistitem
1824 5078 2023 5146 depre-

459 5146 736 5210 cantibus,
785 5144 1039 5205 Ecclesiae
1076 5149 1468 5203 restituebatur
1517 5164 1548 5203 a
1600 5147 1850 5214 praasule.
1883 5144 2027 5216 Lege

458 5216 1035 5275 ordinaria.videlieet.
1066 5216 1340 5273 Interdum
1362 5220 1505 5277 enim
1533 5218 1772 5286 episcOpi
1799 5218 2026 5270 utebanv

461 5296 551 5357 tur
576 5294 841 5357 potestate
870 5300 1008 5353 sua;
1040 5297 1201 5356 atque
1230 5296 1325 5347 aut
1365 5290 1665 5343 reluctante
1713 5288 1914 5357 populo
1954 5286 2023 5340 ad

462 5355 759 5413 Ecclesiam
783 5355 1126 5415 revertentes
1149 5359 1522 5421 admittebant,
1556 5365 1648 5410 aut
1677 5355 1868 5410 contra
1907 5358 2025 5427 ple-

460 5427 585 5500 bent
614 5442 715 5500 pro
740 5428 1116 5500 peccatoribus
1149 5430 1514 5500 postulantem
1540 5428 1882 5500 recusabant
1923 5443 2023 5480 au-

461 5496 596 5569 dire.
633 5496 861 5569 Priorisﬂ
872 5498 1013 5569 juris
1040 5496 1344 5569 exemplum
1375 5496 1684 5569 suppeditat
1716 5496 2021 5569 Cyprianus

464 5566 518 5625 in
552 5565 787 5634 Epistola
816 5568 906 5629 55.
952 5568 1017 5623 ad
1059 5565 1392 5631 Cornelium,
1442 5565 1567 5621 ante
1604 5565 1784 5628 tinem,
1831 5568 1901 5620 ab
1934 5566 2018 5620 his

460 5636 644 5705 verbis
670 5653 685 5688 :
712 5635 757 5689 0
780 5638 826 5689 si
854 5652 1054 5705 posses.
1079 5638 1247 5705 frater
1269 5638 1597 5699 charissima,
1628 5638 1749 5689 istic
1773 5642 2019 5689 interesse

465 5704 750 5761 uobiscum.
799 5704 1091 5764 Pestcriori
1136 5723 1264 5764 vero
1306 5708 1430 5777 jure
1476 5724 1601 5762 cum
1641 5707 2017 5777 Lamponiano

2141 4508 2247 4589 iam
2281 4508 2370 4577 67.
2408 4508 2724 4574 Νθδυιιιὶἱιί
2757 4508 2915 4575 debet
2950 4508 3181 4576 illustris
3211 4523 3362 4574 locus
3394 4508 3541 4589 apud'
3563 4519 3699 4573 Por-

2137 4588 2388 4661 phyrium
2412 4590 2477 4643 de
2500 4589 2689 4661 Styge:
2710 4591 3176 4661 Ἑξομολογοῦνται
3198 4590 3416 4661 ἐπὶτῶν
3429 4588 3628 4661 ἐτέρῳν
3652 4592 3704 4644 et

2137 4607 2388 4657 puyrium
2412 4607 2477 4643 ue
2500 4607 2593 4660 my
2633 4607 2689 4646 e:
2724 4607 3176 4661 ιιςομολογουνται
3198 4607 3290 4642 επι
3310 4607 3416 4644 των
3429 4607 3628 4660 ετερων
3652 4607 3698 4644 ει

2132 4674 2186 4709 τι
2206 4658 2470 4732 ἥμαρτον·
2496 4607 2695 4732 καὶξέη
2706 4680 2786 4714 σιν
2808 4662 3103 4732 ποιοῦνται,
3122 4661 3281 4732 ἴναᾼοί
3302 4660 3476 4732 λοιποὶ
3497 4659 3700 4732 -εύξῳν-

2132 4743 2221 4801 ται
2251 4730 2376 4799 περὶ
2402 4730 2599 4801 αύτῶν,
2630 4729 2723 4785 καὶ
2750 4730 3083 4801 νηστεύσωσι
3125 4730 3315 4801 χρόνον
3342 4729 3464 4801 τινά
3495 4729 3693 4782 ἱκανόν.

2133 4794 2246 4851 Hoc
2277 4794 2381 4864 est,
2424 4798 2752 4869 Conﬁtentur
2800 4794 2911 4855 Indi
2958 4802 3022 4854 ad
3076 4794 3216 4853 antri
3263 4799 3463 4854 ostium
3517 4815 3697 4852 coram

2132 4868 2276 4930 aliis,
2307 4868 2356 4921 si
2384 4869 2507 4939 quid
2538 4872 2737 4939 peccati
2766 4872 3147 4938 commiserint;
3175 4879 3463 4939 rogantque
3486 4878 3543 4922 ut
3572 4870 3695 4923 reli-

2130 4939 2220 5017 qui
2265 4953 2360 5006 pro
2402 4940 2527 5017 ipsis
2579 4953 2747 5007 orent,
2794 4952 2844 4997 et
2895 4941 3138 4995 idoneum
3178 4940 3442 5011 quoddam
3498 4949 3694 5008 tenipus

2121 5007 2379 5075 jejunent.
2412 5006 2548 5065 Cor.

2127 5145 2146 5199 l
2200 5076 2277 5150 (1)
2329 5078 2665 5133 Ἐπιτελῶν.
2711 5080 2880 5135 Alter.
2912 5080 3035 5135 eod.
3068 5082 3237 5135 ποιῶν
3274 5080 3465 5135 eodem
3504 5095 3690 5136 sensu.

2151 5162 2203 5199 ι).

2151 5162 2684 5302 ¹λθὶἈτιιιξλήσῃις.
2727 5218 2877 5300 Alter
2929 5220 3052 5302 cod:
3100 5217 3331 5302 ἀμελήςἐ
3376 5222 3471 5302 sed
3541 5219 3692 5302 sequi

2126 5294 2403 5408 gfportergt
2432 5290 2781 5359 ﬁgmegligens
2811 5294 2907 5353 sis,
2942 5292 3087 5347 unde
3118 5290 3257 5346 ferte
3308 5291 3513 5347 factum
3556 5293 3690 5361 ἀμε-

2198 5373 2313 5408 σηε.
2388 5372 2507 5408 LER.

2159 5358 2313 5427 ήσῃς.
2343 5358 2507 5409 CLER.
2664 5358 2671 5359 ί

2196 5424 2335 5495 (5-4)
2380 5425 2523 5478 Ὅτι.
2554 5427 2617 5479 υἱ
2646 5428 2698 5481 in
2728 5428 2900 5483 altero
2926 5430 3049 5491 cod,
3093 5430 3169 5487 In.

2315 5496 2564 5569 ᾼριξμρᾷ.
2583 5497 2731 5569 Alter
2754 5498 2945 5569 ἀγροῦ,
2975 5507 3033 5552 ιιι
3063 5500 3263 5553 habent
3292 5496 3430 5550 LXX
3465 5499 3588 5552 Intt.
3618 5497 3689 5554 In.

2192 5560 2270 5633 ('6)
2309 5560 2441 5617 Kal;
2474 5560 2626 5644 ξῖῖτα,
2667 5560 2998 5637 ιιιιει·”οο‹1.,
3032 5569 3178 5644 quod
3201 5570 3426 5634 rectius,
3472 5579 3691 5644 propter

2125 5632 2376 5704 sequens,
2410 5632 2521 5687 καί.
2555 5634 2629 5693 In.
