4082 6262
345 371 451 430 633

1272 371 1866 434 CONSTl'l-‘UTIONES
1895 376 2581 440 APOSTOLICE.—LIB.
2616 385 2682 441 l'.

3501 397 3609 455 058

344 484 641 556 γνώσεσθε,
667 486 764 540 ,ὅτι
793 485 904 556 ἐγὼ
948 485 1173 560 Κύριος,
1218 489 1312 542 καὶ
1353 490 1510 560 ὑμεῖς
1540 491 1790 562 πρόϐατα
1827 493 1888 564 τῆ

1995 549 1996 557 χ
2030 487 2315 566 subjungit
2345 515 2361 563 ;
2401 515 2419 550 ι
2459 497 2525 551 Et
2559 502 2906 570 cognoscetis
2939 504 3070 574 quia
3099 521 3205 577 ego
3239 508 3524 574 Dominus.
3555 530 3611 570 et

343 585 514 656 νομῆς
541 600 665 656 μου,
695 583 972 656 ἄνθρωποί
1004 599 1104 656 μου
1147 584 1301 649 ἐστὲ,
1331 585 1428 638 καὶ
1454 583 1564 654 ἐγὼ
1589 584 1722 648 Θεὸς
1751 585 1924 654 ὑμῶν,

342 679 487 749 λέγει
529 679 754 736 Ἀδωναῒ
783 680 1004 752 Κύριος.
1046 700 1065 732 ι

871 773 1266 827 ΚΕΦΑΛΑῘΟΝ
1303 771 1404 825 ῙΘ¹.

2030 604 2128 644 vos
2157 603 2288 645 oves
2335 605 2558 660 pascuae
2600 609 2772 661 meat;
2805 595 3058 655 homines
3090 601 3196 655 mei
3237 603 3397 665 estis,
3427 614 3482 660 ct
3509 624 3611 679 ego

2029 680 2172 739 Deus
2203 691 2406 752 vester,
2439 683 2576 740 dicit
2603 685 2815 742 Adonai
2835 688 3112 748 Dominus
3133 693 3202 749 “.
3235 713 3256 747 ι

2607 801 2838 858 CAPUT
2875 804 3018 861 XIX.

344 867 462 920 Ὅτι
508 865 608 920 καὶ
653 868 686 921 ό
727 866 973 937 ποιμὴν,
1018 865 1254 937 ἀμελῶς
1299 865 1622 935 φερόμενος
1673 862 1809 931 περὶ
1851 879 1887 914 τ

2027 887 2182 955 Quod
2207 899 2412 959 pastor,
2443 893 2617 947 ovium
2654 896 2944 968 negligens,
2968 915 3148 956 arenas
3187 905 3395 971 solvat;
3423 917 3472 962 et
3495 912 3604 966 ovis

411 961 675 1029 πρόϐατα
698 1001 713 1026 ,
757 961 950 1040 ’δίκην
999 961 1300 1023 τίννυσιν,
1357 957 1456 1013 καὶ
1507 959 1572 1011 τὸ
1629 958 1927 1026 πρόϐατον

403 1051 490 1122 μὴ
520 1053 599 1126 (7)
630 1053 994 1122 πειθαρχοῦν
1021 1052 1100 1119 τῷ
1127 1051 1380 1121 ποιμένι,
1410 1046 1732 1110 κολάζεται.

422 1144 713 1200 Ἀκούσατε
740 1147 790 1199 οἱ
821 1147 1138 1210 ἐπίσκοποι,
1183 1144 1276 1198 καὶ
1320 1143 1588 1197 ἀκούσατε
1625 1142 1676 1195 οἱ
1717 1139 1918 1204 λαῖκοὶ,

337 1235 413 1300 ῶς
442 1237 518 1308 (8)
549 1255 712 1309 φησιν
739 1241 768 1292 6
793 1238 944 1302 Θεός’
983 1257 1002 1290 ι
1051 1236 1238 1310 Κρινῶ
1268 1236 1420 1309 κριὸν
1451 1234 1588 1307 πρὸς
1613 1232 1787 1304 κριὸν,
1819 1230 1916 1286 καὶ

338 1331 609 1402 πρόϐατον
653 1331 789 1403 πρὸς
832 1331 1121 1402 πρόϐατον·
1167 1349 1186 1382 ι
1212 1330 1304 1383 καὶ
1331 1328 1469 1401 πρὸς
1495 1327 1621 1388 τοὺς
1645 1323 1908 1394 ποιμένας

336 1421 522 1492 Mysi“
548 1423 890 1496 Κριθήσεσθε
933 1425 1117 1477 ἕνεκεν
1159 1424 1260 1494 τῆς
1299 1421 1554 1493 ἀπειρίας
1598 1417 1773 1473 αὐτῶν
1819 1417 1913 1470 καὶ

2335 1009 2438 1048 non
2470 997 2710 1054 obediens
2739 1007 2964 1070 pastori,
2993 999 3263 1075 puniatur.

2095 1140 2295 1196 Audite
2337 1142 2602 1216 episcopi,
2649 1153 2704 1202 et
2729 1147 2916 1205 audite
2947 1155 3091 1215 laici,
3125 1167 3234 1222 quo
3264 1154 3428 1210 modo
3466 1155 3601 1214 dicit

2020 1229 2207 1288 Deus:
2245 1251 2262 1284 ι
2300 1232 2569 1291 Judicabo
2597 1238 2823 1293 arietem
2855 1239 2924 1294 ad
2956 1241 3206 1310 arietem,
3255 1255 3312 1301 et
3341 1262 3498 1303 ovem
3529 1249 3598 1307 ad

2019 1338 2174 1378 ovem
2196 1325 2272 1392 ";
2310 1344 2329 1378 ι
2365 1335 2419 1382 et
2448 1343 2558 1398 quo
2599 1331 2760 1385 modo
2809 1333 3126 1401 pastoribus
3168 1337 3275 1393 ait:
3313 1339 3595 1398 Judicabi-

2017 1418 2152 1471 mini
2181 1426 2405 1488 propter
2433 1420 2761 1491 imperitiam
2788 1432 3048 1492 vestram,
3080 1436 3131 1483 et
3165 1439 3390 1501 propter
3409 1436 3594 1490 ovium

219 1641 222 1646 -
335 1607 472 1679 πρὸς
498 1610 796 1663 ἐπίσκοπον
823 1609 1014 1682 κρινῶ,
1053 1610 1148 1664 καὶ
1192 1608 1376 1661 λαῖκὸν
1421 1605 1558 1677 πρὸς
1585 1603 1792 1666 λαῖκδν,
1821 1602 1916 1655 καὶ

2016 1510 2378 1578 perditionem
2424 1531 2438 1568 :
2483 1514 2589 1568 hoc
2641 1529 2745 1583 est,
2778 1515 3110 1589 Episc0pum
3153 1523 3222 1578 ad
3273 1527 3590 1599 episcopum

2010 1601 2293 1670 judicabo,
2339 1611 2397 1659 et
2441 1606 2637 1662 laicum
2688 1610 2755 1663 ad
2804 1611 3024 1676 laicum,
3075 1624 3129 1669 et
3179 1619 3482 1688 principem
3525 1621 3591 1676 ad

333 1701 570 1773 ἄρχοντα
597 1702 733 1774 πρὸς
761 1703 1015 1774 ἄρχοντα.
1043 1701 1250 1772 Λογικὰ
1275 1700 1386 1773 γὰρ
1412 1699 1482 1753 τὰ
1507 1699 1776 1770 πρόϐατα,
1819 1713 1888 1750 κα

2015 1694 2340 1766 principem.
2402 1697 2718 1757 Rationales
2747 1703 2893 1756 enim
2923 1713 3052 1759 sunt
3098 1714 3210 1762 tam
3237 1725 3390 1775 oves,
3426 1728 3592 1781 quam

333 1795 384 1847 oi
412 1796 556 1867 κριοὶ
580 1791 747 1859 οὗτοι,
778 1795 890 1849 ἀλλ’
935 1796 1035 1849 ούκ
1079 1795 1267 1864 ἄλογα-
1316 1794 1405 1848 ἵνα
1454 1794 1664 1864 μήποτε
1711 1791 1837 1860 είπῃ
1885 1813 1888 1835 ι

2014 1788 2250 1854 arietes,
2305 1806 2416 1845 non
2465 1801 2645 1848 autem
2712 1795 2944 1851 rationis
2991 1807 3278 1868 expertes;
3330 1819 3400 1857 ne
3451 1804 3594 1860 forte

332 1886 536 1951 λαῖκὸς,
570 1887 689 1940 Ὅτι
718 1887 829 1958 ἐγὼ
856 1888 1124 1960 πρόϐατόν
1152 1889 1289 1958 ειμι,
1327 1887 1420 1940 καὶ
1447 1885 1508 1938 ού
1547 1882 1772 1954 ποιμὴν,
1816 1884 1888 1935 κα

2014 1880 2188 1938 laicus
2218 1882 2366 1936 dicat
2392 1903 2405 1939 :
2435 1883 2549 1954 Ego
2575 1887 2696 1941 ovis
2724 1903 2868 1952 sum,
2900 1897 2956 1942 et
2990 1906 3099 1944 non
3141 1900 3361 1961 pastor;
3390 1893 3438 1950 si
3466 1897 3590 1951 nul-

327 1978 515 2032 οὐδένα
542 1980 698 2051 λόγον
728 1969 802 2054 (9)
831 1980 1068 2053 ἐμαυτοῦ
1111 1980 1442 2052 πεποίημαι,
1479 1976 1592 2032 ἀλλ’
1630 1979 1659 2030 6
1705 1975 1888 2046 ποιμὴτ

2012 1972 2116 2026 lam
2148 1976 2254 2029 mei
2288 1979 2555 2031 rationem
2597 1977 2789 2042 habui,
2839 1979 3036 2036 viderit
3087 1991 3295 2052 pastor,
3345 1987 3392 2042 is
3436 1988 3590 2044 solus

335 1517 430 1587 τῆς
462 1518 542 1580 είς
565 1517 636 1570 τὰ
662 1518 908 1588 πρόϐατα
934 1516 1247 1587 διαφθορᾶς·
1289 1515 1584 1576 τουτέστιν,
1615 1511 1914 1564 ἐπίσκοπον

326 2073 538 2143 ὄψεται,
578 2077 670 2129 κα)⁴
708 2075 869 2139 αὐτὸς
916 2075 1076 2147 μόνος
1100 2073 1576 2146 ιείσπραχθήσεται
1621 2073 1721 2144 τὴν
1768 2071 1888 2141 ύπὲε

2009 2082 2200 2136 pmuas
2232 2083 2331 2138 pro
2375 2084 2463 2124 me
2490 2069 2665 2126 dabit.
2695 2070 2830 2125 Nam
2877 2075 3040 2129 sicuti
3081 2076 3203 2132 ovis
3231 2093 3351 2147 quae
3382 2079 3587 2136 bonum

326 2167 464 2238 ἐμοῦ
493 2167 665 2240 δίκην.
699 2169 907 2241 ’Ὠσπερ
935 2167 1044 2240 γὰρ
1070 2167 1148 2240 τῷ
1177 2167 1325 2238 καλῷ
1353 2167 1572 2238 ποιμένι
1599 2166 1660 2218 τὺ
1684 2165 1757 2236 μὴ
1778 2165 1908 2217 ἀκο-

324 2259 548 2315 λουθοῦν
591 2263 893 2334 πρόϐατον,
939 2263 1122 2327 λύκοις
1166 2262 1407 2316 ἔκκειται
1452 2263 1532 2323 είς
1574 2257 1902 2330 διαφθορὰν,

323 2353 469 2409 οὕτω
495 2355 572 2428 τῷ
616 2357 839 2429 πονηρῷ
883 2357 1103 2430 ποιμένι
1145 2357 1206 2410 τὸ
1245 2354 1592 2418 ἀκολουθοῦν,
1640 2352 1905 2424 πρόδηλον

321 2445 434 2517 ἔχει
462 2447 553 2501 τὸν
583 2449 829 2514 θάνατον,
861 2451 942 2504 ὄτι
984 2449 1386 2522 κατατρὼξεται
1426 2447 1574 2502 αύτό.
1623 2447 1712 2500 Διὸ
1739 2463 1904 2517 φευκ-

322 2539 442 2594 τέον
470 2540 578 2594 ἀπὸ
605 2541 712 2595 τῶν
741 2543 985 2615 φθορέων
1018 2544 1309 2615 ποιμένων.

846 2658 1240 2711 ΚΕΦΑΛΑΙΟΝ
1277 2659 1362 2710 K'.

391 2745 591 2816 Ὅπως
615 2749 733 2818 χρὴ
763 2749 905 2816 τοὺς
930 2751 1300 2820 ἀρχομένους
1328 2747 1668 2817 πειθαρχεῖν
1707 2745 1832 2813 τοῖς

766 2820 1061 2888 ἄρχουσι-ν
1087 2821 1453 2884 ἐπισκόποις.

386 2907 491 2963 Τὸν
521 2911 702 2981 μέντοι
731 2915 961 2985 ποιμένα
988 2915 1079 2967 τὸν
1114 2912 1316 2982 ἀγαθὸν
1361 2915 1389 2965 6
1433 2910 1618 2974 λαῖκδς
1661 2909 1896 2981 τιμάτω,

315 3002 605 3072 ἀγαπάτω,
653 3006 946 3074 φοϐείσθω,
989 3008 1063 3070 ὡς
1103 3007 1290 3079 κύριον
1320 3004 1452 3078 (10),
1493 3005 1569 3069 ὡς
1610 3003 1894 3074 δεσπότην,

313 3093 390 3157 ὼς
419 3095 677 3169 ἀρχιερέα
706 3096 862 3162 Θεοῦ,
893 3100 968 3162 ὡς
995 3099 1308 3153 διδάσκαλον
1349 3097 1646 3160 εὐσεϐείας.
1691 3099 1749 3151 '0
1785 3095 1894 3170 γάρ

315 3187 478 3242 αὐτοῦ
504 3188 739 3256 ἀκούων,
769 3193 1004 3264 Χριστοῦ
1035 3193 1242 3258 ἀκούει,
1275 3194 1368 3247 καὶ
1406 3195 1434 3246 6
1475 3191 1635 3245 αὐτὸν
1663 3190 1890 3254 ἀθετῶν,

2010 2166 2282 2228 pastorem
2310 2177 2421 2216 non
2453 2163 2722 2232 sequitur,
2754 2165 2898 2235 lupis
2921 2168 3172 2238 exposita
3193 2178 3276 2224 est
3297 2170 3363 2224 ad
3396 2171 3590 2228 interi-

2009 2261 2154 2320 tum;
2204 2255 2280 2309 ita
2328 2271 2450 2325 qua:
2480 2259 2683 2312 malum
2723 2269 3001 2329 pastorem
3048 2272 3320 2328 sectatur,
3351 2274 3584 2323 mortem

2006 2345 2181 2402 vitare
2222 2349 2441 2419 nequit;
2475 2351 2543 2404 ab
2581 2367 2677 2415 eo,
2729 2353 2966 2420 scilicet,
3016 2355 3388 2414 devorabitur.
3436 2359 3586 2427 Quo-

2006 2437 2154 2493 circa
2193 2439 2434 2512 fugiendi
2465 2449 2596 2498 sunt
2622 2446 2920 2514 perniciosi
2949 2457 3225 2517 pastores.

2585 2646 2816 2703 CAPUT
2857 2648 2975 2704 XX.

2003 2733 2277 2800 Quomodo
2306 2736 2528 2806 subjecti
2575 2742 2885 2863 prat-‘ptli’siris‘
2915 2742 3018 2795 sibi
3067 2743 3322 2811 episcopis
3370 2744 3579 2800 obedire

2703 2829 2730 2863 e
2764 2828 2862 2863 ean
2891 2853 2906 2863 .

2703 2828 2885 2865 ευεαηι
2891 2853 2906 2866 .

2071 2898 2117 2930 ⁸⁸
2142 2897 2204 2952 Et
2240 2899 2457 2968 quidem
2493 2901 2698 2955 bonum
2737 2911 3012 2971 pastorem
3050 2903 3226 2959 laicus
3257 2916 3572 2972 veneretur,

1999 2999 2164 3057 amet,
2195 3001 2420 3056 metuat,
2453 3001 2710 3063 tanquam
2734 2993 3040 3061 dominum,
3069 3004 3327 3068 tanquam
3353 3001 3571 3069 herum,

1999 3089 2260 3152 tanquam
2302 3083 2396 3140 Dei
2437 3087 2769 3155 pontiﬁcem,
2816 3100 3076 3160 tanquam
3104 3095 3426 3164 magistrum
3454 3101 3572 3169 pie.

2001 3175 2151 3231 tatis.
2183 3177 2286 3242 Qui
2314 3179 2459 3232 enim
2493 3181 2644 3248 audit
2666 3198 2814 3247 eum,
2857 3185 3137 3242 Christum
3169 3190 3352 3258 audit;
3383 3201 3438 3248 ct
3475 3197 3570 3266 qui

314 3283 546 3354 Χριστὸν
574 3283 775 3349 ἀθετεῖ,
806 3286 900 3339 καὶ
929 3289 956 3339 6
994 3286 1084 3339 τὸν
1126 3286 1360 3357 Χριστὸν
1393 3285 1464 3357 μὴ
1494 3283 1798 3355 δεχόμενος,
1830 3282 1888 3335 οὐ

1997 3271 2208 3337 spernit
2232 3287 2377 3335 eum,
2411 3271 2690 3328 Christum
2724 3279 2962 3346 spernit;
2995 3288 3049 3334 et
3089 3283 3183 3352 qui
3233 3300 3340 3339 non
3374 3289 3570 3361 recipit

297 3375 522 3447 δέχεται
549 3377 640 3431 τὸν
667 3377 832 3432 αὑτοῦ
861 3378 992 3433 Θεὸν
1020 3381 1113 3433 καὶ
1141 3379 1378 3450 Πατέρα.
1417 3398 1435 3429 ι
1475 3377 1533 3430 Ὀ
1577 3377 1750 3448 ὑμῶν,
1784 3376 1892 3448 γάρ

311 3486 496 3541 φησιν,
527 3469 761 3534 ἀκούων,
791 3471 925 3543 ἐμοῦ
955 3470 1160 3535 ἀκούει,
1179 3473 1284 3528 ,καὶ
1310 3473 1338 3524 ὁ
1368 3471 1512 3541 ὑμᾶς
1531 3467 1760 3532 ἀθετῶν,
1790 3470 1891 3539 ἐμὲ

308 3561 511 3625 ἀθετεῖ,
541 3565 635 3616 καὶ
661 3565 689 3617 6
729 3564 828 3636 ἐμὲ
867 3563 1093 3628 ἀθετῶν,
1139 3563 1320 3617 ἀθετεῖ
1363 3563 1453 3616 τὸν
1497 3559 1890 3616 ἀποστείλαντά

311 3671 401 3727 με.
431 3674 452 3707 ι
500 3655 730 3727 Ὁμοίως
757 3659 785 3710 6
810 3657 1106 3733 ἐπίσκοπος
1151 3657 1226 3720 ὡς
1275 3657 1440 3709 τέκνα
1481 3655 1609 3716 τοὺς
1669 3652 1888 3717 λαῖκοὺς

306 3745 597 3816 ἀγαπάτω,
639 3747 859 3801 θάλπων
903 3749 998 3802 καὶ
1044 3751 1282 3821 στέργων
1315 3748 1424 3820 (11)
1462 3750 1528 3820 τῇ
1561 3747 1760 3818 σπουδῇ
1789 3748 1887 3818 τῆς

305 3839 550 3912 ἀγάπης,
581 3840 656 3905 ὼς
683 3841 785 3905 ὠά,
815 3844 895 3906 είς
921 3843 1269 3914 περιποίησιν
1293 3842 1542 3904 νοσσίων,
1585 3840 1618 3912 ἢ
1662 3840 1738 3903 ὡς
1764 3856 1886 3894 νοσ-

307 3933 420 3996 σία,
451 3932 877 4005 ἀγκαλιζόμενος
902 3936 983 3998 είς
1008 3935 1353 4007 περιποίησιν
1380 3933 1627 4005 ὀρνίθωνο
1677 3933 1885 3998 πάντας

303 4026 592 4092 νουθετῶν,
636 4029 770 4082 πᾶσι
816 4031 929 4092 τοῖς
973 4027 1312 4100 πληκτισμοῦ
1361 4026 1471 4099 (12)
1518 4027 1883 4098 ἐπιδεομένοις

303 4114 676 4193 ἐπιπλήσσων,
707 4121 842 4175 ἀλλὰ
872 4122 946 4196 μὴ
976 4122 1250 4195 πλήσσων,
1275 4120 1582 4184 ὑποπιέζων
1601 4123 1680 4184 είς
1698 4121 1881 4191 ἐντρο-

303 4213 434 4284 πὴν,
462 4213 599 4271 ἀλλὰ
628 4213 738 4288 (15)
772 4215 845 4288 μὴ
877 4219 956 4278 εἰς
995 4215 1328 4286 ἀνατροπὴν,
1358 4211 1621 4266 νουθετῶν
1651 4214 1731 4275 εἰς
1760 4213 1882 4265 ἐπι-

305 4307 565 4380 στροφὴν,
607 4307 876 4379 ἐπιτιμῶν
916 4310 996 4372 εἰς
1030 4308 1333 4380 διόρθωσιν,
1363 4306 1457 4359 καὶ
1485 4305 1754 4376 εὐθύτητα
1783 4321 1881 4357 πο-

303 4399 455 4470 ρείας
476 4416 490 4431 ο
521 4399 583 4452 τὸ
615 4400 831 4473 ἰσχυρὸν
857 4401 1161 4470 φυλάσσων,
1193 4399 1457 4462 τουτέστι,
1485 4397 1546 4450 τὸ
1574 4397 1783 4469 ἑδραῖον
1810 4398 1875 4467 τῇ

1995 4403 2186 4447 reetam
2240 4391 2472 4447 deducat
2527 4411 2541 4445 :

1977 4497 2084 4554 est,
2137 4487 2283 4558 quod
2339 4485 2443 4541 tlde
2489 4485 2776 4540 formatum
2825 4493 2931 4551 est,
2996 4486 3052 4540 in
3103 4495 3218 4541 tuto
3265 4503 3490 4543 servans
3531 4509 3544 4548 :

301 4492 480 4545 πίστει
499 4492 738 4562 ἀσφαλὲς
755 4494 958 4566 τηρῶνο
986 4493 1077 4546 τὸν
1094 4493 1221 4547 λαὸν
1241 4491 1528 4564 εἰρηνικῶς
1548 4489 1870 4560 ποιμαίνωψ

1994 3362 2296 3430 Christum,
2327 3381 2436 3419 non
2460 3368 2652 3437 recipit
2699 3369 2846 3424 illius
2890 3370 3058 3426 Deum
3109 3390 3173 3428 ac
3215 3375 3454 3434 Patrem.
3480 3382 3569 3438 Ait

1993 3456 2136 3510 enim
2169 3477 2182 3512 :
2225 3477 2242 3509 ι
2279 3459 2383 3524 Qui
2414 3474 2512 3515 vos
2541 3461 2713 3524 audit,
2740 3478 2827 3517 me
2869 3465 3050 3532 audit;
3081 3474 3136 3522 et
3164 3471 3254 3538 qui
3285 3487 3384 3526 vos
3408 3488 3566 3544 sper-

1991 3550 2094 3612 nit,
2135 3566 2222 3605 me
2253 3553 2491 3621 spernit;
2535 3561 2590 3607 et
2639 3556 2730 3623 qui
2779 3573 2864 3612 me
2911 3561 3142 3628 spernit,
3187 3566 3397 3632 spernit
3440 3581 3566 3619 eum

1989 3643 2083 3712 qui
2113 3659 2199 3698 me
2234 3645 2462 3701 misit".
2498 3665 2516 3697 ι
2570 3645 2834 3703 Similiter
2880 3652 3171 3721 episcopus
3205 3655 3375 3713 laicos
3411 3665 3470 3711 ut
3504 3659 3566 3711 Ii-

1988 3735 2093 3790 lios
2123 3736 2344 3807 diligat;
2378 3741 2646 3794 naturalis
2673 3742 2858 3796 studio
2887 3745 3167 3801 charitatis
3198 3763 3560 3820 prosequens,

1986 3843 2052 3884 ac
2075 3829 2287 3895 fovens,
2319 3833 2477 3902 quasi
2501 3848 2602 3888 ova
2636 3835 2704 3889 ad
2729 3837 3098 3893 cxclusionem
3135 3843 3430 3910 pullorum,
3466 3857 3561 3898 aut

1985 3924 2144 3993 quasi
2191 3926 2369 3996 pullos
2409 3934 2469 3980 ut
2516 3926 2572 3980 in
2621 3927 2852 3998 gallinas
2894 3930 3198 3985 educentur
3237 3933 3362 3988 sinu
3409 3951 3562 3991 com-

1985 4017 2229 4086 plectens
2265 4038 2278 4073 :
2314 4029 2544 4074 cunctos
2590 4021 2922 4088 admonens;
2963 4039 3156 4078 omnes
3192 4027 3288 4094 qui
3319 4031 3558 4100 castiga-

1985 4110 2131 4164 tione
2160 4109 2403 4181 indigent
2437 4111 2658 4175 lzedens,
2691 4113 2788 4166 sed
2813 4129 2922 4166 non
2957 4115 3207 4176 illidens:
3238 4118 3304 4171 ad
3335 4135 3558 4177 convcr-

1983 4207 2190 4260 sionem
2237 4222 2510 4276 premens,
2547 4221 2658 4260 non
2688 4217 2870 4260 autem
2915 4207 2982 4261 ad
3011 4211 3382 4279 eversionem;
3421 4230 3556 4269 sua-

1980 4299 2115 4355 dens
2137 4299 2204 4353 ad
2223 4315 2558 4370 regressum;
2590 4300 2882 4369 increpans
2901 4308 2961 4353 ut
2989 4303 3228 4371 corrigat
3253 4311 3308 4357 et
3329 4304 3385 4358 in
3407 4306 3553 4360 viam

2601 4391 2743 4461 quod
2787 4391 3000 4446 ﬁrmum
3039 4403 3124 4449 est
3173 4395 3445 4464 retinens;
3496 4398 3553 4454 id

297 4572 360 4637 τὸ
387 4584 770 4658 ἐνοχλούμενον
788 4586 1068 4659 ἐνισχύων,
1100 4585 1364 4648 τουτέστι,
1393 4583 1454 4637 τὸ
1482 4579 1873 4654 πειραζόμενον

1995 4583 2236 4649 )opulum
2300 4579 2526 4650 paciﬁce
2587 4594 2820 4649 pascens
2875 4599 2889 4634 :
2941 4581 3087 4651 quod
3141 4595 3406 4651 quassum
3463 4591 3550 4639 est

298 4677 358 4734 ἐν
381 4679 447 4748 τῇ
475 4677 724 4751 νουθεσίᾳ
756 4680 1141 4753 στερῤοποιῶψ
1173 4679 1235 4731 τὸ
1263 4676 1582 4750 ἀρῤωστοῦν
1625 4673 1872 4745 ἰώμενος,

1970 4677 2271 4742 roborans;
2316 4677 2418 4731 hoc
2469 4682 2590 4738 est,
2641 4675 2786 4746 quod
2833 4675 3134 4732 tentatione
3191 4678 3546 4743 concutitur,

297 4769 562 4834 τουτέστι,
605 4771 667 4825 τὸ
701 4772 889 4826 νοσοῦν
917 4773 980 4826 ἐκ
1023 4773 1121 4844 τῆς
1151 4771 1385 4835 πίστεως
1411 4771 1470 4823 ἐν
1498 4768 1752 4841 διχονοίᾳ,
1787 4767 1875 4822 διὰ

1995 4769 2344 4825 ιάιηοιιὶιῖοηο
2389 4769 2743 4824 cousolidans
2790 4787 2803 4823 :
2856 4769 3004 4839 quod
3035 4777 3296 4839 aegrotum
3328 4779 3414 4826 est
3456 4785 3546 4824 sa-

296 4863 394 4934 τῆς
419 4863 762 4930 διδασκαλίας
812 4864 1147 4939 θεραπεύων·
1192 4864 1253 4918 τὸ
1295 4862 1746 4936 συντετριμμένον
1777 4878 1875 4914 κα-

295 4957 595 5029 ταδεσμῶν,
625 4957 892 5024 τουτέστι,
923 4958 984 5012 τὸ
1012 4956 1504 5030 πεπλανημένον,ῆ
1531 4956 1592 5009 τὸ
1610 4953 1873 5026 τεθραυσ-

1972 4877 2138 4928 nans;
2194 4863 2240 4916 Id
2271 4870 2375 4925 cst,
2410 4860 2556 4930 quod
2586 4877 2653 4916 ex
2699 4860 2805 4917 [ide
2831 4863 3122 4918 vacillante
3174 4863 3413 4928 laborat,
3445 4879 3544 4932 per

1969 4953 2275 5007 doctrinam
2301 4968 2501 5008 curans
2535 4973 2549 5009 :
2581 4952 2726 5023 quod
2759 4956 3058 5009 contritum
3088 4963 3172 5012 est
3200 4957 3404 5027 ligans;
3439 4954 3542 5010 hoc

332 5091 378 5124 “
408 5090 605 5148 Ezech.
634 5107 822 5156 xxxrv,
848 5091 940 5156 ὅθ,
968 5089 1052 5146 51-
1082 5089 1268 5146 δειδῑά.
1297 5091 1380 5147 17.
1421 5093 1480 5134 ςιθ
1512 5091 1549 5146 l.
1607 5088 1781 5160 lgnat.
1825 5090 1888 5144 in:

1995 5089 2078 5144 μοι.
2156 5089 2222 5145 ad
2261 5090 2428 5146 Trall.
2455 5091 2507 5146 7.
2577 5091 2622 5123 "
2642 5091 2772 5148 Luc.
2794 5108 2849 5157 ι,
2875 5093 2962 5150 16.

1597 5243 1960 5302 VARIORUM
1997 5245 2232 5303 NOTAE.

283 5387 286 5390 ’
363 5381 444 5456 (Ἰ)
480 5381 685 5456 Μή.Τδ
701 5385 772 5456 μή
806 5385 860 5438 in
891 5386 1060 5441 altero
1089 5383 1477 5449 codicum,nec
1508 5383 1850 5441 male.CLsn.

386 5453 440 5525 ε)
482 5455 604 5525 Ὦς.
636 5453 722 5515 τι,
752 5453 898 5525 quid.
933 5457 1005 5510 lo.

383 5523 437 5595 9)
475 5523 586 5578 Kal
626 5523 844 5579 οὐδένα
883 5528 1086 5594 λόγον.
1131 5525 1255 5580 Haec
1283 5526 1446 5581 verba
1476 5533 1530 5580 et
1569 5527 1850 5595 sequentia

291 5594 357 5666 ad
382 5594 539 5666 δίκην
564 5595 764 5650 desunt
803 5597 856 5650 in
901 5597 1071 5649 altero
1101 5597 1306 5650 codice.
1339 5596 1477 5650 Sunt
1512 5594 1701 5652 revera
1736 5613 1853 5650 am-

295 5665 552 5737 plificatio
575 5681 787 5730 eorum,
817 5682 937 5737 quae
979 5666 1224 5736 proxime
1256 5666 1702 5737 antecesserunt;
1755 5667 1848 5722 sed
1949 5681 2079 5737 νοις.

291 5735 426 5866 nilnil
465 5743 613 5795 vetat
653 5737 768 5792 hch
803 5735 1017 5812 quoque
1055 5751 1177 5794 esse
1233 5753 1263 5793 a
1310 5735 1608 5809 Scriptoris
1661 5752 1845 5794 manu.

363 5821 415 5862 υ.

363 5821 415 5862 υ.

2101 5382 2152 5464 θ)
2197 5381 2293 5448 Ὠς
2319 5383 2544 5470 κύριον.
2562 5383 3002 5470 Ριςιῐιηὶίξιὶιθιῑθς
3026 5381 3196 5470 codex
3213 5381 3288 5448 ὡς
3310 5385 3542 5453 πατέρα,

1971 5452 2279 5521 oinittitque
2301 5454 2446 5521 quod
2473 5455 2720 5520 sequitur
2739 5454 2814 5515 ὡς
2837 5452 3122 5522 δεσπότην.
3155 5454 3232 5508 11).

2171 5521 2455 5598 ᾃέρτων.
2490 5519 2632 5598 Idem
2659 5521 2829 5598 habet
2854 5519 3183 5598 θερμαίνων.
3219 5519 3292 5598 In.

2047 5523 2134 5593 11)
2171 5523 2455 5590 Στέρτων.
2490 5523 2632 5575 Idem
2668 5523 2829 5574 habet
2859 5523 3183 5590 θερμαίνων.
3219 5523 3292 5598 In.

2019 5523 2591 5717 (ρζυηληκτισμοῦ.
2643 5592 2794 5644 Alter
2850 5590 3283 5660 διατληκτισμου
3346 5587 3524 5658 δεομέ.

2020 5735 2133 5808 (15)
2185 5731 2388 5808 Ἀλλά.
2436 5731 2585 5784 Hanc
2609 5746 2818 5808 _voccm
2864 5738 2914 5787 cl
2949 5741 3063 5787 tres
3095 5738 3388 5803 sequentes
3421 5747 3528 5790 uou

1979 5801 2205 5880 legimus
2241 5807 2295 5864 iu
2325 5805 2492 5860 altero
2522 5801 2642 5858 cod.
2681 5804 2751 5860 lo.
