  <div class='ocr_page' id='page_1' title='image "/cluster/home/n/w/nwhite01/storage/ocr_20150623/1/mdp.39015014764065/329.png"; bbox 0 0 4080 6260; ppageno 0'>
   <div class='ocr_carea' id='block_1_1' title="bbox 528 320 634 374">
    <p class='ocr_par' dir='ltr' id='par_1_1' title="bbox 528 320 634 374">
     <span class='ocr_line' id='line_1_1' title="bbox 528 320 634 374; baseline 0 0"><span class='ocrx_word' id='word_1_1' title='bbox 528 320 634 374; x_wconf 74' lang='lat'><strong>635</strong></span> 
     </span>
    </p>
   </div>
   <div class='ocr_carea' id='block_1_2' title="bbox 1370 320 2871 382">
    <p class='ocr_par' dir='ltr' id='par_1_2' title="bbox 1370 320 2871 382">
     <span class='ocr_line' id='line_1_2' title="bbox 1370 320 2871 382; baseline 0 -2"><span class='ocrx_word' id='word_1_2' title='bbox 1370 320 1430 380; x_wconf 77' lang='lat'><strong>8.</strong></span> <span class='ocrx_word' id='word_1_3' title='bbox 1464 322 1857 380; x_wconf 74' lang='lat' dir='ltr'><strong>CLEMENTIS</strong></span> <span class='ocrx_word' id='word_1_4' title='bbox 1889 325 1909 379; x_wconf 87' lang='lat' dir='ltr'><strong>l</strong></span> <span class='ocrx_word' id='word_1_5' title='bbox 1943 323 2110 380; x_wconf 81' lang='lat' dir='ltr'><strong>ROM.</strong></span> <span class='ocrx_word' id='word_1_6' title='bbox 2146 323 2349 381; x_wconf 82' lang='lat' dir='ltr'><strong>PONT.</strong></span> <span class='ocrx_word' id='word_1_7' title='bbox 2384 324 2613 381; x_wconf 79' lang='lat' dir='ltr'><strong>OPERA</strong></span> <span class='ocrx_word' id='word_1_8' title='bbox 2644 324 2871 382; x_wconf 77' lang='lat' dir='ltr'><strong>DUBIA.</strong></span> 
     </span>
    </p>
   </div>
   <div class='ocr_carea' id='block_1_3' title="bbox 3658 329 3765 387">
    <p class='ocr_par' dir='ltr' id='par_1_3' title="bbox 3658 329 3765 387">
     <span class='ocr_line' id='line_1_3' title="bbox 3658 329 3765 387; baseline 0 0"><span class='ocrx_word' id='word_1_9' title='bbox 3658 329 3765 387; x_wconf 76' lang='lat'>656</span> 
     </span>
    </p>
   </div>
   <div class='ocr_carea' id='block_1_4' title="bbox 522 435 2087 520">
    <p class='ocr_par' dir='ltr' id='par_1_4' title="bbox 522 435 2087 514">
     <span class='ocr_line' id='line_1_4' title="bbox 522 435 2087 514; baseline 0.004 -20"><span class='ocrx_word' id='word_1_10' title='bbox 522 447 631 499; x_wconf 83' lang='lat' dir='ltr'><strong>est,</strong></span> <span class='ocrx_word' id='word_1_11' title='bbox 662 435 811 506; x_wconf 86' lang='lat' dir='ltr'><strong>quod</strong></span> <span class='ocrx_word' id='word_1_12' title='bbox 853 451 1049 507; x_wconf 78' lang='lat' dir='ltr'><strong>vagum</strong></span> <span class='ocrx_word' id='word_1_13' title='bbox 1076 445 1185 505; x_wconf 85' lang='lat' dir='ltr'><strong>est,</strong></span> <span class='ocrx_word' id='word_1_14' title='bbox 1216 441 1301 496; x_wconf 90' lang='lat' dir='ltr'><strong>vel</strong></span> <span class='ocrx_word' id='word_1_15' title='bbox 1331 443 1604 506; x_wconf 88' lang='lat' dir='ltr'><strong>collisum,</strong></span> <span class='ocrx_word' id='word_1_16' title='bbox 1636 443 1718 497; x_wconf 86' lang='lat' dir='ltr'><strong>vel</strong></span> <span class='ocrx_word' id='word_1_17' title='bbox 1751 444 1823 497; x_wconf 88' lang='lat' dir='ltr'><strong>ita</strong></span> <span class='ocrx_word' id='word_1_18' title='bbox 1856 447 2087 514; x_wconf 75' lang='lat' dir='ltr'><strong>peccatis</strong></span> 
     </span>
    </p>
   </div>
   <div class='ocr_carea' id='block_1_5' title="bbox 2188 435 3766 520">
    <p class='ocr_par' dir='ltr' id='par_1_5' title="bbox 2197 444 3766 520">
     <span class='ocr_line' id='line_1_5' title="bbox 2197 444 3766 520; baseline 0 -19"><span class='ocrx_word' id='word_1_19' title='bbox 2197 449 2375 520; x_wconf 88' lang='grc' dir='ltr'>μένον,</span> <span class='ocrx_word' id='word_1_20' title='bbox 2406 448 2438 520; x_wconf 82' lang='grc' dir='ltr'>ἢ</span> <span class='ocrx_word' id='word_1_21' title='bbox 2467 449 2527 501; x_wconf 83' lang='grc' dir='ltr'>τὸ</span> <span class='ocrx_word' id='word_1_22' title='bbox 2556 447 2925 519; x_wconf 83' lang='grc' dir='ltr'>κατεαγμένον</span> <span class='ocrx_word' id='word_1_23' title='bbox 2968 446 3026 499; x_wconf 84' lang='grc' dir='ltr'><strong>ἐν</strong></span> <span class='ocrx_word' id='word_1_24' title='bbox 3074 444 3370 516; x_wconf 77' lang='grc' dir='ltr'><strong>ἁμαρτίαις</strong></span> <span class='ocrx_word' id='word_1_25' title='bbox 3412 445 3492 509; x_wconf 88' lang='grc' dir='ltr'><strong>είς</strong></span> <span class='ocrx_word' id='word_1_26' title='bbox 3538 444 3766 517; x_wconf 71' lang='grc' dir='ltr'>χωλείαν</span> 
     </span>
    </p>
   </div>
   <div class='ocr_carea' id='block_1_6' title="bbox 523 527 2093 605">
    <p class='ocr_par' dir='ltr' id='par_1_6' title="bbox 523 527 2093 605">
     <span class='ocr_line' id='line_1_6' title="bbox 523 527 2093 605; baseline 0.006 -22"><span class='ocrx_word' id='word_1_27' title='bbox 523 527 869 583; x_wconf 77' lang='lat' dir='ltr'><strong>confractum</strong></span> <span class='ocrx_word' id='word_1_28' title='bbox 899 540 959 584; x_wconf 94' lang='lat' dir='ltr'><strong>ut</strong></span> <span class='ocrx_word' id='word_1_29' title='bbox 989 531 1045 585; x_wconf 91' lang='lat' dir='ltr'><strong>in</strong></span> <span class='ocrx_word' id='word_1_30' title='bbox 1074 531 1161 585; x_wconf 89' lang='lat' dir='ltr'><strong>via</strong></span> <span class='ocrx_word' id='word_1_31' title='bbox 1194 532 1485 599; x_wconf 70' lang='lat' dir='ltr'><strong>claudicet,</strong></span> <span class='ocrx_word' id='word_1_32' title='bbox 1528 551 1625 605; x_wconf 88' lang='lat' dir='ltr'><strong>per</strong></span> <span class='ocrx_word' id='word_1_33' title='bbox 1662 536 2093 593; x_wconf 81' lang='lat' dir='ltr'><strong>exhortationem</strong></span> 
     </span>
    </p>
   </div>
   <div class='ocr_carea' id='block_1_7' title="bbox 521 622 2095 698">
    <p class='ocr_par' dir='ltr' id='par_1_7' title="bbox 521 622 2095 698">
     <span class='ocr_line' id='line_1_7' title="bbox 521 622 2095 698; baseline 0.006 -24"><span class='ocrx_word' id='word_1_34' title='bbox 521 622 947 675; x_wconf 76' lang='lat' dir='ltr'><strong>consolatoriam</strong></span> <span class='ocrx_word' id='word_1_35' title='bbox 977 623 1245 680; x_wconf 88' lang='lat' dir='ltr'><strong>vinciens.</strong></span> <span class='ocrx_word' id='word_1_36' title='bbox 1268 623 1640 691; x_wconf 88' lang='lat' dir='ltr'><strong>Peccatorem,</strong></span> <span class='ocrx_word' id='word_1_37' title='bbox 1682 628 1959 698; x_wconf 89' lang='lat' dir='ltr'><strong>episcope,</strong></span> <span class='ocrx_word' id='word_1_38' title='bbox 1999 630 2095 684; x_wconf 83' lang='lat' dir='ltr'><strong>de-</strong></span> 
     </span>
    </p>
   </div>
   <div class='ocr_carea' id='block_1_8' title="bbox 524 712 2095 789">
    <p class='ocr_par' dir='ltr' id='par_1_8' title="bbox 524 712 2095 789">
     <span class='ocr_line' id='line_1_8' title="bbox 524 712 2095 789; baseline 0.008 -23"><span class='ocrx_word' id='word_1_39' title='bbox 524 712 671 767; x_wconf 87' lang='lat' dir='ltr'><strong>lictis</strong></span> <span class='ocrx_word' id='word_1_40' title='bbox 697 712 1031 781; x_wconf 87' lang='lat' dir='ltr'><strong>deoncrans,</strong></span> <span class='ocrx_word' id='word_1_41' title='bbox 1063 723 1117 771; x_wconf 92' lang='lat' dir='ltr'><strong>et</strong></span> <span class='ocrx_word' id='word_1_42' title='bbox 1143 718 1348 786; x_wconf 85' lang='lat' dir='ltr'><strong>optima</strong></span> <span class='ocrx_word' id='word_1_43' title='bbox 1377 734 1473 789; x_wconf 88' lang='lat' dir='ltr'><strong>spe</strong></span> <span class='ocrx_word' id='word_1_44' title='bbox 1495 720 1732 788; x_wconf 81' lang='lat' dir='ltr'><strong>replens,</strong></span> <span class='ocrx_word' id='word_1_45' title='bbox 1756 726 1870 788; x_wconf 81' lang='lat' dir='ltr'><strong>jam</strong></span> <span class='ocrx_word' id='word_1_46' title='bbox 1895 722 2095 778; x_wconf 89' lang='lat' dir='ltr'><strong>robus-</strong></span> 
     </span>
    </p>
   </div>
   <div class='ocr_carea' id='block_1_9' title="bbox 524 803 2090 880">
    <p class='ocr_par' dir='ltr' id='par_1_9' title="bbox 524 803 2090 880">
     <span class='ocr_line' id='line_1_9' title="bbox 524 803 2090 880; baseline 0.008 -23"><span class='ocrx_word' id='word_1_47' title='bbox 524 812 640 858; x_wconf 90' lang='lat' dir='ltr'><strong>tum</strong></span> <span class='ocrx_word' id='word_1_48' title='bbox 677 804 734 858; x_wconf 91' lang='lat' dir='ltr'><strong>in</strong></span> <span class='ocrx_word' id='word_1_49' title='bbox 762 803 1064 861; x_wconf 89' lang='lat' dir='ltr'><strong>Ecclesiam</strong></span> <span class='ocrx_word' id='word_1_50' title='bbox 1111 810 1360 874; x_wconf 83' lang='lat' dir='ltr'><strong>restitue,</strong></span> <span class='ocrx_word' id='word_1_51' title='bbox 1395 817 1556 880; x_wconf 91' lang='lat' dir='ltr'><strong>atque</strong></span> <span class='ocrx_word' id='word_1_52' title='bbox 1604 811 1771 867; x_wconf 89' lang='lat' dir='ltr'><strong>reduc</strong></span> <span class='ocrx_word' id='word_1_53' title='bbox 1815 811 1884 866; x_wconf 86' lang='lat' dir='ltr'><strong>ad</strong></span> <span class='ocrx_word' id='word_1_54' title='bbox 1929 812 2090 870; x_wconf 81' lang='lat' dir='ltr'><strong>ovile.</strong></span> 
     </span>
    </p>
   </div>
   <div class='ocr_carea' id='block_1_10' title="bbox 523 894 2096 976">
    <p class='ocr_par' dir='ltr' id='par_1_10' title="bbox 523 894 2096 976">
     <span class='ocr_line' id='line_1_10' title="bbox 523 894 2096 976; baseline 0.008 -27"><span class='ocrx_word' id='word_1_55' title='bbox 523 894 680 963; x_wconf 82' lang='lat' dir='ltr'><strong>Quod</strong></span> <span class='ocrx_word' id='word_1_56' title='bbox 702 898 989 967; x_wconf 76' lang='lat' dir='ltr'><strong>expulsum</strong></span> <span class='ocrx_word' id='word_1_57' title='bbox 1022 898 1126 952; x_wconf 81' lang='lat' dir='ltr'><strong>fuit</strong></span> <span class='ocrx_word' id='word_1_58' title='bbox 1154 915 1379 970; x_wconf 90' lang='lat' dir='ltr'><strong>revoca;</strong></span> <span class='ocrx_word' id='word_1_59' title='bbox 1411 902 1515 957; x_wconf 86' lang='lat' dir='ltr'><strong>hoc</strong></span> <span class='ocrx_word' id='word_1_60' title='bbox 1555 910 1662 968; x_wconf 89' lang='lat' dir='ltr'><strong>est,</strong></span> <span class='ocrx_word' id='word_1_61' title='bbox 1693 904 1839 975; x_wconf 90' lang='lat' dir='ltr'><strong>quod</strong></span> <span class='ocrx_word' id='word_1_62' title='bbox 1885 905 1939 959; x_wconf 86' lang='lat' dir='ltr'><strong>in</strong></span> <span class='ocrx_word' id='word_1_63' title='bbox 1980 922 2096 976; x_wconf 68' lang='lat' dir='ltr'><strong>po;-</strong></span> 
     </span>
    </p>
   </div>
   <div class='ocr_carea' id='block_1_11' title="bbox 523 993 2095 1063">
    <p class='ocr_par' dir='ltr' id='par_1_11' title="bbox 523 993 2095 1063">
     <span class='ocr_line' id='line_1_11' title="bbox 523 993 2095 1063; baseline 0.007 -22"><span class='ocrx_word' id='word_1_64' title='bbox 523 1002 650 1042; x_wconf 87' lang='lat' dir='ltr'><strong>nam</strong></span> <span class='ocrx_word' id='word_1_65' title='bbox 681 996 1028 1058; x_wconf 84' lang='lat' dir='ltr'><strong>peccatorum</strong></span> <span class='ocrx_word' id='word_1_66' title='bbox 1054 1006 1279 1047; x_wconf 90' lang='lat' dir='ltr'><strong>suorum</strong></span> <span class='ocrx_word' id='word_1_67' title='bbox 1309 993 1542 1063; x_wconf 89' lang='lat' dir='ltr'><strong>eiectum</strong></span> <span class='ocrx_word' id='word_1_68' title='bbox 1576 994 1706 1060; x_wconf 82' lang='lat' dir='ltr'><strong>fuit,</strong></span> <span class='ocrx_word' id='word_1_69' title='bbox 1735 1012 1803 1051; x_wconf 92' lang='lat' dir='ltr'><strong>ne</strong></span> <span class='ocrx_word' id='word_1_70' title='bbox 1830 998 1980 1052; x_wconf 89' lang='lat' dir='ltr'><strong>sinas</strong></span> <span class='ocrx_word' id='word_1_71' title='bbox 2011 999 2095 1052; x_wconf 85' lang='lat' dir='ltr'><strong>fo-</strong></span> 
     </span>
    </p>
   </div>
   <div class='ocr_carea' id='block_1_12' title="bbox 524 1074 2094 1155">
    <p class='ocr_par' dir='ltr' id='par_1_12' title="bbox 524 1074 2094 1155">
     <span class='ocr_line' id='line_1_12' title="bbox 524 1074 2094 1155; baseline 0.009 -21"><span class='ocrx_word' id='word_1_72' title='bbox 524 1080 604 1136; x_wconf 90' lang='lat' dir='ltr'><strong>ris</strong></span> <span class='ocrx_word' id='word_1_73' title='bbox 622 1074 972 1151; x_wconf 84' lang='lat' dir='ltr'><strong>permanere;</strong></span> <span class='ocrx_word' id='word_1_74' title='bbox 1000 1084 1095 1139; x_wconf 88' lang='lat' dir='ltr'><strong>sed</strong></span> <span class='ocrx_word' id='word_1_75' title='bbox 1126 1096 1471 1155; x_wconf 85' lang='lat' dir='ltr'><strong>assumptum</strong></span> <span class='ocrx_word' id='word_1_76' title='bbox 1491 1096 1544 1143; x_wconf 92' lang='lat' dir='ltr'><strong>et</strong></span> <span class='ocrx_word' id='word_1_77' title='bbox 1562 1103 1907 1155; x_wconf 89' lang='lat' dir='ltr'><strong>conversum,</strong></span> <span class='ocrx_word' id='word_1_78' title='bbox 1929 1091 2094 1148; x_wconf 88' lang='lat' dir='ltr'><strong>redde</strong></span> 
     </span>
    </p>
   </div>
   <div class='ocr_carea' id='block_1_13' title="bbox 523 1173 2093 1252">
    <p class='ocr_par' dir='ltr' id='par_1_13' title="bbox 523 1173 2093 1252">
     <span class='ocr_line' id='line_1_13' title="bbox 523 1173 2093 1252; baseline 0.009 -26"><span class='ocrx_word' id='word_1_79' title='bbox 523 1173 694 1244; x_wconf 89' lang='lat' dir='ltr'><strong>gregi,</strong></span> <span class='ocrx_word' id='word_1_80' title='bbox 727 1190 823 1229; x_wconf 88' lang='lat' dir='ltr'><strong>seu</strong></span> <span class='ocrx_word' id='word_1_81' title='bbox 852 1175 1215 1232; x_wconf 61' lang='lat' dir='ltr'><strong>immaculata:</strong></span> <span class='ocrx_word' id='word_1_82' title='bbox 1237 1176 1495 1235; x_wconf 67' lang='lat' dir='ltr'><strong>Ecclesiae</strong></span> <span class='ocrx_word' id='word_1_83' title='bbox 1525 1181 1724 1250; x_wconf 88' lang='lat' dir='ltr'><strong>populo</strong></span> <span class='ocrx_word' id='word_1_84' title='bbox 1751 1201 1765 1235; x_wconf 88' lang='lat'><strong>:</strong></span> <span class='ocrx_word' id='word_1_85' title='bbox 1788 1183 1935 1252; x_wconf 89' lang='lat' dir='ltr'><strong>quod</strong></span> <span class='ocrx_word' id='word_1_86' title='bbox 1963 1200 2093 1240; x_wconf 91' lang='lat' dir='ltr'><strong>vero</strong></span> 
     </span>
    </p>
   </div>
   <div class='ocr_carea' id='block_1_14' title="bbox 525 1268 2095 1346">
    <p class='ocr_par' dir='ltr' id='par_1_14' title="bbox 525 1268 2095 1346">
     <span class='ocr_line' id='line_1_14' title="bbox 525 1268 2095 1346; baseline 0.006 -26"><span class='ocrx_word' id='word_1_87' title='bbox 525 1268 767 1337; x_wconf 85' lang='lat' dir='ltr'><strong>perierat</strong></span> <span class='ocrx_word' id='word_1_88' title='bbox 803 1269 1049 1338; x_wconf 89' lang='lat' dir='ltr'><strong>require;</strong></span> <span class='ocrx_word' id='word_1_89' title='bbox 1083 1270 1136 1323; x_wconf 88' lang='lat' dir='ltr'><strong>id</strong></span> <span class='ocrx_word' id='word_1_90' title='bbox 1164 1277 1269 1336; x_wconf 91' lang='lat' dir='ltr'><strong>est,</strong></span> <span class='ocrx_word' id='word_1_91' title='bbox 1301 1272 1445 1341; x_wconf 91' lang='lat' dir='ltr'><strong>quod</strong></span> <span class='ocrx_word' id='word_1_92' title='bbox 1472 1274 1820 1329; x_wconf 87' lang='lat' dir='ltr'><strong>multitudine</strong></span> <span class='ocrx_word' id='word_1_93' title='bbox 1850 1285 2095 1346; x_wconf 89' lang='lat' dir='ltr'><strong>peccato-</strong></span> 
     </span>
    </p>
   </div>
   <div class='ocr_carea' id='block_1_15' title="bbox 523 1364 2094 1433">
    <p class='ocr_par' dir='ltr' id='par_1_15' title="bbox 523 1364 2094 1433">
     <span class='ocr_line' id='line_1_15' title="bbox 523 1364 2094 1433; baseline 0.004 -18"><span class='ocrx_word' id='word_1_94' title='bbox 523 1376 646 1415; x_wconf 86' lang='lat' dir='ltr'><strong>rum</strong></span> <span class='ocrx_word' id='word_1_95' title='bbox 685 1376 908 1416; x_wconf 89' lang='lat' dir='ltr'><strong>suorum</strong></span> <span class='ocrx_word' id='word_1_96' title='bbox 936 1379 1090 1433; x_wconf 89' lang='lat' dir='ltr'><strong>spem</strong></span> <span class='ocrx_word' id='word_1_97' title='bbox 1116 1364 1311 1420; x_wconf 89' lang='lat' dir='ltr'><strong>salutis</strong></span> <span class='ocrx_word' id='word_1_98' title='bbox 1342 1365 1616 1429; x_wconf 89' lang='lat' dir='ltr'><strong>amiserat,</strong></span> <span class='ocrx_word' id='word_1_99' title='bbox 1650 1364 1894 1423; x_wconf 81' lang='lat' dir='ltr'><strong>funditus</strong></span> <span class='ocrx_word' id='word_1_100' title='bbox 1924 1367 2094 1423; x_wconf 91' lang='lat' dir='ltr'><strong>inter—</strong></span> 
     </span>
    </p>
   </div>
   <div class='ocr_carea' id='block_1_16' title="bbox 524 1454 2093 1533">
    <p class='ocr_par' dir='ltr' id='par_1_16' title="bbox 524 1454 2093 1533">
     <span class='ocr_line' id='line_1_16' title="bbox 524 1454 2093 1533; baseline 0.005 -24"><span class='ocrx_word' id='word_1_101' title='bbox 524 1454 605 1510; x_wconf 93' lang='lat' dir='ltr'><strong>ire</strong></span> <span class='ocrx_word' id='word_1_102' title='bbox 630 1470 699 1509; x_wconf 90' lang='lat' dir='ltr'><strong>ne</strong></span> <span class='ocrx_word' id='word_1_103' title='bbox 726 1456 1042 1526; x_wconf 87' lang='lat' dir='ltr'><strong>permiseris</strong></span> <span class='ocrx_word' id='word_1_104' title='bbox 1071 1476 1083 1511; x_wconf 93' lang='lat'>:</span> <span class='ocrx_word' id='word_1_105' title='bbox 1114 1457 1260 1527; x_wconf 91' lang='lat' dir='ltr'><strong>quod</strong></span> <span class='ocrx_word' id='word_1_106' title='bbox 1290 1473 1357 1512; x_wconf 82' lang='lat' dir='ltr'><strong>ex</strong></span> <span class='ocrx_word' id='word_1_107' title='bbox 1395 1459 1563 1513; x_wconf 90' lang='lat' dir='ltr'><strong>animi</strong></span> <span class='ocrx_word' id='word_1_108' title='bbox 1603 1470 1821 1530; x_wconf 90' lang='lat' dir='ltr'><strong>torpore</strong></span> <span class='ocrx_word' id='word_1_109' title='bbox 1847 1477 1910 1516; x_wconf 88' lang='lat' dir='ltr'><strong>ac</strong></span> <span class='ocrx_word' id='word_1_110' title='bbox 1939 1464 2093 1533; x_wconf 89' lang='lat' dir='ltr'><strong>supi-</strong></span> 
     </span>
    </p>
   </div>
   <div class='ocr_carea' id='block_1_17' title="bbox 522 1546 2090 1622">
    <p class='ocr_par' dir='ltr' id='par_1_17' title="bbox 522 1546 2090 1622">
     <span class='ocr_line' id='line_1_17' title="bbox 522 1546 2090 1622; baseline 0.005 -23"><span class='ocrx_word' id='word_1_111' title='bbox 522 1546 698 1601; x_wconf 87' lang='lat' dir='ltr'><strong>nitate</strong></span> <span class='ocrx_word' id='word_1_112' title='bbox 741 1548 796 1600; x_wconf 89' lang='lat' dir='ltr'><strong>in</strong></span> <span class='ocrx_word' id='word_1_113' title='bbox 825 1563 1076 1618; x_wconf 90' lang='lat' dir='ltr'><strong>soporem</strong></span> <span class='ocrx_word' id='word_1_114' title='bbox 1117 1550 1266 1604; x_wconf 86' lang='lat' dir='ltr'><strong>venit</strong></span> <span class='ocrx_word' id='word_1_115' title='bbox 1312 1556 1366 1604; x_wconf 93' lang='lat' dir='ltr'><strong>et</strong></span> <span class='ocrx_word' id='word_1_116' title='bbox 1394 1549 1532 1606; x_wconf 91' lang='lat' dir='ltr'><strong>adeo</strong></span> <span class='ocrx_word' id='word_1_117' title='bbox 1560 1566 1778 1622; x_wconf 78' lang='lat' dir='ltr'><strong>gravem</strong></span> <span class='ocrx_word' id='word_1_118' title='bbox 1816 1568 2090 1621; x_wconf 88' lang='lat' dir='ltr'><strong>somnum,</strong></span> 
     </span>
    </p>
   </div>
   <div class='ocr_carea' id='block_1_18' title="bbox 527 1640 2094 1717">
    <p class='ocr_par' dir='ltr' id='par_1_18' title="bbox 527 1640 2094 1717">
     <span class='ocr_line' id='line_1_18' title="bbox 527 1640 2094 1717; baseline 0.006 -24"><span class='ocrx_word' id='word_1_119' title='bbox 527 1646 588 1693; x_wconf 91' lang='lat' dir='ltr'><strong>ut</strong></span> <span class='ocrx_word' id='word_1_120' title='bbox 615 1654 769 1693; x_wconf 87' lang='lat' dir='ltr'><strong>suam</strong></span> <span class='ocrx_word' id='word_1_121' title='bbox 802 1640 965 1693; x_wconf 87' lang='lat' dir='ltr'><strong>vitam</strong></span> <span class='ocrx_word' id='word_1_122' title='bbox 994 1656 1103 1695; x_wconf 90' lang='lat' dir='ltr'><strong>non</strong></span> <span class='ocrx_word' id='word_1_123' title='bbox 1143 1643 1488 1711; x_wconf 89' lang='lat' dir='ltr'><strong>recordetur;</strong></span> <span class='ocrx_word' id='word_1_124' title='bbox 1519 1645 1775 1715; x_wconf 89' lang='lat' dir='ltr'><strong>quodque</strong></span> <span class='ocrx_word' id='word_1_125' title='bbox 1805 1646 1964 1717; x_wconf 92' lang='lat' dir='ltr'><strong>longe</strong></span> <span class='ocrx_word' id='word_1_126' title='bbox 2007 1662 2094 1703; x_wconf 89' lang='lat' dir='ltr'><strong>re-</strong></span> 
     </span>
    </p>
   </div>
   <div class='ocr_carea' id='block_1_19' title="bbox 525 1735 2091 1810">
    <p class='ocr_par' dir='ltr' id='par_1_19' title="bbox 525 1735 2091 1810">
     <span class='ocr_line' id='line_1_19' title="bbox 525 1735 2091 1810; baseline 0.006 -23"><span class='ocrx_word' id='word_1_127' title='bbox 525 1738 692 1788; x_wconf 89' lang='lat' dir='ltr'><strong>cessit</strong></span> <span class='ocrx_word' id='word_1_128' title='bbox 723 1749 752 1786; x_wconf 88' lang='lat' dir='ltr'><strong>a</strong></span> <span class='ocrx_word' id='word_1_129' title='bbox 782 1735 1002 1803; x_wconf 90' lang='lat' dir='ltr'><strong>proprio</strong></span> <span class='ocrx_word' id='word_1_130' title='bbox 1031 1751 1212 1805; x_wconf 90' lang='lat' dir='ltr'><strong>grege,</strong></span> <span class='ocrx_word' id='word_1_131' title='bbox 1251 1736 1327 1790; x_wconf 91' lang='lat' dir='ltr'><strong>ita</strong></span> <span class='ocrx_word' id='word_1_132' title='bbox 1355 1745 1415 1791; x_wconf 94' lang='lat' dir='ltr'><strong>ut</strong></span> <span class='ocrx_word' id='word_1_133' title='bbox 1452 1737 1706 1793; x_wconf 87' lang='lat' dir='ltr'><strong>inciderit</strong></span> <span class='ocrx_word' id='word_1_134' title='bbox 1738 1740 1793 1793; x_wconf 90' lang='lat' dir='ltr'><strong>in</strong></span> <span class='ocrx_word' id='word_1_135' title='bbox 1828 1741 1985 1810; x_wconf 89' lang='lat' dir='ltr'><strong>lupos</strong></span> <span class='ocrx_word' id='word_1_136' title='bbox 2025 1742 2091 1797; x_wconf 91' lang='lat' dir='ltr'><strong>ad</strong></span> 
     </span>
    </p>
   </div>
   <div class='ocr_carea' id='block_1_20' title="bbox 523 1812 2165 1899">
    <p class='ocr_par' dir='ltr' id='par_1_20' title="bbox 523 1812 2165 1899">
     <span class='ocr_line' id='line_1_20' title="bbox 523 1812 2165 1899; baseline 0.004 -17"><span class='ocrx_word' id='word_1_137' title='bbox 523 1841 737 1892; x_wconf 87' lang='lat' dir='ltr'><strong>escam;</strong></span> <span class='ocrx_word' id='word_1_138' title='bbox 768 1827 821 1880; x_wconf 89' lang='lat' dir='ltr'><strong>id</strong></span> <span class='ocrx_word' id='word_1_139' title='bbox 859 1835 915 1879; x_wconf 94' lang='lat' dir='ltr'><strong>tu</strong></span> <span class='ocrx_word' id='word_1_140' title='bbox 947 1828 1271 1898; x_wconf 88' lang='lat' dir='ltr'><strong>pervestiga,</strong></span> <span class='ocrx_word' id='word_1_141' title='bbox 1303 1837 1357 1883; x_wconf 91' lang='lat' dir='ltr'><strong>et</strong></span> <span class='ocrx_word' id='word_1_142' title='bbox 1385 1829 1655 1885; x_wconf 91' lang='lat' dir='ltr'><strong>monendo</strong></span> <span class='ocrx_word' id='word_1_143' title='bbox 1696 1845 1982 1899; x_wconf 84' lang='lat' dir='ltr'><strong>converte,</strong></span> <span class='ocrx_word' id='word_1_144' title='bbox 2028 1849 2092 1889; x_wconf 93' lang='lat' dir='ltr'><strong>ac</strong></span> <span class='ocrx_word' id='word_1_145' title='bbox 2122 1812 2165 1866; x_wconf 82' lang='grc' dir='ltr'><strong>Β</strong></span> 
     </span>
    </p>
   </div>
   <div class='ocr_carea' id='block_1_21' title="bbox 524 1918 2093 1995">
    <p class='ocr_par' dir='ltr' id='par_1_21' title="bbox 524 1918 2093 1995">
     <span class='ocr_line' id='line_1_21' title="bbox 524 1918 2093 1995; baseline 0.008 -25"><span class='ocrx_word' id='word_1_146' title='bbox 524 1924 587 1970; x_wconf 93' lang='lat' dir='ltr'><strong>ut</strong></span> <span class='ocrx_word' id='word_1_147' title='bbox 619 1918 806 1987; x_wconf 81' lang='lat' dir='ltr'><strong>vigilet</strong></span> <span class='ocrx_word' id='word_1_148' title='bbox 835 1919 1076 1982; x_wconf 88' lang='lat' dir='ltr'><strong>hortare,</strong></span> <span class='ocrx_word' id='word_1_149' title='bbox 1109 1928 1165 1973; x_wconf 92' lang='lat' dir='ltr'><strong>et</strong></span> <span class='ocrx_word' id='word_1_150' title='bbox 1189 1936 1340 1989; x_wconf 87' lang='lat' dir='ltr'><strong>spem</strong></span> <span class='ocrx_word' id='word_1_151' title='bbox 1372 1921 1581 1989; x_wconf 90' lang='lat' dir='ltr'><strong>insere;</strong></span> <span class='ocrx_word' id='word_1_152' title='bbox 1613 1939 1789 1994; x_wconf 89' lang='lat' dir='ltr'><strong>neque</strong></span> <span class='ocrx_word' id='word_1_153' title='bbox 1816 1925 1932 1995; x_wconf 89' lang='lat' dir='ltr'><strong>ipse</strong></span> <span class='ocrx_word' id='word_1_154' title='bbox 1961 1941 2093 1981; x_wconf 90' lang='lat' dir='ltr'><strong>con-</strong></span> 
     </span>
    </p>
   </div>
   <div class='ocr_carea' id='block_1_22' title="bbox 521 2013 2095 2084">
    <p class='ocr_par' dir='ltr' id='par_1_22' title="bbox 521 2013 2095 2084">
     <span class='ocr_line' id='line_1_22' title="bbox 521 2013 2095 2084; baseline 0.003 -17"><span class='ocrx_word' id='word_1_155' title='bbox 521 2013 685 2068; x_wconf 81' lang='lat' dir='ltr'><strong>cedas</strong></span> <span class='ocrx_word' id='word_1_156' title='bbox 708 2022 767 2065; x_wconf 91' lang='lat' dir='ltr'><strong>ut</strong></span> <span class='ocrx_word' id='word_1_157' title='bbox 798 2013 943 2067; x_wconf 86' lang='lat' dir='ltr'><strong>dicat</strong></span> <span class='ocrx_word' id='word_1_158' title='bbox 962 2013 1108 2083; x_wconf 91' lang='lat' dir='ltr'><strong>quod</strong></span> <span class='ocrx_word' id='word_1_159' title='bbox 1140 2028 1170 2066; x_wconf 83' lang='lat' dir='ltr'><strong>a</strong></span> <span class='ocrx_word' id='word_1_160' title='bbox 1189 2013 1516 2084; x_wconf 89' lang='lat' dir='ltr'><strong>quibusdam</strong></span> <span class='ocrx_word' id='word_1_161' title='bbox 1546 2014 1751 2069; x_wconf 91' lang='lat' dir='ltr'><strong>dictum</strong></span> <span class='ocrx_word' id='word_1_162' title='bbox 1779 2024 1863 2071; x_wconf 86' lang='lat' dir='ltr'><strong>est</strong></span> <span class='ocrx_word' id='word_1_163' title='bbox 1898 2036 1913 2066; x_wconf 87' lang='lat'><strong>:</strong></span> <span class='ocrx_word' id='word_1_164' title='bbox 1944 2036 1962 2068; x_wconf 81' lang='grc' dir='ltr'><strong>ι</strong></span> <span class='ocrx_word' id='word_1_165' title='bbox 1988 2018 2095 2071; x_wconf 88' lang='lat' dir='ltr'><strong>lm-</strong></span> 
     </span>
    </p>
   </div>
   <div class='ocr_carea' id='block_1_23' title="bbox 524 2106 2093 2177">
    <p class='ocr_par' dir='ltr' id='par_1_23' title="bbox 524 2106 2093 2177">
     <span class='ocr_line' id='line_1_23' title="bbox 524 2106 2093 2177; baseline 0.005 -20"><span class='ocrx_word' id='word_1_166' title='bbox 524 2106 754 2174; x_wconf 89' lang='lat' dir='ltr'><strong>pietatcs</strong></span> <span class='ocrx_word' id='word_1_167' title='bbox 786 2112 985 2160; x_wconf 72' lang='lat' dir='ltr'><strong>nostrae</strong></span> <span class='ocrx_word' id='word_1_168' title='bbox 1012 2122 1177 2175; x_wconf 87' lang='lat' dir='ltr'><strong>super</strong></span> <span class='ocrx_word' id='word_1_169' title='bbox 1219 2121 1342 2171; x_wconf 91' lang='lat' dir='ltr'><strong>nos,</strong></span> <span class='ocrx_word' id='word_1_170' title='bbox 1371 2114 1426 2161; x_wconf 93' lang='lat' dir='ltr'><strong>et</strong></span> <span class='ocrx_word' id='word_1_171' title='bbox 1472 2123 1574 2161; x_wconf 91' lang='lat' dir='ltr'><strong>nos</strong></span> <span class='ocrx_word' id='word_1_172' title='bbox 1604 2108 1661 2161; x_wconf 90' lang='lat' dir='ltr'><strong>in</strong></span> <span class='ocrx_word' id='word_1_173' title='bbox 1693 2108 1829 2177; x_wconf 89' lang='lat' dir='ltr'><strong>ipsis</strong></span> <span class='ocrx_word' id='word_1_174' title='bbox 1856 2110 2093 2165; x_wconf 84' lang='lat' dir='ltr'><strong>tabesci-</strong></span> 
     </span>
    </p>
   </div>
   <div class='ocr_carea' id='block_1_24' title="bbox 522 2198 2091 2270">
    <p class='ocr_par' dir='ltr' id='par_1_24' title="bbox 522 2198 2091 2270">
     <span class='ocr_line' id='line_1_24' title="bbox 522 2198 2091 2270; baseline 0.005 -21"><span class='ocrx_word' id='word_1_175' title='bbox 522 2211 667 2259; x_wconf 86' lang='lat' dir='ltr'><strong>mus,</strong></span> <span class='ocrx_word' id='word_1_176' title='bbox 699 2205 754 2251; x_wconf 89' lang='lat' dir='ltr'><strong>ct</strong></span> <span class='ocrx_word' id='word_1_177' title='bbox 785 2212 893 2267; x_wconf 90' lang='lat' dir='ltr'><strong>quo</strong></span> <span class='ocrx_word' id='word_1_178' title='bbox 922 2198 1085 2251; x_wconf 89' lang='lat' dir='ltr'><strong>modo</strong></span> <span class='ocrx_word' id='word_1_179' title='bbox 1114 2198 1459 2254; x_wconf 66' lang='lat' dir='ltr'><strong>vivemus”?</strong></span> <span class='ocrx_word' id='word_1_180' title='bbox 1498 2218 1517 2250; x_wconf 73' lang='grc' dir='ltr'><strong>ι</strong></span> <span class='ocrx_word' id='word_1_181' title='bbox 1555 2198 1878 2270; x_wconf 88' lang='lat' dir='ltr'><strong>Episcopus,</strong></span> <span class='ocrx_word' id='word_1_182' title='bbox 1906 2202 1951 2256; x_wconf 89' lang='lat' dir='ltr'><strong>si</strong></span> <span class='ocrx_word' id='word_1_183' title='bbox 1976 2204 2091 2257; x_wconf 76' lang='lat' dir='ltr'><strong>fieri</strong></span> 
     </span>
    </p>
   </div>
   <div class='ocr_carea' id='block_1_25' title="bbox 522 2290 2092 2362">
    <p class='ocr_par' dir='ltr' id='par_1_25' title="bbox 522 2290 2092 2362">
     <span class='ocr_line' id='line_1_25' title="bbox 522 2290 2092 2362; baseline 0.003 -17"><span class='ocrx_word' id='word_1_184' title='bbox 522 2291 718 2361; x_wconf 77' lang='lat' dir='ltr'><strong>possit,</strong></span> <span class='ocrx_word' id='word_1_185' title='bbox 752 2292 1009 2347; x_wconf 83' lang='lat' dir='ltr'><strong>delictum</strong></span> <span class='ocrx_word' id='word_1_186' title='bbox 1050 2292 1278 2345; x_wconf 89' lang='lat' dir='ltr'><strong>alterius</strong></span> <span class='ocrx_word' id='word_1_187' title='bbox 1318 2292 1477 2362; x_wconf 90' lang='lat' dir='ltr'><strong>quasi</strong></span> <span class='ocrx_word' id='word_1_188' title='bbox 1520 2290 1800 2362; x_wconf 88' lang='lat' dir='ltr'><strong>proprium</strong></span> <span class='ocrx_word' id='word_1_189' title='bbox 1839 2294 2092 2350; x_wconf 89' lang='lat' dir='ltr'><strong>conside-</strong></span> 
     </span>
    </p>
   </div>
   <div class='ocr_carea' id='block_1_26' title="bbox 524 2384 2089 2455">
    <p class='ocr_par' dir='ltr' id='par_1_26' title="bbox 524 2384 2089 2455">
     <span class='ocr_line' id='line_1_26' title="bbox 524 2384 2089 2455; baseline 0.004 -18"><span class='ocrx_word' id='word_1_190' title='bbox 524 2391 627 2449; x_wconf 89' lang='lat' dir='ltr'><strong>ret,</strong></span> <span class='ocrx_word' id='word_1_191' title='bbox 653 2393 707 2439; x_wconf 92' lang='lat' dir='ltr'><strong>et</strong></span> <span class='ocrx_word' id='word_1_192' title='bbox 733 2386 1005 2455; x_wconf 90' lang='lat' dir='ltr'><strong>peccatori</strong></span> <span class='ocrx_word' id='word_1_193' title='bbox 1037 2384 1184 2439; x_wconf 88' lang='lat' dir='ltr'><strong>dicat</strong></span> <span class='ocrx_word' id='word_1_194' title='bbox 1214 2404 1227 2439; x_wconf 89' lang='lat'><strong>:</strong></span> <span class='ocrx_word' id='word_1_195' title='bbox 1262 2385 1338 2440; x_wconf 87' lang='lat' dir='ltr'><strong>Te</strong></span> <span class='ocrx_word' id='word_1_196' title='bbox 1369 2386 1532 2440; x_wconf 91' lang='lat' dir='ltr'><strong>modo</strong></span> <span class='ocrx_word' id='word_1_197' title='bbox 1563 2386 1649 2441; x_wconf 83' lang='lat' dir='ltr'><strong>fac</strong></span> <span class='ocrx_word' id='word_1_198' title='bbox 1695 2396 2005 2453; x_wconf 86' lang='lat' dir='ltr'><strong>convertas,</strong></span> <span class='ocrx_word' id='word_1_199' title='bbox 2035 2398 2089 2444; x_wconf 91' lang='lat' dir='ltr'><strong>et</strong></span> 
     </span>
    </p>
   </div>
   <div class='ocr_carea' id='block_1_27' title="bbox 521 2476 2089 2549">
    <p class='ocr_par' dir='ltr' id='par_1_27' title="bbox 521 2476 2089 2549">
     <span class='ocr_line' id='line_1_27' title="bbox 521 2476 2089 2549; baseline 0.003 -18"><span class='ocrx_word' id='word_1_200' title='bbox 521 2492 624 2547; x_wconf 89' lang='lat' dir='ltr'><strong>ego</strong></span> <span class='ocrx_word' id='word_1_201' title='bbox 650 2487 877 2532; x_wconf 86' lang='lat' dir='ltr'><strong>mortem</strong></span> <span class='ocrx_word' id='word_1_202' title='bbox 904 2477 1000 2532; x_wconf 86' lang='lat' dir='ltr'><strong>tibi</strong></span> <span class='ocrx_word' id='word_1_203' title='bbox 1027 2476 1263 2531; x_wconf 83' lang='lat' dir='ltr'><strong>debitam</strong></span> <span class='ocrx_word' id='word_1_204' title='bbox 1287 2478 1602 2547; x_wconf 90' lang='lat' dir='ltr'><strong>suscipiam,</strong></span> <span class='ocrx_word' id='word_1_205' title='bbox 1631 2480 2089 2549; x_wconf 84' lang='lat' dir='ltr'><strong>quemadmodum</strong></span> 
     </span>
    </p>
   </div>
   <div class='ocr_carea' id='block_1_28' title="bbox 522 2568 2086 2639">
    <p class='ocr_par' dir='ltr' id='par_1_28' title="bbox 522 2568 2086 2639">
     <span class='ocr_line' id='line_1_28' title="bbox 522 2568 2086 2639; baseline 0.004 -18"><span class='ocrx_word' id='word_1_206' title='bbox 522 2568 789 2623; x_wconf 86' lang='lat' dir='ltr'><strong>Dominus</strong></span> <span class='ocrx_word' id='word_1_207' title='bbox 812 2584 909 2639; x_wconf 90' lang='lat' dir='ltr'><strong>pro</strong></span> <span class='ocrx_word' id='word_1_208' title='bbox 938 2584 1022 2623; x_wconf 88' lang='lat' dir='ltr'><strong>me</strong></span> <span class='ocrx_word' id='word_1_209' title='bbox 1043 2576 1097 2623; x_wconf 93' lang='lat' dir='ltr'><strong>et</strong></span> <span class='ocrx_word' id='word_1_210' title='bbox 1125 2584 1223 2639; x_wconf 89' lang='lat' dir='ltr'><strong>pro</strong></span> <span class='ocrx_word' id='word_1_211' title='bbox 1252 2571 1503 2627; x_wconf 90' lang='lat' dir='ltr'><strong>omnibus</strong></span> <span class='ocrx_word' id='word_1_212' title='bbox 1533 2580 1783 2629; x_wconf 88' lang='lat' dir='ltr'><strong>mortuus</strong></span> <span class='ocrx_word' id='word_1_213' title='bbox 1819 2582 1923 2629; x_wconf 87' lang='lat' dir='ltr'><strong>est.</strong></span> <span class='ocrx_word' id='word_1_214' title='bbox 1952 2574 2086 2629; x_wconf 82' lang='lat' dir='ltr'><strong>Nam</strong></span> 
     </span>
    </p>
   </div>
   <div class='ocr_carea' id='block_1_29' title="bbox 2191 537 3767 610">
    <p class='ocr_par' dir='ltr' id='par_1_29' title="bbox 2191 537 3767 610">
     <span class='ocr_line' id='line_1_29' title="bbox 2191 537 3767 610; baseline -0.001 -17"><span class='ocrx_word' id='word_1_215' title='bbox 2191 540 2332 602; x_wconf 86' lang='grc' dir='ltr'>ὁδοῦ,</span> <span class='ocrx_word' id='word_1_216' title='bbox 2375 540 2660 593; x_wconf 86' lang='grc' dir='ltr'>ἐπιδέννων</span> <span class='ocrx_word' id='word_1_217' title='bbox 2709 541 2819 610; x_wconf 72' lang='grc'>(14)</span> <span class='ocrx_word' id='word_1_218' title='bbox 2849 538 2948 592; x_wconf 81' lang='grc' dir='ltr'>’διά</span> <span class='ocrx_word' id='word_1_219' title='bbox 3009 538 3422 610; x_wconf 86' lang='grc' dir='ltr'>παρακλητικῆς</span> <span class='ocrx_word' id='word_1_220' title='bbox 3465 537 3767 604; x_wconf 76' lang='grc' dir='ltr'><strong>νουθεσίας,</strong></span> 
     </span>
    </p>
   </div>
   <div class='ocr_carea' id='block_1_30' title="bbox 2192 630 3764 705">
    <p class='ocr_par' dir='ltr' id='par_1_30' title="bbox 2192 630 3764 705">
     <span class='ocr_line' id='line_1_30' title="bbox 2192 630 3764 705; baseline -0.001 -20"><span class='ocrx_word' id='word_1_221' title='bbox 2192 634 2505 705; x_wconf 82' lang='grc' dir='ltr'>ἐλαφρύνων</span> <span class='ocrx_word' id='word_1_222' title='bbox 2535 634 2642 687; x_wconf 82' lang='grc' dir='ltr'>ἀπὸ</span> <span class='ocrx_word' id='word_1_223' title='bbox 2672 631 3155 704; x_wconf 79' lang='grc' dir='ltr'><strong>παραπτωμάτων,</strong></span> <span class='ocrx_word' id='word_1_224' title='bbox 3187 632 3282 685; x_wconf 78' lang='grc' dir='ltr'>καὶ</span> <span class='ocrx_word' id='word_1_225' title='bbox 3316 630 3534 683; x_wconf 81' lang='grc' dir='ltr'>εῦελπιν</span> <span class='ocrx_word' id='word_1_226' title='bbox 3574 631 3764 695; x_wconf 88' lang='grc' dir='ltr'>ποιῶν,</span> 
     </span>
    </p>
   </div>
   <div class='ocr_carea' id='block_1_31' title="bbox 2190 722 3766 797">
    <p class='ocr_par' dir='ltr' id='par_1_31' title="bbox 2190 722 3766 797">
     <span class='ocr_line' id='line_1_31' title="bbox 2190 722 3766 797; baseline -0.003 -18"><span class='ocrx_word' id='word_1_227' title='bbox 2190 724 2352 789; x_wconf 76' lang='grc' dir='ltr'>οὓτω,</span> <span class='ocrx_word' id='word_1_228' title='bbox 2385 725 2663 797; x_wconf 72' lang='grc' dir='ltr'><strong>ῥωμαλέον</strong></span> <span class='ocrx_word' id='word_1_229' title='bbox 2691 728 2747 778; x_wconf 83' lang='grc' dir='ltr'><strong>ἐν</strong></span> <span class='ocrx_word' id='word_1_230' title='bbox 2781 728 2848 795; x_wconf 81' lang='grc' dir='ltr'><strong>τῇ</strong></span> <span class='ocrx_word' id='word_1_231' title='bbox 2892 724 3185 796; x_wconf 75' lang='grc' dir='ltr'>Ἐκκλησία</span> <span class='ocrx_word' id='word_1_232' title='bbox 3212 722 3572 786; x_wconf 77' lang='grc' dir='ltr'><strong>ἀποκαθίστα,</strong></span> <span class='ocrx_word' id='word_1_233' title='bbox 3601 724 3766 777; x_wconf 85' lang='grc' dir='ltr'>ἐπαν-</span> 
     </span>
    </p>
   </div>
   <div class='ocr_carea' id='block_1_32' title="bbox 2192 815 3766 887">
    <p class='ocr_par' dir='ltr' id='par_1_32' title="bbox 2192 815 3766 887">
     <span class='ocr_line' id='line_1_32' title="bbox 2192 815 3766 887; baseline -0.001 -16"><span class='ocrx_word' id='word_1_234' title='bbox 2192 817 2338 886; x_wconf 86' lang='grc' dir='ltr'>άγων</span> <span class='ocrx_word' id='word_1_235' title='bbox 2380 818 2439 869; x_wconf 86' lang='grc' dir='ltr'><strong>ἐν</strong></span> <span class='ocrx_word' id='word_1_236' title='bbox 2484 820 2550 887; x_wconf 82' lang='grc' dir='ltr'>τῇ</span> <span class='ocrx_word' id='word_1_237' title='bbox 2579 817 2802 887; x_wconf 80' lang='grc' dir='ltr'>ποίμνῃ.</span> <span class='ocrx_word' id='word_1_238' title='bbox 2833 817 2906 870; x_wconf 86' lang='grc' dir='ltr'><strong>Τὸ</strong></span> <span class='ocrx_word' id='word_1_239' title='bbox 2943 815 3247 886; x_wconf 80' lang='grc' dir='ltr'>ἐξωσμένον</span> <span class='ocrx_word' id='word_1_240' title='bbox 3285 816 3603 887; x_wconf 87' lang='grc' dir='ltr'>ἐπίστρεφε,</span> <span class='ocrx_word' id='word_1_241' title='bbox 3645 833 3766 869; x_wconf 85' lang='grc' dir='ltr'>του-</span> 
     </span>
    </p>
   </div>
   <div class='ocr_carea' id='block_1_33' title="bbox 2190 907 3765 981">
    <p class='ocr_par' dir='ltr' id='par_1_33' title="bbox 2190 907 3765 981">
     <span class='ocr_line' id='line_1_33' title="bbox 2190 907 3765 981; baseline -0.001 -18"><span class='ocrx_word' id='word_1_242' title='bbox 2190 910 2359 971; x_wconf 84' lang='grc' dir='ltr'>τέστι,</span> <span class='ocrx_word' id='word_1_243' title='bbox 2388 909 2448 962; x_wconf 86' lang='grc' dir='ltr'>τὸ</span> <span class='ocrx_word' id='word_1_244' title='bbox 2475 910 2533 961; x_wconf 90' lang='grc' dir='ltr'><strong>ἐν</strong></span> <span class='ocrx_word' id='word_1_245' title='bbox 2562 910 2854 981; x_wconf 81' lang='grc' dir='ltr'>ἁμαρτίαις</span> <span class='ocrx_word' id='word_1_246' title='bbox 2880 908 3167 978; x_wconf 88' lang='grc' dir='ltr'>γενόμενον</span> <span class='ocrx_word' id='word_1_247' title='bbox 3194 907 3287 961; x_wconf 85' lang='grc' dir='ltr'><strong>καί</strong></span> <span class='ocrx_word' id='word_1_248' title='bbox 3328 909 3409 970; x_wconf 86' lang='grc' dir='ltr'><strong>είς</strong></span> <span class='ocrx_word' id='word_1_249' title='bbox 3451 908 3765 979; x_wconf 78' lang='grc' dir='ltr'><strong>ἐπιτίμησιν</strong></span> 
     </span>
    </p>
   </div>
   <div class='ocr_carea' id='block_1_34' title="bbox 2191 997 3767 1075">
    <p class='ocr_par' dir='ltr' id='par_1_34' title="bbox 2191 997 3767 1075">
     <span class='ocr_line' id='line_1_34' title="bbox 2191 997 3767 1075; baseline -0.001 -22"><span class='ocrx_word' id='word_1_250' title='bbox 2191 1000 2586 1073; x_wconf 77' lang='grc' dir='ltr'>ἐκὸεσλημένον</span> <span class='ocrx_word' id='word_1_251' title='bbox 2619 1003 2692 1073; x_wconf 84' lang='grc' dir='ltr'><strong>μή</strong></span> <span class='ocrx_word' id='word_1_252' title='bbox 2723 1002 2825 1055; x_wconf 84' lang='grc' dir='ltr'><strong>ἐῶν</strong></span> <span class='ocrx_word' id='word_1_253' title='bbox 2853 1000 2956 1066; x_wconf 78' lang='grc' dir='ltr'><strong>ἔξω</strong></span> <span class='ocrx_word' id='word_1_254' title='bbox 2982 1000 3275 1075; x_wconf 71' lang='grc' dir='ltr'>διαμένειν,</span> <span class='ocrx_word' id='word_1_255' title='bbox 3322 997 3458 1053; x_wconf 84' lang='grc' dir='ltr'><strong>ἀλλά</strong></span> <span class='ocrx_word' id='word_1_256' title='bbox 3484 999 3767 1071; x_wconf 70' lang='grc' dir='ltr'>προσλαμ-</span> 
     </span>
    </p>
   </div>
   <div class='ocr_carea' id='block_1_35' title="bbox 2191 1090 3765 1165">
    <p class='ocr_par' dir='ltr' id='par_1_35' title="bbox 2191 1090 3765 1165">
     <span class='ocr_line' id='line_1_35' title="bbox 2191 1090 3765 1165; baseline -0.003 -18"><span class='ocrx_word' id='word_1_257' title='bbox 2191 1093 2483 1164; x_wconf 78' lang='grc' dir='ltr'>ϐανόμενος</span> <span class='ocrx_word' id='word_1_258' title='bbox 2511 1095 2604 1148; x_wconf 77' lang='grc' dir='ltr'>καὶ</span> <span class='ocrx_word' id='word_1_259' title='bbox 2630 1092 2970 1165; x_wconf 75' lang='grc' dir='ltr'>ἐπιστρέφων</span> <span class='ocrx_word' id='word_1_260' title='bbox 2992 1091 3330 1145; x_wconf 84' lang='grc' dir='ltr'>ἀποκαθίστα</span> <span class='ocrx_word' id='word_1_261' title='bbox 3359 1092 3417 1142; x_wconf 87' lang='grc' dir='ltr'><strong>ἐν</strong></span> <span class='ocrx_word' id='word_1_262' title='bbox 3442 1093 3510 1162; x_wconf 79' lang='grc' dir='ltr'>τῇ</span> <span class='ocrx_word' id='word_1_263' title='bbox 3538 1090 3765 1163; x_wconf 79' lang='grc' dir='ltr'>ποίμνῃ,</span> 
     </span>
    </p>
   </div>
   <div class='ocr_carea' id='block_1_36' title="bbox 2191 1181 3766 1257">
    <p class='ocr_par' dir='ltr' id='par_1_36' title="bbox 2191 1181 3766 1257">
     <span class='ocr_line' id='line_1_36' title="bbox 2191 1181 3766 1257; baseline -0.002 -18"><span class='ocrx_word' id='word_1_264' title='bbox 2191 1186 2486 1251; x_wconf 84' lang='grc' dir='ltr'>τουτέστιν,</span> <span class='ocrx_word' id='word_1_265' title='bbox 2516 1187 2573 1239; x_wconf 89' lang='grc' dir='ltr'><strong>ἐν</strong></span> <span class='ocrx_word' id='word_1_266' title='bbox 2600 1186 2679 1257; x_wconf 82' lang='grc' dir='ltr'>τῷ</span> <span class='ocrx_word' id='word_1_267' title='bbox 2708 1185 2822 1257; x_wconf 80' lang='grc' dir='ltr'>λαῷ</span> <span class='ocrx_word' id='word_1_268' title='bbox 2850 1186 2947 1256; x_wconf 85' lang='grc' dir='ltr'>τῆς</span> <span class='ocrx_word' id='word_1_269' title='bbox 2974 1183 3204 1255; x_wconf 81' lang='grc' dir='ltr'>ἀμώμου</span> <span class='ocrx_word' id='word_1_270' title='bbox 3254 1181 3561 1253; x_wconf 76' lang='grc' dir='ltr'><strong>ἐκκλησίας·</strong></span> <span class='ocrx_word' id='word_1_271' title='bbox 3607 1182 3668 1235; x_wconf 85' lang='grc' dir='ltr'>τὸ</span> <span class='ocrx_word' id='word_1_272' title='bbox 3708 1181 3766 1236; x_wconf 63' lang='grc' dir='ltr'><strong>δέ</strong></span> 
     </span>
    </p>
   </div>
   <div class='ocr_carea' id='block_1_37' title="bbox 2191 1276 3766 1350">
    <p class='ocr_par' dir='ltr' id='par_1_37' title="bbox 2191 1276 3766 1350">
     <span class='ocr_line' id='line_1_37' title="bbox 2191 1276 3766 1350; baseline -0.002 -19"><span class='ocrx_word' id='word_1_273' title='bbox 2191 1278 2467 1342; x_wconf 85' lang='grc' dir='ltr'>ἀπολωλὸς</span> <span class='ocrx_word' id='word_1_274' title='bbox 2494 1277 2733 1350; x_wconf 78' lang='grc' dir='ltr'>ἐκζήτει,</span> <span class='ocrx_word' id='word_1_275' title='bbox 2761 1277 3023 1340; x_wconf 86' lang='grc' dir='ltr'>τουτέστι,</span> <span class='ocrx_word' id='word_1_276' title='bbox 3061 1277 3122 1329; x_wconf 87' lang='grc' dir='ltr'>τὸ</span> <span class='ocrx_word' id='word_1_277' title='bbox 3164 1276 3269 1329; x_wconf 83' lang='grc' dir='ltr'><strong>ὑπὸ</strong></span> <span class='ocrx_word' id='word_1_278' title='bbox 3311 1276 3546 1347; x_wconf 85' lang='grc' dir='ltr'>πλήθους</span> <span class='ocrx_word' id='word_1_279' title='bbox 3587 1292 3766 1348; x_wconf 89' lang='grc' dir='ltr'>παρα-</span> 
     </span>
    </p>
   </div>
   <div class='ocr_carea' id='block_1_38' title="bbox 2192 1369 3762 1443">
    <p class='ocr_par' dir='ltr' id='par_1_38' title="bbox 2192 1369 3762 1443">
     <span class='ocr_line' id='line_1_38' title="bbox 2192 1369 3762 1443; baseline 0 -21"><span class='ocrx_word' id='word_1_280' title='bbox 2192 1370 2498 1442; x_wconf 80' lang='grc' dir='ltr'>πτωμάτων</span> <span class='ocrx_word' id='word_1_281' title='bbox 2528 1369 2721 1423; x_wconf 86' lang='grc' dir='ltr'>ἐαυτοῦ</span> <span class='ocrx_word' id='word_1_282' title='bbox 2753 1369 2865 1443; x_wconf 88' lang='grc'>(15)</span> <span class='ocrx_word' id='word_1_283' title='bbox 2896 1369 3200 1422; x_wconf 87' lang='grc' dir='ltr'>ἀπελπίσαν</span> <span class='ocrx_word' id='word_1_284' title='bbox 3225 1369 3323 1439; x_wconf 85' lang='grc' dir='ltr'>τῆς</span> <span class='ocrx_word' id='word_1_285' title='bbox 3364 1369 3654 1442; x_wconf 86' lang='grc' dir='ltr'>σωτηρίας,</span> <span class='ocrx_word' id='word_1_286' title='bbox 3686 1370 3762 1440; x_wconf 81' lang='grc' dir='ltr'>μὴ</span> 
     </span>
    </p>
   </div>
   <div class='ocr_carea' id='block_1_39' title="bbox 2192 1459 3764 1535">
    <p class='ocr_par' dir='ltr' id='par_1_39' title="bbox 2192 1459 3764 1535">
     <span class='ocr_line' id='line_1_39' title="bbox 2192 1459 3764 1535; baseline -0.001 -21"><span class='ocrx_word' id='word_1_287' title='bbox 2192 1462 2359 1535; x_wconf 77' lang='grc' dir='ltr'>ἐάσῃς</span> <span class='ocrx_word' id='word_1_288' title='bbox 2384 1462 2581 1525; x_wconf 83' lang='grc' dir='ltr'>τελέως</span> <span class='ocrx_word' id='word_1_289' title='bbox 2610 1461 2922 1515; x_wconf 82' lang='grc' dir='ltr'>ἀπολέσθαι’</span> <span class='ocrx_word' id='word_1_290' title='bbox 2968 1460 3027 1514; x_wconf 88' lang='grc' dir='ltr'>τὸ</span> <span class='ocrx_word' id='word_1_291' title='bbox 3072 1460 3177 1513; x_wconf 76' lang='grc' dir='ltr'><strong>ὑπὸ</strong></span> <span class='ocrx_word' id='word_1_292' title='bbox 3204 1459 3405 1531; x_wconf 85' lang='grc' dir='ltr'>πολλῆς</span> <span class='ocrx_word' id='word_1_293' title='bbox 3429 1459 3641 1529; x_wconf 74' lang='grc' dir='ltr'>ψύξεως</span> <span class='ocrx_word' id='word_1_294' title='bbox 3665 1459 3764 1529; x_wconf 77' lang='grc' dir='ltr'>ψυ-</span> 
     </span>
    </p>
   </div>
   <div class='ocr_carea' id='block_1_40' title="bbox 2192 1551 3764 1625">
    <p class='ocr_par' dir='ltr' id='par_1_40' title="bbox 2192 1551 3764 1625">
     <span class='ocr_line' id='line_1_40' title="bbox 2192 1551 3764 1625; baseline -0.001 -19"><span class='ocrx_word' id='word_1_295' title='bbox 2192 1555 2350 1625; x_wconf 83' lang='grc' dir='ltr'>χικῆς</span> <span class='ocrx_word' id='word_1_296' title='bbox 2379 1553 2486 1624; x_wconf 91' lang='grc'>(16)</span> <span class='ocrx_word' id='word_1_297' title='bbox 2518 1554 2612 1607; x_wconf 78' lang='grc' dir='ltr'>καὶ</span> <span class='ocrx_word' id='word_1_298' title='bbox 2638 1553 2897 1623; x_wconf 86' lang='grc' dir='ltr'>νωχελίας</span> <span class='ocrx_word' id='word_1_299' title='bbox 2923 1552 3193 1606; x_wconf 88' lang='grc' dir='ltr'>κάθυπνον</span> <span class='ocrx_word' id='word_1_300' title='bbox 3222 1552 3529 1623; x_wconf 88' lang='grc' dir='ltr'>γενόμενον,</span> <span class='ocrx_word' id='word_1_301' title='bbox 3558 1552 3652 1605; x_wconf 75' lang='grc' dir='ltr'>καὶ</span> <span class='ocrx_word' id='word_1_302' title='bbox 3676 1551 3764 1605; x_wconf 71' lang='grc' dir='ltr'><strong>διὰ</strong></span> 
     </span>
    </p>
   </div>
   <div class='ocr_carea' id='block_1_41' title="bbox 2194 1642 3763 1716">
    <p class='ocr_par' dir='ltr' id='par_1_41' title="bbox 2194 1642 3763 1716">
     <span class='ocr_line' id='line_1_41' title="bbox 2194 1642 3763 1716; baseline -0.001 -19"><span class='ocrx_word' id='word_1_303' title='bbox 2194 1644 2388 1716; x_wconf 89' lang='grc' dir='ltr'>βαρέος</span> <span class='ocrx_word' id='word_1_304' title='bbox 2431 1644 2599 1698; x_wconf 78' lang='grc' dir='ltr'>ὕπνου</span> <span class='ocrx_word' id='word_1_305' title='bbox 2641 1645 2739 1716; x_wconf 85' lang='grc' dir='ltr'>τῆς</span> <span class='ocrx_word' id='word_1_306' title='bbox 2781 1644 2972 1699; x_wconf 89' lang='grc' dir='ltr'>ἐαυτοῦ</span> <span class='ocrx_word' id='word_1_307' title='bbox 3015 1642 3159 1716; x_wconf 76' lang='grc' dir='ltr'>ζωῆς</span> <span class='ocrx_word' id='word_1_308' title='bbox 3203 1642 3621 1715; x_wconf 89' lang='grc' dir='ltr'>ἐπιλαθόμενον,</span> <span class='ocrx_word' id='word_1_309' title='bbox 3670 1643 3763 1697; x_wconf 73' lang='grc' dir='ltr'>καὶ</span> 
     </span>
    </p>
   </div>
   <div class='ocr_carea' id='block_1_42' title="bbox 2197 1733 3764 1809">
    <p class='ocr_par' dir='ltr' id='par_1_42' title="bbox 2197 1733 3764 1809">
     <span class='ocr_line' id='line_1_42' title="bbox 2197 1733 3764 1809; baseline -0.003 -17"><span class='ocrx_word' id='word_1_310' title='bbox 2197 1736 2412 1809; x_wconf 85' lang='grc' dir='ltr'>μακρὰν</span> <span class='ocrx_word' id='word_1_311' title='bbox 2440 1738 2821 1808; x_wconf 72' lang='grc' dir='ltr'>ἀποπατῆσαν</span> <span class='ocrx_word' id='word_1_312' title='bbox 2852 1738 2950 1807; x_wconf 82' lang='grc' dir='ltr'>τῆς</span> <span class='ocrx_word' id='word_1_313' title='bbox 2983 1736 3115 1800; x_wconf 85' lang='grc' dir='ltr'>ἰδίας</span> <span class='ocrx_word' id='word_1_314' title='bbox 3145 1735 3398 1807; x_wconf 88' lang='grc' dir='ltr'>ποίμνης,</span> <span class='ocrx_word' id='word_1_315' title='bbox 3429 1735 3504 1798; x_wconf 87' lang='grc' dir='ltr'>ὼς</span> <span class='ocrx_word' id='word_1_316' title='bbox 3545 1735 3638 1789; x_wconf 81' lang='grc' dir='ltr'>καὶ</span> <span class='ocrx_word' id='word_1_317' title='bbox 3674 1733 3764 1788; x_wconf 87' lang='grc' dir='ltr'>λύ-</span> 
     </span>
    </p>
   </div>
   <div class='ocr_carea' id='block_1_43' title="bbox 2194 1825 3761 1903">
    <p class='ocr_par' dir='ltr' id='par_1_43' title="bbox 2194 1825 3761 1903">
     <span class='ocr_line' id='line_1_43' title="bbox 2194 1825 3761 1903; baseline -0.003 -19"><span class='ocrx_word' id='word_1_318' title='bbox 2194 1849 2311 1895; x_wconf 86' lang='grc' dir='ltr'>κοις</span> <span class='ocrx_word' id='word_1_319' title='bbox 2354 1833 2669 1903; x_wconf 85' lang='grc' dir='ltr'>περιπεσεῖν</span> <span class='ocrx_word' id='word_1_320' title='bbox 2712 1831 2792 1893; x_wconf 86' lang='grc' dir='ltr'><strong>είς</strong></span> <span class='ocrx_word' id='word_1_321' title='bbox 2835 1828 2998 1899; x_wconf 85' lang='grc' dir='ltr'>βοράν</span> <span class='ocrx_word' id='word_1_322' title='bbox 3042 1828 3174 1899; x_wconf 88' lang='grc'>(17),</span> <span class='ocrx_word' id='word_1_323' title='bbox 3222 1829 3285 1881; x_wconf 84' lang='grc' dir='ltr'>σὺ</span> <span class='ocrx_word' id='word_1_324' title='bbox 3332 1825 3623 1899; x_wconf 72' lang='grc' dir='ltr'>ἀναζήτει,</span> <span class='ocrx_word' id='word_1_325' title='bbox 3670 1826 3761 1879; x_wconf 70' lang='grc' dir='ltr'>καὶ</span> 
     </span>
    </p>
   </div>
   <div class='ocr_carea' id='block_1_44' title="bbox 2194 1917 3759 1994">
    <p class='ocr_par' dir='ltr' id='par_1_44' title="bbox 2194 1917 3759 1994">
     <span class='ocr_line' id='line_1_44' title="bbox 2194 1917 3759 1994; baseline -0.005 -18"><span class='ocrx_word' id='word_1_326' title='bbox 2194 1922 2456 1976; x_wconf 84' lang='grc' dir='ltr'>νουθετῶν</span> <span class='ocrx_word' id='word_1_327' title='bbox 2486 1924 2801 1994; x_wconf 85' lang='grc' dir='ltr'>ἐπίστρεφε,</span> <span class='ocrx_word' id='word_1_328' title='bbox 2831 1923 2925 1975; x_wconf 78' lang='grc' dir='ltr'>καὶ</span> <span class='ocrx_word' id='word_1_329' title='bbox 2954 1922 3142 1992; x_wconf 83' lang='grc' dir='ltr'>νήφειν</span> <span class='ocrx_word' id='word_1_330' title='bbox 3172 1919 3499 1991; x_wconf 81' lang='grc' dir='ltr'>παρακάλει,</span> <span class='ocrx_word' id='word_1_331' title='bbox 3541 1919 3635 1973; x_wconf 68' lang='grc' dir='ltr'><strong>καλ⁵</strong></span> <span class='ocrx_word' id='word_1_332' title='bbox 3674 1917 3759 1968; x_wconf 81' lang='grc' dir='ltr'>ἐλ-</span> 
     </span>
    </p>
   </div>
   <div class='ocr_carea' id='block_1_45' title="bbox 2194 2010 3762 2086">
    <p class='ocr_par' dir='ltr' id='par_1_45' title="bbox 2194 2010 3762 2086">
     <span class='ocr_line' id='line_1_45' title="bbox 2194 2010 3762 2086; baseline -0.004 -17"><span class='ocrx_word' id='word_1_333' title='bbox 2194 2016 2322 2069; x_wconf 90' lang='grc' dir='ltr'>πίδα</span> <span class='ocrx_word' id='word_1_334' title='bbox 2353 2014 2671 2086; x_wconf 82' lang='grc' dir='ltr'>ὑπόσπειρε,</span> <span class='ocrx_word' id='word_1_335' title='bbox 2703 2014 2777 2085; x_wconf 84' lang='grc' dir='ltr'>μὴ</span> <span class='ocrx_word' id='word_1_336' title='bbox 2821 2012 3117 2084; x_wconf 76' lang='grc' dir='ltr'>συγχωρῶν</span> <span class='ocrx_word' id='word_1_337' title='bbox 3157 2013 3303 2083; x_wconf 78' lang='grc' dir='ltr'>αὐτῷ</span> <span class='ocrx_word' id='word_1_338' title='bbox 3342 2012 3519 2080; x_wconf 88' lang='grc' dir='ltr'>λέγειν</span> <span class='ocrx_word' id='word_1_339' title='bbox 3559 2011 3621 2063; x_wconf 85' lang='grc' dir='ltr'>τὸ</span> <span class='ocrx_word' id='word_1_340' title='bbox 3659 2010 3762 2063; x_wconf 86' lang='grc' dir='ltr'>ὑπό</span> 
     </span>
    </p>
   </div>
   <div class='ocr_carea' id='block_1_46' title="bbox 2191 2103 3759 2179">
    <p class='ocr_par' dir='ltr' id='par_1_46' title="bbox 2191 2103 3759 2179">
     <span class='ocr_line' id='line_1_46' title="bbox 2191 2103 3759 2179; baseline -0.004 -18"><span class='ocrx_word' id='word_1_341' title='bbox 2191 2124 2351 2162; x_wconf 88' lang='grc' dir='ltr'>τινων</span> <span class='ocrx_word' id='word_1_342' title='bbox 2381 2106 2491 2179; x_wconf 87' lang='grc'>(18)</span> <span class='ocrx_word' id='word_1_343' title='bbox 2525 2106 2832 2178; x_wconf 81' lang='grc' dir='ltr'>εἰρημένον,</span> <span class='ocrx_word' id='word_1_344' title='bbox 2863 2107 2943 2158; x_wconf 83' lang='grc' dir='ltr'>ὅτι</span> <span class='ocrx_word' id='word_1_345' title='bbox 2974 2124 2992 2156; x_wconf 81' lang='grc' dir='ltr'><strong>ι</strong></span> <span class='ocrx_word' id='word_1_346' title='bbox 3031 2104 3111 2157; x_wconf 86' lang='grc' dir='ltr'><strong>Τά</strong></span> <span class='ocrx_word' id='word_1_347' title='bbox 3143 2104 3463 2176; x_wconf 80' lang='grc' dir='ltr'>ἀσεϐήματα</span> <span class='ocrx_word' id='word_1_348' title='bbox 3495 2103 3648 2175; x_wconf 85' lang='grc' dir='ltr'>ήμῶν</span> <span class='ocrx_word' id='word_1_349' title='bbox 3677 2103 3759 2171; x_wconf 82' lang='grc' dir='ltr'>ἐφ’</span> 
     </span>
    </p>
   </div>
   <div class='ocr_carea' id='block_1_47' title="bbox 2192 2195 3763 2272">
    <p class='ocr_par' dir='ltr' id='par_1_47' title="bbox 2192 2195 3763 2272">
     <span class='ocr_line' id='line_1_47' title="bbox 2192 2195 3763 2272; baseline -0.003 -18"><span class='ocrx_word' id='word_1_350' title='bbox 2192 2203 2342 2272; x_wconf 82' lang='grc' dir='ltr'>ἡμῖν,</span> <span class='ocrx_word' id='word_1_351' title='bbox 2372 2201 2465 2254; x_wconf 71' lang='grc' dir='ltr'>καὶ</span> <span class='ocrx_word' id='word_1_352' title='bbox 2493 2202 2650 2271; x_wconf 81' lang='grc' dir='ltr'>ἡμεῖς</span> <span class='ocrx_word' id='word_1_353' title='bbox 2679 2200 2737 2253; x_wconf 89' lang='grc' dir='ltr'><strong>ἐν</strong></span> <span class='ocrx_word' id='word_1_354' title='bbox 2767 2199 2947 2262; x_wconf 84' lang='grc' dir='ltr'>αὐτοῖς</span> <span class='ocrx_word' id='word_1_355' title='bbox 2976 2196 3273 2269; x_wconf 89' lang='grc' dir='ltr'>τηκόμεθα,</span> <span class='ocrx_word' id='word_1_356' title='bbox 3306 2198 3397 2250; x_wconf 76' lang='grc' dir='ltr'>καὶ</span> <span class='ocrx_word' id='word_1_357' title='bbox 3440 2196 3555 2260; x_wconf 90' lang='grc' dir='ltr'><strong>πῶς</strong></span> <span class='ocrx_word' id='word_1_358' title='bbox 3601 2195 3763 2268; x_wconf 75' lang='grc' dir='ltr'>ζησό-</span> 
     </span>
    </p>
   </div>
   <div class='ocr_carea' id='block_1_48' title="bbox 2196 2286 3761 2365">
    <p class='ocr_par' dir='ltr' id='par_1_48' title="bbox 2196 2286 3761 2365">
     <span class='ocr_line' id='line_1_48' title="bbox 2196 2286 3761 2365; baseline -0.003 -19"><span class='ocrx_word' id='word_1_359' title='bbox 2196 2293 2366 2365; x_wconf 88' lang='grc' dir='ltr'>μεθα;</span> <span class='ocrx_word' id='word_1_360' title='bbox 2403 2312 2421 2344; x_wconf 70' lang='grc' dir='ltr'><strong>ι</strong></span> <span class='ocrx_word' id='word_1_361' title='bbox 2456 2294 2520 2346; x_wconf 78' lang='lat' dir='ltr'><strong>Ei</strong></span> <span class='ocrx_word' id='word_1_362' title='bbox 2546 2286 2655 2346; x_wconf 78' lang='grc' dir='ltr'>οἷόν</span> <span class='ocrx_word' id='word_1_363' title='bbox 2682 2309 2743 2345; x_wconf 90' lang='grc' dir='ltr'><strong>τε</strong></span> <span class='ocrx_word' id='word_1_364' title='bbox 2774 2288 2885 2356; x_wconf 79' lang='grc' dir='ltr'>οὖν,</span> <span class='ocrx_word' id='word_1_365' title='bbox 2919 2290 3275 2344; x_wconf 85' lang='grc' dir='ltr'>ίδιοποιείσθω</span> <span class='ocrx_word' id='word_1_366' title='bbox 3314 2292 3342 2343; x_wconf 97' lang='lat'><strong>6</strong></span> <span class='ocrx_word' id='word_1_367' title='bbox 3384 2291 3677 2353; x_wconf 76' lang='grc' dir='ltr'>ἐπίσκοπος</span> <span class='ocrx_word' id='word_1_368' title='bbox 3703 2288 3761 2343; x_wconf 82' lang='grc' dir='ltr'>τὸ</span> 
     </span>
    </p>
   </div>
   <div class='ocr_carea' id='block_1_49' title="bbox 2192 2383 3764 2455">
    <p class='ocr_par' dir='ltr' id='par_1_49' title="bbox 2192 2383 3764 2455">
     <span class='ocr_line' id='line_1_49' title="bbox 2192 2383 3764 2455; baseline -0.003 -17"><span class='ocrx_word' id='word_1_369' title='bbox 2192 2384 2586 2455; x_wconf 85' lang='grc' dir='ltr'>πλημμέλημα,</span> <span class='ocrx_word' id='word_1_370' title='bbox 2634 2385 2728 2438; x_wconf 77' lang='grc' dir='ltr'>καὶ</span> <span class='ocrx_word' id='word_1_371' title='bbox 2776 2383 2976 2451; x_wconf 87' lang='grc' dir='ltr'>λεγέτω</span> <span class='ocrx_word' id='word_1_372' title='bbox 3021 2383 3099 2454; x_wconf 79' lang='grc' dir='ltr'>τῷ</span> <span class='ocrx_word' id='word_1_373' title='bbox 3146 2383 3521 2454; x_wconf 75' lang='grc' dir='ltr'>ἡμαρτηκότι,</span> <span class='ocrx_word' id='word_1_374' title='bbox 3570 2384 3651 2435; x_wconf 83' lang='grc' dir='ltr'>ὃτι</span> <span class='ocrx_word' id='word_1_375' title='bbox 3698 2384 3764 2440; x_wconf 58' lang='lat' dir='ltr'><strong>ait</strong></span> 
     </span>
    </p>
   </div>
   <div class='ocr_carea' id='block_1_50' title="bbox 2194 2475 3760 2549">
    <p class='ocr_par' dir='ltr' id='par_1_50' title="bbox 2194 2475 3760 2549">
     <span class='ocr_line' id='line_1_50' title="bbox 2194 2475 3760 2549; baseline -0.001 -19"><span class='ocrx_word' id='word_1_376' title='bbox 2194 2478 2349 2549; x_wconf 89' lang='grc' dir='ltr'>μόνον</span> <span class='ocrx_word' id='word_1_377' title='bbox 2378 2477 2723 2549; x_wconf 76' lang='grc' dir='ltr'>ἐπίστρεψον,</span> <span class='ocrx_word' id='word_1_378' title='bbox 2766 2475 2919 2544; x_wconf 89' lang='grc' dir='ltr'>κάγὼ</span> <span class='ocrx_word' id='word_1_379' title='bbox 2949 2475 3039 2528; x_wconf 81' lang='grc' dir='ltr'>τὸν</span> <span class='ocrx_word' id='word_1_380' title='bbox 3072 2476 3210 2547; x_wconf 78' lang='grc' dir='ltr'>ὑπὲρ</span> <span class='ocrx_word' id='word_1_381' title='bbox 3240 2475 3330 2527; x_wconf 92' lang='grc' dir='ltr'><strong>σοῦ</strong></span> <span class='ocrx_word' id='word_1_382' title='bbox 3364 2475 3589 2529; x_wconf 85' lang='grc' dir='ltr'>θάνατον</span> <span class='ocrx_word' id='word_1_383' title='bbox 3632 2477 3760 2530; x_wconf 73' lang='lat' dir='ltr'><strong>dvo..-</strong></span> 
     </span>
    </p>
   </div>
   <div class='ocr_carea' id='block_1_51' title="bbox 2189 2567 3755 2641">
    <p class='ocr_par' dir='ltr' id='par_1_51' title="bbox 2189 2567 3755 2641">
     <span class='ocr_line' id='line_1_51' title="bbox 2189 2567 3755 2641; baseline -0.003 -19"><span class='ocrx_word' id='word_1_384' title='bbox 2189 2568 2430 2639; x_wconf 78' lang='grc' dir='ltr'>δέξομαι,</span> <span class='ocrx_word' id='word_1_385' title='bbox 2474 2569 2549 2632; x_wconf 86' lang='grc' dir='ltr'>ὼς</span> <span class='ocrx_word' id='word_1_386' title='bbox 2588 2571 2617 2622; x_wconf 90' lang='lat'><strong>6</strong></span> <span class='ocrx_word' id='word_1_387' title='bbox 2661 2569 2861 2641; x_wconf 84' lang='grc' dir='ltr'>Κύριος</span> <span class='ocrx_word' id='word_1_388' title='bbox 2906 2569 2997 2621; x_wconf 77' lang='grc' dir='ltr'>τὸν</span> <span class='ocrx_word' id='word_1_389' title='bbox 3042 2569 3181 2639; x_wconf 83' lang='grc' dir='ltr'>ὑπὲρ</span> <span class='ocrx_word' id='word_1_390' title='bbox 3221 2567 3351 2638; x_wconf 85' lang='grc' dir='ltr'>ἐμοῦ</span> <span class='ocrx_word' id='word_1_391' title='bbox 3386 2570 3478 2621; x_wconf 76' lang='grc' dir='ltr'>καὶ</span> <span class='ocrx_word' id='word_1_392' title='bbox 3520 2568 3755 2620; x_wconf 83' lang='grc' dir='ltr'>πάντων.</span> 
     </span>
    </p>
   </div>
   <div class='ocr_carea' id='block_1_52' title="bbox 527 2657 2087 2736">
    <p class='ocr_par' dir='ltr' id='par_1_52' title="bbox 527 2660 2087 2736">
     <span class='ocr_line' id='line_1_52' title="bbox 527 2660 2087 2736; baseline 0.008 -24"><span class='ocrx_word' id='word_1_393' title='bbox 527 2678 549 2712; x_wconf 79' lang='grc' dir='ltr'><strong>ι</strong></span> <span class='ocrx_word' id='word_1_394' title='bbox 584 2660 761 2715; x_wconf 85' lang='lat' dir='ltr'><strong>bonus</strong></span> <span class='ocrx_word' id='word_1_395' title='bbox 809 2668 997 2731; x_wconf 89' lang='lat' dir='ltr'><strong>pastor</strong></span> <span class='ocrx_word' id='word_1_396' title='bbox 1041 2662 1279 2717; x_wconf 87' lang='lat' dir='ltr'><strong>animam</strong></span> <span class='ocrx_word' id='word_1_397' title='bbox 1338 2679 1493 2718; x_wconf 84' lang='lat' dir='ltr'><strong>suam</strong></span> <span class='ocrx_word' id='word_1_398' title='bbox 1555 2666 1706 2735; x_wconf 89' lang='lat' dir='ltr'><strong>ponit</strong></span> <span class='ocrx_word' id='word_1_399' title='bbox 1749 2682 1847 2736; x_wconf 92' lang='lat' dir='ltr'><strong>pro</strong></span> <span class='ocrx_word' id='word_1_400' title='bbox 1894 2668 2087 2724; x_wconf 86' lang='lat' dir='ltr'><strong>ovibus</strong></span> 
     </span>
    </p>
   </div>
   <div class='ocr_carea' id='block_1_53' title="bbox 2188 2657 3759 2736">
    <p class='ocr_par' dir='ltr' id='par_1_53' title="bbox 2188 2657 3759 2734">
     <span class='ocr_line' id='line_1_53' title="bbox 2188 2657 3759 2734; baseline -0.003 -20"><span class='ocrx_word' id='word_1_401' title='bbox 2188 2662 2259 2713; x_wconf 64' lang='grc' dir='ltr'><strong>ἰ’0</strong></span> <span class='ocrx_word' id='word_1_402' title='bbox 2308 2662 2509 2734; x_wconf 81' lang='grc' dir='ltr'>ποιμὴν</span> <span class='ocrx_word' id='word_1_403' title='bbox 2556 2660 2665 2733; x_wconf 78' lang='grc' dir='ltr'><strong>γὰρ</strong></span> <span class='ocrx_word' id='word_1_404' title='bbox 2705 2663 2734 2714; x_wconf 88' lang='grc' dir='ltr'><strong>ό</strong></span> <span class='ocrx_word' id='word_1_405' title='bbox 2776 2660 2936 2724; x_wconf 82' lang='grc' dir='ltr'>καλὸς</span> <span class='ocrx_word' id='word_1_406' title='bbox 2991 2661 3088 2732; x_wconf 77' lang='grc' dir='ltr'>τὴν</span> <span class='ocrx_word' id='word_1_407' title='bbox 3120 2660 3296 2732; x_wconf 76' lang='grc' dir='ltr'>ψυχὴν</span> <span class='ocrx_word' id='word_1_408' title='bbox 3342 2657 3504 2712; x_wconf 86' lang='grc' dir='ltr'>αὐτοῦ</span> <span class='ocrx_word' id='word_1_409' title='bbox 3550 2658 3759 2729; x_wconf 87' lang='grc' dir='ltr'>τίθησιν</span> 
     </span>
    </p>
   </div>
   <div class='ocr_carea' id='block_1_54' title="bbox 520 2752 2085 2828">
    <p class='ocr_par' dir='ltr' id='par_1_54' title="bbox 520 2752 2085 2828">
     <span class='ocr_line' id='line_1_54' title="bbox 520 2752 2085 2828; baseline 0.003 -20"><span class='ocrx_word' id='word_1_410' title='bbox 520 2752 641 2809; x_wconf 77' lang='lat' dir='ltr'><strong>suis</strong></span> <span class='ocrx_word' id='word_1_411' title='bbox 673 2771 687 2808; x_wconf 89' lang='lat'><strong>:</strong></span> <span class='ocrx_word' id='word_1_412' title='bbox 721 2754 1091 2809; x_wconf 87' lang='lat' dir='ltr'><strong>mercenarius</strong></span> <span class='ocrx_word' id='word_1_413' title='bbox 1134 2761 1315 2809; x_wconf 77' lang='lat' dir='ltr'><strong>autem</strong></span> <span class='ocrx_word' id='word_1_414' title='bbox 1343 2762 1398 2810; x_wconf 91' lang='lat' dir='ltr'><strong>ct</strong></span> <span class='ocrx_word' id='word_1_415' title='bbox 1440 2757 1532 2826; x_wconf 90' lang='lat' dir='ltr'><strong>qui</strong></span> <span class='ocrx_word' id='word_1_416' title='bbox 1565 2772 1675 2812; x_wconf 89' lang='lat' dir='ltr'><strong>non</strong></span> <span class='ocrx_word' id='word_1_417' title='bbox 1722 2764 1807 2812; x_wconf 90' lang='lat' dir='ltr'><strong>est</strong></span> <span class='ocrx_word' id='word_1_418' title='bbox 1857 2766 2047 2828; x_wconf 88' lang='lat' dir='ltr'><strong>pastor</strong></span> <span class='ocrx_word' id='word_1_419' title='bbox 2069 2800 2085 2825; x_wconf 90' lang='lat'><strong>,</strong></span> 
     </span>
    </p>
   </div>
   <div class='ocr_carea' id='block_1_55' title="bbox 518 2848 2089 2919">
    <p class='ocr_par' dir='ltr' id='par_1_55' title="bbox 518 2848 2089 2919">
     <span class='ocr_line' id='line_1_55' title="bbox 518 2848 2089 2919; baseline 0.002 -16"><span class='ocrx_word' id='word_1_420' title='bbox 518 2848 682 2919; x_wconf 89' lang='lat' dir='ltr'><strong>cujus</strong></span> <span class='ocrx_word' id='word_1_421' title='bbox 712 2863 820 2903; x_wconf 92' lang='lat' dir='ltr'><strong>non</strong></span> <span class='ocrx_word' id='word_1_422' title='bbox 852 2855 981 2902; x_wconf 91' lang='lat' dir='ltr'><strong>sunt</strong></span> <span class='ocrx_word' id='word_1_423' title='bbox 1006 2862 1136 2904; x_wconf 91' lang='lat' dir='ltr'><strong>oves</strong></span> <span class='ocrx_word' id='word_1_424' title='bbox 1173 2849 1427 2919; x_wconf 73' lang='lat' dir='ltr'><strong>propriae,</strong></span> <span class='ocrx_word' id='word_1_425' title='bbox 1464 2849 1609 2905; x_wconf 90' lang='lat' dir='ltr'><strong>videt</strong></span> <span class='ocrx_word' id='word_1_426' title='bbox 1638 2850 1826 2919; x_wconf 91' lang='lat' dir='ltr'><strong>lupum</strong></span> <span class='ocrx_word' id='word_1_427' title='bbox 1866 2852 2089 2906; x_wconf 60' lang='lat' dir='ltr'><strong>venieno</strong></span> 
     </span>
    </p>
   </div>
   <div class='ocr_carea' id='block_1_56' title="bbox 518 2940 2085 3008">
    <p class='ocr_par' dir='ltr' id='par_1_56' title="bbox 518 2940 2085 3008">
     <span class='ocr_line' id='line_1_56' title="bbox 518 2940 2085 3008; baseline 0 -10"><span class='ocrx_word' id='word_1_428' title='bbox 518 2951 653 3008; x_wconf 86' lang='lat' dir='ltr'><strong>tem,</strong></span> <span class='ocrx_word' id='word_1_429' title='bbox 696 2961 715 2995; x_wconf 74' lang='grc' dir='ltr'><strong>ι</strong></span> <span class='ocrx_word' id='word_1_430' title='bbox 749 2942 853 2996; x_wconf 90' lang='lat' dir='ltr'><strong>hoc</strong></span> <span class='ocrx_word' id='word_1_431' title='bbox 881 2947 985 3005; x_wconf 89' lang='lat' dir='ltr'><strong>est,</strong></span> <span class='ocrx_word' id='word_1_432' title='bbox 1016 2940 1315 3006; x_wconf 88' lang='lat' dir='ltr'><strong>diabolum,</strong></span> <span class='ocrx_word' id='word_1_433' title='bbox 1356 2960 1373 2991; x_wconf 77' lang='grc' dir='ltr'><strong>ι</strong></span> <span class='ocrx_word' id='word_1_434' title='bbox 1410 2950 1465 2996; x_wconf 89' lang='lat' dir='ltr'><strong>et</strong></span> <span class='ocrx_word' id='word_1_435' title='bbox 1487 2942 1710 2996; x_wconf 88' lang='lat' dir='ltr'><strong>dimittit</strong></span> <span class='ocrx_word' id='word_1_436' title='bbox 1739 2958 1889 3008; x_wconf 88' lang='lat' dir='ltr'><strong>oves,</strong></span> <span class='ocrx_word' id='word_1_437' title='bbox 1920 2953 1973 2998; x_wconf 90' lang='lat' dir='ltr'><strong>et</strong></span> <span class='ocrx_word' id='word_1_438' title='bbox 1997 2944 2085 2998; x_wconf 78' lang='lat' dir='ltr'><strong>fu-</strong></span> 
     </span>
    </p>
   </div>
   <div class='ocr_carea' id='block_1_57' title="bbox 519 3026 2082 3106">
    <p class='ocr_par' dir='ltr' id='par_1_57' title="bbox 519 3026 2082 3106">
     <span class='ocr_line' id='line_1_57' title="bbox 519 3026 2082 3106; baseline 0.002 -19"><span class='ocrx_word' id='word_1_439' title='bbox 519 3037 635 3106; x_wconf 85' lang='lat' dir='ltr'><strong>git;</strong></span> <span class='ocrx_word' id='word_1_440' title='bbox 666 3042 721 3090; x_wconf 88' lang='lat' dir='ltr'><strong>et</strong></span> <span class='ocrx_word' id='word_1_441' title='bbox 750 3026 911 3105; x_wconf 87' lang='lat' dir='ltr'><strong>lupus</strong></span> <span class='ocrx_word' id='word_1_442' title='bbox 934 3034 1076 3103; x_wconf 87' lang='lat' dir='ltr'><strong>rapit</strong></span> <span class='ocrx_word' id='word_1_443' title='bbox 1100 3048 1196 3089; x_wconf 84' lang='lat' dir='ltr'><strong>eas</strong></span> <span class='ocrx_word' id='word_1_444' title='bbox 1218 3033 1283 3087; x_wconf 75' lang='lat'><strong>&quot;.</strong></span> <span class='ocrx_word' id='word_1_445' title='bbox 1324 3053 1342 3085; x_wconf 79' lang='grc' dir='ltr'><strong>ι</strong></span> <span class='ocrx_word' id='word_1_446' title='bbox 1382 3033 1651 3099; x_wconf 86' lang='lat' dir='ltr'><strong>Quocirca</strong></span> <span class='ocrx_word' id='word_1_447' title='bbox 1683 3035 1825 3088; x_wconf 87' lang='lat' dir='ltr'><strong>scire</strong></span> <span class='ocrx_word' id='word_1_448' title='bbox 1850 3043 2082 3103; x_wconf 90' lang='lat' dir='ltr'><strong>oportet,</strong></span> 
     </span>
    </p>
   </div>
   <div class='ocr_carea' id='block_1_58' title="bbox 2190 2748 3760 2825">
    <p class='ocr_par' dir='ltr' id='par_1_58' title="bbox 2190 2748 3760 2825">
     <span class='ocr_line' id='line_1_58' title="bbox 2190 2748 3760 2825; baseline -0.003 -19"><span class='ocrx_word' id='word_1_449' title='bbox 2190 2754 2330 2825; x_wconf 74' lang='grc' dir='ltr'>ὑπὲρ</span> <span class='ocrx_word' id='word_1_450' title='bbox 2356 2753 2464 2805; x_wconf 87' lang='grc' dir='ltr'><strong>τῶν</strong></span> <span class='ocrx_word' id='word_1_451' title='bbox 2499 2752 2799 2824; x_wconf 73' lang='grc' dir='ltr'>προϐάτωνσ</span> <span class='ocrx_word' id='word_1_452' title='bbox 2843 2755 2871 2806; x_wconf 89' lang='lat'><strong>6</strong></span> <span class='ocrx_word' id='word_1_453' title='bbox 2899 2752 2955 2804; x_wconf 84' lang='grc' dir='ltr'><strong>δὲ</strong></span> <span class='ocrx_word' id='word_1_454' title='bbox 2986 2750 3251 2823; x_wconf 83' lang='grc' dir='ltr'>μισθωτὸς</span> <span class='ocrx_word' id='word_1_455' title='bbox 3293 2752 3385 2804; x_wconf 82' lang='grc' dir='ltr'>καὶ</span> <span class='ocrx_word' id='word_1_456' title='bbox 3412 2751 3512 2803; x_wconf 88' lang='grc' dir='ltr'><strong>ούκ</strong></span> <span class='ocrx_word' id='word_1_457' title='bbox 3540 2748 3614 2803; x_wconf 81' lang='grc' dir='ltr'>ὢν</span> <span class='ocrx_word' id='word_1_458' title='bbox 3646 2766 3760 2803; x_wconf 89' lang='grc' dir='ltr'>ποι-</span> 
     </span>
    </p>
   </div>
   <div class='ocr_carea' id='block_1_59' title="bbox 2192 2836 3867 2917">
    <p class='ocr_par' dir='ltr' id='par_1_59' title="bbox 2192 2836 3867 2917">
     <span class='ocr_line' id='line_1_59' title="bbox 2192 2836 3867 2917; baseline -0.003 -20"><span class='ocrx_word' id='word_1_459' title='bbox 2192 2846 2320 2917; x_wconf 82' lang='grc' dir='ltr'>μήν,</span> <span class='ocrx_word' id='word_1_460' title='bbox 2351 2837 2411 2897; x_wconf 76' lang='grc' dir='ltr'><strong>οὗ</strong></span> <span class='ocrx_word' id='word_1_461' title='bbox 2439 2844 2538 2897; x_wconf 86' lang='grc' dir='ltr'>οὐκ</span> <span class='ocrx_word' id='word_1_462' title='bbox 2566 2844 2679 2897; x_wconf 78' lang='grc' dir='ltr'>ἐστι</span> <span class='ocrx_word' id='word_1_463' title='bbox 2708 2842 2777 2896; x_wconf 84' lang='grc' dir='ltr'>τὰ</span> <span class='ocrx_word' id='word_1_464' title='bbox 2805 2843 3052 2915; x_wconf 80' lang='grc' dir='ltr'>πρόϐατα</span> <span class='ocrx_word' id='word_1_465' title='bbox 3085 2842 3190 2896; x_wconf 86' lang='grc' dir='ltr'>ῐδια</span> <span class='ocrx_word' id='word_1_466' title='bbox 3208 2882 3223 2906; x_wconf 96' lang='grc'><strong>,</strong></span> <span class='ocrx_word' id='word_1_467' title='bbox 3268 2842 3460 2913; x_wconf 87' lang='grc' dir='ltr'>θεωρεῖ</span> <span class='ocrx_word' id='word_1_468' title='bbox 3486 2841 3575 2894; x_wconf 85' lang='grc' dir='ltr'>τὸν</span> <span class='ocrx_word' id='word_1_469' title='bbox 3602 2840 3759 2894; x_wconf 84' lang='grc' dir='ltr'>λύκον</span> <span class='ocrx_word' id='word_1_470' title='bbox 3862 2836 3867 2845; x_wconf 83' lang='grc'><em>’</em></span> 
     </span>
    </p>
   </div>
   <div class='ocr_carea' id='block_1_60' title="bbox 2191 2934 3759 3010">
    <p class='ocr_par' dir='ltr' id='par_1_60' title="bbox 2191 2934 3759 3010">
     <span class='ocr_line' id='line_1_60' title="bbox 2191 2934 3759 3010; baseline -0.002 -20"><span class='ocrx_word' id='word_1_471' title='bbox 2191 2936 2817 3010; x_wconf 78' lang='grc' dir='ltr'>ἐρχόμενον,»τουτέστι,</span> <span class='ocrx_word' id='word_1_472' title='bbox 2858 2937 2947 2989; x_wconf 78' lang='grc' dir='ltr'>τὸν</span> <span class='ocrx_word' id='word_1_473' title='bbox 2967 2935 3209 2989; x_wconf 79' lang='grc' dir='ltr'>διάϐολον</span> <span class='ocrx_word' id='word_1_474' title='bbox 3243 2935 3515 3007; x_wconf 74' lang='grc' dir='ltr'>(19),‹καὶ</span> <span class='ocrx_word' id='word_1_475' title='bbox 3569 2934 3759 3004; x_wconf 86' lang='grc' dir='ltr'>ἀφίησι</span> 
     </span>
    </p>
   </div>
   <div class='ocr_carea' id='block_1_61' title="bbox 2188 3022 3757 3102">
    <p class='ocr_par' dir='ltr' id='par_1_61' title="bbox 2188 3022 3757 3102">
     <span class='ocr_line' id='line_1_61' title="bbox 2188 3022 3757 3102; baseline -0.006 -18"><span class='ocrx_word' id='word_1_476' title='bbox 2188 3030 2259 3084; x_wconf 84' lang='grc' dir='ltr'>τὰ</span> <span class='ocrx_word' id='word_1_477' title='bbox 2287 3030 2556 3102; x_wconf 75' lang='grc' dir='ltr'>πρόϐατα,</span> <span class='ocrx_word' id='word_1_478' title='bbox 2585 3031 2677 3083; x_wconf 70' lang='grc' dir='ltr'>καὶ</span> <span class='ocrx_word' id='word_1_479' title='bbox 2706 3030 2917 3099; x_wconf 82' lang='grc' dir='ltr'>φεύγει,</span> <span class='ocrx_word' id='word_1_480' title='bbox 2946 3030 3085 3083; x_wconf 78' lang='grc' dir='ltr'>καὶὸ</span> <span class='ocrx_word' id='word_1_481' title='bbox 3112 3027 3271 3092; x_wconf 84' lang='grc' dir='ltr'>λύκος</span> <span class='ocrx_word' id='word_1_482' title='bbox 3313 3025 3546 3099; x_wconf 74' lang='grc' dir='ltr'>ἁρπάζει</span> <span class='ocrx_word' id='word_1_483' title='bbox 3571 3022 3757 3080; x_wconf 74' lang='grc' dir='ltr'>αὑτά.»</span> 
     </span>
    </p>
   </div>
   <div class='ocr_carea' id='block_1_62' title="bbox 517 3118 2087 3211">
    <p class='ocr_par' dir='ltr' id='par_1_62' title="bbox 517 3127 2086 3203">
     <span class='ocr_line' id='line_1_62' title="bbox 517 3127 2086 3203; baseline 0.004 -22"><span class='ocrx_word' id='word_1_484' title='bbox 517 3129 665 3198; x_wconf 87' lang='lat' dir='ltr'><strong>quod</strong></span> <span class='ocrx_word' id='word_1_485' title='bbox 694 3127 859 3191; x_wconf 88' lang='lat' dir='ltr'><strong>Deus,</strong></span> <span class='ocrx_word' id='word_1_486' title='bbox 890 3127 980 3196; x_wconf 89' lang='lat' dir='ltr'><strong>qui</strong></span> <span class='ocrx_word' id='word_1_487' title='bbox 1012 3128 1326 3182; x_wconf 89' lang='lat' dir='ltr'><strong>misericors</strong></span> <span class='ocrx_word' id='word_1_488' title='bbox 1352 3137 1457 3191; x_wconf 89' lang='lat' dir='ltr'><strong>est,</strong></span> <span class='ocrx_word' id='word_1_489' title='bbox 1497 3128 1940 3199; x_wconf 89' lang='lat' dir='ltr'><strong>delinquentibus</strong></span> <span class='ocrx_word' id='word_1_490' title='bbox 1970 3148 2086 3203; x_wconf 70' lang='lat' dir='ltr'><strong>pm-</strong></span> 
     </span>
    </p>
   </div>
   <div class='ocr_carea' id='block_1_63' title="bbox 2188 3118 3760 3211">
    <p class='ocr_par' dir='ltr' id='par_1_63' title="bbox 2190 3118 3760 3195">
     <span class='ocr_line' id='line_1_63' title="bbox 2190 3118 3760 3195; baseline -0.003 -17"><span class='ocrx_word' id='word_1_491' title='bbox 2190 3124 2401 3178; x_wconf 84' lang='grc' dir='ltr'>Είδέναι</span> <span class='ocrx_word' id='word_1_492' title='bbox 2452 3119 2545 3177; x_wconf 84' lang='grc' dir='ltr'>οὖν</span> <span class='ocrx_word' id='word_1_493' title='bbox 2594 3123 2899 3195; x_wconf 87' lang='grc' dir='ltr'>προσήκει,</span> <span class='ocrx_word' id='word_1_494' title='bbox 2963 3122 3044 3175; x_wconf 84' lang='grc' dir='ltr'>ὃτι</span> <span class='ocrx_word' id='word_1_495' title='bbox 3096 3124 3207 3185; x_wconf 90' lang='grc' dir='ltr'>τοῖς</span> <span class='ocrx_word' id='word_1_496' title='bbox 3253 3123 3628 3192; x_wconf 76' lang='grc' dir='ltr'>ἡμαρτηκόσιν</span> <span class='ocrx_word' id='word_1_497' title='bbox 3674 3118 3760 3173; x_wconf 70' lang='lat' dir='ltr'><strong>eti.-</strong></span> 
     </span>
    </p>
   </div>
   <div class='ocr_carea' id='block_1_64' title="bbox 519 3216 2079 3293">
    <p class='ocr_par' dir='ltr' id='par_1_64' title="bbox 519 3216 2079 3293">
     <span class='ocr_line' id='line_1_64' title="bbox 519 3216 2079 3293; baseline 0.003 -20"><span class='ocrx_word' id='word_1_498' title='bbox 519 3219 804 3274; x_wconf 87' lang='lat' dir='ltr'><strong>nitentiam</strong></span> <span class='ocrx_word' id='word_1_499' title='bbox 830 3216 1187 3287; x_wconf 85' lang='lat' dir='ltr'><strong>jurejurando</strong></span> <span class='ocrx_word' id='word_1_500' title='bbox 1219 3218 1489 3287; x_wconf 91' lang='lat' dir='ltr'><strong>promisit.</strong></span> <span class='ocrx_word' id='word_1_501' title='bbox 1524 3219 1625 3285; x_wconf 80' lang='lat' dir='ltr'><strong>Qui</strong></span> <span class='ocrx_word' id='word_1_502' title='bbox 1672 3236 1801 3275; x_wconf 86' lang='lat' dir='ltr'><strong>vero</strong></span> <span class='ocrx_word' id='word_1_503' title='bbox 1831 3221 2079 3293; x_wconf 89' lang='lat' dir='ltr'><strong>deliquit,</strong></span> 
     </span>
    </p>
   </div>
   <div class='ocr_carea' id='block_1_65' title="bbox 518 3309 2085 3385">
    <p class='ocr_par' dir='ltr' id='par_1_65' title="bbox 518 3309 2085 3385">
     <span class='ocr_line' id='line_1_65' title="bbox 518 3309 2085 3385; baseline 0.003 -19"><span class='ocrx_word' id='word_1_504' title='bbox 518 3325 574 3366; x_wconf 88' lang='lat' dir='ltr'><strong>et</strong></span> <span class='ocrx_word' id='word_1_505' title='bbox 597 3312 738 3365; x_wconf 88' lang='lat' dir='ltr'><strong>hanc</strong></span> <span class='ocrx_word' id='word_1_506' title='bbox 760 3310 827 3365; x_wconf 91' lang='lat' dir='ltr'><strong>de</strong></span> <span class='ocrx_word' id='word_1_507' title='bbox 857 3309 1178 3380; x_wconf 75' lang='lat' dir='ltr'><strong>pmnitentia</strong></span> <span class='ocrx_word' id='word_1_508' title='bbox 1209 3310 1609 3381; x_wconf 87' lang='lat' dir='ltr'><strong>professionem</strong></span> <span class='ocrx_word' id='word_1_509' title='bbox 1641 3311 1734 3368; x_wconf 85' lang='lat' dir='ltr'><strong>Dei</strong></span> <span class='ocrx_word' id='word_1_510' title='bbox 1763 3314 1998 3385; x_wconf 86' lang='lat' dir='ltr'><strong>ignorat,</strong></span> <span class='ocrx_word' id='word_1_511' title='bbox 2030 3325 2085 3371; x_wconf 93' lang='lat' dir='ltr'><strong>et</strong></span> 
     </span>
    </p>
   </div>
   <div class='ocr_carea' id='block_1_66' title="bbox 517 3401 2083 3477">
    <p class='ocr_par' dir='ltr' id='par_1_66' title="bbox 517 3401 2083 3477">
     <span class='ocr_line' id='line_1_66' title="bbox 517 3401 2083 3477; baseline 0.004 -20"><span class='ocrx_word' id='word_1_512' title='bbox 517 3403 756 3458; x_wconf 81' lang='lat' dir='ltr'><strong>divinam</strong></span> <span class='ocrx_word' id='word_1_513' title='bbox 785 3401 1259 3457; x_wconf 89' lang='lat' dir='ltr'><strong>mansuetudinem</strong></span> <span class='ocrx_word' id='word_1_514' title='bbox 1303 3411 1466 3474; x_wconf 89' lang='lat' dir='ltr'><strong>atque</strong></span> <span class='ocrx_word' id='word_1_515' title='bbox 1510 3406 1828 3475; x_wconf 87' lang='lat' dir='ltr'><strong>patientiam</strong></span> <span class='ocrx_word' id='word_1_516' title='bbox 1872 3410 2083 3477; x_wconf 90' lang='lat' dir='ltr'><strong>nescit,</strong></span> 
     </span>
    </p>
   </div>
   <div class='ocr_carea' id='block_1_67' title="bbox 520 3494 2087 3572">
    <p class='ocr_par' dir='ltr' id='par_1_67' title="bbox 520 3494 2087 3572">
     <span class='ocr_line' id='line_1_67' title="bbox 520 3494 2087 3572; baseline 0.005 -23"><span class='ocrx_word' id='word_1_517' title='bbox 520 3496 853 3565; x_wconf 91' lang='lat' dir='ltr'><strong>insuperque</strong></span> <span class='ocrx_word' id='word_1_518' title='bbox 879 3503 1098 3551; x_wconf 86' lang='lat' dir='ltr'><strong>sanctas</strong></span> <span class='ocrx_word' id='word_1_519' title='bbox 1138 3494 1451 3566; x_wconf 87' lang='lat' dir='ltr'><strong>Scripturas</strong></span> <span class='ocrx_word' id='word_1_520' title='bbox 1486 3500 1858 3569; x_wconf 64' lang='lat' dir='ltr'><strong>paenitentiam</strong></span> <span class='ocrx_word' id='word_1_521' title='bbox 1891 3503 2087 3572; x_wconf 65' lang='lat' dir='ltr'><strong>praedi-</strong></span> 
     </span>
    </p>
   </div>
   <div class='ocr_carea' id='block_1_68' title="bbox 518 3590 2084 3662">
    <p class='ocr_par' dir='ltr' id='par_1_68' title="bbox 518 3590 2084 3662">
     <span class='ocr_line' id='line_1_68' title="bbox 518 3590 2084 3662; baseline 0.005 -19"><span class='ocrx_word' id='word_1_522' title='bbox 518 3597 709 3645; x_wconf 86' lang='lat' dir='ltr'><strong>cantes</strong></span> <span class='ocrx_word' id='word_1_523' title='bbox 734 3606 844 3645; x_wconf 93' lang='lat' dir='ltr'><strong>non</strong></span> <span class='ocrx_word' id='word_1_524' title='bbox 877 3590 1178 3660; x_wconf 90' lang='lat' dir='ltr'><strong>cognoscit,</strong></span> <span class='ocrx_word' id='word_1_525' title='bbox 1213 3590 1442 3656; x_wconf 85' lang='lat' dir='ltr'><strong>scilicet,</strong></span> <span class='ocrx_word' id='word_1_526' title='bbox 1478 3606 1509 3645; x_wconf 87' lang='lat' dir='ltr'><strong>a</strong></span> <span class='ocrx_word' id='word_1_527' title='bbox 1533 3599 1587 3647; x_wconf 89' lang='lat' dir='ltr'><strong>te</strong></span> <span class='ocrx_word' id='word_1_528' title='bbox 1613 3607 1723 3647; x_wconf 92' lang='lat' dir='ltr'><strong>non</strong></span> <span class='ocrx_word' id='word_1_529' title='bbox 1748 3594 2007 3662; x_wconf 86' lang='lat' dir='ltr'><strong>edoctus;</strong></span> <span class='ocrx_word' id='word_1_530' title='bbox 2037 3595 2084 3652; x_wconf 92' lang='lat' dir='ltr'><strong>is</strong></span> 
     </span>
    </p>
   </div>
   <div class='ocr_carea' id='block_1_69' title="bbox 519 3682 2085 3758">
    <p class='ocr_par' dir='ltr' id='par_1_69' title="bbox 519 3682 2085 3758">
     <span class='ocr_line' id='line_1_69' title="bbox 519 3682 2085 3758; baseline 0.005 -22"><span class='ocrx_word' id='word_1_531' title='bbox 519 3691 739 3753; x_wconf 87' lang='lat' dir='ltr'><strong>propter</strong></span> <span class='ocrx_word' id='word_1_532' title='bbox 778 3682 1052 3737; x_wconf 84' lang='lat' dir='ltr'><strong>inscitiam</strong></span> <span class='ocrx_word' id='word_1_533' title='bbox 1090 3683 1260 3753; x_wconf 89' lang='lat' dir='ltr'><strong>perit;</strong></span> <span class='ocrx_word' id='word_1_534' title='bbox 1289 3690 1344 3737; x_wconf 90' lang='lat' dir='ltr'><strong>at</strong></span> <span class='ocrx_word' id='word_1_535' title='bbox 1375 3691 1456 3749; x_wconf 93' lang='lat' dir='ltr'><strong>tu,</strong></span> <span class='ocrx_word' id='word_1_536' title='bbox 1488 3692 1750 3755; x_wconf 88' lang='lat' dir='ltr'><strong>tanquam</strong></span> <span class='ocrx_word' id='word_1_537' title='bbox 1800 3686 2085 3758; x_wconf 84' lang='lat' dir='ltr'><strong>indulgens</strong></span> 
     </span>
    </p>
   </div>
   <div class='ocr_carea' id='block_1_70' title="bbox 519 3772 2083 3848">
    <p class='ocr_par' dir='ltr' id='par_1_70' title="bbox 519 3772 2083 3848">
     <span class='ocr_line' id='line_1_70' title="bbox 519 3772 2083 3848; baseline 0.008 -21"><span class='ocrx_word' id='word_1_538' title='bbox 519 3783 707 3843; x_wconf 79' lang='lat' dir='ltr'><strong>pastor</strong></span> <span class='ocrx_word' id='word_1_539' title='bbox 741 3782 795 3829; x_wconf 89' lang='lat' dir='ltr'><strong>ct</strong></span> <span class='ocrx_word' id='word_1_540' title='bbox 825 3772 1106 3830; x_wconf 86' lang='lat' dir='ltr'><strong>studiosus</strong></span> <span class='ocrx_word' id='word_1_541' title='bbox 1156 3774 1461 3844; x_wconf 88' lang='lat' dir='ltr'><strong>pabulator,</strong></span> <span class='ocrx_word' id='word_1_542' title='bbox 1506 3779 1744 3848; x_wconf 83' lang='lat' dir='ltr'><strong>require,</strong></span> <span class='ocrx_word' id='word_1_543' title='bbox 1787 3795 2083 3839; x_wconf 85' lang='lat' dir='ltr'><strong>numerans</strong></span> 
     </span>
    </p>
   </div>
   <div class='ocr_carea' id='block_1_71' title="bbox 518 3864 2086 3942">
    <p class='ocr_par' dir='ltr' id='par_1_71' title="bbox 518 3864 2086 3942">
     <span class='ocr_line' id='line_1_71' title="bbox 518 3864 2086 3942; baseline 0.008 -23"><span class='ocrx_word' id='word_1_544' title='bbox 518 3880 734 3936; x_wconf 86' lang='lat' dir='ltr'><strong>gregem</strong></span> <span class='ocrx_word' id='word_1_545' title='bbox 803 3884 816 3919; x_wconf 90' lang='lat'><strong>:</strong></span> <span class='ocrx_word' id='word_1_546' title='bbox 874 3864 1018 3938; x_wconf 91' lang='lat' dir='ltr'><strong>quod</strong></span> <span class='ocrx_word' id='word_1_547' title='bbox 1076 3865 1421 3921; x_wconf 83' lang='lat' dir='ltr'><strong>desideratur</strong></span> <span class='ocrx_word' id='word_1_548' title='bbox 1454 3869 1750 3942; x_wconf 87' lang='lat' dir='ltr'><strong>investiga,</strong></span> <span class='ocrx_word' id='word_1_549' title='bbox 1795 3872 1938 3928; x_wconf 89' lang='lat' dir='ltr'><strong>sicut</strong></span> <span class='ocrx_word' id='word_1_550' title='bbox 1978 3873 2086 3931; x_wconf 86' lang='lat' dir='ltr'><strong>Do-</strong></span> 
     </span>
    </p>
   </div>
   <div class='ocr_carea' id='block_1_72' title="bbox 518 3958 2085 4032">
    <p class='ocr_par' dir='ltr' id='par_1_72' title="bbox 518 3958 2085 4032">
     <span class='ocr_line' id='line_1_72' title="bbox 518 3958 2085 4032; baseline 0.005 -19"><span class='ocrx_word' id='word_1_551' title='bbox 518 3960 702 4015; x_wconf 86' lang='lat' dir='ltr'><strong>minus</strong></span> <span class='ocrx_word' id='word_1_552' title='bbox 729 3958 893 4023; x_wconf 88' lang='lat' dir='ltr'><strong>Deus,</strong></span> <span class='ocrx_word' id='word_1_553' title='bbox 920 3959 1096 4014; x_wconf 84' lang='lat' dir='ltr'><strong>bonus</strong></span> <span class='ocrx_word' id='word_1_554' title='bbox 1124 3960 1285 4015; x_wconf 84' lang='lat' dir='ltr'><strong>Pater</strong></span> <span class='ocrx_word' id='word_1_555' title='bbox 1313 3967 1520 4026; x_wconf 84' lang='lat' dir='ltr'><strong>noster,</strong></span> <span class='ocrx_word' id='word_1_556' title='bbox 1555 3964 1648 4032; x_wconf 90' lang='lat' dir='ltr'><strong>qui</strong></span> <span class='ocrx_word' id='word_1_557' title='bbox 1680 3962 1955 4019; x_wconf 90' lang='lat' dir='ltr'><strong>doctorem</strong></span> <span class='ocrx_word' id='word_1_558' title='bbox 1985 3982 2085 4021; x_wconf 87' lang='lat' dir='ltr'><strong>no-</strong></span> 
     </span>
    </p>
   </div>
   <div class='ocr_carea' id='block_1_73' title="bbox 516 4049 2084 4121">
    <p class='ocr_par' dir='ltr' id='par_1_73' title="bbox 516 4049 2084 4121">
     <span class='ocr_line' id='line_1_73' title="bbox 516 4049 2084 4121; baseline 0.003 -12"><span class='ocrx_word' id='word_1_559' title='bbox 516 4060 691 4109; x_wconf 73' lang='lat' dir='ltr'><strong>strum</strong></span> <span class='ocrx_word' id='word_1_560' title='bbox 735 4049 944 4115; x_wconf 83' lang='lat' dir='ltr'><strong>Jesum,</strong></span> <span class='ocrx_word' id='word_1_561' title='bbox 984 4049 1179 4105; x_wconf 85' lang='lat' dir='ltr'><strong>Filium</strong></span> <span class='ocrx_word' id='word_1_562' title='bbox 1223 4067 1403 4115; x_wconf 88' lang='lat' dir='ltr'><strong>suum,</strong></span> <span class='ocrx_word' id='word_1_563' title='bbox 1442 4060 1719 4121; x_wconf 88' lang='lat' dir='ltr'><strong>pastorem</strong></span> <span class='ocrx_word' id='word_1_564' title='bbox 1767 4055 1972 4111; x_wconf 87' lang='lat' dir='ltr'><strong>bonum</strong></span> <span class='ocrx_word' id='word_1_565' title='bbox 2020 4074 2084 4115; x_wconf 91' lang='lat' dir='ltr'><strong>ac</strong></span> 
     </span>
    </p>
   </div>
   <div class='ocr_carea' id='block_1_74' title="bbox 518 4141 2085 4218">
    <p class='ocr_par' dir='ltr' id='par_1_74' title="bbox 518 4141 2085 4218">
     <span class='ocr_line' id='line_1_74' title="bbox 518 4141 2085 4218; baseline 0.004 -21"><span class='ocrx_word' id='word_1_566' title='bbox 518 4141 855 4197; x_wconf 73' lang='lat' dir='ltr'><strong>Salvatorem</strong></span> <span class='ocrx_word' id='word_1_567' title='bbox 893 4142 1064 4207; x_wconf 89' lang='lat' dir='ltr'><strong>misit,</strong></span> <span class='ocrx_word' id='word_1_568' title='bbox 1102 4150 1151 4198; x_wconf 62' lang='grc' dir='ltr'><strong>ει</strong></span> <span class='ocrx_word' id='word_1_569' title='bbox 1185 4143 1464 4203; x_wconf 86' lang='lat' dir='ltr'><strong>mandavit</strong></span> <span class='ocrx_word' id='word_1_570' title='bbox 1492 4144 1540 4199; x_wconf 91' lang='lat' dir='ltr'><strong>ei</strong></span> <span class='ocrx_word' id='word_1_571' title='bbox 1575 4146 1883 4218; x_wconf 90' lang='lat' dir='ltr'><strong>relinquere</strong></span> <span class='ocrx_word' id='word_1_572' title='bbox 1911 4165 2085 4204; x_wconf 90' lang='lat' dir='ltr'><strong>nona-</strong></span> 
     </span>
    </p>
   </div>
   <div class='ocr_carea' id='block_1_75' title="bbox 513 4234 2082 4311">
    <p class='ocr_par' dir='ltr' id='par_1_75' title="bbox 513 4234 2082 4311">
     <span class='ocr_line' id='line_1_75' title="bbox 513 4234 2082 4311; baseline 0.006 -23"><span class='ocrx_word' id='word_1_573' title='bbox 513 4234 666 4307; x_wconf 86' lang='lat' dir='ltr'><strong>ginta</strong></span> <span class='ocrx_word' id='word_1_574' title='bbox 711 4250 903 4290; x_wconf 90' lang='lat' dir='ltr'><strong>novem</strong></span> <span class='ocrx_word' id='word_1_575' title='bbox 951 4249 1081 4291; x_wconf 85' lang='lat' dir='ltr'><strong>oves</strong></span> <span class='ocrx_word' id='word_1_576' title='bbox 1128 4235 1184 4289; x_wconf 92' lang='lat' dir='ltr'><strong>in</strong></span> <span class='ocrx_word' id='word_1_577' title='bbox 1214 4235 1517 4302; x_wconf 90' lang='lat' dir='ltr'><strong>montibus,</strong></span> <span class='ocrx_word' id='word_1_578' title='bbox 1564 4245 1620 4293; x_wconf 92' lang='lat' dir='ltr'><strong>et</strong></span> <span class='ocrx_word' id='word_1_579' title='bbox 1671 4255 1969 4311; x_wconf 87' lang='lat' dir='ltr'><strong>properare</strong></span> <span class='ocrx_word' id='word_1_580' title='bbox 2016 4244 2082 4298; x_wconf 92' lang='lat' dir='ltr'><strong>ad</strong></span> 
     </span>
    </p>
   </div>
   <div class='ocr_carea' id='block_1_76' title="bbox 514 4325 2085 4405">
    <p class='ocr_par' dir='ltr' id='par_1_76' title="bbox 514 4325 2085 4405">
     <span class='ocr_line' id='line_1_76' title="bbox 514 4325 2085 4405; baseline 0.007 -25"><span class='ocrx_word' id='word_1_581' title='bbox 514 4325 861 4396; x_wconf 64' lang='lat' dir='ltr'><strong>quaerendam</strong></span> <span class='ocrx_word' id='word_1_582' title='bbox 890 4341 1011 4381; x_wconf 89' lang='lat' dir='ltr'><strong>eam</strong></span> <span class='ocrx_word' id='word_1_583' title='bbox 1039 4343 1160 4397; x_wconf 73' lang='lat' dir='ltr'><strong>qua:</strong></span> <span class='ocrx_word' id='word_1_584' title='bbox 1187 4336 1483 4393; x_wconf 87' lang='lat' dir='ltr'><strong>erraverat,</strong></span> <span class='ocrx_word' id='word_1_585' title='bbox 1506 4330 1889 4403; x_wconf 89' lang='lat' dir='ltr'><strong>inventamque</strong></span> <span class='ocrx_word' id='word_1_586' title='bbox 1920 4351 2085 4405; x_wconf 91' lang='lat' dir='ltr'><strong>super</strong></span> 
     </span>
    </p>
   </div>
   <div class='ocr_carea' id='block_1_77' title="bbox 515 4417 2085 4497">
    <p class='ocr_par' dir='ltr' id='par_1_77' title="bbox 515 4417 2085 4497">
     <span class='ocr_line' id='line_1_77' title="bbox 515 4417 2085 4497; baseline 0.006 -25"><span class='ocrx_word' id='word_1_587' title='bbox 515 4417 773 4475; x_wconf 87' lang='lat' dir='ltr'><strong>humeros</strong></span> <span class='ocrx_word' id='word_1_588' title='bbox 802 4434 933 4475; x_wconf 90' lang='lat' dir='ltr'><strong>suos</strong></span> <span class='ocrx_word' id='word_1_589' title='bbox 958 4420 1227 4485; x_wconf 90' lang='lat' dir='ltr'><strong>attollere,</strong></span> <span class='ocrx_word' id='word_1_590' title='bbox 1252 4427 1307 4476; x_wconf 92' lang='lat' dir='ltr'><strong>et</strong></span> <span class='ocrx_word' id='word_1_591' title='bbox 1328 4420 1394 4475; x_wconf 90' lang='lat' dir='ltr'><strong>ad</strong></span> <span class='ocrx_word' id='word_1_592' title='bbox 1425 4438 1640 4493; x_wconf 86' lang='lat' dir='ltr'><strong>gregem</strong></span> <span class='ocrx_word' id='word_1_593' title='bbox 1672 4434 1910 4493; x_wconf 89' lang='lat' dir='ltr'><strong>portare,</strong></span> <span class='ocrx_word' id='word_1_594' title='bbox 1950 4442 2085 4497; x_wconf 85' lang='lat' dir='ltr'><strong>gau-</strong></span> 
     </span>
    </p>
   </div>
   <div class='ocr_carea' id='block_1_78' title="bbox 2188 3214 3757 3288">
    <p class='ocr_par' dir='ltr' id='par_1_78' title="bbox 2188 3214 3757 3288">
     <span class='ocr_line' id='line_1_78' title="bbox 2188 3214 3757 3288; baseline -0.003 -19"><span class='ocrx_word' id='word_1_595' title='bbox 2188 3216 2491 3288; x_wconf 86' lang='grc' dir='ltr'>σπλαγχνος</span> <span class='ocrx_word' id='word_1_596' title='bbox 2518 3215 2592 3270; x_wconf 78' lang='grc' dir='ltr'>ὢν</span> <span class='ocrx_word' id='word_1_597' title='bbox 2633 3218 2661 3269; x_wconf 91' lang='grc' dir='ltr'>ὁ</span> <span class='ocrx_word' id='word_1_598' title='bbox 2691 3214 2843 3280; x_wconf 76' lang='grc' dir='ltr'>Θεὸς,</span> <span class='ocrx_word' id='word_1_599' title='bbox 2892 3214 3029 3287; x_wconf 88' lang='grc' dir='ltr'><strong>μετά</strong></span> <span class='ocrx_word' id='word_1_600' title='bbox 3056 3216 3219 3287; x_wconf 82' lang='grc' dir='ltr'>ὅρκου</span> <span class='ocrx_word' id='word_1_601' title='bbox 3253 3215 3537 3286; x_wconf 89' lang='grc' dir='ltr'>μετάνοιαν</span> <span class='ocrx_word' id='word_1_602' title='bbox 3582 3214 3757 3285; x_wconf 85' lang='grc' dir='ltr'>ἐπηγ-</span> 
     </span>
    </p>
   </div>
   <div class='ocr_carea' id='block_1_79' title="bbox 2183 3304 3759 3381">
    <p class='ocr_par' dir='ltr' id='par_1_79' title="bbox 2183 3304 3759 3381">
     <span class='ocr_line' id='line_1_79' title="bbox 2183 3304 3759 3381; baseline -0.003 -18"><span class='ocrx_word' id='word_1_603' title='bbox 2183 3310 2416 3379; x_wconf 90' lang='grc' dir='ltr'>γείλατο·</span> <span class='ocrx_word' id='word_1_604' title='bbox 2461 3312 2489 3364; x_wconf 88' lang='lat'><strong>6</strong></span> <span class='ocrx_word' id='word_1_605' title='bbox 2549 3308 2605 3362; x_wconf 85' lang='grc' dir='ltr'><strong>δὲ</strong></span> <span class='ocrx_word' id='word_1_606' title='bbox 2650 3310 2969 3381; x_wconf 85' lang='grc' dir='ltr'>ἁμαρτήσας</span> <span class='ocrx_word' id='word_1_607' title='bbox 3017 3309 3111 3361; x_wconf 83' lang='grc' dir='ltr'>καὶ</span> <span class='ocrx_word' id='word_1_608' title='bbox 3150 3308 3248 3380; x_wconf 77' lang='grc' dir='ltr'>τὴν</span> <span class='ocrx_word' id='word_1_609' title='bbox 3293 3306 3618 3375; x_wconf 82' lang='grc' dir='ltr'>ἐπαγγελίαν</span> <span class='ocrx_word' id='word_1_610' title='bbox 3662 3304 3759 3359; x_wconf 81' lang='grc' dir='ltr'><strong>τοῦ</strong></span> 
     </span>
    </p>
   </div>
   <div class='ocr_carea' id='block_1_80' title="bbox 2184 3396 3757 3475">
    <p class='ocr_par' dir='ltr' id='par_1_80' title="bbox 2184 3396 3757 3475">
     <span class='ocr_line' id='line_1_80' title="bbox 2184 3396 3757 3475; baseline -0.004 -19"><span class='ocrx_word' id='word_1_611' title='bbox 2184 3402 2320 3456; x_wconf 82' lang='grc' dir='ltr'><strong>Θεοῦ</strong></span> <span class='ocrx_word' id='word_1_612' title='bbox 2339 3403 2438 3475; x_wconf 83' lang='grc' dir='ltr'>τὴν</span> <span class='ocrx_word' id='word_1_613' title='bbox 2467 3401 2594 3474; x_wconf 78' lang='grc' dir='ltr'>περὶ</span> <span class='ocrx_word' id='word_1_614' title='bbox 2628 3400 2911 3472; x_wconf 85' lang='grc' dir='ltr'>μετάνοιαν</span> <span class='ocrx_word' id='word_1_615' title='bbox 2942 3398 3169 3467; x_wconf 84' lang='grc' dir='ltr'>ἀγνοῶν,</span> <span class='ocrx_word' id='word_1_616' title='bbox 3200 3399 3293 3451; x_wconf 66' lang='grc' dir='ltr'><strong>κα)⁸</strong></span> <span class='ocrx_word' id='word_1_617' title='bbox 3318 3398 3377 3451; x_wconf 86' lang='grc' dir='ltr'>τὸ</span> <span class='ocrx_word' id='word_1_618' title='bbox 3409 3396 3757 3471; x_wconf 88' lang='grc' dir='ltr'>μακρόθυμον</span> 
     </span>
    </p>
   </div>
   <div class='ocr_carea' id='block_1_81' title="bbox 2184 3488 3758 3564">
    <p class='ocr_par' dir='ltr' id='par_1_81' title="bbox 2184 3488 3758 3564">
     <span class='ocr_line' id='line_1_81' title="bbox 2184 3488 3758 3564; baseline -0.003 -15"><span class='ocrx_word' id='word_1_619' title='bbox 2184 3495 2280 3549; x_wconf 74' lang='grc' dir='ltr'>καὶ</span> <span class='ocrx_word' id='word_1_620' title='bbox 2308 3492 2624 3560; x_wconf 76' lang='grc' dir='ltr'>ἀνεξίκακον</span> <span class='ocrx_word' id='word_1_621' title='bbox 2654 3492 2817 3545; x_wconf 81' lang='grc' dir='ltr'>αὑτοῦ</span> <span class='ocrx_word' id='word_1_622' title='bbox 2860 3492 2935 3564; x_wconf 84' lang='grc' dir='ltr'>μὴ</span> <span class='ocrx_word' id='word_1_623' title='bbox 2973 3490 3348 3561; x_wconf 84' lang='grc' dir='ltr'>ἐπιστάμενος,</span> <span class='ocrx_word' id='word_1_624' title='bbox 3392 3489 3471 3543; x_wconf 78' lang='grc' dir='ltr'><strong>ἐτι</strong></span> <span class='ocrx_word' id='word_1_625' title='bbox 3520 3488 3625 3561; x_wconf 77' lang='grc' dir='ltr'>μὴν</span> <span class='ocrx_word' id='word_1_626' title='bbox 3664 3489 3758 3545; x_wconf 76' lang='grc' dir='ltr'>καὶ</span> 
     </span>
    </p>
   </div>
   <div class='ocr_carea' id='block_1_82' title="bbox 2182 3580 3760 3657">
    <p class='ocr_par' dir='ltr' id='par_1_82' title="bbox 2182 3580 3760 3657">
     <span class='ocr_line' id='line_1_82' title="bbox 2182 3580 3760 3657; baseline -0.005 -16"><span class='ocrx_word' id='word_1_627' title='bbox 2182 3585 2282 3651; x_wconf 79' lang='grc' dir='ltr'>τὰς</span> <span class='ocrx_word' id='word_1_628' title='bbox 2315 3586 2476 3655; x_wconf 87' lang='grc' dir='ltr'>ἀγίας</span> <span class='ocrx_word' id='word_1_629' title='bbox 2502 3584 2724 3657; x_wconf 89' lang='grc' dir='ltr'>Γραφάς</span> <span class='ocrx_word' id='word_1_630' title='bbox 2750 3583 2849 3647; x_wconf 81' lang='grc' dir='ltr'>τὰς</span> <span class='ocrx_word' id='word_1_631' title='bbox 2876 3582 3078 3654; x_wconf 87' lang='grc' dir='ltr'>ταύτην</span> <span class='ocrx_word' id='word_1_632' title='bbox 3106 3581 3483 3656; x_wconf 87' lang='grc' dir='ltr'>κηρυσσούσας</span> <span class='ocrx_word' id='word_1_633' title='bbox 3509 3581 3570 3634; x_wconf 86' lang='grc' dir='ltr'><strong>ού</strong></span> <span class='ocrx_word' id='word_1_634' title='bbox 3597 3580 3760 3650; x_wconf 78' lang='grc' dir='ltr'>γινώ-</span> 
     </span>
    </p>
   </div>
   <div class='ocr_carea' id='block_1_83' title="bbox 2187 3673 3756 3749">
    <p class='ocr_par' dir='ltr' id='par_1_83' title="bbox 2187 3673 3756 3749">
     <span class='ocr_line' id='line_1_83' title="bbox 2187 3673 3756 3749; baseline -0.002 -17"><span class='ocrx_word' id='word_1_635' title='bbox 2187 3693 2355 3743; x_wconf 87' lang='grc' dir='ltr'>σκων,</span> <span class='ocrx_word' id='word_1_636' title='bbox 2376 3678 2471 3731; x_wconf 85' lang='grc' dir='ltr'><strong>ἀτε</strong></span> <span class='ocrx_word' id='word_1_637' title='bbox 2496 3677 2570 3749; x_wconf 82' lang='grc' dir='ltr'>μὴ</span> <span class='ocrx_word' id='word_1_638' title='bbox 2602 3674 2934 3749; x_wconf 86' lang='grc' dir='ltr'>μεμαθηκὼς</span> <span class='ocrx_word' id='word_1_639' title='bbox 2962 3675 3113 3746; x_wconf 83' lang='grc' dir='ltr'>παρὰ</span> <span class='ocrx_word' id='word_1_640' title='bbox 3143 3674 3257 3739; x_wconf 92' lang='grc' dir='ltr'>σοῦ,</span> <span class='ocrx_word' id='word_1_641' title='bbox 3279 3673 3569 3728; x_wconf 79' lang='grc' dir='ltr'>ἀπόλλυται</span> <span class='ocrx_word' id='word_1_642' title='bbox 3590 3674 3659 3737; x_wconf 81' lang='grc'><strong>⁸⁸,</strong></span> <span class='ocrx_word' id='word_1_643' title='bbox 3690 3674 3756 3729; x_wconf 75' lang='grc' dir='ltr'>σὺ</span> 
     </span>
    </p>
   </div>
   <div class='ocr_carea' id='block_1_84' title="bbox 2183 3766 3757 3842">
    <p class='ocr_par' dir='ltr' id='par_1_84' title="bbox 2183 3766 3757 3842">
     <span class='ocr_line' id='line_1_84' title="bbox 2183 3766 3757 3842; baseline -0.003 -19"><span class='ocrx_word' id='word_1_644' title='bbox 2183 3769 2241 3824; x_wconf 84' lang='grc' dir='ltr'><strong>δὲ</strong></span> <span class='ocrx_word' id='word_1_645' title='bbox 2270 3770 2347 3834; x_wconf 83' lang='grc' dir='ltr'>ὡς</span> <span class='ocrx_word' id='word_1_646' title='bbox 2374 3769 2722 3842; x_wconf 87' lang='grc' dir='ltr'>φιλόστοργος</span> <span class='ocrx_word' id='word_1_647' title='bbox 2763 3768 2965 3840; x_wconf 82' lang='grc' dir='ltr'>ποιμὴν</span> <span class='ocrx_word' id='word_1_648' title='bbox 3012 3768 3106 3821; x_wconf 74' lang='grc' dir='ltr'>καὶ</span> <span class='ocrx_word' id='word_1_649' title='bbox 3147 3768 3222 3831; x_wconf 84' lang='grc' dir='ltr'>ὡς</span> <span class='ocrx_word' id='word_1_650' title='bbox 3255 3766 3534 3829; x_wconf 80' lang='grc' dir='ltr'>σπουδαῖος</span> <span class='ocrx_word' id='word_1_651' title='bbox 3563 3768 3757 3837; x_wconf 84' lang='grc' dir='ltr'>νομεὺς</span> 
     </span>
    </p>
   </div>
   <div class='ocr_carea' id='block_1_85' title="bbox 2183 3857 3755 3934">
    <p class='ocr_par' dir='ltr' id='par_1_85' title="bbox 2183 3857 3755 3934">
     <span class='ocr_line' id='line_1_85' title="bbox 2183 3857 3755 3934; baseline -0.004 -18"><span class='ocrx_word' id='word_1_652' title='bbox 2183 3860 2460 3933; x_wconf 76' lang='grc' dir='ltr'>ἀναζήτει,</span> <span class='ocrx_word' id='word_1_653' title='bbox 2500 3860 2749 3934; x_wconf 86' lang='grc' dir='ltr'>ἀριθμῶν</span> <span class='ocrx_word' id='word_1_654' title='bbox 2774 3860 2872 3931; x_wconf 83' lang='grc' dir='ltr'>τὴν</span> <span class='ocrx_word' id='word_1_655' title='bbox 2904 3860 3157 3931; x_wconf 74' lang='grc' dir='ltr'>ποίμνηψ</span> <span class='ocrx_word' id='word_1_656' title='bbox 3190 3859 3251 3912; x_wconf 85' lang='grc' dir='ltr'>τὸ</span> <span class='ocrx_word' id='word_1_657' title='bbox 3296 3858 3478 3912; x_wconf 67' lang='grc' dir='ltr'>λεῖπον</span> <span class='ocrx_word' id='word_1_658' title='bbox 3517 3857 3755 3929; x_wconf 76' lang='grc' dir='ltr'>ὲκξήτει,</span> 
     </span>
    </p>
   </div>
   <div class='ocr_carea' id='block_1_86' title="bbox 2184 3949 3758 4027">
    <p class='ocr_par' dir='ltr' id='par_1_86' title="bbox 2184 3949 3758 4027">
     <span class='ocr_line' id='line_1_86' title="bbox 2184 3949 3758 4027; baseline -0.003 -20"><span class='ocrx_word' id='word_1_659' title='bbox 2184 3953 2260 4017; x_wconf 85' lang='grc' dir='ltr'>ὡς</span> <span class='ocrx_word' id='word_1_660' title='bbox 2289 3952 2494 4027; x_wconf 83' lang='grc' dir='ltr'>Κύριος</span> <span class='ocrx_word' id='word_1_661' title='bbox 2520 3956 2550 4007; x_wconf 90' lang='grc' dir='ltr'><strong>ό</strong></span> <span class='ocrx_word' id='word_1_662' title='bbox 2577 3952 2709 4016; x_wconf 78' lang='grc' dir='ltr'>Θεὸς</span> <span class='ocrx_word' id='word_1_663' title='bbox 2737 3955 2765 4006; x_wconf 89' lang='lat'><strong>6</strong></span> <span class='ocrx_word' id='word_1_664' title='bbox 2794 3951 2997 4021; x_wconf 84' lang='grc' dir='ltr'>ἀγαθὸς</span> <span class='ocrx_word' id='word_1_665' title='bbox 3016 3953 3205 4025; x_wconf 78' lang='grc' dir='ltr'>Πατὴρ</span> <span class='ocrx_word' id='word_1_666' title='bbox 3224 3952 3401 4023; x_wconf 87' lang='grc' dir='ltr'>ήμῶν,</span> <span class='ocrx_word' id='word_1_667' title='bbox 3433 3949 3758 4014; x_wconf 85' lang='grc' dir='ltr'>ἀποστείλας</span> 
     </span>
    </p>
   </div>
   <div class='ocr_carea' id='block_1_87' title="bbox 2182 4041 3754 4117">
    <p class='ocr_par' dir='ltr' id='par_1_87' title="bbox 2182 4041 3754 4117">
     <span class='ocr_line' id='line_1_87' title="bbox 2182 4041 3754 4117; baseline -0.003 -18"><span class='ocrx_word' id='word_1_668' title='bbox 2182 4045 2272 4099; x_wconf 85' lang='grc' dir='ltr'>τὸν</span> <span class='ocrx_word' id='word_1_669' title='bbox 2300 4045 2491 4099; x_wconf 81' lang='grc' dir='ltr'>ἐαυτοῦ</span> <span class='ocrx_word' id='word_1_670' title='bbox 2518 4045 2645 4099; x_wconf 84' lang='grc' dir='ltr'>Υίὸν</span> <span class='ocrx_word' id='word_1_671' title='bbox 2677 4045 2909 4116; x_wconf 83' lang='grc' dir='ltr'>ποιμένα</span> <span class='ocrx_word' id='word_1_672' title='bbox 2950 4044 3111 4100; x_wconf 87' lang='grc' dir='ltr'>καλὸν</span> <span class='ocrx_word' id='word_1_673' title='bbox 3142 4045 3234 4097; x_wconf 71' lang='grc' dir='ltr'>καὶ</span> <span class='ocrx_word' id='word_1_674' title='bbox 3270 4044 3497 4117; x_wconf 83' lang='grc' dir='ltr'>Σωτῆρα</span> <span class='ocrx_word' id='word_1_675' title='bbox 3543 4042 3634 4095; x_wconf 87' lang='grc' dir='ltr'>τὸν</span> <span class='ocrx_word' id='word_1_676' title='bbox 3680 4041 3754 4094; x_wconf 86' lang='grc' dir='ltr'><strong>δι-</strong></span> 
     </span>
    </p>
   </div>
   <div class='ocr_carea' id='block_1_88' title="bbox 2182 4134 3756 4209">
    <p class='ocr_par' dir='ltr' id='par_1_88' title="bbox 2182 4134 3756 4209">
     <span class='ocr_line' id='line_1_88' title="bbox 2182 4134 3756 4209; baseline -0.001 -20"><span class='ocrx_word' id='word_1_677' title='bbox 2182 4136 2447 4192; x_wconf 85' lang='grc' dir='ltr'>δάσκαλον</span> <span class='ocrx_word' id='word_1_678' title='bbox 2493 4136 2648 4209; x_wconf 85' lang='grc' dir='ltr'>ήμῶν</span> <span class='ocrx_word' id='word_1_679' title='bbox 2690 4136 2915 4209; x_wconf 78' lang='grc' dir='ltr'>Ἰησοῦν,</span> <span class='ocrx_word' id='word_1_680' title='bbox 2950 4136 3248 4208; x_wconf 77' lang='grc' dir='ltr'>ἐπιτρέψας</span> <span class='ocrx_word' id='word_1_681' title='bbox 3294 4135 3441 4206; x_wconf 80' lang='grc' dir='ltr'>αὐτῷ</span> <span class='ocrx_word' id='word_1_682' title='bbox 3485 4134 3640 4187; x_wconf 84' lang='grc' dir='ltr'>ἐάσαι</span> <span class='ocrx_word' id='word_1_683' title='bbox 3686 4134 3756 4187; x_wconf 91' lang='grc' dir='ltr'><strong>τά</strong></span> 
     </span>
    </p>
   </div>
   <div class='ocr_carea' id='block_1_89' title="bbox 2184 4226 3753 4304">
    <p class='ocr_par' dir='ltr' id='par_1_89' title="bbox 2184 4226 3753 4304">
     <span class='ocr_line' id='line_1_89' title="bbox 2184 4226 3753 4304; baseline -0.004 -20"><span class='ocrx_word' id='word_1_684' title='bbox 2184 4230 2692 4304; x_wconf 82' lang='grc' dir='ltr'>ἐννενηκονταεννέα</span> <span class='ocrx_word' id='word_1_685' title='bbox 2732 4231 2824 4283; x_wconf 76' lang='grc' dir='ltr'>ἐπὶ</span> <span class='ocrx_word' id='word_1_686' title='bbox 2866 4230 2975 4303; x_wconf 74' lang='grc'>(20)</span> <span class='ocrx_word' id='word_1_687' title='bbox 3023 4230 3092 4283; x_wconf 84' lang='grc' dir='ltr'>τὰ</span> <span class='ocrx_word' id='word_1_688' title='bbox 3136 4230 3259 4301; x_wconf 79' lang='grc' dir='ltr'>ὖρη,</span> <span class='ocrx_word' id='word_1_689' title='bbox 3292 4230 3385 4282; x_wconf 79' lang='grc' dir='ltr'>καὶ</span> <span class='ocrx_word' id='word_1_690' title='bbox 3425 4226 3753 4298; x_wconf 81' lang='grc' dir='ltr'>πορευθῆναι</span> 
     </span>
    </p>
   </div>
   <div class='ocr_carea' id='block_1_90' title="bbox 2184 4314 3754 4396">
    <p class='ocr_par' dir='ltr' id='par_1_90' title="bbox 2184 4314 3754 4396">
     <span class='ocr_line' id='line_1_90' title="bbox 2184 4314 3754 4396; baseline -0.003 -20"><span class='ocrx_word' id='word_1_691' title='bbox 2184 4323 2276 4376; x_wconf 68' lang='grc' dir='ltr'>ἐπὶ</span> <span class='ocrx_word' id='word_1_692' title='bbox 2305 4324 2404 4396; x_wconf 83' lang='grc' dir='ltr'>τὴν</span> <span class='ocrx_word' id='word_1_693' title='bbox 2436 4321 2660 4395; x_wconf 77' lang='grc' dir='ltr'>ζήτησιν</span> <span class='ocrx_word' id='word_1_694' title='bbox 2681 4322 2775 4375; x_wconf 90' lang='grc' dir='ltr'><strong>τοῦ</strong></span> <span class='ocrx_word' id='word_1_695' title='bbox 2797 4322 3229 4393; x_wconf 88' lang='grc' dir='ltr'>πεπλανημένου,</span> <span class='ocrx_word' id='word_1_696' title='bbox 3260 4322 3351 4375; x_wconf 70' lang='grc' dir='ltr'>καὶ</span> <span class='ocrx_word' id='word_1_697' title='bbox 3379 4319 3600 4391; x_wconf 84' lang='grc' dir='ltr'>εὑρόντα</span> <span class='ocrx_word' id='word_1_698' title='bbox 3622 4314 3754 4391; x_wconf 84' lang='grc' dir='ltr'>ἆραι</span> 
     </span>
    </p>
   </div>
   <div class='ocr_carea' id='block_1_91' title="bbox 2184 4411 3857 4487">
    <p class='ocr_par' dir='ltr' id='par_1_91' title="bbox 2184 4411 3857 4487">
     <span class='ocr_line' id='line_1_91' title="bbox 2184 4411 3857 4487; baseline -0.004 -18"><span class='ocrx_word' id='word_1_699' title='bbox 2184 4416 2276 4469; x_wconf 76' lang='grc' dir='ltr'>ἐπὶ</span> <span class='ocrx_word' id='word_1_700' title='bbox 2300 4418 2423 4479; x_wconf 86' lang='grc' dir='ltr'>τοὺς</span> <span class='ocrx_word' id='word_1_701' title='bbox 2456 4416 2646 4470; x_wconf 77' lang='grc' dir='ltr'>ἑαυτοῦ</span> <span class='ocrx_word' id='word_1_702' title='bbox 2696 4414 2898 4487; x_wconf 79' lang='grc' dir='ltr'>ὤμους,</span> <span class='ocrx_word' id='word_1_703' title='bbox 2946 4417 3039 4469; x_wconf 68' lang='grc' dir='ltr'>καὶ</span> <span class='ocrx_word' id='word_1_704' title='bbox 3086 4416 3270 4487; x_wconf 82' lang='grc' dir='ltr'>φέρειν</span> <span class='ocrx_word' id='word_1_705' title='bbox 3314 4416 3372 4466; x_wconf 80' lang='grc' dir='ltr'><strong>ἐν</strong></span> <span class='ocrx_word' id='word_1_706' title='bbox 3417 4414 3483 4483; x_wconf 73' lang='grc' dir='ltr'><strong>τῇ</strong></span> <span class='ocrx_word' id='word_1_707' title='bbox 3526 4411 3748 4485; x_wconf 74' lang='grc' dir='ltr'>ποίμνῃ,</span> <span class='ocrx_word' id='word_1_708' title='bbox 3850 4442 3857 4447; x_wconf 86' lang='lat'><strong>-</strong></span> 
     </span>
    </p>
   </div>
   <div class='ocr_carea' id='block_1_92' title="bbox 514 4498 2087 4589">
    <p class='ocr_par' dir='ltr' id='par_1_92' title="bbox 514 4509 2080 4589">
     <span class='ocr_line' id='line_1_92' title="bbox 514 4509 2080 4589; baseline 0.006 -24"><span class='ocrx_word' id='word_1_709' title='bbox 514 4509 693 4566; x_wconf 89' lang='lat' dir='ltr'><strong>dendo</strong></span> <span class='ocrx_word' id='word_1_710' title='bbox 731 4512 799 4567; x_wconf 93' lang='lat' dir='ltr'><strong>de</strong></span> <span class='ocrx_word' id='word_1_711' title='bbox 840 4513 958 4567; x_wconf 90' lang='lat' dir='ltr'><strong>ovis</strong></span> <span class='ocrx_word' id='word_1_712' title='bbox 994 4514 1218 4583; x_wconf 80' lang='lat' dir='ltr'><strong>perdita:</strong></span> <span class='ocrx_word' id='word_1_713' title='bbox 1260 4517 1671 4586; x_wconf 87' lang='lat' dir='ltr'><strong>recuperatione</strong></span> <span class='ocrx_word' id='word_1_714' title='bbox 1698 4517 1765 4573; x_wconf 84' lang='grc'><strong>⁸¹.</strong></span> <span class='ocrx_word' id='word_1_715' title='bbox 1790 4516 1916 4573; x_wconf 89' lang='lat' dir='ltr'><strong>Pari</strong></span> <span class='ocrx_word' id='word_1_716' title='bbox 1950 4534 2080 4589; x_wconf 87' lang='lat' dir='ltr'><strong>ergo</strong></span> 
     </span>
    </p>
   </div>
   <div class='ocr_carea' id='block_1_93' title="bbox 2188 4498 3749 4589">
    <p class='ocr_par' dir='ltr' id='par_1_93' title="bbox 2188 4501 3749 4583">
     <span class='ocr_line' id='line_1_93' title="bbox 2188 4501 3749 4583; baseline -0.004 -20"><span class='ocrx_word' id='word_1_717' title='bbox 2188 4512 2441 4583; x_wconf 86' lang='grc' dir='ltr'>χαίροντα</span> <span class='ocrx_word' id='word_1_718' title='bbox 2466 4510 2559 4563; x_wconf 80' lang='grc' dir='ltr'>ἐπὶ</span> <span class='ocrx_word' id='word_1_719' title='bbox 2595 4511 2660 4581; x_wconf 78' lang='grc' dir='ltr'><strong>τῇ</strong></span> <span class='ocrx_word' id='word_1_720' title='bbox 2691 4510 2902 4581; x_wconf 87' lang='grc' dir='ltr'>εὑρέσει</span> <span class='ocrx_word' id='word_1_721' title='bbox 2928 4508 3022 4562; x_wconf 92' lang='grc' dir='ltr'><strong>τοῦ</strong></span> <span class='ocrx_word' id='word_1_722' title='bbox 3053 4507 3402 4569; x_wconf 87' lang='grc' dir='ltr'>ἀπολωλότος.</span> <span class='ocrx_word' id='word_1_723' title='bbox 3439 4504 3624 4569; x_wconf 74' lang='grc' dir='ltr'>Οὕτως</span> <span class='ocrx_word' id='word_1_724' title='bbox 3658 4501 3749 4557; x_wconf 77' lang='grc' dir='ltr'>οὖν</span> 
     </span>
    </p>
   </div>
   <div class='ocr_carea' id='block_1_94' title="bbox 516 4603 2075 4681">
    <p class='ocr_par' dir='ltr' id='par_1_94' title="bbox 516 4603 2075 4681">
     <span class='ocr_line' id='line_1_94' title="bbox 516 4603 2075 4681; baseline 0.004 -25"><span class='ocrx_word' id='word_1_725' title='bbox 516 4603 699 4668; x_wconf 90' lang='lat' dir='ltr'><strong>modo,</strong></span> <span class='ocrx_word' id='word_1_726' title='bbox 730 4619 764 4657; x_wconf 95' lang='lat' dir='ltr'><strong>o</strong></span> <span class='ocrx_word' id='word_1_727' title='bbox 806 4604 1083 4673; x_wconf 89' lang='lat' dir='ltr'><strong>episcope,</strong></span> <span class='ocrx_word' id='word_1_728' title='bbox 1126 4613 1181 4660; x_wconf 93' lang='lat' dir='ltr'><strong>et</strong></span> <span class='ocrx_word' id='word_1_729' title='bbox 1207 4613 1263 4659; x_wconf 91' lang='lat' dir='ltr'><strong>tn</strong></span> <span class='ocrx_word' id='word_1_730' title='bbox 1312 4605 1422 4661; x_wconf 94' lang='lat' dir='ltr'><strong>Deo</strong></span> <span class='ocrx_word' id='word_1_731' title='bbox 1452 4608 1813 4664; x_wconf 88' lang='lat' dir='ltr'><strong>obedientiam</strong></span> <span class='ocrx_word' id='word_1_732' title='bbox 1848 4617 2075 4681; x_wconf 55' lang='lat' dir='ltr'><strong>pra&#39;sta,</strong></span> 
     </span>
    </p>
   </div>
   <div class='ocr_carea' id='block_1_95' title="bbox 513 4693 2079 4771">
    <p class='ocr_par' dir='ltr' id='par_1_95' title="bbox 513 4693 2079 4771">
     <span class='ocr_line' id='line_1_95' title="bbox 513 4693 2079 4771; baseline 0.005 -22"><span class='ocrx_word' id='word_1_733' title='bbox 513 4693 644 4749; x_wconf 83' lang='lat' dir='ltr'><strong>dum</strong></span> <span class='ocrx_word' id='word_1_734' title='bbox 677 4696 824 4766; x_wconf 93' lang='lat' dir='ltr'><strong>quod</strong></span> <span class='ocrx_word' id='word_1_735' title='bbox 854 4695 1089 4764; x_wconf 89' lang='lat' dir='ltr'><strong>perierat</strong></span> <span class='ocrx_word' id='word_1_736' title='bbox 1110 4698 1366 4767; x_wconf 87' lang='lat' dir='ltr'><strong>requiris,</strong></span> <span class='ocrx_word' id='word_1_737' title='bbox 1397 4701 1544 4771; x_wconf 92' lang='lat' dir='ltr'><strong>quod</strong></span> <span class='ocrx_word' id='word_1_738' title='bbox 1576 4702 1921 4761; x_wconf 85' lang='lat' dir='ltr'><strong>aberraverat</strong></span> <span class='ocrx_word' id='word_1_739' title='bbox 1950 4703 2079 4758; x_wconf 91' lang='lat' dir='ltr'><strong>diri-</strong></span> 
     </span>
    </p>
   </div>
   <div class='ocr_carea' id='block_1_96' title="bbox 2187 4599 3747 4678">
    <p class='ocr_par' dir='ltr' id='par_1_96' title="bbox 2187 4599 3747 4678">
     <span class='ocr_line' id='line_1_96' title="bbox 2187 4599 3747 4678; baseline -0.004 -19"><span class='ocrx_word' id='word_1_740' title='bbox 2187 4607 2421 4678; x_wconf 87' lang='grc' dir='ltr'>ύπήκοος</span> <span class='ocrx_word' id='word_1_741' title='bbox 2450 4606 2599 4675; x_wconf 91' lang='grc' dir='ltr'>γίνου</span> <span class='ocrx_word' id='word_1_742' title='bbox 2630 4606 2723 4659; x_wconf 75' lang='grc' dir='ltr'>καὶ</span> <span class='ocrx_word' id='word_1_743' title='bbox 2751 4607 2837 4670; x_wconf 87' lang='grc' dir='ltr'>σὺ,</span> <span class='ocrx_word' id='word_1_744' title='bbox 2855 4599 2899 4659; x_wconf 82' lang='grc' dir='ltr'>ὧ</span> <span class='ocrx_word' id='word_1_745' title='bbox 2919 4606 3201 4668; x_wconf 85' lang='grc' dir='ltr'>ἐπίσκοπε,</span> <span class='ocrx_word' id='word_1_746' title='bbox 3225 4602 3467 4675; x_wconf 76' lang='grc' dir='ltr'>ἐκζητῶν</span> <span class='ocrx_word' id='word_1_747' title='bbox 3498 4602 3559 4655; x_wconf 79' lang='grc' dir='ltr'>τὸ</span> <span class='ocrx_word' id='word_1_748' title='bbox 3585 4601 3747 4656; x_wconf 85' lang='grc' dir='ltr'>ἀπολ-</span> 
     </span>
    </p>
   </div>
   <div class='ocr_carea' id='block_1_97' title="bbox 2181 4693 3748 4768">
    <p class='ocr_par' dir='ltr' id='par_1_97' title="bbox 2181 4693 3748 4768">
     <span class='ocr_line' id='line_1_97' title="bbox 2181 4693 3748 4768; baseline -0.005 -13"><span class='ocrx_word' id='word_1_749' title='bbox 2181 4700 2335 4767; x_wconf 84' lang='grc' dir='ltr'>ωλὸς,</span> <span class='ocrx_word' id='word_1_750' title='bbox 2366 4700 2708 4755; x_wconf 87' lang='grc' dir='ltr'>κατευθύνων</span> <span class='ocrx_word' id='word_1_751' title='bbox 2749 4699 2810 4753; x_wconf 85' lang='grc' dir='ltr'>τὸ</span> <span class='ocrx_word' id='word_1_752' title='bbox 2850 4698 3281 4768; x_wconf 80' lang='grc' dir='ltr'>πεπλανημένον,</span> <span class='ocrx_word' id='word_1_753' title='bbox 3316 4697 3661 4768; x_wconf 85' lang='grc' dir='ltr'>ἐπιστρέφων</span> <span class='ocrx_word' id='word_1_754' title='bbox 3689 4693 3748 4748; x_wconf 83' lang='grc' dir='ltr'>τὸ</span> 
     </span>
    </p>
   </div>
   <div class='ocr_carea' id='block_1_98' title="bbox 585 4849 2087 4928">
    <p class='ocr_par' dir='ltr' id='par_1_98' title="bbox 585 4849 2075 4922">
     <span class='ocr_line' id='line_1_98' title="bbox 585 4849 2075 4922; baseline 0.006 -19"><span class='ocrx_word' id='word_1_755' title='bbox 585 4851 630 4885; x_wconf 68' lang='grc' dir='ltr'><strong>δ’</strong></span> <span class='ocrx_word' id='word_1_756' title='bbox 662 4849 857 4907; x_wconf 83' lang='lat' dir='ltr'><strong>Ezech.</strong></span> <span class='ocrx_word' id='word_1_757' title='bbox 880 4852 1179 4921; x_wconf 80' lang='lat' dir='ltr'><strong>xxxm,lO.</strong></span> <span class='ocrx_word' id='word_1_758' title='bbox 1254 4856 1298 4887; x_wconf 75' lang='grc'><strong>⁸⁸</strong></span> <span class='ocrx_word' id='word_1_759' title='bbox 1317 4852 1473 4912; x_wconf 80' lang='lat' dir='ltr'><strong>Joan.</strong></span> <span class='ocrx_word' id='word_1_760' title='bbox 1514 4873 1570 4922; x_wconf 68' lang='grc' dir='ltr'>Σ,</span> <span class='ocrx_word' id='word_1_761' title='bbox 1605 4858 1689 4913; x_wconf 87' lang='lat' dir='ltr'><strong>ll.</strong></span> <span class='ocrx_word' id='word_1_762' title='bbox 1767 4859 1814 4891; x_wconf 80' lang='lat'><strong>&#39;°</strong></span> <span class='ocrx_word' id='word_1_763' title='bbox 1844 4860 1915 4915; x_wconf 88' lang='lat' dir='ltr'><strong>al.</strong></span> <span class='ocrx_word' id='word_1_764' title='bbox 1947 4858 2075 4914; x_wconf 90' lang='lat' dir='ltr'><strong>add.</strong></span> 
     </span>
    </p>
   </div>
   <div class='ocr_carea' id='block_1_99' title="bbox 2188 4849 3313 4928">
    <p class='ocr_par' dir='ltr' id='par_1_99' title="bbox 2188 4858 3313 4928">
     <span class='ocr_line' id='line_1_99' title="bbox 2188 4858 3313 4928; baseline 0.004 -15"><span class='ocrx_word' id='word_1_765' title='bbox 2188 4859 2215 4913; x_wconf 86' lang='grc' dir='ltr'>δ</span> <span class='ocrx_word' id='word_1_766' title='bbox 2242 4862 2425 4928; x_wconf 85' lang='grc' dir='ltr'>ἀνοίας</span> <span class='ocrx_word' id='word_1_767' title='bbox 2456 4903 2470 4916; x_wconf 92' lang='grc'><strong>.</strong></span> <span class='ocrx_word' id='word_1_768' title='bbox 2544 4864 2587 4896; x_wconf 84' lang='grc'><strong>⁸¹</strong></span> <span class='ocrx_word' id='word_1_769' title='bbox 2620 4862 2806 4918; x_wconf 82' lang='lat' dir='ltr'><strong>Matth.</strong></span> <span class='ocrx_word' id='word_1_770' title='bbox 2842 4875 3005 4927; x_wconf 84' lang='lat' dir='ltr'><strong>xvm;</strong></span> <span class='ocrx_word' id='word_1_771' title='bbox 3044 4858 3178 4916; x_wconf 89' lang='lat' dir='ltr'><strong>Luc.</strong></span> <span class='ocrx_word' id='word_1_772' title='bbox 3225 4877 3313 4918; x_wconf 79' lang='lat' dir='ltr'><strong>xv.</strong></span> 
     </span>
    </p>
   </div>
   <div class='ocr_carea' id='block_1_100' title="bbox 1820 5012 2449 5074">
    <p class='ocr_par' dir='ltr' id='par_1_100' title="bbox 1820 5012 2449 5074">
     <span class='ocr_line' id='line_1_100' title="bbox 1820 5012 2449 5074; baseline 0.006 -6"><span class='ocrx_word' id='word_1_773' title='bbox 1820 5012 2185 5074; x_wconf 79' lang='lat' dir='ltr'><strong>VARIORUM</strong></span> <span class='ocrx_word' id='word_1_774' title='bbox 2216 5016 2449 5074; x_wconf 68' lang='lat' dir='ltr'><strong>NOTIE.</strong></span> 
     </span>
    </p>
   </div>
   <div class='ocr_carea' id='block_1_101' title="bbox 582 5159 2069 5241">
    <p class='ocr_par' dir='ltr' id='par_1_101' title="bbox 582 5159 2069 5241">
     <span class='ocr_line' id='line_1_101' title="bbox 582 5159 2069 5241; baseline 0.009 -29"><span class='ocrx_word' id='word_1_775' title='bbox 582 5159 696 5233; x_wconf 78' lang='grc' dir='ltr'>(Η)</span> <span class='ocrx_word' id='word_1_776' title='bbox 747 5161 1122 5241; x_wconf 64' lang='grc' dir='ltr'>Ἐπιδῲςνων.</span> <span class='ocrx_word' id='word_1_777' title='bbox 1154 5161 1268 5241; x_wconf 73' lang='lat' dir='ltr'><strong>vox</strong></span> <span class='ocrx_word' id='word_1_778' title='bbox 1290 5172 1372 5241; x_wconf 77' lang='lat' dir='ltr'><strong>est</strong></span> <span class='ocrx_word' id='word_1_779' title='bbox 1400 5165 1590 5241; x_wconf 72' lang='lat' dir='ltr'><strong>nihili,</strong></span> <span class='ocrx_word' id='word_1_780' title='bbox 1622 5182 1720 5237; x_wconf 88' lang='lat' dir='ltr'><strong>pro</strong></span> <span class='ocrx_word' id='word_1_781' title='bbox 1749 5182 1856 5241; x_wconf 86' lang='lat' dir='ltr'><strong>qua</strong></span> <span class='ocrx_word' id='word_1_782' title='bbox 1886 5169 2069 5241; x_wconf 81' lang='lat' dir='ltr'><strong>legen-</strong></span> 
     </span>
    </p>
   </div>
   <div class='ocr_carea' id='block_1_102' title="bbox 511 5231 2073 5307">
    <p class='ocr_par' dir='ltr' id='par_1_102' title="bbox 511 5231 2073 5307">
     <span class='ocr_line' id='line_1_102' title="bbox 511 5231 2073 5307; baseline 0.006 -22"><span class='ocrx_word' id='word_1_783' title='bbox 511 5231 801 5307; x_wconf 69' lang='lat' dir='ltr'><strong>dnrn,ant_</strong></span> <span class='ocrx_word' id='word_1_784' title='bbox 829 5234 1074 5307; x_wconf 72' lang='grc' dir='ltr'>ἐπιόέων,</span> <span class='ocrx_word' id='word_1_785' title='bbox 1106 5243 1200 5307; x_wconf 81' lang='lat' dir='ltr'><strong>aut</strong></span> <span class='ocrx_word' id='word_1_786' title='bbox 1227 5235 1551 5307; x_wconf 85' lang='grc' dir='ltr'>ἐπιδεσμῶν,</span> <span class='ocrx_word' id='word_1_787' title='bbox 1578 5231 1651 5290; x_wconf 71' lang='lat' dir='ltr'><strong>nt</strong></span> <span class='ocrx_word' id='word_1_788' title='bbox 1679 5231 1783 5294; x_wconf 56' lang='lat' dir='ltr'><strong>cst&#39;</strong></span> <span class='ocrx_word' id='word_1_789' title='bbox 1803 5238 1856 5292; x_wconf 89' lang='lat' dir='ltr'><strong>in</strong></span> <span class='ocrx_word' id='word_1_790' title='bbox 1901 5231 2073 5295; x_wconf 49' lang='lat' dir='ltr'><strong>altero</strong></span> 
     </span>
    </p>
   </div>
   <div class='ocr_carea' id='block_1_103' title="bbox 510 5301 2072 5388">
    <p class='ocr_par' dir='ltr' id='par_1_103' title="bbox 510 5301 2072 5388">
     <span class='ocr_line' id='line_1_103' title="bbox 510 5301 2072 5388; baseline 0.006 -33"><span class='ocrx_word' id='word_1_791' title='bbox 510 5301 699 5388; x_wconf 49' lang='lat' dir='ltr'><strong>(indice</strong></span> <span class='ocrx_word' id='word_1_792' title='bbox 744 5301 1279 5388; x_wconf 32' lang='lat' dir='ltr'><strong>Vindo‘bonensiuut</strong></span> <span class='ocrx_word' id='word_1_793' title='bbox 1324 5301 1528 5388; x_wconf 57' lang='lat' dir='ltr'><strong>postea</strong></span> <span class='ocrx_word' id='word_1_794' title='bbox 1565 5308 1920 5388; x_wconf 72' lang='lat' dir='ltr'><strong>rescivimus;</strong></span> <span class='ocrx_word' id='word_1_795' title='bbox 1967 5312 2072 5365; x_wconf 93' lang='lat' dir='ltr'><strong>hoc</strong></span> 
     </span>
    </p>
   </div>
   <div class='ocr_carea' id='block_1_104' title="bbox 510 5372 2072 5446">
    <p class='ocr_par' dir='ltr' id='par_1_104' title="bbox 510 5372 2072 5446">
     <span class='ocr_line' id='line_1_104' title="bbox 510 5372 2072 5446; baseline 0.007 -21"><span class='ocrx_word' id='word_1_796' title='bbox 510 5382 615 5446; x_wconf 80' lang='lat' dir='ltr'><strong>est,</strong></span> <span class='ocrx_word' id='word_1_797' title='bbox 650 5372 839 5446; x_wconf 67' lang='lat' dir='ltr'><strong>ligans,</strong></span> <span class='ocrx_word' id='word_1_798' title='bbox 873 5382 932 5429; x_wconf 94' lang='lat' dir='ltr'><strong>ut</strong></span> <span class='ocrx_word' id='word_1_799' title='bbox 972 5377 1149 5431; x_wconf 91' lang='lat' dir='ltr'><strong>solent</strong></span> <span class='ocrx_word' id='word_1_800' title='bbox 1180 5376 1215 5429; x_wconf 93' lang='lat' dir='ltr'><strong>ii</strong></span> <span class='ocrx_word' id='word_1_801' title='bbox 1245 5372 1340 5446; x_wconf 82' lang='lat' dir='ltr'><strong>qui</strong></span> <span class='ocrx_word' id='word_1_802' title='bbox 1372 5378 1613 5433; x_wconf 89' lang='lat' dir='ltr'><strong>membra</strong></span> <span class='ocrx_word' id='word_1_803' title='bbox 1660 5380 1832 5433; x_wconf 74' lang='lat' dir='ltr'><strong>fracta</strong></span> <span class='ocrx_word' id='word_1_804' title='bbox 1877 5372 2072 5436; x_wconf 86' lang='lat' dir='ltr'><strong>curare</strong></span> 
     </span>
    </p>
   </div>
   <div class='ocr_carea' id='block_1_105' title="bbox 512 5443 2071 5513">
    <p class='ocr_par' dir='ltr' id='par_1_105' title="bbox 512 5443 2071 5513">
     <span class='ocr_line' id='line_1_105' title="bbox 512 5443 2071 5513; baseline 0.007 -20"><span class='ocrx_word' id='word_1_805' title='bbox 512 5443 721 5497; x_wconf 77' lang='lat' dir='ltr'><strong>volunt.</strong></span> <span class='ocrx_word' id='word_1_806' title='bbox 753 5444 919 5499; x_wconf 83' lang='lat' dir='ltr'><strong>Miror</strong></span> <span class='ocrx_word' id='word_1_807' title='bbox 946 5443 1277 5501; x_wconf 81' lang='lat' dir='ltr'><strong>Cotelerium</strong></span> <span class='ocrx_word' id='word_1_808' title='bbox 1302 5449 1403 5501; x_wconf 88' lang='lat' dir='ltr'><strong>hoc</strong></span> <span class='ocrx_word' id='word_1_809' title='bbox 1432 5462 1538 5501; x_wconf 90' lang='lat' dir='ltr'><strong>non</strong></span> <span class='ocrx_word' id='word_1_810' title='bbox 1564 5448 1785 5513; x_wconf 87' lang='lat' dir='ltr'><strong>vidisse,</strong></span> <span class='ocrx_word' id='word_1_811' title='bbox 1818 5466 1941 5503; x_wconf 86' lang='lat' dir='ltr'><strong>nam</strong></span> <span class='ocrx_word' id='word_1_812' title='bbox 1968 5451 2071 5505; x_wconf 88' lang='lat' dir='ltr'><strong>hoc</strong></span> 
     </span>
    </p>
   </div>
   <div class='ocr_carea' id='block_1_106' title="bbox 514 5513 2071 5575">
    <p class='ocr_par' dir='ltr' id='par_1_106' title="bbox 514 5513 2071 5575">
     <span class='ocr_line' id='line_1_106' title="bbox 514 5513 2071 5575; baseline 0.008 -12"><span class='ocrx_word' id='word_1_813' title='bbox 514 5513 662 5567; x_wconf 89' lang='lat' dir='ltr'><strong>verbi</strong></span> <span class='ocrx_word' id='word_1_814' title='bbox 704 5524 1007 5571; x_wconf 86' lang='lat' dir='ltr'><strong>monstrum</strong></span> <span class='ocrx_word' id='word_1_815' title='bbox 1037 5518 1089 5570; x_wconf 89' lang='lat' dir='ltr'><strong>in</strong></span> <span class='ocrx_word' id='word_1_816' title='bbox 1122 5516 1237 5573; x_wconf 93' lang='lat' dir='ltr'><strong>Ind.</strong></span> <span class='ocrx_word' id='word_1_817' title='bbox 1266 5517 1452 5571; x_wconf 65' lang='lat' dir='ltr'><strong>Graeco</strong></span> <span class='ocrx_word' id='word_1_818' title='bbox 1483 5520 1773 5573; x_wconf 69' lang='lat' dir='ltr'><strong>recensuit.</strong></span> <span class='ocrx_word' id='word_1_819' title='bbox 1818 5522 1983 5575; x_wconf 74' lang='lat' dir='ltr'><strong>(lLsn.</strong></span> <span class='ocrx_word' id='word_1_820' title='bbox 2002 5551 2071 5561; x_wconf 92' lang='lat'><strong><em>—</em></strong></span> 
     </span>
    </p>
   </div>
   <div class='ocr_carea' id='block_1_107' title="bbox 513 5579 2071 5652">
    <p class='ocr_par' dir='ltr' id='par_1_107' title="bbox 513 5579 2071 5652">
     <span class='ocr_line' id='line_1_107' title="bbox 513 5579 2071 5652; baseline 0.006 -18"><span class='ocrx_word' id='word_1_821' title='bbox 513 5579 743 5635; x_wconf 80' lang='lat' dir='ltr'><strong>Tantum</strong></span> <span class='ocrx_word' id='word_1_822' title='bbox 772 5587 927 5640; x_wconf 85' lang='lat' dir='ltr'><strong>abest</strong></span> <span class='ocrx_word' id='word_1_823' title='bbox 952 5594 1011 5640; x_wconf 94' lang='lat' dir='ltr'><strong>ut</strong></span> <span class='ocrx_word' id='word_1_824' title='bbox 1067 5586 1324 5641; x_wconf 87' lang='grc' dir='ltr'>ἐπιδέννω</span> <span class='ocrx_word' id='word_1_825' title='bbox 1350 5588 1562 5641; x_wconf 78' lang='lat' dir='ltr'><strong>verbum</strong></span> <span class='ocrx_word' id='word_1_826' title='bbox 1593 5588 1664 5643; x_wconf 91' lang='lat' dir='ltr'><strong>sit</strong></span> <span class='ocrx_word' id='word_1_827' title='bbox 1680 5590 1851 5652; x_wconf 82' lang='lat' dir='ltr'><strong>nihili,</strong></span> <span class='ocrx_word' id='word_1_828' title='bbox 1888 5600 1944 5643; x_wconf 93' lang='lat' dir='ltr'><strong>ut</strong></span> <span class='ocrx_word' id='word_1_829' title='bbox 1976 5592 2071 5643; x_wconf 87' lang='lat' dir='ltr'><strong>ha-</strong></span> 
     </span>
    </p>
   </div>
   <div class='ocr_carea' id='block_1_108' title="bbox 514 5652 2072 5726">
    <p class='ocr_par' dir='ltr' id='par_1_108' title="bbox 514 5652 2072 5726">
     <span class='ocr_line' id='line_1_108' title="bbox 514 5652 2072 5726; baseline 0.003 -18"><span class='ocrx_word' id='word_1_830' title='bbox 514 5652 899 5726; x_wconf 77' lang='lat' dir='ltr'><strong>beatur,sensu</strong></span> <span class='ocrx_word' id='word_1_831' title='bbox 918 5656 1103 5725; x_wconf 81' lang='lat' dir='ltr'><strong>ligo,in</strong></span> <span class='ocrx_word' id='word_1_832' title='bbox 1122 5658 1435 5726; x_wconf 84' lang='lat' dir='ltr'><strong>Symmachi</strong></span> <span class='ocrx_word' id='word_1_833' title='bbox 1458 5658 1707 5712; x_wconf 81' lang='lat' dir='ltr'><strong>versione</strong></span> <span class='ocrx_word' id='word_1_834' title='bbox 1726 5660 2072 5725; x_wconf 83' lang='lat' dir='ltr'><strong>ls.vt,tcstan-</strong></span> 
     </span>
    </p>
   </div>
   <div class='ocr_carea' id='block_1_109' title="bbox 516 5721 2036 5809">
    <p class='ocr_par' dir='ltr' id='par_1_109' title="bbox 516 5721 2036 5809">
     <span class='ocr_line' id='line_1_109' title="bbox 516 5721 2036 5809; baseline 0.005 -32"><span class='ocrx_word' id='word_1_835' title='bbox 516 5730 569 5777; x_wconf 84' lang='lat' dir='ltr'><strong>te</strong></span> <span class='ocrx_word' id='word_1_836' title='bbox 586 5721 883 5809; x_wconf 43' lang='lat' dir='ltr'><strong>moco‘pio:</strong></span> <span class='ocrx_word' id='word_1_837' title='bbox 907 5721 1310 5809; x_wconf 57' lang='grc' dir='ltr'>ἐπιξεννομέγου</span> <span class='ocrx_word' id='word_1_838' title='bbox 1327 5727 1433 5809; x_wconf 77' lang='lat' dir='ltr'><strong>_(sc.</strong></span> <span class='ocrx_word' id='word_1_839' title='bbox 1456 5729 1806 5809; x_wconf 65' lang='grc' dir='ltr'>τραύματος).</span> <span class='ocrx_word' id='word_1_840' title='bbox 1838 5721 2036 5809; x_wconf 46' lang='lat' dir='ltr'><strong>Delion.</strong></span> 
     </span>
    </p>
   </div>
   <div class='ocr_carea' id='block_1_110' title="bbox 582 5793 2065 5865">
    <p class='ocr_par' dir='ltr' id='par_1_110' title="bbox 582 5793 2065 5865">
     <span class='ocr_line' id='line_1_110' title="bbox 582 5793 2065 5865; baseline 0.005 -16"><span class='ocrx_word' id='word_1_841' title='bbox 582 5793 693 5865; x_wconf 79' lang='grc'>(15)</span> <span class='ocrx_word' id='word_1_842' title='bbox 708 5794 971 5853; x_wconf 72' lang='grc' dir='ltr'>Ἑαυτοῦ.</span> <span class='ocrx_word' id='word_1_843' title='bbox 989 5795 1136 5853; x_wconf 75' lang='lat' dir='ltr'><strong>Alter</strong></span> <span class='ocrx_word' id='word_1_844' title='bbox 1152 5793 1309 5853; x_wconf 77' lang='lat' dir='ltr'><strong>habet</strong></span> <span class='ocrx_word' id='word_1_845' title='bbox 1322 5793 1564 5862; x_wconf 68' lang='grc' dir='ltr'>ἑαυτούς,</span> <span class='ocrx_word' id='word_1_846' title='bbox 1595 5793 1865 5856; x_wconf 70' lang='grc' dir='ltr'>ιήειιᾱοερ.</span> <span class='ocrx_word' id='word_1_847' title='bbox 1900 5800 2065 5856; x_wconf 65' lang='lat' dir='ltr'><strong>Cum.</strong></span> 
     </span>
    </p>
   </div>
   <div class='ocr_carea' id='block_1_111' title="bbox 2257 5169 3743 5244">
    <p class='ocr_par' dir='ltr' id='par_1_111' title="bbox 2257 5169 3743 5244">
     <span class='ocr_line' id='line_1_111' title="bbox 2257 5169 3743 5244; baseline 0.004 -21"><span class='ocrx_word' id='word_1_848' title='bbox 2257 5169 2370 5244; x_wconf 83' lang='grc'>(16)</span> <span class='ocrx_word' id='word_1_849' title='bbox 2414 5172 2703 5240; x_wconf 81' lang='grc' dir='ltr'>Ψυχικῆς.</span> <span class='ocrx_word' id='word_1_850' title='bbox 2738 5170 2949 5244; x_wconf 85' lang='lat' dir='ltr'><strong>Omittit</strong></span> <span class='ocrx_word' id='word_1_851' title='bbox 2979 5180 3226 5244; x_wconf 82' lang='lat' dir='ltr'><strong>uterque.</strong></span> <span class='ocrx_word' id='word_1_852' title='bbox 3264 5187 3367 5229; x_wconf 93' lang='lat' dir='ltr'><strong>nec</strong></span> <span class='ocrx_word' id='word_1_853' title='bbox 3395 5189 3528 5231; x_wconf 91' lang='lat' dir='ltr'><strong>sane</strong></span> <span class='ocrx_word' id='word_1_854' title='bbox 3558 5189 3743 5231; x_wconf 83' lang='lat' dir='ltr'><strong>neces-</strong></span> 
     </span>
    </p>
   </div>
   <div class='ocr_carea' id='block_1_112' title="bbox 2180 5242 3157 5299">
    <p class='ocr_par' dir='ltr' id='par_1_112' title="bbox 2180 5242 3157 5299">
     <span class='ocr_line' id='line_1_112' title="bbox 2180 5242 3157 5299; baseline 0.003 -3"><span class='ocrx_word' id='word_1_855' title='bbox 2180 5243 2329 5296; x_wconf 82' lang='lat' dir='ltr'><strong>sariu</strong></span> <span class='ocrx_word' id='word_1_856' title='bbox 2350 5242 2384 5294; x_wconf 77' lang='grc' dir='ltr'><strong>ἰι</strong></span> <span class='ocrx_word' id='word_1_857' title='bbox 2417 5251 2500 5295; x_wconf 90' lang='lat' dir='ltr'><strong>est</strong></span> <span class='ocrx_word' id='word_1_858' title='bbox 2530 5250 2583 5296; x_wconf 90' lang='lat' dir='ltr'><strong>ct</strong></span> <span class='ocrx_word' id='word_1_859' title='bbox 2609 5243 2833 5296; x_wconf 75' lang='lat' dir='ltr'><strong>ollcndit</strong></span> <span class='ocrx_word' id='word_1_860' title='bbox 2864 5258 3041 5297; x_wconf 81' lang='lat' dir='ltr'><strong>aures.</strong></span> <span class='ocrx_word' id='word_1_861' title='bbox 3082 5242 3157 5299; x_wconf 84' lang='lat' dir='ltr'><strong>In.</strong></span> 
     </span>
    </p>
   </div>
   <div class='ocr_carea' id='block_1_113' title="bbox 2248 5311 3737 5388">
    <p class='ocr_par' dir='ltr' id='par_1_113' title="bbox 2248 5311 3737 5388">
     <span class='ocr_line' id='line_1_113' title="bbox 2248 5311 3737 5388; baseline 0.001 -23"><span class='ocrx_word' id='word_1_862' title='bbox 2248 5311 2359 5383; x_wconf 85' lang='lat' dir='ltr'><strong>(l7)</strong></span> <span class='ocrx_word' id='word_1_863' title='bbox 2397 5314 2502 5388; x_wconf 66' lang='grc' dir='ltr'><strong>Εἰς</strong></span> <span class='ocrx_word' id='word_1_864' title='bbox 2524 5312 2736 5388; x_wconf 64' lang='grc' dir='ltr'>βοράν.</span> <span class='ocrx_word' id='word_1_865' title='bbox 2770 5311 2992 5370; x_wconf 83' lang='lat' dir='ltr'><strong>Rectius</strong></span> <span class='ocrx_word' id='word_1_866' title='bbox 3021 5329 3183 5384; x_wconf 83' lang='lat' dir='ltr'><strong>quam</strong></span> <span class='ocrx_word' id='word_1_867' title='bbox 3216 5313 3381 5388; x_wconf 82' lang='grc' dir='ltr'>βορᾷ,</span> <span class='ocrx_word' id='word_1_868' title='bbox 3408 5317 3553 5386; x_wconf 90' lang='lat' dir='ltr'><strong>quod</strong></span> <span class='ocrx_word' id='word_1_869' title='bbox 3578 5326 3660 5372; x_wconf 84' lang='lat' dir='ltr'><strong>est</strong></span> <span class='ocrx_word' id='word_1_870' title='bbox 3689 5316 3737 5369; x_wconf 87' lang='lat' dir='ltr'><strong>in</strong></span> 
     </span>
    </p>
   </div>
   <div class='ocr_carea' id='block_1_114' title="bbox 2178 5382 2695 5436">
    <p class='ocr_par' dir='ltr' id='par_1_114' title="bbox 2178 5382 2695 5436">
     <span class='ocr_line' id='line_1_114' title="bbox 2178 5382 2695 5436; baseline 0.002 -1"><span class='ocrx_word' id='word_1_871' title='bbox 2178 5382 2350 5436; x_wconf 87' lang='lat' dir='ltr'><strong>altero</strong></span> <span class='ocrx_word' id='word_1_872' title='bbox 2380 5382 2587 5435; x_wconf 89' lang='lat' dir='ltr'><strong>codice.</strong></span> <span class='ocrx_word' id='word_1_873' title='bbox 2622 5382 2695 5436; x_wconf 87' lang='lat' dir='ltr'><strong>In.</strong></span> 
     </span>
    </p>
   </div>
   <div class='ocr_carea' id='block_1_115' title="bbox 2276 5450 3500 5510">
    <p class='ocr_par' dir='ltr' id='par_1_115' title="bbox 2276 5450 3500 5510">
     <span class='ocr_line' id='line_1_115' title="bbox 2276 5450 3500 5510; baseline 0.007 -8"><span class='ocrx_word' id='word_1_874' title='bbox 2276 5451 2360 5510; x_wconf 83' lang='lat' dir='ltr'><strong>l8)</strong></span> <span class='ocrx_word' id='word_1_875' title='bbox 2410 5451 2556 5503; x_wconf 80' lang='grc' dir='ltr'>’Υπό</span> <span class='ocrx_word' id='word_1_876' title='bbox 2583 5466 2776 5503; x_wconf 70' lang='grc' dir='ltr'>τινων.</span> <span class='ocrx_word' id='word_1_877' title='bbox 2809 5450 3087 5507; x_wconf 89' lang='lat' dir='ltr'><strong>Omittitur</strong></span> <span class='ocrx_word' id='word_1_878' title='bbox 3116 5453 3169 5506; x_wconf 90' lang='lat' dir='ltr'><strong>in</strong></span> <span class='ocrx_word' id='word_1_879' title='bbox 3200 5454 3389 5509; x_wconf 82' lang='lat' dir='ltr'><strong>altero.</strong></span> <span class='ocrx_word' id='word_1_880' title='bbox 3425 5453 3500 5510; x_wconf 84' lang='lat' dir='ltr'><strong>In.</strong></span> 
     </span>
    </p>
   </div>
   <div class='ocr_carea' id='block_1_116' title="bbox 2247 5451 3735 5591">
    <p class='ocr_par' dir='ltr' id='par_1_116' title="bbox 2247 5451 3735 5591">
     <span class='ocr_line' id='line_1_116' title="bbox 2276 5451 3500 5510; baseline 0.007 -8"><span class='ocrx_word' id='word_1_881' title='bbox 2276 5451 2337 5503; x_wconf 88' lang='lat' dir='ltr'><strong>l8</strong></span> <span class='ocrx_word' id='word_1_882' title='bbox 2410 5451 2556 5503; x_wconf 80' lang='grc' dir='ltr'>’Υπό</span> <span class='ocrx_word' id='word_1_883' title='bbox 2583 5466 2776 5503; x_wconf 70' lang='grc' dir='ltr'>τινων.</span> <span class='ocrx_word' id='word_1_884' title='bbox 2809 5451 3087 5507; x_wconf 89' lang='lat' dir='ltr'><strong>Omittitur</strong></span> <span class='ocrx_word' id='word_1_885' title='bbox 3116 5453 3169 5506; x_wconf 90' lang='lat' dir='ltr'><strong>in</strong></span> <span class='ocrx_word' id='word_1_886' title='bbox 3200 5454 3389 5509; x_wconf 82' lang='lat' dir='ltr'><strong>altero.</strong></span> <span class='ocrx_word' id='word_1_887' title='bbox 3425 5453 3500 5510; x_wconf 84' lang='lat' dir='ltr'><strong>In.</strong></span> 
     </span>
     <span class='ocr_line' id='line_1_117' title="bbox 2247 5451 3735 5591; baseline 0.004 -19"><span class='ocrx_word' id='word_1_888' title='bbox 2247 5451 2360 5591; x_wconf 54' lang='grc'>(19)</span> <span class='ocrx_word' id='word_1_889' title='bbox 2402 5518 2677 5591; x_wconf 79' lang='grc' dir='ltr'>Τουτέστι</span> <span class='ocrx_word' id='word_1_890' title='bbox 2704 5520 2809 5572; x_wconf 79' lang='grc' dir='ltr'><strong>τὸν</strong></span> <span class='ocrx_word' id='word_1_891' title='bbox 2833 5522 3132 5577; x_wconf 78' lang='grc' dir='ltr'>διάϐολον.</span> <span class='ocrx_word' id='word_1_892' title='bbox 3178 5524 3519 5580; x_wconf 81' lang='grc' dir='ltr'>Οιιιὶιιιιιιῑιιι·</span> <span class='ocrx_word' id='word_1_893' title='bbox 3557 5526 3611 5579; x_wconf 92' lang='lat' dir='ltr'><strong>in</strong></span> <span class='ocrx_word' id='word_1_894' title='bbox 3659 5526 3735 5578; x_wconf 85' lang='lat' dir='ltr'><strong>al-</strong></span> 
     </span>
    </p>
   </div>
   <div class='ocr_carea' id='block_1_117' title="bbox 2177 5588 3065 5655">
    <p class='ocr_par' dir='ltr' id='par_1_117' title="bbox 2177 5588 3065 5655">
     <span class='ocr_line' id='line_1_118' title="bbox 2177 5588 3065 5655; baseline 0.005 -12"><span class='ocrx_word' id='word_1_895' title='bbox 2177 5588 2315 5649; x_wconf 84' lang='lat' dir='ltr'><strong>tero,</strong></span> <span class='ocrx_word' id='word_1_896' title='bbox 2341 5588 2399 5643; x_wconf 49' lang='lat' dir='ltr'><strong>&#39;et</strong></span> <span class='ocrx_word' id='word_1_897' title='bbox 2429 5588 2661 5655; x_wconf 85' lang='lat' dir='ltr'><strong>glossam</strong></span> <span class='ocrx_word' id='word_1_898' title='bbox 2690 5591 2956 5646; x_wconf 86' lang='lat' dir='ltr'><strong>redolent.</strong></span> <span class='ocrx_word' id='word_1_899' title='bbox 2989 5592 3065 5647; x_wconf 85' lang='lat' dir='ltr'><strong>lo.</strong></span> 
     </span>
    </p>
   </div>
   <div class='ocr_carea' id='block_1_118' title="bbox 2246 5657 3737 5780">
    <p class='ocr_par' dir='ltr' id='par_1_118' title="bbox 2246 5657 3737 5780">
     <span class='ocr_line' id='line_1_119' title="bbox 2246 5657 3737 5780; baseline 0.001 -69"><span class='ocrx_word' id='word_1_900' title='bbox 2246 5660 2359 5780; x_wconf 65' lang='grc' dir='ltr'>(ΞΟ)</span> <span class='ocrx_word' id='word_1_901' title='bbox 2388 5657 2533 5736; x_wconf 70' lang='grc' dir='ltr'>ᾘπί.</span> <span class='ocrx_word' id='word_1_902' title='bbox 2557 5659 2839 5737; x_wconf 80' lang='lat' dir='ltr'><strong>Antcccdit</strong></span> <span class='ocrx_word' id='word_1_903' title='bbox 2865 5664 2917 5715; x_wconf 90' lang='lat' dir='ltr'><strong>in</strong></span> <span class='ocrx_word' id='word_1_904' title='bbox 2946 5663 3115 5718; x_wconf 89' lang='lat' dir='ltr'><strong>altero</strong></span> <span class='ocrx_word' id='word_1_905' title='bbox 3152 5666 3401 5746; x_wconf 43' lang='lat' dir='ltr'><strong>cod..é::rl</strong></span> <span class='ocrx_word' id='word_1_906' title='bbox 3435 5669 3502 5737; x_wconf 80' lang='grc' dir='ltr'>τῇ</span> <span class='ocrx_word' id='word_1_907' title='bbox 3531 5666 3737 5737; x_wconf 80' lang='grc' dir='ltr'>ἐρήμῳ,</span> 
     </span>
     <span class='ocr_line' id='line_1_120' title="bbox 2250 5727 3737 5780; baseline 0 0"><span class='ocrx_word' id='word_1_908' title='bbox 2250 5745 2294 5780; x_wconf 65' lang='lat' dir='ltr'><strong>at?</strong></span> <span class='ocrx_word' id='word_1_909' title='bbox 2352 5727 2486 5780; x_wconf 68' lang='lat' dir='ltr'><strong>aculc</strong></span> <span class='ocrx_word' id='word_1_910' title='bbox 2514 5727 2852 5780; x_wconf 69' lang='lat' dir='ltr'><strong>CXt’ldCl‘tlnl.</strong></span> <span class='ocrx_word' id='word_1_911' title='bbox 2885 5742 3105 5780; x_wconf 76' lang='lat' dir='ltr'><strong>nmnlnr</strong></span> <span class='ocrx_word' id='word_1_912' title='bbox 3137 5743 3508 5780; x_wconf 72' lang='lat' dir='ltr'><strong>rnnntthmmm</strong></span> <span class='ocrx_word' id='word_1_913' title='bbox 3540 5744 3737 5780; x_wconf 71' lang='lat' dir='ltr'><strong>Vnt&#39;lllzl&#39;</strong></span> 
     </span>
    </p>
   </div>
   <div class='ocr_carea' id='block_1_119' title="bbox 2174 5725 3737 5853">
    <p class='ocr_par' dir='ltr' id='par_1_119' title="bbox 2174 5725 3737 5853">
     <span class='ocr_line' id='line_1_121' title="bbox 2174 5725 3737 5853; baseline 0.006 -74"><span class='ocrx_word' id='word_1_914' title='bbox 2174 5725 2294 5853; x_wconf 47' lang='lat' dir='ltr'><strong>quin</strong></span> <span class='ocrx_word' id='word_1_915' title='bbox 2317 5725 2486 5852; x_wconf 79' lang='lat' dir='ltr'><strong>lfacile</strong></span> <span class='ocrx_word' id='word_1_916' title='bbox 2514 5725 2852 5796; x_wconf 74' lang='lat' dir='ltr'><strong>exciderunt,</strong></span> <span class='ocrx_word' id='word_1_917' title='bbox 2885 5742 3105 5803; x_wconf 70' lang='lat' dir='ltr'><strong>promer</strong></span> <span class='ocrx_word' id='word_1_918' title='bbox 3137 5725 3510 5805; x_wconf 63' lang='lat' dir='ltr'><strong>repetitionem</strong></span> <span class='ocrx_word' id='word_1_919' title='bbox 3540 5725 3737 5791; x_wconf 60' lang='lat' dir='ltr'><strong>vui-iuu-</strong></span> 
     </span>
     <span class='ocr_line' id='line_1_122' title="bbox 2174 5814 2391 5853; baseline -0.005 0"><span class='ocrx_word' id='word_1_920' title='bbox 2174 5815 2282 5853; x_wconf 85' lang='grc' dir='ltr'>επ.</span> <span class='ocrx_word' id='word_1_921' title='bbox 2338 5814 2391 5853; x_wconf 82' lang='lat' dir='ltr'><strong>n.</strong></span> 
     </span>
    </p>
   </div>
   <div class='ocr_carea' id='block_1_120' title="bbox 2174 5814 2391 5853">
    <p class='ocr_par' dir='ltr' id='par_1_120' title="bbox 2174 5814 2391 5853">
     <span class='ocr_line' id='line_1_123' title="bbox 2174 5814 2391 5853; baseline -0.005 0"><span class='ocrx_word' id='word_1_922' title='bbox 2174 5814 2282 5853; x_wconf 85' lang='grc' dir='ltr'>επι.</span> <span class='ocrx_word' id='word_1_923' title='bbox 2317 5814 2391 5853; x_wconf 81' lang='lat' dir='ltr'><strong>ID.</strong></span> 
     </span>
    </p>
   </div>
  </div>
