4080 6260
532 374 640 429 659

1384 366 1439 423 S.
1480 362 1872 421 CLEMENTIS
1906 364 1924 418 l
1965 362 2133 417 ROM.
2171 358 2374 416 PONT.
2410 357 2901 416 OPERADUBIA.

3694 356 3800 415 ιω

534 504 653 561 gem
681 495 837 541 tuum
874 484 1196 555 dissipabis,
1225 492 1281 538 et
1319 483 1692 537 devorandum
1731 479 1917 535 trades
1951 480 2114 550 lupis,

2231 501 2336 553 ἐστι
2364 496 2601 565 δαίμοσι,
2638 497 2730 548 καὶ
2761 496 3017 567 πονηροῖς
3044 492 3372 567 ἀνθρώποις,
3408 490 3604 562 μᾶλλον
3623 489 3679 545 δὲ
3705 494 3802 549 οὔκ

534 583 637 636 hoc
666 588 750 635 est
780 578 1120 634 daemonibus
1150 585 1205 631 et
1230 577 1413 647 pravis
1462 575 1807 639 hominibus;
1856 574 1967 626 imo
1994 588 2123 627 vero

537 691 645 728 non
674 672 1011 734 hominibus,
1047 671 1141 725 sed
1190 670 1321 725 feris
1355 669 1592 722 humana
1637 666 1809 721 forma
1858 664 2119 735 praaditis,

535 766 773 823 ethnicis
801 780 1015 835 nempe,
1047 763 1251 819 Iudaeis
1279 773 1331 819 et
1359 763 1543 832 impiis
1583 760 1876 815 haereticis.
1915 758 2121 834 “Nam

536 859 605 913 ad
634 873 757 913 eum
788 860 880 927 qui
913 872 977 912 ex
1012 855 1260 910 Ecclesia
1290 856 1503 923 eiectus
1529 860 1637 918 est,
1668 853 1931 906 continuo
1968 865 2125 905 acce-

536 952 676 1007 dunt
702 950 999 1006 truculenti
1033 949 1169 1020 lupi,
1206 956 1261 1003 et.
1288 949 1445 1019 quasi
1488 960 1687 1017 agnum
1737 946 2001 999 devorare
2029 959 2125 1013 ge~

537 1045 732 1108 stiunt,
763 1044 819 1098 in
849 1041 1131 1113 proprium
1165 1042 1379 1095 lucrum
1427 1047 1659 1093 mortem
1692 1037 1838 1090 illius
1867 1041 2126 1106 reputan-

537 1145 623 1194 tes
638 1157 653 1195 :
666 1136 867 1193 etenim
891 1136 1107 1190 illorum
1128 1143 1281 1204 pater
1295 1133 1564 1195 diabolus,
1582 1128 1853 1183 homicida
1873 1136 1959 1183 est
1977 1128 2049 1182 “z
2074 1132 2128 1183 et

537 1231 632 1301 qui
664 1228 1209 1300 per-imprudentiam
1244 1232 1394 1279 tuam
1425 1226 1629 1293 injuste
1658 1229 1975 1293 segregatus
2002 1221 2125 1285 fuit,

494 1350 507 1367 ι
541 1333 654 1378 tum
684 1323 907 1377 tristitia
952 1336 1270 1392 oppressus,
1306 1326 1361 1374 et
1403 1318 1604 1388 pusillo
1648 1317 1830 1370 animo
1865 1315 2124 1384 effectus;

541 1424 636 1471 aut
664 1416 730 1471 ad
757 1425 945 1487 gentes
973 1415 1307 1485 evagabitur,
1354 1420 1447 1466 aut
1496 1410 1870 1480 implicabitur
1902 1408 2132 1462 haeresi-

541 1509 680 1575 bus;
713 1515 768 1563 et
800 1508 869 1561 ab
897 1506 1138 1562 Ecclesia
1180 1520 1244 1559 ac
1266 1521 1363 1576 spe
1392 1505 1447 1558 in
1482 1503 1648 1558 Deum
1678 1504 1897 1573 penitus
1923 1501 2130 1557 abalie-

540 1600 780 1667 nabitur,
821 1607 982 1669 atque
1032 1600 1100 1653 ab
1149 1598 1429 1670 impietate
1477 1595 1889 1666 compedietur;
1925 1580 2131 1663 fiesque

543 1703 599 1746 tu
649 1693 717 1747 de
769 1692 918 1747 illius
964 1692 1185 1747 interitu
1243 1706 1391 1747 reus.
1423 1689 1595 1743 Porro
1636 1703 1852 1758 aequum
1898 1702 2007 1741 non
2046 1694 2130 1741 est

543 1795 852 1857 proruptura
881 1784 1101 1855 quidem
1131 1799 1254 1840 esse
1297 1783 1363 1837 ad
1402 1780 1729 1851 ejiciendum
1763 1786 2127 1849 peccatorem,

2224 588 2570 660 ἀνθρώποις,
2650 586 2783 640 ἀλλά
2840 586 3048 658 Θηρίοις
3104 580 3574 656 ἀνθρωποειδέσιν,
3666 583 3804 638 ἐθνι-

2227 684 2342 743 κοῖς
2378 678 2512 749 (29),
2542 680 2639 731 καὶ
2679 678 3045 740 ’ἰουδαῖσταῖς,
3096 675 3191 728 καὶ
3224 672 3573 746 αἱρεσιώταις
3604 673 3799 739 ἀθέοις·

2224 773 2302 844 τῷ
2332 771 2441 842 γὰρ
2470 767 2788 840 ἐκϐληθέντι
2814 768 2913 839 τῆς
2947 768 3290 838 Ἑκκλησίας,
3325 766 3485 828 εὐθὺς
3505 764 3807 835 προσπελά-

2228 863 2411 927 ζουσιν
2444 860 2554 933 (50)
2585 862 2633 913 οἱ
2662 860 2938 931 λυμεῶνες
2976 859 3150 924 λύκοι,
3201 860 3295 912 καὶ
3339 858 3415 921 ὡς
3462 858 3599 928 ἄρνα
3646 854 3807 928 βορὰν

2228 954 2507 1026 ἡγοῦνται,
2542 951 2731 1023 κέρδος
2778 952 2909 1005 ἴδιον
2952 952 3242 1023 ἡγούμενοι
3290 951 3390 1021 τὴν
3423 949 3631 1001 ἐκείνου
3660 948 3809 1002 ἀπώ-

2228 1048 2397 1100 λειαν·
2448 1047 2544 1100 καὶ
2589 1043 2699 1116 γάρ
2742 1048 2770 1099 6
2812 1044 3019 1097 τούτων
3048 1044 3232 1115 πατὴρ
3261 1041 3505 1105 διάϐολος
3532 1041 3809 1113 ἀνθρωπο-

2230 1139 2415 1203 κτόνος
2480 1139 2615 1191 ἐστί·
2667 1138 2761 1189 καὶ
2806 1139 2834 1190 ὁ
2878 1136 2967 1190 διὰ
3009 1136 3108 1208 τῆς
3156 1137 3253 1207 σῆς
3295 1136 3569 1207 ἀκρισίας,
3614 1133 3810 1199 ἀδίκως

2230 1231 2565 1303 ἀφορισθεὶς,
2588 1230 2679 1283 καὶ
2703 1229 2913 1300 ἀθυμίᾳ
2943 1228 3244 1299 συσχεθεὶς,
3271 1228 3364 1280 κα).
3393 1227 3807 1297 ὁλιγοψυχήσας,

2230 1325 2263 1396 ἢ
2298 1327 2377 1387 εἰς
2406 1323 2533 1395 ἑθνη
2565 1320 3102 1392 ἀποπλανηθήσεται,
3138 1320 3170 1392 ἢ
3217 1322 3296 1383 εἰς
3337 1320 3577 1392 αἱρέσεις
3606 1336 3813 1390 σύμπο-

2230 1415 2562 1487 δισθήσεται,
2613 1415 2706 1467 καὶ
2740 1412 3016 1476 παντελῶς
3061 1412 3160 1482 τῆς
3218 1411 3541 1483 Ἑκκλησίας
3580 1412 3673 1464 καὶ
3712 1411 3812 1482 τῆς

2231 1508 2310 1570 εἰς
2353 1506 2484 1559 Θεὸν
2530 1505 2742 1569 ἐλπίδος
2785 1503 3376 1576 ἀπαλλοτριωθήσεται,
3422 1505 3516 1558 καὶ
3556 1503 3816 1574 συμποδιο

2234 1599 2488 1671 σθήσεται
2519 1598 2623 1652 ὑπὸ
2651 1598 2924 1661 ἀσεϐείας,
2974 1598 3067 1651 καὶ
3111 1599 3316 1670 γενήσῃ
3358 1598 3421 1650 σὺ
3467 1598 3567 1668 τῆς
3606 1597 3813 1650 ἐκείνου

2232 1690 2508 1753 ἀπωλείας
2537 1689 2735 1761 ἔνοχος.
2768 1691 2842 1743 Οὐ
2872 1688 2981 1759 γάρ
3008 1689 3214 1743 δίκαιόν
3243 1690 3412 1755 ἐστιν,
3458 1690 3672 1760 ἕτοιμον
3718 1691 3815 1760 μὲν

2233 1776 2371 1836 εἶναι
2400 1781 2680 1835 ἐκϐάλλειν
2708 1782 2798 1835 τὸν
2828 1782 3203 1853 ἡμαρτηκότα,
3226 1782 3456 1853 ὀκνηρὸν
3476 1781 3531 1834 δὲ
3553 1782 3816 1853 ὑπάρχειν

541 1878 759 1931 tardum
783 1891 912 1931 vero
957 1876 1024 1931 ad
1074 1875 1445 1945 recipiendum
1484 1887 1847 1938 conversam;
1877 1880 1931 1927 et
1957 1878 2126 1926 teme-

2231 1878 2309 1939 εἰς
2336 1875 2398 1929 τὸ
2427 1874 2820 1947 προσδέχεσθαι
2848 1874 2938 1926 τὸν
2966 1874 3385 1944 ἐπιστρέφοντα,
3412 1875 3505 1926 καὶ
3526 1874 3815 1945 πρόχειρον

541 1970 750 2024 rarium
782 1969 1003 2039 quidem
1032 1969 1101 2023 ad
1126 1965 1519 2038 amputandum
1563 1965 1831 2028 existere,
1864 1961 2126 2017 immitem

541 2072 724 2123 autem
771 2063 837 2117 ad
879 2061 1205 2116 medendum
1255 2059 1500 2126 dolenti;
1551 2058 1620 2113 de
1660 2058 1864 2113 talibus
1910 2057 2128 2111 dicente

545 2156 827 2227 Scriptura
867 2153 1089 2208 divina:
1130 2173 1148 2204 ι
1193 2152 1366 2206 Pedes
1410 2166 1598 2204 eorum
1624 2149 1690 2204 ad
1715 2148 1978 2202 malitiam
2008 2162 2128 2202 cur-

545 2259 674 2302 runt
708 2268 721 2303 :
750 2249 964 2302 veloces
1006 2254 1134 2302 sunt
1174 2245 1241 2299 ad
1268 2242 1655 2299 effundendum
1686 2240 2009 2311 sanguinem
2032 2240 2076 2271 “
2109 2259 2122 2295 :

544 2341 805 2397 contritio
829 2347 883 2395 et
910 2340 1128 2394 miseria
1154 2339 1209 2392 in
1234 2339 1333 2392 viis
1359 2352 1570 2399 eorum,
1596 2339 1649 2389 et
1670 2334 1812 2388 viam
1838 2332 1988 2403 pacis
2019 2348 2126 2387 non

544 2441 918 2505 cognoverunt
951 2449 966 2487 :
1000 2447 1112 2485 non
1157 2438 1242 2486 est
1288 2432 1453 2483 timor
1499 2427 1593 2481 Dei
1625 2437 1751 2481 ante
1790 2426 1980 2479 oculos
2036 2440 2130 2480 eo—

548 2542 666 2581 rum
696 2525 763 2579 ⁶⁵.
795 2543 813 2575 ι
845 2522 943 2577 Via
967 2530 1143 2577 autem
1171 2524 1322 2593 pacis
1361 2533 1443 2576 est
1468 2520 1728 2575 Servator
1759 2525 1945 2573 noster
1967 2516 2130 2572 Jesus

545 2618 822 2679 Christus,
856 2616 948 2685 qui
992 2616 1154 2670 etiam
1182 2631 1281 2669 nos
1311 2614 1497 2668 docuit
1521 2612 1605 2667 his
1630 2611 1809 2666 verbis
1838 2628 1852 2663 :
1881 2628 1899 2659 ι
1933 2607 2130 2662 Dimit-

546 2714 666 2775 tite,
689 2720 755 2782 et,
779 2709 1084 2765 dimittetur
1113 2710 1299 2776 vobis;
1321 2708 1464 2771 date,
1496 2713 1550 2760 et
1586 2705 1802 2759 dabitur
1820 2703 1973 2758 vobis
1992 2706 2067 2770 ‘5“;
2109 2722 2126 2754 ο

548 2805 650 2859 hoc
670 2815 775 2866 est,
792 2804 915 2859 date
930 2813 1277 2873 peccatorum
1300 2800 1698 2862 remissionem,
1713 2807 1767 2851 et
1783 2796 2131 2851 remittentur

547 2899 700 2953 vobis
722 2897 917 2952 delicta
946 2915 957 2950 :
977 2892 1435 2965 quemadmodum
1457 2899 1511 2946 et
1536 2905 1633 2959 per
1653 2889 1954 2942 orationem
1979 2885 2132 2940 insti-

546 2991 652 3044 tuit
674 3005 793 3055 nos,
819 2989 959 3043 utad
983 2987 1148 3042 Deum
1177 2985 1485 3039 diceremus
1512 3003 1525 3037 :
1562 3002 1580 3032 ι
1607 2981 1828 3035 Dimitte
1851 2979 2010 3034 nobis
2030 2977 2128 3032 de-

546 3083 660 3136 bita
687 3090 898 3144 nostra,
930 3083 1071 3136 sicut
1112 3088 1167 3133 et
1194 3093 1294 3131 nos
1315 3076 1645 3131 dimittimus
1666 3072 2005 3127 debitoribus
2031 3087 2132 3125 no»

2232 1969 2331 2041 μὲν
2362 1971 2441 2033 εἰς
2468 1968 2528 2021 τὸ
2557 1968 2910 2031 ἀποκόπτειν,
2934 1967 3132 2038 ἀνηλεῆ
3161 1966 3217 2019 δὲ
3239 1969 3318 2029 εἰς
3344 1966 3404 2019 τὸ
3429 1967 3520 2019 τὸν
3549 1966 3816 2035 ἀλγοῦντα

2232 2061 2433 2116 ἰᾶσθαι·
2486 2062 2613 2132 περὶ
2642 2060 2752 2133 γὰρ
2780 2061 2886 2114 τῶν
2915 2060 3172 2113 τοιούτων
3201 2060 3347 2128 λέγει
3377 2061 3411 2130 ἡ
3442 2059 3560 2113 θεία
3589 2060 3777 2132 Γραφή
3797 2076 3811 2090 ο

2235 2174 2253 2206 ι
2283 2157 2346 2208 Οἱ
2380 2155 2537 2218 πόδες
2569 2155 2748 2207 αὐτῶν
2796 2156 2875 2217 εἰς
2906 2154 3103 2207 κακίαν
3142 2154 3413 2226 τρέχουσι·
3458 2155 3665 2224 ταχινοί
3710 2156 3815 2206 εἰσι

2228 2245 2322 2300 τοῦ
2368 2246 2580 2316 ὲκχέειν
2625 2241 2782 2315 αἷμα·
2855 2245 3167 2317 σύντριμμα
3228 2246 3321 2298 καὶ
3365 2246 3707 2319 ταλαιπωρία
3758 2251 3815 2302 ἐν

2227 2342 2348 2402 ταῖς
2375 2339 2512 2403 ὁδοῖς
2538 2338 2739 2398 αὐτῶν,
2770 2340 2864 2391 καὶ
2883 2338 3000 2391 ὁδὸν
3029 2334 3252 2411 εἰρήνης
3278 2340 3377 2392 οὐκ
3408 2339 3670 2408 ἔγνωσαν·
3717 2343 3816 2396 οὐκ

2230 2432 2343 2485 ἐστι
2389 2432 2550 2501 φόϐος
2594 2430 2727 2484 Θεοῦ
2772 2432 3034 2488 ἀπέναντι
3078 2432 3186 2485 τῶν
3226 2432 3515 2504 ὀφθαλμῶν
3561 2435 3760 2488 αὐτῶν.
3794 2456 3811 2487 ο

2242 2524 2389 2588 ὐδὸς
2416 2525 2473 2577 δὲ
2503 2525 2722 2595 εἰρήνης
2750 2525 2895 2577 ἐστὶν
2926 2527 2954 2577 6
2981 2525 3172 2595 Σωτὴρ
3201 2525 3355 2595 ἡμῶν
3398 2526 3598 2596 Ἰησοῦς
3624 2528 3652 2579 6
3682 2528 3819 2598 Χρι-

2233 2618 2376 2681 στὸς,
2422 2617 2482 2680 ὃς
2525 2618 2619 2670 καὶ
2675 2615 2909 2680 ἐδίδαξεν
2960 2617 3107 2686 ἡμᾶς
3168 2614 3359 2684 λέγων·
3398 2636 3416 2668 ι
3451 2618 3669 2686 Ἅφετε,
3724 2621 3818 2673 καὶ

2194 2754 2204 2765 .
2231 2709 2562 2780 ἀφεθήσεται
2594 2710 2742 2779 ὑμῖν,
2773 2708 2960 2773 δίδοτε,
2993 2709 3087 2761 καὶ
3127 2707 3405 2779 δοθήσεται
3435 2710 3580 2780 ὑμῖν·
3610 2730 3628 2760 ι
3662 2728 3817 2763 τουτ-

2231 2801 2367 2863 ἐστι,
2397 2800 2567 2852 δίδοτε
2612 2800 2803 2870 ἄφεσιν
2849 2799 3150 2872 ἁμαρτιῶν,
3196 2802 3288 2854 καὶ
3329 2801 3655 2874 ἀφεθήσεται
3686 2803 3816 2874 ύμῖν

2230 2893 2301 2946 τὰ
2329 2894 2750 2965 παραπτώματα
2781 2895 2913 2965 (51)·
2964 2895 3040 2958 ὡς
3068 2895 3161 2947 καὶ
3201 2894 3289 2948 διὰ
3328 2896 3424 2966 τῆς
3466 2896 3629 2968 εύχῆς
3669 2898 3818 2967 ἡμᾶς

2232 2985 2516 3038 ἐπαίδευσε
2557 2986 2733 3054 λέγειν
2778 2987 2914 3058 πρὸς
2966 2987 3056 3040 τὸν
3110 2986 3259 3040 Θεόν·
3299 3008 3317 3039 ι
3362 2989 3528 3057 ’Ἄφες
3572 2990 3701 3060 ἡμῖν
3746 2990 3819 3043 τά

2233 3077 2572 3149 ὀφειλήματα
2601 3078 2778 3149 ἡμῶν,
2800 3080 2875 3143 ὡς
2904 3081 2997 3133 καὶ
3028 3082 3187 3151 ἡμεῖς
3215 3082 3444 3152 ἀφίεμεν
3472 3084 3583 3145 τοῖς
3612 3081 3819 3150 ὀφειλέ-

548 3174 756 3229 ειι·ἰε⁶⁷.
781 3193 798 3225 ι
815 3173 996 3238 Quare
1021 3172 1066 3227 si
1098 3170 1476 3241 peccatoribus
1503 3167 1717 3221 veniam
1740 3181 1848 3219 non
1863 3163 2126 3225 tribuitis,

2232 3187 2351 3233 ταις
2382 3170 2555 3241 ήμῶν.
2592 3191 2609 3221 ι
2660 3170 2782 3224 Ἐὰν
2825 3168 2915 3224 οῦν
2964 3172 3036 3244 μὴ
3083 3172 3255 3243 ἀφῆτε
3296 3175 3407 3235 τοῖς
3451 3172 3817 3245 ἡμαρτηκόσι,

547 3266 822 3336 quon-udo
855 3273 1200 3335 peccatorum
1234 3268 1540 3315 vestrorum
1574 3258 1785 3312 veniam
1815 3255 2131 3327 accipietis?

548 3362 632 3414 An
659 3374 767 3412 non
787 3364 978 3411 contra
1000 3370 1098 3410 vos
1139 3353 1287 3423 ipsos
1319 3350 1534 3421 ligatis,
1561 3364 1687 3403 cum
1719 3348 1903 3403 dicitis
1934 3363 2030 3402 vos
2057 3347 2134 3401 di-

550 3452 786 3510 mittere,
814 3456 867 3503 et
892 3464 996 3502 non
1020 3446 1331 3501 dimittitis?
1357 3444 1548 3497 Annon
1571 3450 1753 3497 vestro
1773 3443 1852 3496 ori
1871 3457 2135 3510 repugna-

551 3543 701 3605 bitis,
724 3539 976 3601 dicendo,
1008 3538 1354 3600 Dimittimus,
1387 3544 1440 3591 et
1475 3552 1584 3591 non
1615 3534 1970 3589 dimittendo?
2016 3532 2133 3587 Sci-

550 3643 664 3693 tote
690 3635 835 3689 enim
864 3633 1010 3703 quod
1046 3634 1137 3702 qui
1172 3632 1320 3685 nulla
1351 3631 1639 3700 iniquitate
1682 3637 1994 3683 contactum
2044 3629 2136 3683 ab-

546 3728 689 3799 jicit,
716 3733 809 3781 aut
834 3727 897 3780 ad
933 3727 1129 3780 bonam
1164 3725 1370 3794 frugem
1409 3738 1688 3778 reversum
1716 3737 1826 3777 non
1869 3720 2129 3784 admittit,

553 3822 741 3877 fratris
765 3821 850 3876 sui
875 3820 1193 3875 interfector
1213 3828 1317 3883 est,
1340 3827 1393 3873 et
1416 3817 1738 3889 sanguinem
1776 3816 1897 3885 ejus
1932 3814 2130 3879 fundit,

554 3926 615 3969 ut
637 3915 842 3971 Cainus
876 3914 1031 3969 Abeli
1072 3914 1292 3980 fratris;
1326 3912 1661 3982 sanguisque
1701 3911 1849 3965 illius
1888 3911 2133 3965 clamans

554 4007 622 4061 ad
675 4006 865 4073 Deum,
907 4006 1220 4079 rcquiretur
1270 4005 1335 4061 ⁸⁸.
1380 4004 1572 4060 Justus
1613 4004 1816 4074 quippe
1860 4003 2060 4072 injuste
2103 4018 2133 4055 a

552 4115 829 4171 quoquam
872 4102 1113 4163 occisus,
1138 4098 1283 4169 apud
1323 4097 1495 4153 Deum
1535 4097 1842 4167 requiescet
1884 4095 1940 4149 in
1984 4102 2137 4149 aater-

553 4207 709 4254 num,
742 4200 797 4247 et
826 4192 990 4248 simili
1014 4192 1176 4247 modo
1210 4190 1302 4261 qui
1333 4190 1401 4245 ab
1434 4189 1694 4258 episc0po
1718 4202 2001 4259 perperam
2026 4186 2138 4241 fue-

555 4284 626 4338 rit
645 4285 1171 4339 excommunicatus.
1199 4282 1306 4337 Sed
1326 4282 1416 4352 qui
1434 4282 1789 4350 inculpatum,
1806 4279 1962 4350 quasi
1992 4291 2137 4335 esset

555 4378 885 4442 scelerosus,
928 4378 1208 4444 eliminat,
1257 4377 1305 4432 is
1344 4377 1734 4444 interemptore
1782 4376 1977 4429 suavior
2027 4380 2133 4439 est,

554 4484 665 4526 non
696 4472 995 4542 respiciens
1044 4472 1111 4525 ad
1154 4468 1588 4526 misericordiam
1628 4466 1745 4529 Dei,
1784 4482 1886 4522 nec
1928 4481 2136 4521 memor

627 4631 673 4663 ⁶¹
699 4629 870 4695 lgnat.
905 4631 970 4683 ad
1020 4631 1237 4698 Smyrn.
1272 4630 1325 4682 αἱ.
1371 4628 1451 4698 Α⁶³
1487 4627 1623 4682 Joan
1657 4643 1779 4693 vul,
1818 4628 1907 4683 Η.

1036 4627 1623 4711 ξιιαςητξκιδξηιοιιη
1657 4643 1779 4711 vui,
1818 4628 1969 4711 ἀέλ
2018 4627 2065 4659 εδ
2098 4627 2264 4684 Prov.
2304 4642 2345 4694 ι,
2406 4629 2502 4698 l6;
2556 4627 2625 4686 Is.
2661 4644 2783 4698 Lix;
2833 4631 2995 4688 Rom.
3052 4649 3132 4700 lit,
3188 4634 3274 4690 l5.

554 4701 614 4760 2.
690 4703 735 4733 ⁸⁸
754 4696 1191 4764 Luc.v1,57,58.
1260 4700 1301 4731 ⁵⁷
1336 4696 1530 4755 Matth.
1571 4715 1650 4764 γι,
1690 4698 1776 4754 12.
1854 4700 1897 4730 ⁸⁸
1928 4698 2065 4755 Gen.
2100 4714 2174 4754 tv.

2236 3262 2351 3326 πῶς
2384 3264 2537 3333 ὑμεῖς
2566 3262 2799 3334 λήψεσθε
2827 3265 2925 3336 τὴν
2958 3266 3149 3333 ἄφεσιν
3177 3265 3283 3317 τῶν
3315 3266 3594 3336 ἁμαρτιῶν
3624 3267 3816 3337 ύμῶν;

2234 3354 2353 3424 οὐχὶ
2372 3355 2676 3408 τούναντίον
2696 3358 2919 3419 ἑαυτοὺς
2940 3356 3050 3427 (52)
3068 3356 3374 3427 δεσμεύετε,
3397 3357 3643 3425 λέγοντες
3663 3360 3819 3427 ἀφιέ-

2234 3466 2341 3511 ναι,
2372 3450 2465 3502 καὶ
2509 3449 2581 3521 μὴ
2612 3450 2896 3518 ἀφιέντες;
2930 3451 2989 3504 οὐ
3033 3450 3109 3521 τῷ
3151 3451 3357 3503 ἑαυτῶν
3398 3451 3623 3521 στόματι
3665 3454 3810 3506 ἐναν-

2233 3541 2584 3613 τιωθήσεσθε,
2616 3534 2862 3611 λέγοντες
2890 3542 3128 3611 ἀφιέναι,
3160 3544 3253 3597 καὶ
3286 3543 3359 3617 μὴ
3403 3544 3690 3612 ἀφιέντες;
3734 3563 3808 3614 γι-

2233 3633 2470 3688 νώσκετε
2517 3634 2752 3707 γὰρᾜτι
2795 3639 2822 3689 6
2864 3635 2955 3689 τὸν
2986 3636 3059 3708 μὴ
3095 3637 3427 3709 ἀδικήσαντα
3454 3637 3748 3701 ἐκϐάλλων,
3781 3638 3813 3709 ἢ

2232 3727 2323 3780 τὸν
2352 3727 2744 3799 ἐπιστρέφοντα
2777 3728 2849 3799 μὴ
2881 3728 3326 3799 προσδεχόμενος,
3361 3733 3551 3800 φονεὺς
3582 3730 3694 3801 (55)
3724 3730 3816 3783 τοῦ

2235 3818 2461 3888 ἀδελφοῦ
2492 3819 2655 3873 αὑτοῦ
2682 3821 2823 3883 ἐστι,
2854 3821 2947 3872 καί¹
2976 3814 3115 3891 αἷμα
3144 3822 3345 3891 ἐκχέει,
3376 3823 3452 3885 ὡς
3481 3821 3620 3875 Καῒν
3654 3822 3813 3874 Ἅϐελ

2233 3912 2327 3965 τοῦ
2358 3912 2586 3981 ἀδελφοῦ
2618 3912 2752 3984 (54),
2783 3913 2875 3965 καὶ
2903 3914 2963 3966 τὸ
2992 3909 3129 3984 αἷμα
3156 3914 3319 3968 αὐτοῦ
3352 3914 3491 3984 βοῶν
3522 3915 3657 3986 πρὸς
3685 3916 3814 3968 Θεὸν

2235 4004 2685 4078 ἐκζητηθήσεται·
2753 4007 2959 4070 δίκαιος
3002 4008 3109 4080 γὰρ
3153 4008 3351 4072 ἀδίκως
3395 4009 3670 4077 φονευθεὶς
3715 4009 3816 4061 ύπὸ

2234 4117 2398 4163 τινος,
2432 4100 2584 4171 παρά
2611 4100 2729 4173 Θεῷ
2758 4101 2816 4154 ἐν
2844 4102 3146 4155 ἀναπαύσει
3176 4101 3326 4155 ἔσται
3372 4105 3451 4166 εἰς
3490 4103 3581 4156 τὸν
3624 4102 3811 4155 αἰῶνα·

2236 4192 2495 4257 ὡσαύτως
2524 4197 2617 4247 καὶ
2646 4197 2673 4248 6
2705 4196 2947 4265 ματαίως
2974 4193 3084 4267 (55)
3107 4194 3419 4266 ἀφορισθεὶς
3448 4195 3553 4248 ὑπὸ
3571 4194 3665 4248 τοῦ
3694 4198 3815 4248 ἐπι-

2239 4286 2459 4341 σκόπου.
2505 4289 2562 4340 '0
2598 4288 2695 4359 μὲν
2725 4287 2971 4341 ἐκϐαλὼν
3000 4289 3076 4351 ὡς
3107 4288 3290 4359 λοιμὸν
3321 4289 3410 4342 τὸν
3440 4284 3698 4352 ἀναίτιον,
3729 4306 3818 4341 πι-

2237 4379 2493 4451 κρότερος
2534 4380 2740 4447 φονέως
2784 4383 2811 4433 6
2854 4380 3111 4443 τοιοῦτος,
3143 4382 3241 4435 οὐκ
3282 4381 3499 4452 ἀφορῶν
3527 4384 3606 4445 εἰς
3635 4382 3694 4435 τὸ
3722 4380 3814 4434 τοῦ

2238 4471 2372 4525 Θεοῦ
2427 4472 2594 4538 ἔλεος,
2642 4473 2761 4525 οὐδὲ
2812 4474 3165 4545 μνημονεύων
3211 4475 3374 4529 αὑτοῦ
3427 4477 3525 4547 τὴν
3571 4476 3667 4529 ἐπὶ
3708 4476 3815 4537 τοῖς

3380 4634 3427 4665 ⁸⁸
3449 4632 3593 4690 Psal.
3649 4650 3810 4701 xxxv,

1859 4877 2227 4935 VARIORUM
2260 4878 2493 4935 ΝΟΤᾸΞ.

627 5058 763 5134 (29)-
784 5056 1091 5134 Benacng
1121 5057 1219 5134 καὶ
1261 5055 1670 5134 Ἰουδαῖρνταῖς,
1719 5056 1819 5110 καὶ
1873 5056 2131 5134 αἰρεᾳιώ-

2241 5052 2609 5134 ιίιιιιιιὶεῑέινιιῐη
2658 5059 2772 5123 dat,
2831 5076 2897 5116 eo
2944 5060 3089 5129 quod
3146 5059 3364 5134 Legem,
3398 5062 3697 5134 Prophetas
3748 5079 3809 5118 ac

554 5128 1033 5196 taic.'.ludaistas,
1077 5128 1293 5198 Opinor,
1337 5128 1595 5198 appellat,
1629 5143 1739 5182 non
1778 5137 1886 5181 tam
1919 5128 2135 5183 Judmos

556 5217 718 5269 quam
747 5201 1107 5268 judaizantes.
1148 5199 1419 5265 Quocirca
1464 5202 1642 5254 statim
1693 5205 1835 5267 post,
1862 5199 2131 5269 _gentium

556 5267 908 5325 duntaxatac
951 5271 1234 5325 haereseon
1289 5269 1619 5324 mentionem
1668 5270 1816 5330 facit,
1856 5267 2133 5323 Judaistas

556 5342 926 5427 cptiiplectetis
974 5341 1027 5395 in
1059 5341 1336 5427 haereticis
1369 5338 2137 5427 :n"UttJ90'5atj).(ptﬂtavob‘;

569 5407 919 5495 ξιουδμῖςεινθη
938 5422 1022 5495 est
1059 5411 1129 5467 29
1170 5427 1354 5495 caput]
1395 5409 1596 5495 Svttodi
1639 5407 1995 5495 Laodicicme,’
2040 5407 2134 5495 καὶ

558 5484 615 5537 ἐν
651 5482 729 5554 τῷ
774 5482 1038 5554 Σαϐϐάτῳ
1073 5483 1373 5554 σχολάζειν,
1408 5479 1543 5554 ἀλλὰ
1578 5479 1905 5554 ἐργάζεσθαι
1936 5479 2134 5554 αὐτοὺς

558 5554 618 5638 ἐν
649 5549 896 5638 τῇιαὺτῇ
937 5549 1146 5638 ἡμέρὲί,
1165 5555 1275 5638 ἐπὴν
1411 5549 1690 5638 ἰξυριακὴν
1716 5549 2133 5638 προτιμῶντας,

558 5625 672 5690 εἴτε
692 5608 1270 5693 δύναιντο,”σχολᾶζεξν
1309 5623 1384 5685 ὡς
1418 5608 1747 5693 Χριστιανοί,
1780 5608 1842 5673 Εἰ
1884 5608 1940 5672 δὲ
1964 5608 2136 5693 Αεύρᾷ

562 5689 701 5747 υεῖεν
731 5689 1061 5755 Ἰουδαῐσταὶ,
1083 5694 1323 5747 ἔστωσαν
1343 5689 1586 5762 ἀνάθεμα
1610 5690 1759 5761 παρὰ
1779 5690 2011 5762 Χριστῷ,
2044 5689 2135 5762 Sic

562 5763 617 5817 in
670 5764 905 5832 Dialogis
957 5765 1049 5832 qui
1095 5763 1314 5829 Origcui
1368 5760 2019 5832 ascribuntur,Udialogo
2075 5760 2130 5819 ‘2,

562 5833 779 5892 Marcus
828 5830 1117 5892 haereticus
1180 5833 1531 5889 Marcionista
1582 5830 1879 5885 Catholicis
1936 5846 2135 5886 nomen

2241 5123 2411 5179 Deum
2440 5126 2748 5184 .ludaaorum
2784 5147 2890 5185 non
2924 5123 3266 5186 aversentur.
3292 5123 3426 5189 cor.

2307 5194 2420 5268 (50)
2450 5200 2955 5275 Ιζροᾳςτελάζοιξσι.
3005 5203 3154 5255 Alter
3187 5201 3344 5275 Vind.
3393 5206 3805 5275 προσπαίζουσι,

2232 5273 2286 5386 ξι
2318 5282 2439 5392 inter
2472 5271 2547 5333 ὡς
2573 5270 2745 5335 λύκοι,
2780 5273 2974 5328 deinde
3000 5287 3100 5341 pro
3125 5273 3405 5342 ἡγοῦνται,
3438 5270 3567 5328 αὐτὸ
3601 5276 3809 5329 ποιοῦν-

2267 5351 2342 5389 αι.
2422 5354 2546 5393 LER.

2304 5384 2908 5543 (ξιῖῆἀξοαπτὼματα.
2941 5413 3105 5469 Addit
3142 5415 3278 5471 alter
3307 5416 3476 5491 codex
3516 5417 3687 5488 ὑμῶν.
3728 5414 3799 5469 lo.

2328 5478 2416 5543 02)
2458 5483 2748 5543 Εαυτούς.
2780 5483 2928 5538 Alter
2957 5485 3148 5540 ἑαυτὸν
3178 5485 3461 5543 δεσμεύεις
3488 5485 3680 5543 λέγων,
3712 5486 3799 5540 Mi.

2242 5478 2748 5603 lltfj%30;itttfgoég;
2780 5483 2928 5538 Alter
2957 5485 3148 5540 ἑαυτὸν
3178 5485 3461 5556 δεσμεύεις
3488 5478 3680 5553 λέίίων.
3712 5486 3806 5540 Mi-

2288 5619 2430 5733 .(ii-l‘i)
2458 5623 2702 5742 ξυνεύς.
2753 5621 2991 5694 Uterque
3037 5626 3187 5693 cod.,
3232 5626 3445 5696 φονεύει
3469 5626 3560 5680 τὸν
3590 5624 3809 5694 ἀδελφὸν

2241 5709 2339 5745 αυτ
2356 5708 2423 5741 λυ,
2518 5732 2530 5742 .

2458 5760 2564 5813 Τοῦ
2592 5760 2875 5830 ἀδελφοῦ.
2908 5764 3080 5817 Αὐτοῦ
3112 5767 3165 5820 in
3190 5766 3381 5831 Vind.,
3408 5767 3626 5824 rectius.
3661 5767 3733 5821 ID.

2313 5838 2402 5901 (oo
2448 5831 2737 5898 Ματαίως.
2792 5832 3011 5898 ’Λδίκως
3034 5836 3170 5892 alter
3192 5837 3315 5893 cod.
3347 5838 3424 5894 lt).

2312 5831 2423 5903 (55)
2448 5831 2737 5898 Ματαίως.
2792 5832 3011 5898 ’Λδίκως
3034 5836 3170 5892 alter
3192 5837 3315 5893 cod.
3347 5838 3424 5894 lt).
