4080 6260
548 399 656 456 645

1403 400 1462 457 8.
1499 398 1896 457 CLEMENTIS
1944 400 1965 455 ι
2001 399 2167 458 non.
2210 399 2414 460 rom.
2447 388 2677 460 opm
2708 402 2933 461 ouem.

3701 410 3811 469 644'

546 532 742 573 versus
785 524 871 571 est
920 514 1227 582 Manasses,
1273 530 1337 571 ac
1383 516 1672 571 aediﬁcavit
1717 516 1965 582 excelsa,
2008 531 2129 585 quae

2235 517 2347 571 ἀπὸ
2374 518 2481 571 τῶν
2499 518 2881 591 βδελυγμάτων
2897 518 3006 573 τῶν
3021 504 3191 573 ἐθνῶν
3218 512 3292 573 ὧν
3319 518 3615 592 ἐξωλόθρευ
3623 539 3681 575 σε
3699 525 3810 578 Κύ-

548 610 892 664 destruxerat
940 608 1203 663 Ezechias
1247 616 1402 679 pater
1437 609 1596 678 ejus:
1626 617 1680 663 et
1718 611 1909 665 statuit
1933 609 2121 679 cippos

548 700 721 765 Baali,
769 710 826 755 et
876 701 1050 756 erexit
1098 702 1268 756 altare
1299 701 1446 756 Baali
1481 721 1493 755 :
1533 709 1585 755 et
1618 701 1743 757 fecit
1772 702 1948 768 lucos,
1981 704 2123 758 sicut

549 794 750 849 fecerat
778 794 967 850 Achab
992 810 1086 849 rex
1118 795 1335 851 lsraelis
1365 815 1377 849 :
1409 802 1464 851 et
1488 793 1615 849 fecit
1646 796 1838 850 altaria
1873 796 1927 849 in
1959 796 2123 851 domo

548 885 787 951 Domini,
815 888 882 942 de
907 903 1012 956 qua
1046 887 1161 942 haec
1187 889 1325 943 dixit
1366 887 1627 943 Dominus
1674 887 1741 941 ad
1783 887 2037 943 Davidem
2069 896 2124 943 et

550 980 616 1034 ad
650 980 817 1033 lilium
853 980 973 1048 ejus
1022 978 1364 1035 Salomonem
1398 996 1411 1032 :
1453 980 1511 1034 ln
1548 980 1639 1034 illa
1686 996 1884 1051 ponam
1922 996 2123 1036 nomen

549 1087 750 1126 meum.
783 1071 848 1125 Et
871 1073 1143 1126 exstruxit
1175 1068 1456 1128 Manasses
1484 1073 1698 1137 altaria,
1728 1081 1781 1127 et
1808 1074 1863 1127 in
1895 1074 1976 1127 eis
2007 1088 2125 1128 ser-

547 1165 681 1219 vivit
710 1164 878 1219 Baali.
905 1163 964 1218 Et
995 1164 1131 1217 dixit
1158 1184 1170 1218 :
1196 1163 1312 1217 Erit
1338 1180 1534 1219 nomen
1552 1180 1731 1219 meum
1754 1165 1807 1219 in
1841 1166 2120 1220 saeculum.

548 1256 615 1312 Et
660 1257 945 1312 aedificavit
989 1257 1202 1321 altaria,
1255 1256 1308 1311 in
1348 1256 1562 1312 duobus
1612 1256 1768 1311 atriis
1802 1257 1997 1311 domus
2028 1255 2128 1309 Do-

547 1350 703 1414 mini,
744 1350 952 1403 militia:
981 1349 1104 1403 coeli
1131 1367 1145 1405 :
1174 1357 1228 1403 et
1257 1350 1372 1419 ipse
1404 1348 1643 1403 traduxit
1688 1348 1828 1404 ﬁlios
1860 1364 1991 1403 suos
2029 1363 2127 1417 per

548 1442 725 1512 ignem
753 1443 807 1495 in
838 1439 915 1496 Ge
942 1440 1311 1496 Bcn-Hennon
1346 1461 1358 1495 :
1391 1449 1445 1496 et
1476 1441 1829 1505 ariolabatur,
1871 1457 1935 1495 ac
1965 1442 2129 1495 male-

550 1532 669 1589 ﬁcis
712 1534 925 1589 artibus
970 1533 1337 1589 inserviebat:
1374 1534 1608 1604 fecitque
1652 1535 2026 1605 ventriloquos
2073 1542 2128 1589 et

550 1625 940 1689 incantatores,
978 1634 1034 1681 et
1070 1641 1278 1697 magos,
1322 1634 1377 1682 et
1411 1624 1700 1697 Teraphim
1728 1645 1742 1682 :
1771 1635 1823 1682 et
1869 1627 2131 1698 multipli-

548 1718 694 1771 cavit
728 1724 789 1772 ut
817 1717 1017 1773 faceret
1061 1718 1263 1772 tnalum
1311 1718 1365 1773 in
1414 1719 1589 1774 oculis
1631 1717 1869 1783 Domini,
1894 1720 1959 1774 ad
1998 1720 2130 1775 irri-

547 1810 776 1864 tandutn
806 1825 933 1865 eum
960 1829 972 1864 :
1000 1818 1055 1864 et
1082 1815 1264 1880 posuit
1307 1809 1581 1866 conﬂatile
1616 1818 1671 1867 et
1711 1812 1967 1882 sculptile
1994 1812 2124 1879 luci,

2226 628 2343 682 ριος
2387 611 2496 664 ἀπὸ
2546 612 2840 682 προσώπου
2907 613 3039 666 υἱῶν
3083 612 3316 684 Ἰσραήλ·
3376 613 3470 666 καὶ
3512 614 3811 688 ἐπέστρεψε

2224 701 2544 774 Μανασσῆς,
2574 704 2668 756 καὶ
2695 703 3011 778 ᾠκοδόμησε
3047 704 3117 757 τὰ
3165 703 3363 775 ὑψηλὰ,
3392 704 3427 758 ἃ
3469 706 3813 763 κατέσπασεν

2237 793 2485 859 Ἐζεκίας
2502 797 2529 848 6
2550 796 2733 868 πατὴρ
2772 798 2958 850 αὐτοῦ·
2989 798 3083 851 καὶ
3112 796 3306 868 ἔστησε
3330 796 3527 869 στήλας
3554 801 3620 870 τῇ
3644 799 3810 864 Βάαλ,

2225 887 2320 940 καὶ
2355 887 2619 959 ἀνέστησε
2661 888 3046 961 θυσιαστήριον
3083 891 3148 960 τῇ
3194 888 3374 942 Βάαλ·
3419 890 3512 943 καὶ
3558 891 3814 961 ἐποίησεν

2224 980 2385 1053 ἄλση,
2424 978 2609 1045 καθὼς
2633 981 2886 1054 ἐποίησεν
2916 981 3118 1052 Ἀχαὰϐ
3151 980 3402 1052 βασιλεὺς
3444 982 3680 1054 Ἱσραήλ’
3722 983 3812 1037 καὶ

2224 1072 2450 1143 ἐποίησε
2479 1073 2843 1145 θυσιαστήρια
2874 1073 2986 1146 (44)
3017 1075 3074 1127 ἐν
3100 1074 3233 1145 οίκῳ
3262 1075 3490 1146 Κυρίου,
3521 1077 3580 1128 ὲν
3620 1070 3666 1144 ᾧ
3692 1070 3812 1131 εἷπε

2226 1164 2433 1236 Κύριος
2461 1165 2599 1237 πρὸς
2627 1165 2809 1230 Δαὸὶδ,
2841 1167 2935 1219 καὶ
2965 1162 3100 1237 πρὸς
3114 1166 3434 1237 Σολομῶντα
3460 1166 3550 1220 τὸν
3576 1167 3691 1220 υἱὸν
3719 1168 3820 1222 αὐ-

2224 1255 2341 1323 τοῦ,
2376 1257 2571 1327 λέγων,
2602 1259 2683 1311 ὅτι
2726 1258 2813 1311 Ἐν
2843 1259 2990 1330 αὐτῷ
3035 1258 3184 1331 θήσω
3210 1254 3271 1312 τὸ
3322 1258 3496 1331 δνομά
3553 1277 3674 1331 μου.
3709 1262 3819 1316 Καὶ

2226 1347 2422 1421 ἔστησε
2464 1350 2764 1423 Μανασσῆς
2809 1350 3187 1423 θυσιαστήρια,
3219 1352 3314 1405 καὶ
3357 1353 3415 1405 ἐν
3460 1353 3643 1417 αὐτοῖς
3671 1352 3821 1407 ἐδού-

2226 1440 2383 1494 λευσε
2411 1444 2478 1513 τῇ
2510 1440 2679 1496 Βάαλ.
2725 1443 2837 1496 Καὶ
2865 1436 3037 1496 εἶπενο
3088 1443 3278 1497 Ἔσται
3304 1443 3365 1497 τὸ
3391 1444 3562 1516 ὄνομά
3593 1464 3695 1517 μου
3741 1448 3821 1510 εἰς

2225 1532 2317 1586 τὸν
2345 1532 2535 1588 αἰῶνα.
2567 1535 2677 1588 Καὶ
2719 1533 3036 1607 ᾠκοδόμησε
3083 1534 3443 1609 θυσιαστήρια
3486 1538 3543 1591 ἐν
3571 1540 3692 1597 ταῖς
3732 1538 3823 1592 δυ-

2230 1626 2313 1680 σὶν
2342 1626 2534 1690 αὐλαῖς
2560 1626 2711 1680 οἴκου
2757 1629 2987 1700 Κυρίου,
3026 1630 3094 1699 τῇ
3142 1630 3373 1700 στρατιᾷ
3410 1628 3506 1683 τοῦ
3551 1630 3817 1702 ούρανοῦ·

2187 1780 2191 1784 ἢ
2229 1718 2323 1772 καὶ
2352 1717 2515 1782 αὐτὸς
2540 1715 2767 1790 διήγαγε
2794 1719 2865 1773 τὰ
2889 1720 3056 1775 τέκνα
3084 1719 3250 1774 αὑτοῦ
3295 1721 3354 1775 ἐν
3398 1722 3533 1793 πυρὶ
3566 1724 3622 1775 ἐν
3652 1723 3823 1777 Γεϐα-

2230 1811 2319 1863 ναὶ
2347 1809 2457 1883 (45)
2488 1812 2546 1864 ἐν
2591 1812 2831 1883 ὀνόματι·
2872 1813 2968 1867 καὶ
3010 1812 3398 1884 ἐκλῃδονίζετο,
3430 1815 3525 1868 καὶ
3567 1816 3823 1886 ἐφαρμά-

545 1902 860 1973 imaginem,
886 1919 1047 1974 quam
1070 1904 1199 1958 fecit
1229 1904 1283 1957 in
1312 1904 1473 1960 domo
1501 1902 1738 1967 Domini,
1767 1904 1820 1958 in
1835 1919 1941 1974 qua
1964 1905 2125 1975 elegit

2233 1902 2439 1956 κεύετο·
2473 1900 2567 1957 καὶ
2594 1905 2849 1976 ἐποίησεν
2879 1899 3370 1976 ἐγγαστριμύθους,
3402 1906 3495 1960 καὶ
3516 1906 3823 1974 ἐπαοιδοὺς,

546 1993 812 2050 Dominus
840 2010 1041 2066 ponere
1068 2011 1263 2051 nomen
1294 2011 1475 2061 suum,
1512 1997 1586 2051 ibi
1627 1997 1681 2051 in
1714 1995 2127 2069 Hierosolymis,

547 2088 684 2143 urbe
731 2097 942 2154 sancta,
970 2089 1025 2143 in
1054 2091 1335 2154 saeculum,
1376 2098 1430 2144 et
1477 2090 1616 2145 dixit
1657 2108 1670 2145 :
1713 2089 1831 2145 Non
1872 2090 2128 2160 adjiciam

547 2195 891 2237 commovere
936 2183 1127 2253 pedem
1176 2178 1355 2237 meum
1409 2198 1440 2237 a
1488 2191 1635 2238 terra
1673 2184 1914 2248 Israelis,
1964 2199 2127 2254 quam

547 2272 675 2328 dedi
705 2275 948 2343 patribus
972 2289 1184 2339 eorum,
1212 2278 1256 2329 si
1302 2283 1482 2331 tamen
1510 2277 1849 2331 servaverint
1879 2292 2133 2347 quaecun-

547 2382 654 2438 que
683 2366 912 2438 praecepi
945 2368 1046 2431 eis,
1079 2374 1134 2422 et
1170 2385 1331 2424 omne
1358 2378 1674 2424 mandatum
1714 2370 1859 2442 quod
1911 2372 2133 2427 manda-

547 2461 626 2514 vit
660 2473 852 2516 servus
881 2476 1033 2515 meus
1070 2461 1268 2519 Moses.
1297 2462 1365 2517 Et
1391 2479 1502 2518 non
1534 2463 1862 2532 audierunt;
1896 2472 1949 2519 et
1979 2464 2133 2521 dcce~

548 2552 629 2621 pit
665 2566 759 2606 eos
797 2550 1099 2618 Manasses,
1150 2562 1210 2608 ut
1253 2554 1493 2612 facerent
1537 2557 1740 2611 malum
1792 2573 1977 2614 coram
2023 2557 2132 2615 Do-

550 2645 723 2711 mino,
754 2660 919 2715 super
945 2655 1135 2715 gentes
1176 2663 1314 2718 quas
1360 2649 1585 2705 sustulit
1616 2650 1877 2707 Dominus
1916 2667 1945 2705 a
1990 2651 2130 2709 facie

550 2734 786 2792 ﬁliorum
817 2736 1003 2794 Israel.
1036 2738 1100 2792 Et
1135 2740 1351 2796 locutus
1400 2751 1484 2798 est
1527 2740 1790 2797 Dominus
1819 2743 1886 2797 ad
1916 2743 2125 2802 Manas-

552 2845 666 2885 sem
692 2838 745 2885 et
774 2830 840 2884 ad
871 2832 1128 2902 pOpulum
1157 2831 1296 2902 eius,
1325 2833 1379 2887 in
1405 2848 1567 2887 manu
1589 2849 1870 2889 servorum
1904 2852 2129 2891 suorum

551 2924 963 2993 prophetarum,
995 2925 1184 2980 dicens
1213 2945 1226 2980 :
1257 2924 1363 2979 Pro
1399 2941 1465 2979 eo
1500 2925 1647 2996 quod
1686 2926 1812 2983 fecit
1850 2927 2132 2986 Manasses

550 3030 644 3071 rex
669 3016 840 3079 Judae,
863 3018 1301 3074 abominationcs
1327 3022 1464 3075 istas
1514 3022 1707 3083 malas,
1754 3037 1919 3091 super
1946 3024 2130 3077 omnia

550 3124 674 3177 qua).
712 3110 838 3164 fecit
883 3110 1231 3164 Amorrhaeus
1270 3126 1455 3165 coram
1504 3128 1601 3179 eo;
1644 3121 1698 3167 et
1724 3128 1953 3182 peccare
2003 3115 2133 3170 fecit

550 3200 748 3255 Judam
773 3203 828 3256 in
847 3202 1007 3257 idolis
1030 3204 1168 3268 suis,
1187 3203 1300 3257 hasc
1325 3205 1457 3257 dicit
1479 3203 1739 3259 Dominus
1762 3205 1905 3261 Deus
1924 3207 2127 3266 israel:

552 3293 693 3350 Ecce
718 3310 819 3366 ego
854 3296 1028 3350 infero
1058 3297 1199 3349 mala
1232 3296 1286 3349 in
1316 3294 1692 3368 Hierosolyma
1731 3306 1784 3353 et
1830 3298 2047 3367 Judam,
2071 3309 2130 3356 ut

554 3389 869 3459 quicunque
908 3405 971 3444 ea
1001 3389 1258 3450 audierit,
1306 3389 1544 3443 tinniant
1575 3391 1747 3445 amba:
1793 3406 1952 3449 aures
1976 3394 2134 3464 ejus;

553 3490 609 3539 et
637 3482 926 3538 extendam
955 3496 1119 3552 super
1140 3480 1482 3537 Hierusalem
1505 3498 1818 3538 mensuram
1848 3483 2129 3553 Samaria},

554 3584 607 3629 et
634 3574 850 3644 pondus
881 3574 1077 3629 domus
1118 3572 1355 3640 Achabi;
1403 3581 1457 3629 et
1497 3574 1687 3629 delebo
1732 3574 2130 3649 Hierosolyma,

556 3669 700 3725 sicut
729 3670 942 3724 deletur
970 3668 1152 3723 tabula
1174 3682 1295 3738 quae
1332 3666 1564 3729 deletur,
1592 3677 1647 3722 et
1687 3677 2000 3723 convertam
2039 3686 2134 3725 su-

556 3780 655 3835 per
678 3762 869 3817 faciem
895 3777 1079 3826 suam;
1108 3768 1161 3816 et
1189 3760 1459 3815 dimittam
1490 3758 1768 3815 residuum
1799 3760 2133 3818 haereditatis

558 3871 712 3919 mete,
744 3862 798 3910 et
825 3855 1036 3909 tradam
1059 3868 1154 3908 eos
1186 3853 1242 3907 in
1272 3867 1468 3906 manus
1497 3852 1843 3907 inimicorum
1876 3868 2130 3920 suorum;

556 3955 827 4017 eruntque
864 3946 918 4000 in
962 3944 1199 4015 praedam
1240 3951 1294 3999 et
1337 3942 1697 4013 direptionem
1732 3944 1971 4000 inimicis
1993 3945 2130 4009 suis,

557 4053 624 4093 co
650 4038 795 4108 quod
824 4038 1054 4093 fecerint
1075 4037 1216 4091 mala
1248 4036 1303 4090 in
1328 4036 1504 4091 oculis
1527 4036 1685 4099 meis,
1710 4044 1764 4091 et
1786 4037 1987 4091 fuerint
2008 4037 2134 4091 irri-

557 4141 737 4186 tantes
760 4146 865 4197 me,
890 4145 921 4184 a
953 4130 1040 4185 die
1072 4145 1180 4200 qua
1205 4128 1369 4185 eduxi
1405 4137 1589 4199 patres
1629 4143 1817 4183 eorum
1871 4144 1940 4184 ex
1987 4138 2134 4185 terra

560 4222 802 4295 IEgypti,
826 4232 880 4278 et
919 4238 1091 4294 usque
1132 4221 1201 4277 ad
1241 4222 1383 4275 hanc
1411 4221 1577 4279 diem.
1609 4220 1786 4277 Etiam
1813 4223 2135 4294 sanguinem

560 4319 842 4385 innoxium
891 4316 1081 4372 etl‘udit
1122 4315 1401 4372 Manasses
1452 4316 1681 4370 multum
1725 4314 1905 4380 valde,
1959 4315 2137 4371 donec

2229 1997 2324 2051 καὶ
2350 1996 2619 2066 γνώστας,
2649 1993 2744 2050 καὶ
2771 1995 3045 2070 θεραφείνο
3090 1995 3184 2051 καὶ
3212 1996 3478 2069 ἐπλήθυνε
3523 1996 3620 2051 τοῦ
3668 2000 3825 2071 ποιῆ-

2230 2107 2321 2143 σαι
2353 2088 2462 2161 (46)
2491 2089 2551 2142 τὸ
2597 2090 2830 2161 πονηρὸν
2863 2092 2919 2143 ἐν
2949 2088 3246 2160 ὀφθαλμοῖς
3296 2087 3526 2161 Κυρίου,
3556 2088 3651 2143 τοῦ
3684 2107 3829 2161 παρ-

2227 2182 2447 2255 οργίσαι
2492 2182 2686 2236 αὐτόν·
2731 2183 2826 2236 καὶ
2870 2182 3034 2255 ἔθηκε
3073 2181 3134 2236 τὸ
3176 2182 3445 2254 χωνευτὸν
3475 2183 3569 2236 καὶ
3605 2182 3667 2236 τὸ
3699 2183 3827 2251 γλυ-

2229 2277 2362 2330 πτὸν
2389 2275 2485 2330 τοῦ
2528 2277 2743 2342 ἄλσους,
2792 2275 2889 2348 τὴν
2934 2276 3138 2341 εἰκόνα,
3186 2277 3253 2348 ἢν
3296 2275 3549 2347 ἐποίησεν
3590 2275 3648 2327 ἐν
3691 2274 3827 2347 οἴκῳ

2231 2369 2462 2440 Κυρίου,
2492 2369 2551 2421 ἐν
2580 2361 2624 2436 ᾧ
2653 2368 2933 2433 ἐξελέξατο
2961 2368 3166 2441 Κύριος
3194 2366 3382 2421 θέσθαι
3426 2366 3487 2421 τὸ
3528 2368 3703 2440 ὄνομα
3732 2369 3829 2423 αὐ·-

2229 2461 2345 2527 τοῦ,
2374 2464 2491 2517 ἐκεῖ
2518 2463 2575 2517 ἐν
2618 2462 2973 2535 Ἰερουσαλὴμ
2999 2464 3066 2533 τῇ
3087 2462 3217 2533 ἁγίᾳ
3234 2461 3383 2515 πόλει
3402 2462 3482 2525 εἰς
3509 2461 3600 2514 τὸν
3628 2462 3823 2527 αἰῶνα,

2231 2557 2327 2610 καί⁹
2355 2550 2526 2609 εἶπεν·
2569 2556 2644 2609 Οὐ
2672 2554 2969 2629 προσθήσω
3012 2554 3103 2608 τὸν
3133 2554 3267 2608 πόδα
3299 2572 3402 2625 μου
3433 2552 3692 2607 σαλεῦσαι
3720 2552 3827 2609 ἀπὸ

2230 2649 2330 2719 τῆς
2355 2649 2458 2720 γῆς
2484 2645 2580 2701 τοῦ
2623 2647 2859 2719 Ἰσραὴλ,
2882 2648 2949 2720 ῆν
2978 2646 3155 2700 ἔδωκα
3181 2648 3293 2710 τοῖς
3322 2646 3592 2718 πατράσιν
3620 2645 3823 2711 αὐτῶν,

2232 2740 2373 2813 πλὴν
2419 2740 2515 2794 ἐὰν
2545 2740 2886 2810 φυλάξωνται
2927 2739 3070 2793 κατὰ
3117 2738 3294 2792 πάντα
3335 2739 3437 2793 ὅσα
3471 2738 3828 2812 ἐνετειλάμην

2232 2833 2441 2899 αὐτοῖς,
2473 2832 2615 2888 κατὰ
2643 2835 2824 2886 πᾶσαν
2868 2831 3108 2905 ἐντολὴν,
3144 2832 3210 2901 ἣν
3256 2831 3558 2885 ἐνετείλατο
3585 2833 3613 2885 6
3640 2830 3828 2896 δοῦλός

2236 2942 2339 2996 μου
2368 2927 2593 2998 Μωσῆς.
2626 2925 2736 2980 Καὶ
2763 2926 2862 2979 οὐκ
2884 2925 3143 2996 ἥκουσαν,
3175 2925 3269 2978 καὶ
3297 2924 3598 2996 ἐπλάνησεν
3629 2925 3829 2991 αὐτοὺς

2233 3019 2534 3091 Μανασσῆς
2560 3016 2655 3071 τοῦ
2687 3019 2910 3089 ποιῆσαι
2938 3017 3000 3070 τὸ
3037 3017 3271 3088 πονηρὸν
3318 3016 3545 3071 ἐνώπιον
3592 3018 3824 3089 Κυρίου,

2234 3111 2376 3183 ὑπὲρ
2414 3110 2485 3164 τὰ
2529 3110 2653 3182 ἔθνη
2694 3109 2731 3164 ἃ
2776 3110 2935 3181 ἐξῆρε
2979 3108 3184 3179 Κύριος
3235 3108 3342 3162 ἀπὸ
3383 3109 3673 3181 προσώπου
3721 3109 3827 3163 τῶν

2157 3235 2201 3292 c
2235 3203 2366 3256 υἰῶν
2408 3203 2644 3274 Ἰσραήλ.
2700 3203 2811 3256 Καὶ
2857 3201 3087 3292 ἐλάλησε
3126 3200 3331 3274 Κύριος
3394 3202 3489 3255 ἐπὶ
3532 3203 3826 3274 Μανασσῇ,

2236 3295 2330 3348 καὶ
2358 3294 2451 3347 ἐπὶ
2478 3293 2568 3347 τὸν
2597 3293 2724 3347 λαὸν
2753 3291 2940 3357 αὐτοῦ,
2989 3294 3048 3345 ἐν
3094 3293 3239 3366 χειρὶ
3278 3292 3482 3346 δούλων
3518 3292 3683 3347 αὐτοῦ
3721 3293 3828 3345 τῶν

2235 3384 2550 3457 προφητῶν,
2597 3385 2796 3454 λέγων·
2838 3384 2979 3439 Ἀνθ’
3010 3379 3084 3439 ὧν
3126 3386 3229 3439 ὅσα
3263 3386 3484 3457 ἐποίησε
3524 3386 3830 3458 Μανασσῆς

2232 3479 2262 3531 6
2291 3477 2543 3548 βασιλεὺς
2582 3477 2750 3531 Ἰούδα
2778 3476 2848 3531 τὰ
2876 3476 3219 3548 βδελύγματα
3263 3476 3334 3530 τὰ
3376 3478 3588 3549 πονηρὰ
3629 3476 3826 3541 ταῦτα,

2235 3568 2343 3624 ἀπὺ
2391 3568 2607 3622 πάντων
2650 3564 2724 3623 ὧν
2765 3569 3021 3642 ἐποίησεν
3073 3571 3103 3623 6
3155 3570 3478 3641 Ἀμορραῖος
3518 3568 3829 3641 ἔμπροσθεν

2237 3661 2400 3716 αὑτοῦ
2424 3703 2439 3729 ,
2487 3664 2583 3717 καὶ
2635 3663 2909 3735 ἐξήμαρτε
2949 3663 3042 3717 τὸν
3083 3663 3280 3717 Ἰούδαν
3328 3664 3387 3717 ἐν
3439 3665 3552 3725 τοῖς
3593 3662 3830 3725 εἰδώλοις

2238 3754 2425 3821 αὐτοῦ,
2455 3755 2580 3809 τάδε
2624 3756 2771 3824 λέγει
2815 3754 3021 3828 Κύριος
3066 3757 3094 3809 6
3132 3755 3263 3819 Θεὸς
3280 3756 3513 3828 Ἰσραήλ·
3559 3755 3691 3809 Ἰδοὺ
3723 3755 3831 3823 ἐγὼ

2239 3848 2389 3920 φέρω
2444 3848 2589 3902 κακὰ
2643 3848 2736 3901 ἐπὶ
2802 3847 3177 3921 Ἰερουσαλὴμ,
3241 3850 3335 3902 καὶ
3401 3849 3621 3913 Ἰούδαν,
3690 3848 3829 3901 ὥστε

2240 3943 2442 4006 παντὸς
2490 3941 2777 4005 ἀκούοντος
2831 3940 2991 4007 αὐτὰ,
3033 3943 3236 4014 ήχῆσαι
3280 3943 3561 4015 ἀμφότερα
3604 3941 3675 3996 τὰ
3716 3937 3828 3996 ὦτα

2240 4034 2429 4102 αὑτοῦ,
2460 4036 2555 4089 καὶ
2581 4034 2784 4091 ἐκτενῶ
2811 4035 2905 4089 ἐπὶ
2942 4035 3299 4107 Ἰερουσαλὴμ
3326 4035 3387 4089 τὸ
3418 4037 3615 4109 μέτρον
3642 4037 3829 4107 Σαμα-

2243 4129 2415 4201 ρείας,
2447 4129 2542 4183 καὶ
2568 4128 2659 4181 τὸν
2690 4127 2928 4199 σταθμὸν
2968 4128 3121 4181 οίκου
3166 4128 3388 4200 Ἀχαὰ6,
3419 4130 3513 4183 καὶ
3547 4129 3833 4198 ἁπαλείψω

2241 4222 2341 4294 τὴν
2374 4220 2684 4293 Ἰερουσαλὴ
2692 4238 2731 4292 μ
2744 4219 2928 4284 καθὼς
2946 4220 3305 4290 ἀπαλείφεται
3320 4222 3381 4276 τὸ
3398 4223 3586 4289 πυξίον
3603 4223 3831 4276 ἀπαλει-

2243 4314 2474 4385 φόμενον
2502 4313 2711 4387 (47-19)
2735 4354 2750 4380 ,
2771 4314 2867 4368 καὶ
2892 4314 3253 4387 καταστρέφω
3281 4316 3373 4370 ἐπὶ
3402 4316 3511 4389 (20)
3543 4317 3833 4390 πρόσωπον

1868 4563 2237 4622 VARIORUM
2274 4564 2510 4622 NOTAE.

626 4747 745 4830 (44)
777 4747 1397 4830 Θυςιασιξήρια.-ᾼᾱάἰῑ
1427 4748 1565 4830 alter
1597 4748 1769 4830 codex
1820 4750 1888 4830 τῇ
1920 4751 2148 4823 στρατιᾷ

2250 4751 2352 4830 (Iul-:0
2382 4751 2447 4830 τό
2472 4767 2571 4830 pro
2598 4750 2778 4830 Tozpsfi
2799 4751 2881 4815 τό,
2913 4749 3060 4830 quod
3095 4745 3451 4830 habetnediﬁtio
3479 4745 3837 4828 {Ionipltiten-

561 4816 655 4873 τοῦ
676 4816 931 4891 ούρανοῦ,
960 4819 1055 4891 καὶ
1076 4816 1397 4891 ’ᾠκοδόμησε
1428 4819 1804 4891 θυσιαστήρια.
1825 4816 1998 4875 Citati.

638 4887 756 4959 (45)
778 4887 1034 4942 Γεϐαναὶ
1063 4887 1132 4940 ἐν
1160 4887 1420 4957 ὀνόματι.
1447 4888 1600 4944 Unde
1632 4887 1936 4944 monstrum
1960 4890 2150 4945 lectio-

562 4962 689 5017 nis?
717 4960 796 5013 An
829 4975 895 5013 ex
930 4959 1195 5014 vocabulo
1225 4968 1532 5022 contextus,
1564 4961 1633 5013 Γὲ
1661 4959 1935 5082 Ρενεννόμ,
1972 4959 2015 5014 ll
2044 4959 2150 5015 Pa-

562 5033 664 5082 ral.
688 5043 885 5082 xxxnt.
915 5029 970 5082 6.
1004 5036 1058 5082 et
1121 5031 1463 5082 nonneminis
1508 5030 1577 5082 ad
1616 5031 1651 5082 il
1679 5031 1748 5082 ud
1789 5040 1917 5082 nota
1945 5033 2148 5082 margi-

562 5033 664 5086 ral.
688 5043 890 5101 xum,
915 5029 970 5092 6,
1004 5036 1058 5083 et
1121 5031 1463 5101 nonneminis
1508 5030 1577 5085 ad
1616 5029 1748 5084 illud
1789 5029 1917 5083 nota
1945 5033 2148 5101 margi-

564 5103 697 5165 nali,
728 5099 901 5172 δνομά
934 5118 1005 5163 τι,
1037 5100 1303 5184 quoddam
1336 5118 1543 5182 nomen,
1574 5101 1941 5184 simulprimo.
1967 5099 2145 5184 mistis

565 5188 631 5226 ac
682 5171 866 5242 postea
899 5173 1205 5242 corruptis?
1248 5172 1323 5226 lta
1362 5173 1561 5228 sentio.
1597 5171 1827 5240 Corrigo
1871 5172 2034 5225 etiam
2086 5173 2142 5227 in

564 5244 668 5298 hac
696 5258 830 5297 voce
859 5240 1169 5295 Luciferum
1202 5244 1342 5297 libro
1368 5242 1442 5297 De
1482 5259 1582 5295 non
1612 5241 1871 5310 parcendo
1900 5242 1952 5297 in
1978 5242 2145 5297 Deum

565 5314 1010 5383 delinquentibus,
1054 5312 1247 5383 pagina
1282 5312 1697 5383 2397extrema,
1736 5328 1845 5383 quo
1887 5312 1989 5367 loci
2021 5328 2148 5382 pro-

566 5382 1141 5452 ducit’testimonium’
1163 5390 1365 5438 sant-ta:
1397 5382 1693 5452 Scriptura:
1725 5382 1785 5437 ιν
1823 5382 1957 5450 Reg.
1987 5397 2147 5451 χχιιι,

568 5455 637 5509 10
663 5472 677 5509 :
712 5451 1101 5524 Contaminavit
1122 5470 1321 5524 quoque
1353 5451 1636 5524 Thoplietlt,
1668 5452 1804 5524 quod
1838 5461 1913 5507 est
1947 5454 2150 5524 ingcon-o

568 5524 830 5595 valleﬁh'i
876 5522 1078 5595 Eunoni
1111 5539 1128 5577 :
1158 5522 1364 5584 Graiae.
1389 5525 1483 5578 καὶ
1511 5522 1700 5595 ἐμίανε
1729 5524 1818 5576 τὸν
1854 5522 2027 5595 Τοφέθ
2059 5524 2149 5576 τὸν

568 5594 628 5648 ὲν
659 5594 901 5665 φάραγγι
932 5593 1049 5646 υἱοῦ
1067 5594 1282 5665 Ἑννόμε
1302 5593 1568 5665 dicitque,
1593 5595 1637 5665 si
1665 5594 1818 5649 libris
1841 5594 2002 5665 editis
2025 5610 2145 5649 cre-

572 5663 751 5735 dimus
779 5681 794 5718 :
822 5663 1271 5735 Etcoinquinavjit
1289 5663 1474 5735 Phan,
1496 5663 1631 5735 quod
1649 5667 1837 5718 eratin
1862 5664 2141 5735 Cepenam.

573 5731 680 5788 Sed
703 5731 1122 5804 rescribendum
1162 5734 1403 5795 :Plteth,
1447 5731 1585 5804 quod
1622 5744 1737 5788 erat
1775 5736 1839 5804 in
1885 5731 2147 5787 Gebenam

574 5812 668 5856 aut
690 5801 1003 5866 Cehennam,
1025 5801 1336 5865 Gehennom,
1363 5801 1739 5860 Gelienennom.
1772 5803 2037 5858 Nimirum
2063 5804 2146 5859 his

575 5876 891 5928 nominibus
920 5873 1155 5927 donatur
1183 5890 1246 5929 ea
1275 5874 1451 5931 vallis.
1487 5874 1550 5930 Et
1595 5876 1801 5944 legebat
1841 5872 2060 5928 Lucifvr
2089 5874 2149 5927 τὸ

2253 4823 2353 4885 sis,
2394 4816 2560 4878 ubiin
2584 4816 2697 4878 ms;
2717 4816 3086 4877 Alexandrino
3123 4819 3212 4873 τὸν
3242 4818 3444 4888 Θοφθά,
3490 4817 3543 4871 in
3573 4816 3839 4888 versioni-

2255 4893 2356 4964 bus
2389 4892 2611 4964 Syriaca
2636 4901 2691 4947 et
2720 4893 2951 4964 Arabica
2992 4890 3253 4964 Taphatlt,
3280 4886 3345 4964 ili
3365 4888 3585 4964 Scholio
3612 4886 3839 4964 antiquo

2252 4962 2344 5015 τὸν
2363 4956 2567 5034 ίΘόφόθ,
2593 4964 2734 5034 apud
2755 4956 3147 5017 Theodoritum
3179 4961 3248 5034 to
3302 4958 3679 5034 ToupéOLapud
3703 4956 3836 5034 Pro-

2252 5025 2472 5102 copiuni
2519 5025 2770 5115 Gaz'aaum
2822 5048 3104 5103 perperam
3147 5029 3208 5084 τὸ
3237 5025 3419 5098 Ἀφὲθ’,
3462 5025 3590 5115 alibi
3622 5025 3834 5096 Τωφέθ.

2251 5101 2390 5157 Cor.
2413 5132 2484 5143 --
2513 5105 2663 5158 Alter
2690 5103 2852 5159 Vind.
2886 5103 3009 5158 cod.
3044 5102 3207 5156 habet
3237 5100 3423 5169 γεϐάν.
3450 5099 3620 5169 (.Lsn.

2324 5173 2436 5242 (46)
2469 5175 2577 5228 Τοῦ
2608 5173 2874 5242 ποιῆσαι.
2906 5173 3066 5227 Deest
3095 5173 3149 5225 in
3184 5167 3355 5225 altero
3384 5167 3532 5242 Vind
3569 5167 3645 5223 lo.

2324 5238 2536 5315 (47-19)
2562 5238 2765 5309 Καθὼς
2792 5245 3290 5315 ἀπαλείφεταιηκ.
3312 5258 3362 5293 τ.
3404 5238 3625 5315 1._Iflota
3658 5240 3836 5289 varias

2252 5308 2535 5375 lectiones,
2573 5308 2930 5385 καταστρέφω
2969 5308 3028 5368 et
3059 5308 3427 5385 ἀποδώσομαι.
3470 5308 3604 5365 Nam
3640 5318 3835 5363 vertam

2254 5400 2471 5454 quoque
2490 5386 2709 5455 exhibet
2737 5382 2995 5455 vulgata;
3020 5382 3369 5455 ἀποδώσομαι
3392 5389 3571 5455 autem
3598 5393 3749 5450 aeque
3772 5390 3839 5455 ac

2256 5448 2461 5526 editum
2499 5448 2933 5526 ἀπεώσομαιῖιοι
2972 5448 3286 5526 ἀπώσομαι,
3340 5452 3632 5526 respondet
3662 5448 3837 5502 verbo

2259 5524 2545 5579 Hebrairo.
2588 5522 2742 5590 Quod
2773 5525 2817 5581 si
2858 5540 2980 5578 cum
3015 5542 3119 5579 ms.
3150 5522 3518 5578 Alexandrino
3544 5530 3838 5591 reponatur

2251 5596 2306 5648 in
2356 5593 2496 5647 LXX
2529 5613 2541 5649 :
2576 5588 2772 5658 Καθὼς
2810 5595 3167 5663 ἀπαλείφεται
3208 5594 3268 5665 τὸ
3310 5588 3647 5665 ἀλάβαστρον
3694 5588 3832 5665 ᾀπα-

2250 5665 2569 5735 λειφόμενος
2623 5666 2716 5717 καὶ
2744 5659 3176 5736 καταπρέξρεται
3204 5663 3298 5717 ἐπὶ
3326 5659 3615 5734 πρόσωπον
3643 5659 3835 5718 αὐτοῦ.

3491 5740 3839 5799 vertaturque

2327 5869 2440 5941 (20)
2458 5868 2608 5924 Ἐπί.
2640 5867 2789 5925 Alter
2817 5867 2927 5921 ἀπὸ
2944 5865 3257 5940 προσώπου.
3289 5866 3486 5922 Cum:
