4080 6260
518 378 625 434 οέἰθ

1371 370 1429 424 S.
1472 362 1870 422 CLEMENTIS
1901 363 1922 417 l
1960 359 2128 418 ROM.
2156 357 2359 415 ΡΟΝΤ.
2394 355 2624 413 OPERA
2658 353 2889 413 DUBIA.

3679 347 3787 403 660

513 491 700 559 venit;
734 491 883 545 hunc
909 489 1139 554 imitari,
1170 488 1335 543 mites
1365 501 1510 551 esse,
1541 485 1777 555 quietos,
1809 481 2100 548 humanos,

2212 478 2347 551 ἔχειν
2387 477 2488 541 δεῖ,
2524 476 2714 531 τούτου
2765 472 3008 547 μιμητὰς
3049 471 3161 545 (50)
3206 463 3345 524 εἶναι
3386 466 3522 541 (51),
3570 468 3788 538 πραεῖς.

515 580 923 651 misericordes,
971 578 1251 650 pacificos,
1293 586 1549 648 expertes
1597 576 1732 641 iraa;
1783 572 1853 627 ad
1899 571 2102 627 docen-

514 676 669 741 dum,
719 672 1172 738 convertendum,
1222 669 1617 739 recipiendum,
1669 664 2003 721 hortandum
2049 672 2106 718 et

515 767 907 826 consolandum
930 764 1375 820 accommodatos
1399 782 1414 830 ;
1444 778 1553 817 non
1586 774 1961 832 percussores,
1992 771 2103 812 non

516 860 834 925 iracundos,
857 873 968 913 non
998 856 1447 918 contumeliosos,
1471 869 1582 909 non
1615 858 1958 923 arrogantes,
1990 846 2104 905 non

514 962 943 1025 contemptores,
993 967 1104 1006 non
1150 949 1481 1010 vinolentos,
1532 960 1645 1000 non
1689 944 1959 1007 ebriosos,
1991 957 2105 999 non

516 1054 872 1117 sumptuosos
902 1051 1129 1106 temere,
1161 1056 1273 1094 non
1305 1037 1664 1107 voluptarios,
1698 1051 1809 1089 non
1840 1049 2103 1089 consum-

516 1145 743 1209 ptores;
775 1149 885 1190 non
918 1139 1135 1187 utentes
1165 1129 1259 1184 Dei
1291 1128 1454 1182 donis
1483 1134 1746 1196 tanquam
1778 1124 1976 1179 alienis
2008 1120 2105 1179 sed

513 1242 771 1300 tanquam
805 1227 1066 1299 propriis,
1104 1233 1163 1279 ut
1190 1222 1526 1278 constitutos
1556 1222 1612 1274 in
1661 1221 1836 1274 bonos
1883 1218 2107 1289 dispen-

517 1331 750 1389 satores,
782 1328 950 1391 utque
979 1318 1252 1373 rationem
1308 1330 1339 1368 a
1387 1313 1498 1368 Deo
1542 1312 1932 1391 reposcendos.
1984 1310 2110 1381 Epi-

516 1386 1033 1475 scopus‘moder‘ato
1061 1409 1209 1463 victu
1241 1412 1535 1460 contentus
1566 1403 1678 1469 sit;
1731 1386 1858 1457 item
1902 1403 2105 1458 vestitu

518 1504 587 1560 ad
621 1503 1005 1560 necessitatem
1036 1509 1090 1555 et
1120 1499 1464 1553 honestatem
1497 1502 1623 1564 apto
1656 1512 1672 1551 :
1717 1493 1879 1549 bonis
1922 1490 2109 1547 Domi-

517 1598 661 1653 nicis
702 1605 962 1667 tanquam
1027 1590 1305 1648 extraneis
1350 1602 1461 1643 non
1510 1586 1787 1652 abutatur,
1834 1584 1931 1641 sed
1979 1598 2105 1639 cum

517 1688 683 1745 modo
742 1707 755 1742 :
818 1707 838 1738 ι
901 1685 1109 1755 Dignus
1155 1680 1240 1739 est
1296 1680 1447 1737 enim
1507 1677 1799 1750 Operarius
1854 1674 2108 1731 mercede

518 1796 619 1836 sua
665 1780 736 1835 ⁸ο.
795 1798 815 1831 ι
866 1776 985 1831 Νοιι
1017 1776 1089 1831 sit
1119 1774 1459 1835 luxuriosus,
1493 1787 1603 1825 non
1636 1771 1897 1840 impensae
1917 1783 1980 1822 ac
2011 1782 2093 1822 or-

2202 573 2483 646 ήσυχίους,
2506 569 2934 640 εὐσπλάγχνους,
2964 566 3285 637 ἐλεήμονας,
3306 560 3635 634 εἰρηνικοὺς,
3664 559 3789 630 ἀορ,

2204 668 2427 739 γήτους,
2471 664 2831 726 διδακτικοὺς,
2880 657 3357 732 ὲπιστρεπτικοὺς,
3406 652 3798 714 είσδεκτικοὺς-

2203 758 2671 832 ⁴ιιαρακλητικοὺς,
2698 754 2773 827 μὴ
2796 754 3066 825 πλήκτας,
3102 750 3177 823 μὴ
3203 746 3475 822 ὀργίλους,
3510 744 3585 817 μὴ
3635 741 3792 815 ὑϐρι-

2207 854 2359 917 στὰς,
2393 852 2467 924 μὴ
2496 849 2781 915 ἀλαζόνας,
2817 844 3332 919 μὴούπεροπτικοὺς,
3358 839 3431 913 μὴ
3449 837 3789 908 οἰνόφλυγας,

2208 946 2285 1021 μὴ
2316 944 2600 1018 μεθύσους,
2634 941 2709 1015 μὴ
2739 938 3208 1000 είκαιοδαπάνους,
3260 934 3334 1007 μὴ
3369 930 3672 1005 τρυφητάς,
3720 928 3793 1000 μὴ

2205 1036 2637 1098 πολυδαπάνους,
2675 1032 2751 1105 μὴ
2779 1032 2856 1097 ὼς
2882 1028 3183 1102 ἀλλοτρίοις
3230 1026 3355 1083 ἀλλ’
3385 1025 3462 1089 ὡς
3497 1025 3648 1087 ἰδίοις
3681 1026 3794 1086 τοῖς

2205 1128 2303 1184 τοῦ
2339 1126 2475 1183 Θεοῦ
2502 1127 2699 1198 δόμασι
2725 1123 3064 1197 χρωμένους,
3104 1120 3181 1184 ὡς
3213 1117 3453 1188 ἀγαθοὺς
3480 1117 3795 1188 οἰκονόμους

2206 1220 2578 1284 καθεστῶτας,
2634 1219 2713 1282 ὼς
2775 1214 3065 1288 μέλλοντας
3104 1211 3452 1267 ἀπαιτεῖσθαι
3504 1210 3658 1284 παρὰ
3698 1210 3793 1264 τοῦ

2208 1313 2342 1367 Θεοῦ
2369 1313 2460 1367 τὸν
2487 1312 2663 1380 λόγον.
2687 1307 2949 1379 Αύτάρκη
2976 1306 3147 1377 ἐχέτω
3177 1303 3405 1377 τροφὴν,
3441 1304 3537 1358 καὶ
3584 1304 3796 1375 ἀμφια-

2209 1407 2369 1481 σμδν,
2394 1407 2421 1459 ὁ
2452 1406 2770 1467 ἐπίσκοπος,
2812 1402 2904 1456 τὸν
2950 1404 3017 1473 τῇ
3066 1400 3227 1472 χρείᾳ
3266 1399 3363 1455 καὶ
3396 1400 3462 1470 τῇ
3510 1397 3796 1469 σεμνότητι

2207 1501 2577 1574 προσήκοντα·
2633 1496 2707 1569 μὴ
2750 1498 2865 1559 τοῖς
2905 1495 3205 1567 Κυριακοῖς
3258 1492 3335 1556 ὡς
3381 1490 3682 1563 ἀλλοτρίοις
3708 1506 3799 1544 κε-

2208 1592 2455 1667 κρήσθων
2515 1589 2650 1647 ἀλλὰ
2699 1587 3145 1661 μεμετρημένως.
3176 1584 3403 1649 (Ἀξιος
3432 1584 3542 1657 γὰρ
3585 1585 3615 1636 ὁ
3643 1583 3800 1655 ἐργά-

2207 1705 2310 1758 της
2339 1686 2434 1741 τοῦ
2474 1684 2666 1757 μισθοῦ
2700 1682 2866 1737 αὐτοῦ
2898 1683 3033 1737 ἐστι.
3056 1679 3183 1751 ιΜὴ
3226 1678 3500 1743 σπάταλος
3556 1677 3689 1749 (52),
3723 1677 3798 1749 μὴ

2211 1779 2507 1853 πέρπερος,
2537 1776 2673 1832 ἀλλά
2705 1776 2879 1848 μόνων
2908 1772 3022 1847 (55)
3052 1773 3162 1828 τῶν
3196 1772 3334 1845 πρὸς
3364 1771 3625 1826 σύστασιν
3653 1769 3801 1842 ἐφιέ-

516 1879 682 1927 natus
710 1870 965 1941 cupidus,
997 1868 1095 1924 sed
1128 1866 1570 1923 necessariarum
1600 1863 1867 1918 duntaxat
1914 1874 2096 1916 rerum
2131 1863 2176 1924 Β
2207 1889 2389 1945 μενος,

518 1971 803 2038 appetens.

1089 2064 1320 2123 CAPUT
1364 2062 1535 2119 XXV.

518 2194 599 2248 De
638 2190 911 2261 primitiis,
955 2195 1005 2261 et
1050 2183 1300 2261 decimis;
1338 2190 1389 2236 et
1436 2195 1538 2261 quo
1578 2176 1734 2261 modo
1763 2168 2111 2261 ὀρθαί-ξμς..

591 2244 801 2331 tempus,
834 2244 910 2314 ex,
945 2259 1020 2312 eis
1070 2256 1146 2311 vel
1188 2244 1297 2322 ipse
1340 2244 1594 2322 accipere,
1638 2248 1720 2311 vel
1752 2247 1873 2301 aliis
1920 2244 2109 2300 distri—

594 2334 770 2388 buere.
864 2388 867 2391 .

591 2446 845 2502 Decimas
874 2450 929 2498 et
973 2439 1267 2513 primitias,
1315 2451 1437 2511 qua:
1477 2434 1636 2505 juxta
1664 2431 1762 2487 Dei
1789 2429 2107 2486 mandatum

522 2544 841 2610 erogantur,
872 2539 1182 2597 consumat,
1230 2539 1290 2584 ut
1322 2528 1597 2584 hominem
1630 2523 1726 2581 Dei
1770 2522 1959 2591 decet;
1986 2537 2109 2594 qua

522 2646 695 2687 causa
724 2642 1026 2701 pauperum
1058 2632 1253 2696 sponte
1293 2619 1672 2683 conferuntur,
1707 2625 1856 2673 recte
1904 2617 1960 2671 in
2007 2631 2109 2686 pu-

523 2723 708 2794 pillos,
742 2718 959 2782 viduas,
990 2715 1244 2780 alllictos,
1277 2723 1332 2769 et
1382 2711 1700 2784 peregrinos
1749 2709 1943 2779 inopes
1972 2705 2106 2762 'dis-

523 2819 736 2885 penset,
765 2811 931 2875 velut,
966 2808 1060 2879 qui
1103 2807 1302 2865 habeat
1332 2806 1529 2860 horum
1575 2801 1974 2875 impendiorum
2020 2813 2112 2854 ra-

523 2905 905 2960 tiocinatorem
953 2899 1149 2964 Deum,
1198 2914 1230 2953 a
1269 2913 1379 2970 quo
1410 2898 1513 2968 ipsi
1540 2896 1656 2951 haec
1683 2893 1998 2966 procuratio
2024 2897 2111 2946 est

527 2996 845 3053 commissa.
900 2992 1044 3059 Quin
1114 2992 1313 3055 etiam,
1387 3004 1423 3043 ο
1493 2987 1786 3060 episcopi,
1853 2983 2110 3040 omnibus

527 3090 818 3162 egentibus
882 3087 1033 3158 juste
1080 3084 1506 3156 dispertientes;
1554 3088 1609 3135 et
1651 3079 1757 3151 ipsi
1806 3076 2109 3133 Dominicis

527 3184 695 3239 rebus
725 3187 970 3242 utentes,
1013 3178 1107 3234 sed
1161 3192 1270 3232 non
1320 3176 1649 3238 abutentes;
1692 3186 1762 3232 ex
1807 3170 1877 3225 iis
1923 3169 2106 3224 cibum
2136 3217 2178 3274 C

527 3281 847 3336 sumentes,
909 3271 1006 3326 sed
1066 3285 1176 3324 non
1238 3284 1334 3323 eas
1397 3268 1751 3322 absumentes
1811 3262 1956 3328 soli,
1999 3262 2110 3316 imo

528 3384 653 3425 cum
694 3365 982 3438 egentibus
1012 3361 1530 3427 communicantes;
1574 3356 1902 3413 inoffensum
1941 3354 2112 3411 Deum

529 3461 807 3518 habetote.
873 3453 1011 3509 Nam
1077 3454 1125 3510 si
1194 3453 1296 3507 soli
1373 3452 1516 3507 bona
1566 3448 1662 3505 Dei
1705 3446 2114 3518 consumpseri-

528 3556 634 3617 tis,
679 3551 784 3605 hoc
842 3548 913 3603 ab
953 3562 1020 3602 eo
1077 3555 1336 3615 tanquam
1407 3542 1750 3599 insatiabiles
1797 3548 1854 3597 et
1913 3539 2115 3596 solico—

532 3643 793 3706 unedones
828 3640 1087 3712 probrum
1145 3637 1535 3709 reportabitis;
1587 3655 1605 3687 ι
1640 3634 1752 3689 Lac
1801 3632 2113 3697 comeditis,

530 3748 586 3796 et
610 3737 753 3796 lanis
782 3733 1159 3806 operimiui“.
1205 3751 1223 3784 ι
1263 3731 1327 3785 Ει
1357 3731 1465 3785 alio
1504 3729 1560 3784 in
1591 3728 1715 3784 loco
1747 3743 1761 3780 :
1802 3747 1821 3781 ι
1853 3725 2114 3796 Nunquid

533 3827 851 3885 habitabilis
884 3825 985 3881 soli
1014 3826 1067 3879 in
1094 3832 1242 3880 terra
1291 3819 1396 3876 οη.
1425 3824 1775 3894 Quapropter
1802 3827 1858 3876 et
1887 3820 1948 3879 in
1974 3818 2118 3890 Lege

532 3920 848 3981 mandatum
900 3928 988 3974 est
1033 3918 1190 3973 vobis
1236 3937 1249 3972 :
1303 3935 1322 3969 ι
1372 3915 1575 3986 Diliges
1611 3914 1920 3988 proximum
1961 3921 2117 3971 tuum

533 4015 680 4073 sicut
710 4011 1026 4083 teipsum”.
1064 4031 1085 4064 ι
1113 4010 1293 4082 Atque
1314 4011 1432 4065 haec
1452 4009 1714 4076 dicimus,
1742 4024 1853 4062 non
1880 4014 1942 4069 ut
1962 4006 2118 4063 labo-

535 4107 693 4162 ribus
740 4105 945 4161 vestris
1002 4104 1318 4159 nullatenus
1362 4101 1981 4172 fruamini;-scriptum
2032 4107 2119 4154 est

533 4201 681 4259 etum
715 4218 733 4263 ι
778 4215 798 4252 ι
833 4197 953 4253 Non
993 4196 1245 4269 alligabis
1281 4211 1345 4252 os
1390 4195 1517 4251 bovi
1558 4195 1929 4262 trituranti“;
1969 4211 1989 4244 ι
2020 4191 2118 4247 sed

537 4304 597 4354 ut
626 4293 905 4352 moderate
948 4307 1074 4347 cum
1102 4290 1317 4361 justitia
1355 4289 1607 4354 utamini.
1645 4286 2118 4356 Quemadmodum

536 4398 670 4457 ergo
694 4388 796 4443 bos
826 4385 883 4441 in
914 4400 1041 4441 area
1065 4400 1322 4456 operans,
1350 4386 1492 4440 cami
1524 4384 1700 4440 libero
1720 4398 1837 4449 ore,
1870 4382 2119 4455 pascitur

536 4477 785 4549 quidem,
815 4477 911 4534 sed
939 4492 1048 4532 non
1079 4484 1253 4531 totum
1278 4476 1597 4547 depascitur
1629 4493 1642 4527 :
1670 4478 1745 4531 ita
1764 4484 1819 4539 et
1840 4492 1939 4533 vos
1965 4477 2120 4532 labo-

2725 2070 3124 2128 ΚΕΦΑΛΑῙΟΝ
3160 2070 3288 2125 KE'.

2210 2190 2353 2259 Περὶ
2382 2188 2688 2259 ἀπαρχῶν(
2711 2187 2811 2243 καὶ
2854 2184 3138 2259 δεκατῶν,
3314 2181 3737 2259 ὅπως-ῥφεζλςι
3766 2183 3800 2234 ὁ

2312 2251 2630 2326 πίσκοὲιός,
2660 2258 2698 2326 ἢ
2728 2257 2910 2323 αὐτὸς
2948 2253 3430 2327 μεταλαμϐάνειν
3470 2251 3798 2317 ἐξαύτῶν.

2277 2332 2318 2401 ἢ
2349 2331 2570 2399 ἑτέροις
2596 2328 2916 2399 διανέμειν.

2277 2445 2360 2499 Τά
2385 2444 2634 2514 διδόμενα
2651 2442 2771 2496 κατ’
2799 2439 3019 2513 ἐντολὴν
3035 2438 3169 2493 Θεοῦ
3186 2438 3295 2492 τῶν
3309 2436 3553 2495 δεκατῶν
3583 2436 3679 2491 καὶ
3696 2434 3802 2489 τῶν

2208 2536 2494 2610 ἀπαρχῶν,
2511 2536 2586 2599 ὼς
2604 2533 2738 2589 Θεοῦ
2758 2533 2853 2589 ἀνθ
2861 2550 3043 2605 ρωπος
3072 2530 3426 2587 ἀναλισκέτω·
3461 2528 3535 2585 τὰ
3558 2529 3803 2601 είσφερό-

2213 2647 2349 2703 μενα
2369 2629 2461 2682 ἐπὶ
2480 2626 2751 2700 προφάσει
2771 2626 3021 2697 πενήτων
3043 2623 3288 2687 ἑκούσια,
3305 2621 3487 2693 καλῶς
3512 2621 3807 2693 οίκονομεί-

2208 2743 2307 2789 τω,
2326 2723 2601 2796 ὀρφανοῖς,
2637 2720 2733 2775 καὶ
2752 2720 2971 2792 χήραις,
3004 2718 3099 2771 καὶ
3129 2715 3484 2787 θλιϐομένοις,
3519 2716 3614 2769 καὶ
3638 2713 3806 2782 ξένοις

2209 2814 2630 2889 ἀπορουμένοις,
2676 2812 2753 2876 ὡς
2802 2810 2942 2882 ἒχων
2988 2809 3119 2863 Θεὸν
3175 2805 3524 2879 λογιστευτὴν
3581 2808 3804 2871 τούτων,

2208 2909 2301 2964 τὸν
2349 2907 2730 2979 ὲγχειρίσαντα
2767 2902 2918 2973 αὐτῷ
2944 2902 3149 2973 ταύτην
3177 2900 3276 2973 τὴν
3305 2901 3641 2972 οἰκονομίαν·
3674 2901 3807 2954 πᾶσι

2209 3001 2266 3055 δὲ
2295 3000 2405 3072 (54)
2434 3002 2549 3063 τοῖς
2568 2997 2840 3069 δεομένοις
2870 2993 3008 3066 μετά
3031 2993 3377 3065 δικαιοσύνης
3404 2992 3808 3072 ὲπιμερίζοντες

2213 3093 2348 3166 (55),
2371 3070 2467 3146 καὶ
2483 3088 2641 3162 ὑμεῖς
2659 3087 2814 3142 αὐτοὶ
2832 3087 3101 3159 χρώμενοι
3117 3088 3183 3140 ἐκ
3208 3085 3316 3139 τῶν
3342 3085 3658 3157 Κυριακῶν,
3676 3070 3810 3139 ἀλλά

2216 3186 2291 3259 μὴ
2324 3181 2768 3257 παραχρώμενοι,
2802 3180 3073 3245 ἐσθίοντες
3102 3179 3163 3245 ἐξ
3186 3178 3388 3256 αύτῷν,
3418 3177 3555 3259 ἀλλά
3585 3178 3660 3250 μὴ
3689 3195 3810 3232 κατ.

2211 3255 2479 3340 εσθίοντες
2508 3275 2647 3329 αὐτά
2670 3274 2839 3347 μόνοι,
2863 3272 3245 3336 κοινωνοῦντες
3271 3255 3327 3325 δὲ
3357 3255 3473 3334 τοῖς
3498 3271 3808 3342 χρῄζουσιν,

2211 3370 2556 3443 ἀπρόσκοποι
2585 3367 2705 3439 Θεῷ
2748 3365 2987 3437 γίνεσθε·
3035 3362 3131 3418 ὲάν
3175 3362 3286 3436 γὰρ
3320 3362 3469 3435 μόνοι
3513 3362 3652 3416 αύτά
3682 3363 3813 3417 ἀνα-ο

2211 3462 2443 3534 λώσητε,
2474 3457 2909 3532 ὁνειδισθήσεσθε
2935 3456 3090 3530 παρὰ
3110 3455 3269 3520 Θεοῦ,
3299 3455 3549 3523 λέγοντος
3580 3455 3657 3520 ὡς
3676 3454 3813 3527 πρὸς

2211 3556 2519 3627 ἀπλήστους
2537 3555 2631 3608 καὶ
2653 3551 3007 3625 μονοφάγους·
3036 3569 3057 3603 ι
3093 3549 3167 3603 Τὸ
3184 3548 3324 3619 γάλα
3356 3547 3691 3613 κατεσθίετε,
3719 3549 3814 3603 καὶ

2211 3649 2283 3703 τὰ
2327 3648 2449 3721 ἔρια
2486 3644 2894 3719 περιϐάλλεσθε.
2935 3662 2955 3697 ι
2988 3642 3101 3696 Καὶ
3151 3641 3209 3694 ὲν
3244 3639 3443 3704 ἄλλοις·
3484 3658 3504 3693 ι
3540 3639 3632 3712 Μή
3661 3642 3813 3711 οίκή-

2214 3759 2335 3797 σετε
2358 3742 2507 3813 μόνοι
2537 3740 2631 3793 ἐπὶ
2655 3738 2756 3809 τῆς
2786 3736 2925 3809 γῆς;
2964 3754 2983 3788 ι
3017 3734 3109 3788 Διὸ
3128 3734 3223 3788 καὶ
3250 3734 3309 3788 ὲν
3339 3731 3420 3804 τῷ
3449 3732 3600 3804 νόμῳ
3646 3748 3813 3804 προσ-

2212 3835 2474 3889 τέτακται
2540 3833 2670 3904 ὑμῖν
2722 3829 2853 3901 (56)·
2901 3847 2920 3881 ι
2957 3828 3289 3897 Ἀγαπήσεις
3314 3825 3406 3879 τὸν
3452 3824 3678 3899 πλησίον
3719 3842 3815 3884 σου

2215 3927 2293 3991 ὡς
2322 3923 2566 3982 σεαυτόν.
2594 3943 2614 3978 ι
2646 3923 2759 3977 Καὶ
2785 3920 2960 3977 ταῦτα
2995 3918 3135 3993 (57)
3165 3919 3417 3991 λέγομεν,
3456 3920 3556 3991 οὐχ
3602 3917 3690 3973 ῐνα
3739 3917 3816 3992 μὴ

2220 4016 2672 4091 μεταλαμϐάνητε
2711 4013 2867 4087 ὑμῶν
2911 4013 3022 4071 τῶν
3077 4013 3275 4066 πόνων·
3330 4011 3641 4091 γέγραπται
3682 4009 3810 4083 γάρ·

2221 4087 2243 4164 ἒ
2280 4110 2355 4165 Οὐ
2385 4087 2650 4181 φιμώσεις
2690 4106 2815 4180 βοῦν
2835 4102 3099 4161 ἀλοῶντω
3127 4123 3145 4157 ι
3166 4104 3280 4159 ἀλλ’
3331 4103 3419 4157 ἵνα
3470 4087 3817 4176 μεμετρημέ-

2216 4219 2324 4269 νως
2356 4202 2494 4276 μετά
2517 4200 2883 4274 δικαιοσύνης.
2918 4200 3017 4254 Ὃν
3043 4198 3243 4272 τρόπον
3272 4194 3368 4251 οὖν
3388 4196 3499 4270 (58)
3530 4198 3558 4251 ὁ
3580 4195 3706 4268 βοῦς
3723 4197 3818 4271 ἐρ·-

2217 4295 2518 4367 γαζόμενος
2546 4295 2605 4357 ὲν
2631 4297 2699 4366 τῇ
2729 4292 2843 4365 ἀλῳ
2868 4293 3165 4365 ἀκήμωτος
3194 4290 3329 4364 (59),
3353 4288 3524 4343 ἐσθίει
3558 4289 3677 4360 μὲν,
3698 4288 3818 4343 ἀλλ’

2218 4389 2281 4443 ού
2307 4386 2370 4441 τὸ
2402 4388 2511 4441 πᾶν
2530 4385 2840 4441 κατεσθίει·
2863 4384 3008 4440 οὕτω
3037 4384 3133 4444 καὶ
3171 4384 3330 4455 ὑμεῖς
3358 4382 3717 4455 ἐργαζόμενοι
3737 4383 3817 4445 είς

2222 4481 2321 4559 τήν
2353 4480 2487 4546 ἅλω,
2514 4479 2791 4534 τουτέστιν
2818 4479 2900 4543 εἰς
2925 4476 3025 4549 τὴν
3067 4475 3395 4548 Ἐκκλησίαν
3424 4474 3519 4528 τοῦ
3550 4473 3706 4536 Θεοῦ,
3751 4474 3814 4526 ὲκ

536 4578 725 4626 rantes
752 4569 810 4624 in
839 4584 967 4626 area
991 4608 1007 4635 ,
1055 4568 1160 4624 hoc
1185 4577 1301 4634 est,
1333 4568 1390 4626 in
1425 4567 1671 4629 Ecclesia
1700 4568 1818 4636 Dei,
1845 4585 1911 4625 ex
1940 4569 2112 4625 Eccle-

2228 4574 2329 4645 τῆς
2356 4571 2653 4645 ἐκκλησίας
2681 4570 2892 4627 ἐσθίετε
2934 4568 3066 4642 (60)·
3126 4568 3186 4622 ὃν
3212 4567 3413 4641 τρόπον
3441 4568 3537 4621 καὶ
3569 4567 3620 4621 oi
3674 4559 3815 4619 λευῖ-

538 4665 621 4718 sia
649 4662 847 4729 vivite;
879 4662 1055 4718 instar
1080 4677 1301 4732 quoque
1332 4661 1648 4726 levitarum,
1694 4662 1790 4731 qui
1835 4662 2122 4719 ministra-

539 4753 672 4810 bant
703 4755 999 4810 testimonii
1036 4754 1415 4822 tabernaculo,
1446 4753 1591 4825 quod
1616 4755 1765 4810 omni
1787 4769 1855 4810 ex
1876 4763 2031 4835 parte
2056 4755 2121 4820 fi-

612 4932 657 4963 ⁸ο
695 4929 832 4989 Luc.
865 4948 920 4994 χ.
951 4930 1001 4989 Ἰ.
1096 4930 1138 4961 ⁶¹
1176 4929 1378 4995 Ezech,
1405 4946 1593 4993 xxxiv,
1623 4931 1676 4989 '5.
1756 4932 1800 4964 ⁸²
1827 4931 1898 4988 Is.
1933 4952 1988 5001 v,
2033 4935 2087 4991 8.

2227 4684 2318 4723 ται
2344 4666 2395 4720 οί
2423 4663 2859 4738 λειτουργοῦντες
2886 4667 2954 4735 τῇ
2987 4664 3159 4736 σκηνῇ
3187 4660 3282 4745 τοῦ
3332 4660 3629 4734 μαρτυρίου
3653 4697 3669 4724 ,
3695 4658 3814 4730 ἥτις

2226 4756 2296 4834 ἦν
2337 4757 2509 4824 τύπος
2551 4757 2654 4829 τῆς
2696 4755 3021 4830 Ἐκκλησίας
3056 4754 3200 4810 κατά
3244 4754 3443 4814 πάντα·
3490 4752 3717 4827 προσέτι
3758 4750 3813 4804 δὲ

2201 4937 2246 4970 ⁸⁸
2278 4936 2409 4997 Licv.
2437 4955 2551 5008 nx,
2586 4938 2674 4999 l8.
2750 4938 2799 4981 “-
2827 4936 2985 4999 Deut.
3020 4950 3149 5001 xxv,
3182 4936 3238 5002 ἂ.

1850 5087 2216 5147 γΑιιιοιιυιι
2249 5055 2495 5157 NOTAE.

613 5262 912 5337 (50)AAltcr
963 5263 1089 5322 cod.
1140 5265 1349 5337 habet:
1393 5265 1567 5336 Ὑμᾶς
1595 5264 1738 5337 ἔχειν
1778 5267 1887 5321 δεῖν
1927 5269 2118 5329 τούτου

541 5334 1063 5461 καταμίὲησινηιοιι
1090 5336 1248 5391 male.
1278 5335 1448 5392 Cum.

613 5407 726 5461 (51)
798 5406 935 5461 Irae.
967 5404 1024 5461 ln
1051 5408 1241 5461 eodem
1262 5408 1448 5461 senuitl

613 5402 727 5547 ζ
748 5402 935 5491 Eli-9t.
967 5404 1024 5461 In
1051 5408 1241 5462 eodem
1262 5408 1510 5477 sequitur
1524 5402 1662 5469 εἶναι
1684 5412 1877 5481 πραεῖς
1895 5416 2022 5484 χρή.
2043 5411 2119 5465 In.

616 5478 707 5547 (Ξ)-
748 5480 1082 5544 Σπαταλος.
1117 5474 1262 5533 Idem
1281 5477 1451 5537 codex
1478 5499 1491 5533 :
1515 5479 1947 5545 πολυανότλωτος,
1969 5482 2118 5547 quod

582 5550 591 5559 ι
748 5477 1082 5559 Σπὰταλος.
1117 5474 1262 5559 Idem
1281 5474 1451 5559 codex
1478 5499 1491 5533 :
1515 5474 1947 5559 πολυανᾷλωτοξζ
1969 5474 2118 5552 quod

542 5547 758 5604 videtur
786 5564 910 5604 esse
939 5548 1034 5601 τοῦ
1066 5547 1337 5620 σπατάλου
1365 5551 1654 5620 glossema.
1693 5549 1767 5611 In.

616 5620 727 5688 (55)
746 5621 987 5743 μόνων,
1016 5628 1123 5675 etc.
1171 5619 1314 5675 Idem
1348 5619 1389 5670 :7
1400 5621 1579 5692 μόνοις
1606 5623 1718 5685 τοῖς
1746 5638 1806 5683 π.
1846 5640 1899 5684 σ.
1926 5620 2125 5695 ἀρκού-

617 5706 722 5743 νος.
770 5706 823 5743 ι).

594 5705 722 5754 ενος.
746 5705 823 5745 ιι).

549 5705 722 5762 μενος.
746 5705 823 5745 ιι).

618 5759 728 5827 (54)
760 5760 850 5814 Δέ.
880 5759 938 5815 In
960 5759 1151 5815 eodem
1174 5760 1369 5813 τοίνυν.
1411 5762 1487 5817 In.

619 5830 728 5899 (55)
797 5828 1276 5903 Ἐπιμερίζοντες.
1308 5830 1477 5904 3ibid.
1532 5831 1874 5904 διανέμοντες

1932 5832 2125 5901 eodem
2239 5898 2249 5903 _

2227 5289 2415 5331 sensu.
2452 5274 2529 5330 in.

2304 5345 2415 5417 (56)
2458 5345 2649 5415 Ὑμῖν,
2676 5345 2957 5404 Omittitur
2983 5349 3038 5404 in
3061 5348 3235 5405 altero.
3260 5345 3451 5405 codice
3468 5389 3484 5413 ,
3515 5366 3620 5407 nec
3648 5351 3807 5416 male,

2235 5424 2612 5498 nam_mu_tuus
2635 5431 2789 5498 amor
2817 5420 3181 5498 estpmnibus
3217 5428 3543 5493 prmceptus.
3586 5421 3668 5481 in.

2325 5485 2414 5546 57)
2451 5486 2659 5541 Ταῦτα.
2678 5486 2813 5544 Ibid.
2842 5489 3020 5544 τοῦτο.
3059 5489 3136 5546 Id.

2450 5556 2591 5631 (Hm.
2623 5554 2757 5614 Ibid.
2788 5559 2915 5631 γάρ.
2945 5558 3034 5631 in.

2234 5625 2811 5758 illti:?%b34xwoc;
2848 5625 2983 5686 libid'
3023 5632 3325 5705 ἀφίμωτοῖν
3371 5633 3517 5705 quoa
3565 5641 3653 5690 εει
3699 5649 3811 5705 pel“

2307 5766 2417 5840 (60)
2465 5766 2744 5825 Ἑσθίετε.
2790 5769 3016 5827 Ἐσθίειν
3042 5772 3305 5847 ὀφείλετε,
3334 5774 3506 5831 codex
3544 5775 3699 5831 alter.
3732 5775 3811 5830 In.
