4080 6260
504 258 612 313 4)(ίό
1388 254 1449 314 S.
1488 254 1889 315 CLEMENTIS
1920 257 1941 312 1
1976 258 2046 315 IK

2178 260 2385 318 pom.
2425 259 2658 320 orans
2706 230 2936 321 DUBIA.
3675 265 3775 324 sm

499 377 748 435 omnium
783 384 1037 434 nostrum
1066 380 1294 447 peccata
1320 375 1379 431 in
1403 376 1554 447 ligno
1598 376 1785 432 crucis
1816 376 2046 447 portavil

2144 382 2167 438 ι
2193 377 2525 451 καρποῦσθε.
2557 381 2808 453 Μιμηταὶ
2834 380 2944 453 γάρ
2972 380 3093 434 ἐστε
3138 379 3373 454 Χριστοῦ
3401 379 3497 437 τοῦ
3540 381 3741 455 Κυρίου
3761 405 3775 418 ·

498 469 884 527 immaculatus
904 483 1005 539 pro
1032 468 1375 525 merentibus
1404 468 1733 539 supplicium
1763 468 2046 524 cruciﬁxus

2193 471 2287 524 mi.
2314 471 2576 537 ὡσαύτως
2599 473 2646 505 ⁸³
2674 473 2785 546 (69)
2814 473 3034 527 πάντων
3062 472 3457 547 τὰς’ἁμαρτίας
3483 475 3775 546 ἀνήνεγκεν

497 565 571 618 ita
600 572 655 618 et
683 577 782 618 vos
813 561 988 633 plebis
1015 568 1242 632 peccata
1270 559 1554 618 vindicare
1582 568 1830 632 oportet;
1862 575 1988 615 cum
2019 559 2046 615 d

2188 561 2283 616 ἐπὶ
2322 564 2384 617 τὸ
2417 563 2592 630 ξύλον,
2626 565 2960 638 σταυρωθεὶς
2985 567 3014 619 ὁ
3042 567 3270 638 ἄμωμος
3314 567 3454 639 ὑπὲρ
3482 567 3591 621 τῶν
3621 568 3777 622 κολά-

498 654 783 710 Salvatore
807 654 863 708 in
885 654 1027 709 lsaia
1058 652 1266 710 dictum
1294 653 1369 709 sit
1400 671 1417 709 :
1453 670 1480 705 ο
1508 652 1620 709 iste
1645 662 1872 724 peccata
1894 661 2046 709 nostr

2187 671 2327 721 σεως
2350 656 2540 723 ἀξίων,
2567 656 2713 712 οὕτω
2739 659 2835 713 καὶ
2882 660 3027 731 ὑμᾶς
3065 658 3159 712 τοῦ
3203 658 3334 714 λαοῦ
3373 652 3473 723 τὰς
3501 661 3776 734 ἁμαρτίας

495 757 699 819 portat,
732 756 786 804 et
816 763 917 819 pro
954 748 1116 804 nobis
1149 746 1391 813 dolet";
1429 764 1449 800 ι
1487 754 1543 801 et
1572 753 1729 816 post:
1755 763 1772 796 ι
1806 744 1926 817 ipse
1956 760 2046 815 pec

2185 746 2617 813 ὲξιδιοποιεῖσθαι
2643 751 2774 823 χρή’
2790 753 3003 823 εἴρηται
3031 750 3140 824 γὰρ
3168 752 3296 824 περὶ
3321 750 3416 805 τοῦ
3438 752 3693 825 Σωτῆρος
3719 755 3775 807 ὲν

494 850 624 895 cata.
646 841 939 896 multorum
989 840 1116 895 tulit
1138 879 1155 905 ,
1188 848 1244 895 et
1273 845 1499 910 propter
1534 837 1855 909 iniquitates
1888 826 2046 893 eorur

2194 842 2415 917 Ἡσαΐᾳ,
2443 845 2527 899 ὅτι
2559 864 2578 898 ι
2620 837 2791 910 Οὗτος
2829 844 2928 908 τὰς
2969 844 3428 917 ἀμαρτίαςὴμῶν
3459 845 3637 917 φέρει,
3681 845 3776 900 καὶ

492 934 728 990 traditus
757 941 861 990 est.
895 953 914 986 ι
949 931 1019 987 Ut
1047 946 1180 1002 ergo
1213 947 1312 987 vos
1340 930 1493 1002 scopi
1524 930 1680 995 estis,
1712 930 1787 985 ita
1821 937 1878 985 et
1914 928 2046 984 Chri

2180 939 2309 1010 περὶ
2336 938 2495 1010 ἡμῶν
2523 938 2793 993 ὀδυνᾶται.
2835 956 2853 989 ι
2886 936 2997 990 Καὶ
3018 936 3198 991 πάλιν·
3236 956 3255 989 ι
3294 936 3465 1001 Αὐτὸς
3498 937 3775 1010 ἁμαρτίας

489 1034 634 1081 stum
677 1040 903 1096 scopum
947 1025 1200 1091 habetis;
1232 1032 1288 1080 et
1326 1032 1388 1078 ut
1431 1024 1524 1079 ille
1552 1021 1800 1078 omnium
1833 1028 2046 1077 vestrum

2178 1030 2391 1085 πολλῶν
2418 1031 2684 1103 ἀνήνεγκε
2704 1070 2721 1096 ,
2750 1031 2846 1085 καὶ
2875 1030 2963 1085 διὰ
3003 1030 3104 1095 τὰς
3142 1030 3372 1102 ἀνομίας
3408 1030 3588 1085 αὑτῶν
3631 1048 3774 1104 παρ-

486 1119 768 1190 exemplar
788 1124 894 1185 est,
923 1117 999 1171 ita
1027 1126 1083 1172 et
1109 1132 1210 1175 vos
1250 1117 1520 1172 laicorum
1552 1115 1757 1187 quibus
1804 1112 2046 1184 praeestis

2176 1120 2608 1195 εδόθη.ιὪσπερ
2635 1120 2728 1177 οῦν
2757 1124 2916 1195 ὑμεῖς
2946 1122 3138 1176 σκοποί
3165 1123 3309 1187 ἐστε,
3338 1122 3481 1177 οὕτω
3518 1124 3614 1177 καὶ
3649 1141 3772 1178 σκο-

482 1209 605 1265 Νοιι
634 1210 781 1266 enim
807 1208 1231 1265 existimandum
1258 1215 1370 1272 est,
1417 1208 1796 1279 episcopatum
1829 1206 1987 1261 facile
2009 1222 2046 1261 ai

2173 1215 2276 1269 πὸν
2303 1216 2454 1288 ἔχετε
2472 1217 2564 1271 τὸν
2593 1218 2849 1290 Χριστόν·
2894 1216 2972 1281 ὡς
3018 1213 3113 1271 οὖν
3141 1215 3304 1280 αὐτὸς
3333 1217 3552 1270 πάντων
3591 1216 3767 1289 ὑμῶν,

481 1304 600 1359 leve
621 1318 762 1359 onus
786 1318 930 1359 esse.
961 1301 1235 1369 Quocirca
1264 1304 1411 1357 sicut
1430 1301 1649 1373 pondus
1682 1300 1876 1367 fertis;
1908 1301 1991 1356 sic
2018 1316 2046 1356 e

2172 1306 2317 1361 οῦτω
2343 1308 2438 1362 καὶ
2466 1310 2624 1381 ὑμεῖς
2658 1310 2768 1363 τῶν
2812 1310 2914 1380 ὑφ’
2960 1310 3105 1380 ὑμᾶς
3153 1307 3377 1362 λαῖκῶν.
3412 1308 3503 1380 Μὴ
3532 1308 3642 1380 γὰρ
3682 1308 3769 1362 νό⁴

478 1395 635 1451 decet
652 1404 711 1450 ut
730 1395 901 1466 primi
933 1394 1149 1451 fructus
1185 1394 1530 1466 percipiatis,
1579 1409 1722 1464 quos
1758 1408 1885 1448 cum
1915 1410 2046 1465 egen

2175 1400 2298 1471 μιζε
2319 1401 2452 1473 (70),
2473 1402 2555 1455 ὅτι
2574 1402 2796 1474 εὐχερὲς
2822 1402 2858 1473 ἢ
2889 1401 3121 1473 ἐλαφρὸν
3150 1401 3369 1473 φορτίον
3398 1401 3545 1454 ἐστὶν
3573 1404 3607 1473 ή
3642 1403 3765 1455 ἐπι-

478 1488 628 1543 tibus
654 1487 1104 1554 communicetis;
1151 1495 1341 1557 utpote
1389 1488 1660 1542 rationem
1707 1485 1973 1541 reddituri
2018 1502 2046 1543 e

2173 1494 2374 1565 σκοπή.
2404 1492 2527 1567 Χρὴ
2554 1491 2647 1548 οὗν
2680 1494 2757 1558 ὼς
2783 1494 2844 1547 τὸ
2876 1493 3042 1566 βάρος
3070 1493 3286 1566 φέρετε,
3315 1492 3490 1557 οὕτως
3529 1494 3625 1547 καὶ
3655 1493 3767 1548 τῶν

406 1603 414 1611 ·
474 1581 572 1653 qui
617 1596 745 1637 cum
777 1580 1141 1635 ratiocinator
1170 1586 1357 1634 vester
1388 1578 1625 1646 sederit,
1657 1578 1809 1633 nulla
1854 1578 2046 1632 ratione

2170 1585 2401 1657 καρπῶν
2432 1584 2682 1658 πρώτους
2712 1586 3170 1658 μεταλαμϐάνειν,
3198 1585 3296 1640 καὶ
3338 1587 3454 1649 τοῖς
3490 1585 3765 1656 δεομένοις

474 1674 674 1744 poterit
706 1672 919 1729 seduci.
945 1672 1175 1743 Oportet
1205 1672 1391 1743 itaque
1415 1686 1511 1727 eos
1529 1712 1546 1739 ,
1569 1671 1663 1742 qui
1693 1668 1956 1726 Ecclesia:
1984 1686 2069 1726 as-

2174 1677 2530 1748 μεταδιδόναι,
2561 1679 2639 1743 ὼς
2678 1678 2836 1748 λόγον
2870 1678 3160 1750 ὑφέξοντες
3197 1677 3278 1750 τῷ
3304 1677 3765 1750 ἀπαραλογίστως

473 1766 634 1822 siduo
656 1764 1003 1832 incumbunt,
1033 1763 1392 1841 ex‘Ecclesiae
1422 1763 1581 1820 bonis
1610 1762 1834 1828 nutriri,
1863 1762 2046 1834 quippt

2168 1746 2313 1841 ὑμᾶς
2335 1770 2579 1842 μέλλοντι
2608 1746 2959 1841 λογιστεὺειν.
3005 1773 3096 1825 Δεῖ
3121 1746 3384 1844 γάρ’τοὺς
3534 1769 3763 1842 Ἐκκλη-

473 1858 814 1924 sacerdotes,
856 1858 1074 1923 levitas,
1106 1858 1393 1928 praesides,
1440 1855 1536 1911 Dei
1568 1856 1889 1922 ministros;
1919 1856 2063 1911 sicut

471 1952 527 2005 in
561 1949 935 2006 Numerorum
965 1949 1112 2005 libro
1141 1949 1209 2005 de
1240 1948 1627 2006 sacerdOtibus
1660 1947 1926 2019 scriptum
1974 1963 2062 2005 re-

469 2044 703 2115 peritur.
736 2063 756 2098 ι
799 2045 864 2099 Εῑ
894 2044 1034 2100 dixit
1058 2043 1327 2099 Dominus
1350 2042 1420 2098 ad
1441 2042 1716 2097 Aaronem
1760 2042 1888 2109 :Tu,
1916 2048 1972 2097 et
2007 2040 2065 2097 ﬁ-

468 2138 527 2193 lii
552 2137 656 2205 tui,
685 2144 741 2194 et
771 2137 971 2193 domus
999 2136 1180 2208 patria
1217 2145 1332 2202 tua,
1364 2135 1651 2206 accipietis
1684 2144 1907 2206 peccata
1931 2148 2062 2190 san-

466 2232 691 2299 ctuarii,
719 2238 775 2287 et
804 2229 1098 2287 sacerdotii
1126 2230 1322 2286 vestri.
1354 2228 1495 2285 Ecce
1524 2227 1648 2284 dedi
1678 2228 1836 2285 vobis
1874 2236 2062 2285 custo-

465 2323 612 2378 diam
634 2324 999 2394 primitiarum
1020 2342 1035 2390 ;
1060 2322 1129 2379 de
1147 2322 1405 2379 omnibus
1425 2338 1546 2393 qua:
1565 2321 1905 2378 sanctiﬁcata
1931 2329 2061 2377 sunt

465 2415 601 2470 mihi
630 2430 661 2470 a
692 2416 819 2472 ﬁliis
847 2415 1039 2481 lsrael,
1083 2414 1184 2470 tibi
1213 2415 1340 2472 dedi
1369 2430 1434 2471 ea
1461 2456 1477 2483 ,
1508 2416 1564 2470 in
1599 2416 1889 2483 honorem,
1918 2425 1972 2472 et
2002 2416 2059 2471 ﬁ-

466 2510 557 2565 liis
585 2510 698 2565 tuis
721 2517 846 2579 post
869 2517 942 2575 te,
974 2508 1277 2580 legitimum
1304 2510 1719 2580 sempiternum.
1742 2507 1809 2563 Et
1825 2510 1929 2565 hoc
1951 2509 2059 2566 erit

463 2602 621 2658 vobis
646 2601 715 2658 de
747 2602 1132 2670 sanetiﬁeatis,
1162 2601 1231 2658 de
1256 2601 1652 2669 oblationibus,
1687 2609 1741 2658 et
1785 2601 1850 2658 de
1871 2618 2059 2659 mune-

462 2696 620 2753 ribus
644 2736 661 2763 ,
703 2705 758 2751 et
788 2695 857 2751 de
886 2696 1143 2753 omnibus
1184 2694 1478 2751 sacriﬁciis
1500 2736 1519 2764 ,
1567 2703 1623 2750 et
1670 2694 1738 2750 de
1767 2693 1917 2749 omni
1958 2695 2054 2751 de-

460 2787 634 2853 licto,
686 2798 742 2845 et
786 2788 856 2844 de
907 2788 1151 2858 peccatis
1209 2803 1223 2841 :
1284 2796 1339 2845 et
1408 2802 1752 2859 quaacunque
1812 2786 2052 2843 reddunt

460 2881 595 2936 mihi
658 2882 727 2937 de
801 2881 1061 2938 omnibus
1114 2880 1367 2947 sanctis,
1425 2880 1522 2935 tibi
1576 2887 1743 2935 erunt
1797 2894 1864 2934 ae
1924 2878 2053 2934 ﬁliis

459 2976 592 3031 tuis.
647 2974 708 3030 In
765 2985 958 3032 sancto
1004 2973 1305 3031 comedetis
1331 2974 1429 3028 illa
1447 2973 1514 3026 θ’.
1541 2991 1559 3025 ι
1587 2971 1655 3027 Et
1684 2972 1851 3043 paulo
1876 2979 2003 3043 post
2029 2986 2045 3026 :

462 3087 483 3119 ι
514 3066 723 3124 Omnes
772 3068 1033 3139 primitiae
1087 3067 1196 3122 olei
1237 3106 1254 3132 ,
1302 3073 1358 3122 et
1418 3064 1580 3131 vini,
1621 3072 1679 3120 et
1744 3063 2043 3131 frumenti,
2072 3107 2114 3164 Ο

456 3176 799 3231 quaecunque
845 3159 1096 3215 dederint
1126 3158 1357 3213 Domino
1376 3197 1393 3222 ,
1434 3157 1531 3211 tibi
1563 3156 1687 3211 dedi
1716 3171 1781 3210 ea
1807 3171 1820 3207 :
1848 3170 2043 3211 omnes

455 3253 729 3323 primitias
755 3252 971 3323 frugum
1006 3252 1107 3307 tibi
1144 3250 1292 3307 dedi.
1327 3248 1426 3306 His
1459 3250 1670 3305 accedit
1698 3249 1879 3306 omnis
1907 3264 2043 3304 con-

456 3347 717 3402 secratio.
765 3346 1038 3401 Praeterea
1084 3359 1248 3399 omne
1295 3342 1537 3398 hominis
1567 3358 1632 3398 ac
1664 3342 1893 3413 pecudis
1927 3342 2043 3398 sive

454 3440 675 3495 munda:
689 3440 805 3495 sive
826 3438 1125 3493 immunda:
1146 3436 1571 3508 primogenitum
1596 3456 1610 3491 :
1631 3437 1761 3492 item
1778 3436 2037 3501 victimae,

451 3547 751 3604 earumque
783 3531 1163 3603 pectusculum
1215 3545 1281 3585 ac
1329 3530 1614 3585 brachium
1647 3529 1929 3596 dextrum,
1971 3529 2039 3584 ad

454 3625 772 3682 sacerdotes
801 3624 1102 3696 pertinent,
1134 3631 1190 3678 et
1211 3622 1281 3677 ad
1310 3623 1506 3679 levitas
1538 3622 1812 3693 reliquos,
1844 3638 2036 3678 eorum

455 3719 764 3775 comites“.
798 3738 816 3770 ι
852 3717 1053 3773 Audite
1082 3716 1198 3772 haec
1225 3731 1325 3772 vos
1346 3715 1511 3771 etiam
1539 3715 1704 3780 laici,
1736 3715 1911 3770 electa
1941 3713 2038 3771 Dei

453 3808 722 3867 Ecclesia.
753 3809 889 3865 Nam
921 3819 976 3865 et
1004 3808 1155 3880 prior
1177 3809 1439 3881 populus,
1476 3827 1495 3860 ι
1528 3806 1623 3863 Dei
1651 3808 1906 3878 populus,
1938 3826 1957 3860 ι
1983 3817 2038 3864 et

458 3923 475 3952 ι
508 3918 642 3973 gens
666 3911 857 3959 sancta
873 3903 919 3935 ”
949 3920 968 3955 ›
1002 3902 1323 3957 vocabatur.
1367 3900 1433 3955 Et
1464 3917 1561 3957 vos
1588 3901 1756 3972 igitur
1783 3902 1918 3958 estis
1947 3917 2035 3959 sa-

452 4003 741 4051 crosancta
770 3995 865 4051 Dei
896 3994 1143 4051 Ecclesia
1162 3995 1479 4065 conscripta
1508 3995 1563 4049 in
1588 3995 1765 4059 coeiis,
1810 4013 1829 4046 ι
1855 3998 2035 4068 regale

453 4089 845 4155 sacerdotium,
870 4103 1005 4160 gens
1041 4096 1258 4152 sancta,
1277 4087 1514 4159 populus
1530 4087 1911 4159 aequisitionis
1927 4089 1993 4154 °*,
2007 4108 2027 4141 ι

452 4198 656 4254 sponsa
679 4191 875 4238 ornata
925 4180 1158 4237 Domino
1184 4179 1315 4237 Deo.
1356 4177 1601 4236 Ecclesia
1634 4195 1865 4252 magna,
1923 4180 2030 4236 Ee-

450 4276 619 4332 clesia
647 4275 824 4333 ﬁdelis
844 4316 860 4341 ,
890 4274 1121 4331 auribus
1142 4272 1366 4345 percipe
1401 4288 1523 4344 qua:
1550 4273 1705 4343 prius
1736 4273 1882 4328 dicta
1914 4272 2031 4330 fue—

2168 1863 2260 1935 σίᾳ
2289 1864 2775 1937 προσεδρεύοντας,
2808 1865 2874 1918 ὲκ
2897 1864 3000 1935 τῆς
3028 1863 3323 1936 ἐκκλησίας
3351 1862 3759 1935 διατρέφεσθαι,

2165 1952 2262 2007 ἆτε
2308 1955 2491 2028 ἱερεῖς,
2540 1951 2794 2021 λευίτας,
2839 1956 3154 2029 προέδρους,
3196 1954 3542 2029 λειτουργοὺς
3581 1954 3714 2009 Θεοῦ
3739 1971 3756 1986 ·

2163 2045 2348 2112 καθὼς
2374 2049 2432 2101 ἐν
2460 2047 2625 2120 βίϐλῳ
2639 2049 2747 2102 τῶν
2763 2048 3035 2122 Ἀριθμῶν
3059 2048 3368 2121 γέγραπται
3395 2050 3523 2120 περὶ
3548 2049 3656 2101 τῶν
3679 2049 3758 2100 ίε-

2165 2138 2325 2210 ρέων·
2348 2158 2367 2192 ι
2403 2141 2513 2193 Καὶ
2539 2135 2660 2194 εἷπε
2688 2141 2893 2213 Κύριος
2917 2141 3056 2214 πρὸς
3085 2142 3312 2215 Ἀαρών·
3344 2143 3439 2207 Σὺ,
3460 2142 3555 2196 καὶ
3585 2141 3758 2197 οἱυίοί

2164 2247 2280 2294 σου,
2309 2231 2405 2285 καὶ
2448 2233 2477 2285 ὁ
2504 2227 2653 2297 οῐκος
2680 2235 2916 2306 πατριᾶς
2956 2252 3050 2288 σου
3078 2233 3312 2307 λήψεσθε
3350 2234 3451 2298 τὰς
3479 2234 3758 2306 ἁμαρτίας

2161 2323 2269 2379 τῶν
2294 2324 2487 2393 ἁγίων,
2519 2324 2622 2395 τῆς
2655 2325 2926 2397 ίερατείας
2972 2326 3147 2398 ὑμῶν.
3202 2326 3330 2381 Ἰδοῦ
3373 2326 3579 2380 δέδωκα
3622 2327 3755 2398 ὑμῖν

2159 2414 2258 2488 τὴν
2284 2415 2603 2490 διατήρησιν
2622 2418 2730 2472 τῶν
2759 2418 3045 2491 ἀπαρχῶνο
3074 2419 3185 2473 ἀπὸ
3214 2419 3432 2474 πάντων
3462 2419 3571 2473 τῶν
3598 2422 3752 2492 ἡγια-

2160 2509 2372 2582 σμένων
2395 2527 2486 2581 μοι
2512 2510 2665 2583 παρὰ
2690 2510 2800 2565 τῶν
2827 2512 2960 2565 υἱῶν
2992 2511 3227 2585 Ἰσραὴλ,
3259 2514 3343 2566 σοὶ
3374 2511 3583 2565 δέδωκα
3608 2512 3751 2566 αὐτὰ

2156 2607 2237 2669 εἰς
2265 2604 2455 2677 γέρας,
2486 2605 2582 2658 καὶ
2622 2606 2736 2669 τοῖς
2776 2605 2912 2669 υἱοῖς
2943 2622 3035 2659 σου
3068 2604 3205 2676 μετὰ
3234 2605 3314 2668 σὲ,
3344 2603 3576 2677 νόμιμον
3616 2604 3751 2658 αἰώ-

2155 2715 2286 2752 νιον.
2317 2698 2428 2752 Καὶ
2454 2696 2614 2751 τοῦτο
2652 2696 2806 2751 ἔσται
2833 2698 2962 2769 ὑμῖν
2986 2696 3096 2752 ἀπὸ
3125 2697 3234 2751 τῶν
3277 2697 3646 2770 ήγιασμένων,
3681 2697 3750 2752 ὲκ

2153 2789 2262 2845 τῶν
2280 2788 2692 2861 καρπωμάτων,
2724 2790 2818 2843 καὶ¹
2846 2788 2955 2843 ἀπὸ
2986 2788 3093 2843 τῶν
3119 2789 3327 2863 δώρων,
3358 2792 3453 2844 καὶ
3480 2791 3589 2844 ἀπὸ
3612 2791 3746 2845 πάν-

2152 2898 2262 2935 των
2282 2880 2394 2953 (71)
2408 2880 2517 2935 τῶν
2537 2880 2758 2945 θυσιῶν,
2776 2881 2873 2934 καὶ
2885 2880 2995 2936 ἀπὸ
3015 2880 3200 2952 πάσης
3214 2882 3616 2955 πλημμελείας,
3648 2887 3743 2939 καὶ

2151 2973 2280 3045 περὶ
2310 2972 2615 3045 ἁμαρτιῶν·
2646 2972 2742 3026 καὶ
2766 2973 2868 3026 ὃσα
2907 2973 3217 3027 ἀποδιδόασί
3248 2992 3337 3046 μοι
3378 2975 3487 3028 ἀπὸ
3525 2976 3743 3031 πάντων

2151 3066 2260 3120 τῶν
2288 3066 2479 3134 ἁγίων,
2508 3065 2591 3118 σοὶ
2621 3064 2774 3119 ἔσται
2803 3067 2897 3120 καὶ
2922 3068 3035 3130 τοῖς
3068 3067 3205 3131 υἱοῖς
3232 3084 3347 3121 σου.
3385 3068 3472 3121 Ἐν
3500 3068 3580 3140 τῷ
3601 3069 3744 3141 ἁγίῳ

2148 3157 2386 3228 φάγεσθε
2403 3156 2515 3229 (72)
2545 3156 2707 3211 αὑτά..
2746 3176 2765 3208 ι
2790 3158 2901 3211 Καὶ
2930 3160 3045 3229 μετ’
3063 3159 3236 3227 ὀλίγα·
3262 3179 3281 3211 ι
3318 3161 3475 3214 Πᾶσα
3514 3162 3739 3235 ἀπαρχὴ

2144 3250 2322 3304 ελαίου
2354 3250 2447 3304 καὶ
2473 3250 2618 3303 οῐνου
2660 3250 2757 3306 καὶ
2804 3250 2952 3303 σίτου
2974 3289 2989 3314 ,
3019 3251 3119 3304 ὅσα
3146 3250 3213 3305 ἂν
3238 3251 3369 3305 δῶσι
3398 3253 3620 3325 Κυρίῳ,
3654 3255 3737 3308 σοι

2142 3343 2351 3397 δέδωκα
2390 3342 2550 3397 αὑτάο
2594 3342 2691 3396 καὶ
2714 3342 2785 3398 τὰ
2811 3345 3155 3416 πρωτογεννή
3165 3362 3309 3417 ματα
3335 3346 3513 3400 πάντα
3543 3364 3625 3403 σοι
3652 3348 3737 3401 δέ-

2140 3437 2308 3494 δωκα.
2355 3437 2468 3492 Καὶ
2497 3438 2747 3509 συνέρρει
2776 3437 2884 3490 πᾶν
2928 3435 3199 3506 ἀνάθεμα.’
3232 3438 3341 3491 πᾶν
3384 3438 3737 3509 πρωτότοκον

2139 3529 2426 3602 ἀνθρώπου
2473 3530 2569 3585 καὶ
2596 3531 2825 3602 κτήνους
2864 3527 3106 3601 καθαροῦ
3134 3529 3230 3583 καὶ
3256 3529 3568 3602 ἀκαθάρτου
3593 3573 3610 3599 ,
3636 3532 3732 3585 καὶ

2141 3622 2478 3696 θυσίας(73),
2501 3623 2595 3677 καὶ
2624 3621 2933 3693 στηθηνίου,
2962 3622 3058 3677 καὶ
3090 3621 3373 3695 βραχίονος
3399 3622 3574 3689 δεξιοῦ
3618 3628 3732 3689 τοῖς

2142 3715 2344 3789 ἱερεῦσι
2383 3717 2756 3789 προσανήκει,
2800 3715 2895 3769 καὶ
2933 3717 3047 3779 τοῖς
3076 3715 3284 3780 λοιποῖς
3322 3720 3436 3780 τοῖς
3483 3718 3730 3789 παραμέ-

2137 3827 2316 3865 νουσιν
2344 3810 2529 3872 αὑτοῖς
2590 3804 2848 3871 λευίταις.
2888 3825 2907 3858 ι
2954 3807 3203 3861 Ἀκούετε
3231 3808 3402 3862 ταῦτα
3430 3811 3525 3864 καὶ
3571 3812 3727 3882 ὑμεῖς

2136 3903 2187 3956 oi.
2220 3901 2418 3967 λαῖκοὶ,
2448 3899 2681 3970 ὲκλεκτὴ
2721 3898 3018 3970 Ἐκκλησία
3044 3899 3137 3953 τοῦ
3167 3900 3335 3955 Θεοῦ.
3366 3902 3487 3957 Καὶ.
3537 3902 3648 3975 γὰρ
3692 3905 3722 3956 6

2135 3995 2261 4058 λαὸς
2289 3994 2550 4066 πρότερον
2583 4012 2601 4045 ι
2625 3991 2758 4046 Θεοῦ
2800 3992 2928 4056 λαὸς
2970 3994 3067 4048 καὶ
3102 3992 3248 4058 ἔθνος
3279 3994 3433 4064 ἆγιον
3457 4016 3476 4048 ι
3509 3997 3724 4068 ὠνομά-

2134 4088 2275 4152 ζετοο
2307 4088 2401 4141 καὶ
2430 4087 2587 4158 ὑμεῖς
2614 4082 2706 4139 οὖν
2734 4085 2858 4138 ὲστε
2888 4085 3018 4154 ἁγία
3042 4085 3135 4138 τοῦ
3163 4085 3298 4139 Θεοῦ
3332 4087 3453 4159 ἱερὰ
3496 4090 3721 4161 Ἐκκλη-

2134 4180 2225 4233 σία
2240 4177 2708 4250 άπογεγραμμένη
2729 4178 2786 4230 ὲν
2805 4178 2866 4231 οὑ
2876 4176 3349 4249 ρανῷ,‹βασίλειον
3398 4178 3441 4231 is
3450 4179 3613 4252 ράτευ
3621 4199 3718 4253 μα,

2132 4270 2282 4335 ἔθνος
2308 4272 2480 4341 ἅγιον,
2508 4270 2743 4333 λαὸςέἱς
2771 4268 3375 4342 περιποίηωνρνύμφη
3442 4273 3722 4328 κεκαλλω-

448 4376 617 4424 runt:
663 4368 955 4440 exceptitia
976 4407 992 4432 ,
1041 4376 1096 4423 et
1124 4367 1386 4447 decimae,
1421 4373 1476 4423 et
1508 4366 1762 4436 primitiae
1804 4365 2029 4421 Christo

2144 4363 2368 4435 πισμένη
2398 4362 2587 4433 Κυρίῳ
2613 4360 2691 4433 τῷ
2719 4360 2857 4432 θεῷ.
2886 4360 3180 4431 Ἐκκλησία
3212 4363 3442 4433 μεγάλη,
3488 4365 3719 4434 Ἐκκλη-

454 4463 700 4537 pontiﬁci
731 4470 786 4519 et
815 4461 1089 4517 ministris
1108 4460 1231 4531 ejus
1257 4475 1271 4510 :
1302 4459 1529 4515 decima:
1558 4459 1839 4523 salutaris,
1878 4460 2029 4530 prin-

2144 4456 2225 4509 σία
2252 4455 2421 4526 πιστὴ
2444 4496 2459 4521 ,
2487 4452 2525 4508 ἃ
2552 4453 2816 4526 πρότερον
2843 4451 3076 4525 ἐρρέθη,
3107 4451 3202 4507 νῦν
3244 4454 3522 4519 ὲνωτίζου·
3553 4457 3717 4527 ἀφαι-

444 4554 650 4625 cipium
699 4553 942 4609 nominis
970 4550 1123 4608 Jesu.
1154 4550 1320 4616 Audi,
1352 4564 1511 4606 sacra
1537 4550 1809 4606 catholica
1839 4550 2029 4606 Eccle-

444 4651 548 4717 sia,
577 4664 699 4719 qua:
720 4648 908 4703 decem
934 4645 1057 4700 illas
1086 4644 1276 4715 plagas
1297 4641 1561 4714 eﬁ'ugisti,
1591 4652 1647 4699 et
1667 4643 1855 4699 decem
1902 4644 2024 4701 illos

445 4757 728 4798 sermones
755 4756 852 4797 seu
879 4738 1209 4807 Deealogum
1250 4736 1534 4807 accepisti,
1561 4745 1616 4791 et
1670 4735 1841 4807 legem
1875 4736 2020 4791 didi-

512 4856 557 4889 ⁸⁹
597 4855 660 4911 L.
709 4855 798 4917 Ὠς
826 4853 1019 4914 αὑτάς.
1090 4850 1135 4882 ⁹⁰
1175 4850 1249 4906 is.
1282 4865 1405 4917 Lill,
1432 4850 1604 4916 4,12.
1678 4849 1722 4880 ³³
1767 4847 1932 4907 Num.
1957 4864 2046 4905 xvr

2149 4849 2202 4914 1,
2237 4848 2291 4903 8.
2366 4849 2415 4883 ³³
2447 4847 2585 4903 ibid.
2620 4845 2708 4901 12.
2786 4845 2833 4877 ⁸³
2863 4843 3038 4900 Exod.

443 4943 542 4995 xu,
570 4927 672 4996 25;
694 4927 715 4981 ι
737 4924 855 4981 Pet.
891 4939 955 4989 ιι,
979 4922 1034 4978 9.

2137 4550 2346 4621 ρὲματα
2365 4590 2379 4615 ,
2410 4546 2506 4602 καὶ
2532 4546 2791 4613 δεκάται,
2818 4544 3065 4616 ἀπαρχαὶ
3089 4543 3169 4615 τῷ
3208 4545 3456 4619 ἀρχιερεῖ
3496 4550 3718 4622 Χριστῷ

2132 4643 2227 4696 καὶ
2252 4644 2364 4705 τοῖς
2393 4636 2798 4711 λειτουργοῦσιν
2826 4636 2995 4707 αὐτῷ,
3012 4637 3235 4690 δεκάται
3265 4639 3716 4714 σωτηρίου,ἀρχὴ

2125 4736 2388 4809 ὀνόματος
2403 4733 2577 4806 Ἰησοῦ
2606 4730 2740 4805 (74).
2776 4732 2996 4796 Ἀκουε,
3029 4729 3149 4803 ἱερὰ
3178 4731 3441 4806 καθολικὴ
3484 4736 3713 4808 Ἐκκλη..

3085 4859 3200 4909 nx,
3231 4844 3287 4912 5,
3320 4845 3374 4901 6.
3451 4846 3501 4880 9"
3543 4849 3713 4908 Hebr.

1755 5033 2120 5090 VARIORUM
2160 5031 2394 5089 NOTAE}.

508 5161 619 5234 (69)
650 5161 970 5234 Ὡσαύτως.
995 5158 1144 5234 Bene
1165 5154 1722 5234 conjecitgotelerius
1744 5156 1820 5219 ὡς
1838 5155 2021 5221 αὑτός.

442 5224 534 5290 Sic
552 5224 699 5288 enim
723 5224 998 5302 legitur‘in
1032 5224 1357 5302 alterocod.
1384 5224 1720 5302 Υἱηόιψοοτ.

511 5303 623 5376 (70)
650 5304 749 5373 Μὴ
777 5295 890 5373 γὰρ
919 5300 1135 5372 νόμιζε.
1169 5299 1315 5355 idem
1338 5297 1413 5370 μὴ
1431 5295 1700 5368 νομίζετε,
1728 5312 1839 5353 non
1861 5297 2024 5355 male.

437 5375 621 5499 11³771)
646 5443 914 5498 Πάντων.
945 5442 1110 5499 Deest
1133 5441 1189 5496 in
1219 5441 1393 5496 altero
1420 5454 1526 5495 ms.
1559 5437 1724 5493 Vind.
1766 5438 1846 5493 in.

530 5445 589 5497 71
646 5444 914 5498 Πάντων.
945 5444 1110 5499 Deest
1133 5444 1189 5496 in
1219 5444 1393 5496 altero
1420 5454 1526 5495 ms.
1560 5444 1724 5493 Vind.
1767 5444 1846 5493 In.

506 5444 621 5636 (Ἱῦ
649 5514 933 5584 Φάγεσθε.
984 5515 1133 5570 Idem
1164 5513 1329 5568 habet
1356 5510 1650 5583 φάγεσθαι,
1687 5510 1793 5565 hoc
1828 5517 1935 5574 cst,
1967 5517 2027 5563 ut

506 5602 577 5636 me
617 5596 774 5636 antur
798 5602 830 5636 a
850 5585 1014 5636 vobis.
1049 5581 1132 5634 ID.

435 5581 774 5639 comedamur
798 5602 830 5638 a
850 5585 1014 5640 vobis.
1049 5581 1132 5634 ID.

508 5656 622 5726 (75)
660 5655 773 5709 Καὶ
798 5655 1034 5720 θυσίας.
1076 5654 1194 5726 Non
1225 5654 1344 5726 sine
1374 5668 1539 5726 causa
1569 5652 1765 5708 Photio
1791 5651 2023 5726 critico-

436 5722 556 5781 rum
606 5722 843 5779 maximo
912 5725 1195 5796 displicuit
1249 5722 1696 5779 Constitutionum
1753 5722 2014 5792 phrasis,

2128 5150 2531 5221 ἀνακολοὺθοις
2578 5150 2815 5221 aliisque
2862 5149 3010 5206 vitiis
3058 5148 3332 5205 sermonis
3380 5148 3703 5221 abundans.

2127 5223 2491 5291 Quamobrem
2523 5220 2614 5275 hic
2640 5220 2866 5277 coactus
2900 5237 3022 5277 sum
3051 5237 3160 5275 non
3192 5228 3303 5274 tam
3327 5220 3395 5275 ad
3414 5221 3583 5275 verba
3634 5232 3709 5272 al-

2126 5290 2383 5357 tendere,
2422 5307 2587 5362 quam
2624 5292 2695 5346 ad
2724 5308 2970 5356 sensum,
3002 5300 3060 5362 et
3092 5290 3161 5346 ad
3196 5297 3404 5362 textum
3439 5291 3706 5362 Numero-

2130 5380 2253 5420 rum
2276 5404 2294 5431 ,
2326 5361 2421 5433 qui
2439 5360 2691 5433 carptim
2722 5365 2944 5418 citatur.
2982 5361 3163 5431 Atque
3202 5361 3370 5417 simili
3413 5361 3579 5417 modo
3626 5360 3705 5433 ia-

2129 5431 2387 5492 ciendum
2435 5447 2581 5503 saepe
2619 5432 2723 5487 fuit
2774 5433 3165 5504 interpretibus
3210 5433 3443 5503 hujusce
3495 5431 3699 5503 operis.

2131 5506 2310 5647 mai)
2342 5574 2521 5644 Ἀρχὴ
2550 5573 2840 5647 όνιξματος
2871 5573 3106 5647 ξιηᾳοίῦ.
3125 5571 3381 5647 Forsitan
3413 5574 3699 5647 isteiocus

2128 5643 2472 5702 occasionem
2524 5644 2818 5712 praebuerit
2864 5644 2922 5700 S.
2956 5643 3263 5714 Epiphanio
3310 5646 3382 5698 ita
3423 5643 3695 5699 scribendi

2129 5718 2320 5774 haeresi
2374 5719 2429 5787 8,
2476 5716 2717 5774 sectione
2763 5714 2795 5770 6
2823 5735 2836 5773 :
2865 5717 2973 5770 Καὶ
3003 5713 3085 5789 rp
3135 5716 3249 5767 ἐκεῖ
3296 5715 3692 5774 ἁποδεκάτωσις
