4080 6260
437 399 543 455 675
1285 397 1340 452 S.
1376 393 1770 452 CLEMENTIS
1802 393 1820 446 l
1858 390 2022 448 ROM.
2065 391 2264 448 PONT.
2300 391 2525 450 OPERA
2561 392 2786 451 DUBIA.
3557 393 3662 451 676

434 521 603 582 ditur,
625 515 732 572 nisi
753 530 850 586 per
873 514 1174 570 Christum.
1195 511 1372 578 Quare
1401 510 1467 564 ad
1496 509 1747 565 eumdem
1775 507 1984 562 modum

2099 507 2260 561 πλέον
2291 507 2870 580 παρῤησιαζέσθωσαν.
2917 505 3050 562 Οὐδὲ
3089 505 3199 578 γὰρ
3239 505 3318 577 τῷ
3356 509 3664 579 παντοκρά-

433 623 772 681 quaecunque
817 608 1006 662 volunt
1046 605 1206 668 laici,
1248 619 1345 675 per
1395 604 1683 658 diaconum
1738 599 1984 669 episcopc

2099 615 2222 670 τορι
2252 599 2371 670 Θεῷ
2400 599 2716 670 προσελθεῖν
2746 599 2912 658 ἐστιν,
2943 599 3037 653 ἐὰν
3069 599 3143 670 μὴ
3169 599 3256 652 διὰ
3281 599 3376 651 τοῦ
3403 600 3660 670 Χριστοῦ.

434 700 821 767 manifestent;
871 707 1034 768 atque
1097 699 1172 751 ita
1222 695 1550 751 sententiam
1617 693 1765 748 illius
1822 692 1984 745 adim-

2098 691 2283 755 Οὕτως
2310 693 2403 745 καὶ
2446 694 2496 744 οί
2541 692 2717 745 λαῖκοὶ
2744 692 2918 744 πάντα
2945 692 3044 744 ὅσα
3093 691 3367 760 βούλονται
3392 728 3408 755 ,
3443 690 3531 744 διὰ
3566 691 3662 744 τοῦ

434 794 634 863 pleant.
668 791 802 846 Nam
833 790 976 861 apud
1005 789 1238 859 priorem
1269 801 1485 856 quoque
1520 785 1780 855 populum
1801 823 1816 849 ,
1848 782 1984 838 nihil

2095 782 2343 837 διακόνου
2374 784 2584 856 φανερά
2611 784 2689 855 τῷ
2718 785 3000 855 ὲπισκόπῳ
3030 784 3372 848 ποιείτωσαν,
3403 783 3496 837 καὶ
3521 783 3666 838 οὕτω

435 886 578 941 sacri
608 886 663 938 in
694 884 896 953 templo
933 889 1028 936 aut
1068 879 1395 935 oﬂ'erebatur
1416 917 1432 942 ,
1465 884 1558 930 aut
1605 876 1766 930 ﬁebat
1792 876 1984 944 absque

2097 877 2239 932 κατὰ
2264 877 2328 932 τὸ
2353 877 2542 932 δοκοῦν
2568 878 2761 948 ἐκείνῳ
2787 877 3201 931 ὲπιτελείτωσαν
3217 893 3231 906 ·
3255 876 3377 930 οὐδὲ
3402 874 3511 947 γὰρ
3531 873 3668 950 πρό-

427 971 734 1024 sacerdote.
765 991 782 1022 c
805 971 968 1026 Labia
994 970 1138 1025 enim
1170 967 1469 1023 sacerdotis
1494 965 1806 1022 custodient
1825 967 1984 1022 scient

2094 987 2252 1043 τερον
2281 973 2338 1024 ὲν
2367 971 2444 1042 τῷ
2474 970 2604 1041 ἱερῷ
2641 968 2892 1039 ἀγίασμά
2918 986 2970 1022 τι
2997 969 3365 1041 προσεφέρετο
3392 969 3425 1041 ἢ
3455 967 3668 1040 ἐγίνετο
3695 1043 3698 1046 _
3723 997 3734 1018 ξ

431 1060 583 1124 tiam,
611 1071 664 1115 et
713 1064 881 1128 legem
921 1063 1200 1133 requirent
1229 1080 1292 1118 ex
1317 1080 1412 1120 ore
1443 1064 1585 1135 ejus,
1625 1083 1644 1118 ι
1693 1063 1771 1119 ait
1797 1064 1984 1120 alicubi

2097 1064 2225 1119 ἄνευ
2252 1061 2348 1116 τοῦ
2379 1062 2584 1134 ἱερέως.
2619 1082 2638 1115 ε
2666 1061 2833 1133 Χείλη
2853 1061 2961 1132 γὰρ
2991 1061 3178 1132 ἱερέως
3205 1059 3496 1129 φυλάξεται
3731 1135 3736 1140 ι

427 1159 710 1222 propheta,
737 1174 756 1209 ς
777 1157 900 1226 quia
917 1157 1140 1228 angelus
1155 1157 1368 1212 Domini
1384 1161 1769 1230 omnipotentis
1784 1172 1867 1220 est
1890 1166 1950 1218 ".
1964 1181 1984 1216 ι

2099 1173 2204 1220 σιν,
2226 1157 2321 1210 καὶ
2347 1155 2508 1226 νόμον
2538 1153 2738 1226 ὲκζητή
2747 1171 2931 1207 σουσιν
2961 1155 3024 1207 ἐκ
3041 1153 3135 1207 τοῦ
3157 1153 3419 1224 στόματος
3436 1143 3708 1220 αὑτοῦςὲϋ

431 1247 585 1312 Quod
632 1248 678 1302 si
709 1247 1014 1302 daemonum
1051 1247 1291 1301 cultores
1329 1245 1384 1299 in
1414 1243 1750 1300 detestandis
1776 1250 1831 1296 et
1856 1242 1984 1296 abo-

2095 1248 2229 1318 φησί
2257 1264 2358 1301 που
2386 1248 2415 1300 6
2455 1247 2760 1318 προφήτης,
2821 1265 2839 1298 t
2866 1247 2946 1299 ὅτι
2989 1245 3214 1313 ἄγγελος
3233 1246 3438 1317 Κυρίου
3465 1243 3680 1299 παντο-’

433 1340 708 1394 minandis
739 1354 802 1392 ac
831 1339 1060 1408 impuris
1084 1337 1363 1407 Deumque
1395 1335 1794 1391 offendentibus
1817 1334 1984 1391 sacris

2093 1339 2362 1410 κράτορός
2389 1339 2554 1392 ἐστιν.
2585 1355 2604 1388 ι
2629 1338 2692 1390 Εἰ
2720 1337 2829 1409 γὰρ
2855 1339 2905 1390 οἱ
2949 1337 3057 1391 τῶν
3084 1336 3349 1408 δαιμόνων
3395 1335 3662 1407 θεραπευ-

430 1431 569 1494 suis,
601 1430 882 1499 hucusque
912 1440 1100 1487 sancta
1124 1443 1188 1484 ac
1212 1428 1397 1484 divina
1426 1428 1747 1482 aemulantur
1771 1445 1786 1481 :
1818 1440 1984 1496 quan-

2090 1432 2183 1484 ται⁹
2209 1432 2267 1484 ἐν
2296 1433 2409 1494 τοῖς
2440 1431 2703 1501 μυσαροῖς
2747 1430 2841 1483 καὶ
2870 1429 3172 1500 βδελυκτοῖς
3197 1429 3290 1482 καὶ
3331 1428 3660 1500 ἀκαθάρτοις

428 1537 592 1592 quam
620 1537 750 1576 vero
776 1521 1184 1596 comparatione
1208 1521 1362 1584 inita,
1394 1519 1709 1590 longissime
1735 1533 1765 1571 a
1787 1517 1984 1573 sanctis

2093 1523 2560 1595 προσοχθίσμασιν
2602 1522 2934 1598 αὑτῶν-ἄχρι
2960 1520 3054 1574 τοῦ
3081 1520 3238 1591 δεῦρο
3279 1520 3348 1573 τὰ
3395 1520 3527 1587 ἅγια
3572 1539 3662 1591 μι-

427 1613 759 1667 σωνίπιοηίἱε
784 1612 1116 1668 secernenda
1150 1614 1221 1667 sit
1247 1611 1604 1667 exsecrabilis
1627 1609 1984 1680 superstitio:

2095 1615 2338 1684 μοῦνται·
2362 1615 2456 1667 καὶ¹
2488 1614 2701 1686 μακρὰν
2725 1615 2820 1684 μὲν
2839 1613 2930 1666 ἐπὶ
2951 1613 3286 1683 συγκρίσεως
3302 1610 3363 1663 τὸ
3393 1611 3660 1682 βδέλυγμα

429 1705 476 1760 si
497 1711 678 1758 tamen
712 1704 767 1758 in
792 1704 1142 1759 illusionibus
1172 1704 1310 1765 suis,
1332 1703 1470 1757 nihil
1498 1703 1618 1758 sine
1642 1701 1776 1756 falso
1807 1716 1984 1756 sacer-

2091 1705 2410 1778 κεχωρίσθω
2428 1707 2535 1759 τῶν
2569 1705 2754 1775 ἀγίων·
2779 1704 2916 1762 πλὴν
2935 1705 2992 1758 ὲν
3013 1707 3124 1767 τοῖς
3157 1702 3534 1774 ὲμπαίγμασιν
3562 1704 3662 1757 αὑ-

427 1798 551 1851 dote
581 1796 1031 1866 oii'erunt,neque
1058 1795 1330 1859 eliiciunt;
1366 1794 1475 1848 imo
1500 1793 1650 1847 illum
1680 1793 1984 1863 pontiﬁcem

2089 1801 2217 1864 τῶν,
2232 1802 2355 1855 ἀνευ
2370 1798 2461 1852 τοῦ
2479 1798 2724 1870 μηερέως
2737 1797 2809 1867 (2)
2825 1796 2973 1850 οὐδὲν
2988 1794 3401 1868 προσφέρουσιν,
3413 1793 3536 1847 οὐδὲ
3548 1794 3659 1845 ἑπι-

425 1906 526 1960 pro
563 1890 804 1960 lapidum
835 1904 900 1942 ac
941 1888 1208 1942 idolorum
1251 1900 1346 1939 ore
1394 1885 1616 1948 habent,
1648 1892 1811 1954 atque
1857 1881 1989 1953 quid

425 1982 607 2036 facere
640 1981 832 2050 jubeat
861 1985 1200 2048 exspectant,
1231 1983 1291 2031 ut
1317 1975 1584 2046 quidquid
1609 1976 1839 2044 jusserit
1866 1991 1990 2045 per-

425 2072 630 2134 ﬁciant,
673 2080 788 2125 tum
828 2072 1032 2139 absque
1062 2085 1128 2123 eo
1175 2068 1381 2122 faciunt
1423 2067 1589 2128 nihil,
1629 2068 1988 2136 eumdemque

421 2161 696 2218 ﬂaminem
730 2164 936 2216 honore
965 2167 1394 2232 prosequuntur,
1427 2157 1601 2228 ipsius
1631 2172 1829 2212 nomen
1859 2173 1990 2227 quo-

424 2271 532 2326 que
557 2254 868 2311 venerando
889 2294 904 2318 ,
936 2254 1004 2307 ad
1032 2253 1293 2306 honorem
1326 2248 1748 2302 inanimatarum
1779 2257 1988 2304 statua.

419 2364 566 2412 rum,
601 2355 654 2402 et
702 2347 769 2401 ad
812 2347 1017 2400 cultum
1058 2343 1418 2412 malignorum
1449 2339 1762 2410 spirituum.
1795 2337 1852 2393 Si
1883 2339 1983 2404 illi,

421 2441 667 2512 inquam,
692 2439 783 2508 qui
811 2452 951 2492 vana
971 2443 1025 2492 et
1051 2435 1188 2489 falsa
1209 2433 1522 2503 Opinantur,
1544 2446 1804 2502 spemque
1829 2447 1984 2487 suam

421 2535 572 2587 nulla
596 2534 648 2586 in
705 2547 763 2586 re
793 2530 1052 2594 solidant,
1085 2528 1289 2582 imitari
1330 2533 1513 2580 tamen
1572 2535 1792 2581 sanctos
1843 2525 1984 2578 ritus

422 2625 642 2680 student
668 2644 680 2678 :
711 2630 916 2694 quanto
945 2621 1154 2692 aequius
1179 2628 1264 2676 est
1294 2635 1412 2684 vos,
1443 2635 1677 2690 quorum
1709 2619 1843 2674 ﬁdes
1866 2618 1983 2673 evi-

419 2717 741 2773 dentissima
766 2757 780 2782 ,
816 2732 942 2786 spes
988 2713 1295 2770 certissima
1324 2720 1442 2778 est,
1479 2719 1535 2767 et
1574 2727 1603 2766 a
1639 2711 1840 2782 quibus
1889 2726 1983 2765 ex-

420 2817 701 2878 spectatur
731 2808 988 2879 gloriosa,
1021 2813 1304 2876 perpetua,
1330 2820 1394 2860 ac
1430 2805 1643 2860 stabilis
1687 2805 1983 2874 repromis-

419 2901 536 2967 sio;
557 2900 802 2956 venerari
825 2901 878 2954 in
894 2898 1232 2955 antistitibus
1259 2897 1549 2952 Dominum
1573 2897 1765 2963 Deum,
1793 2907 1847 2954 et
1869 2899 1976 2954 exi-

420 2995 643 3049 stimare
668 2993 956 3064 episcopos
978 3007 1100 3047 esse
1127 3007 1189 3046 os
1217 2989 1353 3044 Dei?

968 3169 1197 3226 CAPUT
1238 3168 1428 3223 XXIX.

653 3264 784 3330 Quae
813 3265 881 3319 sit
912 3264 1142 3332 dignitas
1167 3263 1395 3332 episcopi
1422 3272 1470 3315 et
1500 3261 1734 3318 diaconi.

485 3354 620 3410 Nam
646 3358 691 3411 si
717 3358 919 3422 Aaron,
942 3356 1070 3426 quia
1101 3355 1289 3421 verba,
1313 3353 1515 3422 Moysis
1537 3354 1758 3412 nomine
1785 3355 1980 3412 detulit
2041 3353 2043 3362 ’

491 3535 534 3565 ¹³
567 3534 687 3590 Ilal.
724 3553 785 3601 ιι,
811 3537 860 3593 7.

2089 1891 2352 1954 τελοῦσιν,
2370 1890 2503 1944 ἀλλά
2525 1890 2697 1960 στόμα
2717 1888 2936 1959 νομίζου
2945 1905 2995 1941 σι
3015 1887 3120 1955 τῶν
3142 1885 3302 1939 λίθων
3318 1886 3408 1939 τὸν
3428 1885 3655 1957 μηερέα,

2091 1982 2472 2054 περιμένοντες
2499 1981 2550 2034 τί
2593 1979 2884 2053 προστάξει
2912 1981 3083 2032 ποιεῖν
3114 1980 3330 2052 αὐτοῖς,
3361 1979 3452 2032 καὶ
3481 1979 3658 2032 πάντα

2089 2072 2125 2125 ἃ
2152 2073 2217 2126 ἂν
2245 2071 2522 2145 προστάξῃ
2552 2073 2734 2136 αὐτοῖς
2754 2112 2769 2136 ,
2800 2073 2982 2125 ἐκεῖνα
3017 2070 3323 2123 ἐπιτελοῦσι
3347 2110 3361 2133 ,
3393 2072 3486 2124 καὶ
3527 2071 3657 2126 ἀνευ

2088 2163 2253 2217 αὐτοῦ
2283 2164 2527 2218 ποιοῦσιν
2555 2164 2730 2227 οὐθὲν,
2752 2164 2846 2217 καὶ
2871 2161 3099 2233 τιμῶσιν
3119 2161 3278 2216 αὐτὸν
3306 2162 3395 2215 τὸν
3425 2163 3656 2234 μηερέα,

2088 2256 2182 2308 καὶ
2217 2257 2411 2310 σεπτὸν
2438 2255 2603 2310 αὑτοῦ
2631 2256 2891 2326 ἡγοῦνται
2918 2256 2979 2308 τὸ
3018 2255 3210 2325 ὄνομα,
3239 2255 3316 2316 είς
3358 2253 3520 2324 τιμὴν
3546 2254 3656 2310 τῶν

2087 2347 2309 2419 ἀψύχων
2331 2348 2553 2412 ξοάνων,
2583 2349 2676 2402 καὶ
2703 2350 2782 2412 είς
2808 2346 3061 2418 λατρείαν
3085 2347 3192 2399 τῶν
3214 2345 3464 2416 πονηρῶν
3495 2363 3624 2400 πνευ
3641 2378 3656 2390 ε

2091 2439 2295 2510 μάτων.
2345 2441 2410 2493 El.
2447 2436 2540 2494 οῦν
2584 2441 2779 2494 ἐκεῖνοι
2815 2439 3015 2511 μάταια
3057 2440 3150 2492 καὶ
3189 2437 3545 2510 διεψευσμένα
3574 2439 3651 2510 (5)

2087 2531 2418 2597 δοξάζοντες,
2441 2533 2535 2586 καὶ
2567 2533 2653 2584 ἐπ’
2672 2531 2845 2586 οὐδενὶ
2874 2531 3071 2602 βεϐαίῳ
3091 2531 3305 2602 ἔχοντες
3323 2529 3420 2600 τὴν
3447 2530 3652 2583 ἑαυτῶν

2087 2623 2296 2686 ἐλπίδα,
2326 2624 2697 2695 ἐπιτηδεύουσι
2747 2623 3027 2694 μιμεῖσθαι
3066 2623 3133 2675 τά
3185 2621 3333 2689 ἅγιαο
3382 2621 3532 2691 πόσῳ
3575 2621 3651 2674 δί-

2089 2733 2242 2769 καιον
2272 2717 2416 2788 ὑμᾶς
2444 2718 2570 2780 τοὺς
2591 2716 2892 2786 φανοτάτην
2914 2715 3093 2767 πίστιν
3122 2713 3215 2766 καὶ
3243 2712 3446 2782 ἀψευδῆ
3465 2713 3652 2766 ὲλπίδα

2087 2801 2330 2880 ἔχοντας,
2377 2809 2469 2863 καὶ
2497 2809 2703 2872 ἔνδοξον
2733 2807 2806 2879 (4)
2835 2808 2927 2862 καὶ
2954 2807 3169 2860 αἰώνιον
3199 2806 3292 2860 καὶ
3319 2806 3652 2860 ἀδιάπτωτον

2088 2902 2416 2970 ἐπαγγελίαν
2448 2901 2928 2972 ἀπεκδεχομένους,
2951 2902 3113 2970 τιμᾷν
3140 2898 3227 2951 διὰ
3245 2898 3351 2952 τῶν
3377 2897 3653 2970 προεστὼ-

2086 3010 2191 3047 των
2223 2994 2422 3065 Κύριον
2451 2993 2539 3046 τὸν
2586 2993 2736 3057 Θεὸν,
2773 2993 3106 3064 ἡγουμένους
3136 2992 3307 3062 στόμα
3334 2990 3468 3044 Θεοῦ
3511 2985 3650 3044 εἶναι

2086 3088 2212 3149 τοὺς
2239 3085 2566 3148 ἐπισκόπους
2589 3103 2603 3147 ;

2585 3176 2975 3229 ΚΕΦΔΔΑῙΟΝ
3013 3174 3140 3230 ΚΘ’.

2144 3271 2238 3336 Τίς
2268 3271 2306 3337 ἠ
2334 3269 2475 3334 ἀξιά
2500 3268 2604 3323 τοῦ
2633 3269 2967 3321 ἐπισκόπου
2993 3306 3008 3331 ,
3039 3266 3135 3319 καὶ
3161 3267 3266 3322 τοῦ
3295 3266 3592 3320 διακόνου.

2156 3363 2220 3416 Ei
2250 3361 2357 3433 γὰρ
2374 3359 2578 3433 Ἀαρὼν
2601 3359 2675 3432 (5)
2697 3398 2712 3424 ,
2747 3360 2932 3430 ἐπειδὴ
2953 3360 3168 3430 ἧγγειλε
3199 3359 3276 3429 τῷ
3319 3357 3515 3431 Φαραὼ
3541 3374 3651 3414 περ

1712 3699 2076 3758 VARIORUM
2107 3700 2338 3757 NOTAE.

415 3874 806 3946 niqueyltimo
851 3875 1105 3946 loquendi
1144 3877 1308 3932 modo
1337 3877 1510 3931 utitur
1543 3874 1773 3946 Optatus
1801 3876 1896 3930 lib.
1932 3891 1971 3934 ι.

2080 3875 2258 3930 dorito
2294 3899 2304 3933 :
2342 3874 2473 3928 Ecce
2516 3877 2770 3930 constitui
2810 3887 2856 3931 te
2902 3879 3056 3930 deum
3096 3877 3388 3931 Pharaonis
3415 3892 3435 3931 :
3459 3889 3506 3932 et
3539 3879 3648 3930 Aa-

573 3933 674 4012 39;
705 3953 760 4000 et
787 3946 879 4001 lib.
913 3933 978 4008 ιί,
1008 3962 1130 4018 pag.
1160 3948 1248 4015 55,
1281 3954 1441 4016 atque
1470 3963 1534 4018 ex
1561 3933 1627 4002 eo
1656 3933 1975 4002 Theodorus
2081 3962 2177 4000 ron
2207 3948 2373 4016 frater
2414 3957 2534 4018 tuus
2580 3948 2680 4018 erit
2721 3947 2971 4016 propheta
3004 3957 3143 4001 tuus.
3175 3991 3187 4002 .
3214 3990 3226 4001 .
3253 3989 3265 4002 .
3298 3947 3364 4002 Id
3399 3965 3515 4003 vero
3545 3967 3646 4018 quo

461 3962 541 4069 ag.
573 3962 674 4012 ou;
705 3962 760 4000 et
787 3962 879 4001 no.
913 3963 975 4008 ιι,
1008 3962 1130 4018 pag.
1160 3962 1248 4015 5.5,
1281 3962 1441 4016 atque
1470 3963 1534 4000 ex
1561 3963 1627 4002 eo
1657 3962 1688 3999 '1
1705 3962 1970 4002 neouurus

461 4032 492 4070 a
517 4031 706 4071 samon
753 4019 974 4086 exponit
1017 4033 1281 4072 canonem
1323 4019 1410 4081 10,
1457 4017 1970 4071 Νεουωεοιδὶεηεεηι.

416 4083 792 4141 Observarunt
823 4083 998 4142 etiam
1027 4088 1131 4142 viri
1181 4089 1349 4151 docti,
1385 4089 1438 4142 in
1493 4103 1701 4140 canone
1747 4086 1978 4142 Eliberi-

418 4166 554 4228 tano
577 4156 667 4219 55,
694 4158 1050 4228 presbyteros
1077 4159 1346 4213 ministros
1381 4158 1663 4227 appellari.
1695 4157 1831 4211 Cor.

488 4226 564 4298 (2)
609 4225 719 4298 Τοῦ
739 4225 1019 4298 μηερἐς.
1055 4228 1172 4282 Dixi
1207 4229 1273 4282 ad
1305 4225 1565 4298 Bariial-aa
1590 4243 1709 4296 cap.
1736 4228 1788 4281 9.
1823 4227 1977 4280 Addo

2079 4020 2275 4084 pacto?
2307 4059 2318 4071 .
2351 4058 2363 4070 .
2394 4059 2406 4071 .
2435 4058 2447 4072 .
2479 4016 2704 4072 Perinde
2744 4035 2804 4071 ac
2858 4019 2992 4072 Deus
3039 4020 3374 4086 prwcipiebat
3416 4016 3648 4073 instrue-

2084 4087 2271 4157 batque
2300 4086 2498 4159 Mosem
2516 4127 2529 4150 ,
2551 4086 2723 4141 Moses
2755 4088 2935 4142 Aaron
2961 4089 3131 4159 ipsum
3161 4089 3466 4143 instituebat
3485 4105 3648 4159 ειμι.)-

2082 4159 2224 4210 circa
2257 4158 2509 4226 propheta
2546 4159 2716 4211 dictus
2757 4168 2835 4212 est
2883 4160 3064 4211 Aaron
3097 4157 3285 4226 fratris
3315 4160 3420 4221 sui,
3461 4158 3514 4211 id
3531 4157 3642 4220 est,

2082 4228 2332 4296 interpres
2352 4225 2370 4290 ζ
2403 4225 2576 4298 Moses
2617 4245 2732 4281 vero
2793 4228 2921 4282 deus
2960 4225 3280 4298 Pharaonis,
3307 4229 3459 4298 quasi
3480 4228 3647 4296 judea:

414 4296 584 4362 nunc,
614 4296 796 4368 forsan
820 4297 1223 4368 abuEpiphanio
1253 4297 1623 4368 Epimenidem
1648 4298 1974 4368 appellatum
2079 4307 2129 4368 et
2160 4299 2438 4368 magister.
2472 4296 2590 4368 Quo
2628 4300 2684 4351 iit
2716 4305 2775 4351 ut
2817 4299 3082 4368 scriptum
3118 4296 3364 4352 videatur
3390 4313 3418 4368 a
3449 4313 3646 4368 magno

417 4368 584 4422 fuisse
608 4367 797 4438 μιερέα
826 4366 920 4419 τοῦ
952 4366 1619 4439 παρὰ-Κρησὶνίείδωλίου,
1642 4383 1749 4439 non
1785 4367 1972 4439 piepa,

453 4439 561 4492 uod
595 4437 760 4492 sensu
794 4439 944 4492 nullo
987 4437 1082 4492 aut
1109 4437 1248 4494 falso
1285 4438 1610 4503 ediderunt,
1641 4437 1833 4492 haeresi
1863 4437 1933 4490 42
1957 4475 1972 4500 ,

2086 4366 2401 4437 interprete,
2429 4367 2532 4420 hoc
2563 4367 2676 4422 fere
2703 4369 2863 4421 modo
2890 4390 2900 4422 :
2933 4366 3059 4431 Πῶς
3088 4368 3302 4434 ἐγένετο
3327 4366 3420 4419 τοῦ
3449 4366 3647 4437 Φαραὼ

2092 4436 2212 4508 θεὸς
2231 4435 2266 4489 6
2295 4437 2534 4508 Μωσῆς,
2569 4438 2663 4490 καὶ
2707 4437 2800 4489 τοῦ
2831 4439 3083 4508 Μωσέως
3111 4441 3396 4508 προφήτης
3437 4435 3645 4508 ’Λάμον

2081 4506 2546 4579 ῥίάδελφὸς-αὐτοῦ
2568 4525 2582 4571 ;
2607 4549 2620 4562 .
2647 4549 2660 4561 .
2689 4548 2702 4560 .
2724 4548 2743 4579 ι
2768 4509 2974 4579 Ὥσπερ
3002 4511 3030 4561 ό
3057 4506 3198 4579 Θεὸς,
3215 4506 3541 4579 προσέταττε
3568 4506 3648 4576 τῷ

482 4543 1005 4716 ἓξξλιεὶῖέγσέιένιι.
1045 4577 1412 4649 Ἐψευσμένα,
1447 4577 1563 4632 cod.
1590 4576 1748 4659 Vind.
1767 4579 1860 4631 alt.
1878 4582 1974 4636 CL.

506 4647 539 4699 4
599 4647 709 4701 Καὶ
749 4665 820 4702 εν
858 4647 1022 4711 οξον.
1075 4647 1167 4702 Hae
1209 4650 1329 4702 duae
1391 4662 1554 4703 voces
1584 4687 1598 4712 ,
1649 4648 1980 4716 totidemque

2087 4543 2550 4649 summa“;
2568 4543 3648 4656 ἰιίὼὲῆςζῌ’ῗὶα”ρέ›ὖζᾌὶἓ’ἒῗἓἆῖἷῷ

2087 4647 2257 4716 φήτης
2297 4648 2326 4698 6
2367 4646 2574 4716 Ἀαρὼν
2627 4648 3036 4716 προσηγορεύθη
3079 4663 3173 4698 του
3189 4647 3645 4716 Μωσέωςντουτ-

413 4454 561 4506 quoa
595 4454 745 4492 sensi

417 4522 470 4576 ι).
503 4507 629 4562 562.
668 4507 745 4562 ln.

599 4647 709 4701 Kal
749 4647 1022 4711 ἔνδοξον.
1075 4647 1167 4702 Hae
1209 4647 1329 4702 duae
1373 4662 1554 4718 ivoces
1584 4687 1598 4712 ,
1649 4648 1980 4718 totidemque

413 4731 505 4786 seq
555 4759 567 4772 .
599 4719 800 4773 absunt
832 4718 900 4772 ab
929 4720 1102 4773 altero
1131 4718 1338 4772 codice.
1371 4717 1446 4772 In.
1893 4717 1900 4718 ί

485 4733 565 4842 (ἓ)
603 4790 673 4841 Ei
717 4787 827 4842 γὰο
867 4787 1105 4842 Ἀαρών.
1145 4788 1310 4842 Sacra
1341 4790 1449 4842 duo
1477 4788 1642 4842 Mosis
1670 4795 1724 4842 et
1753 4788 1945 4842 Aaroni

485 4787 565 4856 (5)
603 4790 673 4841 Et
717 4787 827 4856 γὰρ
867 4787 1105 4856 Ἀαρών.
1145 4788 1310 4842 Sacra
1341 4790 1449 4843 duo
1477 4788 1642 4843 Mosis
1670 4795 1724 4842 et
1753 4788 1982 4843 Aaronis

485 4787 573 4911 (δὲ
603 4790 673 4841 Et
707 4787 827 4910 ἆεᾲρ
867 4787 1105 4870 ξΑαρών.
1145 4788 1310 4842 Sacra
1341 4790 1449 4870 duo
1477 4788 1642 4843 Mosis
1670 4795 1732 4870 et.
1753 4788 1979 4843 Aaronis

414 4855 542 4938 Epit
579 4867 661 4938 eta
757 4859 1113 4938 iluculayerat
1151 4857 1517 4938 :I‘heodoruus
1546 4868 1845 4938 quiestione
1889 4858 1979 4938 17,

425 4943 468 4979 ἠ
503 4927 782 4992 Exodum;
829 4927 923 4982 sed
965 4929 1110 4983 illius
1135 4930 1429 4984 declaratio
1466 4927 1626 4984 hodie
1657 4943 1847 4982 manca
1874 4936 1980 4992 est,

416 4998 692 5085 ξιιμ-ἰεοὲθέ
730 5005 785 5085 et
814 4999 1224 5085 tenebris~plus
1255 5014 1415 5085 quam
1461 4998 1772 5085 Cimmeriis
1816 4998 1985 5085 οι)χο-

415 5065 569 5141 luta:
605 5067 729 5141 Πῷς
756 5067 971 5141 ἐγένετο
1001 5065 1347 5141 τοῦ-ξΑαρὼν
1370 5068 1607 5141 λί(η1θ1ἰιιε
1650 5069 1867 5141 codices
1881 5069 1981 5123 He-

515 5136 732 5218 Φαραδο)
773 5135 893 5202 θεὸς
920 5141 947 5192 6
979 5139 1183 5224 θίωσῆς
1203 5157 1216 5204 ;
1240 5135 1256 5193 ξ
1283 5179 1295 5193 .
1322 5180 1336 5194 .
1366 5135 1572 5221 ᾮσπερ
1599 5141 1627 5191 6
1655 5137 1787 5225 Θεὸς
1811 5155 1983 5210 προσ-

476 5224 603 5260 αττε
644 5224 722 5262 τω
751 5209 922 5262 Μωσῆ
942 5248 957 5262 .
985 5227 1155 5262 ουτως
1185 5211 1213 5261 6
1241 5211 1446 5262 Μωσης
1484 5227 1563 5262 τω
1623 5212 1850 5262 Ἀαοων.
1894 5207 1983 5260 Διὸ

415 5207 608 5297 sane
644 5207 722 5277 τῷ
751 5209 923 5297 Mincii
942 5248 957 5272 ,
985 5207 1155 5297 ρῦτως
1241 5209 1446 5278 Μωσῆς
1484 5207 1563 5276 τῷ
1609 5207 1985 5297 ’ἱθαρώνίριὸ

410 5276 478 5400 δἸ
516 5278 609 5331 καὶ
651 5276 936 5350 προφήτής
977 5281 1005 5331 6
1045 5279 1256 5351 Ἀαρὼν
1283 5276 1825 5360 προσηγορεύθη,“τοῦ
1855 5279 1985 5332 Μω-

417 5364 451 5400 σ
479 5366 573 5411 ως.
596 5349 711 5414 Quo
734 5349 889 5404 modo
920 5347 1092 5403 Moses
1117 5350 1220 5419 fuit
1255 5349 1379 5401 deus
1401 5349 1664 5404 Aaronis?
1685 5351 1816 5419 (I_n_io
1842 5348 1985 5400 Pha-

415 5420 639 5487 raonis).
685 5417 1142 5485 Quemadmodum
1192 5418 1333 5472 Deus
1364 5419 1658 5487 imperabat
1696 5417 1870 5484 Mosi,
1907 5419 1986 5470 ita

417 5487 592 5542 Moses
617 5492 836 5545 Aaroni.
873 5491 1227 5555 Quamobrem
1264 5489 1424 5543 etiam
1460 5490 1636 5542 Aaron
1667 5498 1880 5542 vocatus
1908 5495 1987 5541 est

415 5558 671 5628 propheta
729 5560 917 5614 Mosis.
974 5560 1108 5626 Quis
1175 5561 1287 5624 haec
1330 5561 1594 5629 percipiat
1623 5575 1686 5613 ac
1715 5557 1989 5627 explicet?

416 5626 606 5683 Nemo.
643 5629 895 5683 Hercule.
946 5646 1129 5683 nemo.
1184 5629 1300 5683 Nisi
1347 5631 1469 5683 loco
1519 5630 1654 5683 facis
1702 5631 1988 5682 admoveat

416 5633 606 5691 Nemo,
643 5633 895 5694 Hercule,
946 5646 1129 5686 nemo.
1184 5633 1300 5684 Nisi
1347 5633 1469 5684 loco
1519 5633 1654 5684 facis
1702 5633 1988 5682 admoveat

416 5697 672 5753 Catenam
705 5699 1016 5755 Graecorum
1051 5700 1275 5754 Patrum
1307 5701 1359 5753 in
1395 5699 1848 5758 Pentateuchum,
1870 5697 1987 5751 edi-

419 5778 530 5821 tam
563 5770 905 5824 solummodo
931 5769 1140 5832 Latine,
1187 5769 1481 5823 Francisco
1531 5770 1776 5838 Zephyro
1814 5769 1989 5838 i_nter-

421 5847 608 5912 prete;
642 5840 694 5893 in
726 5855 832 5910 qua
876 5841 944 5895 ad
979 5839 1147 5894 Exodi
1187 5849 1347 5911 caput
1372 5855 1444 5894 vn
1477 5836 1767 5909 legitur—ex
1811 5836 1988 5891 Theo-

2122 4645 2257 4718 ήτης
2297 4648 2326 4698 6
2367 4646 2574 4718 Ἀαρὼν
2627 4645 3036 4718 προσηγορεύθή
3079 4645 3173 4718 τοῦ
3189 4645 3645 4718 Μωσέωςητουτ-

2113 4715 2228 4788 στιν
2283 4715 2586 4788 ἑρμηνεύς·
2618 4715 2712 4788 καὶ
2738 4719 2766 4770 6
2793 4715 3000 4788 Μωσῆς
3026 4715 3283 4788 ’θεὸςΑτοῦ
3312 4715 3542 4788 Φαραῲμ,
3571 4718 3648 4780 ὼς

2081 4787 2273 4858 κριτὴς
2316 4785 2424 4858 say
2461 4787 2796 4848 διδάσκαλος.
2819 4785 2966 4858 __Hoc
2990 4795 3073 4841 est
3108 4809 3120 4841 ;
3149 4785 3427 4858 Quomodo
3471 4785 3646 4841 Moses

2083 4856 2186 4925 fuit
2215 4861 2341 4911 deus
2377 4857 2700 4921 Pharaonis,
2729 4866 2778 4910 et
2810 4856 2976 4910 Mosis
3005 4857 3253 4925 propheta
3278 4856 3459 4911 Aaron
3481 4859 3649 4924 frater

2081 4926 2237 4994 ejus?
2295 4926 2752 4992 Quemadmodum
2797 4926 2936 4980 Deus
2972 4929 3226 4983 mandata
3279 4927 3444 4981 dabat
3485 4925 3646 4991 Mosi,

2083 4997 2160 5049 ita
2191 4995 2363 5050 Moses
2399 4997 2623 5052 Aaroni.
2659 4997 2838 5063 Quare
2871 5007 2918 5049 et
2952 4998 3132 5051 Aaron
3170 5009 3384 5052 vocatus
3419 5009 3497 5053 est
3524 5014 3650 5063 pro-

2083 5015 2160 5049 πα
2191 5015 2363 5050 moses
2399 5015 2623 5052 haram.
2659 5015 2838 5063 Quare.
2871 5015 2918 5049 et
2952 5015 3132 5051 naron
3170 5015 3384 5052 vocatus
3419 5015 3497 5053 est
3561 5015 3618 5050 ro

2081 5068 2236 5134 pheta
2261 5065 2450 5130 Mosis,
2484 5068 2579 5121 hoc
2602 5079 2701 5132 est,
2733 5069 3019 5134 interpres;
3045 5077 3096 5120 et
3125 5067 3299 5121 Moses
3345 5074 3471 5123 deus
3505 5015 3621 5121 βίω

2085 5138 2288 5202 raonis,
2320 5145 2378 5189 ut
2401 5138 2568 5206 judea:
2606 5148 2656 5192 et
2700 5140 2970 5208 magister.
3026 5137 3293 5192 Praeclare
3335 5139 3390 5191 in
3441 5139 3646 5208 Catena

2085 5222 2248 5278 manu
2281 5210 2482 5278 scripta
2527 5207 2802 5278 Acaciusrz’
2826 5210 2925 5261 ⁰Ον
2952 5209 3152 5278 τρόπον
3181 5211 3209 5261 ὁ
3237 5208 3366 5271 Θεὸς
3401 5207 3488 5260 διὰ
3514 5225 3555 5259 π

2087 5223 2248 5261 manu
2281 5223 2482 5276 scripta
2527 5223 2759 5262 AcaCltlS
2784 5227 2796 5262 :
2826 5223 2925 5261 "UV
2952 5223 3152 5278 τροπον
3181 5223 3209 5261 ο
3237 5223 3366 5271 υεος
3401 5223 3488 5260 οια
3514 5223 3650 5329 ﬁgo-

2087 5277 3118 5367 φῃτῶγίλεὶεετρῖςέινεέρεδῖτφφςν,ρεξτω
3148 5279 3243 5367 rei
3273 5278 3534 5367 Utens
3563 5275 3650 5367 se

2112 5346 2305 5420 Ᾱαρὼν
2332 5347 2410 5420 τῷ
2435 5346 2651 5420 Φαραώ.
2682 5346 2772 5420 ᾼίὸ
2800 5346 3115 5420 ἑρμηνεύων
3155 5349 3245 5402 τὸν
3289 5348 3413 5401 νοῦν
3441 5346 3534 5401 τοῦ
3563 5346 3649 5399 λό-

2085 5416 2365 5487 γουφησί·
2399 5416 2526 5487 Καὶ
2551 5416 2772 5487 Ἀαρὼν
2803 5416 2846 5487 ὀ
2873 5416 3152 5487 ἀδελφός
3195 5435 3309 5472 σου
3337 5420 3505 5472 ἔσται
3531 5433 3648 5473 σου

2086 5486 2413 5556 προφήτης.
2449 5486 2902 5550 Quemadmodum
2935 5486 3073 5543 Deus
3103 5504 3194 5555 per
3236 5489 3513 5556 prophetas
3554 5487 3650 5540 hd-

2088 5555 2618 5626 minibusﬁloguitur,
2649 5558 2727 5609 ita
2763 5567 2813 5609 et
2855 5555 3028 5611 Moses
3075 5574 3166 5626 per
3205 5555 3467 5612 Aaronem
3509 5557 3650 5611 Pluto

2087 5627 2258 5679 raoni.
2299 5625 2446 5679 Unde
2497 5623 2770 5691 Scriptura
2815 5623 3085 5694 exponens
3105 5645 3313 5682 sensum
3362 5628 3488 5680 dicti
3532 5628 3644 5679 ait:

2094 5715 2113 5746 ι
2161 5695 2227 5747 Et
2258 5696 2440 5748 Aaron
2471 5697 2640 5763 frater
2667 5705 2794 5765 tuus
2828 5700 2928 5750 erit
2964 5709 3083 5750 tuus
3111 5698 3384 5765 propheta.
3428 5717 3445 5748 ι
3476 5696 3647 5765 Lega-

2089 5776 2178 5820 tur
2211 5765 2380 5820 Exod.
2424 5781 2500 5828 Iv,
2532 5766 2618 5819 l6.
2651 5764 2786 5826 Co'r.
2835 5768 2889 5818 In
2934 5764 3255 5820 altero'cod.
3307 5769 3461 5823 abest
3489 5764 3566 5830 ὡς
3591 5772 3646 5818 et

2090 5844 2275 5904 postea
2308 5836 2500 5906 legitur
2571 5836 2622 5887 τί
2653 5836 2811 5906 πείση
2826 5852 2903 5887 ται
2932 5837 3016 5889 ἀν.
3052 5836 3218 5892 Cum
