4080 6260
441 396 542 452 m7
1362 394 1967 456 CONSTITUTIONES
1999 364 2682 459 APOSTOLICE.—LIB.
2720 404 2786 461 ιι.
3576 414 3683 469 678

440 511 511 582 ρὰ
541 510 785 573 Μωσέως
803 510 929 575 τοὺς
955 508 1150 579 λόγους
1168 550 1183 575 ,
1213 515 1501 585 προφήτης
1528 517 1739 587 εῑρηται
1765 557 1779 580 ,
1808 516 1989 586 Μωοῆ.

2122 518 2191 573 ad
2238 517 2598 588 Pharaonem,
2643 520 2907 591 propheta
2948 522 3130 579 dictus
3174 532 3290 591 est;
3337 525 3515 582 Moses
3557 546 3687 584 vero

436 602 491 655 δὲ
530 602 653 665 θεὸς
697 600 793 655 τοῦ
834 602 1066 674 Φαραὼ,
1104 603 1181 667 ὡς
1222 604 1473 674 βασιλεὺς
1513 607 1648 678 όμοῦ
1690 608 1783 661 καὶ
1827 609 1989 679 ἀρχιει

2120 611 2258 667 deus
2280 611 2602 678 Pharaonis,
2638 622 2695 667 ut
2726 630 2819 669 rex
2842 614 3005 669 simul
3032 624 3086 670 et
3110 617 3386 685 pontifex;
3418 621 3684 689 quemad-

437 694 596 764 ρεὺς,
631 692 707 758 ὦς
739 711 902 764 φησιν
948 696 976 747 6
1019 696 1150 760 Θεὸς
1178 698 1314 769 πρὸς
1355 699 1536 753 αὐτόν·
1578 718 1596 751 ι
1635 699 1764 753 Θεὸν
1793 699 1989 753 τέθεικε

2111 705 2333 759 modum
2372 706 2449 759 ait
2488 706 2565 760 illi
2613 705 2797 762 Deus:
2845 725 2865 758 ι
2914 705 3077 763 Posui
3108 716 3162 763 te
3193 709 3355 765 deum
3386 709 3680 777 Pharaoni,

436 803 495 838 σε
523 786 601 857 τῷ
632 786 834 859 Φαραὼ
856 827 870 849 ,
905 788 999 840 καὶ
1042 788 1251 859 Ἀαρὼν
1280 791 1308 841 6
1326 789 1550 861 ἀδελφός
1596 807 1689 845 σου
1732 790 1884 853 ἐσται
1916 809 1989 843 σοι

2110 802 2164 850 et
2187 794 2370 851 Aaron
2397 798 2562 853 frater
2584 806 2710 853 tuus
2735 799 2839 853 erit
2861 806 2989 855 tuus
3014 802 3330 871 propheta“
3359 821 3371 856 :
3405 822 3422 854 ι
3451 818 3549 857 cur
3571 819 3681 858 non

433 879 916 950 npocpﬁmg')8tati
967 880 1041 951 μὴ
1086 882 1179 934 καὶ
1220 883 1376 953 ὑμεῖς
1418 886 1548 947 τοὺς
1589 883 1817 954 μεςίτας
1857 883 1989 954 ὑμῶτ

2120 904 2218 944 vos
2254 906 2492 961 quoque,
2540 892 2908 949 internuntios
2936 894 3088 950 verbi
3128 895 3319 960 vestri,
3364 897 3505 950 inter
3550 911 3682 965 pro-

431 972 524 1024 τοῦ
554 972 711 1040 λόγου
735 1010 751 1036 ,
796 976 1083 1045 προφήτας
1113 970 1250 1030 εἶναι
1282 978 1532 1047 νομίσετε
1552 1018 1568 1042 ,
1615 981 1710 1033 καὶ
1736 978 1812 1042 ὡς
1855 977 1989 1039 θεοὺς

2116 983 2309 1053 phctas
2342 985 2683 1055 reputabitis,
2716 996 2878 1057 atque
2910 996 3169 1058 tanquam
3198 990 3331 1045 deos
3359 990 3589 1045 soletis?

432 1066 831 1138 σεϐασθήσεσθε
856 1084 871 1133 ;
1851 1076 1868 1083 ”

968 1185 1361 1241 ΚΕΦΑΛΑῘΟΝ
1400 1186 1477 1242 A'.

519 1273 716 1341 Ὅπως
756 1275 876 1344 χρὴ
920 1278 1087 1350 τοὺςΔ
1110 1281 1359 1345 λαῖκοὺς
1405 1280 1745 1350 πειθαρχεῖν
1786 1279 1911 1347 τοῖς

1061 1347 1379 1415 διακόνοις.

370 1432 387 1446 ’
496 1437 612 1492 Νῦν
640 1439 748 1510 γὰρ
780 1440 908 1510 ὑμῖν
940 1440 1038 1510 μὲν
1067 1440 1141 1511 (6)
1188 1442 1217 1493 6
1258 1440 1466 1512 Ἀαρών
1495 1443 1640 1495 ἐστιν
1670 1443 1698 1494 6
1723 1442 2001 1505 διάκονος,

424 1531 630 1601 Μωσῆς
656 1531 713 1584 δὲ
752 1534 780 1584 ό
824 1533 1141 1597 ἐπίσκοπος·
1176 1536 1223 1587 εί
1253 1530 1346 1588 οὖν
1376 1535 1577 1606 ἐρρέθη
1612 1535 1851 1605 Μωῠσῆς
1897 1535 2002 1588 ὑπὸ

424 1623 630 1694 Κυρίου
672 1622 792 1686 θεὸς
823 1624 897 1694 (7)
923 1663 938 1687 ,
970 1626 1064 1678 καὶ
1095 1627 1224 1696 ὑμῖν
1250 1628 1278 1679 ὁ
1311 1627 1609 1690 ἐπίσκοπος
1638 1628 1717 1690 είς
1770 1626 1889 1681 θεὸν
1915 1644 2004 1679 τε-

423 1715 706 1786 τιμήσθω,
752 1717 845 1769 κα).
887 1716 916 1767 6
957 1716 1201 1780 διάκονος
1232 1718 1309 1781 ὡς
1353 1721 1639 1790 προφήτης
1681 1719 1869 1772 αὐτοῦ.
1914 1720 2001 1783 Ὠς

422 1808 531 1877 γὰρ
558 1809 587 1858 6
615 1807 849 1878 Χριστὸς
884 1809 1008 1861 ἄνευ
1049 1807 1144 1861 τοῦ
1175 1809 1389 1881 Πατρδς
1433 1811 1583 1864 οὐδὲν
1620 1814 1795 1874 ποιεῖ,
1827 1810 1999 1874 οὕτως

422 1898 541 1951 οὐδὲ
574 1900 603 1951 6
636 1899 879 1963 διάκονος
908 1902 1035 1955 ἄνευ
1063 1900 1158 1954 τοῦ
1186 1903 1504 1956 ἐπισκόπου·
1539 1904 1633 1956 καὶ
1661 1902 1848 1975 ὥσπερ
1870 1904 1999 1969 Υἱὸς

421 1990 549 2043 ἄνευ
572 1989 666 2043 τοῦ
700 1992 914 2063 Πατρὸς
959 1993 1061 2045 οὐκ
1089 1992 1232 2047 ἔστιν
1255 1992 1329 2065 (8)
1349 2033 1363 2057 ,
1396 1994 1568 2055 οὕτως
1594 1996 1715 2050 οὐδὲ
1755 1996 1999 2063 διάκονος

422 2083 549 2136 ἄνευ
594 2083 689 2137 τοῦ
733 2084 1056 2138 ἐπισκόπου·
1088 2087 1182 2139 καὶ
1222 2086 1408 2159 ὥσπερ
1449 2090 1729 2161 ὑπόχρεως
1776 2091 1902 2156 Υἱὸς
1922 2092 1996 2163 (9)

421 2174 634 2246 Πατρὶ,
683 2175 824 2229 οὕτω
882 2178 976 2230 καὶ
1023 2179 1129 2241 πᾶς
1172 2177 1417 2243 διάκονος
1444 2181 1747 2253 ἐπισκόπῳ·
1778 2185 1873 2237 καὶ¹
1900 2183 1999 2237 ὦσ-

420 2284 528 2339 περ
561 2266 590 2321 ὁ
622 2270 745 2333 Υἱὸς
786 2270 1012 2339 ἄγγελός
1041 2272 1158 2325 ἐστι
1192 2274 1285 2325 καὶ
1311 2276 1598 2345 προφήτης
1625 2275 1721 2329 τοῦ
1752 2278 1996 2351 Πατρὸς,

417 2363 591 2427 οὕτως
635 2366 728 2419 καὶ
788 2366 817 2417 6
858 2365 1104 2428 διάκονος
1139 2358 1375 2434 ’ἄγγελος
1418 2370 1511 2421 καὶ
1557 2371 1842 2441 προφήτης
1881 2373 1999 2425 ἐστί¹

416 2456 512 2509 τοῦ
557 2458 857 2513 ἐπισκόπου
890 2460 1020 2530 (10).
1054 2460 1143 2513 Διὸ
1170 2462 1264 2513 καὶ
1294 2461 1471 2515 πάντα
1506 2463 1575 2515 τὰ
1610 2465 1997 2536 ἐπιτελούμενα

420 2549 513 2604 ὑπ’
560 2550 725 2604 αὐτοῦ
767 2552 846 2615 εἴς
874 2569 995 2605 τινα
1019 2593 1034 2616 ,
1082 2553 1299 2624 ἐμφανῆ
1326 2552 1404 2624 τῷ
1431 2555 1715 2628 ἐπισκόπῳ
1743 2557 1994 2624 γινέσθω,

419 2642 512 2694 καί
533 2642 641 2712 (11)
673 2643 736 2696 δι’
760 2643 925 2697 αὐτοῦ
953 2644 1292 2698 τελειοῦσθω.

928 2759 1321 2813 ΚΕΦΑΛΑΙΟΝ
1359 2761 1484 2815 AA'.

422 2848 549 2901 Ὀτι
574 2848 660 2919 μὴ
690 2848 804 2918 χρὴ
834 2851 940 2903 τὸν
968 2850 1249 2939 διάκονον
1276 2853 1421 2909 ἄνευ
1441 2855 1546 2909 τοῦ
1574 2855 1911 2913 ἐπισκόπου
1938 2876 1994 2913 τι

1047 2937 1346 2990 πράττειν.

486 3034 667 3105 Μηδὲν
696 3034 751 3088 δὲ
781 3037 1002 3089 ποιείτω
1033 3036 1095 3089 τὸ
1124 3036 1340 3091 σύνολον
1383 3039 1508 3094 ἄνευ
1536 3039 1631 3093 τοῦ
1661 3042 1955 3095 ἐπισκόπου
1975 3082 1991 3107 ,

419 3127 551 3197 μηδέ
578 3146 681 3182 τινι
724 3129 909 3182 διδότω
952 3147 1005 3182 τι
1050 3131 1174 3184 ἄνευ
1204 3130 1304 3201 τῆς
1344 3133 1551 3186 ἐκείνου
1596 3134 1836 3205 γνώμης·
1895 3136 1991 3189 ἐὰν

2675 1188 2905 1243 CAPUT
2945 1189 3114 1245 XXX.

2282 1280 2556 1347 Quomodo
2589 1292 2789 1351 oportet
2824 1283 2987 1337 laicos
3012 1282 3219 1336 obedire
3247 1279 3506 1336 diaconis.

2177 1436 2334 1494 Nunc
2385 1440 2529 1495 enim
2583 1441 2737 1497 vobis
2794 1441 2916 1496 loco
2971 1438 3207 1495 Aaronis
3255 1446 3341 1494 est
3390 1439 3676 1501 diaconus,

2110 1528 2311 1602 Moysis
2340 1539 2517 1586 autem
2551 1532 2672 1587 loco
2702 1533 3011 1603 episc0pus.
3043 1532 3179 1588 Cum
3213 1532 3379 1603 igitur
3402 1532 3614 1605 Moyses
3646 1550 3675 1586 ιι

2104 1622 2337 1678 Domino
2392 1624 2696 1694 appellatus
2743 1625 2815 1680 sit
2874 1626 3050 1693 deus;
3109 1641 3138 1679 a
3190 1625 3348 1680 vobis
3386 1625 3677 1695 episcopus

2106 1721 2367 1784 tanquam
2401 1714 2540 1770 deus
2571 1716 2914 1780 observetur,
2942 1727 2994 1771 ct
3022 1717 3290 1771 diaconus
3321 1725 3379 1771 ut
3412 1718 3674 1788 praphetn

2104 1808 2295 1878 ejus”.
2327 1807 2462 1861 Nam
2496 1809 2657 1864 sicuti
2699 1808 2952 1865 Christus
3001 1809 3121 1865 sine
3164 1809 3325 1865 Patre
3360 1809 3494 1864 nihil
3534 1810 3674 1881 agit;

2104 1899 2175 1953 ita
2206 1915 2306 1955 nec
2337 1900 2603 1956 diaconus
2634 1901 2752 1956 sine
2782 1902 3079 1973 epiSCOpo:
3112 1910 3164 1957 et
3193 1902 3335 1956 sicut
3355 1900 3527 1956 Filius
3556 1903 3675 1956 sine

2100 1989 2263 2047 Patre
2310 2009 2420 2048 non
2480 1994 2764 2062 subsistit;
2798 1995 2871 2048 ita
2904 2012 3077 2065 neque
3105 1995 3368 2050 diaconus
3397 1995 3515 2050 sine
3555 1995 3674 2063 epi-

2101 2100 2266 2154 scopo
2298 2106 2308 2139 :
2338 2092 2392 2140 et
2418 2087 2561 2140 sicut
2589 2084 2764 2159 Filius.
2780 2086 2991 2141 debitor
3014 2096 3098 2141 est
3128 2085 3297 2153 Patri,
3325 2086 3403 2142 sic
3421 2095 3475 2141 et
3494 2085 3675 2140 omnis

2100 2178 2366 2233 diaconus
2397 2178 2690 2248 episcopo;
2722 2186 2888 2249 atque
2917 2186 2976 2232 ut
3012 2176 3185 2234 Filius
3239 2176 3418 2233 Patris
3446 2176 3673 2247 angelus

2102 2284 2166 2323 ac
2196 2270 2463 2340 propheta
2507 2270 2678 2338 est";
2708 2269 2790 2326 sic
2833 2277 2887 2326 et
2924 2271 3192 2339 diaconus
3234 2270 3459 2341 angelus
3486 2276 3571 2324 est
3607 2283 3673 2321 ac

2100 2367 2361 2436 propheta
2399 2363 2666 2435 episcopi.
2714 2362 2984 2429 Quocirca
3023 2378 3361 2435 quaecunque
3406 2364 3673 2418 diaconus

2098 2475 2226 2530 erga
2254 2438 2562 2531 quempiam
2595 2457 2759 2523 facit,
2791 2457 3080 2519 manifesta
3112 2457 3245 2512 ﬁant
3272 2458 3551 2528 episcopo,
3577 2471 3672 2525 per

2100 2567 2261 2622 quem
2290 2558 2344 2606 et
2376 2550 2749 2621 perﬁciantur.

2650 2756 2881 2812 CAPUT
2922 2700 3114 2812 XXXl.

2103 2855 2255 2923 Quod
2292 2870 2395 2909 non
2419 2861 2653 2922 oporteat
2684 2851 2966 2991 diacfonum
2989 2852 3103 2905 sine
3127 2851 3364 2919 episeopo
3399 2847 3667 2918 quidpiam

2392 2946 2395 2949 ·
2811 2938 2980 2976 acere.

2392 2946 2395 2949 '
2790 2938 2980 2976 tacere.

2165 3040 2313 3096 Nihil
2346 3055 2479 3096 vero
2521 3053 2748 3109 prorsus
2776 3037 2895 3091 sine
2936 3034 3191 3105 episcopo
3223 3033 3407 3101 faciat,
3439 3047 3540 3088 nec
3570 3033 3665 3107 ιιυί

2098 3136 2403 3206 quidpiam,
2453 3133 2660 3202 absque
2708 3130 2855 3184 illius
2914 3129 3213 3193 voluntate,
3275 3128 3558 3197 largiatur.
3606 3126 3666 3181 Si

414 3218 523 3291 γὰρ
553 3220 627 3284 ὼς
657 3220 974 3292 θλιϐομένου
1006 3224 1149 3287 τινὸς
1184 3224 1355 3295 λάθρα
1402 3225 1495 3278 τοῦ
1530 3227 1829 3281 ἐπισκόπου
1867 3228 1989 3300 διδῷ

2094 3230 2240 3283 enim
2272 3228 2413 3281 clam
2464 3226 2745 3295 episcopo,
2789 3221 3207 3285 dederitalicui
3250 3221 3404 3290 quasi
3447 3221 3664 3290 egenti;

412 3328 555 3375 τινι,
602 3317 681 3378 είς
726 3316 991 3388 λοιδορίαν
1033 3317 1128 3371 τοῦ
1176 3318 1475 3372 ἐπισκόπου
1521 3319 1723 3382 δώσει,
1757 3322 1851 3375 καὶ
1877 3322 1991 3375 δια-

415 3405 597 3461 6ἀλλει
644 3408 806 3463 αὐτὸν
844 3411 919 3474 ὡς
964 3409 1267 3481 ἀμελοῦντα
1310 3412 1417 3467 τῶν
1464 3413 1812 3487 θλιϐομένων·
1860 3423 1889 3473 6
1935 3423 1991 3476 δὲ

414 3499 712 3555 ἐπίσκοπον
753 3501 785 3572 ἢ
834 3502 975 3574 λόγῳ
1003 3503 1035 3574 ἦ
1067 3503 1212 3575 ἔργῳ
1256 3505 1568 3575 κακολογῶν
1592 3548 1607 3572 ,
1656 3509 1774 3581 Θεῷ
1822 3530 1990 3585 προσ-

414 3593 633 3655 πταίει,
681 3594 783 3647 οὐκ
824 3594 1062 3659 ἀκούσας
1110 3596 1275 3649 αὐτοῦ
1325 3599 1587 3663 εἰπόντος·
1638 3621 1657 3653 ι
1712 3603 1879 3667 Θεοὺς
1926 3607 1986 3658 οὐ

413 3684 817 3756 κακολογήσεις.
873 3706 892 3737 ι
924 3688 998 3740 Οὐ
1028 3688 1134 3759 γὰρ
1180 3690 1306 3760 περὶ
1342 3689 1502 3745 λίθων
1533 3692 1565 3763 ἢ
1610 3693 1779 3759 ξύλων
1821 3713 1988 3768 προσ-

410 3774 757 3846 οχοισμάτων
811 3777 1152 3849 ἐνομοθέτει,
1200 3780 1496 3851 βδελυκτιῖη
1541 3786 1709 3841 ὄντων
1740 3788 1849 3859 (12)
1897 3789 1985 3844 διὰ

410 3866 509 3937 τὴν
538 3867 775 3936 ψευδωνυ
784 3870 911 3940 μίαν
934 3909 949 3934 ,
997 3870 1130 3925 ἀλλὰ
1176 3874 1305 3945 περὶ
1347 3875 1455 3928 τῶν
1500 3877 1686 3949 ἱερέων
1732 3881 1826 3934 καὶ
1876 3882 1984 3937 τῶν

409 3960 646 4028 κριτῶν,
694 3956 776 4023 οἷς
831 3962 927 4014 καὶ
965 3957 1119 4017 εἶπεν
1155 4002 1169 4028 ,
1198 3964 1279 4018 ὅτι
1326 3984 1345 4017 ι
1394 3967 1517 4021 Θεοί
1566 3970 1687 4023 ἐστε
1740 3973 1834 4025 καὶ
1878 3975 1984 4028 υίοὶ

419 4049 691 4122 Ὑψίστου.
736 4073 753 4105 ι

924 4172 1319 4226 ΚΕΦΑΛΑΙΟΝ
1357 4174 1478 4227 AB’.

411 4281 538 4360 Ὅτι
580 4285 695 4360 μὴ.
724 4285 868 4360 χρὴ⁸
899 4287 1006 4360 τὸν
1059 4286 1340 4360 διάκονον
1382 4288 1541 4360 παρὰ
1581 4290 1821 4360 γνώμην
1874 4296 1982 4350 τοῦ

310 4368 319 4377 -
478 4354 811 4433 ἐπισκόπου
839 4355 1066 4433 διδόναι
1116 4357 1231 4433 τινὶ
1256 4397 1270 4420 ,
1300 4358 1399 4411 ἐπὶ
1444 4354 1713 4430 diaboli}-
1738 4354 1847 4433 γὰρ
1876 4366 1980 4420 τοῦ

478 4423 817 4479 ἐπισκόπου
844 4426 1019 4480 τοῦτο
1048 4425 1279 4495 πράξει.

2094 3322 2147 3375 in
2179 3320 2421 3391 episcopi
2443 3316 2829 3373 contumeliam
2856 3313 3079 3377 tribuet,
3123 3327 3284 3382 quem
3317 3319 3540 3367 accusat
3570 3328 3666 3366 nc-

2094 3413 2361 3483 gligentia:
2380 3424 2505 3480 erga
2534 3408 2888 3464 calamitosos
2918 3427 2929 3461 :
2959 3404 3050 3475 qui
3079 3417 3259 3459 autem
3284 3402 3351 3458 de
3380 3404 3661 3475 episc0po,

2093 3507 2207 3560 sive
2255 3519 2351 3573 per
2400 3516 2731 3566 sermonem,
2782 3500 2896 3555 sive
2948 3513 3044 3569 per
3087 3497 3358 3551 actionem
3401 3495 3660 3559 detrahit,

2089 3597 2258 3653 Deum
2291 3595 2538 3658 offendit,
2562 3593 2721 3663 cujus
2742 3592 2882 3646 hanc
2917 3605 3103 3646 vocem
3130 3604 3238 3643 non
3271 3586 3422 3642 audit
3449 3609 3461 3642 :
3499 3605 3517 3636 ι
3548 3586 3662 3643 Diis

2089 3705 2158 3745 ne
2187 3686 2567 3744 maledicito".
2607 3704 2626 3737 ›
2663 3684 2782 3739 Non
2817 3684 2961 3739 enim
2991 3681 3059 3738 de
3088 3681 3317 3752 lapideis
3341 3689 3434 3735 aut
3466 3682 3662 3753 ligneis

2088 3782 2272 3848 idolis,
2293 3794 2415 3851 quae
2443 3778 2591 3849 quod
2617 3776 2754 3831 falso
2781 3775 3025 3830 divinum
3056 3789 3257 3829 nomen
3292 3780 3504 3845 gerant,
3527 3774 3661 3827 abo-

2086 3876 2369 3931 minabilia
2400 3879 2550 3936 sunt,
2579 3870 2751 3940 legem
2784 3867 3027 3932 ferebat;
3058 3867 3153 3922 sed
3184 3865 3251 3920 de
3280 3865 3659 3920 sacerdotibus

2085 3980 2139 4026 et
2160 3969 2462 4039 indicibus,
2497 3965 2699 4036 quibus
2736 3961 2866 4016 alibi
2898 3961 3036 4016 dixit
3064 3982 3076 4015 :
3107 3977 3127 4011 ι
3162 3959 3248 4014 Dii
3283 3961 3441 4025 estis,
3480 3966 3534 4014 et
3563 3959 3659 4015 lilii

2086 4060 2421 4119 Altissimi“.
2461 4079 2482 4115 ι
2871 4138 2879 4148 1

2622 4167 2850 4227 CAPUT
2890 4166 3106 4224 XXXII.

2088 4293 2241 4361 Quod
2296 4307 2399 4365 non
2429 4297 2693 4365 oporteat
2741 4285 3022 4365 diaconum
3082 4289 3275 4365 prqzter
3303 4282 3653 4365 .voluntalem.

2153 4362 2383 4433 episcopi
2405 4352 2533 4413 dare
2592 4357 2726 4420 ulli;
2754 4356 2808 4409 id
2828 4354 2967 4407 enim
2998 4354 3054 4407 in
3083 4352 3401 4406 calumniam
3423 4354 3650 4423 episcopi

2150 4448 2437 4488 cessurum.

482 4516 540 4567 El
580 4513 674 4570 οὖν
720 4518 1005 4585 γινώσκεις
1028 4558 1043 4583 ,
1093 4514 1139 4572 ὢ
1186 4520 1434 4585 διάκονε,
1483 4521 1793 4593 θλιϐόμενόν
1820 4544 1972 4590 τινα,

2153 4527 2211 4581 Si
2256 4540 2418 4596 quem
2451 4536 2602 4591 ergo,
2652 4519 2901 4582 diacone,
2946 4515 3357 4573 tribulationem
3401 4514 3514 4585 pali
3554 4529 3649 4569 co-

403 4604 725 4679 ὓπομνήσας
767 4609 856 4662 τὸν
903 4610 1199 4665 ἐπίσκοπον
1220 4651 1236 4675 ,
1291 4612 1433 4666 οὕτω
1483 4615 1643 4670 δίδου·
1703 4619 1837 4675 ἀλλὰ
1900 4623 1974 4696 μὴ

2092 4620 2334 4694 gnoScis;
2387 4616 2618 4670 admone
2663 4611 3006 4682 episcopum,
3046 4616 3101 4663 et
3138 4608 3264 4663 inde
3302 4622 3467 4677 eroga
3502 4629 3513 4662 :
3546 4622 3649 4661 nec

404 4694 677 4768 λαθραίως
720 4701 798 4763 είς
845 4698 1111 4773 λοιδορίαν
1155 4703 1321 4757 αὐτοῦ
1368 4723 1421 4758 τι
1467 4708 1733 4774 ἐπιτέλει,
1765 4714 1851 4767 ἵνα
1898 4694 1972 4790 μή

403 4791 856 4860 καταγογγυσμὸν
876 4793 1094 4866 ἐγείρῃς
1121 4797 1240 4849 κατ’
1271 4797 1462 4851 αὑτοῦ·
1494 4802 1556 4853 οὐ
1598 4803 1705 4875 γὰρ
1735 4808 1854 4859 κατ’
1874 4810 1972 4861 αὐ-

477 4949 521 4979 »
548 4946 720 5029 Ειρά.
754 4967 853 5018 vn,
886 4952 936 5007 ι.
1013 4953 1057 4985 ι·
1087 4954 1258 5026 lgnat.
1293 4956 1363 5011 ad
1408 4926 1650 5029 Magties.
1685 4961 1736 5017 7.

402 5033 588 5081 Lxxxt,
620 5019 669 5073 3.

1845 4964 1887 4996 “
1917 4965 1988 5021 Is.
2026 4983 2101 5028 lx.
2130 4965 2192 5031 6;
2214 4962 2368 5017 Deut.
2401 4973 2558 5024 xvtu,
2597 4956 2685 5012 15.

2083 4728 2211 4769 vero
2238 4711 2377 4766 clam
2400 4707 2455 4761 in
2478 4704 2863 4761 contumeliam
2887 4702 3031 4758 illius
3052 4699 3350 4771 quidquam
3380 4699 3644 4770 opereris,

2082 4788 2152 4864 ne
2180 4810 2370 4861 contra
2392 4815 2516 4856 eum
2549 4796 3036 4852 murmurationem
3070 4795 3333 4861 suscites;
3360 4808 3481 4847 non'
3499 4792 3644 4847 enim

2792 4956 2835 4987 "
2863 4953 3035 5009 Exod.
3061 4968 3197 5018 χχιι,
3222 4952 3314 5008 28.
3421 4952 3466 4985 ⁸⁸
3492 4951 3640 5008 Psal.

1705 5096 2065 5156 VARIORUM
2097 5097 2332 5156 ΝΟΤΛΕ.

474 5222 944 5314 (6)-Ἀηιῖνομέν.
993 5227 1201 5314 pesunt
1248 5230 1305 5284 in
1336 5229 1507 5309 altero
1557 5230 1681 5314 cod.
1732 5230 1968 5291 Vind‘ob.

310 5304 313 5309 '
402 5309 502 5348 nec
531 5298 854 5351 necessariae
883 5306 1032 5353 sunt.
1069 5298 1236 5353 Cum.

474 5364 551 5435 (7)
592 5367 754 5432 Θεός.
788 5367 1317 5446 Αιίιξίιροόεκ-ιιιιει·
1343 5392 1354 5425 :
1380 5371 1492 5446 [Cal
1523 5372 1553 5424 6
1598 5370 1809 5445 Ἀαρὼν
1837 5390 1975 5446 προ-

400 5434 579 5505 φήτης
598 5474 612 5498 ,
642 5453 763 5505 quae
784 5437 1060 5492 excidisse
1086 5440 1356 5494 videntur.
1391 5440 1469 5495 ld.

473 5506 565 5583 (iit
589 5510 713 5583 Οὺνι
737 5510 926 5583 castis.
953 5506 1230 5583 Scholium
1262 5510 1315 5583 in
1349 5512 1592 5583 margine
1614 5511 1716 5566 hoc
1742 5513 1971 5583 legitur:

402 5571 609 5657 Ϊαῇὸν
630 5578 726 5657 καὶ
758 5578 1082 5657 τοῦτό-ἐστε
1118 5577 1196 5657 τῷ
1245 5571 1513 5657 φασκοντῖ-
1536 5581 1700 5657 λόγῳ,
1735 5571 1975 5657 με’γᾲλης

414 5601 609 5628 ιαυτυν
631 5601 726 5630 και
758 5601 918 5630 τευτο
963 5601 1079 5629 εστι
1118 5601 1196 5648 τῳ
1245 5601 1504 5647 φασκοντι
1538 5601 1700 5653 Λογῳ,
1775 5601 1801 5635 ε
1844 5601 1972 5656 αΑης

404 5642 599 5722 βρυλῆς
626 5646 768 5722 τῇς-
779 5647 876 5701 τοῦ
896 5646 1400 5722 ΔΙῘαιιρὸςήἄγγελον,
1433 5650 1671 5722 δηλονότι
1704 5601 1793 5705 τεν
1804 5601 1972 5719 R‘ibv,

400 5707 1178 5801 slvat,'icai:;ﬂlpogﬁrqv'6&iv
1202 5707 1500 5801 ξεναπήσεὶ
1530 5721 1735 5794 Κύριος
1760 5725 1787 5776 ὁ
1808 5707 1973 5790 Θεὸς,

405 5735 561 5779 ι’·ναι,
582 5735 696 5769 και·
724 5735 1020 5840 Προφήτην
1050 5735 1178 5787 υμιν
1206 5735 1374 5771 αναστ

405 5799 480 5846 ως
510 5786 630 5855 ἐμὲ,
662 5789 763 5840 αὐτ
797 5805 824 5837 ν
858 5787 1174 5840 ἁκουσεσθε.
1205 5788 1374 5843 Cum.

477 5855 554 5920 (9)
604 5857 755 5924 Υιός.
787 5858 950 5913 Addit
978 5857 1147 5912 codcx
1182 5859 1316 5914 alter
1345 5860 1509 5914 ἐστίν.
1543 5859 1618 5917 lo.

2148 5235 2259 5306 (ιο)
2284 5206 2576 5311 Διειιιικονέρς
2604 5232 2858 5311 ἄγγελος
2885 5230 2981 5285 και
3027 5229 3336 5311 προφήτης
3359 5228 3491 5283 ἐστι
3532 5231 3642 5285 τοῦ

2076 5300 2431 5360 ἐπισκόπου.
2502 5303 2661 5358 Circa
2736 5300 3639 5371 primumipseudo—Hieronymus

2078 5375 2307 5444 epistola
2334 5379 2413 5432 De
2454 5385 2649 5443 septem
2678 5370 2949 5444 ordinibus
2983 5370 3252 5444 Ecclesiae,
3312 5370 3521 5444 ait_nbi
3571 5373 3639 5426 de

2078 5440 2327 5499 diaconis
2377 5466 2391 5499 :
2441 5440 2519 5496 Hi
2567 5451 2711 5503 sunt,
2754 5457 2882 5510 quos
2912 5442 2979 5511 in“
3023 5441 3341 5511 Apocalypsi
3393 5440 3633 5509 legimus,

2079 5525 2273 5582 septem
2310 5514 2517 5585 Angeli
2544 5510 3127 5585 Ecclesiarumac‘irca
3146 5510 3417 5585 posterius
3453 5511 3508 5563 in
3533 5511 3624 5585 _AI-

2080 5579 2245 5639 cuino
2289 5579 2414 5654 cap:
2459 5582 2549 5645 59,
2588 5583 2680 5636 lib.
2714 5580 3026 5654 gedivinis
3064 5580 3257 5654 ofﬁciis
3292 5596 3311 5633 :
3343 5579 3635 5654 Procedens

2071 5655 2309 5724 pontifex
2347 5650 2403 5708 in
2441 5668 2665 5724 persona
2700 5650 2919 5715 Christi,
2953 5650 3098 5704 ducit
3122 5667 3295 5705 secum
3333 5650 3633 5721 prophetas,

2074 5721 2128 5779 id
2156 5721 2234 5779 est
2277 5728 2549 5781 diaconos.
2580 5721 2717 5776 Cor.

2148 5794 2260 5866 (Η)
2296 5795 2428 5855 Kal.
2454 5802 2559 5848 etc.
2583 5791 2790 5866 Desunt
2813 5792 2865 5846 in
2894 5792 3063 5866 altero
3099 5791 3218 5866 cod.
3251 5792 3417 5847 (tum.

2145 5862 2261 5939 (19.)
2303 5866 2548 5919 Ὄντων.
2582 5862 2738 5919 Dccst
2773 5862 2826 5918 in
2861 5865 3030 5919 altero
3056 5863 3178 5918 cod.
3205 5863 3278 5916 lo.
