2041 3131
139 183 190 212 681

598 184 898 215 CONSTITUTIONES
913 183 1251 213 APOSTOLICE.——LIB.
1270 183 1303 211 ll.

1701 184 1754 212 689

141 242 240 277 μᾶλλον
254 241 319 277 περὶ
341 242 395 269 τῶν
418 243 606 277 πνευματικῶν
628 245 727 277 γονέων
742 244 806 279 ὑμῖν
819 244 833 269 ὁ
847 243 917 277 λόγος

975 243 1097 279 patribus
1113 242 1301 278 spiritualibus
1321 241 1447 270 admonet
1466 248 1515 270 vos
1532 241 1690 278 Scriptura,
1707 243 1753 271 ho-

139 287 296 323 παραινέσει
317 288 399 323 τιμᾷ-ν
413 288 520 320 αὐτοὺς,
536 289 582 315 καὶ
606 290 739 325 στέργειν,
754 290 792 321 ὡς
814 290 922 324 εὐεργέ-

137 342 203 365 τας,
225 334 273 360 καὶ
297 333 467 369 πρεσϐευτὰς
491 335 558 370 πρὸς
580 335 656 367 Θεὸν,
680 336 743 367 τοὺς
770 335 803 362 δι’
828 335 922 367 ὕδατος

138 381 209 416 ὑμᾶς
222 380 467 416 ἀναγεννήσαντας,
481 382 543 412 τοὺς
557 381 596 417 τῷ
611 381 679 417 ἁγίῳ
702 381 841 417 Πνεύματι
855 382 921 417 πλη-

139 425 291 462 ρώσαντας,
306 426 369 456 τοὺς
383 425 422 461 τῷ
440 426 510 461 λόγῳ
520 427 837 463 γαλακτοτροφήσαντας,
860 430 922 460 τοὺς

135 471 166 498 ὲν
178 472 211 507 τῇ
224 471 381 507 διδασκαλίᾳ
394 471 532 507 ἀναθρεψα
537 472 642 507 μένους,
657 474 720 505 τοὺς
735 474 764 500 ὲν
779 475 840 505 ταῖς
862 482 922 500 νου-

135 515 240 549 Oeam;
253 517 442 552 στηρίξαντας,
457 519 519 549 τοὺς
533 518 578 544 τοῦ
594 519 726 554 σωτηρίου
738 519 862 555 σώματος
875 521 922 547 καὶ

134 562 182 590 τοῦ
195 563 284 598 τιμίου
307 563 423 598 αἵματος
435 563 602 596 ἀξιώσαντας
617 565 688 600 ὑμᾶς
702 565 768 601 (18),
784 567 846 598 τοὺς
868 567 921 593 τῶν

136 608 276 643 ἁμαρτιῶν
290 608 432 641 λύσαντας,
449 610 496 636 καὶ
517 610 566 644 τῆς
580 610 660 644 ἁγίας
674 612 721 637 καὶ
746 611 819 647 ἱερᾶς
841 612 922 647 εὐχα-

136 654 241 689 ριστίας
265 654 393 689 μετόχους
411 655 594 690 ποιήσαντας,
619 657 665 682 καὶ
686 657 735 691 τῆς
758 658 921 691 ἐπαγγελίας

134 700 181 726 τοῦ
204 700 271 727 Θεοῦ
291 700 435 732 κοινωνοὺς
461 701 508 727 καὶ
536 701 770 738 συγκληρονόμους
793 703 921 738 Θεμένους

136 746 223 781 ὑμᾶς
247 746 357 778 τούτους
379 746 570 782 εὐλαϐούμενοι
595 748 692 782 τιμᾶτε
719 748 859 781 παντοέαις
881 758 920 775 τι-

137 794 208 827 μαῖς·
225 789 297 818 οὗτοι
314 793 368 828 γὰρ
384 792 459 828 παρὰ
473 792 531 828 Θεῷ
546 793 617 828 ζωῆς
641 794 688 820 καὶ
710 794 825 821 θανάτου
848 795 921 827 ἐξου-

136 838 195 864 σίαν
218 838 358 874 εἰλήφασιν
379 839 409 865 ὲν
431 838 470 874 τῷ
493 839 612 871 δικάζειν
636 840 699 871 τοὺς
727 841 921 876 ἡμαρτηκότας

134 884 180 910 καὶ
202 884 389 916 καταδικάζειν
413 885 452 916 εἰς
475 884 587 911 Θάνατον
614 886 699 921 πυρὸς
723 887 849 918 αἰωνίου,
873 889 919 914 καὶ

134 929 205 955 λύειν
228 930 367 966 ἁμαρτιῶν
390 931 452 962 τοὺς
474 931 694 967 ἐπιστρέφοντας,
710 933 756 958 καὶ
778 932 917 966 ζωογονεῖν
935 922 956 952 Β

133 975 240 1007 αὐτούς.

335 1021 337 1023 ⁷
393 1021 590 1050 ΚΕΦΑΛΑῙΟΝ
609 1023 670 1050 ΛΔ’.

134 1068 198 1097 Ὅτι
206 1067 271 1096 τῶν
283 1067 436 1104 ἀρχόντων
450 1067 672 1132 gigantem!
685 1069 743 1099 εἰσὶ
766 1070 917 1107 κρείττους

454 1113 482 1132 οι
498 1113 594 1139 ιερεις.

165 1149 283 1182 Τούτους
296 1150 427 1186 ἄρχοντας
441 1149 517 1186 ὑμῶν
531 1151 578 1177 καὶ
592 1150 709 1186 βασιλεῖς
723 1151 778 1189 (19)
792 1153 917 1189 ἡγεῖσθαι

131 1196 253 1231 νομίζετε
266 1195 333 1231 (20),
344 1196 391 1223 καὶ
403 1196 522 1232 δασμοὺς
534 1196 572 1228 ὡς
587 1196 723 1232 βασιλεῦσι
737 1199 914 1235 προσφέρετε·

132 1240 161 1273 ἐξ
175 1241 251 1276 ὑμῶν
273 1240 327 1277 γὰρ
346 1241 444 1274 αὐτούς
463 1250 494 1268 τε
516 1241 563 1268 καὶ
580 1242 644 1274 τοὺς
668 1243 806 1276 συνοίκους
828 1245 916 1272 αὐτῶν

131 1287 276 1322 τρέφεσθαι
289 1287 352 1323 χρή.
369 1287 412 1320 Ὦς
425 1287 550 1323 Σαμουὴλ
562 1287 701 1321 διετάξατο
714 1289 782 1325 πρὸς
795 1290 840 1317 τὸν
854 1291 916 1319 λαὸν

132 1332 195 1368 περὶ
206 1331 252 1358 τοῦ
267 1331 408 1367 βασιλέως,
424 1333 452 1359 ὲν
467 1334 500 1369 τῇ
514 1332 611 1370 πρώτῃ
633 1334 687 1362 τῶν
698 1335 854 1370 Βασιλειῶν,
869 1338 916 1365 καὶ

131 1378 233 1414 Μωσῆς
246 1378 308 1415 περὶ
329 1378 382 1405 τῶν
398 1378 500 1415 ίερέων,
516 1379 545 1406 ὲν
565 1379 604 1415 τῷ
618 1380 751 1417 Λευῖτικῷ
765 1383 831 1419 (21)·
846 1383 917 1411 οὕτω

132 1424 178 1450 καὶ
191 1425 271 1460 ἡμεῖς
292 1424 356 1460 ύμῖν
370 1425 434 1461 περὶ
455 1424 509 1452 τῶν
531 1425 686 1454 ἐπισκόπων
707 1427 914 1465 διατασσόμεθα.

131 1470 163 1497 Εἰ
176 1471 230 1506 γὰρ
253 1470 311 1498 ἐκεῖ
331 1470 432 1507 πλῆθος
454 1470 611 1507 τηλικούτου
627 1472 757 1509 βασιλέως
778 1474 916 1511 ἀναλόγως

130 1516 179 1549 τὰς
193 1516 343 1553 ὑπηρεσίας
359 1517 454 1549 ὲδίδου.
469 1518 544 1554 πόσῳ
567 1519 665 1555 μᾶλλον
687 1520 747 1556 οὐχὶ
770 1521 818 1548 καὶ
840 1522 888 1549 νῦν
900 1523 916 1549 ὁ

131 1562 278 1595 ἐπίσκοπος
298 1562 445 1599 λαμβάνειν
458 1563 559 1599 ὀφείλει
581 1566 646 1602 παρ’
659 1565 736 1601 ὑμῶν
757 1565 792 1593 τὰ
812 1567 845 1594 ἐκ
867 1567 915 1594 τοῦ

972 289 1110 317 norandos
1134 289 1196 317 illos
1218 296 1250 320 ac
1272 288 1435 324 diligendus,
1459 292 1589 323 tanquam
1609 289 1756 323 beneﬁcos,

971 339 999 363 et
1013 335 1047 362 ad
1069 334 1153 362 Deum
1175 335 1294 370 legatos;
1314 342 1363 362 eos
1386 334 1432 369 qui
1450 341 1498 369 per
1522 341 1621 369 aquam
1645 343 1758 371 regene-

972 384 1068 408 rarunt
1080 388 1140 413 vos,
1156 382 1203 416 qui
1226 379 1331 416 Spiritu
1346 380 1532 415 repleverunt,
1548 380 1596 415 qui
1618 381 1702 409 verbo
1718 382 1759 408 la~

972 431 1091 459 ctarunt,
1103 427 1149 462 qui
1164 427 1192 454 in
1207 426 1332 454 d0ctrina
1354 426 1551 458 educaverunt,
1573 425 1621 462 qui
1644 428 1757 457 monitis

972 474 1154 505 stabilierunt.
1170 473 1216 508 qui
1235 479 1351 507 corpore
1372 473 1486 501 salutari
1508 477 1535 500 et
1551 473 1673 509 pretioso
1692 481 1757 501 san-
1786 469 1789 472 ”

972 520 1053 555 guine
1069 527 1117 547 vos
1133 518 1235 554 dignati
1247 521 1320 550 sunt,
1335 519 1380 554 qui
1396 526 1411 546 a
1429 519 1550 554 peccatis
1565 519 1755 552 absolverunt,

971 570 999 594 et
1029 569 1211 593 sacrosanctae
1238 565 1418 593 Eucharistiae
1446 565 1569 594 fecerunt
1597 565 1757 602 participes,

971 612 1072 648 quique
1091 619 1140 640 vos
1167 611 1358 646 promissionis
1380 610 1429 638 Dei
1454 615 1598 640 consortes
1613 619 1645 639 ac
1666 613 1757 640 cohae-

971 658 1050 685 redes
1070 656 1288 684 constituerunt?
1305 656 1360 684 Hos
1376 657 1509 690 venerati,
1531 657 1606 685 omni
1621 657 1755 685 honorum

971 711 1069 738 genere
1090 702 1304 738 prosequimini;
1324 703 1454 737 quoniam
1477 710 1493 730 a
1515 702 1571 731 Deo
1591 707 1756 738 poteStatem

971 749 1033 776 vitae
1042 753 1069 776 et
1080 748 1155 776 necis
1171 752 1346 784 acceperunt,
1361 748 1389 776 in
1397 748 1553 784 judicandis
1564 750 1755 784 peccatoribus

971 794 1239 829 condemnandisque
1261 794 1295 821 ad
1322 799 1437 822 mortem
1461 795 1556 822 aeterni
1579 795 1661 831 ignis,
1677 799 1705 823 et
1725 796 1755 823 in

971 841 1144 869 absolvendis
1163 847 1178 867 a
1198 843 1312 875 peccato
1338 840 1392 868 illis
1411 840 1459 876 qui
1482 845 1690 874 convertuntur,
1706 841 1755 870 iis-

971 886 1086 922 demque
1097 886 1157 914 vitte
1168 886 1324 914 reddendis.

1230 1018 1345 1048 CAPUT
1364 1019 1473 1047 XXXIV
1480 1040 1487 1047 .

968 1063 1045 1099 Quod
1065 1064 1225 1101 principibus
1245 1073 1276 1094 ac
1291 1065 1394 1130 regigni
1418 1065 1616 1103 inmundam
1638 1066 1692 1095 sint
1708 1075 1754 1097 ta-

1296 1110 1339 1129 cer
1358 1111 1373 1129 0
1385 1111 1423 1130 88.

1296 1110 1423 1131 ceraotes.

1002 1146 1058 1175 Hos
1086 1147 1239 1184 principum
1264 1155 1297 1175 ac
1321 1156 1416 1185 regum
1444 1149 1505 1177 loco
1526 1149 1605 1177 vobis
1632 1157 1753 1185 praeesse

966 1193 1135 1229 existimate;
1148 1194 1191 1223 his
1205 1200 1336 1231 tanquam
1351 1196 1463 1231 regibus
1478 1196 1621 1231 vectigalia
1637 1196 1752 1230 offerte;

967 1247 1030 1267 nam
1045 1240 1079 1268 de
1092 1241 1172 1269 bonis
1186 1242 1287 1269 vestris
1308 1241 1360 1277 ipsi
1379 1249 1530 1277 eorumque
1551 1242 1696 1270 domestici
1715 1243 1754 1271 ali

966 1285 1076 1314 debent.
1098 1287 1176 1320 Quod
1192 1287 1218 1314 in
1234 1286 1392 1323 Regnorum
1410 1288 1499 1323 primo
1516 1288 1587 1315 libro
1602 1288 1625 1304 "
1641 1288 1754 1317 Samuel

967 1332 1067 1368 populo
1086 1333 1172 1361 edixit
1186 1333 1220 1361 de
1234 1341 1312 1369 rege;
1327 1334 1400 1369 quod
1416 1334 1442 1361 in
1458 1333 1581 1362 Levitico
1596 1333 1703 1371 Moyses
1717 1334 1753 1364 de

966 1378 1156 1407 sacerdotibus
1169 1388 1175 1407 :
1196 1378 1267 1407 idem
1282 1386 1334 1407 nos
1354 1380 1433 1408 vobis
1447 1380 1579 1409 edicimus
1593 1380 1628 1408 de
1642 1381 1753 1415 episco-

967 1424 1020 1460 pis.
1039 1423 1106 1453 Nam
1122 1425 1147 1453 si
1168 1425 1225 1454 illic
1247 1426 1364 1461 populus
1386 1426 1563 1461 proportione
1588 1426 1657 1454 tanti
1679 1427 1753 1462 regis

966 1471 1192 1499 subministrabat
1216 1472 1328 1504 tributa,
1350 1479 1442 1499 nonne
1463 1471 1548 1498 multo
1567 1471 1653 1507 magis
1677 1479 1753 1500 nunc

965 1516 1046 1545 debet
1059 1517 1204 1553 episcopus
1223 1524 1238 1544 a
1252 1518 1329 1545 vobis
1348 1517 1484 1553 accipere,
1510 1524 1572 1553 quae
1595 1517 1647 1552 ipsi
1661 1524 1677 1545 a
1697 1517 1753 1546 Deo

966 1563 1114 1592 constituta
1129 1567 1203 1596 sunt,
1220 1563 1253 1591 ad
1270 1563 1397 1591 alendum
1416 1571 1479 1592 eum
1493 1567 1521 1591 et
1535 1564 1651 1593 clericos
1666 1564 1727 1600 ejus
1738 1564 1752 1592 ἲ

130 1608 197 1635 Θεοῦ
215 1607 289 1644 αὐτῷ
309 1609 449 1645 ὡρισμένα
472 1609 540 1646 πρὸς
562 1609 709 1648 διατροφὴν
724 1611 806 1640 αὑτοῦ
820 1621 850 1640 τε
869 1614 917 1641 καὶ

967 1607 1024 1636 Ιιιιο
1039 1609 1063 1637 si
1078 1608 1143 1645 quid
1158 1609 1275 1645 amplius
1289 1609 1343 1637 dici
1361 1616 1410 1644 par
1424 1613 1477 1642 est,
1489 1609 1534 1637 hic
1546 1609 1607 1646 plus
1623 1610 1751 1646 accipiat,

129 1654 183 1682 τῶν
197 1655 245 1682 σὺν
258 1655 332 1692 αὐτῷ
346 1655 501 1692 κληρικῶν;
516 1657 547 1684 El
560 1656 588 1684 δὲ
601 1657 641 1684 δεῖ
661 1657 708 1684 καί
721 1666 748 1685 τι
764 1658 917 1694 προσθεῖναι

128 1701 169 1736 τῷ
183 1701 264 1737 λόγῳ.
279 1701 368 1729 πλεῖον
381 1698 458 1734 οὗτος
480 1698 651 1738 λαμϐανέτω,
665 1703 681 1739 ἢ
697 1703 799 1735 ἐκεῖνος
820 1704 850 1731 τὸ
865 1713 917 1731 πα-

129 1747 215 1774 λαιόν’
230 1747 245 1773 ὁ
260 1746 309 1782 μὲν
330 1747 384 1784 γὰρ
407 1748 588 1784 στρατιωτικὰ
603 1749 670 1785 μόνα
691 1749 787 1781 διεῖπε,
802 1750 918 1786 πόλεμον

130 1794 180 1821 καὶ
202 1795 312 1830 είρήνην
325 1794 531 1830 ἀναδεδεγμένος
543 1796 583 1827 είς
596 1794 717 1830 φυλακὴν
742 1795 885 1830 σωμάτιον,
902 1797 918 1823 ὁ

128 1840 158 1867 δὶ
172 1840 221 1876 τὴν
236 1841 275 1873 εἰς
292 1839 529 1877 Θεδν.ἱερωσύνην,
552 1840 632 1877 σῶμα
646 1841 693 1868 καὶ
713 1841 801 1878 ψυχὴν
821 1851 920 1878 παραι-

128 1886 175 1913 τού
179 1895 260 1922 μενος
274 1886 410 1914 κινδύνων.
423 1887 496 1922 Ὄσῳ
509 1886 596 1914 τοίνυν
609 1886 681 1924 ψυχὴ
696 1887 820 1923 σώματος
834 1888 920 1924 κρείτ-

128 1941 183 1959 των
197 1932 264 1968 (22),
279 1931 397 1968 τοσούτῳ
420 1932 551 1968 ἱερωσύνη
567 1932 711 1968 βασιλείας·
727 1933 850 1970 δεσμεύει
864 1935 917 1971 γὰρ

129 1978 198 2014 αὐτὴ
213 1978 260 2005 καὶ¹
273 1978 330 2005 λύει
346 1979 410 2010 τοὺς
432 1979 566 2014 τιμωρίας
580 1978 597 2014 ἢ
612 1978 735 2014 ἀφέσεως
755 1979 856 2013 ἀξίους.
871 1980 917 2008 Διὺ

128 2025 174 2052 τὸν
188 2025 335 2052 ἐπίσκοπον
355 2025 478 2061 στέργειν
491 2025 611 2061 ὀφείλετε
633 2025 672 2058 ὡς
694 2026 810 2062 πατέρα,
825 2026 915 2062 φοϐεῖ-

130 2070 192 2098 σθαι
213 2071 252 2103 ὡς
275 2071 397 2107 βασιλέα,
418 2072 500 2108 τεμᾷν
513 2071 552 2105 ὡς
579 2071 683 2108 κύριον,
705 2072 769 2104 τοὺς
792 2073 914 2110 καρποὺς

129 2117 206 2153 ὑμῶν
226 2117 274 2145 καὶ
299 2117 335 2145 τὰ
356 2118 425 2154 ἔργα
452 2118 506 2145 τῶν
528 2118 625 2154 χειρῶν
639 2118 715 2154 ὑμῶν
729 2118 769 2149 εις
790 2118 914 2153 εὐλογίαν

165 2198 188 2214 ⁸⁸
200 2196 267 2232 Cap.
290 2204 348 2224 vlu.

966 1662 1048 1690 quam
1063 1655 1128 1683 olim
1148 1656 1213 1683 ille:
1229 1655 1449 1691 quandoquidem
1471 1655 1516 1683 ille
1539 1655 1667 1683 militaria
1687 1659 1752 1684 tan-

966 1705 1025 1728 tum
1039 1701 1130 1728 obibat
1141 1701 1248 1735 munia;
1265 1701 1328 1729 belli
1343 1708 1375 1729 ac
1390 1702 1476 1737 pacis,
1491 1709 1540 1738 pro
1551 1702 1678 1730 custodia
1689 1709 1750 1730 cor-

967 1754 1075 1780 porum,
1093 1746 1212 1781 arbiter;
1228 1747 1272 1774 hic
1292 1754 1360 1774 vero
1385 1746 1433 1775 Dei
1456 1747 1641 1775 sacerdotium
1663 1748 1752 1775 admi-

967 1793 1075 1825 nistrat,
1099 1793 1284 1828 periculorum
1302 1793 1428 1827 corporis
1444 1800 1477 1820 ac
1501 1793 1598 1821 anima:
1618 1801 1751 1822 averrun-

969 1846 1028 1866 cus.
1049 1838 1156 1872 Quanto
1171 1839 1253 1874 igitur
1276 1839 1366 1866 anima
1390 1843 1500 1875 praestat
1522 1847 1648 1876 corpore,
1673 1844 1751 1867 tanto

967 1885 1149 1913 sacerdotium
1174 1892 1276 1920 regno;
1304 1885 1370 1920 ligat
1392 1887 1464 1913 enim
1489 1892 1521 1913 ac
1548 1886 1644 1918 solvit,
1664 1892 1749 1922 prout

967 1931 1029 1966 quis
1045 1938 1125 1966 poena
1144 1930 1186 1958 vel
1200 1930 1279 1958 venia
1297 1930 1397 1966 dignus
1411 1935 1463 1959 cst.
1479 1931 1569 1964 Quare
1591 1932 1750 1967 episcopum

966 1977 1078 2013 diligere
1091 1981 1122 2004 ut
1135 1981 1240 2012 patrem
1260 1976 1377 2009 debetis,
1391 1977 1481 2004 vereri
1497 1981 1527 2003 ut
1543 1984 1645 2012 regem,
1663 1977 1750 2005 hono-

965 2031 1027 2051 rare
1040 2027 1069 2050 ut
1093 2021 1250 2061 dominum;
1274 2021 1412 2050 olIerendo
1435 2023 1461 2050 ei
1485 2021 1512 2049 in
1532 2022 1748 2051 benedictionem

967 2074 1084 2097 vestram
1107 2068 1213 2096 fructus
1227 2072 1334 2095 vestros
1350 2073 1432 2102 atque
1444 2075 1574 2096 manuum
1594 2072 1749 2095 vestrarum

967 2124 1062 2152 opera;
1077 2114 1223 2143 tribuendo
1238 2113 1302 2149 ipsi,
1322 2118 1450 2148 tanquam
1472 2113 1518 2141 Dei
1534 2114 1681 2147 sacerdoti,
1702 2121 1749 2142 vc—

783 2270 968 2299 VARIORUM
985 2270 1102 2300 NOT/E.

165 2333 221 2375 (ιε)
245 2331 344 2375 ’ζμᾶᾳ
360 2331 441 2360 Deest
456 2332 484 2359 in
499 2331 585 2359 altero
606 2330 669 2359 cod.
688 2337 740 2358 nec
759 2334 802 2358 est
816 2338 912 2358 neces-
927 2332 951 2362 ι)
963 2328 1092 2375 Eamdem
1101 2329 1250 2375 iratio‘nenr
1257 2336 1315 2375 fur
1320 2325 1507 2375 sacerdotalis
1527 2329 1646 2375 dignitas
1665 2329 1749 2375 regia:

128 2367 242 2397 sarium.
262 2367 346 2395 Cum.

164 2403 221 2439 (l9)
240 2403 296 2430 Kal
314 2401 463 2439 βασιλεῖς.
478 2400 507 2439 l_n
529 2401 615 2429 altero
632 2399 693 2428 cod.
707 2399 850 2439 :_i)-(etaee_
864 2400 912 2426 καὶ

129 2434 260 2501 fac-tier;
272 2434 320 2464 mi
332 2436 463 2472 νομίζετε.
480 2436 602 2468 Rectius,
617 2440 647 2463 ut
663 2434 817 2469 conjecerat
831 2434 913 2462 Cote-

139 2473 348 2501 θτὶιιε.ἠγείσθε.
365 2472 413 2500 sed
435 2472 570 2501 glossema
589 2479 644 2498 non
668 2470 831 2498 crediderim
852 2477 913 2497 esse

139 2473 348 2509 θτὶιιε,ἡγείσθε,
364 2470 413 2509 sed
435 2472 570 2509 glossema
589 2479 644 2509 non
668 2470 831 2509 crediderim
852 2477 914 2509 esse

129 2510 177 2536 καὶ
191 2505 326 2544 νομίζετε,
343 2507 393 2544 sed
416 2505 751 2544 concionatoris‘hujusce
773 2505 913 2544 personati

130 2540 314 2579 βαττολδγιας,
331 2542 426 2579 quales
441 2546 505 2570 sunt
522 2542 566 2579 hic
582 2540 748 2579 ιιιιιᾎιᾳξεριιι
772 2540 837 2579 talia
853 2548 913 2579 cre-

128 2576 198 2606 dunt
209 2576 270 2606 esse
285 2576 479 2613 apostolorum,
491 2577 591 2612 regiam
606 2576 656 2613 sibi
671 2576 830 2613 dignitatem
842 2576 911 2613 cla_m

128 2609 321 2645 tribuentium,
337 2613 413 2650 gravi
432 2609 536 2650 injuria
552 2609 741 2650 sanctissimos
757 2610 832 2650 v_ir_os
851 2609 909 2636 alii-

128 2650 217 2680 ciunt,
233 2645 351 2683 quorum
363 2645 505 2675 humilitas
518 2650 591 2675 esset
606 2646 743 2683 simulata,
756 2645 779 2672 si
795 2645 851 2683 haec
865 2653 913 2683 eo-

128 2693 190 2712 rum
205 2680 307 2711 essetrt.
322 2683 382 2710 Non
404 2687 552 2710 secernunt
572 2689 626 2709 mra
648 2681 761 2716 lupinis,
779 2680 827 2716 qui
848 2680 912 2707 talia

127 2720 311 2747 confundunt.
328 2717 364 2745 In.

164 2755 222 2790 (20)
248 2754 396 2790 Ἡγεῖσθαι
418 2751 559 2790 νομίζετε.
573 2751 615 2790 An
640 2751 789 2790 scripserat
809 2750 912 2790 solum-

126 2784 333 2826 modo'ﬁysi'ops
351 2798 356 2815 :
373 2792 401 2817 et
422 2784 545 2822 νομίζετε
559 2787 649 2823 glossa
669 2784 727 2814 est?
741 2785 842 2813 Favent
867 2784 911 2813 ln-

127 2825 272 2861 terpretes.
290 2825 358 2861 Co:r.
480 2857 493 2861 _
520 2855 538 2861 _
615 2860 619 2861 ν
694 2856 711 2861 -λ
816 2855 823 2861 1
847 2854 877 2861 η

173 2854 219 2896 '21)
238 2861 290 2887 Ἐν
303 2859 343 2892 τῷ
354 2857 506 2891 Λευττικῷ.
520 2855 623 2885 Desunt
634 2862 664 2883 ιιι
678 2856 764 2884 altero
774 2855 836 2884 cod.
847 2854 910 2883 Vin-

127 2896 230 2924 dobon.
245 2897 330 2922 tua.

165 2931 224 2965 (29.)
245 2930 327 2960 Ὂσῳ
354 2929 458 2956 τοίνυν·
486 2927 571 2963 ψυχὴ
600 2925 733 2961 σώματος
761 2926 907 2959 κρείττων,

223 2978 359 3008 Pauor.
375 2977 433 3007 Gn.
451 2976 475 3006 Ι.

963 2364 1085 2400 praeferri
1097 2364 1204 2397 debeat,
1218 2364 1329 2391 adducit
1340 2373 1449 2400 quoque
1462 2366 1533 2393 inter
1545 2364 1613 2392 alias
1623 2365 1655 2400 β.
1665 2364 1750 2400 Chry-

963 2399 1169 2436 sostomus-tum
1181 2400 1257 2436 alibi.
1270 2403 1327 2436 tum
1341 2399 1475 2436 pmcipue
1486 2401 1580 2436 homil.
1589 2400 1606 2427 4
1619 2399 1655 2436 De
1665 2399 1749 2436 uerbis

965 2434 1058 2471 iscire,
1073 2436 1120 2463 lib.
1134 2443 1166 2462 ιιι
1179 2435 1217 2462 De
1229 2434 1388 2471 sacerdotio,
1405 2434 1465 2471 cap.
1478 2436 1504 2467 l,
1517 2440 1544 2462 et
1557 2435 1652 2462 homil.
1671 2435 1705 2462 15
1721 2435 1749 2462 in

964 2469 986 2496 ll
999 2469 1032 2497 ad
1044 2470 1212 2498 Corinthios.
1223 2469 1292 2497 Cum
1302 2478 1357 2505 quo
1368 2475 1423 2497 tam
1436 2469 1463 2498 in
1474 2478 1606 2505 re,-quam
1617 2470 1643 2497 in
1656 2470 1749 2505 causis

963 2506 1003 2540 rei
1017 2505 1191 2540 consentiunt
1205 2506 1285 2540 vulgo
1300 2504 1388 2533 sancti
1408 2505 1512 2533 Patres.
1533 2504 1660 2540 Quinimo
1676 2504 1749 2539 apud

963 2537 1105 2567 Philonem
1123 2537 1265 2572 Judaeum:
1287 2541 1358 2568 libro
1373 2541 1412 2568 De
1429 2537 1556 2576 legatione
1581 2539 1614 2566 ad
1640 2537 1747 2572 Caium,

964 2576 1233 2636 Bonliticatustanto
1248 2583 1330 2616 supra
1344 2575 1460 2612 regnum
1472 2575 1620 2616 extollitur.
1638 2578 1744 2609 quanto

987 2618 1036 2636 eus
1052 2614 1080 2636 et
1102 2611 1195 2636 divma
1213 2610 1370 2636 hominibus
1391 2615 1420 2636 et
1448 2611 1574 2636 humanis
1599 2610 1744 2636 excellunt.

987 2618 1036 2638 eus
1052 2614 1080 2637 et
1102 2610 1195 2637 divina
1213 2610 1420 2638 hominibus'et
1448 2611 1574 2637 humanis
1599 2610 1745 2637 excellunt.

966 2644 1043 2673 Unde
1065 2645 1167 2680 iniusta
1184 2646 1270 2673 fertur
1284 2653 1300 2672 a
1314 2644 1458 2673 Theodoro
1472 2645 1633 2672 Balsamone
1652 2645 1685 2672 ad
1700 2652 1748 2680 ca-

963 2688 1064 2708 nonem
1081 2679 1099 2707 7
1121 2679 1280 2708 Trullanum
1296 2687 1411 2708 censura
1426 2682 1454 2708 in
1472 2687 1531 2712 eos,
1551 2680 1598 2715 qui
1614 2679 1745 2715 ecclesia.

964 2716 1048 2744 sticas
1071 2716 1218 2751 dignitates
1246 2715 1431 2750 imperatoriis
1456 2714 1633 2751 anteponunt.
1659 2714 1741 2741 Sozo-

963 2758 1062 2778 menus
1074 2750 1143 2779 libro
1155 2758 1174 2777 ιι
1188 2754 1319 2782 extremo,
1332 2758 1446 2778 narrans
1460 2750 1493 2777 de
1510 2750 1704 2780 imperatorum
1718 2756 1743 2778 et

962 2786 1121 2818 pontilicum
1135 2786 1274 2820 sepultura
1293 2785 1321 2812 in
1335 2786 1429 2813 eadem
1444 2785 1634 2820 apostolorum
1650 2784 1746 2820 Eccle-

963 2822 1023 2863 sia;
1046 2821 1156 2863 'ngjg‘t
1166 2819 1225 2863 751‘;
1250 2820 1401 2863 ἱερωσύνης
1419 2819 1598 2863 δμοτίμουΙτῇ
1624 2819 1745 2863 βασιλείᾳ.

962 2855 1057 2891 οὖα-ης,
1074 2855 1172 2891 μᾶλλον
1188 2853 1235 2891 μὲν
1249 2853 1295 2882 οὗν
1318 2855 1347 2882 ὲν
1361 2853 1415 2888 τοῖς
1431 2853 1512 2891 ἱεροῖς
1535 2853 1627 2887 τόποις
1649 2853 1693 2881 καὶ
1711 2853 1745 2882 τὰ

962 2891 1059 2926 πρῶτα
1073 2891 1197 2927 ἐχούσης.
1214 2891 1281 2919 Cor.

1483 2969 1523 3000 22
