4080 6260
304 357 410 428 689

1177 353 1787 413 CONSTITUTIONES
1811 352 2497 412 APOSTOLICE.——LIB.
2536 355 2593 411 ll.

3431 360 3539 417 690

304 470 623 526 Τυὸναντίον
658 467 766 541 γὰρ
804 469 1018 540 εἴρηται
1058 467 1169 530 τοῖς
1196 465 1304 531 ἔξω
1325 464 1420 520 τοῦ
1449 464 1755 535 ἀξιώματος
1781 463 1874 516 τοῦ

1983 464 2156 519 ctione
2183 461 2406 519 effectus
2432 478 2488 518 es
2515 475 2537 525 ;.
2562 462 2711 532 atqui
2737 464 2870 520 solis
2892 466 3273 522 sacerdotibus
3290 466 3541 538 judicare

304 559 630 627 δικαπικοῦ,
684 561 717 633 ἢ
770 557 1144 613 διδασκαλικοῦ
1186 557 1298 629 (52)
1350 556 1674 630 ὑπάρχουσι·
1732 555 1870 627 ιηΜὴ

303 656 535 726 κρίνετε,
564 652 658 707 καὶ
684 652 746 705 οὐ
778 650 852 724 μὴ
884 648 1225 721 κριθήσεσθε.
1252 667 1272 702 ι

1976 561 2060 610 est
2088 568 2408 610 concessum
2429 596 2442 623 ,
2475 554 2675 624 quippe
2701 556 2902 624 quibus
2931 556 3138 612 dictum
3182 559 3254 615 sit
3286 578 3299 615 :
3341 578 3360 611 ι
3389 559 3541 614 Judi-

1974 646 2121 702 cium
2168 646 2375 717 justum
2438 645 2776 715 judicate";
2824 666 2843 700 ι
2909 659 2961 705 et
3024 667 3244 707 rursum
3300 670 3315 707 :
3370 671 3389 703 ι
3450 650 3546 708 Es-

303 756 412 801 tote
446 744 601 816 probi
633 742 993 813 trapezitae”:
1016 752 1036 787 ι
1058 741 1210 797 vobis
1238 750 1419 797 autem
1444 741 1499 795 id
1526 754 1640 795 non
1666 747 1751 795 est
1776 738 2140 810 permissum;
2175 738 2284 792 imo
2310 744 2524 802 contra,
2549 736 2617 792 iis
2637 739 2732 807 qui
2760 738 3077 811 dignitatem
3107 749 3202 796 aut
3229 739 3433 813 judicis
3452 753 3547 799 aut

304 837 548 911 magistri
580 851 691 893 non
727 836 948 904 habent,
978 835 1184 891 dictum
1211 844 1332 892 est:
1361 853 1380 887 ι
1407 833 1587 891 Nolite
1608 833 1877 905 judicare,
1912 842 1968 889 et
2003 848 2119 889 non
2144 830 2522 903 judicabimini
2550 829 2693 884 ³⁸-³⁹.
2726 844 2745 878 ι

809 1041 1210 1097 ΚΕΦΑΛΑΙΟΝ
1243 1042 1367 1098 ΛΖ’.

306 1197 443 1272 Περι
459 1198 837 1275 κατηγόρων.
854 1156 952 1249 καί
1438 1192 1537 1248 και
1571 1192 1745 1275 ρπως
1765 1191 1877 1265 (53)

369 1263 490 1343 ἀρὴ
512 1263 616 1342 μὴ
629 1263 953 1346 προχείρως
979 1263 1629 1346 πιστεύειζῄάετιςτεζν
1646 1263 1877 1330 τούτοις

367 1332 483 1399 ἷὸνδ
502 1332 922 1412 κρὶτὴὶνίάλλὰ
942 1335 1093 1407 μετὰ
1117 1334 1396 1405 ἀκριϐοῦς
1421 1332 1767 1400 ἐξετάσεως.

372 1480 477 1536 Τὸν
520 1479 702 1551 μέντοι
740 1458 1040 1530 ἐπίσκοπον
1080 1471 1161 1527 δεῖ
1200 1470 1406 1545 κρίνειν
1458 1470 1654 1545 ὀρθῶς,
1695 1469 1878 1535 καθὼς

301 1574 626 1646 γέγραπται·
663 1590 683 1623 ι
707 1570 820 1643 Τὴν
859 1568 1071 1625 δικαίαν
1098 1567 1278 1639 κρίσιν
1305 1564 1539 1639 κρίνετε.
1566 1583 1586 1617 ι
1626 1565 1737 1619 Καὶ
1778 1563 1876 1618 ἀλ-

301 1664 488 1738 λαχοῦ·
518 1664 613 1719 (Τί
642 1664 697 1717 δὲ
723 1663 819 1717 καὶ
845 1662 937 1731 ἀφ’
956 1660 1163 1714 ἑαυτῶν
1190 1659 1253 1714 οὐ
1280 1661 1495 1731 κρίνετε
1522 1657 1582 1711 τὸ
1607 1656 1829 1722 δίκαιον;
1850 1673 1871 1707 ι

302 1757 525 1813 Γίνεσθε
563 1752 657 1810 οὖν
700 1754 777 1818 ὡς
814 1752 1175 1826 ἀργυρονόμοι
1201 1753 1579 1823 ἐπιστήμονες.
1610 1749 1876 1819 Καθάπερ

303 1850 413 1923 γὰρ
438 1845 585 1903 οὗτοι
608 1845 677 1901 τά
701 1844 881 1915 φαῦλα
906 1844 1013 1898 τῶν
1040 1842 1385 1915 νομισμάτων
1411 1841 1786 1914 ἀποκρίνουσι,
1807 1838 1878 1893 τὰ

301 1942 359 1995 δὲ
395 1941 592 2012 δόκιμα
626 1937 968 1992 οίκειοῦνται·
1004 1937 1097 1991 τὸν
1137 1936 1298 1993 αὐτὸν
1331 1936 1394 2007 δὴ
1429 1935 1635 2007 τρόπον
1664 1934 1758 1988 καὶ
1784 1933 1878 1987 τὸν

301 2034 599 2089 ἐπίσκοπον
627 2032 756 2104 χρὴ,
783 2030 854 2085 τὰ
900 2032 997 2104 μὲν
1042 2030 1249 2102 ἄμωμα
1283 2028 1553 2101 κατέχειν,
1581 2027 1651 2081 τά
1677 2026 1732 2081 δὲ
1759 2026 1880 2081 ὲπί-

304 2142 473 2198 μωμα
499 2124 531 2197 ἢ
562 2122 1198 2195 θεραπεύειν,ἧάνιάτως
1223 2121 1482 2177 νοσοῦντα
1496 2121 1874 2193 ἀπορρίπτειν·

302 2219 398 2271 καὶ
427 2218 501 2289 μὴ
528 2217 736 2287 ταχέως
761 2216 1004 2280 κόπτειν,
1037 2215 1169 2288 μηδὲ
1207 2209 1288 2277 οἷς
1325 2213 1528 2285 δήποτε
1582 2212 1875 2269 πιστεύειν·

302 2309 538 2382 ἐγχωρεῖ
551 2308 659 2380 γάρ
674 2324 823 2371 τινας
849 2309 941 2362 καὶ
966 2306 1053 2360 διὰ
1081 2305 1311 2379 ζῆλον,ἧ
1338 2306 1529 2375 φθόνον
1559 2305 1701 2360 κατά
1735 2322 1881 2369 τινος

303 2399 530 2470 ἀδελφοῦ
576 2401 936 2472 ἐνστήσασθαι
980 2400 1149 2473 ψευδῆ
1196 2399 1549 2471 κατηγορίαν·
1591 2398 1669 2463 ὡς
1700 2399 1750 2452 οί
1789 2397 1882 2451 δύο

304 2491 664 2564 πρεσϐύτεροι
708 2493 799 2546 ἐπὶ
843 2494 942 2564 τῆς
980 2492 1268 2562 Σωσάννης
1294 2492 1352 2544 ὲν
1380 2489 1678 2554 Βαϐυλῶνι,
1707 2490 1802 2544 καὶ
1846 2490 1880 2560 ἡ

305 2584 579 2653 Αἰγυπτία
606 2585 698 2637 ἐπὶ
725 2583 1051 2656 τῷἾωσήφ.
1077 2584 1149 2638 Σὺ
1177 2578 1292 2647 οὖν,
1309 2584 1385 2648 ὼς
1409 2580 1544 2637 Θεοῦ
1572 2581 1878 2653 ἄνθρωπος,

304 2674 374 2729 τά
397 2674 621 2729 τοιαῦτα
653 2674 726 2747 μὴ
755 2676 1062 2748 προχείρως
1089 2674 1419 2747 παραδέχου,
1450 2674 1539 2729 ἴνα
1568 2674 1643 2746 μὴ
1689 2673 1883 2744 ἀνέλῃς

307 2769 396 2822 τὸν
422 2768 599 2823 ἀθῶον
627 2769 721 2822 κα)⁸
746 2768 1072 2841 ἀποκτείνῃς
1097 2767 1188 2823 τδν
1214 2767 1439 2823 δίκαιον.
1456 2767 1513 2823 '0
1532 2767 1640 2839 γὰρ
1659 2765 1883 2821 τοιαῦτα

308 2859 728 2932 παραδέχεσθαι⁴
748 2859 937 2925 θέλων,
966 2861 1136 2933 ὀργῆς
1162 2860 1343 2932 πατήρ
1370 2861 1486 2913 ἐστι
1518 2859 1714 2930 μᾶλλον
1744 2858 1778 2929 ἢ
1808 2859 1885 2912 εί-

309 2952 495 3023 ρήνης·
521 2953 658 3005 ὅπου
686 2951 741 3005 δὲ
767 2952 933 3025 ὀργὴ,
963 2952 1080 3006 ὲκεῖ
1104 2954 1132 3006 ό
1160 2952 1361 3024 Κύριος
1388 2953 1488 3007 οὐκ
1516 2951 1680 3005 ἔστιν·
1712 2952 1747 3021 ὴ
1774 2949 1885 3023 γὰρ

306 3043 441 3116 ὀργὴ
482 3041 579 3097 τοῦ
619 3045 833 3098 Σατανᾶ
870 3044 1189 3115 ὑπάρχουσα
1216 3045 1365 3116 φίλη,
1394 3043 1536 3114 λέγω
1561 3044 1639 3109 δὲ,
1667 3044 1703 3116 ἢ
1732 3043 1887 3116 παρά

307 3133 368 3187 τὸ
392 3135 598 3188 δίκαιον
637 3136 924 3207 κινουμένη
952 3135 1039 3189 διά
1063 3135 1171 3189 τῶν
1210 3134 1603 3206 ψευδαδέλφων,
1631 3135 1885 3189 οὐδέποτε

2495 1034 2723 1092 CAPUT
2761 1036 3023 1096 XXXVII.

1977 1193 2084 1272 De_
2105 1195 2585 1272 accusatoribus}:
2614 1197 2967 1272 delatoribus;
2996 1208 3047 1255 et
3076 1200 3214 1272 quod
3246 1199 3549 1272 judexgnon

2048 1266 2230 1320 debeat
2254 1267 2364 1319 illis
2393 1266 2549 1333 facile
2588 1268 2820 1334 credere,
2853 1270 2929 1324 vel
2957 1287 3060 1325 non
3087 1266 3314 1330 credere.
3337 1270 3426 1327 sed
3456 1274 3549 1325 ad-

2046 1336 2214 1391 hibita
2241 1338 2485 1408 diligenti
2511 1339 2866 1409 inquisitione.

2048 1474 2221 1531 Porro
2263 1474 2580 1548 episcopum
2631 1486 2845 1549 Oportet
2890 1487 3044 1535 recte
3081 1478 3358 1548 judicare;
3407 1478 3555 1535 sicut

1977 1570 2241 1641 scriptum
2287 1577 2415 1626 est:
2460 1589 2478 1622 ι
2505 1569 2725 1627 Iustum
2768 1573 3035 1643 judicium
3073 1573 3394 1642 iudicate”;
3434 1592 3453 1627 ι
3494 1581 3550 1628 et

1977 1663 2146 1719 alibi:
2184 1682 2204 1715 ι
2249 1662 2389 1729 Quid
2434 1680 2565 1720 vero
2615 1680 2646 1720 a
2700 1666 2856 1720 vobis
2893 1665 3028 1736 ipsis
3059 1665 3205 1736 quod
3225 1664 3435 1735 justum
3465 1673 3551 1722 est

1977 1769 2087 1809 non
2105 1754 2367 1825 judicatis
2381 1757 2467 1811 M?
2498 1777 2515 1810 ι
2552 1756 2736 1814 Estote
2766 1758 2935 1828 igitur
2967 1766 3223 1826 tanquam
3254 1758 3553 1828 argentarii

1976 1849 2159 1919 periti.
2189 1848 2260 1904 Ut
2290 1851 2437 1906 enim
2464 1848 2542 1904 illi
2585 1864 2839 1904 nummos
2885 1847 3224 1904 adulterinos
3270 1848 3552 1918 rejiciunt,

1978 1939 2179 2010 probos
2207 1948 2385 1996 autem
2417 1940 2688 2008 retinent;
2715 1940 2967 1995 eumdem
2997 1940 3065 1994 ad
3092 1942 3311 1995 modum
3337 1948 3553 2011 oportet

1980 2038 2041 2085 ut
2070 2031 2361 2102 episc0pus
2388 2047 2510 2101 quae
2535 2046 2646 2085 non
2688 2031 2890 2087 habent
2916 2032 3189 2086 maculam
3232 2032 3561 2102 complecta-

1979 2132 2090 2187 tur,
2119 2138 2241 2193 quae
2284 2131 2466 2179 autem
2509 2123 2786 2178 maculosa
2839 2130 2987 2188 sunt,
3025 2124 3112 2179 vel
3159 2131 3334 2189 curet,
3381 2124 3463 2179 vel
3505 2126 3553 2179 si

1980 2214 2332 2286 desperanter
2374 2215 2647 2282 laborent,
2678 2215 2931 2285 abjieiat;
2976 2231 3087 2270 non
3137 2224 3315 2271 tamen
3369 2216 3553 2272 statim

1981 2315 2244 2379 amputet,
2269 2323 2371 2363 nec
2400 2308 2685 2378 quibusvis
2715 2309 2902 2363 credat
2929 2308 3009 2376 ⁸²;
3042 2308 3101 2363 ﬁt
3130 2310 3271 2363 enim
3305 2324 3555 2363 nonnun-

1980 2416 2166 2470 quam,
2203 2408 2263 2454 ut
2288 2400 2452 2472 aliqui
2483 2402 2829 2456 aemulatione
2854 2414 2921 2455 ac
2948 2399 3150 2454 invidia
3183 2399 3332 2454 ducti
3362 2400 3557 2455 adver-

1982 2508 2077 2549 sus
2100 2492 2323 2549 fratrem
2346 2493 2538 2549 falsam
2568 2494 2970 2549 accusationem
2988 2492 3307 2560 instituant;
3342 2500 3401 2547 ut
3426 2494 3555 2547 olim

1981 2584 2252 2657 Babylone
2298 2585 2409 2640 duo
2458 2600 2617 2641 senes
2660 2585 2924 2641 adversus
2949 2584 3343 2651 Susannam“,
3388 2593 3565 2656 utque

1983 2676 2240 2749 Egyptia
2272 2677 2469 2734 mulier
2501 2686 2693 2734 contra
2723 2676 3021 2748 Josephum
3039 2677 3107 2735 κ.
3135 2677 3290 2732 Talia
3338 2686 3420 2742 tu,
3463 2678 3557 2748 qui

1981 2769 2149 2825 homo
2191 2769 2286 2825 Dei
2316 2785 2397 2834 es,
2430 2784 2541 2824 non
2578 2779 2781 2825 temere
2811 2769 3085 2834 admittes,
3114 2785 3183 2825 ne
3213 2769 3358 2825 forte
3396 2771 3551 2824 inno-

1983 2868 2195 2917 centem
2225 2862 2483 2932 perimas,
2531 2868 2586 2917 et
2631 2860 2852 2916 occidas
2873 2860 3101 2930 justum.
3135 2861 3240 2927 Qui
3268 2862 3411 2917 enim
3441 2861 3557 2916 haec

1982 2952 2216 3009 libenter
2244 2952 2418 3018 audit,
2449 2953 2624 3024 magis
2653 2954 2750 3007 iraa
2772 2961 2926 3023 pater
2946 2959 3228 3023 est,quam
3253 2953 3431 3023 pacis;
3463 2954 3560 3007 ubi

1984 3061 2116 3102 vero
2143 3046 2225 3101 ira
2260 3054 2362 3113 est,
2393 3045 2523 3100 hinc
2554 3044 2816 3101 Dominus
2846 3045 3031 3111 abest;
3064 3046 3193 3115 quia
3228 3043 3310 3098 ira
3342 3044 3558 3099 Satanae

1988 3137 2191 3205 amica;
2243 3137 2391 3192 illam
2437 3137 2582 3202 dico,
2618 3151 2760 3208 quae,
2790 3151 2821 3190 a
2867 3136 3022 3193 falsis
3079 3135 3341 3192 fratribus
3367 3144 3557 3191 contra

309 3226 501 3299 ἀφίησι
528 3227 777 3297 γενέσθαι
804 3228 1052 3299 ὁμόνοιαν
1080 3229 1137 3281 ὲν
1164 3230 1230 3299 τῇ
1260 3226 1740 3300 Ἐκκλησίᾳ.”Οθεν
1768 3227 1887 3281 ἐπι-

1988 3230 2298 3301 tequitatem
2331 3229 2605 3285 concitata
2628 3265 2648 3293 ,
2706 3243 2983 3299 nunquam
3005 3228 3356 3283 concordiam
3386 3231 3439 3282 in
3466 3227 3561 3283 Ec-

312 3318 671 3386 γινώσκοντες
696 3321 823 3383 τοὺς
851 3318 1126 3383 τοιούτους
1154 3319 1414 3391 ἄφρονας,
1445 3317 1686 3389 ἐριστὰς,
1713 3316 1888 3390 ζηλω-

1991 3321 2163 3378 clesia
2194 3320 2496 3377 subsistere
2528 3319 2751 3391 patitur.
2790 3317 2943 3375 Unde
2976 3320 3211 3390 cognitis
3241 3320 3309 3376 iis
3332 3320 3564 3374 homini-

310 3410 430 3475 τὰς,
460 3411 880 3483 χαιρεσικάκους
910 3412 1041 3484 (⁸54),
1088 3413 1161 3483 μὴ
1204 3411 1483 3465 πιστεύετε
1524 3412 1726 3475 αὐτοῖς·
1755 3409 1890 3465 ἀλλά

313 3504 409 3557 καὶ
447 3503 851 3576 παρατηρεῖσθε
892 3506 1019 3568 τοὺς
1044 3502 1337 3567 τοιούτους,
1367 3501 1653 3567 ἀκούοντές
1677 3520 1731 3557 τι
1758 3505 1890 3575 παρ’

314 3596 494 3651 αὐτῶν
536 3596 680 3650 κατά
718 3593 964 3664 ἀδελφοῦ·
1009 3595 1090 3649 ὅτι
1126 3594 1274 3648 οὐδὲν
1302 3595 1360 3647 ἐν
1388 3593 1684 3665 ὀφθαλμοῖς
1712 3594 1891 3649 αὐτῶν

315 3688 494 3757 φόνος·
525 3689 620 3743 καὶ
644 3684 706 3743 οὗ
724 3705 815 3752 ητις
847 3689 945 3759 οὐχ
981 3688 1219 3752 ὑπονοεῖ,
1248 3686 1673 3741 καταϐάλλουσιν
1700 3686 1888 3759 ἄνδρα.

316 3780 390 3835 Σὺ
418 3776 512 3835 οὖν
537 3779 768 3852 πρόσεχε
795 3780 873 3852 τῷ
901 3779 1347 3852 κατηγορηθέντι,
1369 3781 1428 3834 ὲν
1457 3780 1620 3852 σοφίᾳ
1645 3797 1894 3853 παρατη-

322 3872 430 3944 ρῶν
464 3872 564 3944 τὴν
602 3873 944 3945 ἀναστροφὴν
971 3871 1157 3937 αὑτοῦ,
1186 3873 1271 3937 τίς
1295 3873 1391 3926 καὶ
1416 3872 1577 3929 ὁποία
1614 3872 1889 3945 τυγχάνει·

318 3965 415 4018 καὶ
443 3965 493 4018 εἰ
520 3962 703 4036 εὕροις
732 3964 891 4019 αὐτὸν
910 3963 1260 4037 ἀληθεύοντα,
1282 3963 1424 4018 κατά
1447 3964 1546 4037 τὴν
1570 3963 1892 4038 τοῦΚυρίου

317 4054 541 4127 διδαχὴν
566 4054 810 4126 ποίησον,
836 4057 929 4110 καὶ
960 4056 1117 4127 μόνον
1151 4054 1481 4126 παραλαϐὼν
1523 4055 1616 4111 τὸν
1659 4074 1897 4130 κατηγο-

325 4146 578 4219 ρηθέντα,
609 4146 822 4217 ἔλεγξον
862 4148 1043 4213 αὐτὸν,
1074 4147 1221 4211 ὅπως
1251 4147 1529 4219 μεταγνῷ,
1559 4148 1785 4220 μηδενός
1813 4166 1895 4205 σοι

326 4238 722 4309 συμπαρόντος.
753 4240 816 4293 El
843 4239 898 4293 δὲ
923 4240 984 4293 οὐ
1013 4238 1281 4310 πεισθείη,
1310 4240 1598 4310 γενόμενος
1624 4239 1894 4314 δεύτερος,

324 4327 360 4399 ὴ
412 4330 613 4401 τρίτος,
641 4329 811 4391 οὕτως
861 4331 1009 4403 αύτῷ
1063 4330 1336 4396 ὑπόδειξον
1391 4331 1453 4385 τὸ
1496 4331 1895 4404 πλημμέλημα,

326 4419 655 4492 νουθετήσας
681 4422 843 4475 αὐτὸν
883 4422 942 4475 ὲν
984 4422 1249 4495 πραότητι
1276 4423 1372 4478 καὶ
1409 4423 1647 4495 παιδείᾳ·
1678 4425 1759 4479 ὃτι
1793 4442 1812 4476 ι
1836 4425 1897 4479 ὲν

206 4586 217 4599 ι
328 4511 524 4584 καρδίᾳ
551 4513 729 4586 ἀγαθῇ
758 4514 1128 4570 ἀναπαύσεται
1160 4515 1337 4587 σοφία·
1360 4516 1417 4571 ὲν
1443 4516 1710 4590 δὲκαρδίᾳ
1728 4517 1897 4589 ἀφρό-

329 4620 434 4657 νων
456 4605 519 4658 οὑ
545 4604 975 4675 διαγινώσκεται.
1001 4627 1021 4663 ι

1988 3413 2115 3476 bus.
2146 3411 2601 3482 imprudentibus,
2627 3410 3008 3477 contentiosis,
3059 3410 3289 3477 aemulis,
3324 3411 3563 3466 malevo-

1988 3502 2249 3570 lentibus,
2281 3503 2449 3559 nolite
2474 3502 2633 3558 fidem
2667 3504 2776 3559 illis
2806 3503 3043 3571 habere;
3069 3503 3204 3575 quin
3232 3503 3413 3574 potius
3437 3520 3563 3559 cum

1987 3611 2086 3653 eos
2129 3594 2412 3651 audieritis
2457 3594 2682 3651 fratrem
2728 3597 3032 3660 criminari,
3061 3597 3370 3652 cautionem
3403 3598 3563 3651 adhi-

1990 3687 2112 3744 bete
2135 3705 2151 3756 ;
2178 3688 2306 3758 quia
2338 3686 2694 3742 homicidium
2739 3688 2903 3745 ludus
2946 3689 3057 3745 illis
3098 3689 3314 3744 videtur
3337 3703 3401 3743 ac
3427 3689 3569 3743 nihi-

1990 3780 2103 3836 lum
2124 3798 2139 3849 ;
2170 3788 2223 3836 et
2248 3780 2339 3835 ubi
2362 3771 2521 3836 nemo
2538 3782 2871 3851 suspicatur,
2890 3788 3245 3853 prosternunt
3262 3782 3559 3837 hominem.

1992 3868 2076 3927 'l‘u
2100 3885 2231 3943 ergo
2257 3879 2575 3928 accusatum
2601 3873 2910 3938 considera,
2939 3882 2993 3930 et
3016 3874 3287 3944 sapienter
3318 3872 3563 3943 expende

1992 3978 2173 4020 mores
2201 3963 2368 4029 illius,
2405 3963 2499 4035 qui
2527 3978 2591 4019 ac
2616 3965 2806 4035 quales
2835 3965 2983 4033 sint;
3015 3972 3068 4019 et
3097 3964 3143 4019 si
3185 3972 3564 4020 accusatorem

1990 4070 2120 4110 vere
2168 4069 2232 4109 ac
2269 4055 2418 4124 juste
2448 4054 2598 4125 loqui
2630 4056 2984 4126 compereris,
3016 4056 3318 4113 secundum
3349 4056 3566 4111 Domini

1993 4147 2301 4202 doctrinam
2330 4146 2527 4215 facito;
2558 4162 2709 4204 reum
2738 4156 3076 4219 assumptum
3118 4148 3316 4212 solum,
3348 4149 3569 4203 nemine

1994 4245 2260 4309 praesente
2285 4252 2473 4309 argue,
2505 4247 2565 4292 ut
2589 4240 2962 4308 paenitentiam
2995 4246 3119 4310 agat
3150 4258 3165 4295 :
3193 4238 3421 4310 quodsi
3451 4252 3577 4294 non.

1994 4329 2200 4399 patitur
2233 4344 2293 4385 se
2320 4328 2658 4399 persuaderi,
2689 4330 2949 4385 adhibitis
2978 4330 3191 4387 duobus
3235 4331 3320 4386 vel
3363 4330 3562 4395 tribus,

1996 4420 2102 4492 ipsi
2134 4428 2399 4493 quantum
2434 4421 2725 4494 deliquerit
2764 4422 3072 4491 ostende",
3104 4423 3402 4479 admonens
3439 4438 3564 4478 eum

1998 4530 2123 4570 cum
2138 4514 2558 4572 mansuetudine
2578 4532 2642 4571 ac
2661 4517 2946 4587 disciplina
2967 4518 3259 4589 ;quoniam
3285 4536 3305 4569 ι
3329 4518 3384 4571 in
3400 4515 3566 4571 corde

1928 4595 1974 4651 Ῐ)
2001 4607 2146 4662 bono
2194 4608 2503 4679 requiescet
2550 4609 2846 4679 sapientia;
2876 4611 2935 4665 in
2963 4610 3126 4667 corde
3155 4618 3336 4668 autem
3367 4611 3569 4680 impru-

2003 4699 2246 4756 dentium
2275 4714 2388 4755 non
2420 4700 2841 4773 dignoscitur“.
2874 4720 2893 4755 ›

404 4915 449 4949 "
485 4912 641 4971 Deut.
682 4930 729 4979 ι.
782 4912 866 4979 l6,
919 4924 976 4984 et
1003 4930 1116 4984 xvt,
1153 4916 1254 4982 18;
1283 4914 1451 4971 Zacli.
1492 4930 1588 4984 vn,
1618 4914 1673 4984 9.
1748 4911 1869 4953 ”-"

1984 4928 2014 4968 c
2043 4925 2116 4984 vt.
2149 4911 2240 4984 3].
2318 4911 2363 4943 ⁸ο
2387 4911 2472 4965 ιι).
2508 4909 2744 4984 “1,24.
2800 4908 2848 4984 “_
2885 4907 2998 4965 Luc
3033 4909 3261 4984 χιικξῖ.
3322 4908 3381 4984 _‘_’
3404 4906 3565 4984 “Lau-

337 4986 373 5049 d
397 4996 503 5039 :tur
558 5002 588 5041 a
639 4984 909 5042 Cedreno.
957 4982 1109 5044 Vide'
1143 4985 1267 5043 νει.
1315 4985 1541 5045 Testim.
1574 4982 1579 4984 ⁷
1618 4982 1665 5017 ⁸³
1694 4984 1833 5041 Dan.
1864 5000 1984 5039 xui.

343 5071 457 5125 inv,
499 5059 587 5115 55.

2079 4983 2125 5015 “
2168 4982 2305 5039 Gen.
2344 4997 2533 5036 xxxnx.
2592 4976 2669 5012 ⁷⁵³
2699 4979 2891 5035 Matth.
2940 4996 3093 5047 xvui,
3140 4981 3225 5036 15.
3318 4976 3367 5010 ⁵⁸
3402 4976 3563 5032 Prov-

1632 5223 1995 5282 VARIOBUM
2030 5223 2262 5282 NOTAE.

334 5422 503 5477 μενοι.
537 5403 840 5477 Omiseram
872 5410 1059 5460 notare
1093 5402 1449 5477 assertionem
1477 5399 1888 5477 Constitutoris,

308 5472 398 5531 'de
444 5484 750 5544 pmceplo,
784 5472 961 5528 Eslote
1000 5474 1148 5543 probi
1191 5472 1903 5544 trapezitaz,sacerdotibus.

333 5541 481 5610 dato,
514 5541 820 5615 congruere
848 5560 972 5615 cum
999 5541 1245 5615 oratione
1272 5542 1512 5615 Dionysii
1540 5541 1893 5615 Alexandrini

333 5616 398 5693 de
444 5611 650 5671 codcm'
692 5614 839 5693 dicto
884 5613 1020 5693 πρὸς
1061 5614 1187 5675 τοὺς
1225 5611 1844 5693 δυνατωτέρρυςιειιιίεεο
1878 5631 1893 5667 :

334 5687 470 5813 alios
495 5696 683 5741 tamen
716 5682 771 5739 id
794 5681 944 5739 vocis
971 5699 1069 5754 pro
1109 5682 1346 5753 generali
1377 5681 1584 5737 monito
1616 5681 1900 5741 habuisse.

415 5773 470 5813 τ.

415 5773 470 5815 ἶ.

2070 5399 2183 5467 (52)
2228 5400 2298 5454 Ἢ
2331 5399 2779 5454 διδασκαλικοῦ.
2827 5398 2999 5455 Deest
3043 5400 3097 5454 in
3149 5399 3338 5455 codice
3391 5403 3568 5459 altero

1999 5469 2429 5533 Vindobonensi,
2461 5476 2515 5525 et
2546 5469 2739 5538 abesse
2767 5469 2959 5538 debet;
2992 5484 3172 5525 sermo
3198 5472 3342 5526 enim
3376 5480 3459 5527 est
3494 5473 3562 5530 de

1994 5541 2200 5613 judice,
2228 5556 2336 5613 non
2360 5540 2426 5594 de
2448 5539 2689 5613 doctore.
2713 5537 2882 5613 Gesn.

2094 5611 2183 5676 '55-)
2224 5612 2427 5676 Ὅπως.
2459 5607 2611 5675 Legit
2639 5608 2721 5661 ὅτι
2751 5610 2888 5663 alter
2910 5607 3030 5664 cod.
3057 5608 3218 5664 Vind.
3250 5608 3329 5667 In.

2094 5611 2171 5664 55-
2224 5612 2427 5676 Ὅπως.
2459 5611 2611 5675 Legit
2639 5611 2721 5661 ὅτι
2751 5611 2888 5663 alter
2910 5611 3030 5664 cod.
3057 5611 3218 5664 Vind.
3250 5611 3329 5667 In.

2070 5611 2187 5750 $54;
2224 5677 2921 5755 Χαιρεᾳικάκρυςηλξὶιιιι.
2957 5680 3195 5755 codices,
3233 5682 3577 5755 ETithQEGL-e

2007 5748 2231 5819 κάκους,
2260 5766 2289 5806 a
2312 5751 2514 5823 quibus
2540 5748 2693 5805 abest
2715 5749 2983 5823 ζηλωτάς.
3007 5749 3085 5806 In.
