4080 6260
1101 427 1333 488 CAPUT
1370 418 1519 487 XLI.

520 540 797 608 Quomodo
843 549 1078 610 oporteat
1101 544 1325 612 recipere
1365 544 1716 613 pensitantem,
1748 550 1799 613 et
1835 545 2094 613 quomodo

587 628 743 685 agere
770 629 887 666 cum
912 613 1290 683 peccatoribus,
1327 612 1373 668 et
1399 612 1608 685 quando
1640 613 1705 667 ab
1738 612 1978 668 Ecclesia
2006 614 2095 668 ab-

586 682 846 739 scindere.

583 795 701 852 Jam
737 797 785 854 si
830 799 957 869 quis
994 814 1318 864 conversus,
1351 798 1565 854 fructus
1610 798 1948 870 paenitentiae
1973 790 2091 855 edi-

513 889 690 958 derit,
738 898 870 945 tunc
945 889 1015 945 ad
1075 892 1376 946 orationem
1429 892 1731 959 admittite;
1796 899 1858 946 ut
1917 892 2086 947 filium

511 981 666 1038 illum
723 983 1054 1055 prodigum,
1106 984 1199 1054 qui
1260 983 1544 1054 perierat,
1594 992 1649 1041 et
1713 984 1890 1055 patria
1943 984 2086 1040 bona

510 1091 636 1132 cum
678 1076 1059 1133 meretricibus
1104 1076 1494 1148 abligurierat,
1545 1084 1845 1147 posteaque
1886 1092 2085 1148 porcos

510 1170 789 1240 pascebat,
821 1169 892 1226 de
919 1185 1153 1240 quorum
1190 1169 1407 1239 siliquis
1436 1169 1693 1239 cupiebat
1720 1170 1948 1240 expleri,
1979 1186 2081 1226 nec

508 1262 819 1330 obtinebat;
869 1262 1087 1333 quando
1134 1261 1456 1333 paenitentia
1505 1253 1708 1318 ductus
1757 1269 1862 1326 est,
1911 1268 1967 1317 et
2012 1262 2079 1317 ad

505 1363 718 1425 patrem
745 1354 926 1417 rediit,
955 1353 1201 1425 dixitque
1225 1371 1241 1409 :
1279 1372 1298 1406 ι
1334 1352 1561 1409 Peccavi
1586 1352 1643 1407 in
1669 1353 1892 1421 cmlum,
1914 1359 1968 1408 et
1986 1368 2081 1409 co-

504 1460 623 1502 ram
649 1453 724 1510 te,
756 1445 869 1515 jam
902 1462 1011 1501 non
1036 1462 1156 1502 sum
1189 1446 1387 1517 dignus
1411 1444 1593 1499 vocari
1625 1444 1768 1499 illius
1800 1452 1929 1500 tuus
1951 1445 2026 1511 ³¹;
2053 1465 2071 1497 ι

502 1546 680 1609 pater,
709 1538 1004 1594 liberorum
1043 1554 1255 1603 amans,
1285 1553 1409 1592 cum
1452 1536 1665 1593 musico
1694 1544 1957 1607 apparatu
1986 1551 2077 1591 sc-

502 1632 674 1702 cepit;
724 1630 961 1701 priorem
1012 1631 1233 1695 stolam,
1275 1629 1535 1684 annulum
1594 1636 1649 1684 et
1708 1629 2073 1683 calceamenta

1384 292 1444 349 3.
1483 292 1874 357 CLEMENTIS
1904 292 1927 348 l
1958 292 2124 350 ROM.
2160 296 2363 355 PONT.
2399 298 2628 358 OPERA
2659 301 2888 360 DUBIA.

2116 422 2167 478 Δ

3663 301 3765 356 696

2702 386 3099 475 ΚΕΦΑΛΔΙΟΝ
3129 402 3265 474 Μιιν.

2200 532 2395 607 Ὀετως
2411 533 2506 607 δεῖ
2526 533 2877 607 προσίεσθαι
2905 535 3011 607 τὸν
3030 534 3463 607 μετανροῦντα,
3485 535 3591 607 καί
3611 537 3767 607 ὅπως

2262 602 2627 673 διαγίνεσθαι
2652 604 2805 673 βιρδς
2834 604 2978 670 τοὺς
3007 602 3480 673 ἁμαρτάνοντας,
3501 606 3601 660 καὶ
3626 602 3767 666 πότᾶ

2259 672 2573 727 ἐκκόπτειν
2600 672 2711 742 τῆς
2752 672 3132 743 Ἐκκλησίαςέ

2258 787 2323 842 El
2368 787 2425 842 δέ
2467 805 2551 853 τις
2575 788 2931 861 ἐπιστραφεὶς
2978 788 3265 860 μετανοίας
3310 789 3524 862 καρπὸν
3566 791 3766 848 ἑπιδεί·

2187 879 2366 952 ξηται,
2394 881 2513 936 τότε
2542 882 2636 936 καὶ
2674 883 2754 946 είς
2780 880 3089 955 προσευχὴν
3129 882 3437 948 είσδέξασθε
3476 886 3658 941 αὐτόν·
3691 888 3766 951 ὡς

2183 972 2277 1028 τὸν
2334 974 2449 1029 υίὸν
2492 974 2584 1027 τὸν
2641 972 2953 1028 ἀπολωλότα
2975 1011 2993 1038 ,
3053 972 3145 1029 τὸν
3187 974 3396 1031 ἄσωτον
3417 1015 3432 1043 ,
3476 977 3569 1032 τὸν
3628 979 3765 1049 μετά

2182 1066 2398 1138 πορνῶν
2426 1066 2733 1139 μειώσαντα
2754 1065 2854 1138 τὴν
2881 1065 3150 1139 πατρικὴν
3177 1068 3387 1131 οὐσίαν,
3415 1070 3506 1123 τὸν
3547 1071 3765 1143 χοίρους

2183 1157 2466 1229 βόσκοντα,
2504 1160 2599 1213 καὶ
2641 1160 2909 1231 κερατίων
2952 1159 3332 1231 ἐμπλησθῆναι
3368 1162 3760 1234 ἐπιθυμοῦντα,

2179 1250 2274 1305 καὶ¹
2322 1250 2399 1323 μὴ
2440 1250 2806 1322 τυγχάνοντα,
2855 1251 3188 1323 μεταγνόντα
3243 1253 3338 1308 καὶ
3392 1254 3761 1327 παλινδρομή-

2179 1358 2348 1397 σαντα
2382 1341 2521 1415 πρὸς
2546 1342 2638 1397 τὸν
2668 1343 2902 1416 πατέρα,
2922 1343 3017 1398 καὶ
3042 1343 3282 1398 εἰπόνταο
3309 1362 3329 1398 ι
3369 1344 3655 1418 Ἥμαρτον
3681 1349 3760 1413 εί‹⁵

2175 1434 2267 1488 τὸν
2285 1435 2511 1507 οὐρανὸν
2527 1436 2620 1490 καὶ
2638 1434 2867 1491 ἐνώπιόν
2886 1452 3002 1502 σου,
3023 1437 3118 1491 καὶ
3135 1437 3318 1492 οὐκέτι
3338 1437 3452 1508 cipit
3483 1436 3633 1502 ἄξιος
3660 1454 3762 1491 κα-

2174 1526 2382 1583 λεῖσθαι
2409 1528 2526 1593 υἱός
2552 1546 2701 1593 σου,›
2746 1528 2884 1600 μετά
2906 1528 3177 1600 μουσικῶν
3204 1530 3233 1582 ό
3253 1528 3559 1600 φιλότεκνος
3575 1531 3761 1603 πατὴρ

2173 1619 2563 1693 προσελάϐετο,
2590 1620 2684 1675 καὶ
2707 1620 2806 1693 τὴν
2831 1620 3065 1693 ἀρχαίαν
3086 1620 3298 1693 στολὴν,
3319 1620 3414 1675 καὶ
3440 1621 3533 1676 τὸν
3558 1621 3759 1675 δακτύ-

499 1723 770 1790 reddidit;
826 1730 1173 1793 mactatoque
1220 1721 1394 1776 vitulo
1434 1721 1705 1791 saginato,
1755 1720 1911 1775 laetus
1939 1735 2056 1790 epu-

2172 1712 2305 1777 λιον,
2333 1712 2427 1767 xa‘t
2451 1713 2521 1768 τά
2548 1713 2870 1785 ὑποδήματα
2888 1712 3139 1778 ἀποδοὺς,
3163 1712 3373 1784 σφάξας
3389 1731 3448 1766 τε
3463 1713 3555 1767 τὸν
3578 1730 3758 1769 σιτευ-

498 1814 717 1870 labatur
739 1829 864 1869 cum
893 1780 1108 1870 amicis:
1154 1810 1231 1868 lla
1275 1813 1442 1883 igitur
1474 1820 1527 1868 et
1566 1820 1623 1868 tu
1668 1813 1853 1879 facito,
1883 1828 1917 1867 ο
1955 1814 2056 1884 epi-

2170 1805 2261 1859 τδν
2290 1804 2490 1876 μόσχον
2515 1780 2842 1876 ηὐφραίνετο
2868 1803 3005 1876 μετὰ
3040 1804 3149 1859 τῶν
3194 1780 3382 1875 ιρίλων.
3434 1803 3621 1869 Οὕτως
3662 1803 3760 1863 οὖν

498 1922 664 1976 sc0pe
706 1923 721 1961 :
764 1920 827 1961 ac
875 1905 1335 1977 quemadmodum
1386 1905 1668 1960 ethnicum
1719 1921 1877 1961 sacro
1921 1906 2073 1959 lava-

494 2013 594 2053 cro
623 1998 881 2062 tinctum,
922 1997 981 2053 in
1012 1997 1314 2053 Ecclesiam
1360 1997 1577 2053 inducis
1608 2006 1732 2068 post
1772 1997 2071 2053 institutio-

493 2105 652 2157 nem;
703 2091 784 2146 sic
832 2098 889 2146 et
932 2089 1114 2154 hunc,
1167 2104 1267 2159 per
1313 2102 1573 2144 manuum
1628 2088 2068 2158 impositionem,

492 2195 679 2254 utpote
706 2184 1022 2254 pmnitentia
1054 2190 1367 2254 purgatum,
1395 2181 1611 2237 cunctis
1649 2196 1750 2252 pro
1778 2197 1844 2237 eo
1875 2181 2070 2251 depre-

491 2276 767 2342 cantibus,
814 2276 1045 2332 restitue
1094 2276 1149 2330 in
1207 2275 1433 2345 antiqua
1481 2290 1721 2345 pascua;
1763 2274 1975 2345 eritque
2011 2272 2067 2327 in

491 2367 617 2423 loco
673 2367 956 2439 baptismi,
1008 2366 1289 2437 impositio
1335 2382 1596 2420 manuum
1649 2382 1665 2420 :
1717 2365 1919 2420 etenim
1971 2379 2069 2434 per

490 2458 902 2529 impositionem
948 2473 1209 2513 manuum
1266 2465 1604 2523 nostrarum,
1652 2454 1891 2527 Spiritus
1938 2471 2066 2511 sano

489 2558 613 2606 ctus
657 2550 890 2606 dabatur
935 2549 1301 2605 credentibus.
1335 2548 1401 2603 Et
1431 2548 1479 2604 si
1506 2548 1632 2620 quis
1663 2547 1892 2602 fratrum
1924 2564 2066 2602 nun-

487 2656 655 2711 quam
702 2641 1009 2712 prolapsus,
1074 2639 1489 2713 reprehenderit
1522 2647 1597 2705 te,
1629 2639 1774 2711 quod
1817 2638 1945 2694 huic
1985 2638 2067 2694 sis

487 2733 904 2798 reconciliatus,
932 2733 1102 2789 dicito
1130 2734 1211 2792 ei:
1247 2751 1266 2785 ι
1306 2730 1388 2787 Tu
1419 2747 1639 2803 semper
1676 2746 1888 2788 mecum
1916 2739 2065 2795 es,et

486 2840 608 2880 mea
655 2826 836 2881 omnia
885 2832 980 2881 tua
1026 2832 1156 2881 sunt
1193 2843 1207 2880 :
1251 2825 1462 2895 epulari
1496 2831 1677 2880 autem
1731 2832 1787 2879 et
1820 2823 2064 2895 gaudere

484 2917 792 2988 oportebat,
822 2918 950 2987 quia
994 2916 1163 2973 frater
1216 2926 1346 2973 tuus
1392 2917 1483 2972 hic
1530 2924 1784 2972 mortuus
1834 2924 1972 2979 erat,
2007 2921 2063 2970 et

483 3010 703 3076 revixit,
753 3012 1013 3081 perierat,
1059 3018 1114 3067 et
1167 3011 1424 3066 inventus
1480 3017 1564 3065 est
1586 3008 1653 3062 ⁸⁸.
1695 3028 1714 3061 ι
1746 3007 1883 3061 Nam
1912 3006 2059 3078 quod

2170 1898 2264 1950 καὶ
2294 1898 2359 1951 σὺ
2388 1898 2550 1961 ποίει,
2581 1891 2626 1952 ὧ
2653 1898 2937 1951 ἐπίσκοπε·
2967 1896 3080 1953 ἀλλ’
3109 1896 3221 1969 (45)
3260 1897 3452 1969 ὥσπερ
3476 1898 3569 1953 τὸν
3614 1898 3760 1953 ἐθνι-

2169 1988 2265 2044 κὸν
2274 1989 2468 2054 λούσας
2488 1988 2698 2061 είσδὲχῃ
2721 1989 2859 2061 μετά
2871 1989 2971 2062 τὴν
2988 1989 3352 2055 διδασκαλίαν,
3373 1989 3515 2045 οὕτω
3529 1991 3623 2044 καὶ
3631 1991 3758 2044 τοῦ-

2167 2097 2260 2136 τον
2274 2081 2658 2155 χειροθετήσας
2673 2081 2806 2154 (46),
2825 2081 2901 2146 ὡς
2914 2080 2982 2136 ἂν
2999 2082 3260 2155 μετανοίᾳ
3278 2080 3777 2154 κεκαθαρισμένον,

2168 2174 2386 2228 πάντων
2414 2174 2553 2245 ὑπὲρ
2580 2172 2743 2229 αὑτοῦ
2771 2175 3242 2247 προσευχομένων,
3269 2176 3753 2249 ἀποκαταστήσεις

2166 2265 2329 2321 αὐτὸν
2354 2266 2434 2329 εἰς
2458 2265 2558 2338 τὴν
2600 2265 2834 2337 ἀρχαίαν
2862 2267 3027 2321 αὐτοῦ
3070 2269 3261 2340 νομήνο
3295 2270 3392 2323 καὶ
3419 2269 3568 2323 ἔσται
3599 2270 3755 2342 αὐτῷ

2164 2358 2286 2415 ἀντὶ
2311 2357 2404 2412 τοῦ
2430 2357 2697 2430 λούματος
2723 2360 2759 2430 ἡ
2786 2357 3112 2431 χειροθεσίαο
3147 2360 3243 2413 καὶ
3270 2359 3382 2431 γὰρ
3397 2360 3487 2415 διά
3502 2362 3602 2434 τῆς
3631 2362 3755 2415 ὲπι-

2166 2448 2369 2514 θέσεως
2410 2450 2518 2504 τῶν
2562 2451 2847 2524 ἡμετέρων
2874 2449 3073 2523 χειρῶν
3100 2450 3298 2505 ἐδίδοτο
3340 2451 3564 2524 Πνεῦμα
3592 2452 3754 2521 ἅγιον

2163 2545 2277 2608 τοῖς
2305 2542 2636 2597 πιστεύουσι.
2657 2544 2775 2599 Κάν
2801 2561 2887 2609 τις
2911 2544 3021 2599 τῶν
3054 2543 3131 2617 μὴ
3162 2544 3574 2617 σεσαλευμένων
3602 2544 3754 2599 ἀδελ-

2161 2634 2281 2705 φῶν
2311 2634 2476 2691 αὐτοῦ
2504 2635 2850 2709 ἑπεγκαλέσῃ
2880 2653 2985 2701 σοι,
3003 2636 3169 2710 ὁτιδὴ
3197 2636 3545 2709 κατηλλάγης
3573 2635 3750 2709 αὐτῷ,

2162 2727 2284 2782 εἰπὲ
2328 2727 2467 2800 πρὸς
2509 2727 2688 2782 αὐτόν·
2725 2746 2746 2783 ι
2768 2728 2841 2785 Σὺ
2873 2727 3103 2783 πάντοτε
3134 2730 3251 2801 μετ’
3286 2727 3424 2801 ἑμοῦ
3452 2722 3524 2794 εἴ,
3548 2729 3645 2783 καὶ
3673 2727 3748 2783 τὰ

2160 2819 2273 2894 4μά
2284 2820 2461 2876 πάντα
2478 2820 2550 2876 σά
2568 2822 2734 2876 ἐστιν’
2766 2820 3132 2895 εὐφρανθῆναι
3158 2821 3217 2876 δὲ
3242 2820 3347 2877 ἔδει
3365 2822 3459 2876 καὶ
3483 2821 3751 2894 χαρῆναι,

2160 2913 2241 2967 ὅτι
2268 2916 2297 2968 ό
2326 2911 2549 2984 ἀδελφός
2580 2931 2671 2968 σου
2703 2906 2855 2978 οὗτος
2883 2914 3073 2986 νεκρὸς
3099 2910 3191 2987 ἦν,
3224 2915 3319 2969 καὶ
3349 2911 3603 2986 ἀνέζησε,
3641 2914 3749 2968 καὶ

2158 3005 2473 3071 ἀπολωλὼς,
2502 3006 2595 3062 καὶ
2638 3006 2858 3079 εὑρέθη.
2896 3025 2916 3061 ι
2943 3008 3065 3061 Ὅτι
3091 3006 3201 3081 γὰρ
3230 3006 3294 3061 οὐ
3324 3005 3483 3078 μόνον
3512 3004 3753 3077 προσδό-

482 3100 629 3158 Leus
670 3117 781 3157 non
811 3103 989 3158 solum
1030 3102 1281 3172 ignoscat
1310 3100 1725 3172 paenitentibus,
1757 3098 1853 3155 sed
1883 3106 1937 3154 et
1963 3114 2056 3155 eos

2160 3114 2314 3169 χεται
2363 3100 2393 3153 ὁ
2439 3098 2571 3162 Θεὸς
2615 3099 2742 3162 τοὺς
2772 3098 3181 3171 μετανοοῦντας,
3210 3097 3348 3153 ἀλλά
3390 3098 3488 3153 καὶ
3532 3100 3612 3162 είς
3638 3096 3751 3169 τὴν

480 3194 539 3249 in
584 3194 873 3265 pristinam
904 3195 1225 3265 dignitatem
1260 3193 1533 3261 restituat,
1565 3190 1781 3248 abunde
1815 3197 2050 3248 testatur

2157 3189 2427 3264 προτέραν
2455 3190 2613 3256 ἀξίαν
2658 3190 3086 3263 ἀποκαθίστησιν
3104 3189 3238 3264 (47),
3270 3189 3452 3255 ίκανὸς
3473 3189 3686 3263 μάρτυς
3716 3193 3748 3244 ὀ

556 3380 601 3412 ⁸³
631 3377 766 3437 Luc.
798 3398 888 3448 xv,
922 3382 1008 3447 l8,
1038 3384 1126 3438 19.
1202 3383 1249 3416 ⁸³
1275 3380 1413 3438 Ibid.
1449 3380 1541 3447 “5|,
1569 3379 1658 3434 52.

1792 3524 2154 3582 \‘AlllORUM
2176 3524 2406 3581 NOTAE.

571 3683 663 3745 45)
712 3683 891 3737 Ἀλλ’.
921 3684 1031 3737 Καί
1058 3685 1196 3739 alter
1218 3688 1339 3742 cod.
1372 3686 1703 3745 Vind.Ct.t-:n.

571 3752 662 3828 46)
681 3752 1147 3830 ,δειροθετ-ήσας.
1176 3755 1301 3830 llaec
1346 3768 1430 3814 est
1470 3760 1757 3830 ἱιιιροείιὶομ
1773 3774 2045 3830 manuum

477 3823 947 3900 redon'ciliatpria;
976 3823 1043 3879 de
1071 3840 1178 3892 qua
1208 3828 1523 3900 etiamcap.
1549 3823 1616 3885 18
1647 3836 1701 3883 et
1734 3828 1824 3891 45,
1855 3845 2049 3900 quam-

475 3912 583 3965 que
608 3893 989 3965 saepePatres,
1020 3909 1163 3965 saepe
1192 3898 1427 3953 concilia
1470 3893 1919 3955 commemorant.
1959 3898 2048 3953 ln-

474 3962 705 4036 signiter
734 3963 792 4037 S.
814 3962 1119 4035 Cyprianus
1150 3968 1349 4037 epist.9
1377 3989 1390 4025 :
1425 3968 1569 4022 Nam
1596 3986 1713 4022 cum
1741 3969 1794 4021 in
1827 3969 2049 4023 minori-

473 4039 569 4089 bus
596 4036 821 4105 peccatis
850 4045 1009 4109 agant
1028 4036 1321 4109 peccatores
1352 4040 1707 4108 paenitentiam
1722 4040 1875 4109 justo
1916 4049 2045 4092 tem-

470 4123 616 4176 pore,
652 4116 701 4160 et
727 4105 1012 4179 secundum
1056 4105 1360 4177 disciplina!
1388 4109 1623 4179 ordinem
1656 4105 1733 4163 ad
1758 4108 2047 4163 Exomolo-

469 4178 614 4246 gesin
638 4177 867 4240 veniant,
897 4186 946 4229 et
969 4192 1060 4244 per
1096 4194 1283 4232 manus
1326 4177 1707 4247 impositionem
1744 4182 1968 4248 episcopi
1993 4191 2044 4234 et

469 4248 598 4301 cleri
616 4248 707 4317 jus
731 4247 1215 4319 communicationis
1239 4251 1500 4319 accipiant
1524 4267 1541 4315 ;
1564 4266 1701 4304 nunc
1730 4250 1893 4303 crudo
1918 4261 2046 4305 tem-

466 4317 996 4388 pore,persecutione
1023 4317 1195 4371 adhuc
1223 4317 1599 4388 perseverante,
1639 4320 1867 4374 nondum
1894 4323 2048 4375 resti-

467 4399 585 4441 tuta
617 4387 865 4441 Ecclesia:
900 4387 1064 4454 ipsius
1085 4387 1245 4455 pace,
1277 4392 1345 4443 ad
1373 4392 1898 4445 communicationem
1946 4392 2044 4444 ad—

466 4461 766 4521 mittuntur,
802 4466 851 4511 et
889 4458 1109 4529 offertur
1136 4476 1323 4514 nomen
1356 4478 1559 4525 eorum,
1599 4470 1648 4516 et
1672 4461 1904 4514 nondum
1936 4477 2045 4529 pae-

466 4528 696 4601 nitentia,
737 4540 877 4601 acta,
922 4528 1153 4601 nondum
1226 4532 1570 4601 exomologesi
1615 4532 1779 4599 facta.
1814 4528 2045 4585 nondum

464 4616 624 4651 manu
651 4599 724 4652 eis
765 4597 1095 4669 abAepiscopo
1125 4608 1175 4652 et
1215 4602 1353 4655 clero
1392 4597 1661 4669 imposita,
1708 4601 2046 4656 Eucharistia

463 4669 576 4723 illis
607 4669 789 4721 datur.
817 4666 1047 4736 Optatus
1092 4678 1214 4738 post
1243 4666 1479 4726 medium
1516 4672 1637 4725 libri
1669 4671 1902 4727 uzbum
1930 4690 2047 4727 ma-

464 4755 589 4792 num
620 4738 887 4808 imponitis
914 4747 962 4791 et
1004 4737 1195 4791 delicta
1223 4742 1456 4795 denatis.
1490 4740 1791 4798 Concilium
1823 4741 2047 4800 Cartha-

462 4811 691 4882 gini-use
720 4809 777 4882 4,
808 4822 1018 4882 canone
1055 4808 1122 4882 76
1147 4828 1160 4864 :
1194 4808 1250 4863 Is
1288 4812 1376 4882 qui
1419 4813 1779 4881 paenitentiam
1807 4812 1862 4865 in
1889 4813 2045 4882 inﬁr-

462 4829 691 4880 gtnense
720 4829 777 4871 4,
808 4829 1018 4861 canone
1064 4829 1121 4862 ιυ
1147 4829 1160 4864 :
1194 4829 1250 4863 η
1323 4829 1376 4864 ui
1419 4829 1779 4881 paenitentiam
1807 4829 1862 4865 in
1889 4829 2041 4882 inpr-

462 4881 645 4935 mitate
664 4881 813 4949 petit,
839 4878 885 4930 si
906 4894 1056 4943 casu,
1088 4880 1213 4932 dum
1244 4829 1318 4933 ad
1355 4898 1473 4935 eum
1516 4882 1759 4936 sacerdos
1790 4883 2041 4938 invitatus

461 4952 616 5013 venit,
650 4949 1263 5022 oppressusqin/irmitate
1285 4952 1621 5017 obmutuerit,
1649 4954 1725 5006 vel
1752 4952 1807 5005 in
1826 4952 2043 5022 phrene-

459 5022 563 5075 sim
600 5019 777 5076 versus
809 5020 988 5092 fuerit,
1036 5019 1158 5073 dent
1190 5023 1545 5092 testimonium
1585 5024 1673 5092 qui
1705 5019 1834 5076 eum‘
1860 5023 2041 5078 audie-

460 5102 606 5155 runt,
639 5102 688 5146 et
705 5090 929 5157 accipiat
959 5092 1338 5157 paenitentiam.
1366 5091 1434 5145 Et
1457 5093 1504 5146 si
1533 5090 1779 5147 continuo
1809 5094 2041 5149 creditur

460 5164 773 5225 moriturus,
802 5162 1169 5232 reconcilietur
1201 5177 1292 5231 per
1322 5180 1509 5217 manus
1553 5164 1959 5232 impositionem,
1988 5179 2038 5220 et

459 5234 774 5303 infundatur
805 5230 889 5284 ori
913 5229 1025 5298 ejus
1055 5229 1419 5287 Eucltaristia.
1453 5234 1514 5289 Si
1542 5229 1905 5302 supervixerit,
1940 5236 2038 5288 ad-

459 5314 735 5358 moneatur
773 5320 806 5356 α
836 5317 998 5373 supra
1028 5304 1183 5358 dictis
1210 5305 1449 5366 testibus,
1483 5305 1721 5373 petitioni
1746 5322 1854 5359 sua:
1875 5308 2039 5361 satis-

460 5374 683 5441 factum,
702 5384 752 5446 et
780 5370 1040 5446 subdatur
1065 5378 1279 5429 statutis
1303 5370 1618 5443 pwniténtia:
1641 5376 1857 5446 legibus,
1876 5393 2038 5446 quan-

456 5446 550 5497 diu
570 5444 836 5505 sacerdos,
860 5444 949 5511 qui
973 5446 1329 5513 paenitentiam
1350 5446 1511 5506 dedit,
1534 5444 1850 5513 probaverit.
1870 5444 1933 5499 Et
1946 5462 2039 5499 ca-

458 5530 567 5569 non
591 5517 625 5571 5
669 5516 885 5570 concilii
923 5515 1245 5570 Arausicani
1268 5517 1293 5570 1
1321 5536 1333 5570 :
1361 5516 1463 5583 Qui
1482 5516 1724 5570 recedunt
1744 5516 1807 5569 de
1822 5533 2037 5584 corpore

457 5587 756 5652 paenitentia
786 5597 1018 5655 accepta,
1042 5586 1241 5653 placuit
1266 5588 1378 5641 sine
1400 5589 1825 5641 reconciliatoria
1849 5604 2035 5641 nianus

460 5656 792 5726 impositione
811 5658 885 5709 eis
915 5658 1291 5726 communicari
1318 5671 1335 5707 :
1363 5658 1498 5726 quod
1536 5660 1803 5710 morientis
1832 5658 2033 5725 suf/icit

458 5724 824 5789 consolationi,
851 5724 1131 5779 secundum
1152 5724 1479 5793 definitiones
1501 5727 1840 5796 Patrum,qu
1856 5724 2035 5797 hujus-

2148 3688 2292 3743 modi
2340 3689 2763 3753 communionem,
2801 3694 3143 3756 congruenter
3194 3686 3441 3741 viaticum
3487 3688 3738 3741 nomina-

2148 3768 2292 3814 runt.
2327 3756 2481 3824 Quod
2512 3759 2558 3811 si
2587 3758 2990 3825 supervixerint,
3017 3765 3153 3811 stent
3180 3757 3236 3809 in
3264 3757 3447 3812 ordine
3482 3760 3741 3824 paeniten-

2151 3833 2303 3888 tium.
2354 3837 2404 3883 et
2454 3829 2674 3882 ostensis
2723 3828 3031 3881 necessariis
3076 3827 3393 3895 paenitentia:
3444 3828 3733 3896 fructibus,

2149 3900 2434 3970 legitimam
2466 3899 2887 3970 communionem
2926 3914 3047 3951 cum
3086 3898 3514 3953 reconciliatorta
3540 3916 3736 3954 manus

2148 3967 2485 4039 impositione
2511 3969 2817 4039 percipiant.
2850 3967 2990 4039 Cor.

2215 4036 2328 4113 (b7)
2381 4041 2486 4104 Εἰς
2512 4036 2653 4106 τὴν
2670 4038 2973 4113 πρρτέραγ
3021 4036 3202 4113 ἀξίαν
3227 4038 3733 4113 ἀπρκαθζστῃσιν.

2147 4108 2339 4164 Ειἰἱϋ.
2361 4123 2635 4179 vm,icap.
2664 4108 2717 4163 9.
2742 4109 2877 4163 Cum
2909 4109 3206 4179 Cypriano,
3238 4111 3400 4179 epist.
3432 4109 3526 4171 19,
3553 4108 3730 4166 Euse-

2148 4182 2260 4251 bio,
2292 4180 2436 4250 apud
2490 4178 2882 4251 Damascenum
2946 4178 3040 4233 lib.
3067 4195 3105 4232 ιι
3180 4178 3577 4251 Parallelorum
3601 4195 3731 4251 cap.

2147 4250 2238 4312 86,
2262 4249 2409 4305 etiis
2438 4250 2527 4319 qui
2558 4250 2961 4321 pmnitentiam
3005 4249 3305 4321 secundum
3357 4249 3719 4321 baptismum,

2158 4321 2502 4391 baptismum
2556 4319 2942 4391 lacrymarum,
3006 4319 3335 4391 baptismum
3393 4319 3735 4390 poenitentia:

2149 4392 2446 4460 appellant.
2471 4389 2614 4457 Quin
2637 4389 3249 4460 etiamAChrysostomus
3277 4389 3549 4447 Parmnesi
3576 4392 3628 4454 1,
3653 4393 3730 4446 ad

2150 4408 2177 4444 a
2223 4408 2446 4460 penam.
2471 4408 2614 4457 quin
2637 4408 2799 4444 etiam
2825 4408 3249 4459 unrysosromus
3277 4408 3549 4447 raramesn
3576 4408 3628 4454 ι,
3653 4408 3730 4446 au

2150 4408 2481 4516 ﬁteodorum
2529 4462 2754 4530 lapsum,
2806 4458 3082 4515 Palladius
3133 4460 3390 4515 Historia:
3444 4460 3732 4519 Lausiaca:

2145 4546 2279 4603 cap.
2331 4532 2455 4603 140,
2507 4539 2563 4586 et
2608 4530 2848 4603 Joannes
2892 4530 3176 4603 Climacus
3226 4530 3399 4586 Scala:
3446 4534 3619 4603 gradu
3663 4532 3727 4598 5,

2145 4616 2199 4671 p.
2228 4601 2349 4665 127,
2375 4602 2608 4659 afferunt
2627 4600 2893 4672 quosdam
2919 4601 3239 4669 pmnitentia
3262 4610 3383 4672 acta
3416 4600 3731 4659 sanctiores

2144 4674 2451 4737 exstitisse,
2507 4671 2671 4742 quam
2724 4671 2938 4726 fuerant
2988 4681 3280 4741 antequam
3337 4671 3725 4742 deliquissent,

2143 4752 2308 4813 atque
2343 4744 2605 4798 felicitate
2633 4757 2697 4796 ac
2727 4742 2926 4812 pietate
2948 4758 3240 4812 superasse
3261 4758 3375 4813 _eos
3405 4744 3499 4811 qui
3542 4744 3598 4797 in
3618 4744 3728 4813 ,ju-

2143 4811 2311 4885 stitia
2341 4813 2653 4885 baptismali
2705 4811 3208 4885 perseveraierant.
3252 4811 3572 4885 Scribitque
3613 4811 3726 4868 La-

2144 4884 2388 4953 ctantius
2415 4879 2533 4939 'lib.
2578 4900 2632 4947 ν,
2681 4879 2807 4953 cap.
2857 4882 2925 4937 15
2956 4879 3133 4953 :Cum
3167 4893 3218 4937 et
3251 4883 3361 4938 Deo
3408 4879 3728 4953 satisfacere

2143 4952 2331 5019 liceat;
2367 4964 2418 5009 et
2440 4956 2616 5008 nullus
2655 4956 2723 5008 sit
2754 4952 2871 5005 ’tam
2903 4953 3075 5023 malus
3110 4952 3205 5007 Dei
3238 4954 3430 5016 cultor,
3469 4956 3559 5023 qui
3587 4954 3726 5009 data

2141 5024 2419 5092 facultate,
2451 5026 2519 5077 ad
2576 5024 2897 5093 placandum
2948 5022 3117 5077 Deum
3164 5041 3267 5078 non
3322 5022 3628 5091 revertatur,
3666 5036 3723 5081 et

2138 5094 2348 5163 quidem
2401 5095 2670 5150 devotione
2715 5094 2929 5163 majori.
2962 5093 3175 5148 Peccati
3206 5095 3343 5149 enim
3370 5097 3718 5161 conscientia,

2138 5172 2188 5236 et
2239 5174 2404 5219 metus
2452 5182 2614 5235 poma:
2656 5165 3033 5236 religiosiorem
3057 5167 3217 5235 facit;
3242 5176 3292 5221 et
3319 5183 3519 5236 semper
3549 5168 3721 5221 multo

2140 5235 2346 5309 ﬁrmior
2376 5246 2453 5309 est
2484 5237 2636 5309 ﬁdes.
2661 5235 2819 5309 quam
2868 5237 3069 5304 reponit
3114 5238 3437 5309 pcenitentia.
3466 5237 3570 5292 Sed
3603 5237 3719 5293 alia

2141 5305 2352 5377 videtur
2380 5305 2549 5362 fuisse
2578 5305 2834 5362 Ecclesia:
2856 5322 3032 5369 mens,
3065 5305 3191 5360 cum
3232 5308 3403 5361 laicos
3428 5309 3609 5377 lapsos
3636 5309 3719 5362 ab

2138 5375 2426 5431 ordinibus
2469 5378 2646 5432 sacris
2688 5376 2943 5439 exclusit,
2967 5379 3201 5447 clericos
3228 5392 3354 5432 vero
3380 5375 3719 5447 pmnitentes

2139 5447 2389 5515 pristinis
2411 5447 2671 5517 gradibus
2702 5462 2809 5502 non
2839 5447 3098 5508 restituit;
3132 5446 3257 5500 item
3286 5446 3507 5501 concilii
3535 5447 3719 5501 Elibe-

2138 5518 2322 5580 ritani,
2376 5519 2520 5587 quod
2561 5532 2769 5571 canone
2797 5518 2886 5579 58,
2913 5519 3004 5585 jus
3043 5517 3352 5587 baptizandi
3384 5518 3439 5572 in
3474 5517 3719 5573 necessi-

2138 5594 2249 5642 tate
2337 5588 2529 5661 tribuit
2583 5588 2929 5661 solummodo
2979 5588 3229 5661 lidelibus
3280 5588 3373 5661 qui
3427 5590 3715 5661 lavacrum

2138 5674 2298 5732 suum
2345 5659 2618 5732 integrum
2644 5659 2864 5732 habent.
2898 5658 3203 5732 subscribit
3230 5658 3450 5732 quoque
3472 5659 3717 5732 Athana-

2138 5729 2253 5784 sius
2288 5730 2342 5785 in
2388 5728 2543 5796 illini,
2592 5730 2913 5800 Quicumque
2937 5729 3150 5794 dixerit,
3178 5728 3280 5785 etc.
3322 5729 3464 5785 Eilit.
3500 5728 3712 5795 Paris.,
