4080 6260
511 290 615 346 699

1376 292 1432 348 8.
1467 291 1857 348 CLEMENTIS
1888 293 1907 346 1
1943 292 2105 349 ROM.
2142 294 2341 354 l'ONT.
2376 296 2603 354 OPERA
2636 297 2861 356 DUBIA.

3629 291 3729 345 700

507 412 562 461 et
589 404 930 471 obduratum,
957 415 1087 463 tunc
1114 422 1239 463 cum
1274 408 1461 465 dolore
1485 423 1547 464 ac
1563 410 1710 464 luctu
1735 410 1802 464 ab
1825 408 2057 465 Ecclesia

2170 406 2378 477 ἔχοντα,
2401 412 2498 480 τῆς
2529 409 2852 480 Ἐκκλησίας
2880 407 3172 463 ἀπόκοπτε.
3203 407 3365 477 Λέγει
3396 403 3504 476 γὰρ
3534 405 3568 476 ή
3593 405 3730 477 Γρα-

507 500 865 555 insanabilem
908 515 1114 557 reseca.
1138 501 1228 555 Ait
1270 502 1415 558 enim
1446 501 2065 572 ScripturaztAuferetis

508 594 708 648 malum
736 608 802 648 ex
831 593 984 649 vobis
1006 593 1219 663 ipsis".
1252 611 1271 645 ι
1299 592 1363 648 Ει
1389 614 1402 648 :
1434 612 1454 645 ι
1475 594 1678 649 Cautos
1694 593 1901 649 facietis
1924 593 2064 651 filios

507 685 754 742 Israel".
794 704 814 737 ι
849 684 914 740 Et
960 702 1177 742 rursum
1212 706 1227 739 :
1272 705 1290 737 ι
1326 685 1442 741 Non
1495 687 1728 756 accipies
1776 702 2064 756 personam

506 778 692 832 divitis
743 777 800 831 in
846 776 1085 846 judicio;
1120 785 1173 832 et
1205 777 1457 847 pauperis
1487 793 1593 831 non
1622 777 1969 833 misereberis
2007 780 2063 833 in

494 867 742 940 judicio;
773 868 1029 939 quoniam
1070 866 1283 922 Domini
1310 876 1391 922 est
1412 869 1678 936 judicium
1699 868 1764 923 ⁶⁰.
1804 887 1823 921 ι

1074 978 1301 1035 CAPUT
1340 978 1495 1035 XLII.

571 1071 809 1126 Iudicem
825 1088 927 1126 non
941 1071 1121 1126 debere
1149 1089 1258 1126 esse
1286 1083 1603 1138 acceptorem
1624 1089 1989 1142 personarum.

578 1162 635 1217 Si
676 1172 854 1217 autem
889 1163 1025 1218 falsa
1057 1164 1126 1217 sit
1154 1170 1207 1217 et
1236 1164 1571 1221 calumniosa
1599 1168 1907 1234 accusatio;
1936 1185 2061 1226 vos-

502 1272 608 1327 que
636 1263 880 1328 pastores
912 1269 1020 1308 una
1062 1269 1184 1308 cum
1230 1254 1495 1318 diaconis,
1532 1257 1616 1311 vel
1662 1273 1757 1327 per
1800 1260 2062 1329 acceptio-

502 1362 624 1402 nem
673 1360 1056 1417 personarum,
1115 1346 1202 1401 vel
1256 1362 1350 1416 per
1397 1362 1683 1402 munerum
1731 1350 2056 1418 pactionem,

504 1440 747 1495 volentes
798 1438 1178 1493 calumniatori
1212 1447 1422 1509 gratum
1468 1439 1665 1505 facere,
1718 1442 2057 1505 mendacium

503 1536 756 1600 tanquam
786 1531 1066 1584 veritatem
1096 1529 1328 1600 amplexi
1364 1528 1597 1595 fueritis,
1624 1539 1678 1586 et
1713 1541 2056 1599 accusatum,

502 1621 626 1678 licet
670 1623 839 1692 culpae
870 1636 980 1675 non
1031 1620 1264 1685 allinem,
1304 1622 1623 1691 expuleritis
1662 1623 1729 1678 ab
1777 1623 2056 1693 Ecclesia;

499 1716 766 1769 rationem
791 1712 1029 1768 reddetis
1052 1713 1105 1767 in
1124 1712 1212 1768 die
1233 1711 1483 1780 Domini;
1507 1716 1763 1784 quoniam
1792 1718 2057 1788 scriptum

499 1815 622 1862 est:
658 1825 676 1858 ι
712 1804 1057 1861 innocentem
1107 1815 1162 1860 et
1222 1806 1431 1876 justum
1475 1821 1583 1861 non
1634 1807 1849 1863 occides
1893 1802 1906 1863 ἑ
1947 1823 2060 1864 non

500 1898 736 1969 accipies
759 1914 983 1953 munera
1010 1898 1077 1952 ad
1106 1898 1513 1969 percutiendam
1545 1898 1807 1967 animam;
1834 1916 2059 1956 munera

498 1990 644 2046 enim
688 1999 965 2046 excwcant
1020 1992 1211 2045 oculos
1261 1991 1592 2060 sapientum,
1632 1998 1686 2046 et
1743 2001 2059 2063 pervertunt

497 2084 662 2138 verba
704 2084 979 2153 justorum
997 2083 1062 2139 “.
1105 2101 1124 2134 ι
1178 2082 1243 2137 Ει
1298 2100 1492 2139 rursus
1525 2103 1539 2141 :
1572 2103 1590 2136 ‹
1625 2082 1729 2149 Qui
1753 2085 2058 2155 justiﬁcant

498 2174 725 2244 impium
778 2183 1001 2245 propter
1059 2190 1306 2240 munera,
1337 2183 1391 2230 et
1436 2175 1708 2247 justitiam
1735 2176 1869 2246 justi
1908 2175 2059 2232 aufe-

498 2276 627 2321 runt
642 2268 706 2323 “.
744 2284 764 2318 ι
799 2266 1075 2322 Attendite
1117 2267 1301 2337 igitur,
1345 2284 1415 2324 ne
1454 2276 1765 2339 acceptorcs
1801 2284 2057 2339 persona-

498 2374 619 2412 rum
666 2357 814 2424 facti,
866 2357 994 2412 huic
1045 2355 1259 2412 Domini
1308 2358 1428 2413 voci
1471 2360 1849 2429 subjiciamini.
1881 2359 2060 2426 Quare

500 2450 760 2520 injustam
804 2449 1096 2518 cujuslibet
1150 2450 1672 2515 condemnationem,
1704 2462 1757 2507 et
1784 2452 2059 2522 improbo-

2169 500 2241 570 φή
2270 499 2336 531 ³⁷⁸
2355 516 2370 530 ·
2405 518 2424 552 ι
2464 501 2732 573 Ἐξαρεῖτε
2759 501 2866 573 γὰρ
2884 500 2973 553 τὸν
2990 499 3220 571 πονηρὸν
3241 497 3299 564 ἐξ
3319 496 3473 568 ὑμῶν
3497 495 3692 550 αὐτῶν.
3706 517 3725 549 ι

2169 591 2304 644 Καί·
2344 610 2364 645 ι
2405 590 2663 656 Εὑλασεῖς
2691 594 2941 664 ποιήσετε
2965 593 3089 655 τοὺς
3117 592 3265 654 υίοὺς
3309 588 3545 661 Ἰσραήλ.
3578 607 3600 639 ›
3623 589 3731 642 Καὶ

2169 683 2356 738 πάλιν·
2396 703 2416 735 ι
2453 685 2527 738 Οὐ
2551 683 2693 755 λήψῃ
2718 684 3007 755 πρόσωπον
3039 682 3291 736 πλουσίου
3324 683 3384 733 ὲν
3413 680 3612 751 κρίσει,
3639 682 3728 733 καὶ

2168 777 2371 847 πένητα
2404 776 2504 831 οὐκ
2529 776 2769 847 ὲλεήσεις
2794 779 2852 831 ὲν
2881 777 3079 847 κρίσει,
3100 775 3183 828 ὅτι
3197 771 3291 827 τοῦ
3315 771 3520 844 Κυρίου
3553 773 3593 842 ἡ
3610 772 3731 844 κρί-

2169 883 2270 932 σις.
2316 887 2335 920 ι

2670 978 3063 1032 ΚΕΦΑΛΑῘΟΝ
3092 979 3222 1032 MB'.

2164 1067 2292 1122 ὀτι
2317 1068 2429 1137 χρὴ
2459 1068 2570 1142 (54)
2598 1070 3155 1141 ἀπροσωπόλησζτον
3180 1069 3335 1122 εἶναι
3364 1067 3469 1122 τὸν
3495 1067 3723 1136 κριτήν.

2242 1162 2365 1216 Ἐὰν
2407 1163 2464 1215 δὲ
2504 1163 2703 1233 ψευδὴς
2792 1164 2826 1233 ἡ
2866 1160 3166 1233 κατηγορία
3210 1162 3307 1232 τῆς
3339 1161 3602 1231 διαϐολῆς,
3632 1163 3726 1214 κα)⁵

2158 1254 2316 1326 ὑμεῖς
2356 1256 2412 1308 oi.
2453 1256 2708 1327 ποιμένες
2737 1258 2831 1310 σὺν
2859 1258 2969 1318 τοῖς
3024 1254 3286 1317 διακόνοις
3315 1254 3423 1325 (55)
3450 1254 3511 1307 τὸ
3537 1253 3726 1323 ψεῦδος

2157 1347 2233 1411 ὡς
2277 1347 2530 1420 ἀλήθειαν
2578 1347 2968 1420 παραδέξησθε,
2999 1347 3032 1418 ἢ
3067 1346 3155 1400 διὰ
3190 1346 3659 1418 προσωποληψίαν,
3688 1346 3722 1416 ἢ

2156 1436 2243 1492 διὰ
2275 1438 2461 1512 δώρων
2488 1440 2806 1512 ἐξαλλαγὴν,
2840 1439 3145 1511 βουλόμενοι
3173 1439 3232 1492 τὸ
3259 1439 3485 1511 ἀρεστὸν
3512 1436 3588 1508 τῷ
3612 1438 3726 1490 δια-

2157 1530 2296 1603 δόλῳ
2342 1535 2532 1597 ποιεῖν,
2561 1533 2650 1587 τὸν
2678 1532 3143 1604 κατηγορούμενον
3183 1532 3299 1603 μὲν,
3332 1530 3641 1601 ὑπάρχοντα
3668 1530 3724 1582 δὲ

2157 1622 2253 1675 τοῦ
2284 1624 2622 1696 ἐγκλήματος
2647 1626 2942 1698 ἀλλότριον,
2965 1620 3361 1695 ἀπώσησθετῆς
3381 1619 3722 1693 Ἐκκλησίας,

2157 1712 2310 1782 λόγον
2351 1715 2572 1783 ὑφέξετε
2615 1717 2673 1769 ὲν
2715 1720 2781 1787 τῇ
2810 1716 2990 1788 ήμέρᾳ
3032 1713 3254 1786 Κυρίου·
3287 1714 3368 1767 ὅτι
3394 1713 3719 1784 γέγραπται·

2165 1824 2184 1856 ι
2207 1804 2402 1860 Ἀθῶον
2431 1807 2523 1859 καὶ
2551 1807 2752 1861 δίκαιον
2796 1807 2894 1860 οὐκ
2938 1807 3267 1868 ἀποκτενεῖς·
3298 1806 3358 1857 οὐ
3386 1804 3527 1876 λήψῃ
3556 1804 3722 1877 δῶρα,

2161 1898 2392 1963 πατάξαι
2444 1898 2637 1970 ψυχήν·
2693 1898 2762 1951 τὰ
2805 1897 2912 1971 γὰρ
2956 1898 3100 1970 δῶρα
3145 1897 3396 1966 ὲκτυφλοῖ
3419 1896 3723 1967 ὀφθαλμοὺς

2160 1990 2358 2059 σοφῶν,
2388 1991 2480 2044 καὶ
2504 1989 2818 2062 λυμαίνεται
2849 1992 3063 2062 ῥήματα
3089 1989 3330 2043 δικαίων.
3362 2008 3381 2041 ι
3414 1990 3525 2041 Καὶ
3541 1976 3717 2041 πάλιν·

2163 2100 2182 2132 ι
2235 2083 2297 2135 Οἱ
2340 2081 2668 2145 δικαιοῦντες
2696 2082 2786 2136 τὸν
2822 2080 2991 2152 ἀσεϐῆ
3048 2080 3230 2134 ἕνεκεν
3282 2080 3486 2153 δώρων,
3519 2081 3613 2133 καὶ
3661 2079 3722 2132 τὸ

2156 2171 2358 2226 δίκαιον
2399 2172 2492 2225 τοῦ
2536 2172 2743 2236 δικαίου
2791 2174 3050 2245 αἴροντες.
3091 2190 3109 2224 ι
3144 2172 3441 2243 Προσέχετε
3469 2169 3579 2243 (56)
3607 2167 3720 2235 οὖν,

2160 2266 2353 2335 μήπως
2380 2264 2843 2336 προσωπολῆπται
2871 2265 3146 2335 γενόμενοι
3177 2264 3486 2334 ὑποπέσητε
3514 2266 3579 2334 τῇ
3611 2280 3722 2331 φω-

2156 2360 2221 2427 νῇ
2250 2356 2341 2409 τοῦ
2372 2357 2576 2429 Κυρίου
2603 2358 2798 2428 ταύτῃ.
2830 2355 3168 2410 Φυλάσσεσθε
3214 2353 3307 2410 οὖν
3359 2357 3419 2409 τὸ
3472 2355 3722 2425 κατακρί-

2155 2464 2265 2502 νειν
2314 2448 2465 2512 τινὰς
2518 2449 2736 2515 ἀδίκως,
2765 2451 2857 2503 καὶ
2917 2454 3233 2522 συνηγορεῖν
3286 2453 3396 2513 τοῖς
3449 2452 3717 2522 πονηροῖς.

498 2558 620 2598 rum
670 2542 1033 2613 patrocinium
1083 2542 1270 2598 vitate.
1321 2560 1339 2593 ι
1376 2542 1469 2597 Vae
1499 2538 1643 2595 enim
1670 2543 1770 2608 illi,
1800 2544 1895 2615 qui
1926 2544 2057 2599 dicit

2161 2558 2181 2592 ι
2216 2539 2351 2595 Οὐαὶ
2377 2540 2487 2613 γὰρ
2522 2541 2599 2612 τῷ
2626 2541 2833 2610 λέγοντι
2859 2542 2920 2595 τδ
2945 2543 3176 2615 πονηρὸν
3211 2542 3392 2606 καλὸν,
3422 2544 3514 2596 καὶ
3540 2543 3600 2596 τὸ
3626 2560 3721 2596 καί

501 2634 702 2687 malum
728 2633 950 2699 bonum,
990 2640 1044 2688 et
1068 2632 1271 2687 bonum
1300 2633 1787 2701 malum;amarum
1809 2635 1987 2703 dulce,
2003 2644 2057 2691 et

2159 2631 2244 2687 λὸν
2272 2632 2525 2704 πονηρὸν,
2553 2632 2613 2686 τὸ
2658 2634 2849 2705 πικρὸν
2879 2633 3070 2702 γλυκὺ,
3101 2635 3195 2687 καὶ
3221 2634 3280 2687 τὸ
3306 2635 3476 2703 γλυκὺ
3506 2635 3718 2705 πικρὸν,

497 2726 657 2781 dulce
684 2739 959 2793 amarum;
989 2726 1083 2796 qui
1123 2726 1274 2796 ponit
1303 2726 1484 2780 lumen
1522 2726 1794 2791 tenebras,
1821 2737 1875 2782 et
1902 2736 2055 2783 tene-

2159 2724 2232 2794 τῷ
2283 2725 2481 2779 τιθέντι
2533 2725 2593 2779 τὸ
2645 2725 2759 2794 φῶς
2815 2727 3020 2791 σκότος,
3051 2727 3143 2780 καὶ
3185 2727 3245 2779 τὸ
3290 2726 3480 2791 σκότος
3525 2726 3658 2795 φῶς.
3696 2745 3712 2779 ι

496 2816 625 2873 bras
663 2818 922 2873 lumen“.
972 2837 990 2871 ι
1020 2817 1154 2871 Nam
1194 2819 1411 2888 quando
1448 2818 1586 2873 alios
1612 2818 1814 2888 injuste
1851 2820 2054 2877 conde-

2167 2816 2291 2872 Ἐὰν
2312 2817 2420 2889 (57)
2448 2817 2556 2889 γὰρ
2582 2818 2798 2889 ἑτέρους
2825 2818 3024 2881 ἀδίκως
3052 2817 3432 2889 κατακρίνητε,
3462 2817 3580 2871 καθ’
3604 2818 3721 2870 ἐαυσ

495 2911 771 2975 mnabitis,
803 2910 907 2981 ipsi
950 2918 1141 2965 contra
1178 2926 1276 2966 vos
1325 2911 1649 2965 sententiam
1679 2911 1894 2979 feretis;
1928 2920 2055 2983 quia

2159 2909 2261 2963 τῶν
2313 2910 2690 2978 ἀποφαίνεσθε·
2742 2911 2821 2963 ὅτι
2864 2909 3010 2978 λέγει
3064 2909 3284 2981 Κύριος·
3322 2930 3341 2962 ι
3377 2905 3448 2981 τῼ
3495 2910 3718 2982 κρίματι

494 3000 756 3057 Dominus
797 3002 903 3057 ait:
935 3022 951 3052 ι
981 3001 1098 3067 Quo
1124 3001 1332 3069 judicio
1365 3001 1760 3070 judicaveritis,
1781 3002 2053 3071 judicabi-

2159 3001 2386 3073 κρίνετε,
2417 3001 2760 3075 κριθήσεσθε,
2791 3003 2884 3056 καὶ
2913 2996 2957 3072 ᾧ
2999 3002 3403 3067 καταδικάζετε,
3435 3003 3719 3056 καταδικα-

494 3095 716 3155 mini,et
738 3109 847 3164 quo
886 3092 1397 3158 condemnaveritis,
1428 3091 1998 3150 condemnabimini“.
2031 3114 2048 3146 ι

2160 3092 2447 3165 σθήσεσθε.
2489 3113 2507 3146 ι
2540 3094 2604 3145 Et
2653 3089 2745 3147 οὖν
2787 3093 3297 3165 ἀπροσωπολήπτως
3342 3095 3572 3167 κρίνετε,
3602 3096 3720 3147 ἐπι-

494 3184 538 3215 ⁸⁸
558 3184 697 3256 Ergo
728 3185 773 3238 si
817 3184 1022 3253 absque
1049 3198 1403 3252 personarum
1434 3183 1746 3253 acceptione
1771 3184 2049 3253 judicatis,

2159 3183 2428 3253 γνώσεσθε
2455 3183 2545 3237 τὸν
2574 3185 2978 3257 κατηγοροῦντα
3019 3184 3159 3239 κατὰ
3184 3185 3276 3238 τοῦ
3305 3169 3528 3256 πλησίον
3556 3185 3718 3239 αὑτοῦ

495 3276 799 3347 agnoscetis
849 3282 1245 3338 accusatorem,
1292 3274 1385 3345 qui
1437 3275 1699 3331 adversus
1748 3278 2050 3346 proximum

2161 3277 2576 3347 μαρτυρήσαντα
2598 3276 2706 3347 (58)
2735 3275 2923 3348 ψευδῆ,
2955 3277 3048 3331 καὶ
3074 3276 3340 3342 ἐπιδείξας
3375 3278 3533 3330 αὐτὸν
3563 3295 3720 3330 συκο-

495 3383 653 3423 suum
698 3367 893 3420 falsum
926 3364 1030 3420 fert
1056 3366 1449 3433 testimonium,
1475 3373 1528 3421 et
1558 3366 1905 3422 declarabitis
1929 3383 2050 3423 eum

2159 3368 2380 3438 φάντην,
2426 3368 2709 3439 βάσκανον,
2745 3370 2929 3438 φονέα,
2960 3370 3297 3440 ταράσσοντα
3327 3370 3402 3433 ὡς
3429 3370 3595 3422 κακὸν
3625 3370 3718 3423 ἁν-

494 3459 812 3521 dclatorem,
852 3458 1118 3523 invidum,
1152 3456 1500 3522 homicidam,
1530 3458 1782 3528 malignis
1819 3460 2050 3514 alterca-

493 3553 731 3606 tionibus
760 3558 814 3605 et
862 3548 1336 3605 criminationibus
1377 3556 1572 3602 cuncta
1626 3549 1953 3614 turbantem,
1985 3551 2042 3605 in

492 3645 672 3699 verbis
705 3643 1036 3706 instabilem,
1069 3642 1288 3697 sibimet
1352 3642 1407 3695 in
1455 3640 1616 3697 dictis
1669 3642 1784 3698 suis
1834 3651 2051 3698 contra-

492 3738 657 3800 rium,
683 3743 737 3791 et
766 3736 969 3805 proprii
1020 3735 1134 3789 oris
1176 3733 1359 3789 verbis
1401 3741 1659 3802 captum:
1708 3734 1811 3806 ipsi
1853 3736 2051 3805 quippe

492 3827 650 3883 fortis
696 3827 919 3897 laqueus
959 3826 1242 3892 incumbit,
1274 3826 1414 3879 labia
1450 3840 1567 3881 sua.
1593 3825 1638 3857 ⁸⁸
1674 3824 1756 3881 Tu
1799 3827 1944 3883 hunc
1971 3829 2052 3882 vi-

492 3937 636 3986 rum,
655 3922 938 3975 convictus
958 3935 1081 3974 cum
1114 3918 1275 3973 fuerit
1298 3917 1420 3972 falsi
1444 3917 1763 3983 testimonii,
1779 3918 2051 3988 judicabis

2152 3459 2429 3528 τιλογίαις,
2474 3460 2701 3515 ἄστατον
2755 3462 2813 3515 ὲν
2867 3464 2979 3525 τοῖς
3031 3461 3227 3530 λόγοις,
3258 3460 3434 3531 ἑαυτῷ
3479 3459 3718 3514 ἐναντίον

2153 3551 2237 3621 ἐφ’
2279 3548 2358 3616 οἷς
2402 3551 2719 3621 φθέγγεται,
2747 3553 2842 3607 καὶ
2896 3553 3247 3625 ἁλισκόμενον
3303 3555 3539 3624 ῥήμασιν
3588 3552 3715 3605 ἰδίου

2155 3642 2435 3714 στόματος·
2481 3645 2648 3713 παγὶς
2674 3643 2783 3717 γὰρ
2810 3644 2957 3715 αὐτῷ
2989 3644 3185 3717 ἰσχυρὰ
3212 3644 3498 3715 ἐφέστηκε,
3528 3643 3598 3697 τὰ
3614 3644 3718 3698 ῖδια

2153 3736 2320 3807 χείλη.
2359 3738 2454 3791 Ὃν
2485 3737 2621 3809 μετὰ
2662 3738 2786 3802 τοὺς
2828 3736 3079 3808 ἐλέγχους
3108 3738 3205 3809 τῆς
3231 3736 3574 3806 ψευδολογίας
3601 3753 3720 3807 κρι-

2152 3832 2260 3894 νεῖς
2304 3830 2610 3902 ἀποτόμως,
2640 3830 2733 3884 καὶ
2761 3833 2827 3901 τῇ
2861 3828 3102 3901 μαχαίρᾳ
3136 3828 3228 3881 τοῦ
3265 3827 3433 3899 πυρὸς
3477 3826 3720 3898 παραδώ-

2155 3938 2285 3986 σεις·
2342 3922 2434 3976 καὶ
2486 3922 2728 3992 ποιήσεις
2779 3920 2947 3991 αὐτῷ,
2977 3920 3037 3974 ὃν
3080 3920 3277 3990 τρόπον
3320 3918 3719 3989 ὲπονηρεύσατο

492 4022 698 4078 severe,
731 4020 783 4067 et
810 4010 989 4084 gladio
1015 4011 1153 4082 ignis
1188 4007 1395 4074 trades;
1426 4007 1701 4078 faciesque
1732 4010 1832 4081 ipsi
1863 4027 2053 4081 quem-

2159 4016 2373 4088 ποιῆσαι
2408 4014 2485 4086 τῷ
2513 4013 2757 4086 πλησίον·
2785 4014 2909 4068 ὅσον
2937 4011 3045 4084 γὰρ
3085 4012 3341 4083 ἐλάλησεν
3362 4011 3405 4043 ⁸⁸
3431 4012 3517 4063 ἐπ’
3545 4009 3712 4081 αὐτῷ,

493 4103 782 4158 admodum
825 4104 1073 4174 proximo
1118 4100 1385 4155 malitiose
1432 4099 1609 4156 facere
1646 4101 1954 4159 destinabat
1973 4103 2048 4172 ‘7;

2159 4106 2407 4177 ἐφόνευσε
2451 4106 2540 4159 τὸν
2583 4104 2830 4175 ἀδελφὸν,
2884 4103 3168 4177 προλαϐὼν
3221 4103 3289 4156 τὰ
3330 4098 3443 4158 ὦτα
3468 4101 3562 4155 τοῦ
3598 4120 3717 4173 κρι-

490 4203 753 4266 quantum
791 4194 936 4250 enim
977 4194 1093 4265 ipse
1133 4192 1327 4263 potuit,
1363 4191 1585 4247 fratrem
1617 4195 1847 4261 necavit,
1889 4210 2050 4252 aures

2159 4196 2262 4251 τοῦ·
2311 4196 2613 4268 γέγραπται
2654 4196 2730 4260 δὲ,
2759 4195 2841 4248 ὅτι
2876 4213 2894 4246 ι
2929 4197 2957 4249 ό
2984 4195 3188 4266 ὲκχέων
3234 4190 3371 4266 αἷμα
3401 4193 3709 4265 ἀνθρώπου,

492 4288 687 4359 iudicis
732 4286 1093 4358 oceupando:
1146 4286 1409 4355 scriptum
1463 4292 1641 4340 autem
1691 4294 1775 4343 est
1825 4305 1839 4341 :
1887 4304 1906 4339 ι
1948 4288 2051 4353 Qui

2159 4288 2273 4344 ἀντὶ
2314 4287 2408 4341 τοῦ
2454 4288 2679 4359 αἵματος
2719 4286 2881 4341 αὐτοῦ
2932 4286 3306 4358 ἐκχυθήσεται·
3348 4285 3457 4358 (59)
3487 4286 3580 4339 καὶ
3638 4284 3716 4349 ἐξ·

492 4382 738 4438 effuderit
813 4378 1134 4451 sanguinem
1201 4376 1457 4440 hominis,
1525 4394 1626 4448 pro
1692 4395 1758 4435 eo
1829 4380 2051 4452 sanguis

2159 4384 2304 4454 αρεῖς
2318 4382 2378 4434 τὸ
2397 4376 2532 4452 αἷμα
2550 4380 2611 4434 τὸ
2637 4380 2871 4433 ἀναίτιον
2889 4380 2994 4432 ἀπὸ
3014 4378 3125 4442 σοῦ,
3144 4380 3203 4432 τὸ
3224 4379 3450 4450 ἐκχυθὲν
3482 4379 3675 4450 μάτην.
3689 4396 3707 4427 ι

492 4474 609 4543 ejus
656 4470 956 4527 eﬂ‘undetur
976 4468 1054 4537 “;
1081 4474 1136 4523 et
1161 4466 1372 4525 auferes
1412 4469 1730 4541 sanguinem
1754 4470 2030 4527 innoxium
2062 4486 2093 4526 a
2124 4480 2194 4539 te,
2228 4472 2319 4543 qui
2352 4470 2553 4528 effusus
2583 4480 2665 4526 est
2691 4472 2809 4526 sine
2832 4470 3076 4524 causa".
3118 4489 3135 4521 ι

560 4637 943 4711 "‘llasvpccs
975 4638 1439 4711 suppleyimusex
1466 4638 1717 4711 versione
1757 4637 1973 4711 Latina,
2006 4649 2317 4711 quanquam
2356 4636 2409 4711 i_n
2456 4644 2601 4711 textu
2630 4634 2820 4711 Graeco
2848 4637 3177 4711 subintelligi
3212 4642 3437 4711 possint.
3486 4638 3584 4711 Ευ.
3616 4640 3714 4693 ΡΑ-

486 4726 649 4765 τιιοιη
725 4709 771 4740 ⁸⁸
802 4706 954 4761 Deut.
989 4704 1122 4773 xvii,
1157 4708 1207 4761 7.
1284 4710 1329 4742 ³⁰
1354 4708 1479 4762 Lev.
1504 4725 1594 4773 xv,
1629 4709 1721 4763 5i.
1797 4708 1841 4738 ⁶⁰
1872 4705 2045 4774 Exod.

2159 4721 2228 4770 ιιι,
2262 4706 2296 4760 3
2319 4723 2333 4772 ;
2356 4704 2538 4761 Levit.
2564 4722 2676 4774 xu,
2706 4707 2810 4770 15;
2844 4707 2999 4761 Deut.
3039 4724 3076 4770 ι,
3111 4704 3225 4763 1⁷7.’
3274 4713 3315 4743 ⁶¹
3348 4708 3521 4762 Exod.
3558 4727 3711 4773 mu,

487 4784 543 4845 7,
569 4784 630 4844 8;
674 4777 830 4833 Deut.
868 4793 1036 4845 xxvii,
1066 4772 1137 4832 Q5
1163 4786 1218 4833 et
1246 4793 1359 4846 xvr,
1392 4780 1482 4833 19.
1517 4772 1814 4833 Cedrenus.
1844 4774 1981 4830 Vide
2005 4772 2125 4831 Vet.
2157 4773 2383 4833 Testim.
2461 4776 2506 4809 °'
2529 4775 2636 4832 lsa.
2663 4772 2735 4845 'v,
2759 4777 2849 4832 23.
2925 4777 2970 4809 ⁸³
2994 4776 3126 4835 Ibid.
3160 4778 3250 4833 20.
3326 4780 3370 4811 “
3393 4779 3585 4832 Matth.
3618 4772 3711 4843 vn,

493 4855 556 4919 2;
590 4854 721 4909 Luc.
766 4870 840 4918 Vl,
879 4854 967 4907 '57.
1044 4848 1674 4919 “Laudat__Cedrenus,
1721 4852 1941 4910 ibidem.
2013 4854 2058 4885 “
2089 4854 2387 4916 Cedrenus,
2436 4852 2655 4908 ibidem.
2763 4850 2806 4885 ⁸⁷
2842 4848 3000 4904 Deut.
3046 4862 3159 4910 LX,
3229 4846 3318 4902 19.
3392 4850 3437 4883 ⁸⁸
3473 4851 3562 4905 Al.
3592 4849 3715 4907 τὸί.

494 4916 777 4997 ὲλάχησεν.
808 4916 965 4979 Deest
992 4922 1044 4977 in
1070 4926 1301 4992 utroque
1322 4916 1484 4978 Vind.
1556 4922 1599 4954 "
1620 4920 1753 4977 Gen.
1786 4937 1862 4983 1x.
1894 4922 1948 4978 6.
2022 4924 2057 4956 "

2159 4930 2262 4978 eut.
2292 4938 2405 4987 xu,
2438 4923 2520 4978 13.

1792 5038 2156 5097 VARIORUM
2188 5037 2421 5093 ΝΟΤιΕ.

565 5129 677 5201 (54)
708 5130 848 5201 Ὅτι
876 5129 1010 5199 χρή.
1040 5131 1160 5187 Alia
1187 5139 1272 5188 est
1316 5130 1605 5200 inscriptio
1644 5131 1840 5201 capitis
1874 5131 1927 5185 in
1970 5131 2051 5185 al-
2160 5128 2490 5201 musilacob,
2533 5138 2583 5185 et
2621 5129 2829 5198 judice:
2876 5126 3282 5201 domuslsrael,
3325 5122 3718 5201 cap.m,_t_'._9:

498 5193 611 5271 ιενό
641 5193 763 5255 cod.
806 5193 1235 5266 Viifdobonensi,
1285 5201 1380 5257 sed
1416 5193 1535 5271 qua:
1581 5193 1730 5254 nihil'
1762 5200 1828 5271 ad
1878 5217 1993 5256 rem
2032 5219 2046 5255 :
2173 5193 2526 5271 habitumque
2572 5193 2635 5254 iri
2669 5209 2936 5271 conventu
2970 5198 3291 5255 clericorum
3321 5193 3510 5252 dicunt
3540 5193 3716 5249 Elibe-

499 5269 616 5343 Ὀτι
642 5271 745 5342 χρὴ
772 5272 895 5343 τοὺς
923 5272 1326 5343 ἁμαρτάνοντας
1357 5269 1658 5343 ζδιαζόντως
1685 5270 1943 5343 έλέγχειν,
1961 5272 2053 5324 καὶ

2159 5269 2331 5343 ιήιιιιιίΔ
2353 5270 2593 5343 episcopi
2622 5286 2829 5325 canone
2851 5270 2925 5343 7_4_
2975 5284 3098 5326 cor.

493 5341 617 5413 τοὺς
643 5337 1440 5413 ’μετανοοῦνταςπροσδέχεσθαι
1469 5340 1610 5394 κατὰ
1644 5341 1759 5413 τὴν
1787 5337 1895 5413 ﬁcii
1939 5342 2052 5395 Κυ-

2230 5339 2341 5413 (56)
2370 5337 2718 5413 Προσέχετε,
2748 5349 2856 5396 etc.
2884 5338 3011 5413 Haec
3038 5353 3142 5413 vox_
3169 5337 3435 5413 ethdecein
3483 5348 3716 5404 sequen-

497 5406 899 5481 ρίουᾼδιᾴταξιν.
933 5406 1173 5466 Forte'id
1202 5406 1511 5481 caputbinc
1536 5406 1759 5481 excidit.
1790 5409 1865 5465 lo.
1966 5477 1987 5481 _
2161 5406 2247 5465 tes
2270 5406 2475 5481 desunt
2492 5409 2546 5462 in
2568 5406 2761 5481 altero,
2801 5410 2923 5465 cod.
2952 5408 3182 5463 Vindob.
3211 5406 3377 5481 (Itan.

567 5479 677 5551 (ρΒ)
715 5470 905 5549 Ὑμεῖς
933 5484 985 5535 οί
1015 5470 1290 5551 ποιμένες·
1316 5480 1436 5535 σὺν
1463 5480 1584 5546 τοῖς
1612 5479 1926 5551 διακόνοις.
1958 5477 2056 5533 Ju-

2232 5480 2343 5551 (57)
2378 5479 2537 5542 Ἐάν,
2567 5497 2622 5551 κ.
2641 5470 2758 5533 τ.λξ
2773 5480 2911 5535 Ante
2934 5480 3033 5534 has
3057 5494 3218 5551 voces
3242 5477 3492 5551 legulith
3511 5473 3567 5528 in

498 5542 624 5602 dicii
648 5542 1018 5621 ecclesiastici
1046 5542 1171 5620 erga
1224 5542 1574 5621 peccatorum
1628 5565 1749 5621 reos
1792 5542 2048 5621 frequens
2150 5542 2383 5604 Vindob.
2416 5550 2732 5621 προσέχετε,
2762 5556 2891 5616 etc.,
2925 5565 3046 5621 quae
3085 5549 3140 5602 in
3177 5542 3552 5616 superioribus
3580 5542 3710 5597 abe-

498 5619 697 5689 mentio
730 5620 781 5671 in
807 5621 941 5689 libro
963 5621 1086 5683 hoc,
1114 5618 1171 5673 ut
1192 5618 1245 5674 ei
1259 5621 1399 5689 apud
1428 5618 1670 5674 Veteres.
1697 5620 1772 5674 Eo
1812 5626 1865 5675 in
1892 5618 2046 5688 judi-
2148 5628 2291 5674 rant.
2321 5621 2392 5674 In.

499 5685 583 5735 cio
637 5688 1006 5743 sacerdotibus
1046 5682 1310 5745 diaconos
1348 5690 1525 5757 jungit
1560 5689 1721 5741 etiam
1752 5689 1810 5742 Β.
1853 5682 2045 5743 lliero-

501 5766 691 5809 nvmus
725 5756 807 5810 ad»
833 5758 961 5811 illud
995 5757 1261 5812 Michaeae:
1295 5757 1486 5811 Audite
1531 5758 1623 5810 hoc
1658 5759 1913 5828 principes
1949 5759 2043 5813 do-

2218 5689 2308 5758 (58
2365 5688 2855 5758 Μαρτυρήσαντα.
2886 5687 3021 5744 Cod.
3049 5688 3210 5742 Vind.
3244 5682 3565 5758 μαρτυρίαν.

2219 5689 2331 5831 (59)
2380 5760 2537 5816 Ἀντί
2565 5760 2695 5825 ,τοῦ
2748 5759 3015 5831 αἵματος,
3059 5757 3243 5815 αὐτοῦ
3289 5752 3565 5824 ἐκχυθιισλ

501 5766 691 5809 nvmus
725 5756 807 5810 ad»
833 5758 961 5811 illud
995 5757 1261 5812 Michaeae:
1295 5752 1486 5811 Audite
1531 5758 1623 5810 hoc
1658 5759 1913 5828 principes
1949 5759 2043 5813 do-

2219 5752 2331 5831 (59)
2380 5752 2695 5825 Ἀἆτὶξτὸῦ
2748 5759 3015 5831 αἵματος,
3059 5752 3258 5815 αὐτοῦ’
3289 5752 3697 5824 ἐκχυθήσεται
