4080 6260
376 345 478 401 701

875 456 1269 523 ΚΕΦΑΛΑῙΟΝ
1302 468 1434 523 ΜΓ’.

398 622 405 631 κ
483 556 682 625 Ὅπως
708 559 824 629 χρὴ
851 543 994 635 τοὺς
1027 559 1408 630 συκοφάντας
1450 561 1835 632 τιμωρεῖσθαι.

444 650 699 720 Ποιήσεις
725 646 818 705 οὖν
837 651 997 707 αὑτὸν
1029 652 1472 722 ἀποσυνάγωγον,
1502 654 1578 717 ὡς
1605 655 1769 723 φονέα
1803 653 1946 708 ἀδελ-

376 743 497 812 φοῦ.
530 744 760 797 Ἔπειτα
785 744 976 816 χρόνου
1005 745 1336 811 διαστάντος,
1366 746 1462 800 ἐὰν
1486 746 1618 818 λέγῃ
1649 749 1943 819 μετανοεῖν,

379 836 678 891 στιϐὠσατε
723 836 884 891 αὑτὸν
924 837 1212 909 νηστείαις·
1260 838 1351 891 καὶ
1398 839 1534 909 μετά
1569 838 1741 892 ταῦτα
1770 856 1946 910 χειρο-

378 929 701 1001 θετήσαντες
739 930 900 983 αὑτὸν
944 929 1327 1002 προσδέξασθε,
1365 930 1788 1001 ἀσφαλισάμενοι
1829 931 1946 1004 μέν-

375 1039 457 1075 τοι
500 1020 683 1089 αὑτὸν,
731 1022 805 1093 μή
850 1038 972 1075 τινα
1014 1020 1221 1094 ταράξῃ
1264 1021 1443 1076 πάλιν.
1473 1023 1537 1075 Et
1564 1021 1620 1075 δὲ
1647 1022 1805 1076 πάλιν
1834 1021 1943 1093 (60)

376 1112 648 1177 εἰσελθὼν,
673 1113 873 1186 ὁμοίως
911 1113 1209 1177 στασιάζει,
1237 1115 1299 1167 οὑ
1322 1113 1623 1185 παυόμενος
1638 1113 1731 1168 τοῦ
1742 1114 1945 1186 ταράσ-

379 1225 511 1273 σειν,
556 1207 649 1262 καὶ
690 1208 1116 1278 κατακερτομεϊν
1158 1206 1250 1260 τὸν
1296 1205 1539 1275 ἀδελφὸν,
1594 1207 1659 1261 ἐκ
1711 1206 1942 1276 φιλονει-

373 1300 496 1363 κίας
572 1297 793 1370 μώμους
860 1296 969 1369 (61)
1026 1296 1374 1368 ἐπιτηδεύων,
1441 1297 1717 1352 ἐκϐαλεῖτε
1784 1300 1942 1354 αὑτὸν

373 1391 448 1454 ὡς
482 1390 691 1462 λοιμὸν,
740 1389 827 1443 ἱνα
876 1389 948 1461 μὴ
993 1389 1093 1461 τὴν
1108 1388 1425 1461 Ἐκκλησίαν
1471 1389 1795 1460 λυμαίνηται
1847 1391 1940 1444 τοῦ

372 1481 527 1538 Θεοῦ.
597 1482 654 1536 ’0
704 1480 941 1544 τοιοῦτος
994 1480 1102 1552 γὰρ
1153 1480 1397 1553 ταραχὰς
1455 1481 1731 1553 συνίστησι
1795 1482 1944 1536 πόλε-

373 1592 458 1628 σιν
513 1573 653 1645 (62)’
702 1564 855 1636 οὗτος
907 1572 1014 1644 γὰρ
1059 1572 1161 1626 κᾶν
1213 1572 1320 1626 ἔσω
1368 1569 1424 1647 ᾗ,
1474 1573 1548 1644 μὴ
1602 1573 1829 1645 πρέπων
1873 1576 1939 1645 τῇ

379 1664 692 1739 Ἐκκλησίᾳ,
709 1664 965 1737 περισσὸς
1008 1666 1103 1718 καὶ
1142 1665 1367 1736 μάταιος
1394 1665 1669 1736 τυγχάνει,
1714 1665 1937 1727 σπιλῶν,

370 1757 494 1812 ὅσον
520 1756 582 1811 τδ
610 1759 681 1811 ὲπ
698 1760 713 1779 ’
740 1757 888 1828 αὑτῷ
908 1756 1039 1829 (65),
1059 1757 1121 1810 τὺ
1139 1758 1298 1829 σῶμα
1323 1756 1418 1811 τοῦ
1448 1757 1706 1830 Χριστοῦ.
1738 1759 1801 1812 Et
1829 1758 1941 1830 γάρ

1245 381 1253 388 -
1291 351 1888 412 CONSTITUTIONES
1918 354 2601 415 APOSTOLICE.-—LIB.
2641 361 2711 416 ll.

3502 366 3606 424 70.).

2602 475 2832 531 CAPUT
2869 474 3052 534 XLIIII

2223 563 2495 630 Quomodo
2526 578 2758 637 oporteat
2793 570 2975 638 punire
3000 572 3431 630 calumniatores.

2116 655 2273 712 Hune
2302 658 2466 728 igitur
2498 659 2739 717 Ecclesia
2762 672 3031 717 extorrem
3070 664 3288 732 ellicies,
3317 667 3466 722 velut
3493 666 3607 722 fra-

2046 747 2320 803 tricidam.
2355 748 2645 820 Interjecto
2686 753 2812 808 dein
2857 759 3125 824 tempore,
3170 757 3216 812 si
3257 759 3522 826 poenitere
3548 775 3609 816 se

2044 838 2380 907 proﬁteatur,
2410 842 2617 911 jejunia
2646 843 2751 914 ipsi
2775 843 3034 916 inﬂigite;
3065 854 3119 902 et
3148 855 3335 917 postea
3356 850 3607 907 manibus

2046 930 2316 1001 impositis
2363 933 2652 1000 admittite,
2704 938 3087 1006 prmmunitum
3137 950 3317 995 tamen
3363 956 3427 997 ac
3475 942 3609 997 edo-

2046 1030 2191 1076 ctum
2227 1023 2534 1079 molestiam
2578 1025 2774 1081 iterum
2816 1029 2973 1084 alteri
3012 1044 3122 1084 non
3147 1046 3354 1106 creare.
3380 1032 3535 1099 Quod
3558 1034 3605 1089 si

2044 1129 2266 1177 rursum
2312 1116 2367 1176 in
2405 1115 2704 1173 Ecclesiam
2747 1119 3051 1191 ingressus,
3095 1122 3325 1179 similem
3368 1127 3606 1181 concitat

2044 1207 2385 1276 seditionem,
2414 1225 2515 1266 nec
2544 1211 2744 1266 desinit
2766 1214 2971 1283 .turbas
3000 1214 3167 1280 ciere,
3194 1223 3249 1271 et
3288 1216 3443 1271 fratri
3468 1233 3603 1273 con-

2041 1299 2181 1354 vicia
2218 1300 2483 1371 ingerere,
2522 1302 2704 1358 studio
2737 1305 3101 1361 contendendi
3137 1308 3458 1379 excogitans
3494 1310 3605 1365 cri-

2042 1391 2218 1459 mina;
2252 1392 2433 1461 ejicite
2464 1408 2589 1450 eum
2618 1404 2874 1466 tanquam
2918 1399 3260 1468 pestiferum,
3288 1418 3372 1459 .ne
3417 1402 3606 1460 Eccle-

2042 1485 2179 1539 siam
2217 1484 2313 1539 Dei
2347 1486 2722 1558 depopuletur.
2772 1489 3094 1561 Huiusmodi
3128 1496 3273 1551 enim
3323 1496 3484 1553 homo
3514 1504 3604 1552 tu-

2042 1576 2272 1630 multum
2295 1577 2424 1633 iacit
2463 1580 2521 1634 in
2557 1581 2902 1650 civitatibus;
2934 1584 3047 1650 hic,
3078 1586 3203 1640 licet
3241 1586 3385 1642 intro
3417 1590 3605 1646 consi.

2040 1675 2167 1735 stat,
2186 1667 2441 1725 Ecclesiae
2470 1671 2779 1739 indecorus,
2799 1690 3173 1745 supervacuus
3200 1686 3286 1733 est
3312 1695 3375 1733 ac
3396 1680 3601 1745 inanis.

2041 1763 2343 1827 maculans,
2378 1763 2557 1833 quoad
2587 1765 2707 1834 ejus
2737 1773 2839 1831 est,
2866 1781 3066 1838 corpus
3096 1766 3323 1826 Christi.
3372 1770 3508 1825 Nam
3553 1773 3602 1830 si

370 1866 515 1913 τινες
548 1848 657 1903 τῶν
699 1847 999 1921 ἀνθρώπων
1040 1848 1367 1921 γεννώμενοι
1411 1850 1507 1904 καὶ
1551 1850 1788 1921 περισσά
1826 1851 1929 1905 τῶν

2039 1854 2283 1908 nonnulli
2314 1854 2583 1922 homines,
2606 1857 2675 1910 ab
2708 1865 2829 1911 ortu
2864 1858 3137 1929 superﬂua
3163 1862 3409 1931 quaedam
3438 1879 3603 1919 mem-

372 1941 638 2013 σωμάτων
685 1941 818 2011 μέλη
865 1941 1289 2012 προσηρτημένα
1330 1940 1560 2011 ἔχοντες,
1605 1936 1715 1995 οἷον
1742 1941 1936 1996 δακτὺ-

368 2032 514 2096 λους,
544 2032 577 2103 ἦ
608 2031 1107 2103 ὑπρσαρκώματα,
1147 2033 1565 2104 περικόπτουσιν
1590 2034 1697 2103 ἀφ’
1729 2032 1936 2087 ἑαυτῶν

369 2122 564 2186 ταῦτα,
592 2122 678 2175 διὰ
701 2122 798 2193 τὴν
826 2123 1152 2193 ἀπρέπειαν,
1199 2125 1292 2177 καὶ
1319 2123 1542 2193 οὐδεμία
1588 2125 1936 2195 προσγίνεται

370 2216 665 2287 ἀπρέπεια,
692 2214 1053 2278 ἀπολαϐόντος
1072 2214 1174 2267 ’τοῦ
1209 2215 1496 2287 ἀνθρώπου
1524 2216 1613 2269 διὰ
1638 2218 1734 2269 τοῦ
1761 2217 1937 2287 τεχνί-

367 2325 462 2361 του
488 2307 587 2379 τὴν
615 2306 847 2378 φυσικὴν
875 2307 1188 2378 εὐκοσμίαν·
1239 2307 1389 2378 πόσῳ
1439 2308 1637 2379 μᾶλλον
1685 2310 1843 2381 ὑμεῖς
1886 2311 1935 2363 οἱ

368 2400 624 2471 ποιμένες
650 2398 749 2469 τῆς
790 2399 1112 2471 Ἐκκλησίας
1133 2439 1147 2463 ,
1181 2400 1532 2473 ὑπαρχούσης
1561 2402 1810 2472 σώματος
1837 2403 1936 2475 ἀρ-

366 2492 483 2545 τίου
512 2492 608 2545 καὶ
639 2490 815 2562 μελῶν
846 2491 1125 2560 ὑγιεινῶν,
1153 2494 1245 2545 ἐπὶ
1274 2491 1384 2564 (64)
1413 2492 1544 2546 Θεὸν
1574 2493 1934 2547 πιστευόντων

366 2585 423 2636 ὲν
452 2583 603 2655 φόϐῳ
631 2584 833 2655 Κυρίου
862 2585 955 2638 καὶ
982 2583 1190 2657 ἀγάπῃ,
1220 2585 1347 2638 ὅταν
1366 2583 1561 2656 εὑρεθῇ
1581 2585 1637 2638 ἒν
1669 2585 1827 2655 μέλος
1846 2603 1938 2638 πε-

367 2676 570 2748 ρισσὸν,
604 2674 816 2747 πονηρά
843 2674 1092 2747 φρονοῦν,
1123 2677 1215 2729 καὶ
1234 2675 1311 2746 τῷ
1337 2675 1507 2747 λοιπῷ
1529 2676 1743 2747 σώματι
1760 2677 1932 2749 ἀπρέ-

366 2786 525 2822 πειαν
550 2769 832 2839 ἐμποιοῦν,
861 2769 953 2821 καὶ
996 2768 1254 2839 χειμάξον
1282 2768 1413 2822 αὐτὸ
1443 2769 1628 2822 στάσει
1656 2770 1749 2823 καὶ
1781 2769 1933 2844 μάχῃ

365 2861 458 2915 καὶ
487 2860 805 2932 καταλαλιᾷ,
821 2860 1058 2932 παρέχον
1077 2860 1224 2931 αὑτῷ
1237 2860 1435 2929 φόϐους
1455 2860 1585 2931 (65),
1608 2862 1931 2933 πράγματα,

368 2951 609 3024 μώμους,
640 2952 985 3016 καταλαλίας,
1016 2952 1354 3023 ἐγκλήματα,
1385 2953 1813 3019 ἀκαταστασίας,
1837 2959 1934 3012 καὶ

363 3045 433 3099 τὰ
458 3045 685 3099 τοιαῦτα
711 3044 805 3099 τοῦ
834 3045 1075 3098 διαϐόλου
1104 3045 1452 3116 ἐνεργήματα
1499 3046 1754 3113 ἐκτελῶν,
1783 3048 1931 3104 ὠσάν

363 3137 869 3210 κεχειροτονημένος
898 3137 1001 3190 ὑπὸ
1025 3136 1119 3190 τοῦ
1162 3136 1403 3190 διαϐόλου
1451 3139 1788 3205 σκυϐαλίζειν
1833 3140 1930 3214 τὴν

2036 1945 2135 1999 bra
2179 1947 2398 2017 corpori
2435 1963 2678 2003 connexa
2725 1948 2986 2005 habentes
3006 1990 3021 2014 ,
3053 1959 3181 2021 puta
3202 1993 3216 2017 ,
3249 1954 3449 2023 digitos
3469 1995 3484 2019 ,
3513 1957 3600 2010 vel

2037 2050 2232 2093 carnes
2258 2047 2754 2108 supercrescentes,
2785 2050 2979 2111 sponte
3004 2058 3067 2097 ea
3090 2053 3452 2109 accrementa,
3470 2062 3598 2115 pro-

2036 2135 2155 2197 pter
2190 2128 2513 2197 iaaditatem,
2554 2132 2911 2199 abscindunt;
2939 2150 3115 2204 neque
3159 2150 3287 2190 vero
3327 2138 3598 2195 ullatenus

2035 2218 2295 2276 indecens
2334 2229 2440 2289 est,
2468 2223 2612 2292 quod
2642 2223 2803 2278 homo
2831 2239 2995 2295 Opera
3025 2225 3328 2297 cuiuspiam
3374 2229 3600 2286 artificis

2035 2316 2339 2370 naturalem
2373 2325 2657 2387 recuperat
2683 2317 3173 2387 pulchritudinem;
3196 2329 3402 2390 quanto
3425 2324 3599 2393 magis

2035 2420 2134 2461 vos
2155 2415 2403 2476 pastores
2432 2408 2689 2464 Ecclesiae
2712 2448 2727 2474 ,
2769 2426 2890 2481 qua:
2936 2418 3021 2467 est
3071 2425 3271 2482 corpus
3302 2413 3597 2483 integrum,

2034 2508 2294 2555 constans
2324 2516 2390 2555 ex
2430 2502 2686 2557 membris
2730 2502 2878 2558 sanis
2901 2542 2916 2567 ,
2949 2502 3004 2556 in
3032 2502 3198 2558 Deum
3243 2520 3367 2558 cum
3407 2506 3600 2562 timore

2035 2589 2249 2647 Domini
2272 2600 2324 2647 et
2352 2593 2613 2647 charitate
2641 2594 2988 2650 credentibus
3011 2636 3026 2662 ,
3059 2594 3237 2650 facere
3265 2595 3406 2650 idem
3436 2612 3599 2667 opor-

2035 2693 2145 2750 tet,
2191 2686 2409 2756 quando
2451 2685 2731 2740 inventum
2770 2686 2933 2742 fuerit
2967 2688 3273 2743 membrum
3321 2690 3598 2759 quoddam

2036 2778 2245 2844 inutile,
2277 2781 2415 2836 male
2436 2795 2561 2850 erga
2602 2781 2708 2834 alia
2737 2780 3008 2846 allectum,
3051 2790 3103 2837 et
3144 2782 3351 2852 reliquo
3379 2783 3597 2853 corpori

2034 2869 2429 2926 deformitatem
2460 2871 2756 2926 conﬁciens
2775 2914 2790 2938 ,
2824 2872 3009 2942 illique
3034 2874 3369 2928 vexationem
3394 2915 3408 2938 ,
3451 2875 3597 2929 sedi-

2033 2964 2234 3018 tionem
2257 3003 2272 3027 ,
2305 2963 2503 3018 bellum
2530 2980 2599 3021 ac
2637 2963 3025 3019 detractionem
3060 2964 3332 3029 inferens,
3382 2982 3595 3021 necnon

2033 3054 2208 3110 cidem
2240 3055 2512 3110 incutiens
2534 3056 2777 3120 timores,
2814 3056 3112 3119 molestias,
3144 3057 3592 3127 vituperationes,

2034 3146 2479 3213 obtrectationes,
2513 3148 2939 3212 criminationes,
2970 3149 3255 3213 tumultus,
3285 3150 3596 3221 similiaque

376 3229 699 3303 Ἐκκλησίαν
724 3230 811 3284 διὰ
840 3230 1189 3302 βλασφημιῶν
1232 3232 1326 3285 καὶ
1370 3231 1575 3303 πολλῆς
1618 3234 1929 3289 ἀκαταστα-

2031 3253 2335 3309 exsequens
2362 3239 2561 3294 diaboli
2590 3254 2786 3309 Opera;
2822 3239 2979 3309 quasi
3008 3240 3171 3294 homo
3190 3255 3219 3293 a
3250 3240 3464 3295 diabolo
3484 3243 3595 3297 ele-

364 3323 483 3388 σίας
510 3325 605 3379 καὶ
632 3323 803 3395 ἔριδος
830 3324 923 3377 καὶ
949 3323 1306 3394 διχοστασίας.
1338 3316 1505 3389 Οὗτος
1536 3325 1647 3398 (66)
1690 3324 1783 3382 οὖν
1810 3328 1931 3383 δεύ-

362 3434 516 3489 τερον
543 3414 647 3481 ἔξω
674 3417 774 3486 τῆς
790 3415 1107 3488 Ἐκκλησίας
1153 3416 1385 3489 βληθεὶς,
1432 3418 1595 3482 ἀξίως
1638 3421 1926 3495 ἀπετμήθη

362 3507 461 3578 τῆς
504 3507 599 3561 τοῦ
646 3508 849 3579 Κυρίου
899 3509 1232 3579 συναγωγῆς·
1284 3512 1377 3564 καὶ
1408 3511 1604 3581 μᾶλλον
1632 3511 1726 3565 νῦν
1774 3514 1931 3568 κεκό-

366 3616 567 3672 σμηται
610 3602 643 3671 ἡ
690 3599 784 3653 τοῦ
830 3600 1033 3671 Κυρίου
1076 3599 1389 3673 Ἐκκλησία,
1422 3604 1454 3673 ἢ
1485 3604 1545 3657 τὸ
1574 3605 1808 3677 πρῶτον,
1840 3607 1927 3660 ὅτε

362 3691 423 3745 τὸ
450 3693 701 3764 περιττὸν
726 3693 987 3764 ἐκέκτητο
1015 3695 1108 3748 καὶ
1136 3695 1301 3765 ἑαυτῇ
1331 3696 1599 3749 ἀνοίκειον
1632 3697 1813 3768 μέλος·
1846 3699 1927 3752 διὸ

363 3785 589 3841 ἀπὸτοῦ
615 3785 710 3841 νῦν
753 3786 1174 3859 ἀϐλασφήμητός
1217 3788 1332 3841 ἐστι
1379 3788 1471 3842 καὶ
1514 3789 1925 3855 ἀσκυϐἀλιστος,

2034 3340 2154 3385 ctus
2185 3330 2252 3385 ad
2287 3330 2584 3385 Ecclesium
2623 3331 2946 3394 maledictis,
2992 3332 3266 3402 multaque
3305 3334 3591 3397 seditione.

2030 3422 2394 3485 contentione,
2425 3422 2699 3477 discordia
2730 3423 3139 3493 inquinandam.
3171 3422 3222 3479 ls
3251 3424 3411 3494 igitur
3439 3432 3591 3479 extra

2036 3512 2334 3568 Ecclesiam
2373 3514 2568 3569 iterum
2591 3515 2888 3585 proiectus,
2916 3518 3110 3572 merito
3133 3533 3161 3571 a
3202 3516 3414 3572 Domini
3445 3527 3590 3573 coetu

2030 3606 2308 3662 abscissus
2345 3613 2430 3661 est
2476 3623 2491 3659 :
2532 3608 2812 3678 multoque
2853 3610 3100 3663 ornatior
3146 3626 3294 3666 nunc
3341 3613 3593 3680 apparuit

2028 3696 2241 3752 Domini
2270 3697 2535 3763 Ecclesia,
2562 3715 2725 3770 quam
2765 3712 2944 3766 antea,
2972 3717 3095 3756 cum
3127 3717 3589 3772 supervacaneum

2027 3791 2185 3861 eique
2215 3806 2322 3845 non
2351 3790 2509 3848 afﬁne
2536 3792 2840 3849 membrum
2878 3793 3140 3862 habebat;
3173 3795 3434 3866 quocirca
3474 3795 3588 3867 jam

1663 3966 2029 4025 VARIOBUM
2060 3966 2299 4027 NOTAE.

362 4128 498 4184 Gen.
523 4144 597 4190 ix,
638 4127 690 4183 6.
723 4126 876 4183 Ροηο
920 4128 1182 4198 virgulam
1233 4129 1286 4181 in
1323 4128 1522 4192 medio,
1555 4136 1608 4184 et
1638 4137 1760 4198 post
1800 4144 1919 4183 eam

364 4199 834 4269 subintelligoivel
892 4199 953 4250 τὸ
1002 4195 1159 4269 αἷμα,
1192 4198 1335 4267 quod
1370 4195 1683 4269 agnoscitur
1733 4214 1763 4251 a
1810 4200 1913 4269 Ce-

363 4272 532 4324 dreno
559 4269 691 4323 edit.
722 4268 910 4335 Basil,
942 4284 993 4338 p.
1016 4266 1141 4335 238,
1170 4266 1261 4323 liii.
1296 4266 1537 4333 24;'nec
1561 4285 1669 4323 non
1713 4270 1780 4338 ab
1809 4266 1921 4322 Ire-

358 4357 481 4395 naeo
529 4340 623 4393 lib.
665 4356 716 4403 v,
757 4354 877 4409 cap.
936 4337 1036 4405 i4;
1092 4348 1146 4395 et
1210 4340 1537 4409 Hieronymo
1592 4339 1659 4392 ad
1710 4337 1921 4408 Sopho-

364 4413 468 4465 niaa
502 4426 541 4472 ι,
582 4410 668 4472 17,
704 4410 785 4463 vel
835 4410 896 4462 τό
933 4409 1216 4472 duntaxat,
1266 4409 1721 4479 quemadmodum
1756 4409 1920 4463 habe-

2015 4132 2267 4203 riophylo
2290 4133 2435 4189 edita
2464 4150 2518 4204 p.
2547 4133 2668 4188 157.
2683 4134 2836 4190 Unde
2859 4124 3133 4205 colligitur
3170 4136 3364 4205 legisse
3388 4136 3579 4201 Senes,

2019 4212 2137 4259 ωτι
2181 4212 2273 4257 aut
2331 4214 2488 4263 :mtn
2535 4215 2669 4262 Dn.
2716 4204 3007 4260 Cmterum’
3039 4204 3376 4268 observabis,
3429 4207 3473 4259 si
3526 4208 3581 4260 id

2021 4288 2237 4342 quoque
2289 4274 2509 4339 dignum
2578 4276 2868 4329 ohservatu
2918 4274 3207 4337 videbitur,
3252 4290 3282 4327 a
3328 4274 3582 4331 Patrihus

2014 4346 2229 4403 concilii
2262 4345 2563 4400 Trosleiani
2613 4361 2661 4399 c.
2698 4347 2784 4406 15,
2832 4346 3089 4411 usurpari
3142 4343 3304 4411 verba
3344 4358 3575 4411 enarra-

2016 4419 2325 4484 tionemque
2344 4414 2655 4485 Hieronymi
2686 4416 2738 4468 in
2772 4416 2891 4485 loco
2919 4409 3103 4485 citato.
3134 4409 3459 4485 Qmilleham
3484 4410 3581 4464 im-

363 4490 452 4564 ειη·
486 4481 541 4534 in
580 4480 817 4564 editione
874 4479 1272 4564 (Cornpluten's‘i,
1310 4487 1365 4564 et
1426 4479 1917 4564 in'Chrysostomo

2031 4479 2253 4564 )ruderis
2285 4487 2462 4564 locum
2494 4479 2797 4564 exstantem
2825 4484 2877 4536 in
2908 4482 3203 4564 synodos.
3237 4481 3578 4564 Patricii‘ca:

365 4552 513 4632 hom.
572 4549 675 4632 .27,
750 4550 806 4604 in
869 4549 1126 4632 Cenesim.
1198 4549 1415 4632 :l‘extus
1464 4548 1719 4632 Hebraéys
1754 4566 1767 4603 =
1813 4549 1917 4632 Qu?
1949 4548 1984 4557 ⁷
2017 4548 2156 4632 none
2179 4557 2241 4632 6l
2261 4556 2355 4632 qui
2380 4548 3058 4632 tamenanimadvers‘ione
3083 4552 3286 4632 dignus
3305 4560 3404 4606 est.
3436 4550 3579 4632 Audi

368 4620 604 4684 t/Tuderit
694 4622 997 4690 sanguinem
1070 4621 1333 4681 hominis,
1396 4620 1452 4690 in
1524 4620 1757 4690 nomine.
1823 4628 1917 4673 aut

367 4708 454 4761 per
508 4688 805 4754 hominem,
842 4692 1056 4760 sanguis
1115 4691 1226 4759 ejus
1268 4689 1582 4761 e/Tundetur.
1607 4688 1765 4752 LXX,
1807 4690 1919 4761 vul-_-

366 4759 433 4834 go
463 4761 701 4832 quidem,
734 4772 791 4815 ut
820 4762 887 4834 in?
906 4759 1005 4834 hoc
1034 4761 1478 4834 Constitutionum
1509 4760 1667 4834 loco;
1697 4767 1751 4811 at
1775 4759 1916 4834 apud

365 4828 778 4913 Complutenses
827 4850 842 4887 :
878 4831 1164 4913 Ἀντί-τοῦ
1218 4831 1446 4913 αἵματος
1498 4828 1823 4913 ἀνθρῶπουζ
1857 4829 1919 4881 τὸ

366 4898 529 4956 αὑτοῦ
577 4900 953 4972 ἐκχυθήσεται.
1010 4900 1124 4972 Hoc
1160 4909 1244 4955 est
1281 4898 1348 4972 ex
1396 4898 1752 4972 AmerSiana
1798 4914 1918 4972 νει--

368 4977 540 5034 sione,
573 4967 674 5039 pro
697 4967 948 5041 sanguine
1001 4971 1247 5033 hominis,
1276 4970 1388 5041 ejus
1426 4967 1919 5041 eﬂ_ttndetur.__Quaz

366 5052 547 5097 tamen
573 5036 766 5095 ﬁverba
798 5036 1129 5096 'Amhrosius
1177 5036 1308 5110 cap.
1346 5040 1416 5093 26
1470 5038 1590 5110 libri
1620 5043 1699 5095 De
1728 5036 1842 5092 Noe
1869 5047 1919 5092 et

369 5130 516 5177 arca,
548 5111 726 5165 minus
754 5112 1035 5167 cormnode
1055 5109 1303 5167 distinxit
1343 5118 1397 5165 et
1421 5109 1727 5177 explicavit,
1753 5110 1920 5162 collo-

369 5196 489 5237 cata
527 5182 879 5236 distinctione
915 5189 1037 5251 post
1075 5196 1370 5251 pronomen
1416 5180 1529 5247 ejus
1583 5179 1677 5249 (ita
1709 5182 1921 5251 quippe

371 5253 636 5322 expositio
664 5252 809 5306 illius
837 5248 1119 5321 postulat).
1147 5259 1473 5322 acceptoque
1516 5248 1664 5322 textu
1692 5248 1759 5303 de
1788 5249 1921 5303 cliu-

301 5364 308 5371 -
369 5318 524 5379 sione
554 5340 661 5377 non
702 5318 1005 5392 sanguinis.
1039 5318 1130 5377 sed
1175 5318 1427 5392 hominis.
1458 5318 1517 5392 in
1544 5318 1794 5392 Cedreno
1821 5334 1923 5392 gu-

371 5405 477 5448 tem
511 5414 524 5447 :
558 5393 702 5447 ⁹Αντὶ
718 5384 1068 5462 τοῦναῖματος
1093 5391 1298 5444 ἐκείνου
1328 5389 1683 5461 ἐκχυθήσεται
1708 5389 1768 5441 τὸ
1786 5384 1922 5459 αἷμα

369 5464 564 5517 αὑτοῦ·
598 5464 738 5532 quod
792 5462 1153 5532 Hieronymus
1203 5462 1611 5532 interpretatur,
1655 5474 1763 5532 pro
1796 5477 1923 5512 san-

370 5536 523 5604 guine
549 5528 660 5600 eius
687 5528 1222 5604 effundetur'sauguis
1245 5528 1427 5604 iilius;
1454 5535 1512 5604 et
1544 5528 1729 5604 irenazi
1752 5528 1922 5604 inter-

372 5599 495 5674 pres
541 5599 777 5659 verterat
802 5601 927 5674 (nisi
969 5616 1068 5674 me
1102 5599 1217 5653 mea
1242 5600 1398 5674 fallit
1439 5599 1922 5674 critica):_sangu_is

372 5669 519 5726 illius
570 5690 665 5741 pro
711 5669 963 5741 sanguine
1000 5670 1133 5741 Mejus
1195 5670 1506 5741 effundatur.
1566 5669 1806 5741 Denique
1852 5669 1924 5741 in

372 5737 763 5813 Chrysostomn
790 5737 908 5794 ἀντὶ
936 5738 1026 5813 τοῦ
1069 5739 1292 5813 αἵματος
1327 5738 1512 5813 αὑτοῦ-
1532 5737 1604 5813 τὸ.
1628 5739 1789 5813 αὑτοῦ
1836 5740 1928 5813 ’ὲκ-

376 5807 703 5883 χυθῆσεται,
760 5819 917 5879 atque
962 5810 1034 5861 ita
1084 5808 1137 5861 in
1179 5809 1294 5863 l'ita
1349 5807 1461 5862 Nili
1485 5808 1715 5875 junioris
1759 5826 1791 5863 a
1824 5810 1927 5867 Ca-

2014 4630 2139 4681 item
2203 4622 2484 4680 Dominum
2541 4624 2879 4678 dicentemn
2907 4622 3011 4687 Qui
3066 4622 3309 4691 eﬁ‘uderit
3362 4622 3578 4691 sangui-

2015 4713 2130 4752 nem
2169 4698 2513 4765 innocentem,
2544 4696 2760 4765 sanguis
2794 4694 2964 4765 ipsius
2990 4690 3307 4765 e/Ijundetur.
3348 4690 3580 4765 i_Forto

2016 4768 2162 4846 epim
2186 4762 2285 4846 qui
2304 4760 2455 4813 illum
2486 4756 2690 4846 textum
2722 4756 3257 4846 sugge'ssit,"legebat
3277 4756 3330 4809 in
3363 4756 3573 4837 Graeco,

2016 4826 2154 4901 αἷμα
2182 4824 2376 4901 ἇ-Θῶον,
2407 4842 2507 4898 pro
2542 4824 2679 4901 αἷμα
2729 4824 3038 4901 ἀνθρώπου,
3068 4824 3183 4901 non
3219 4828 3355 4881 bene
3398 4826 3576 4901 perci-

2018 4896 2540 4973 piensScripturam
2572 4896 3041 4973 incompéndium
3070 4898 3394 4973 _deductam.
3435 4896 3572 4951 Cor.

2110 4970 2197 5024 60)
2217 4968 2427 5024 Πάλιν.
2454 4968 2611 5024 Deest
2636 4970 2690 5024 in
2721 4968 2841 5024 cod.
2867 4968 3029 5023 Vind.
3059 4970 3226 5023 Cum.

2110 4970 2176 5024 60
2217 4970 2427 5024 Πάλιν.
2454 4970 2611 5024 Deest
2636 4970 2690 5024 in
2721 4971 2841 5024 cod.
2867 4970 3029 5023 Vind.
3059 4970 3226 5023 Cum.

2088 4970 2200 5110 E61;
2226 5038 2495 5110 Μώμους.
2530 5038 2586 5093 1η
2633 5041 2804 5095 altero
2843 5038 3006 5110 Vind.
3042 5037 3283 5110 μωμοῦν,
3316 5035 3460 5105 (ιιιοὰ
3494 5044 3577 5091 est

2020 5108 2233 5231 meliilis.
2256 5108 2413 5165 Verte
2431 5128 2443 5164 :
2459 5110 2633 5164 studio
2648 5108 2989 5165 contendendi
3004 5108 3223 5162 irridere
3236 5124 3353 5162 eum
3365 5122 3577 5177 aggres-

2020 5196 2130 5231 sus.
2178 5195 2228 5231 ι).

2019 5196 2130 5234 διιε.
2155 5195 2228 5233 ID.

2113 5249 2202 5306 62)
2228 5250 2471 5306 Πόλεσι.
2494 5249 2674 5305 Codex
2700 5248 2862 5305 Vind.
2889 5248 3057 5303 πόλει.
3083 5245 3236 5303 Iuntl.

2113 5250 2180 5303 62
2228 5250 2471 5306 Πόλεσι.
2494 5249 2674 5305 Codex
2700 5249 2862 5305 Vind.
2889 5249 3057 5303 πόλει.
3083 5249 3236 5303 ΙυΕΙ.

2066 5249 2305 5444 ἑᾶὸἔυγὸ
2352 5320 2462 5374 ἐπ’
2505 5320 2682 5387 αὐτῷ.
2718 5320 2853 5376 Cod.
2903 5318 3061 5377 Vind.
3109 5320 3203 5373 καὶ
3246 5318 3350 5370 ἐπ’
3388 5314 3577 5389 αὑτῷ,

2022 5405 2148 5442 παν.
2174 5405 2250 5443 1D.

2116 5461 2206 5523 64)
2249 5459 2393 5514 Ἐπί.
2425 5458 2544 5512 Τῶν
2573 5460 2692 5523 ὲπί,
2724 5475 2829 5516 ms.
2854 5459 3015 5514 Vind.
3046 5456 3124 5514 In.

2117 5527 2206 5600 65)
2239 5532 2481 5594 Φόϐους.
2512 5530 2660 5584 Alter
2694 5545 2798 5583 ms.
2830 5530 3014 5600 φόϐον,
3048 5545 3154 5583 non
3189 5530 3348 5584 male.
3387 5527 3467 5584 In.

2117 5594 2207 5664 66)
2241 5601 2443 5664 Οὗτος.
2474 5600 2614 5655 Ante
2645 5599 2784 5652 hanc
2825 5594 3012 5654 vocem
3046 5600 3207 5653 habet
3234 5601 3371 5654 alter
3417 5594 3578 5652 codd.

2025 5666 2199 5723 Vindf
2234 5672 2297 5723 El
2324 5666 2559 5738 ὲξώσητε
2602 5668 2691 5721 τὸν
2735 5668 2974 5738 τοιοῦτον
3010 5669 3213 5722 ἑαυτῶν
3243 5671 3335 5723 καὶ
3364 5666 3582 5738 περικό-

2024 5740 2201 5809 ψητε,
2233 5741 2279 5793 si
2325 5737 2629 5807 expulerit”
2674 5737 2831 5791 talem
2877 5740 3092 5809 arvobis
3138 5750 3185 5809 et
3231 5737 3578 5795 abscideritis.

2027 5808 2155 5875 Qum
2178 5819 2359 5867 tamen
2380 5809 2690 5865 necessaria
2717 5824 2826 5866 non
2847 5808 3117 5865 videntur.
3157 5808 3234 5868 In.

2188 5461 2207 5673 ξ
