4082 6262
412 393 519 449 705

1322 404 1924 464 CONSTITUTIONES
1954 406 2628 469 APOSTOLICE.—I.IB.
2662 397 2739 470 u.‘

3540 412 3644 470 706

407 514 727 580 ἐπίσκοπος,
772 514 907 570 ἀλλὰ
938 517 1072 587 μόνα
1116 516 1185 570 τά
1212 516 1554 592 κυριώτερα·
1586 520 1774 593 ὥσπερ
1818 521 1912 574 καὶ
1952 523 1966 575 ε

2091 537 2155 578 ac
2186 523 2571 580 minutioribus
2601 523 2834 595 negotiis
2860 538 2972 580 non
3003 533 3320 598 occupetur,
3343 527 3439 583 sed
3470 528 3524 583 in
3553 544 3637 584 so-

421 606 623 671 Ἰωθὼρ
652 607 765 679 (75)
796 607 874 679 τῷ
902 610 1126 663 Μωῦσεϊ
1148 609 1447 677 διετάξατο,
1476 612 1572 667 καὶ
1596 612 1864 685 ἀπεδέχθη
1884 612 1983 666 αὐ-

403 697 503 753 τοῦ
533 702 566 770 ή
601 698 923 771 συμϐουλία.
1046 720 1049 721 ν

904 812 1300 869 ΚΕΦΑΛΑῘΟΝ
1335 814 1469 870 ME’.

446 906 569 961 Ὀτι
591 906 678 976 μὴ
709 904 1577 982 προσῆκον-(76)νΧριστιακοῒς
1617 908 1947 982 ἀντιλογίαι

888 975 987 1030 καὶ
1014 975 1497 1049 διαπληκτισμοί.

472 1069 653 1124 Καλὸν
684 1070 781 1143 μὲν
808 1066 902 1125 οῦν
929 1070 1048 1125 ἐστι
1068 1070 1145 1143 τῷ
1174 1071 1487 1145 Χριστιανῷ
1514 1070 1809 1145 ἐγκώμιον,
1843 1073 1980 1147 πρὸς

406 1161 611 1234 μηδένα
638 1161 782 1233 ἐχειν
828 1162 1147 1235 πράγματα’
1198 1164 1247 1217 εί
1275 1163 1331 1218 δὲ
1358 1162 1423 1217 ἐκ
1449 1181 1593 1229 τινος
1638 1164 1916 1239 ἐνεργείας
1943 1166 1975 1239 ἢ

402 1253 709 1327 πειρασμοῦ
740 1255 1016 1328 ἐπισυμόῇ
1046 1272 1153 1309 τινι
1196 1256 1447 1329 πρᾶγμα,
1496 1257 1838 1322 σπουδαζέτω
1866 1257 1979 1310 δια-

402 1344 624 1400 λύεσθαι
652 1346 804 1411 αὐτὸ,
834 1348 938 1402 κᾶν
967 1347 1062 1422 δέῃ
1110 1346 1372 1419 βλαὸἧναί
1400 1366 1475 1413 τι,
1505 1350 1599 1404 καὶ
1630 1349 1703 1422 μὴ
1736 1349 1977 1423 ἐρχέσθω

402 1438 495 1491 ἐπὶ
522 1439 804 1511 κριτήριον
831 1437 1040 1493 ἐθνικόν
1085 1438 1219 1512 (77).
1264 1435 1422 1495 am
1468 1441 1565 1512 μὲν
1614 1441 1747 1515 μηδέ
1799 1441 1980 1514 ἀνέχε-

405 1530 496 1585 σθε
526 1532 822 1603 κοσμικοὺς
842 1533 1108 1605 ἄρχοντας
1126 1532 1269 1587 κατὰ
1286 1532 1393 1589 τῶν
1416 1533 1695 1606 ὑμετέρων
1712 1533 1973 1600 δικάζεινθ

400 1623 488 1677 διὰ
516 1625 623 1697 γὰρ
651 1624 901 1679 αύτῶν¹δ
942 1625 1189 1690 διάϐολος
1231 1625 1535 1699 ἐπιτηδεύει
1563 1625 1673 1704 (78)
1719 1630 1833 1691 τοῖς
1858 1624 1976 1680 δού-

2081 615 2149 670 lis
2176 616 2551 686 gravioribus;
2582 617 3039 688 quemadmodum
3070 626 3124 674 et
3148 617 3336 675 Jetltro
3365 620 3533 693 Moysi
3556 622 3646 676 di-

2082 709 2336 778 gessit",
2372 717 2820 781 acceptatumque
2847 709 2950 765 fuit
2980 710 3127 767 illius
3155 710 3466 769 consilium.

2638 823 2869 882 CAPUT
2922 823 3083 880 XLV.

2154 917 2309 986 Quod
2339 916 2659 973 Christianis
2685 935 2786 973 non
2813 919 3121 973 conveniant
3143 918 3505 974 contrauersim
3523 927 3576 974 et

2651 990 3037 1044 altercationes.

2148 1077 2415 1135 Praeclara
2455 1095 2588 1138 sane
2624 1079 2937 1137 Christiano
2969 1080 3175 1136 homini
3208 1080 3329 1137 laus
3365 1086 3486 1145 est,
3517 1094 3641 1135 cum

2078 1172 2295 1228 nemine
2317 1174 2647 1229 contendere
2676 1194 2689 1230 :
2725 1175 2809 1230 sin
2833 1181 3013 1229 autem
3035 1174 3267 1244 alicujus
3294 1174 3528 1244 impulsu
3557 1172 3645 1228 vel

2079 1266 2397 1333 vexatione,
2431 1267 2596 1322 alicui
2629 1267 2905 1337 negotium
2938 1266 3179 1332 incidat,
3216 1267 3308 1321 det
3334 1280 3555 1336 Operam
3584 1271 3645 1318 ut

2080 1356 2394 1424 dirimatur,
2424 1359 2678 1431 quamvis
2709 1360 2811 1415 sibi
2836 1358 2960 1415 inde
2984 1358 3190 1430 aliquid
3220 1359 3541 1430 capiendum
3571 1357 3645 1413 sit

2076 1451 2418 1521 detrimenti;
2453 1460 2602 1509 etne
2638 1454 2795 1509 adeat
2825 1453 2890 1509 ad
2932 1453 3213 1524 gentilium
3242 1452 3500 1507 tribunal.
3536 1450 3644 1524 Sed

2077 1560 2178 1600 nec
2203 1546 2485 1617 patiamini
2535 1555 2595 1601 ut
2646 1546 2936 1601 saeculares
2983 1546 3336 1616 magistratus
3368 1543 3435 1599 de
3460 1542 3644 1600 causis

2077 1639 2275 1694 vestris
2300 1638 2567 1708 judicium
2601 1637 2968 1709 proferant";
3004 1652 3102 1707 per
3143 1652 3237 1692 eos
3276 1638 3420 1692 enim
3450 1636 3644 1691 diabo-

402 1715 515 1781 λοις
557 1716 651 1771 τοῦ
697 1716 856 1783 Θεοῦ,
901 1718 998 1773 καὶ
1044 1718 1244 1783 ὄνειδος
1295 1719 1575 1792 ἐπεγείρει
1617 1718 1751 1792 (79),
1796 1720 1871 1784 ὡς
1902 1719 1966 1792 μὴ

2077 1730 2164 1786 lus
2194 1732 2366 1787 servis
2398 1729 2494 1785 Dei
2521 1729 2743 1786 facessit
2780 1730 3075 1801 negotium,
3101 1729 3468 1800 probrumque
3494 1726 3645 1783 exci-

403 1808 632 1878 ἐχόντων
659 1810 814 1881 ἡμῶν
840 1810 937 1865 ἐνα
964 1808 1125 1881 σοφὸν
1155 1809 1246 1865 τὸν
1274 1810 1570 1883 δυνάμενον
1617 1811 1816 1882 μεταξὺ
1848 1811 1966 1883 βρα-

2077 1829 2186 1887 tat,
2236 1821 2395 1895 quasi
2441 1838 2551 1879 non
2592 1821 2887 1878 habeamus
2934 1836 3033 1877 nos
3075 1822 3251 1875 virum
3301 1819 3639 1890 sapientem,

404 1901 593 1954 ϐεὖσαι
620 1901 681 1954 τὸ
707 1901 929 1967 δίκαιον,
960 1901 995 1974 ἢ
1023 1901 1125 1966 τὰς
1150 1901 1456 1972 ἀντιλογίας
1481 1901 1747 1959 διαλῦσαι.

2076 1914 2171 1985 qui
2193 1915 2367 1985 possit
2394 1915 2539 1971 inter
2566 1923 2751 1985 partes
2778 1913 2873 1985 jus
2900 1912 3103 1981 dicere,
3151 1918 3206 1968 et
3236 1910 3641 1967 controversias

2075 2006 2405 2078 disceptare.

891 2081 1287 2137 ΚΕΦΑΔΔΙΟΝ
1321 2082 1487 2152 Mq'.

2622 2095 2853 2153 CAPUT
2891 2096 3075 2155 XLVI.

419 2209 539 2285 Ὅςι
559 2209 633 2265 οὐ
656 2197 1224 2285 χρὴᾼτοὺς-πιστοὺς
1246 2210 1343 2285 ἐπὶ
1374 2210 1494 2266 τῶν
1513 2209 1786 2285 ἀπίστων
1821 2210 1966 2267 δικώ

2075 2210 2229 2279 Quod
2252 2219 2626 2285 nongoporteat
2654 2212 2835 2285 ﬁdeles
2860 2212 3069 2283 litigare
3097 2211 3236 2282 apud
3264 2212 3536 2285 inﬁdeles;
3558 2229 3641 2266 ne-

485 2278 703 2354 (waat,
733 2278 872 2354 οὔτε
889 2282 1006 2351 μὲν
1028 2283 1098 2345 ἐξ
1124 2282 1483 2354 αὐτῶν-τινα
1510 2282 1718 2336 καλεῖν
1732 2284 1820 2350 είς
1834 2301 1966 2353 μαρ·

2100 2278 2111 2279 ί
2142 2299 2240 2354 que
2266 2298 2331 2354 ea:
2358 2278 2439 2337 his
2469 2278 2767 2353 quempiam
2794 2278 2979 2338 vocare
3006 2285 3061 2338 in
3089 2278 3440 2338 testimonium
3458 2283 3643 2338 adver-

481 2352 690 2419 τυριαν
706 2352 823 2421 τὴν
858 2354 1008 2407 κατὰ
1031 2352 1417 2421 Χριστιανῶν.
1837 2352 1845 2353 ί
1918 2352 1925 2353 ί

2142 2352 2234 2407 sus
2257 2352 2615 2409 Christianos.

471 2470 561 2542 Μὴ
593 2467 686 2525 οὖν
713 2473 1130 2542 γινωσκέτωσαν
1157 2473 1227 2529 τά
1254 2474 1380 2549 ἔθνη
1409 2474 1509 2540 τὰς
1536 2476 1675 2549 πρὸς
1716 2477 1966 2550 ἀλλήλους

2142 2462 2220 2521 Ne
2249 2465 2412 2537 igitur
2453 2466 2684 2534 gentiles
2708 2472 3047 2538 cognoscant
3076 2472 3227 2522 ortas
3256 2468 3401 2522 inter
3429 2482 3530 2523 vos
3573 2468 3643 2523 Ii-

402 2561 552 2633 ὒμῶν
580 2564 860 2637 διαφορὰς,
888 2565 1026 2640 μήτε
1045 2565 1167 2620 καθ’
1188 2567 1397 2623 ἑαυτῶν
1415 2570 1495 2633 είς
1524 2567 1634 2640 (80)
1667 2571 1966 2643 μαρτυρίαν

2073 2564 2177 2621 tes,
2225 2573 2401 2630 neque
2451 2559 2741 2614 adversum
2777 2574 2876 2615 vos
2919 2559 3293 2615 testimonium
3339 2559 3639 2616 infidelium

402 2655 771 2728 παραδέχεσθε
796 2658 925 2721 τοὺς
951 2657 1232 2723 ἀπίστους,
1284 2660 1421 2732 μήτε
1465 2661 1716 2733 κρίνεσθε
1745 2664 1816 2716 ἐπ
1836 2663 1850 2685 ‘
1878 2663 1966 2716 αύ·

2072 2651 2413 2719 adhibeatis,
2447 2667 2624 2722 neque
2659 2652 2729 2707 ab
2761 2652 2842 2708 eis
2876 2652 3234 2722 judicemini;
3282 2668 3460 2725 neque
3503 2652 3640 2723 ipsis

399 2748 526 2801 τῶν
580 2748 717 2820 μήτε
743 2746 985 2818 ὀφείλετὲ
1011 2768 1065 2804 τι
1090 2750 1302 2815 τούτοις
1330 2751 1465 2824 πρὸς
1494 2751 1851 2825 συντέλειανῆ
1882 2752 1966 2823 φό-

2071 2743 2365 2815 quidquam
2395 2744 2659 2811 debeatis,
2693 2744 2840 2816 quod
2868 2745 2935 2800 ad
2980 2746 3245 2800 tributum
3290 2753 3345 2802 et
3372 2753 3639 2801 terrorem

400 2840 494 2895 δον
515 2840 621 2914 (81)
642 2858 656 2872 ⁸
679 2841 814 2896 ἀλλὰ
838 2842 1095 2896 «ἀπόδοτε
1116 2841 1187 2896 τὰ
1204 2843 1481 2917 Καίσαρος
1494 2842 1753 2917 Καίσαρι,
1785 2846 1880 2899 καὶ
1905 2845 1966 2899 τὰ

2073 2844 2401 2907 potestatum
2452 2838 2751 2908 pertineat;
2795 2836 2891 2892 sed
2923 2854 2943 2889 ι
2973 2838 3181 2893 reddite
3219 2853 3341 2908 quae
3367 2844 3495 2893 sunt
3522 2838 3641 2892 Ca2-

398 2931 495 2985 τοῦ
522 2932 655 2987 Θεοῦ
686 2934 766 3005 τῷ
793 2934 911 3005 Θεῷ
933 2951 948 2966 ο
988 2954 1007 2987 ι
1040 2930 1155 2988 οἷον
1199 2935 1385 3009 φόρον,
1418 2935 1451 3006 ἢ
1484 2935 1702 3007 κῆνσον,
1733 2936 1767 3007 ἢ
1795 2936 1966 3009 δίδρα-

2072 2928 2236 2993 saris,
2262 2927 2484 2987 Caesari.
2521 2936 2576 2985 et
2603 2944 2724 2999 qua:
2769 2936 2899 2985 sunt
2930 2928 3045 2995 Dei,
3078 2927 3284 2995 Deo";
3322 2949 3341 2983 ι
3376 2939 3435 2985 ut
3462 2931 3635 2986 vecti-

402 3042 560 3097 χμον,
590 3026 667 3091 ὡς
692 3026 787 3081 καὶ
811 3028 841 3080 ὁ
869 3026 1075 3100 Κύριος
1092 3027 1251 3099 ἡμῶν
1268 3027 1392 3092 δοὺς
1411 3026 1501 3081 τὸν
1523 3027 1788 3100 στατῆρα,
1808 3028 1966 3101 ἀπηλ-

2070 3020 2179 3091 gal,
2213 3028 2306 3075 aut
2334 3036 2582 3086 censum,
2619 3028 2713 3075 aut
2742 3021 3156 3087 didracbmum;
3187 3022 3331 3077 sicut
3365 3030 3419 3078 et
3463 3021 3641 3077 Domi-

405 3116 541 3190 λάγη
571 3119 929 3190 πραγμάτων.
959 3119 1126 3192 Δίροῦ
1152 3115 1245 3173 οῦν
1274 3118 1472 3191 μᾶλλον
1496 3118 1847 3191 βλάπτεσθαι,
1877 3120 1966 3175 καὶ

2074 3129 2177 3169 nus
2197 3121 2384 3169 noster
2406 3114 2608 3169 tributo
2628 3122 2828 3170 statere
2841 3116 2909 3180 ",
2927 3130 2956 3169 a
2980 3115 3227 3171 molestia
3251 3116 3514 3171 liberatus
3530 3126 3636 3173 est.
3692 3128 3700 3137 '

403 3209 471 3263 τὰ
522 3210 658 3282 πρὸς
710 3211 932 3282 εἰρήνην
991 3211 1331 3276 σπουδάζειν,
1358 3210 1419 3265 ού
1467 3211 1626 3283 μόνον
1671 3210 1808 3283 πρὸς
1848 3213 1966 3276 τοὺς

2073 3205 2223 3278 Elige
2256 3206 2421 3277 igitur
2450 3208 2633 3277 potius
2662 3206 2862 3261 damno
2892 3206 3026 3262 allici
3045 3246 3061 3268 ,
3091 3215 3145 3262 et
3175 3222 3294 3278 qua;
3337 3207 3405 3261 ad
3442 3222 3634 3279 pacem

398 3302 674 3372 ἀδελφοὺς,
706 3302 841 3355 ἀλλὰ
868 3301 962 3357 καὶ
990 3302 1129 3374 πρὸς
1146 3304 1272 3367 τοὺς
1298 3302 1577 3367 ἀπίστους.
1609 3302 1835 3366 Βλαδεὶς
1863 3302 1966 3375 γὰρ

2072 3306 2323 3370 spectant
2364 3299 2594 3363 sectari,
2628 3314 2737 3353 non
2783 3300 2961 3355 solum
3025 3314 3148 3354 cum
3203 3298 3484 3368 fratribus,
3538 3298 3636 3354 sed

398 3396 504 3447 τῶν
536 3394 799 3465 βιωτικῶν
844 3413 918 3459 τι,
963 3395 1033 3450 τὰ
1076 3395 1213 3469 πρὸς
1239 3396 1371 3449 Θεὸν
1414 3397 1475 3450 οὐ
1505 3396 1845 3468 ζημιωθήσῃ,
1876 3395 1966 3449 ἅτε

2073 3392 2233 3444 etiam
2271 3407 2396 3446 cum
2428 3390 2763 3448 infidelibus.
2802 3390 2936 3446 Nam
2968 3408 3090 3447 cum
3122 3392 3354 3462 aliquam
3385 3392 3441 3447 in
3471 3393 3636 3463 hujus

403 3486 654 3561 θεοσεὸὴς
681 3489 963 3561 ὑπάρχων,
1007 3489 1101 3543 καὶ
1145 3491 1280 3543 κατ’
1313 3488 1530 3559 ἐντολὴν
1572 3488 1809 3561 Χριστοῦ
1858 3488 1969 3561 (82)

403 3577 527 3642 ζῶν.
558 3581 621 3633 Εἰ
646 3580 701 3634 δὲ
728 3580 941 3652 ἀδελφοὶ
959 3582 1039 3645 είς
1059 3581 1318 3654 ἀλλήλους
1338 3580 1570 3653 ἔχουσιν,
1595 3582 1623 3635 δ
1645 3581 1719 3655 μὴ
1738 3582 1967 3652 γένοιτο,

401 3669 626 3723 αὐτόθεν
651 3674 791 3725 νοεῖν
816 3672 1057 3743 ὀφείλετε
1084 3673 1135 3727 οἱ
1163 3674 1583 3746 προηγούμενοι,
1612 3674 1694 3728 ὅτι
1721 3675 1770 3728 ol
1798 3673 1972 3728 τοιοῦ-

399 3779 485 3815 τοι
528 3762 628 3817 οὐκ
654 3763 894 3835 ἀδελφῶν
931 3766 990 3819 ἐν
1032 3764 1223 3838 Κυρίῳ
1245 3764 1356 3839 (85)
1402 3765 1562 3838 ἔργον
1606 3764 1963 3831 ἐπιτελοῦσιν,

397 3854 532 3909 ἀλλὰ
562 3855 756 3928 μᾶλλον
802 3856 1010 3929 ἐχθρῶν
1055 3856 1348 3929 πολεμίων.
1395 3858 1506 3911 Καὶ
1550 3855 1630 3923 εἷς
1663 3858 1759 3929 μὲν
1787 3856 1967 3912 αὐτῶν

398 3947 748 4021 εὑρεθήσεται
775 3948 950 4021 ἤπιος,
981 3950 1244 4022 ἐπιεικὴς,
1273 3949 1447 4020 φωτὸς
1474 3949 1681 4013 τέκνον,
1708 3949 1895 4021 ἐτερος
1910 3948 1966 4002 δὲ

396 4039 690 4113 ἀνήμερος,
720 4040 977 4114 αὐθάδης,
1008 4041 1353 4114 πλεονέκτης·
1404 4042 1433 4095 ὁ
1452 4037 1543 4096 οῦν
1572 4040 1968 4111 καταγινωσκο-

401 4147 561 4203 μενος
594 4131 956 4206 ἐπιτιμάσθω,
985 4133 1327 4206 ἀφοριζέσθω
1345 4173 1361 4199 ,
1389 4133 1543 4208 δίκην
1569 4134 1671 4206 τῆς
1717 4131 1968 4205 μισαδελ-

2070 3484 2192 3537 vita:
2220 3483 2520 3539 commodis
2545 3483 2813 3553 jacturam
2843 3483 3059 3550 feceris,
3091 3484 3297 3539 nullum
3326 3484 3633 3540 divinorum

2072 3574 2338 3655 bonorum
2384 3574 2644 3630 damnum
2695 3576 2941 3646 patieris,
2973 3583 3159 3647 utpote
3193 3574 3285 3630 Dei
3336 3576 3533 3641 cultor,
3579 3583 3634 3630 et

2067 3668 2223 3737 juxta
2244 3668 2449 3723 Christi
2472 3668 2725 3722 mandata
2766 3668 2973 3727 vivens.
3018 3669 3076 3722 Si
3107 3683 3253 3733 vero,
3283 3668 3426 3740 quod
3457 3669 3626 3724 absit!

2070 3759 2268 3816 fratres
2318 3760 2608 3815 habuerint
2670 3759 2873 3831 aliquid
2921 3761 3064 3817 inter
3116 3777 3175 3836 se
3226 3762 3630 3828 controversiae,
3726 3774 3729 3779 '

2070 3852 2195 3907 inde
2234 3852 2530 3922 intelligere
2571 3851 2778 3908 debetis
2808 3868 2903 3908 vos
2937 3853 3234 3923 praepositi,
3269 3855 3415 3925 quod
3442 3854 3633 3923 hujus-

2069 3944 2213 4000 modi
2242 3945 2489 4001 homines
2513 3960 2622 4000 non
2652 3960 2711 4002 se
2743 3952 2937 4017 gerunt
2960 3953 3020 4000 ut
3051 3946 3244 4003 fratres
3280 3948 3335 4002 in
3376 3946 3628 4013 Domino,

2068 4038 2164 4093 sed
2198 4039 2377 4108 potius
2408 4048 2467 4092 ut
2511 4039 2696 4093 hostes
2734 4036 2939 4092 infesti.
2979 4038 3057 4092 Ac
3086 4038 3225 4094 forte
3253 4056 3396 4096 unus
3439 4053 3629 4095 eorum

2066 4130 2368 4202 reperietur
2391 4130 2550 4199 lenis,
2581 4145 2795 4202 aequus,
2819 4127 2963 4187 filius
3003 4131 3179 4198 lucis;
3209 4132 3344 4189 alter
3375 4146 3502 4189 vero
3526 4131 3628 4186 im-

500 4312 550 4346 "
571 4296 923 4373 Exodxvut.
998 4312 1046 4348 "
1068 4313 1331 4382 lCor.",
1354 4314 1406 4375 ί.
1477 4314 1736 4373 "Matth.
1771 4330 1909 4381 nu,
1946 4315 2037 4372 2|.
2110 4316 2158 4349 "
2183 4315 2373 4373 Matth.
2404 4331 2537 4373 xvu.

1689 4468 2055 4527 VARIORUM
2093 4467 2323 4526 NOTAE.

400 4653 509 4717 tum
534 4660 637 4717 non
670 4643 1103 4717 habet,ofﬁcium
1123 4662 1227 4717 non
1253 4643 1425 4717 liabet.
1456 4643 1610 4717 Mitto
1651 4644 1778 4717 τοὺς
1811 4643 1963 4714 βασι-

2070 4642 2294 4717 distulisti;
2344 4644 2507 4717 (male
2531 4644 2698 4717 edunt
2730 4644 2993 4709 ἀπειθεῖς,
3023 4644 3167 4700 male
3204 4644 3491 4717 emendant
3534 4647 3623 4700 eo.

398 4714 533 4785 λέως
558 4713 691 4785 (seu
732 4713 988 4785 βασιλέων
1033 4724 1125 4770 aut
1150 4714 1480 4785 βασιλείους)
1513 4713 1839 4784 ὀφθαλμοὺς,
1872 4717 1964 4769 καὶ

398 4784 467 4836 τὰ
513 4780 775 4854 βασιλέως
824 4780 959 4848 ὦτα,
1016 4780 1159 4856 apud
1207 4780 1616 4856 Xenophontem
1662 4780 1957 4856 etalios:

398 4853 767 4937 p‘rmtereraqule
811 4853 1174 4937 πρωρέαιξτῆς
1214 4853 1474 4937 νηὸς-τὸν
1520 4853 1812 4937 ὀφθαλμδν,
1856 4856 1966 4925 cpi-

399 4925 539 4997 stola
582 4925 680 4997 127
728 4925 972 4997 Gregorii
1020 4925 1391 4997 Nazianzeni,
1421 4925 1673 4997 etAnIulta
1707 4926 1760 4979 id
1791 4939 1962 4997 genus

398 4995 578 5066 obvia.
612 4994 805 5051 Videto
837 4994 1028 5051 Notam
1062 4998 1126 5050 ad
1151 5004 1315 5066 caput
1337 4996 1425 5051 30.
1457 4995 1593 5049 Cor.

467 5064 577 5137 (75)
622 5066 837 5138 Ἰῳθώρ.
869 5067 1024 5137 Apud
1055 5065 1195 5120 LXX
1222 5064 1412 5138 1906p.
1454 5066 1723 5138 Corruple
1736 5064 1816 5138 _in
1839 5064 1963 5121 C(13-

396 5134 628 5208 naquze
667 5134 885 5208 indigne
917 5134 1223 5208 'ascribitur
1269 5134 1700 5208 S._'Cypriano_._
1735 5134 1957 5208 Liotlior.

411 5205 548 5278 Vale
573 5207 695 5275 fecit
716 5205 936 5278 vathor,
969 5223 1067 5278 pro
1092 5207 1299 5262 Jothor.
1325 5205 1495 5261 Exod.
1529 5222 1601 5271 Iv,
1644 5206 1731 5261 18.
1762 5207 1852 5278 _ln.

606 5276 1138 5366 ΗρορνῆθιοζζΑμςι·
1163 5279 1332 5366 codex
1363 5278 1715 5366 npopjxoujst.
1734 5276 1914 5366 Eum.

491 5346 580 5416 ’77)
598 5350 656 5402 Μ
663 5346 694 5416 ἡ
725 5346 988 5416 ἐρχέσθω
1015 5348 1113 5401 ἐπὶ
1141 5346 1437 5415 κριτήριοέ
1456 5346 1709 5400 ἐθνικόν.
1733 5346 1961 5403 Corrcc-

396 5426 509 5470 tum
523 5419 681 5473 velim
696 5418 1119 5473 Alexandrinum
1132 5417 1457 5472 Clementem
1474 5419 1642 5470 multo
1656 5426 1781 5471 ante
1799 5417 1956 5471 linem

400 5486 686 5543 Stromatei
716 5488 995 5558 penultlmi
1025 5488 1219 5557 pagina
1252 5487 1375 5551 750,
1420 5502 1529 5556 quo
1558 5487 1659 5558 loci
1690 5502 1959 5543 enarrans

402 5566 607 5628 textum
622 5557 867 5628 Apostoli
888 5557 1052 5613 lCor.
1076 5574 1151 5619 vr,
1176 5558 1228 5622 l,
1248 5565 1378 5620 ctc.,
1412 5559 1477 5611 de
1498 5557 1679 5612 causis
1694 5567 1748 5611 et
1769 5558 1957 5628 litibus

399 5625 861 5691 Christianorum,
881 5636 1043 5697 atque
1076 5630 1213 5681 inter
1233 5643 1291 5683 se
1310 5642 1630 5698 comparans
1644 5643 1737 5681 eos
1757 5628 1846 5698 qui
1870 5627 1959 5698 ju-

396 5699 881 5753 diciocontendunt
900 5699 1042 5769 apud
1064 5698 1298 5769 iniquos,
1329 5713 1423 5769 eos
1446 5698 1690 5769 quiapud
1714 5705 1956 5762 sanctos,

396 5778 450 5837 et
464 5783 559 5823 eos
579 5769 672 5837 qui
697 5768 1025 5830 nullatenus,
1044 5768 1175 5821 dicit
1192 5768 1460 5822 secundos
1494 5768 1681 5837 primis
1700 5782 1821 5823 esse
1842 5784 1957 5837 [ne-

406 5831 610 5897 liores;
627 5838 722 5892 sed
757 5839 946 5893 tertios
984 5837 1367 5908 perfectionem
1390 5831 1634 5908 attigisse
1652 5854 1667 5892 :
1685 5838 1793 5908 Καὶ.
1819 5831 1958 5908 εἶναι

403 5909 503 5975 μὲν
533 5907 642 5963 τῶν
658 5908 935 5981 προτέρων
953 5906 1076 5971 τοὺς
1093 5906 1373 5978 δευτέρους
1390 5906 1659 5979 ἀμείνους,
1679 5906 1887 5960 οὐδέπω
1901 5906 1957 5960 δὲ

2064 4716 2288 4786 πιθείς,
2307 4716 2365 4769 ut
2384 4716 2758 4771 antecedentia
2781 4724 2835 4772 et
2861 4716 3247 4786 consequentia
3278 4717 3617 4783 ostendunt),

2064 4785 2131 4908 ἓν
2161 4786 2234 4858 μὴ
2264 4786 2621 4908 άμνησίκακοι
2665 4786 2843 4839 τέλεον
2886 4787 3183 4857 γενόμενοι,
3231 4786 3369 4838 κατὰ
3402 4786 3499 4869 την
3525 4787 3621 4839 τοῦ

2116 4857 2264 4908 υοίου
2332 4856 2639 4908 ιδασκαλίαν
2663 4856 3065 4908 προσεύξωνται
3098 4857 3191 4908 καὶ
3236 4857 3374 4908 ὑπὲρ
3418 4874 3526 4908 των
3566 4858 3621 4908 ἐ-

2101 4856 2264 4979 suppa;
2291 4856 2639 4981 (διδασκαλίαν
2663 4856 3065 4928 προσεύξωνται
3098 4857 3191 4909 καὶ
3236 4857 3374 4927 ὑπὲρ
3418 4856 3526 4910 τῶν
3566 4858 3621 4909 ἐ-

2136 4945 2261 4981 οων.
2336 4942 2427 4981 οτ.

2214 4945 2261 4981 ν.
2291 4942 2427 4981 υοτ.

2062 4944 2261 4997 χυρων.
2291 4944 2427 4981 ιλοτ.

2132 4997 2244 5070 (78)
2296 4997 2876 5070 ἘπιτηὸεὐειηΑΙῑει-
2910 4997 3033 5054 cod.
3064 4995 3298 5053 Vindob.
3346 4997 3621 5070 ἐφεδρεύει

2061 5068 2288 5130 rectius,
2324 5074 2383 5121 ut
2411 5068 2642 5124 videtur.
2674 5068 2842 5125 Cten.

2135 5137 2247 5209 (79)
2296 5137 2633 5209 ζΕπετείρει.
2675 5138 2818 5193 Idem
2857 5138 3019 5209 habet
3059 5136 3307 5209 ἐπιφέρει
3348 5141 3619 5195 sententia

2062 5206 2347 5278 commoda
2378 5224 2393 5262 :
2426 5208 2710 5262 insidiatur
2735 5211 2895 5264 servis
2919 5207 3035 5273 Dei,
3067 5206 3412 5278 probrumque
3437 5209 3616 5278 infert.
3727 5230 3732 5237 ·

2060 5275 2135 5331 In.

2129 5345 2242 5429 (ξο)
2279 5349 2411 5429 Εἰς.Δ
2452 5346 2613 5429 Deest
2655 5348 2713 5404 in
2756 5347 3063 5420 antiquiore
3102 5346 3225 5402 cod.
3268 5345 3503 5407 Vindob.
3566 5356 3621 5404 et

2058 5418 2275 5487 quidem
2304 5425 2468 5473 recte.
2492 5419 2588 5474 (31..

2129 5486 2241 5561 (8i)
2274 5490 2486 5561 φόϐον.
2524 5489 2710 5561 φόρον,
2759 5490 2863 5543 hoc
2902 5494 2997 5561 est
3023 5488 3262 5561 rectigal.
3294 5486 3519 5561 Tributa
3563 5497 3619 5543 et

2060 5558 2342 5627 vectigalia
2363 5559 2497 5613 solvi
2516 5558 2709 5626 jubent
2734 5560 2924 5613 larvati
2948 5558 3001 5611 hi
3027 5558 3278 5625 apostoli,
3300 5575 3367 5613 ex
3387 5558 3615 5627 decoro;

2059 5628 2203 5699 quod
2222 5635 2415 5699 tamen
2443 5629 2570 5684 alibi
2592 5644 2709 5699 non
2737 5630 3172 5699 satisﬂservatur.
3203 5628 3279 5685 ιιι.

2128 5696 2241 5768 (82)
2275 5699 2547 5766 Χριστοῦ.
2575 5698 2710 5753 Θεοῦ
2737 5715 2841 5754 ms.
2866 5697 3025 5752 Vind.
3054 5696 3129 5753 lo.

2292 5770 2393 5892 ’IEDr
2421 5769 2633 5839 Kvpkp.
2684 5769 2891 5828 Desunt
2928 5770 2983 5824 in
3029 5770 3197 5827 altero
3238 5769 3448 5838 codice,
3475 5768 3617 5829 forte

2057 5852 2271 5896 melius.
2298 5852 2374 5897 ID.
