4080 6260
498 334 602 389 707

1332 329 1389 386 S.
1424 330 1816 389 CLEMENTIS
1847 337 1866 391 I
1900 334 2065 390 80M.
2106 334 2308 391 ΡΟΝΤ.
2346 333 2575 390 ΟΡΙΞΒΑ
2608 333 2830 395 DUBIA.

3612 337 3710 394 708

491 449 663 513 mitis,
691 457 1006 514 contumax,
1046 446 1326 502 fraudator
1361 462 1375 498 :
1413 447 1504 501 hic
1534 447 1699 517 igitur
1720 448 1935 518 agnitus
1958 465 2050 519 pu-

2152 449 2279 519 φίας
2303 449 2544 502 τιννύτωο
2594 444 2711 502 εἶτα
2742 449 3170 521 μεταμελόμενος
3197 448 3710 521 προσλαμϐανέσθιω

494 543 699 605 niatur,
725 548 779 595 et
808 548 1141 610 segregctur,
1183 547 1237 594 et
1269 553 1459 609 poenas
1500 537 1725 594 fraterni
1750 538 1859 593 odii
1892 539 2004 593 luat
2031 557 2047 593 :

492 634 619 690 dein
655 648 778 687 cum
826 633 1164 703 propositum
1193 632 1518 695 mutaverit,
1546 638 1856 686 assumatur
1881 632 1937 687 in
1964 646 2054 686 so—

492 728 743 781 cietatem
766 738 783 778 :
807 731 969 793 atque
990 724 1065 776 ita
1094 724 1363 793 castigati,
1396 722 1691 776 tribunalia
1713 729 1896 778 vestra
1921 723 2055 779 alle-

490 818 694 871 vabunt
718 831 780 870 ac
825 814 1189 884 infrequentia
1231 813 1479 869 efﬁcient.
1522 814 1747 884 Oportet
1793 824 1969 871 autem
1998 821 2060 872 et'

492 917 683 962 mutuo
709 904 936 977 injurias
961 906 1296 971 condonare;
1325 921 1437 961 non
1465 905 1935 976 quidemjudices,
1955 908 2051 963 sed

490 1016 587 1057 eos
609 1001 702 1071 qui
739 1001 1044 1056 simultates
1089 998 1326 1064 habent;
1364 998 1819 1069 quemadmodum
1858 998 2045 1055 Domi-

493 1108 599 1146 nus
650 1092 1049 1161 pronuntiavit,
1094 1105 1217 1145 cum
1258 1105 1356 1161 ego
1406 1088 1601 1145 Petrus
1660 1091 2051 1162 interrogarem

492 1200 614 1239 eum
647 1204 660 1239 :
698 1204 716 1236 ι
751 1185 975 1250 Quoties
1017 1183 1263 1254 peccabit
1292 1185 1345 1236 in
1379 1199 1463 1238 me
1497 1181 1664 1238 frater
1688 1199 1862 1248 meus,
1885 1190 1939 1239 et
1969 1185 2052 1237 di-

494 1277 702 1330 mittam
733 1275 825 1329 ei?
866 1290 1037 1344 usque
1077 1273 1315 1344 septies?
1341 1292 1359 1323 ι
1407 1282 1462 1327 et.
1499 1274 1777 1343 respondit
1808 1290 1822 1325 :
1877 1293 1897 1326 ι
1933 1273 2052 1329 Νοη

491 1366 618 1421 dico
640 1367 756 1431 tibi,
791 1382 963 1437 usque
992 1367 1212 1435 septies,
1243 1365 1338 1420 sed
1366 1381 1538 1435 usque
1567 1368 1936 1438 septuagesies
1966 1384 2054 1423 se-

492 1460 630 1529 pties
646 1458 713 1515 3°.
728 1477 744 1510 ι
775 1457 865 1512 Sic
881 1458 1023 1513 enim
1042 1458 1148 1512 vult
1166 1456 1424 1513 Dominus
1454 1473 1577 1513 vere
1602 1475 1721 1514 esse
1743 1475 1868 1514 suos
1887 1458 2053 1514 disci-

492 1554 668 1623 pulos,
697 1552 935 1621 nihilque
957 1550 1078 1605 illos
1102 1558 1291 1605 contra
1318 1549 1548 1620 aliquem
1576 1549 2049 1620 babereunquam,

491 1645 722 1715 exempli
773 1643 986 1715 gratia,
1026 1642 1164 1696 iram
1207 1642 1637 1707 immoderatam,
1673 1650 1765 1696 aut
1813 1641 2055 1697 furorem

491 1734 801 1802 immanem,
821 1743 914 1789 aut
936 1734 1284 1804 cupiditatem
1307 1733 1567 1803 iniquam,
1592 1740 1685 1787 aut
1704 1733 1887 1789 odium
1917 1733 2051 1789 irre-

2151 542 2244 594 καὶ
2283 540 2424 594 οὕτω
2472 540 2939 611 σωφρονιζόμενοι,
2984 541 3423 611 ὲπικουφίσουσιν
3468 542 3596 613 ὑμῖν
3647 545 3714 599 τὰ

2151 634 2428 704 κριτήρια.
2461 631 2581 703 Χρὴ
2612 632 2669 684 δὲ
2696 634 2790 685 καὶ
2819 636 3119 706 συγχωρεῖν
3146 632 3214 686 τὰ
3234 635 3312 696 εἱς
3337 633 3596 702 ἀλλήλους
3614 635 3716 689 ἀδι-

2150 724 2391 794 κήματα·
2440 722 2500 775 οὑ
2548 724 2674 785 τοὺς
2721 723 3023 794 κρίνοντας,
3065 723 3199 777 ἀλλά
3224 724 3351 787 τοὺς
3392 723 3611 795 ἔχοντας
3639 727 3717 789 είς

2150 815 2393 879 ἑαυτούς’
2442 813 2625 885 καθὼς
2666 814 2694 867 6
2736 815 2940 887 Κύριος
2966 816 3299 887 ἀπεφήνατο,
3328 816 3463 887 ἐμοῦ
3509 818 3713 889 Πέτρου

2149 908 2523 980 ἐρωτήσαντος
2565 905 2744 961 αὐτόν’
2798 908 3064 972 «Ποσάκις
3109 909 3413 980 ἁμαρτήσει
3456 911 3535 972 είς
3562 911 3661 981 ἐμὲ
3687 911 3716 963 6

2149 998 2372 1068 ἀδελφός
2402 1016 2524 1070 μου,
2555 1000 2649 1053 καὶ
2674 1000 2868 1071 ἀφήσω
2898 1000 3193 1072 αὺτῷ;ἓως
3222 1001 3500 1067 ὲπτάκις;»
3524 1002 3618 1055 καὶ
3643 1004 3719 1055 εί-

2149 1090 2360 1154 πόντος·
2416 1108 2435 1141 ι
2472 1091 2545 1145 Ού
2575 1091 2717 1161 λέγω
2746 1109 2848 1156 σοι,
2876 1091 2981 1155 ἕως
3010 1091 3255 1155 ἑπτάκις,
3285 1092 3395 1145 ἀλλ’
3426 1093 3530 1155 ἕως
3572 1093 3719 1147 ἑϐδο-

2154 1180 2487 1251 μηκοντάκις
2536 1183 2694 1237 ἑπτά.
2726 1202 2745 1234 ι
2780 1181 2965 1246 Οὕτως
2990 1183 3098 1256 γὰρ
3127 1183 3267 1237 θέλει
3295 1185 3323 1236 6
3354 1185 3556 1257 Κύριος
3589 1187 3720 1259 ἀλη-

2152 1270 2260 1335 θῶς
2289 1266 2427 1326 εῖναι
2461 1272 2625 1327 αὑτοῦ
2660 1274 2926 1346 μαθητάς,
2958 1277 3053 1329 καὶ
3085 1276 3247 1348 μηδὲν
3276 1276 3416 1348 ἔχειν
3443 1277 3583 1331 κατά
3616 1295 3720 1349 μη·-

2149 1364 2295 1428 δενὸς
2325 1364 2542 1420 πώποτε
2568 1406 2583 1432 ,
2628 1361 2737 1420 οἷον
2771 1366 2940 1439 ὀργὴν
2967 1370 3222 1442 ἄμετρον,
3252 1370 3285 1442 ἢ
3316 1370 3481 1441 θυμὸν
3525 1371 3720 1443 ἀνήμε-

2152 1472 2264 1527 ρον,
2295 1456 2328 1527 ἦ
2360 1457 2653 1529 ἐπιθυμίαν
2680 1458 2883 1523 ἄδικον,
2913 1459 2945 1531 ἢ
2980 1464 3134 1532 μῖσος
3159 1461 3440 1516 ἄσπονδον.
3471 1462 3606 1526 Τοὺς
3624 1458 3718 1516 οὖν

2150 1546 2534 1619 ὀργιζομένους
2586 1550 2947 1622 συμϐιϐάζετε
2992 1554 3071 1616 εἰς
3115 1552 3313 1622 φιλίαν,
3342 1555 3469 1617 τοὺς
3504 1552 3725 1626 ἔχθραι--⁷

2150 1654 2341 1704 νοντας
2367 1643 2446 1704 εἰς
2469 1641 2737 1713 ὁμόνοιαν’
2782 1644 2864 1696 ὅτι
2893 1643 3039 1713 λέγει
3066 1644 3269 1716 Κύριος
3289 1661 3303 1674 ο
3342 1645 3642 1718 «Μακάριοι
3669 1646 3718 1698 ot

2152 1734 2498 1805 είρηνοποιοὶ,
2532 1734 2612 1788 ὅτι
2638 1737 2791 1789 αὐτοὶ
2819 1736 2923 1790 υἱοὶ
2953 1735 3085 1790 Θεοῦ
3114 1736 3490 1809 κληθήσονται.
3522 1757 3541 1790 ι

488 1828 845 1884 conciliabile.
879 1827 985 1883 Eos
1016 1827 1197 1895 itaque
1225 1826 1316 1896 qui
1346 1817 1740 1895 irajactantur,
1763 1826 1829 1879 ad
1891 1823 2216 1890 amicitiam;
2240 1826 2333 1895 qui
2383 1826 2510 1880 odio
2532 1836 2877 1897 asperantur,
2930 1829 2999 1884 ad
3051 1830 3400 1885 concordiam
3426 1830 3713 1895 adducite;

489 1922 614 1993 quia
646 1920 905 1975 Dominus
927 1919 1005 1975 ait
1031 1935 1045 1972 :
1078 1937 1099 1972 ι
1124 1919 1274 1975 Beati
1300 1918 1533 1989 pacifici,
1564 1917 1821 1988 quoniam
1855 1916 1959 1987 ipsi
1986 1915 2079 1970 lilii
2101 1913 2195 1971 Dei
2221 1918 2563 1973 vocabuntur
2592 1918 2660 1972 '“.
2699 1937 2719 1971 ι

1032 2034 1262 2090 CAPUT
1302 2032 1506 2090 XLVII.

492 2127 644 2195 Quod
674 2136 909 2197 oporteat
955 2129 1012 2182 in
1044 2127 1272 2183 secunda
1301 2126 1655 2183 Sabbatorum
1682 2125 1855 2195 forum
1881 2141 2049 2195 agere.

560 2218 719 2273 Fiant
742 2220 949 2289 judicia
971 2226 1153 2275 vestra
1194 2218 1432 2274 secunda
1472 2228 1594 2288 post
1616 2215 1910 2271 Sabbatum
1934 2216 2049 2283 die;

489 2318 550 2366 ut
580 2311 627 2367 si
660 2320 856 2367 vestra:
884 2312 1166 2367 sententiae
1195 2310 1625 2374 contradicatur,
1656 2314 1914 2364 vacantes
1953 2324 2052 2363 us-

486 2420 596 2474 que
624 2404 695 2459 ad
728 2402 1049 2470 Sabbatum,
1078 2402 1303 2473 possitis
1332 2401 1821 2458 contradictionem
1850 2416 2053 2471 expen-

489 2498 640 2562 dere,
672 2506 727 2553 et
754 2499 897 2553 inter
926 2512 986 2554 se
1010 2496 1416 2560 dissentientes,
1451 2496 1508 2550 in
1537 2494 1681 2550 diem
1710 2493 2049 2548 Dominicum

488 2592 801 2663 paciﬁcare.
844 2589 1122 2647 Assistant
1169 2597 1350 2645 autem
1407 2587 1667 2643 tribunali
1724 2585 1942 2641 diaconi
1996 2597 2051 2642 et

488 2684 825 2755 presbyteri,
869 2698 997 2739 cum
1028 2681 1242 2752 justitia
1275 2695 1340 2735 ac
1368 2680 1509 2736 citra
1544 2693 1904 2750 personarum
1952 2692 2047 2733 ac-

487 2776 791 2858 ceptionem
817 2774 1152 2846 iudicantes,
1185 2782 1445 2846 tanquam
1471 2773 1719 2829 homines
1750 2772 1868 2831 Dei.
1910 2772 2049 2829 Cum

489 2868 660 2938 igitur
688 2877 918 2939 utraque
941 2882 1195 2939 persona,
1227 2868 1371 2923 sicut
1411 2874 1466 2922 et
1506 2865 1639 2920 dicit
1679 2865 1768 2920 lex
1783 2864 1849 2930 ⁸⁸,
1887 2862 2067 2947 εὰνεέι

487 2960 652 3025 nerit,
698 2961 919 3016 stabunt
958 2967 1141 3031 partes
1195 2959 1433 3014 adversae
1476 2958 1534 3012 in
1567 2958 1746 3013 medio
1775 2957 1893 3012 foro
1936 2976 1949 3011 :
1996 2966 2052 3012 et

488 3052 692 3108 auditis
723 3054 826 3118 iis,
858 3060 1049 3108 sancte
1095 3052 1231 3107 ferte
1272 3051 1556 3120 suﬂ‘ragia,
1601 3056 1864 3105 conantes
1910 3049 2053 3104 inter

488 3144 679 3199 ambos
710 3144 1007 3199 conciliare
1045 3142 1361 3207 amicitiam,
1407 3149 1533 3198 ante
1572 3141 1818 3215 episcopi
1859 3141 2051 3199 decre-

488 3243 628 3303 tum,
675 3252 745 3292 ne
781 3236 839 3290 in
882 3235 1159 3305 publicum
1208 3234 1435 3305 prodeat
1474 3236 1744 3293 sententia
1792 3238 2054 3293 adversus

487 3344 613 3384 eum
642 3329 736 3399 qui
770 3328 1027 3399 deliquit;
1077 3327 1206 3398 quia
1237 3328 1529 3398 episcopus
1569 3329 1629 3383 in
1656 3329 1914 3386 tribunali
1949 3347 2050 3401 ap-

2650 2035 3045 2091 ΚΕΦΑΛΑῘΟΝ
3080 2037 3212 2090 MZ'.

2156 2123 2281 2179 Ὀτι
2292 2124 2405 2195 χρὴ
2426 2125 2749 2195 ἐνδευτέρᾳ
2775 2126 3086 2182 Σαϐϐάτων
3106 2124 3404 2183 ποιεῖσθαι.
3415 2126 3719 2194 τὰςδίκας.

2221 2217 2303 2271 Τά
2345 2218 2670 2290 δικαστήρια
2730 2218 2884 2289 ἡμῶν
2939 2217 3172 2288 γινέσθω
3224 2218 3452 2291 δευτέρᾳ
3506 2219 3720 2274 Σαϐϐά-

2148 2325 2257 2362 των
2302 2308 2448 2381 (84),
2498 2310 2645 2373 ὅπως
2689 2308 2789 2387 ὲάν
2826 2310 3103 2379 ἀντιλογία
3144 2313 3212 2382 τῇ
3252 2310 3520 2379 ἀποφάσει
3567 2312 3721 2383 ὑμῶν

2149 2402 2408 2472 γένηται,
2437 2401 2544 2465 ἕως
2569 2399 2846 2455 Σαϐϐάτου
2876 2402 3089 2473 ἔχοντες
3114 2402 3313 2467 ἄδειαν,
3343 2403 3602 2476 δυνηθῆτε
3632 2406 3722 2457 εὐ-

2151 2491 2305 2546 θῦναι
2333 2493 2432 2565 τὴν
2459 2492 2785 2563 ἀντιλογίαν,
2818 2496 2913 2549 καὶ
2940 2495 3246 2568 είρηνεῦσαι
3279 2497 3358 2559 είς
3385 2496 3483 2569 τὴν
3514 2498 3723 2568 Κυρια-

2149 2584 2252 2657 κὴν
2292 2587 2416 2648 τοὺς
2457 2585 2878 2657 διαφερομένους
2923 2587 3060 2658 πρὸς
3102 2587 3378 2659 ἀλλήλους.
3426 2588 3721 2661 Συμπαρέ-

2149 2693 2359 2730 στωσαν
2385 2676 2441 2730 δὲ
2467 2677 2544 2749 τῷ
2570 2677 2902 2750 δικαστηρίῳ
2921 2680 3014 2733 καὶ
3031 2681 3079 2732 οἱ
3108 2680 3339 2734 διάκονοι
3360 2681 3453 2735 καὶ
3480 2682 3527 2733 οἱ
3548 2698 3719 2752 πρεσ-

2147 2767 2363 2841 ϐύτεροι
2407 2768 2539 2842 (85),
2571 2770 3082 2843 ἀπροσωπολήπτως
3127 2772 3419 2849 κρίνοντες,
3466 2772 3542 2834 ὡς
3582 2772 3717 2825 Θεοῦ

2147 2860 2443 2933 ἄνθρωποι,
2504 2861 2640 2933 μετὰ
2692 2862 3052 2935 δικαιοσύνης.
3109 2864 3571 2936 Παραγενομένων
3623 2860 3720 2919 οὖν

2148 2952 2419 3024 ἑκατέρων
2446 2953 2554 3007 τῶν
2584 2952 2910 3026 προσώπων,
2953 2954 3135 3019 καθὼς
3174 2956 3266 3009 καὶ
3294 2958 3322 3009 ό
3348 2955 3510 3027 νόμος
3548 2956 3718 3024 λέγει,

2151 3046 2437 3116 στήσονται
2468 3045 2717 3117 ἑκάτεροι
2744 3046 2801 3099 ὲν
2837 3046 2986 3117 μέσῳ
3013 3046 3090 3118 τῷ
3132 3047 3419 3119 κριτηρίῳ,
3462 3041 3543 3111 οἷς
3571 3049 3719 3101 ἐστιν

2151 3138 2185 3210 ή
2205 3137 2500 3209 ἀντιλογία·
2538 3139 2632 3195 καὶ
2651 3138 2784 3195 ἀκού
2792 3155 2976 3205 σαντες
2994 3139 3191 3207 αὐτῶν,
3212 3140 3373 3207 ὁσίως
3390 3139 3720 3213 ἀνενέγκατε

2151 3231 2251 3295 τὰς
2275 3232 2505 3304 ψήφους,
2538 3232 2923 3297 σπουδάζοντες
2948 3233 3143 3297 αὐτοὺς
3168 3234 3354 3302 φίλους
3379 3235 3719 3305 ἀμφοτέρους

2154 3325 2396 3395 ποιῆσαι,
2426 3326 2555 3396 πρὶν
2582 3325 2907 3395 ἀποφάσεως
2944 3326 3042 3398 τῆς
3080 3325 3173 3379 τοῦ
3219 3327 3535 3391 ἐπισκόπου,
3567 3328 3718 3392 ὅπως

489 3420 835 3491 probatorem
862 3427 917 3477 et
940 3422 1218 3477 conscium
1238 3421 1427 3492 judicii
1450 3422 1610 3476 habet
1628 3421 1903 3478 Christum

2154 3415 2227 3487 μὴ
2256 3414 2457 3481 ἐξέλθοι
2487 3416 2581 3470 ἐπὶ
2606 3416 2709 3487 γῆς
2748 3417 2926 3488 κρίσις
2965 3415 3107 3470 κατὰ
3144 3416 3237 3470 τοῦ
3283 3418 3713 3490 ἁμαρτήσαντος

491 3510 550 3565 Si
581 3512 675 3581 qui
709 3527 838 3568 vero
888 3512 956 3567 de
1011 3511 1236 3567 infamia
1276 3528 1389 3568 non
1436 3520 1585 3568 recte
1628 3513 1939 3570 ambulandi
1992 3515 2050 3569 in

492 3602 723 3658 Domino
753 3618 785 3657 a
813 3603 1068 3674 quopiam
1101 3614 1430 3675 arguantur;
1461 3604 1710 3661 eumdem
1747 3605 1802 3660 in
1830 3606 2050 3661 modum

492 3705 781 3768 aramque
801 3712 1110 3767 personam,
1135 3706 1190 3753 et
1212 3697 1550 3753 accusatoris
1579 3706 1632 3752 et
1657 3698 1922 3764 accusati,
1953 3713 2050 3752 au-

487 3789 632 3855 dite;
690 3796 745 3844 et
799 3804 910 3844 non
953 3771 1020 3845 ex
1062 3799 1391 3860 praesumpta
1436 3789 1713 3858 opinione,
1760 3804 1936 3859 neque
1983 3805 2051 3845 ex

492 3880 677 3937 studio
720 3881 884 3937 unius
934 3883 1124 3953 partis,
1174 3882 1269 3939 sed
1311 3897 1375 3937 ex
1414 3883 1649 3953 justitia,
1693 3890 1953 3953 tanquam
1984 3883 2052 3939 de

488 3979 695 4028 aeterna
726 3974 833 4028 vita
862 3982 957 4028 aut
986 3981 1181 4040 morte,
1212 3974 1378 4029 dicite
1410 3976 1755 4031 sententiam.
1800 3993 1819 4028 ι
1847 3974 1998 4030 Juste
2025 3993 2045 4028 ι

489 4065 637 4120 enim
662 4105 680 4132 ,
740 4066 918 4137 inquit
964 4064 1109 4122 Deus
1137 4106 1154 4132 ,
1212 4087 1230 4120 ι
1261 4067 1605 4143 persequeris
1648 4067 1795 4139 quod
1840 4068 2051 4138 justum

489 4167 574 4216 est
607 4160 704 4215 ⁸³.»
741 4159 875 4215 Nam
905 4160 1000 4232 qui
1021 4161 1168 4230 juste
1213 4174 1245 4214 a
1285 4160 1442 4216 vobis
1469 4160 1694 4231 punitus
1722 4167 1807 4217 est
1844 4176 1908 4216 ac
1955 4176 2053 4216 ex-

490 4255 946 4319 communicatus,
978 4268 1009 4308 a
1034 4254 1363 4325 sempiterna
1383 4253 1492 4309 vita
1521 4260 1575 4308 et
1595 4254 1765 4325 gloria
1790 4254 2051 4324 rejiculus

490 4348 682 4412 evasit,
726 4356 838 4403 tum
885 4348 1025 4420 apud
1080 4355 1301 4403 sanctos
1336 4346 1585 4403 homines
1629 4347 2045 4419 ignominiosus,

490 4448 606 4496 tum
635 4442 905 4498 obnoxius
936 4442 1079 4513 apud
1101 4441 1290 4498 Deum.

1012 4621 1240 4678 CAPUT
1280 4621 1509 4682 XLVIII.

2151 3507 2337 3561 καθότι
2366 3509 2459 3564 καὶ
2488 3510 2546 3561 ὲν
2571 3507 2648 3579 τῷ
2673 3508 3002 3581 δικαστηρίῳ
3023 3508 3307 3581 σύμψηφον
3336 3510 3447 3581 ἔχει
3475 3512 3569 3565 καὶ
3599 3500 3718 3565 συν-

2153 3600 2340 3673 ίστορα
2364 3602 2463 3674 τῆς
2486 3601 2641 3673 δίκης
2668 3600 2758 3671 τρν
2787 3602 3018 3674 Χριστὸν
3047 3602 3139 3655 τοῦ
3167 3602 3320 3656 Θεοῦ.
3372 3604 3435 3656 El
3474 3603 3530 3656 δέ
3573 3620 3717 3667 τινες

2149 3694 2208 3747 ὲν
2238 3693 2601 3765 βλασφημίαις
2624 3692 2718 3767 τοῦ
2740 3693 2813 3765 μὴ
2841 3694 3020 3758 καλῶς
3044 3693 3245 3748 ὁδεύειν
3271 3696 3330 3749 ὲν
3357 3695 3547 3767 Κυρίῳ
3566 3696 3717 3765 ἐλέγ-

2151 3804 2328 3858 χοιντο
2352 3787 2455 3840 ὑπό
2482 3803 2645 3852 τινος,
2686 3786 2886 3857 ὁμοίως
2924 3786 3252 3851 ἀκούσαντες
3295 3786 3566 3859 ἑκατέρων
3608 3789 3715 3842 τῶν

2152 3878 2478 3951 προσώπων,
2500 3879 2592 3933 τοῦ
2612 3888 2673 3931 τε
2691 3878 3139 3951 κατηγοροῦντος,
3157 3879 3249 3933 καὶ
3262 3878 3355 3933 τοῦ
3376 3897 3715 3953 κατηγορου-

2154 3970 2338 4042 μένου,
2386 3969 2521 4024 me
2566 3970 2640 4042 μὴ
2685 3969 2969 4041 προλήψει,
3025 3970 3158 4042 μηδὲ
3203 3970 3533 4042 μονομερῶς,
3582 3971 3715 4027 ἀλλά

2153 4061 2290 4132 μετὰ
2317 4061 2676 4134 δικαιοσύνης,
2705 4061 2781 4125 ὡς
2807 4063 2946 4134 ὑπὲρ
2972 4061 3117 4134 ζωῆς
3155 4062 3371 4116 αἰωνίου
3404 4062 3436 4134 ἢ
3485 4062 3713 4118 θανάτου

2149 4153 2377 4218 διδόντες
2422 4154 2712 4223 ἀπόφασιν.
2765 4172 2784 4206 ι
2812 4154 3087 4217 Δικαίωςι
3111 4153 3238 4226 γὰρ,
3286 4154 3449 4226 φησὶν
3492 4157 3522 4209 6
3561 4156 3711 4221 Θεὸς,

2154 4265 2175 4299 ι
2211 4246 2388 4312 διώξει
2414 4247 2475 4301 τὸ
2501 4247 2758 4303 δίκαιον.)
2802 4248 2859 4301 Ὀ
2885 4246 2994 4320 γάρ
3018 4247 3241 4312 δικαίως
3266 4247 3598 4320 τιμωρηθεὶς
3624 4251 3711 4304 καὶ

2148 4340 2461 4412 ἀφορισθεὶς
2489 4340 2618 4414 παρ’
2648 4340 2822 4413 ὑμῶν,
2852 4340 3066 4395 αἰωνίου
3096 4340 3241 4413 ζωῆς
3282 4344 3374 4397 καὶ
3399 4341 3554 4415 δόξης
3578 4342 3712 4396 ἀπόέ

2148 4433 2346 4505 ὁλητος
2387 4433 2599 4503 γέγονε,
2641 4434 2733 4487 καὶ
2774 4434 2904 4505 παρ’
2944 4432 3249 4505 ἀνθρώποις
3295 4434 3462 4498 ὁσίοις
3501 4436 3711 4507 ἄτιμος,

2152 4530 2246 4583 καὶ
2272 4526 2421 4600 παρά
2448 4526 2565 4598 Θεῷ
2592 4525 2895 4589 κατάδικος.

2634 4616 3024 4671 ΚΕΦΑΛΔῙΟΝ
3059 4615 3199 4672 MH'.

490 4713 644 4781 Quod
673 4732 774 4769 non
807 4725 1045 4787 oporteat
1082 4717 1316 4772 eamdem
1350 4734 1553 4788 pwnam
1588 4720 1643 4773 in
1673 4719 1814 4773 omni
1854 4718 2043 4773 deh'cto

558 4785 816 4833 irromzre-
847 4785 936 4833 sed
957 4788 1179 4833 nariam-
1201 4804 1295 4833 nm
1326 4791 1578 4833 sim-inmte
1606 4789 1968 4833 delinmmntix-

2152 4718 2277 4772 ’Ὁτι
2300 4716 2386 4785 μὴ
2431 4712 2546 4784 χρὴ
2588 4712 2811 4778 ταύτην
2856 4708 2964 4782 (86)
3009 4708 3251 4833 ἐπάξειν
3293 4710 3573 4779 τιμωρίαν
3617 4711 3708 4766 ἐπι

2222 4787 2424 4833 πάσοηρ
2464 4780 2888 4833 πελπιιιιελείαοι
2929 4780 3090 4833 ἀλλὰ
3157 4778 3420 4833 ιάφοοον.
3461 4782 3608 4833 πού(-
3646 4782 3707 4833 τό

558 4785 816 4856 irrogare,
842 4785 936 4841 sed
957 4788 1180 4855 variam,
1201 4804 1295 4857 pro
1326 4785 1578 4846 varietate
1606 4789 1971 4861 delinquentis.

556 4942 734 5001 Nolite
753 4946 821 5002 de
835 4946 981 5001 omni
1012 4954 1236 5018 peccato
1261 4948 1508 5005 eamdem
1542 4949 1788 5020 proferre
1819 4958 2043 5006 senten-

2222 4778 2888 4863 πάξγήξῖταηιίμελείαςέ
2929 4780 3090 4834 ἀλλὰ
3119 4778 3441 4850 διάφορον,
3461 4782 3608 4849 πρὸς
3646 4782 3707 4835 τό

2221 4848 2504 4925 διάφορον
2531 4848 2639 4906 τὸὗ
2665 4848 3119 4920 ἁμαρτάνοντος.

2223 4949 2316 5019 Μὴ
2344 4947 2522 5018 πάσης
2542 4944 2604 5011 δὲ
2634 4942 2902 5015 ἁμαρτίας
2928 4941 3027 5014 τὴν
3058 4943 3226 5016 αὐτὴν
3246 4944 3483 4998 ποιεῖσθε
3504 4944 3715 5021 ἀπόφαέ

556 5058 607 5091 ⁸⁸
638 5059 829 5118 Matth.
852 5076 1010 5131 xvm,
1037 5060 1127 5116 21.
1201 5061 1244 5094 ⁸¹
1262 5059 1449 5118 Matth.
1484 5078 1541 5126 v,
1571 5061 1624 5118 9.
1702 5063 1750 5095 θ’
1773 5063 1930 5119 Deut.
1959 5079 2075 5129 nx,
2107 5063 2195 5120 l7.
2272 5062 2318 5095 ⁸⁸
2339 5061 2495 5117 Deut.
2524 5073 2640 5125 xvt,
2666 5057 2756 5113 20.

1765 5180 2128 5239 VARIORUM
2158 5179 2385 5237 NOTIE.

555 5296 667 5370 (84)
704 5296 955 5370 Δευτέρᾳ
980 5295 1339 5370 Σασβᾴῖωνο,
1361 5295 1478 5370 HO?
1502 5303 1622 5370 est.
1675 5296 1914 5370 secundo
1956 5297 2043 5370 die

475 5365 861 5430 hebdomadis,
891 5382 1013 5421 nam
1043 5366 1296 5421 Σάὸὗατα
1326 5366 1416 5421 hic
1442 5365 1810 5421 hebdomadem
1838 5367 2046 5436 signifi-

474 5445 593 5497 cat.
624 5453 732 5492 non
765 5438 1077 5491 Sabbatum.
1130 5436 1220 5490 Sic
1241 5438 1358 5492 dies
1390 5438 1554 5500 solis,
1596 5438 1711 5493 sive
1732 5436 2042 5492 Dominicus

486 5508 688 5588 dicitur
730 5507 1171 5588 pia_2a66a'ctov
1200 5507 1389 5588 Matth.
1440 5522 1631 5588 xxviii,
1671 5507 1731 5588 Α,
1771 5506 1837 5588 ad
1881 5522 2043 5588 quem

484 5576 662 5698 locum
692 5575 814 5633 vide
854 5578 1197 5647 interpretes,
1231 5584 1287 5632 et
1324 5578 1627 5648 prmsertim
1671 5575 1739 5632 II.
1771 5575 2039 5632 Grotium.

532 5660 651 5698 nea.

532 5660 651 5699 LER.

552 5713 666 5781 (85)
704 5714 1227 5784 Συμπαρέστωσαν
1245 5716 1331 5779 δέ,
1350 5734 1404 5771 κ.
1423 5734 1473 5769 τ.
1490 5716 1540 5771 λ,
1562 5717 1833 5773 Interdum
1847 5715 1939 5785 jus
1951 5716 2037 5770 di-

487 5793 683 5840 cebant
706 5786 945 5855 episcdpi
970 5786 1093 5851 soli;
1108 5786 1376 5841 interdum
1389 5788 1663 5845 advocatis
1686 5788 1741 5842 in
1752 5786 2037 5842 consilium

2148 5294 2363 5350 clericis
2391 5292 2526 5348 suis.
2565 5290 2870 5361 Aliquando
2901 5289 3202 5361 liberabant
3241 5305 3299 5344 se
3324 5302 3386 5343 ea
3405 5288 3702 5361 molestia;

2150 5364 2609 5448 inferioribusque
2642 5358 2925 5445 ordinibus
2964 5361 3136 5413 litium
3167 5358 3723 5448 diremptionem_re-_

2149 5434 2483 5504 linquebant.
2501 5428 2685 5504 Coacti
2710 5433 2867 5486 etiam
2894 5428 3519 5504 nomiunquatnfueruut
3541 5428 3702 5504 laicus

2149 5498 2260 5557 hac'
2280 5504 2331 5555 in
2356 5518 2412 5556 re
2429 5501 2640 5556 clericis
2662 5517 2990 5570 prteponere.
3013 5498 3180 5569 Cujus
3204 5498 3375 5570 ultimi
3398 5498 3699 5570 exemplum

2145 5573 2315 5627 habes
2345 5572 2483 5640 apud
2517 5565 2815 5640 Socratem.
2853 5569 2992 5623 Hist.
3024 5565 3173 5632 ecél.,
3208 5568 3303 5622 lib.
3331 5583 3430 5632 vn,
3463 5580 3583 5635 cap.
3610 5565 3696 5630 57,

2146 5643 2201 5698 in
2236 5639 2455 5695 Silvano
2485 5639 2661 5709 Troja:
2689 5641 2962 5709 episcopo.
2995 5640 3128 5694 Cor.

2214 5710 2326 5782 (86)
2372 5707 2615 5782 Ταύζηνζ
2648 5707 2788 5780 Lege
2822 5707 2890 5766 ex
2918 5710 3039 5766 cod.
3072 5707 3373 5765 Vindobou.
3412 5716 3464 5763 et
3494 5723 3551 5763 re
3584 5707 3693 5776 ipsa

2145 5779 2240 5854 τὴν
2269 5779 2453 5851 αὐτήν.
2484 5779 2649 5834 (Itan.
