2040 3130
177 184 232 213 709

633 176 936 213 CONSTITUTIONES
953 167 1290 214 APOSTOilCE.—LIB.
1305 184 1336 212 Il.

1738 187 1788 216 7|0

177 251 230 274 σιν,
253 241 310 267 ἀλλ’
334 241 451 276 ἑκάστης
475 241 552 268 ἰδίαν·
588 241 656 276 μετὰ
687 242 785 277 πολλῆς
808 243 957 278 φρονήσεως

1013 245 1096 276 tiam,
1123 244 1169 271 sed
1192 243 1226 271 de
1252 251 1415 278 unoquoque
1439 243 1576 278 propriam
1617 252 1678 272 cum
1703 248 1787 274 multa

176 288 314 323 κρίνοντες
323 287 425 313 ἕκαστα
434 287 487 312 τῶν
497 286 748 322 πλημμελημάτων,
763 287 797 313 τά
806 297 835 314 τε
846 288 958 324 σμικρὰ,

176 334 222 360 καὶ
246 332 280 359 τὰ
306 333 422 368 μεγάλα,
446 333 491 359 καὶ
513 332 598 364 ἄλλως
622 333 676 367 (87)
699 333 789 369 ἔργου,
815 334 861 360 καὶ
882 334 959 367 λόγου

176 379 254 405 πάλιν
278 379 389 414 ἑτέρως,
414 379 460 404 καὶ
481 378 633 413 προθέσεως
656 378 722 413 (88),
746 379 762 414 ἢ
785 379 959 415 λοιδορίας,ἢ

176 425 333 460 ὑπολήψεως
347 425 491 460 διαφόρως,
507 425 553 450 καὶ
567 425 630 456 τοὺς
646 425 694 459 μὲν
710 425 852 456 ὑποδοιλεῖς
868 427 960 460 μόναις

174 472 314 503 ἀπειλαῖς,
343 471 406 501 τοὺς
434 470 463 496 δὲ
493 471 615 505 πενήτων
638 471 790 506 χορηγίαις,
814 472 908 503 ἄλλους
931 471 959 498 δὲ

174 517 311 553 νηστείαις
327 515 477 547 στιϐώσεις,
493 517 540 542 καὶ
555 517 663 552 ἑτέρους
676 517 824 552 ἁφορίσεις,
848 518 915 553 πρὸς
930 519 960 544 τὸ

175 562 288 598 μέγεοος
302 562 348 588 τοῦ
362 562 529 597 ἐγκλήματος
545 563 642 589 αὐτῶν.
656 563 710 588 Καὶ
724 563 777 598 γὰρ
793 564 839 589 καὶ
852 564 866 589 ὁ
880 563 959 598 νόμος

173 610 203 636 οὑ
226 609 326 640 παντὸς
349 609 544 644 ἁμαρτήματος
564 610 613 644 τὴν
629 609 713 644 αὐτὴν
736 610 852 635 ἐποιεῖτο
875 618 960 644 τιμωσ

174 655 245 689 ρίαν,
261 654 328 681 ἀλλὰ
342 654 426 685 ἄλλως
443 654 491 689 μὲν
505 655 540 681 τὰ
554 656 592 686 είς
608 655 672 681 Θεὸν
688 655 734 681 καὶ
754 656 793 686 είς
816 655 891 691 ἱερέα
912 656 959 682 καὶ

173 703 213 732 εἰς
230 701 300 736 ἱερὸν
315 701 361 727 καὶ
384 702 423 732 είς
440 702 547 736 ἱερεῖον,
572 701 672 736 ἑτέρως
685 701 719 727 τὰ
734 703 773 733 είς
788 702 897 736 βασιλέα
912 702 959 728 καὶ

171 748 290 782 ἄρχοντα
311 748 357 773 καὶ
379 746 545 782 στρατιώτην
566 748 612 774 καὶ
635 748 770 783 ὑπήκοον,
786 749 924 783 ὁμότιμον,
941 749 957 784 ἢ

172 794 290 828 οίκέτην,
305 793 321 828 ἢ
337 794 375 824 είς
389 794 489 828 κτῆμα,
500 793 515 828 ἢ
528 794 566 824 είς
580 793 684 827 ἄλογον,
700 794 746 820 καὶ
761 794 840 819 πάλιν
855 794 958 829 παρηλ-

172 839 312 874 λαγμένως
332 838 366 864 τὰ
389 840 427 869 είς
447 840 534 872 γονεῖς
549 839 596 865 καὶ
611 841 760 873 συγγενεῖς,
776 839 862 870 ἄλλως
875 839 909 865 τὰ
929 840 958 871 ἐξ

171 886 275 919 ἐφόδου,
292 885 338 910 καὶ
350 884 385 910 τὰ
398 884 531 915 ἀκουσίως
546 885 655 920 ἑτέρως·
681 886 727 911 καὶ
741 886 796 916 τοῖς
812 885 860 919 μὲν
874 885 956 911 θάνα-

171 940 215 957 τον
229 931 245 966 ἢ
260 930 304 957 διὰ
316 930 468 966 σταυροῦ,ἥ
484 931 528 957 τὸν
544 930 587 956 διὰ
602 930 693 962 λίοων,
705 933 760 962 τοῖς
775 931 802 956 δὲ
811 931 922 966 ζημίαν,
937 931 953 965 ἢ
972 927 990 953 Β

174 977 316 1012 μάστιγας,
332 976 347 1011 ἢ
362 977 391 1002 τὸ
405 976 439 1002 τὰ
453 977 532 1011 ὃμοια
548 977 642 1003 παθεῖν
656 975 695 1008 οἷς
709 977 828 1012 ἔδρασεν.
852 977 955 1004 Οὐκοῦν

171 1023 218 1048 καὶ
246 1023 323 1057 ὑμεῖς
349 1022 402 1047 τῶν
428 1022 560 1057 διαφόρων
589 1023 791 1058 ἁμαρτημάτων
814 1023 955 1058 διαφόρους

172 1068 289 1095 ποιεῖσθε
303 1068 348 1094 καὶ
361 1068 408 1099 τὰς
424 1069 566 1103 τιμωρίας,
583 1069 625 1095 ἵνα
641 1069 677 1104 μή
691 1078 732 1101 τις
746 1070 834 1096 ἀδικία
851 1079 955 1105 παρεμ-

173 1114 291 1141 πεσοῦσα
306 1115 401 1151 κινήσῃ
416 1115 460 1141 τὸν
474 1115 539 1141 Θεὸν
554 1115 621 1151 πρὸς
635 1116 828 1150 ἀγανάκτησιν.
838 1114 891 1147 Ἦς
901 1116 954 1152 γὰρ

172 1161 205 1187 ἄν
219 1161 307 1187 ἀδίκου
324 1161 438 1196 κρίσεως
455 1163 560 1196 μεσῐται
583 1162 709 1196 γένησθε,
724 1162 825 1197 ταύτης
845 1163 889 1188 καὶ
910 1163 954 1189 τὸν

171 1207 223 1233 ἀπὸ
237 1208 301 1233 Θεοῦ
317 1207 430 1243 λήψεσθε
447 1208 550 1243 μισθόν·
579 1218 587 1234 ι
601 1206 636 1243 ⁷ῼ
647 1209 699 1244 γὰρ
712 1208 824 1243 κρίματι
839 1209 953 1244 κρίνετε,

171 1252 339 1288 κριθήσεσθε.
356 1263 365 1278 ι

420 1400 615 1428 ΚΕΦΑΛᾹΙΟΝ
634 1402 698 1429 ΜΘΩ

219 1456 355 1489 Ὀποίους
377 1457 452 1484 εἶναι
472 1459 529 1494 χρὴ
551 1459 620 1491 τοὺς
644 1460 835 1494 κατηγόρους,
858 1460 906 1487 καὶ

480 1493 643 1528 μάρτυρας.

204 1537 371 1570 Καθίσαντες
383 1536 430 1565 οὖν
444 1539 490 1566 ἐπὶ
503 1539 533 1566 τὸ
553 1541 704 1576 κριτήριον,
725 1541 866 1576 παρόντων
888 1541 954 1569 ἑκα-

1010 290 1153 324 prudentia
1178 289 1331 324 judicantes
1356 289 1461 323 singula
1486 290 1599 321 delicta,
1624 298 1685 318 cum
1705 299 1787 326 parva
1807 318 1809 320 .

1010 340 1066 362 tum
1091 343 1203 369 magna;
1235 339 1316 370 atque
1342 336 1420 362 aliter
1442 336 1594 363 sancientes
1618 337 1651 364 de
1675 343 1788 372 peccato

1010 382 1110 416 operis,
1129 382 1280 415 iterumque
1301 381 1379 408 aliter
1400 381 1433 408 de
1457 386 1568 416 peccato
1587 385 1730 415 sermonis.
1746 384 1788 410 di-

1010 436 1086 454 verse
1100 427 1181 454 etiam
1197 427 1229 454 de
1248 427 1354 454 delictis
1374 427 1514 461 propositi,
1533 432 1579 454 aut
1598 429 1724 460 convicii.
1741 434 1787 456 aut

1010 474 1185 508 suspicionis.
1207 473 1238 499 Et
1257 473 1366 508 quidem
1387 481 1417 500 ex
1441 474 1630 508 peccatoribus
1652 475 1702 501 hos
1721 476 1787 503 solis

1009 520 1090 546 minis
1114 519 1260 553 subjicies;
1282 519 1343 546 illos
1358 520 1537 554 eleemosynis
1550 528 1613 555 erga
1635 528 1786 556 pauperes;

1009 565 1077 591 alios
1092 572 1156 591 vero
1171 564 1284 598 jejuniis
1305 565 1478 599 comprimes,
1501 569 1528 592 et
1548 566 1615 592 alios
1636 574 1685 600 pro
1699 568 1786 601 gravi-

1009 615 1063 637 tate
1080 611 1201 637 criminis
1216 610 1258 638 sui
1275 618 1289 636 a
1307 610 1429 637 ﬁdelibus
1445 611 1595 645 separabis.
1611 611 1703 647 Neque
1716 614 1788 640 enim

1009 656 1049 683 lex
1066 656 1138 682 omni
1160 660 1272 690 peccato
1287 660 1408 683 eamdem
1423 656 1585 683 decernebat
1599 664 1722 691 poenam;
1740 660 1787 686 sed

1009 702 1088 728 aliam
1109 702 1216 736 quidem
1237 702 1391 729 commissis
1408 702 1434 728 in
1457 702 1551 732 Deum.
1574 708 1599 729 et
1615 703 1642 729 in
1661 705 1788 731 sacerdo-

1008 752 1073 779 tem,
1095 751 1121 774 et
1147 748 1174 774 in
1200 748 1380 782 templum,et
1402 749 1429 775 in
1453 749 1652 781 sanctuarium;
1676 750 1788 778 alteram

1008 801 1072 820 vero
1088 794 1236 828 designatis
1262 794 1391 821 adversus
1408 802 1508 828 regem,
1524 799 1550 821 et
1564 796 1714 830 principem
1726 815 1734 827 ,
1761 800 1788 824 et

1008 841 1132 872 militem,
1149 844 1176 868 et
1189 840 1353 874 subjectum.
1380 840 1509 868 adversus
1531 841 1672 875 aequalem,
1690 842 1732 868 vel
1748 841 1788 868 l‘a-

1009 887 1127 919 mulum,
1158 887 1215 913 sive
1242 890 1337 913 contra
1360 886 1581 921 possessionem,
1609 890 1656 912 aut
1685 895 1786 921 pecus;

1006 932 1157 966 iterumque
1167 932 1300 959 diversam
1313 932 1419 960 delictis
1430 933 1456 959 in
1470 936 1594 967 parentes
1605 936 1631 959 et
1641 938 1786 968 cognatos;

1006 978 1125 1012 peccatis
1139 985 1170 1004 ex
1187 978 1318 1005 industria
1335 979 1427 1010 aliam,
1450 982 1476 1005 et
1492 978 1572 1004 aliam
1590 986 1644 1004 non
1661 979 1788 1005 volunta-

1005 1024 1054 1050 riis
1073 1033 1077 1050 :
1094 1028 1173 1058 atque
1195 1024 1300 1059 aliquos
1316 1024 1423 1058 quidem
1439 1032 1501 1051 reos
1515 1025 1666 1051 alliciebant
1681 1031 1767 1052 morte
1778 1045 1787 1057 ,

1006 1078 1053 1097 seu
1078 1071 1178 1103 crucis,
1201 1079 1249 1098 seu
1275 1071 1457 1106 lapidationis,
1483 1075 1594 1098 cmtcros
1611 1071 1722 1102 mulcta,
1739 1075 1786 1098 aut

1005 1118 1174 1148 verberibus.
1191 1121 1237 1144 aut
1260 1118 1369 1145 talionis
1393 1118 1535 1152 supplicio.
1556 1117 1640 1153 Igitur
1653 1126 1702 1145 vos
1719 1126 1788 1152 quo-

1005 1171 1056 1198 que
1071 1164 1186 1191 diversis
1204 1165 1322 1198 peccatis
1337 1164 1460 1191 diversas
1474 1171 1569 1198 pmnas
1585 1164 1715 1199 imponite
1725 1185 1732 1196 ,
1754 1173 1789 1192 ne

1004 1218 1057 1244 qua
1073 1210 1171 1244 injuria
1184 1209 1307 1236 incidens
1323 1213 1451 1244 provocet
1462 1209 1545 1237 Deum
1562 1210 1595 1236 ad
1607 1210 1785 1238 iracundiam.
1819 1232 1823 1234 .

1004 1255 1089 1290 Cujus
1109 1256 1209 1283 etenim
1231 1256 1317 1290 iniqui
1339 1256 1433 1290 judicii
1457 1256 1533 1282 eritis
1549 1256 1654 1288 arbitri,
1678 1256 1737 1290 ejus
1761 1259 1788 1282 et

1004 1301 1154 1328 mercedem
1181 1302 1320 1336 accipietis
1343 1309 1357 1328 a
1377 1301 1432 1328 Deo
1453 1311 1460 1328 :
1487 1310 1495 1326 ι
1511 1301 1570 1334 Quo
1592 1302 1664 1328 enim
1685 1301 1788 1336 judicio

1002 1347 1199 1381 judicaveritis,
1213 1348 1444 1382 judicabimini“.
1461 1357 1469 1372 I

1282 1403 1396 1430 CAPUT
1414 1403 1507 1430 XLIX.

1099 1460 1195 1493 Quales
1215 1469 1270 1488 esse
1285 1461 1355 1487 decet
1372 1466 1548 1493 accusatores,
1567 1465 1591 1487 et
1607 1465 1692 1487 testes.

1041 1538 1171 1566 Scdentes
1187 1539 1271 1574 igitur
1288 1539 1315 1565 in
1331 1539 1472 1570 tribunali,
1497 1538 1678 1573 praesentibus
1701 1537 1787 1565 utris-

170 1583 255 1619 τέρων
281 1583 334 1610 τῶν
362 1583 526 1620 προσώπων,
549 1586 580 1612 οὐ
608 1586 662 1622 γὰρ
686 1587 801 1623 ἐροῦμεν
822 1587 952 1622 ἀδελφῶν,

1006 1592 1057 1619 que
1077 1585 1200 1619 personis
1218 1585 1292 1620 (non
1307 1585 1379 1612 enim
1394 1591 1442 1611 eos
1458 1584 1653 1619 appellabimus
1676 1583 1785 1617 fratres,

168 1628 268 1664 μέχρις
281 1625 312 1656 οὗ
328 1630 441 1662 ἑαυτοὺς
454 1631 483 1657 ὲν
502 1632 595 1667 είρήνῃ
618 1631 806 1665 ἀπολάϐωσιν,
827 1633 954 1669 ὲρευνᾱτε

170 1674 289 1710 ἀκριϐῶς
303 1676 367 1711 περὶ
378 1675 432 1702 τῶν
446 1676 622 1712 ἐνεχομένων·
648 1678 694 1704 καὶ
708 1678 816 1714 πρῶτον
830 1679 895 1715 περὶ
906 1679 953 1706 τοῦ

170 1720 391 1756 κατηγοροῦντος,
406 1722 431 1748 εἰ
445 1722 552 1758 πρώτου
570 1722 625 1758 (89)
641 1723 735 1750 τούτου
750 1726 913 1760 κατηγορεῖ,
936 1725 953 1761 ἢ

170 1767 215 1793 καὶ
229 1767 334 1802 ἑτέροις
346 1768 416 1794 τισὶν
431 1768 589 1804 ἐγκλήματα
606 1769 779 1805 κατενήνοχε,
801 1770 849 1796 καὶ
869 1771 893 1797 εί
917 1770 953 1807 μὴ

170 1812 202 1839 ὲκ
223 1812 352 1848 μέμψεως
371 1813 461 1840 αὐτῶν
481 1815 498 1850 ἡ
523 1813 670 1849 φιλονεικία
679 1814 703 1831 ⁸⁵
726 1815 816 1842 καὶτὸ
831 1815 955 1851 ἔγκλημα

170 1857 322 1891 ὑπόκειται,
337 1859 384 1886 καὶ
398 1859 477 1886 ὁποία
490 1868 532 1892 τις
551 1861 567 1895 ἡ
588 1860 743 1897 ἀναστροφὴ
764 1861 845 1888 αὑτοῦ
868 1861 955 1898 ὑπάρ-

156 1912 220 1940 ⁴χει·
237 1905 286 1932 καὶ
297 1905 418 1937 τοιοῦτος
430 1905 458 1932 δὲ
474 1905 511 1933 ὢν
525 1906 720 1942 εὑσυνείδητος,
736 1906 773 1943 μὴ
787 1907 955 1935 πιστευέσθω

171 1950 259 1984 μόνος·
285 1951 441 1987 παράνομον
463 1951 517 1988 γὰρ
531 1952 562 1979 τδ
574 1952 703 1980 τοιοῦτον·
724 1953 781 1980 ἀλλ’
802 1954 887 1989 ἐχέτω
908 1954 955 1981 καὶ

170 1997 279 2033 ἑτέρους
294 1997 444 2033 μάρτυρας,
459 1998 567 2033 ὁμοίους
580 1999 653 2034 αὐτῷ
666 1999 712 2025 τὸν
724 1999 833 2035 τρόπον·
864 2000 955 2032 καθὼς

170 2044 184 2069 ὁ
196 2043 277 2079 νόμος
290 2043 363 2078 λέγει
376 2051 384 2059 ·
401 2053 411 2069 ε
431 2044 492 2071 Ἐπὶ
507 2044 639 2080 στόματος
651 2044 697 2072 δύο
717 2046 764 2072 καὶ
784 2046 867 2082 τριῶν
883 2055 954 2083 μαρ-

170 2088 258 2125 τύρων
273 2089 435 2125 σταθήσεται
449 2091 503 2117 πᾶν
519 2091 603 2126 ῥῆμα.
616 2100 626 2117 )
641 2091 717 2118 Διατί
730 2091 759 2118 δὲ
773 2093 894 2128 εἴπομεν,
908 2092 954 2120 τδν

170 2135 269 2171 τρόπον
292 2135 381 2162 αὐτῶν
403 2135 600 2172 ὲπιζητεῖσθαι,
623 2137 712 2169 ὁποῖος
733 2137 787 2174 (90)
808 2138 953 2174 τυγχάνεις

169 2176 262 2217 ἐπειδὴ
284 2181 413 2214 πολλάκις
434 2183 561 2218 ὲγχωρεξ,
587 2183 634 2210 καὶ
660 2184 723 2215 τοὺς
747 2184 793 2211 δύο
819 2185 866 2211 καὶ
891 2185 955 2217 τοὺς

170 2227 295 2260 πλείονας
308 2229 354 2255 ἐπὶ
367 2229 444 2264 κακῷ
459 2230 631 2265 μαρτυρῆσαι
640 2249 648 2262 ,
661 2230 709 2257 καὶ
723 2230 875 2266 συμφώνως
888 2240 955 2267 προ-

1002 1630 1089 1658 donec
1102 1638 1163 1657 cum
1177 1637 1244 1665 pace
1265 1638 1295 1658 se
1314 1630 1341 1656 in
1355 1630 1570 1658 benevolentiam
1588 1629 1782 1665 susceperint),

1003 1676 1137 1711 exquirite
1152 1676 1295 1711 diligenter
1318 1675 1352 1703 de
1368 1675 1582 1709 altercantibus;
1603 1682 1634 1702 ac
1649 1676 1737 1710 primo
1752 1675 1787 1702 de

1004 1725 1172 1755 accusatore,
1186 1729 1220 1748 an
1234 1722 1307 1749 hunc
1318 1722 1435 1757 primum
1451 1725 1572 1753 accuset,
1586 1721 1628 1748 vel
1643 1721 1705 1749 aliis
1718 1728 1787 1755 quo-

1003 1775 1056 1802 que
1071 1768 1185 1794 crimina
1200 1767 1351 1803 impegerit,
1370 1772 1396 1795 et
1412 1774 1503 1794 annon
1517 1775 1551 1794 ex
1566 1767 1676 1801 querela
1691 1774 1786 1793 eorum

1004 1820 1036 1840 ac
1056 1813 1229 1841 contentione
1254 1813 1357 1841 crimen
1381 1814 1550 1848 suppositum
1572 1813 1618 1846 sit,
1642 1816 1669 1840 et
1692 1813 1787 1847 quales

1004 1859 1059 1887 sint
1075 1867 1165 1887 mores
1185 1860 1340 1888 accusantis
1357 1869 1364 1887 :
1384 1860 1428 1887 cui
1446 1860 1509 1887 licet
1526 1860 1596 1886 bona
1619 1858 1786 1886 conscientia

1004 1906 1085 1938 freto.
1101 1906 1151 1935 soli
1171 1912 1260 1934 tamen
1276 1907 1342 1934 ﬁdes
1362 1914 1417 1934 non
1431 1906 1568 1933 habeatur
1578 1906 1618 1939 ⁸⁶;
1643 1905 1670 1932 id
1687 1905 1787 1940 quippe

1004 1953 1127 1989 iniquum
1160 1958 1217 1986 est;
1238 1953 1285 1981 sed
1303 1953 1402 1980 habeat
1415 1956 1442 1980 et
1458 1952 1527 1979 alios
1542 1956 1639 1985 testes,
1654 1952 1678 1979 ei
1693 1951 1787 1986 probi-

1003 2004 1058 2027 tate
1074 2007 1179 2028 morum
1191 1999 1364 2032 consimiles;
1384 1998 1614 2033 quemadmodum
1638 1998 1680 2025 lex
1702 1998 1785 2027 dicit:

1006 2055 1016 2072 ι
1031 2045 1060 2073 ln
1074 2054 1122 2073 ore
1133 2045 1250 2073 duorum
1270 2049 1297 2073 et
1309 2045 1392 2071 trium
1406 2044 1517 2072 testium
1530 2044 1613 2071 stabit
1628 2051 1708 2071 omne
1722 2051 1786 2071 ver-

1003 2091 1106 2119 bum".
1120 2101 1128 2117 ι
1137 2091 1227 2124 Quare
1239 2094 1328 2117 autem
1335 2090 1464 2122 diximus,
1476 2089 1575 2124 inquiri
1585 2090 1710 2124 oportere
1723 2098 1785 2125 quae

1004 2138 1039 2165 sit
1055 2137 1165 2165 testium
1178 2137 1251 2164 vita?
1266 2137 1341 2172 quia,
1356 2136 1472 2167 scilicet,
1486 2143 1671 2170 smpenumern
1684 2136 1784 2169 evenit.

1004 2186 1034 2210 ut
1048 2183 1103 2210 duo
1116 2183 1158 2211 vel
1172 2183 1264 2218 plures
1278 2182 1463 2210 testimonium
1484 2181 1578 2209 dicant
1599 2181 1626 2209 in
1646 2182 1737 2214 malo,
1758 2186 1787 2209 et

1003 2236 1058 2256 una
1070 2236 1136 2256 voce
1151 2228 1293 2256 mendacio
1315 2227 1514 2263 suﬂragentur;
1534 2231 1564 2254 ut
1579 2226 1715 2263 Babylone
1731 2227 1786 2255 duo

171 2275 264 2311 στῆναι
277 2274 324 2301 τοῦ
338 2274 459 2309 ψεύδους
484 2275 526 2307 ὡς
535 2276 601 2307 τοὺς
614 2275 660 2301 δύο
673 2275 873 2312 πρεσϐυτέρους
885 2277 956 2304 κατὰ

1006 2283 1085 2303 senes
1099 2276 1194 2303 eontra
1210 2275 1363 2303 Susannam
1372 2275 1406 2307 ⁸⁸,
1428 2278 1455 2302 et
1473 2274 1501 2301 in
1524 2273 1648 2301 Samaria
1668 2274 1715 2301 ﬁlii
1731 2274 1785 2302 ini-

171 2321 314 2357 Σωσάννης
327 2321 356 2348 ὲν
368 2319 518 2353 Βαϐυλῶνι,
533 2321 580 2347 καὶ
593 2321 656 2353 τοὺς
671 2321 747 2353 υἱοὺς
765 2321 818 2348 τῶν
833 2323 952 2358 παρανό-

1006 2321 1117 2357 quitatis
1126 2325 1222 2349 contra
1233 2321 1412 2349 Nabuthteum
1420 2321 1453 2354 ",
1465 2324 1492 2348 et
1502 2320 1696 2356 Hierosolymis
1706 2319 1787 2348 turba

173 2375 229 2402 μων
244 2367 375 2394 κατὰτοῦ
388 2367 526 2394 Ναϐουθαὶ
540 2367 568 2394 ὲν
583 2367 734 2403 Σαμαρείᾳ,
750 2368 797 2395 καὶ
809 2368 840 2395 τὺ
853 2368 953 2405 πλῆθος

1006 2368 1157 2396 Iudaeorum
1175 2368 1306 2396 adversus
1328 2368 1472 2395 Dominum
1481 2367 1516 2400 ’⁸,
1534 2367 1650 2402 ejusque
1669 2367 1786 2401 primum

170 2414 223 2440 τῶν
243 2413 375 2440 Ἰουδαίων
389 2413 460 2441 κατὰ
476 2413 523 2439 τοῦ
538 2412 640 2449 Κυρίου
655 2413 684 2439 ὲν
705 2413 890 2449 Ἰερουσαλὴμ,
905 2413 953 2441 καὶ

1006 2419 1148 2450 martyrem
1160 2413 1366 2449 Stephanum".
1381 2414 1441 2442 Sint
1453 2415 1534 2450 igitur
1544 2418 1629 2442 testes
1640 2414 1786 2446 mansueti,

171 2459 240 2486 κατὰ
253 2459 387 2495 Στεφάνου
400 2459 447 2487 τοῦ
460 2459 690 2496 πρωτομάρτυρος
703 2458 794 2487 αὑτοῦ,
813 2460 953 2489 Ἔστωσαν

1006 2461 1052 2489 ira:
1062 2464 1199 2496 expertes,
1211 2461 1292 2496 aequi,
1307 2461 1440 2489 charitate
1455 2460 1570 2497 praediti,
1588 2463 1785 2495 temperantes,

205 2561 228 2578 "
242 2561 338 2589 Matth.
353 2569 402 2592 vn,
417 2561 445 2589 2.
483 2561 506 2577 "
520 2561 556 2587 Ἣ
571 2561 743 2596 φιλονεικίας,
759 2562 799 2589 vel
815 2562 831 2598 ἢ
846 2561 957 2597 φιλονειδ

207 2597 282 2624 Deut.
299 2605 357 2624 ιιι.
375 2597 418 2624 15.
456 2596 480 2613 ⁵⁸
490 2595 561 2624 Dan.
577 2605 637 2624 xm.
675 2598 698 2614 ⁸⁹
709 2597 741 2624 lll
755 2597 822 2624 Res.
838 2606 895 2624 ut.
943 2598 957 2613 "

1042 2561 1067 2578 ⁸⁸
1083 2561 1222 2590 Laudatur
1238 2571 1252 2590 a
1267 2563 1402 2590 Cedreno.
1421 2561 1489 2589 Vide
1501 2560 1577 2590 Test.
1592 2560 1734 2589 Veterum.

1008 2597 1075 2624 attll.
1094 2605 1167 2624 xxvr.
1207 2599 1227 2614 "
1241 2599 1300 2624 Act.
1317 2606 1343 2624 vr
1359 2603 1386 2624 et
1401 2606 1449 2624 vII.

167 2598 188 2612 °'
207 2597 282 2625 Deut.
299 2605 357 2629 ιιι,
375 2597 418 2624 15.
456 2596 480 2613 ⁵⁸
490 2595 561 2624 Dan.
577 2595 637 2625 im.
675 2598 698 2614 ⁸⁹
709 2597 741 2624 lll
755 2595 895 2633 Regkal.
943 2598 957 2613 "

1008 2597 1075 2625 attb.
1094 2605 1167 2626 xxvr.
1207 2599 1227 2614 "
1241 2599 1300 2625 Act.
1317 2606 1343 2625 vI
1359 2603 1386 2625 et
1401 2606 1449 2625 vu.

820 2684 1001 2713 VARIORUM
1017 2685 1132 2713 ΝΟΤΑΞ.

209 2760 265 2793 187)
283 2761 339 2788 Καὶ
353 2761 462 2793 ἄλλως.
476 2761 561 2789 Abest
578 2762 625 2788 καί
646 2761 674 2789 in
684 2760 803 2790 Vindob.
824 2761 884 2789 cod.
902 2768 952 2789 nec

1007 2763 1154 2797 κατηγορεί
1168 2761 1215 2789 καὶ
1228 2760 1331 2797 ἑτέροις
1348 2770 1354 2788 :
1370 2769 1404 2787 an
1419 2765 1479 2787 ante
1496 2760 1655 2797 hunc_quem
1669 2766 1785 2788 accusat.

177 2797 358 2823 necessarium
369 2801 420 2823 est.
430 2798 517 2825 CLen.‘
546 2830 556 2831 ί
899 2814 901 2817 ι
1007 2795 1087 2824 etiam
1110 2795 1172 2824 aliis
1197 2795 1376 2823 accusatione:
1394 2797 1535 2831 impegerit.
1564 2795 1664 2824 Eodem
1693 2804 1785 2825 sensu.

209 2831 264 2866 (88)
283 2831 339 2858 Kal
353 2832 527 2864 προθέσεως.
544 2830 607 2859 Dele
621 2831 668 2858 καί
688 2839 720 2859 ex
732 2832 827 2859 eodem
847 2831 951 2865 codice,
1006 2831 1090 2860 CLI-1R.

174 2870 202 2892 ct
215 2866 403 2903 sic‘distingue
418 2866 526 2903 ἑτέρως·
538 2866 707 2903 προθέσεως,
722 2871 776 2903 εῑε1
792 2867 828 2893 In.
843 2901 848 2903 _
934 2897 948 2903 _

1042 2866 1097 2903 (90)
1122 2866 1246 2900 Ὀποῖος.
1261 2865 1343 2894 Vind.
1357 2865 1419 2894 cod.
1434 2865 1586 2899 ὸποῑός.τις.
1608 2865 1646 2893 In.

209 2900 265 2933 (89)
284 2902 318 2929 El
340 2897 469 2934 ἑρώτουξ
489 2900 554 2928 Cod.
565 2897 652 2928 'Vind.
676 2902 706 2927 Et
730 2900 783 2937 πρὸ
804 2901 898 2929 τούτου
920 2897 951 2928 οὗ
