4080 6260
451 304 549 362 7H

1289 321 1346 377 S.
1379 325 1768 388 CLEMENTIS
1806 333 1827 387 Ι
1864 335 2034 394 80M.
2074 340 2274 399 PONT.
2305 345 2533 405 OPERA
2563 351 2802 415 DUBIA.’

3561 373 3666 430 7B

442 421 806 489 continentes,
836 429 1043 487 malitia
1071 435 1248 499 vacui,
1278 435 1487 504 ﬁdeles,
1519 441 1781 512 religiosi,
1811 447 1976 504 talium

442 510 583 561 enim
606 517 975 561 testimonium
1000 534 1222 561 ιιι-ηδιον
1243 543 1421 561 nnnnne
1446 546 1630 561 mu...“
1658 534 1865 561 (2----..
1900 549 1974 561 μ.

2066 491 2078 518 ι
2102 452 2195 512 οὖν
2223 459 2272 512 oi
2303 462 2578 539 μάρτυρες
2605 473 2818 542 πραεῖς,
2847 472 3123 547 ἀόργητοι,
3153 476 3432 547 ἐπιεικεῖς,
3459 483 3673 561 ἀγαπηο

439 510 583 567 enim
606 517 977 574 testimonium
1000 534 1222 596 propter
1243 543 1423 585 mores
1445 546 1632 586 eorum
1656 534 1869 593 ﬁrmum
1893 549 1998 607 est,

438 607 493 656 et
535 613 758 675 prapter
804 625 994 666 eorum
1045 615 1211 670 vitam
1248 635 1437 676 verum
1488 640 1502 678 :
1542 635 1597 679 at
1629 629 1998 690 testimonium

438 693 719 752 hominum
767 702 860 770 qui
915 704 1050 760 tales
1098 723 1208 762 non
1260 721 1426 776 sunt,
1476 717 1642 773 nolite
1691 723 1997 795 suscipere,

438 790 689 854 quamvis
727 791 761 844 ii
795 792 849 846 in
887 794 1158 853 delatione
1185 805 1493 860 consentire
1525 790 2019 872 videantur.—Nam‘

435 876 492 930 in
522 878 638 948 lege
680 885 992 954 praecipitur
1017 906 1031 942 :
1065 906 1085 940 ι
1114 889 1232 945 Non
1263 895 1374 949 eris
1404 909 1528 951 cum
1555 901 1739 957 multis
1763 904 1816 959 in
1842 908 1996 962 mali-

430 968 528 1024 tia.
575 971 691 1028 Non
736 977 1002 1048 suscipies
1051 982 1382 1041 auditionem
1423 1005 1641 1048 vanam.
1690 993 1812 1051 Non
1862 1013 1995 1054 con-

433 1062 635 1119 senties
663 1080 786 1119 cum
819 1071 1181 1138 multitudine,
1221 1083 1281 1129 ut
1307 1077 1548 1137 declines
1583 1099 1614 1138 a
1637 1084 1852 1154 justitia
1893 1090 1987 1150 ".i
2029 1108 2033 1112 τ

431 1150 512 1206 Εχ
542 1155 652 1208 alia
677 1173 803 1213 vero
833 1169 986 1229 parte
1015 1179 1166 1220 reum
1193 1167 1359 1222 etiam
1389 1185 1421 1225 a
1449 1174 1604 1231 vobis
1639 1150 1863 1248 '0portet
1893 1197 1989 1236 co-

429 1248 640 1312 gnosci,
673 1252 884 1319 qualem
919 1269 978 1309 se
1001 1257 1056 1310 in
1085 1259 1207 1312 vita:
1231 1276 1334 1315 usu
1363 1271 1417 1318 et
1445 1269 1841 1328 consuetudine
1866 1289 1990 1344 ges-

431 1338 584 1401 serit,
619 1353 688 1393 an
735 1357 798 1396 ex
851 1346 1096 1403 moribus
1127 1349 1340 1406 laudem
1383 1355 1490 1411 sibi
1526 1363 1876 1431 compararit,
1917 1380 1988 1421 an

428 1423 741 1500 inculpatus
768 1435 862 1502 sit,
887 1451 956 1491 an
981 1439 1198 1508 pietatis
1227 1450 1492 1514 sectator;
1524 1463 1593 1502 an
1619 1423 1746 1522 erga
1769 1423 1984 1521 viduas,

428 1519 690 1593 h05pites,
711 1535 764 1582 et
784 1544 1047 1599 pauperes
1066 1532 1353 1604 benignus,
1379 1550 1449 1591 an
1470 1519 1704 1595 fratrum
1715 1557 1904 1601 amans
1918 1519 1984 1615 ";

427 1629 498 1670 an
521 1620 694 1690 turpis
717 1622 852 1676 lucri
875 1639 985 1678 non
1006 1626 1260 1696 cupidus,
1283 1643 1392 1683 non
1412 1631 1604 1687 avidus
1625 1632 1982 1704 depastionis,

425 1724 535 1763 non
571 1714 814 1781 pecunias
841 1723 1031 1786 raptor
1064 1733 1128 1773 ac
1158 1720 1431 1790 procella;
1463 1737 1533 1778 an
1564 1731 1897 1796 temperans,
1929 1737 1985 1787 et

424 1817 535 1855 non
566 1803 900 1872 luxuriosus,
933 1817 1029 1863 aut
1053 1810 1380 1880 vinolentus,
1413 1823 1509 1868 aut
1533 1817 1742 1874 otiosus
1765 1818 1980 1893 frugum
2012 1806 2056 1864 Β

421 1906 809 1966 consumptor;
846 1914 917 1955 an
953 1901 1302 1968 misericors,
1347 1912 1509 1975 atque
1540 1906 1610 1962 ad
1643 1909 1981 1981 largiendum

420 1995 724 2059 promptus.

1032 2108 1263 2166 CAPUT
1304 2109 1366 2168 L.

418 2194 573 2276 Quod
616 2213 732 2276 usu_
766 2200 939 2276 veniat
961 2211 1071 2276 3.ut
1097 2203 1395 2276 conjectura
1431 2221 1495 2262 ea:
1512 2209 1778 2276 prioribus
1821 2212 1977 2268 malis

450 2266 630 2332 ducta,
657 2270 845 2338 aliquis
867 2271 1022 2340 facile
1045 2266 1290 2329 credatur
1306 2266 1598 2344 posteriora
1619 2266 1940 2352 designasse.

484 2357 617 2412 Nam
673 2360 721 2415 si
776 2362 832 2416 in
889 2371 1146 2422 accusato
1200 2367 1494 2438 praeiacent
1549 2386 1716 2442 prava
1770 2390 1972 2444 opera,

406 2449 521 2519 jam
571 2453 749 2523 aliqua
798 2470 866 2510 ex
916 2466 1069 2526 parte
1117 2474 1256 2515 vera:
1301 2461 1630 2519 videbuntur
1678 2476 1973 2538 praesentes

411 2547 815 2613 accusationes,
863 2549 971 2605 nisi
1004 2550 1096 2621 jus
1125 2551 1174 2608 ei
1211 2555 1620 2626 patrocinatur;
1663 2558 1779 2614 ﬁeri
1825 2561 1971 2618 enim

411 2642 592 2703 potest
623 2647 682 2692 ut
711 2638 758 2694 is
787 2639 913 2694 olim
945 2641 1264 2713 deliquerit,
1299 2645 1462 2716 hujus
1491 2664 1618 2705 vero
1655 2652 1879 2709 sceleris
1900 2654 1973 2710 sit

409 2743 601 2798 purus.
641 2729 821 2798 Quare
849 2733 996 2788 circa
1040 2735 1354 2806 bujusmodi
1390 2742 1638 2812 negotia,
1682 2742 1971 2816 diligenter

406 2825 464 2873 et
509 2831 665 2877 caute
714 2838 811 2879 vos
863 2834 1132 2895 gerentes,
1184 2840 1389 2887 certam
1444 2833 1835 2909 indubismque
1871 2840 1968 2896 ad-

405 2926 599 2969 versus
643 2930 796 2971 reum
849 2918 1161 2975 convictum
1213 2921 1349 2980 ferte
1410 2929 1758 2988 sententiam.
1807 2931 1873 2986 Et
1918 2933 1967 2990 si

404 3012 530 3074 post
575 3009 1215 3080 excommunicationem,
1257 3016 1472 3073 veniam
1502 3028 1650 3090 petat
1691 3029 1746 3077 et
1772 3022 1842 3078 ad
1870 3039 1966 3095 pe-

403 3096 501 3152 des
529 3099 768 3170 episcopi
793 3101 1074 3170 procidat,
1118 3113 1174 3161 et
1214 3122 1471 3178 peccasse
1506 3129 1567 3169 se
1596 3112 1848 3181 fateatur,
1877 3133 1963 3174 re-

402 3190 568 3260 cipite
595 3208 739 3248 eum.
782 3191 952 3250 Porro
993 3196 1289 3254 delatorem
1320 3202 1642 3274 impunitum
1676 3222 1785 3262 non
1813 3208 1963 3265 sina-

404 3283 498 3345 tis,
551 3299 619 3338 ne
666 3285 846 3339 adhuc
903 3286 1069 3341 alium
1119 3292 1426 3361 quempiam
1482 3303 1631 3352 recte
1691 3300 1962 3358 viventem

399 3374 784 3443 calumnietur,
820 3377 904 3432 vel
930 3377 1164 3448 aliquem
1195 3382 1361 3438 alium
1389 3385 1458 3439 ad
1487 3387 1687 3444 similia
1717 3387 1960 3448 facienda

400 3475 692 3537 provocet;
742 3486 1069 3541 rursumque
1112 3489 1238 3528 eum
1291 3477 1383 3547 qui
1440 3481 1724 3539 convictus
1772 3483 1957 3553 fuerit,

399 3559 549 3614 nulla
611 3563 941 3616 contumelia
1006 3563 1260 3621 allectum
1329 3584 1439 3624 non
1492 3570 1822 3645 dimittatis;
1887 3595 1960 3636 ne

398 3651 537 3706 alius
553 3650 742 3706 eodem
759 3654 986 3710 crimine
1004 3655 1395 3731 obstringatur.
1424 3660 1609 3734 Neque
1633 3667 1778 3722 enim
1805 3686 1826 3720 ι
1845 3676 1958 3727 tes-

403 3741 476 3797 tis
524 3742 790 3797 malorum
844 3747 1146 3816 impunitus
1195 3752 1301 3807 erit
1329 3752 1407 3821 ἰς
1461 3773 1480 3808 ι
1533 3771 1711 3828 neque
1756 3775 1954 3830 pecca-

395 3840 482 3887 tor
502 3849 716 3904 poenam
737 3836 948 3898 evadet.

1007 3955 1238 4012 CAPUT
1269 3956 1354 4015 Li.

464 4042 619 4110 Quod
648 4060 751 4099 non
774 4054 1008 4114 oporteat
1034 4049 1087 4102 in
1101 4048 1396 4118 judicando
1421 4052 1514 4106 uni
1532 4055 1673 4122 parti
1690 4055 1879 4125 facere.

461 4134 706 4192 Diximus
746 4138 861 4208 jam
911 4155 1125 4210 aequum
1181 4156 1293 4197 non
1347 4157 1472 4200 esse
1521 4153 1581 4200 ut
1634 4162 1698 4203 ea
1743 4148 1952 4218 judicia

387 4236 766 4296 exerceantur,
810 4231 864 4285 in
904 4233 1105 4303 quibus
1141 4233 1312 4293 altera
1335 4250 1464 4307 pars
1486 4236 1751 4308 judicium
1783 4257 1951 4299 occu-

387 4327 500 4390 pat.
537 4320 674 4377 Nam
712 4324 760 4380 si
789 4340 953 4380 unam
986 4342 1276 4397 personam
1307 4329 1592 4390 audieritis
1615 4371 1630 4398 ,
1661 4335 1830 4390 altera
1853 4335 1949 4393 ab-

385 4419 559 4475 sente,
585 4413 796 4485 hacque
818 4416 885 4471 ad
909 4417 1180 4488 objectum
1203 4420 1409 4476 crimen
1431 4436 1542 4477 non
1562 4425 1942 4496 respondente,

2097 552 2262 616 τικοὶ,
2295 554 2586 628 σώφρονες,
2614 561 2921 634 ἐγκρατεῖς,
2949 568 3230 642 ἀπόνηροι,
3261 574 3464 638 πιστοὶ,
3497 552 3672 634 θεοσέο

2097 639 2229 706 δεῖς·
2278 645 2314 716 ὴ
2341 645 2450 720 γάρ
2476 649 2586 704 τῶν
2611 653 2863 709 τοιούτων
2893 639 3163 732 μαρτυρία
3190 664 3282 718 καὶ
3305 665 3393 720 διὰ
3417 669 3511 723 τοῦ
3537 673 3667 744 τρό-

2098 747 2200 786 που
2230 733 2407 791 αὐτῶν
2441 737 2652 808 βεϐαία,
2699 747 2795 799 καὶ
2834 747 2921 802 διὰ
2963 751 3061 822 τῆς
3100 754 3442 830 ἀναστροφῆς
3483 733 3664 820 αὐτῶν

2101 823 2311 898 ἀληθὴς
2340 829 2592 903 ὑπάρχει·
2625 835 2732 888 τῶν
2750 836 2803 890 δὲ
2826 840 2899 911 μὴ
2920 841 3170 897 τοιούτων
3193 823 3662 923 μὲι-παραδέχεσθε

2091 915 2190 987 τὴν
2221 923 2521 994 μαρτυρίαν
2549 925 2678 998 (91),
2721 929 2823 983 κᾶν
2862 938 3166 1003 συμφωνεῖν
3196 915 3435 995 ίδοκῶσιν
3473 915 3564 998 ἐπὶ
3590 949 3656 1019 τῇ

2096 1013 2530 1104 καταμαρτυρίᾳ·
2565 1019 2959 1090 προστέτακται
2985 1025 3092 1098 γὰρ
3109 1029 3168 1081 ἐν
3198 1030 3275 1101 τῷ
3286 1030 3451 1104 νόμῳ·
3503 1054 3522 1087 ι
3545 1013 3659 1090 Οὐκ

2091 1094 2186 1199 {cp
2223 1101 2362 1169 μετά
2389 1104 2595 1161 πολλῶν
2623 1109 2716 1164 ἐπὶ
2743 1115 2928 1187 κακίαο
2973 1117 3034 1170 οὐ
3061 1094 3334 1195 παραδέξῃ
3350 1094 3528 1198 ’ἀκοὴν
3551 1147 3657 1199 μα-

2087 1187 2266 1284 ταίαν·
2310 1193 2372 1246 οὐ
2414 1201 2794 1276 συγκαταθήσῃ
2847 1206 2983 1277 μετὰ
3025 1187 3260 1284 πλήθους
3310 1187 3563 1271 ἐκκλῖναι·
3593 1221 3656 1274 τὸ

2085 1277 2312 1338 δίκαιον.
2343 1303 2364 1339 ι
2429 1289 2514 1343 Ἐν
2544 1293 2698 1365 μέρει
2741 1296 2797 1349 δέ
2840 1298 2933 1353 καὶ
2977 1301 3066 1356 τὸν
3107 1277 3417 1377 κρινόμενον
3460 1314 3652 1368 εἰδέναι

2085 1373 2346 1442 ὀφείλετε,
2375 1380 2552 1446 ὁποῖός
2580 1383 2695 1439 ἐστι
2721 1390 2786 1460 τῇ
2816 1389 2909 1443 τοῦ
2939 1391 3053 1462 βίου
3096 1373 3350 1470 συνηθείᾳ
3387 1401 3481 1454 καὶ
3519 1404 3652 1457 ἀνα-

2087 1470 2312 1541 στροφῇ,
2343 1472 2391 1524 εί
2423 1480 2910 1551 μεμαρτυρημένος
2935 1483 3026 1537 τὸν
3053 1484 3184 1555 βίον,
3215 1489 3262 1541 εί
3301 1491 3648 1565 ἀνέγκλητος,

2084 1557 2133 1610 εί
2159 1559 2411 1633 ὁσιότητα
2437 1564 2745 1637 ἐζηλωκὼς,
2787 1573 2838 1625 εἰ
2875 1574 3163 1648 φιλόχηρος
3201 1577 3333 1651 (92),
3376 1557 3468 1636 καὶ
3505 1557 3650 1654 φιλόζ

2086 1647 2251 1717 ξενος,
2280 1657 2374 1710 καὶ
2405 1658 2758 1734 φιλόπτωχος,
2788 1665 2883 1719 καὶ
2909 1647 3239 1738 φιλάδελφος,
3263 1647 3309 1724 εί
3333 1672 3406 1745 μὴ
3427 1647 3646 1748 αἰσχρο-

2083 1743 2299 1816 κερδὴς,
2326 1749 2421 1802 κα)⁴
2451 1750 2524 1824 μὴ
2569 1751 2781 1827 βρὼτης
2819 1758 2913 1812 καὶ
2951 1743 3412 1833 χρηματολαίλαψ,
3453 1743 3648 1819 εί-σώα

2082 1848 2253 1927 φρων,
2284 1838 2378 1893 καὶ
2408 1840 2482 1913 μὴ
2511 1842 2737 1911 ἄσωτος,
2784 1846 2818 1918 ἢ
2865 1849 3112 1919 μέθυσος,
3159 1853 3194 1925 ἢ
3236 1854 3564 1927 ἀργοφάγος,
3594 1860 3645 1913 εί

2079 1925 2466 2003 εὖσπλαγχνος,
2495 1935 2588 1990 καὶ
2613 1936 2978 2008 εὐμετάδοτος.

2604 2141 2994 2198 ΚΕΦΑΛΑῙΟΝ
3019 2144 3100 2202 N'.

2080 2225 2206 2282 Ὀτι
2256 2227 2526 2318 ἐγχωρεῖ,
2556 2234 2718 2313 τινὰ-
2741 2235 2839 2318 acle
2888 2236 2958 2318 ἐκ
2986 2239 3292 2318 ..προτέρων
3325 2243 3522 2298 κακῶν
3548 2246 3639 2318 μὴ

2470 2301 2850 2360 ἀπιστεῖσθαι
2877 2307 2951 2360 τὰ
2975 2301 3240 2378 δέύτεβα.

2074 2387 2137 2444 El
2164 2388 2272 2462 γὰρ
2298 2390 2448 2464 αὐτῷ
2492 2395 2878 2466 προῦπόκειται
2919 2398 3054 2470 ἔργα
3081 2400 3278 2471 φαῦλα,
3312 2405 3410 2477 ἤδη
3440 2406 3503 2458 ἐκ
3542 2409 3640 2478 μέ-

2073 2498 2200 2554 ρους
2215 2482 2434 2556 ἀληθεῖς
2455 2484 2521 2540 ἂν
2547 2482 2654 2542 εϊεν
2683 2487 2776 2543 καὶ
2794 2487 2886 2543 νῦν
2907 2492 3293 2565 ἐπιφερόμεναι
3312 2499 3458 2569 αὐτῷ
3476 2518 3636 2574 κατηο

2071 2574 2289 2646 γορίαι,
2335 2576 2384 2629 εί
2415 2576 2492 2650 μὴ
2530 2577 2596 2633 ἂν
2646 2579 2796 2652 αὐτῷ
2850 2581 2910 2637 τδ
2953 2583 3157 2639 δίκαιον
3195 2587 3306 2658 ἔχει
3341 2606 3636 2660 συναγωνι-

2071 2663 2311 2737 ζόμενον·
2340 2667 2573 2741 ἐγχωρεῖ
2598 2670 2707 2744 γὰρ
2737 2673 2899 2728 αὐτὸν
2925 2675 3299 2749 ἡμαρτηκέναι
3332 2682 3430 2752 μέν
3477 2700 3631 2756 ποτε,

2068 2757 2257 2812 τούτου
2285 2759 2342 2815 δὲ
2375 2760 2468 2815 τοῦ
2489 2762 2829 2836 ἐγκλήματος
2855 2765 3028 2822 ἀθῶον
3057 2769 3335 2842 ὑπάρχειν.
3369 2773 3459 2827 Διὸ
3483 2775 3635 2848 ἀκρι-

2068 2850 2179 2913 ϐῶς
2196 2850 2325 2923 περὶ
2352 2851 2420 2906 τά
2443 2852 2664 2909 τοιαῦτα
2690 2857 2967 2928 νήφοντες,
2997 2859 3258 2930 ἀσφαλεῖς
3287 2864 3380 2917 καὶ
3409 2865 3632 2936 βεϐαίας

2066 2942 2305 2996 ποιεῖσθε
2347 2943 2445 3008 τὰς
2481 2945 2782 3017 ἀποφάσεις
2811 2949 2952 3005 κατὰ
2991 2950 3085 3004 τοῦ
3121 2952 3483 3026 ἐλεγχθέντος.
3515 2959 3629 3014 Καὶ

2065 3035 2159 3089 ἐὰν
2191 3035 2327 3107 μετά
2358 3035 2447 3090 τὸν
2478 3038 2778 3112 ἀφορισμὸν
2807 3041 3132 3116 συγγνώμην
3157 3047 3302 3118 αἰτῇ,
3337 3049 3432 3103 καὶ
3457 3066 3627 3122 προσ-

1987 3155 2032 3215 c
2066 3127 2206 3199 πέσῃ
2224 3127 2300 3199 τῷ
2327 3128 2627 3201 ἐπισκόπῳ,
2655 3131 2749 3185 καὶ
2774 3133 3148 3207 ἡμαρτηκέναι
3166 3137 3424 3212 ὁμολογῇ,
3457 3159 3627 3212 προσ-

2061 3217 2281 3285 δέξασθε
2310 3220 2489 3275 αὐτόν.
2537 3221 2691 3293 Μήτε
2717 3222 2773 3278 δὲ
2799 3223 2889 3278 τὸν
2919 3227 3256 3301 συκοφάντην
3283 3230 3626 3305 ἀτιμώρητον

2060 3312 2277 3384 ἐάσητε,
2310 3313 2396 3367 ῖνα
2429 3312 2626 3401 eum
2652 3315 2834 3387 ἕτερόν
2861 3334 2980 3372 τινα
3007 3320 3186 3385 καλῶς
3214 3321 3428 3393 βιοῦντα
3459 3325 3623 3396 βλασ-

2061 3403 2383 3477 φημήσῃ,ἢ
2419 3405 2599 3477 ἕτερόν
2625 3423 2744 3460 τινα
2798 3409 2908 3479 (95)
2942 3412 3306 3485 προτρέψηται
3342 3415 3408 3469 τὰ
3459 3418 3623 3488 ὅμοια

2059 3494 2207 3566 αὐτῷ
2230 3493 2442 3567 δρᾶσαι·
2476 3498 2612 3569 μήτε
2651 3497 2755 3570 μὴν
2793 3498 2882 3553 τὸν
2922 3501 3239 3574 ἐλεγχθέντα
3281 3507 3618 3579 ἀνύϐριστον,

2056 3586 2204 3653 ὅπως
2225 3589 2298 3662 μὴ
2333 3590 2516 3665 ἕτερος
2551 3590 2661 3664 (94)
2700 3595 2811 3658 τοῖς
2838 3595 3020 3659 αὐτοῖς
3056 3596 3303 3669 ἐνσχεθῇ.
3347 3599 3479 3653 υῦτε
3512 3602 3620 3673 γὰρ

2061 3697 2082 3731 ι
2121 3680 2328 3752 μάρτυς
2369 3683 2551 3738 κακῶν
2583 3683 2924 3759 ἀτιμώρητος
2963 3686 3134 3742 ἔσται’
3171 3707 3192 3742 r
3223 3689 3336 3744 οὗθ’
3365 3693 3394 3744 ό
3436 3692 3616 3764 πλημ-

2056 3772 2230 3844 μελῶν
2257 3773 2410 3846 δίκης
2429 3774 2584 3842 ἐκτός
2617 3776 2750 3850 (95).

2535 3977 2928 4037 ΚΕΦΛΛΑΙυΝ
2969 3983 3098 4039 NA'.

2055 4063 2181 4118 Ὅτι
2223 4066 2296 4121 οὐ
2349 4067 2466 4138 χρὴ
2500 4073 2847 4140 μονομερεῖς
2885 4074 2990 4142 τὰς
3029 4076 3258 4145 κρίσεις
3299 4079 3610 4138 ποιεῖσθαι.

2117 4158 2355 4229 Εἴπομεν
2388 4160 2444 4214 δὲ
2483 4162 2563 4215 ὅτι
2591 4162 2689 4226 τὰς
2717 4165 2924 4237 κρίσεις
2951 4167 3014 4220 οὐ
3054 4167 3258 4223 δίκαιον
3301 4177 3613 4243 μονομερεὶς

2047 4250 2332 4304 ποιεῖσθαι.
2404 4251 2529 4306 Ἐἀν
2569 4253 2676 4326 γὰρ
2702 4255 2796 4309 τοῦ
2841 4258 2959 4322 ἐνὸς
2988 4259 3277 4331 προσώπου
3321 4263 3608 4337 ἀκούσητε,

2050 4339 2125 4412 μὴ
2159 4343 2421 4413 παρόντος
2437 4343 2531 4398 τοῦ
2560 4346 2748 4417 ἐτέρου
2767 4385 2782 4412 ,
2812 4348 2944 4422 μηδὲ
2970 4351 3444 4426 ἀπολογησαμένου
3475 4357 3611 4427 πρὸς

2045 4433 2109 4486 τὺ
2135 4434 2523 4508 ἐπιφερόμενον
2551 4438 2821 4512 ἔγκλημα,
2854 4444 3138 4513 προπετῶς
3156 4445 3264 4518 (96)
3294 4446 3610 4520 ἐξενέγκητε

383 4503 700 4576 suﬂ'ragium
731 4508 1096 4568 damnationis
1125 4520 1329 4570 temere
1356 4515 1630 4586 tuleritis;
1659 4518 1737 4574 rei
1767 4520 1939 4585 necis,
1971 4517 1976 4577 1

2066 4523 2221 4594 ψῆφον
2251 4503 2642 4600 κατακρίσεως,
2665 4503 2836 4605 ἔνοχοι
2855 4503 2955 4606 της
2973 4503 3320 4609 ἀναιρέσεώς,
3335 4503 3610 4614 ocul-cu);-

380 4603 436 4650 et
487 4607 771 4656 consortes
812 4603 1241 4669 calumniatoris,
1292 4621 1388 4662 seu
1443 4608 1632 4665 eadem
1666 4625 1790 4666 cum
1846 4612 1939 4668 illo

380 4701 635 4742 mensura
657 4692 941 4748 metientes
969 4695 1309 4765 reperiemini
1342 4700 1487 4769 apud
1513 4699 1702 4769 Deum,
1725 4704 1938 4774 justum

375 4778 638 4848 judicem.
687 4800 707 4834 ι
747 4781 901 4840 Sicut
945 4788 1087 4842 enim
1137 4788 1231 4858 qui
1280 4797 1429 4846 tenet
1483 4793 1711 4849 caudam
1758 4797 1934 4864 canis,

377 4873 460 4928 sic
496 4875 590 4945 qui
617 4877 868 4945 praesidet
904 4880 1083 4936 alieno
1105 4879 1310 4951 judicio
1329 4883 1396 4939 ”.
1438 4905 1457 4939 ι
1493 4885 1648 4953 Quod
1677 4887 1725 4944 si
1748 4888 1934 4943 imita-

447 5048 492 5079 "
511 5046 680 5106 Exod.
706 5066 866 5121 mu,
900 5062 953 5122 1,
978 5059 1036 5114 2.
1121 5055 1359 5130 "lgnat.
1393 5059 1646 5132 interpol.
1679 5062 1747 5118 ad
1780 5061 2018 5135 Magnes.
2051 5066 2106 5122 9.

2046 4618 2308 4689 μετρηταὶ
2335 4619 2412 4690 τῷ
2449 4622 2752 4697 συκοφάντῃ
2773 4663 2788 4688 ,
2821 4625 2971 4698 παρά
2999 4627 3116 4700 Θεῷ
3141 4630 3492 4703 εὑρεθήσεσθε
3525 4633 3606 4704 τῷ

2041 4708 2232 4781 δικαίῳ
2250 4713 2430 4784 κριτῇ·
2470 4731 2490 4766 ι
2543 4713 2630 4779 Ὠς
2657 4717 2764 4789 γὰρ
2789 4718 2818 4770 ό
2845 4719 3060 4791 κρατῶν
3086 4721 3283 4794 κέρκου
3304 4725 3479 4788 κυνὸς,
3511 4723 3604 4776 οὔ-

2038 4816 2144 4864 τως
2170 4801 2199 4854 ό
2229 4805 2507 4876 προεστὼς
2537 4806 2819 4882 ἀλλοτρίας
2845 4811 3094 4882 κρίσεως.
3135 4832 3154 4866 ι
3201 4815 3322 4870 Ἐὰν
3349 4816 3404 4870 δὲ
3434 4833 3602 4888 μιμη-

2036 4894 2127 4946 ταὶ
2155 4893 2386 4967 γένησθε
2416 4897 2524 4953 τῶν
2563 4898 2622 4953 ἐν
2655 4900 2932 4957 Βαὸυλῶνι
2964 4904 3362 4979 πρεσϐυτέρων,
3409 4908 3601 4973 οἵτινες

2214 5068 2260 5100 ’⁸
2288 5067 2449 5127 Prov.
2482 5089 2594 5143 χιχ,
2625 5075 2682 5142 5,
2717 5075 2771 5132 9.
2846 5078 2892 5110 ³⁸
2917 5077 3078 5136 Prov.
3121 5097 3244 5137 χχνι
3270 5122 3286 5149 ,
3329 5083 3417 5138 17.

1656 5210 2027 5274 VARIORUM
2060 5217 2288 5276 NOTIE.

588 5409 1071 5499 ζῆτ’-μαρτυρίαν.
1100 5412 1221 5499 ’Τάς
1262 5416 1588 5499 μαρτχρίαςἶ
1631 5418 1732 5476 Ms.
1759 5419 1921 5499 Vind.

437 5479 546 5562 ('92)
583 5479 930 5562 Φιιζόχηροςξ
964 5482 1120 5562 peest
1143 5486 1212 5562 _in
1241 5479 1363 5541 c'od'.
1395 5479 1626 5562 Vindob.
1646 5500 1725 5562 fut
1749 5499 1802 5545 et
1830 5492 1922 5562 μὴ

369 5545 578 5626 βρώτης
606 5551 698 5602 καὶ
724 5545 1188 5623 χ’ρῆματολαίλαψ,
1219 5571 1317 5624 pro
1345 5557 1544 5626 quibus
1574 5560 1732 5617 habet
1758 5545 1923 5614 πολυί

366 5617 652 5680 ἀνάλωτος.
819 5617 848 5622 η
1142 5617 1152 5623 ’
1175 5617 1182 5620 7
1219 5617 1236 5624 ’
1362 5617 1377 5626 ’

456 5686 522 5739 95
585 5687 736 5742 de.
780 5688 937 5744 Deest
962 5691 1016 5745 in
1042 5692 1212 5748 altero
1239 5694 1360 5748 cod.
1388 5693 1549 5753 Vind.

434 5686 542 5826 if“)
582 5757 834 5826 Ἕτερος.
854 5760 961 5813 Kal
989 5761 1170 5826 ἕτερος
1196 5765 1316 5820 cod.
1340 5762 1500 5822 Vind.

453 5755 541 5826 94)
582 5757 834 5826 Ἕτερος.
854 5760 961 5813 Kal
989 5761 1170 5831 ἕτερος
1196 5765 1316 5820 cod.
1340 5762 1500 5822 Vind.

2096 5423 2451 5506 (ἑξὸλρῧθᾷ
2492 5432 2857 5506 πλημμξᾼῶτ
2899 5434 3071 5502 δίκης
3112 5437 3302 5503 ἐκτός.
3353 5437 3486 5495 Vide
3531 5441 3586 5499 in

2025 5492 2195 5576 [_.XX,'
2219 5492 2788 5576 Proverb.xxviii',20;
2806 5503 2933 5574 Sap.
2963 5520 3002 5570 ι,
3021 5492 3088 5573 έ;
3107 5522 3215 5573 xw,
3244 5492 3331 5576 Si,
3357 5492 3584 5576 siin};

2030 5563 2081 5627 7,
2116 5581 2273 5626 χχιιι,
2303 5565 2389 5618 15.
2419 5566 2557 5622 Cor.

2020 5701 2061 5756 C
2095 5634 2206 5705 (96)
2244 5636 2574 5703 Προπετῶς.
2605 5640 2716 5694 Καὶ
2745 5645 3027 5716 προπετῶς
3052 5649 3255 5704 rectius
3275 5688 3289 5714 ,
3332 5647 3388 5703 in
3417 5645 3581 5706 Vind.

2067 5717 2189 5756 LER.

2067 5717 2189 5759 ιειι.
