  <div class='ocr_page' id='page_1' title='image "/cluster/home/n/w/nwhite01/storage/ocr_20150623/1/mdp.39015014764065/370.png"; bbox 0 0 2040 3130; ppageno 0'>
   <div class='ocr_carea' id='block_1_1' title="bbox 168 189 220 215">
    <p class='ocr_par' dir='ltr' id='par_1_1' title="bbox 168 189 220 215">
     <span class='ocr_line' id='line_1_1' title="bbox 168 189 220 215; baseline 0 0"><span class='ocrx_word' id='word_1_1' title='bbox 168 189 220 215; x_wconf 76' lang='grc'><strong>717</strong></span> 
     </span>
    </p>
   </div>
   <div class='ocr_carea' id='block_1_2' title="bbox 629 183 1335 216">
    <p class='ocr_par' dir='ltr' id='par_1_2' title="bbox 629 183 1335 216">
     <span class='ocr_line' id='line_1_2' title="bbox 629 183 1335 216; baseline -0.003 -4"><span class='ocrx_word' id='word_1_2' title='bbox 629 185 931 216; x_wconf 73' lang='lat' dir='ltr'><strong>CONS’I&#39;ITU&#39;I‘IONES</strong></span> <span class='ocrx_word' id='word_1_3' title='bbox 944 184 1209 213; x_wconf 66' lang='lat' dir='ltr'><strong>APOSTOLlC/E.-</strong></span> <span class='ocrx_word' id='word_1_4' title='bbox 1220 183 1335 211; x_wconf 73' lang='lat' dir='ltr'><strong>LIB.&quot;ll.</strong></span> 
     </span>
    </p>
   </div>
   <div class='ocr_carea' id='block_1_3' title="bbox 1739 185 1789 212">
    <p class='ocr_par' dir='ltr' id='par_1_3' title="bbox 1739 185 1789 212">
     <span class='ocr_line' id='line_1_3' title="bbox 1739 185 1789 212; baseline 0 0"><span class='ocrx_word' id='word_1_5' title='bbox 1739 185 1789 212; x_wconf 79' lang='grc'><strong>718</strong></span> 
     </span>
    </p>
   </div>
   <div class='ocr_carea' id='block_1_4' title="bbox 165 241 945 279">
    <p class='ocr_par' dir='ltr' id='par_1_4' title="bbox 165 243 945 279">
     <span class='ocr_line' id='line_1_4' title="bbox 165 243 945 279; baseline -0.001 -9"><span class='ocrx_word' id='word_1_6' title='bbox 165 253 211 271; x_wconf 84' lang='grc' dir='ltr'>σου</span> <span class='ocrx_word' id='word_1_7' title='bbox 234 244 290 279; x_wconf 69' lang='grc' dir='ltr'>ἔχει</span> <span class='ocrx_word' id='word_1_8' title='bbox 308 252 335 270; x_wconf 90' lang='grc' dir='ltr'><strong>τι</strong></span> <span class='ocrx_word' id='word_1_9' title='bbox 350 244 422 270; x_wconf 86' lang='grc' dir='ltr'>κατὰ</span> <span class='ocrx_word' id='word_1_10' title='bbox 443 244 501 275; x_wconf 78' lang='grc' dir='ltr'>σοῦ,</span> <span class='ocrx_word' id='word_1_11' title='bbox 523 244 591 278; x_wconf 74' lang='grc' dir='ltr'>ἄφες</span> <span class='ocrx_word' id='word_1_12' title='bbox 612 245 669 270; x_wconf 75' lang='grc' dir='ltr'>ἐκεῖ</span> <span class='ocrx_word' id='word_1_13' title='bbox 685 243 716 270; x_wconf 81' lang='grc' dir='ltr'>τὸ</span> <span class='ocrx_word' id='word_1_14' title='bbox 735 244 820 279; x_wconf 84' lang='grc' dir='ltr'>δῶρόν</span> <span class='ocrx_word' id='word_1_15' title='bbox 844 252 890 270; x_wconf 86' lang='grc' dir='ltr'>σου</span> <span class='ocrx_word' id='word_1_16' title='bbox 905 243 945 279; x_wconf 78' lang='grc' dir='ltr'><strong>ἒμ-</strong></span> 
     </span>
    </p>
   </div>
   <div class='ocr_carea' id='block_1_5' title="bbox 995 241 1789 279">
    <p class='ocr_par' dir='ltr' id='par_1_5' title="bbox 1004 241 1789 277">
     <span class='ocr_line' id='line_1_5' title="bbox 1004 241 1789 277; baseline 0 -8"><span class='ocrx_word' id='word_1_17' title='bbox 1004 247 1082 270; x_wconf 90' lang='lat' dir='ltr'><strong>tuum</strong></span> <span class='ocrx_word' id='word_1_18' title='bbox 1108 242 1142 269; x_wconf 89' lang='lat' dir='ltr'><strong>ad</strong></span> <span class='ocrx_word' id='word_1_19' title='bbox 1168 241 1255 269; x_wconf 79' lang='lat' dir='ltr'><strong>altare</strong></span> <span class='ocrx_word' id='word_1_20' title='bbox 1270 262 1278 275; x_wconf 90' lang='lat'><strong>,</strong></span> <span class='ocrx_word' id='word_1_21' title='bbox 1306 245 1333 269; x_wconf 87' lang='lat' dir='ltr'><strong>et</strong></span> <span class='ocrx_word' id='word_1_22' title='bbox 1364 241 1400 269; x_wconf 85' lang='lat' dir='ltr'><strong>ibi</strong></span> <span class='ocrx_word' id='word_1_23' title='bbox 1425 242 1584 269; x_wconf 73' lang='lat' dir='ltr'><strong>recordatus</strong></span> <span class='ocrx_word' id='word_1_24' title='bbox 1618 242 1702 270; x_wconf 87' lang='lat' dir='ltr'><strong>fueris</strong></span> <span class='ocrx_word' id='word_1_25' title='bbox 1725 243 1789 277; x_wconf 86' lang='lat' dir='ltr'><strong>quia</strong></span> 
     </span>
    </p>
   </div>
   <div class='ocr_carea' id='block_1_6' title="bbox 163 288 951 327">
    <p class='ocr_par' dir='ltr' id='par_1_6' title="bbox 163 288 951 327">
     <span class='ocr_line' id='line_1_6' title="bbox 163 288 951 327; baseline -0.004 -9"><span class='ocrx_word' id='word_1_26' title='bbox 163 291 280 327; x_wconf 82' lang='grc' dir='ltr'>προσθεν</span> <span class='ocrx_word' id='word_1_27' title='bbox 293 290 341 317; x_wconf 83' lang='grc' dir='ltr'>τοῦ</span> <span class='ocrx_word' id='word_1_28' title='bbox 360 290 562 325; x_wconf 72' lang='grc' dir='ltr'><strong>θυσιαστηρίου,</strong></span> <span class='ocrx_word' id='word_1_29' title='bbox 580 290 628 316; x_wconf 79' lang='grc' dir='ltr'>καὶ</span> <span class='ocrx_word' id='word_1_30' title='bbox 643 289 744 323; x_wconf 78' lang='grc' dir='ltr'>ὕπαγε,</span> <span class='ocrx_word' id='word_1_31' title='bbox 760 289 866 325; x_wconf 84' lang='grc' dir='ltr'>πρῶτον</span> <span class='ocrx_word' id='word_1_32' title='bbox 879 288 951 315; x_wconf 86' lang='grc' dir='ltr'>διαλ-</span> 
     </span>
    </p>
   </div>
   <div class='ocr_carea' id='block_1_7' title="bbox 162 335 951 373">
    <p class='ocr_par' dir='ltr' id='par_1_7' title="bbox 162 335 951 373">
     <span class='ocr_line' id='line_1_7' title="bbox 162 335 951 373; baseline -0.004 -10"><span class='ocrx_word' id='word_1_33' title='bbox 162 338 259 373; x_wconf 80' lang='grc' dir='ltr'>λάγηθι</span> <span class='ocrx_word' id='word_1_34' title='bbox 275 337 314 371; x_wconf 84' lang='grc' dir='ltr'>τῷ</span> <span class='ocrx_word' id='word_1_35' title='bbox 329 336 434 370; x_wconf 81' lang='grc' dir='ltr'><strong>ἅδε).φῴ</strong></span> <span class='ocrx_word' id='word_1_36' title='bbox 451 345 508 366; x_wconf 84' lang='grc' dir='ltr'>σου,</span> <span class='ocrx_word' id='word_1_37' title='bbox 529 337 575 362; x_wconf 72' lang='grc' dir='ltr'>καὶ</span> <span class='ocrx_word' id='word_1_38' title='bbox 591 337 651 362; x_wconf 77' lang='grc' dir='ltr'><strong>τότε</strong></span> <span class='ocrx_word' id='word_1_39' title='bbox 666 336 749 362; x_wconf 80' lang='grc' dir='ltr'>ἐλθὼν</span> <span class='ocrx_word' id='word_1_40' title='bbox 770 335 907 370; x_wconf 76' lang='grc' dir='ltr'>πρόσφερε</span> <span class='ocrx_word' id='word_1_41' title='bbox 921 335 951 361; x_wconf 74' lang='grc' dir='ltr'>τὸ</span> 
     </span>
    </p>
   </div>
   <div class='ocr_carea' id='block_1_8' title="bbox 161 382 951 420">
    <p class='ocr_par' dir='ltr' id='par_1_8' title="bbox 161 382 951 420">
     <span class='ocr_line' id='line_1_8' title="bbox 161 382 951 420; baseline -0.004 -10"><span class='ocrx_word' id='word_1_42' title='bbox 161 385 245 420; x_wconf 80' lang='grc' dir='ltr'>δῶρόν</span> <span class='ocrx_word' id='word_1_43' title='bbox 255 393 313 410; x_wconf 81' lang='grc' dir='ltr'>σου.</span> <span class='ocrx_word' id='word_1_44' title='bbox 325 393 334 409; x_wconf 71' lang='grc' dir='ltr'><strong>ι</strong></span> <span class='ocrx_word' id='word_1_45' title='bbox 344 384 433 418; x_wconf 81' lang='grc' dir='ltr'><strong>Δῶρον</strong></span> <span class='ocrx_word' id='word_1_46' title='bbox 444 383 471 409; x_wconf 79' lang='grc' dir='ltr'><strong>δέ</strong></span> <span class='ocrx_word' id='word_1_47' title='bbox 482 383 540 409; x_wconf 81' lang='grc' dir='ltr'>ἐστι</span> <span class='ocrx_word' id='word_1_48' title='bbox 547 383 605 418; x_wconf 82' lang='grc' dir='ltr'>Θεῷ</span> <span class='ocrx_word' id='word_1_49' title='bbox 614 384 630 418; x_wconf 80' lang='grc' dir='ltr'><strong>ἡ</strong></span> <span class='ocrx_word' id='word_1_50' title='bbox 640 383 753 409; x_wconf 78' lang='grc' dir='ltr'><strong>ἑκάστου</strong></span> <span class='ocrx_word' id='word_1_51' title='bbox 761 382 898 418; x_wconf 83' lang='grc' dir='ltr'>προσευχὴ</span> <span class='ocrx_word' id='word_1_52' title='bbox 905 382 951 408; x_wconf 72' lang='grc' dir='ltr'><strong>καὶ</strong></span> 
     </span>
    </p>
   </div>
   <div class='ocr_carea' id='block_1_9' title="bbox 161 427 949 465">
    <p class='ocr_par' dir='ltr' id='par_1_9' title="bbox 161 427 949 465">
     <span class='ocr_line' id='line_1_9' title="bbox 161 427 949 465; baseline -0.004 -9"><span class='ocrx_word' id='word_1_53' title='bbox 161 430 329 465; x_wconf 76' lang='grc' dir='ltr'><strong>εὐχαριστία.</strong></span> <span class='ocrx_word' id='word_1_54' title='bbox 362 429 423 455; x_wconf 75' lang='grc' dir='ltr'><strong>Ἐὰν</strong></span> <span class='ocrx_word' id='word_1_55' title='bbox 438 427 484 455; x_wconf 75' lang='grc' dir='ltr'><strong>οὖν</strong></span> <span class='ocrx_word' id='word_1_56' title='bbox 499 429 563 464; x_wconf 73' lang='grc' dir='ltr'>ἔχῃς</span> <span class='ocrx_word' id='word_1_57' title='bbox 576 438 602 454; x_wconf 88' lang='grc' dir='ltr'><strong>τι</strong></span> <span class='ocrx_word' id='word_1_58' title='bbox 618 429 687 455; x_wconf 75' lang='grc' dir='ltr'>κατὰ</span> <span class='ocrx_word' id='word_1_59' title='bbox 700 428 747 454; x_wconf 83' lang='grc' dir='ltr'>τοῦ</span> <span class='ocrx_word' id='word_1_60' title='bbox 762 427 875 462; x_wconf 77' lang='grc' dir='ltr'>ἀδελφοῦ</span> <span class='ocrx_word' id='word_1_61' title='bbox 892 436 949 459; x_wconf 86' lang='grc' dir='ltr'>σου,</span> 
     </span>
    </p>
   </div>
   <div class='ocr_carea' id='block_1_10' title="bbox 161 474 949 511">
    <p class='ocr_par' dir='ltr' id='par_1_10' title="bbox 161 474 949 511">
     <span class='ocr_line' id='line_1_10' title="bbox 161 474 949 511; baseline -0.004 -9"><span class='ocrx_word' id='word_1_62' title='bbox 161 477 176 511; x_wconf 87' lang='grc' dir='ltr'>ἢ</span> <span class='ocrx_word' id='word_1_63' title='bbox 193 476 273 506; x_wconf 75' lang='grc' dir='ltr'>αὐτὸς</span> <span class='ocrx_word' id='word_1_64' title='bbox 287 475 335 510; x_wconf 64' lang='grc' dir='ltr'>ἔχῃ</span> <span class='ocrx_word' id='word_1_65' title='bbox 351 483 375 500; x_wconf 82' lang='grc' dir='ltr'><strong>τι</strong></span> <span class='ocrx_word' id='word_1_66' title='bbox 392 475 461 500; x_wconf 78' lang='grc' dir='ltr'>κατὰ</span> <span class='ocrx_word' id='word_1_67' title='bbox 478 475 535 504; x_wconf 82' lang='grc' dir='ltr'>σοῦ,</span> <span class='ocrx_word' id='word_1_68' title='bbox 552 474 612 500; x_wconf 79' lang='grc' dir='ltr'>οὒτε</span> <span class='ocrx_word' id='word_1_69' title='bbox 629 475 656 501; x_wconf 80' lang='grc' dir='ltr'>αἱ</span> <span class='ocrx_word' id='word_1_70' title='bbox 672 474 819 509; x_wconf 77' lang='grc' dir='ltr'>προσευχαί</span> <span class='ocrx_word' id='word_1_71' title='bbox 832 482 878 499; x_wconf 85' lang='grc' dir='ltr'>σου</span> <span class='ocrx_word' id='word_1_72' title='bbox 894 474 949 499; x_wconf 81' lang='grc' dir='ltr'>εἰσ-</span> 
     </span>
    </p>
   </div>
   <div class='ocr_carea' id='block_1_11' title="bbox 161 519 949 556">
    <p class='ocr_par' dir='ltr' id='par_1_11' title="bbox 161 519 949 556">
     <span class='ocr_line' id='line_1_11' title="bbox 161 519 949 556; baseline -0.003 -9"><span class='ocrx_word' id='word_1_73' title='bbox 161 521 373 556; x_wconf 84' lang='grc' dir='ltr'>ακουσθήσονται</span> <span class='ocrx_word' id='word_1_74' title='bbox 386 540 392 551; x_wconf 88' lang='lat'><em>,</em></span> <span class='ocrx_word' id='word_1_75' title='bbox 415 520 475 546; x_wconf 72' lang='grc' dir='ltr'>οὕτε</span> <span class='ocrx_word' id='word_1_76' title='bbox 492 521 519 546; x_wconf 89' lang='grc' dir='ltr'>αἱ</span> <span class='ocrx_word' id='word_1_77' title='bbox 535 520 703 555; x_wconf 82' lang='grc' dir='ltr'>εὐχαριστίαι</span> <span class='ocrx_word' id='word_1_78' title='bbox 718 529 764 546; x_wconf 83' lang='grc' dir='ltr'>σου</span> <span class='ocrx_word' id='word_1_79' title='bbox 785 519 949 554; x_wconf 78' lang='grc' dir='ltr'>προσδεχοή-</span> 
     </span>
    </p>
   </div>
   <div class='ocr_carea' id='block_1_12' title="bbox 162 565 949 601">
    <p class='ocr_par' dir='ltr' id='par_1_12' title="bbox 162 565 949 601">
     <span class='ocr_line' id='line_1_12' title="bbox 162 565 949 601; baseline -0.004 -8"><span class='ocrx_word' id='word_1_80' title='bbox 162 575 266 597; x_wconf 86' lang='grc' dir='ltr'>σονται,</span> <span class='ocrx_word' id='word_1_81' title='bbox 281 566 325 593; x_wconf 80' lang='grc' dir='ltr'>διὰ</span> <span class='ocrx_word' id='word_1_82' title='bbox 340 566 388 601; x_wconf 82' lang='grc' dir='ltr'>τὴν</span> <span class='ocrx_word' id='word_1_83' title='bbox 407 566 587 601; x_wconf 76' lang='grc' dir='ltr'><strong>ὑποκειμένην</strong></span> <span class='ocrx_word' id='word_1_84' title='bbox 606 566 700 601; x_wconf 59' lang='grc' dir='ltr'>ὀργήν</span> <span class='ocrx_word' id='word_1_85' title='bbox 716 565 768 601; x_wconf 83' lang='grc' dir='ltr'>χρὴ</span> <span class='ocrx_word' id='word_1_86' title='bbox 783 565 810 591; x_wconf 84' lang='grc' dir='ltr'>δὲ</span> <span class='ocrx_word' id='word_1_87' title='bbox 832 566 949 599; x_wconf 70' lang='grc' dir='ltr'>συνεχῶς</span> 
     </span>
    </p>
   </div>
   <div class='ocr_carea' id='block_1_13' title="bbox 160 612 948 648">
    <p class='ocr_par' dir='ltr' id='par_1_13' title="bbox 160 612 948 648">
     <span class='ocr_line' id='line_1_13' title="bbox 160 612 948 648; baseline -0.003 -9"><span class='ocrx_word' id='word_1_88' title='bbox 160 613 356 648; x_wconf 76' lang='grc' dir='ltr'><strong>προσεύχεσθαι</strong></span> <span class='ocrx_word' id='word_1_89' title='bbox 366 613 447 647; x_wconf 73' lang='grc' dir='ltr'>ὑμᾶς,</span> <span class='ocrx_word' id='word_1_90' title='bbox 455 612 572 646; x_wconf 82' lang='grc' dir='ltr'>ἀδελφοί·</span> <span class='ocrx_word' id='word_1_91' title='bbox 582 612 638 638; x_wconf 77' lang='grc' dir='ltr'>ἀλλ’</span> <span class='ocrx_word' id='word_1_92' title='bbox 649 612 741 647; x_wconf 77' lang='grc' dir='ltr'>ἐπειδὴ</span> <span class='ocrx_word' id='word_1_93' title='bbox 747 612 800 638; x_wconf 83' lang='grc' dir='ltr'><strong>τῶν</strong></span> <span class='ocrx_word' id='word_1_94' title='bbox 810 612 837 637; x_wconf 77' lang='grc' dir='ltr'><strong>ἐν</strong></span> <span class='ocrx_word' id='word_1_95' title='bbox 853 612 948 646; x_wconf 78' lang='grc' dir='ltr'><strong>ὀργαῖς</strong></span> 
     </span>
    </p>
   </div>
   <div class='ocr_carea' id='block_1_14' title="bbox 161 657 947 694">
    <p class='ocr_par' dir='ltr' id='par_1_14' title="bbox 161 657 947 694">
     <span class='ocr_line' id='line_1_14' title="bbox 161 657 947 694; baseline -0.003 -9"><span class='ocrx_word' id='word_1_96' title='bbox 161 659 259 690; x_wconf 82' lang='grc' dir='ltr'><strong>ἀδίκως</strong></span> <span class='ocrx_word' id='word_1_97' title='bbox 273 658 468 694; x_wconf 81' lang='grc' dir='ltr'>ὲχθραινόντων</span> <span class='ocrx_word' id='word_1_98' title='bbox 497 658 619 691; x_wconf 76' lang='grc' dir='ltr'><strong>ἀδελφοῖς</strong></span> <span class='ocrx_word' id='word_1_99' title='bbox 632 659 646 683; x_wconf 81' lang='grc' dir='ltr'>ὁ</span> <span class='ocrx_word' id='word_1_100' title='bbox 663 658 728 688; x_wconf 77' lang='grc' dir='ltr'>Θεὸς</span> <span class='ocrx_word' id='word_1_101' title='bbox 742 659 792 684; x_wconf 78' lang='grc' dir='ltr'><strong>οὐκ</strong></span> <span class='ocrx_word' id='word_1_102' title='bbox 809 657 947 688; x_wconf 76' lang='grc' dir='ltr'><strong>ἐπακούει,</strong></span> 
     </span>
    </p>
   </div>
   <div class='ocr_carea' id='block_1_15' title="bbox 161 703 945 740">
    <p class='ocr_par' dir='ltr' id='par_1_15' title="bbox 161 703 945 740">
     <span class='ocr_line' id='line_1_15' title="bbox 161 703 945 740; baseline -0.001 -10"><span class='ocrx_word' id='word_1_103' title='bbox 161 705 207 730; x_wconf 78' lang='grc' dir='ltr'>καὶ</span> <span class='ocrx_word' id='word_1_104' title='bbox 220 705 267 731; x_wconf 78' lang='grc' dir='ltr'>ἐὰν</span> <span class='ocrx_word' id='word_1_105' title='bbox 283 705 342 740; x_wconf 78' lang='grc' dir='ltr'>τρὶς</span> <span class='ocrx_word' id='word_1_106' title='bbox 362 704 412 738; x_wconf 84' lang='grc' dir='ltr'>τῆς</span> <span class='ocrx_word' id='word_1_107' title='bbox 434 703 509 739; x_wconf 80' lang='grc' dir='ltr'>ὥρας</span> <span class='ocrx_word' id='word_1_108' title='bbox 524 703 737 738; x_wconf 77' lang='grc' dir='ltr'>προσεύξωνται,</span> <span class='ocrx_word' id='word_1_109' title='bbox 761 703 813 739; x_wconf 85' lang='grc' dir='ltr'>χρὴ</span> <span class='ocrx_word' id='word_1_110' title='bbox 829 703 945 729; x_wconf 76' lang='grc' dir='ltr'><strong>διαλύειν</strong></span> 
     </span>
    </p>
   </div>
   <div class='ocr_carea' id='block_1_16' title="bbox 160 749 948 785">
    <p class='ocr_par' dir='ltr' id='par_1_16' title="bbox 160 749 948 785">
     <span class='ocr_line' id='line_1_16' title="bbox 160 749 948 785; baseline 0.001 -10"><span class='ocrx_word' id='word_1_111' title='bbox 160 751 251 776; x_wconf 75' lang='grc' dir='ltr'>πᾶσαν</span> <span class='ocrx_word' id='word_1_112' title='bbox 266 749 365 785; x_wconf 73' lang='grc' dir='ltr'>ἔχθραν</span> <span class='ocrx_word' id='word_1_113' title='bbox 380 750 426 776; x_wconf 81' lang='grc' dir='ltr'>καὶ</span> <span class='ocrx_word' id='word_1_114' title='bbox 443 750 639 785; x_wconf 58' lang='grc' dir='ltr'>μικροψυχίαν,</span> <span class='ocrx_word' id='word_1_115' title='bbox 655 750 698 775; x_wconf 79' lang='grc' dir='ltr'>ἵνα</span> <span class='ocrx_word' id='word_1_116' title='bbox 712 749 852 784; x_wconf 73' lang='grc' dir='ltr'>δυνώμεθα</span> <span class='ocrx_word' id='word_1_117' title='bbox 865 758 948 784; x_wconf 70' lang='grc' dir='ltr'>προς-</span> 
     </span>
    </p>
   </div>
   <div class='ocr_carea' id='block_1_17' title="bbox 160 794 947 832">
    <p class='ocr_par' dir='ltr' id='par_1_17' title="bbox 160 794 947 832">
     <span class='ocr_line' id='line_1_17' title="bbox 160 794 947 832; baseline 0.009 -11"><span class='ocrx_word' id='word_1_118' title='bbox 160 795 286 830; x_wconf 71' lang='grc' dir='ltr'>εύχεσθαι</span> <span class='ocrx_word' id='word_1_119' title='bbox 306 795 413 830; x_wconf 74' lang='grc' dir='ltr'>καθαρᾷ</span> <span class='ocrx_word' id='word_1_120' title='bbox 427 797 461 830; x_wconf 83' lang='grc' dir='ltr'>τῇ</span> <span class='ocrx_word' id='word_1_121' title='bbox 480 795 578 830; x_wconf 72' lang='grc' dir='ltr'>καρδίᾳ</span> <span class='ocrx_word' id='word_1_122' title='bbox 591 795 636 820; x_wconf 80' lang='grc' dir='ltr'><strong>καὶ</strong></span> <span class='ocrx_word' id='word_1_123' title='bbox 654 794 776 832; x_wconf 69' lang='grc' dir='ltr'><strong>ἀῤῥύπῳι</strong></span> <span class='ocrx_word' id='word_1_124' title='bbox 793 795 888 821; x_wconf 67' lang='grc' dir='ltr'>καίτοι</span> <span class='ocrx_word' id='word_1_125' title='bbox 915 804 947 828; x_wconf 81' lang='grc' dir='ltr'>γε</span> 
     </span>
    </p>
   </div>
   <div class='ocr_carea' id='block_1_18' title="bbox 159 841 947 877">
    <p class='ocr_par' dir='ltr' id='par_1_18' title="bbox 159 841 947 877">
     <span class='ocr_line' id='line_1_18' title="bbox 159 841 947 877; baseline 0.001 -10"><span class='ocrx_word' id='word_1_126' title='bbox 159 842 205 867; x_wconf 75' lang='grc' dir='ltr'><strong>καὶ</strong></span> <span class='ocrx_word' id='word_1_127' title='bbox 220 841 336 877; x_wconf 76' lang='grc' dir='ltr'>ἐχθροὺς</span> <span class='ocrx_word' id='word_1_128' title='bbox 350 843 364 868; x_wconf 83' lang='grc' dir='ltr'><strong><em>ὁ</em></strong></span> <span class='ocrx_word' id='word_1_129' title='bbox 379 841 480 876; x_wconf 84' lang='grc' dir='ltr'>Κύριος</span> <span class='ocrx_word' id='word_1_130' title='bbox 495 841 605 876; x_wconf 83' lang='grc' dir='ltr'><strong>ἀγαπᾷν</strong></span> <span class='ocrx_word' id='word_1_131' title='bbox 630 842 794 876; x_wconf 77' lang='grc' dir='ltr'>προσέταξεν</span> <span class='ocrx_word' id='word_1_132' title='bbox 807 862 813 872; x_wconf 83' lang='lat'>,</span> <span class='ocrx_word' id='word_1_133' title='bbox 838 842 898 876; x_wconf 75' lang='grc' dir='ltr'>οὐχὶ</span> <span class='ocrx_word' id='word_1_134' title='bbox 920 842 947 868; x_wconf 80' lang='grc' dir='ltr'><strong>’δὲ</strong></span> 
     </span>
    </p>
   </div>
   <div class='ocr_carea' id='block_1_19' title="bbox 159 887 945 923">
    <p class='ocr_par' dir='ltr' id='par_1_19' title="bbox 159 887 945 923">
     <span class='ocr_line' id='line_1_19' title="bbox 159 887 945 923; baseline 0 -10"><span class='ocrx_word' id='word_1_135' title='bbox 159 887 278 918; x_wconf 70' lang='grc' dir='ltr'>καὶτοὺς</span> <span class='ocrx_word' id='word_1_136' title='bbox 291 887 383 921; x_wconf 80' lang='grc' dir='ltr'>φίλους</span> <span class='ocrx_word' id='word_1_137' title='bbox 399 888 496 922; x_wconf 75' lang='grc' dir='ltr'>μισεῖν*</span> <span class='ocrx_word' id='word_1_138' title='bbox 513 888 560 913; x_wconf 75' lang='grc' dir='ltr'><strong>καὶ</strong></span> <span class='ocrx_word' id='word_1_139' title='bbox 576 888 590 913; x_wconf 83' lang='grc' dir='ltr'>ὀ</span> <span class='ocrx_word' id='word_1_140' title='bbox 604 887 752 922; x_wconf 75' lang='grc' dir='ltr'>νομοθέτης</span> <span class='ocrx_word' id='word_1_141' title='bbox 773 888 865 923; x_wconf 75' lang='grc' dir='ltr'>φησίψ</span> <span class='ocrx_word' id='word_1_142' title='bbox 886 898 894 912; x_wconf 78' lang='grc' dir='ltr'><strong>ι</strong></span> <span class='ocrx_word' id='word_1_143' title='bbox 908 889 945 914; x_wconf 75' lang='grc' dir='ltr'><strong>Οὐ</strong></span> 
     </span>
    </p>
   </div>
   <div class='ocr_carea' id='block_1_20' title="bbox 159 933 945 969">
    <p class='ocr_par' dir='ltr' id='par_1_20' title="bbox 159 933 945 969">
     <span class='ocr_line' id='line_1_20' title="bbox 159 933 945 969; baseline 0.001 -10"><span class='ocrx_word' id='word_1_144' title='bbox 159 934 286 969; x_wconf 77' lang='grc' dir='ltr'><strong>μισήσεις</strong></span> <span class='ocrx_word' id='word_1_145' title='bbox 299 934 387 960; x_wconf 78' lang='grc' dir='ltr'>πάντα</span> <span class='ocrx_word' id='word_1_146' title='bbox 401 933 554 968; x_wconf 76' lang='grc' dir='ltr'>ἄνθρωποψ</span> <span class='ocrx_word' id='word_1_147' title='bbox 571 934 601 960; x_wconf 75' lang='grc' dir='ltr'><strong>οὐ</strong></span> <span class='ocrx_word' id='word_1_148' title='bbox 626 934 750 969; x_wconf 83' lang='grc' dir='ltr'>μισήσεις</span> <span class='ocrx_word' id='word_1_149' title='bbox 765 934 810 960; x_wconf 82' lang='grc' dir='ltr'>τὸν</span> <span class='ocrx_word' id='word_1_150' title='bbox 833 934 945 968; x_wconf 68' lang='grc' dir='ltr'>ἀδελφόν</span> 
     </span>
    </p>
   </div>
   <div class='ocr_carea' id='block_1_21' title="bbox 159 979 945 1015">
    <p class='ocr_par' dir='ltr' id='par_1_21' title="bbox 159 979 945 1015">
     <span class='ocr_line' id='line_1_21' title="bbox 159 979 945 1015; baseline 0.001 -10"><span class='ocrx_word' id='word_1_151' title='bbox 159 988 205 1006; x_wconf 83' lang='grc' dir='ltr'>σου</span> <span class='ocrx_word' id='word_1_152' title='bbox 219 981 252 1014; x_wconf 83' lang='grc' dir='ltr'>τῇ</span> <span class='ocrx_word' id='word_1_153' title='bbox 267 979 369 1015; x_wconf 69' lang='grc' dir='ltr'>διανοίᾳ</span> <span class='ocrx_word' id='word_1_154' title='bbox 394 988 450 1005; x_wconf 81' lang='grc' dir='ltr'>σου·</span> <span class='ocrx_word' id='word_1_155' title='bbox 479 979 585 1014; x_wconf 80' lang='grc' dir='ltr'>ἐλεγμῷ</span> <span class='ocrx_word' id='word_1_156' title='bbox 613 979 732 1013; x_wconf 77' lang='grc' dir='ltr'>ὲλέγξεις</span> <span class='ocrx_word' id='word_1_157' title='bbox 761 980 806 1005; x_wconf 85' lang='grc' dir='ltr'><strong>τὸν</strong></span> <span class='ocrx_word' id='word_1_158' title='bbox 834 980 945 1014; x_wconf 74' lang='grc' dir='ltr'>ἀδελφόν</span> 
     </span>
    </p>
   </div>
   <div class='ocr_carea' id='block_1_22' title="bbox 158 1025 946 1061">
    <p class='ocr_par' dir='ltr' id='par_1_22' title="bbox 158 1025 946 1061">
     <span class='ocr_line' id='line_1_22' title="bbox 158 1025 946 1061; baseline 0.001 -10"><span class='ocrx_word' id='word_1_159' title='bbox 158 1034 206 1051; x_wconf 86' lang='grc' dir='ltr'>σου</span> <span class='ocrx_word' id='word_1_160' title='bbox 219 1045 226 1056; x_wconf 91' lang='grc'><strong>,</strong></span> <span class='ocrx_word' id='word_1_161' title='bbox 244 1026 291 1051; x_wconf 75' lang='grc' dir='ltr'>καὶ</span> <span class='ocrx_word' id='word_1_162' title='bbox 305 1026 335 1051; x_wconf 86' lang='grc' dir='ltr'><strong>οὐ</strong></span> <span class='ocrx_word' id='word_1_163' title='bbox 364 1025 434 1060; x_wconf 76' lang='grc' dir='ltr'>λήψῃ</span> <span class='ocrx_word' id='word_1_164' title='bbox 448 1025 487 1050; x_wconf 87' lang='grc' dir='ltr'>δι’</span> <span class='ocrx_word' id='word_1_165' title='bbox 500 1025 581 1051; x_wconf 70' lang='grc' dir='ltr'>αὑτὸν</span> <span class='ocrx_word' id='word_1_166' title='bbox 598 1026 743 1060; x_wconf 84' lang='grc' dir='ltr'>ἁμαρτίαν·</span> <span class='ocrx_word' id='word_1_167' title='bbox 760 1026 791 1052; x_wconf 74' lang='grc' dir='ltr'><strong>οὐ</strong></span> <span class='ocrx_word' id='word_1_168' title='bbox 821 1027 946 1061; x_wconf 83' lang='grc' dir='ltr'>μισήσεις</span> 
     </span>
    </p>
   </div>
   <div class='ocr_carea' id='block_1_23' title="bbox 157 1069 947 1107">
    <p class='ocr_par' dir='ltr' id='par_1_23' title="bbox 157 1069 947 1107">
     <span class='ocr_line' id='line_1_23' title="bbox 157 1069 947 1107; baseline 0.001 -10"><span class='ocrx_word' id='word_1_169' title='bbox 157 1071 317 1105; x_wconf 76' lang='grc' dir='ltr'>Αἰγύπτιον,</span> <span class='ocrx_word' id='word_1_170' title='bbox 332 1072 372 1097; x_wconf 81' lang='grc' dir='ltr'>ὅτι</span> <span class='ocrx_word' id='word_1_171' title='bbox 387 1071 517 1106; x_wconf 77' lang='grc' dir='ltr'>πάροικος</span> <span class='ocrx_word' id='word_1_172' title='bbox 531 1069 602 1106; x_wconf 80' lang='grc' dir='ltr'>ἦσθα</span> <span class='ocrx_word' id='word_1_173' title='bbox 616 1072 681 1106; x_wconf 71' lang='grc' dir='ltr'>παρ’</span> <span class='ocrx_word' id='word_1_174' title='bbox 702 1071 785 1105; x_wconf 83' lang='grc' dir='ltr'>αὐτῷ·</span> <span class='ocrx_word' id='word_1_175' title='bbox 805 1072 835 1098; x_wconf 79' lang='grc' dir='ltr'>οὐ</span> <span class='ocrx_word' id='word_1_176' title='bbox 866 1073 947 1107; x_wconf 86' lang='grc' dir='ltr'>μισή-</span> 
     </span>
    </p>
   </div>
   <div class='ocr_carea' id='block_1_24' title="bbox 158 1117 946 1152">
    <p class='ocr_par' dir='ltr' id='par_1_24' title="bbox 158 1117 946 1152">
     <span class='ocr_line' id='line_1_24' title="bbox 158 1117 946 1152; baseline 0.001 -9"><span class='ocrx_word' id='word_1_177' title='bbox 158 1126 216 1149; x_wconf 85' lang='grc' dir='ltr'>σεις</span> <span class='ocrx_word' id='word_1_178' title='bbox 236 1117 394 1152; x_wconf 81' lang='grc' dir='ltr'>Ἰδουμαίον,</span> <span class='ocrx_word' id='word_1_179' title='bbox 410 1118 451 1143; x_wconf 82' lang='grc' dir='ltr'>ὅτι</span> <span class='ocrx_word' id='word_1_180' title='bbox 479 1117 591 1151; x_wconf 78' lang='grc' dir='ltr'>ἁδελφός</span> <span class='ocrx_word' id='word_1_181' title='bbox 616 1127 661 1144; x_wconf 80' lang='grc' dir='ltr'><strong>σου</strong></span> <span class='ocrx_word' id='word_1_182' title='bbox 677 1118 744 1144; x_wconf 76' lang='grc' dir='ltr'>ἐστί.</span> <span class='ocrx_word' id='word_1_183' title='bbox 766 1128 775 1143; x_wconf 75' lang='grc' dir='ltr'><strong>ι</strong></span> <span class='ocrx_word' id='word_1_184' title='bbox 794 1119 849 1146; x_wconf 72' lang='grc' dir='ltr'>Καὶ</span> <span class='ocrx_word' id='word_1_185' title='bbox 862 1120 876 1144; x_wconf 86' lang='grc' dir='ltr'><strong>ὁ</strong></span> <span class='ocrx_word' id='word_1_186' title='bbox 895 1120 946 1144; x_wconf 80' lang='grc' dir='ltr'><strong>Δα-</strong></span> 
     </span>
    </p>
   </div>
   <div class='ocr_carea' id='block_1_25' title="bbox 156 1163 945 1199">
    <p class='ocr_par' dir='ltr' id='par_1_25' title="bbox 156 1163 945 1199">
     <span class='ocr_line' id='line_1_25' title="bbox 156 1163 945 1199; baseline 0.001 -10"><span class='ocrx_word' id='word_1_187' title='bbox 156 1163 199 1189; x_wconf 78' lang='grc' dir='ltr'>6¹ιδ</span> <span class='ocrx_word' id='word_1_188' title='bbox 214 1164 297 1197; x_wconf 84' lang='grc' dir='ltr'>λέγει·</span> <span class='ocrx_word' id='word_1_189' title='bbox 330 1173 338 1188; x_wconf 80' lang='grc' dir='ltr'><strong>ι</strong></span> <span class='ocrx_word' id='word_1_190' title='bbox 366 1164 397 1190; x_wconf 85' lang='grc' dir='ltr'>Εἰ</span> <span class='ocrx_word' id='word_1_191' title='bbox 412 1164 589 1190; x_wconf 80' lang='grc' dir='ltr'>ἀνταπέδωκα</span> <span class='ocrx_word' id='word_1_192' title='bbox 607 1166 662 1195; x_wconf 80' lang='grc' dir='ltr'>τοῖς</span> <span class='ocrx_word' id='word_1_193' title='bbox 671 1164 877 1190; x_wconf 78' lang='grc' dir='ltr'>ἁνταποδιδοῦσί</span> <span class='ocrx_word' id='word_1_194' title='bbox 901 1173 945 1199; x_wconf 89' lang='grc' dir='ltr'><strong>μοι</strong></span> 
     </span>
    </p>
   </div>
   <div class='ocr_carea' id='block_1_26' title="bbox 155 1209 946 1246">
    <p class='ocr_par' dir='ltr' id='par_1_26' title="bbox 155 1209 946 1246">
     <span class='ocr_line' id='line_1_26' title="bbox 155 1209 946 1246; baseline 0.001 -10"><span class='ocrx_word' id='word_1_195' title='bbox 155 1210 236 1236; x_wconf 71' lang='grc' dir='ltr'>κακά.</span> <span class='ocrx_word' id='word_1_196' title='bbox 261 1220 269 1234; x_wconf 72' lang='grc' dir='ltr'><strong>ι</strong></span> <span class='ocrx_word' id='word_1_197' title='bbox 287 1210 366 1236; x_wconf 85' lang='grc' dir='ltr'>Ὅθεν</span> <span class='ocrx_word' id='word_1_198' title='bbox 380 1211 404 1236; x_wconf 87' lang='grc' dir='ltr'><strong>εί</strong></span> <span class='ocrx_word' id='word_1_199' title='bbox 419 1211 580 1246; x_wconf 81' lang='grc' dir='ltr'>Χριστιανὸς</span> <span class='ocrx_word' id='word_1_200' title='bbox 596 1210 683 1242; x_wconf 78' lang='grc' dir='ltr'>θέλεις</span> <span class='ocrx_word' id='word_1_201' title='bbox 703 1209 787 1242; x_wconf 67' lang='grc' dir='ltr'>εἶναι,</span> <span class='ocrx_word' id='word_1_202' title='bbox 804 1211 946 1243; x_wconf 69' lang='grc' dir='ltr'>ἐξακολου-</span> 
     </span>
    </p>
   </div>
   <div class='ocr_carea' id='block_1_27' title="bbox 156 1255 947 1293">
    <p class='ocr_par' dir='ltr' id='par_1_27' title="bbox 156 1255 947 1293">
     <span class='ocr_line' id='line_1_27' title="bbox 156 1255 947 1293; baseline 0.004 -12"><span class='ocrx_word' id='word_1_203' title='bbox 156 1255 196 1281; x_wconf 80' lang='grc' dir='ltr'>θει</span> <span class='ocrx_word' id='word_1_204' title='bbox 206 1255 244 1291; x_wconf 78' lang='grc' dir='ltr'><strong>τῷ</strong></span> <span class='ocrx_word' id='word_1_205' title='bbox 260 1255 308 1282; x_wconf 78' lang='grc' dir='ltr'><strong>τοῦ</strong></span> <span class='ocrx_word' id='word_1_206' title='bbox 324 1257 428 1292; x_wconf 84' lang='grc' dir='ltr'><strong>Κυρίου</strong></span> <span class='ocrx_word' id='word_1_207' title='bbox 444 1257 528 1292; x_wconf 81' lang='grc' dir='ltr'>νόμῳ·</span> <span class='ocrx_word' id='word_1_208' title='bbox 540 1267 549 1282; x_wconf 82' lang='grc' dir='ltr'><strong>ι</strong></span> <span class='ocrx_word' id='word_1_209' title='bbox 567 1257 621 1283; x_wconf 81' lang='grc' dir='ltr'>Λὺε</span> <span class='ocrx_word' id='word_1_210' title='bbox 637 1258 723 1284; x_wconf 77' lang='grc' dir='ltr'>πάντα</span> <span class='ocrx_word' id='word_1_211' title='bbox 735 1257 883 1293; x_wconf 81' lang='grc' dir='ltr'>σύνδεσμον</span> <span class='ocrx_word' id='word_1_212' title='bbox 894 1258 947 1284; x_wconf 84' lang='grc' dir='ltr'>ἀδι-</span> 
     </span>
    </p>
   </div>
   <div class='ocr_carea' id='block_1_28' title="bbox 156 1302 945 1338">
    <p class='ocr_par' dir='ltr' id='par_1_28' title="bbox 156 1302 945 1338">
     <span class='ocr_line' id='line_1_28' title="bbox 156 1302 945 1338; baseline 0.003 -10"><span class='ocrx_word' id='word_1_213' title='bbox 156 1303 226 1333; x_wconf 78' lang='grc' dir='ltr'>κίας.</span> <span class='ocrx_word' id='word_1_214' title='bbox 238 1313 246 1327; x_wconf 75' lang='grc' dir='ltr'><strong>ι</strong></span> <span class='ocrx_word' id='word_1_215' title='bbox 269 1302 331 1329; x_wconf 85' lang='grc' dir='ltr'>Ἐπὶ</span> <span class='ocrx_word' id='word_1_216' title='bbox 346 1304 386 1329; x_wconf 78' lang='grc' dir='ltr'>σο).</span> <span class='ocrx_word' id='word_1_217' title='bbox 400 1303 454 1338; x_wconf 79' lang='grc' dir='ltr'><strong>γὰρ</strong></span> <span class='ocrx_word' id='word_1_218' title='bbox 466 1305 480 1330; x_wconf 84' lang='grc' dir='ltr'><strong>ὁ</strong></span> <span class='ocrx_word' id='word_1_219' title='bbox 493 1304 595 1338; x_wconf 81' lang='grc' dir='ltr'>Κύριος</span> <span class='ocrx_word' id='word_1_220' title='bbox 609 1304 732 1336; x_wconf 80' lang='grc' dir='ltr'>ἐξουσίαν</span> <span class='ocrx_word' id='word_1_221' title='bbox 747 1303 823 1330; x_wconf 73' lang='grc' dir='ltr'>ἔθετο</span> <span class='ocrx_word' id='word_1_222' title='bbox 837 1304 945 1338; x_wconf 78' lang='grc' dir='ltr'>ἀφιέναι</span> 
     </span>
    </p>
   </div>
   <div class='ocr_carea' id='block_1_29' title="bbox 156 1348 946 1386">
    <p class='ocr_par' dir='ltr' id='par_1_29' title="bbox 156 1348 946 1386">
     <span class='ocr_line' id='line_1_29' title="bbox 156 1348 946 1386; baseline 0.006 -13"><span class='ocrx_word' id='word_1_223' title='bbox 156 1348 290 1384; x_wconf 86' lang='grc' dir='ltr'>ἁμαρτίας</span> <span class='ocrx_word' id='word_1_224' title='bbox 303 1349 342 1384; x_wconf 84' lang='grc' dir='ltr'><strong>τῷ</strong></span> <span class='ocrx_word' id='word_1_225' title='bbox 357 1349 461 1384; x_wconf 77' lang='grc' dir='ltr'>ἀδελφῷ</span> <span class='ocrx_word' id='word_1_226' title='bbox 476 1350 524 1381; x_wconf 78' lang='grc' dir='ltr'><strong>τὰς</strong></span> <span class='ocrx_word' id='word_1_227' title='bbox 538 1351 577 1381; x_wconf 80' lang='grc' dir='ltr'>εἰς</span> <span class='ocrx_word' id='word_1_228' title='bbox 594 1351 623 1377; x_wconf 81' lang='grc' dir='ltr'>σὲ</span> <span class='ocrx_word' id='word_1_229' title='bbox 637 1351 794 1386; x_wconf 81' lang='grc' dir='ltr'>γενομένας,</span> <span class='ocrx_word' id='word_1_230' title='bbox 824 1351 876 1382; x_wconf 82' lang='grc' dir='ltr'>ἓως</span> <span class='ocrx_word' id='word_1_231' title='bbox 901 1352 946 1378; x_wconf 78' lang='grc' dir='ltr'><strong>ἐϐ-</strong></span> 
     </span>
    </p>
   </div>
   <div class='ocr_carea' id='block_1_30' title="bbox 155 1394 946 1433">
    <p class='ocr_par' dir='ltr' id='par_1_30' title="bbox 155 1394 946 1433">
     <span class='ocr_line' id='line_1_30' title="bbox 155 1394 946 1433; baseline 0.005 -14"><span class='ocrx_word' id='word_1_232' title='bbox 155 1394 349 1430; x_wconf 80' lang='grc' dir='ltr'>δομηκοντάκις</span> <span class='ocrx_word' id='word_1_233' title='bbox 365 1395 443 1421; x_wconf 76' lang='grc' dir='ltr'>ἑπτά·</span> <span class='ocrx_word' id='word_1_234' title='bbox 454 1395 796 1432; x_wconf 71' lang='grc' dir='ltr'>τουτέστι,τετρακοσίας⁸¹</span> <span class='ocrx_word' id='word_1_235' title='bbox 806 1398 946 1433; x_wconf 75' lang='grc' dir='ltr'>ἐνενήκον-</span> 
     </span>
    </p>
   </div>
   <div class='ocr_carea' id='block_1_31' title="bbox 155 1439 944 1479">
    <p class='ocr_par' dir='ltr' id='par_1_31' title="bbox 155 1439 944 1479">
     <span class='ocr_line' id='line_1_31' title="bbox 155 1439 944 1479; baseline 0.006 -14"><span class='ocrx_word' id='word_1_236' title='bbox 155 1448 196 1466; x_wconf 82' lang='grc' dir='ltr'>τα.</span> <span class='ocrx_word' id='word_1_237' title='bbox 213 1441 332 1472; x_wconf 78' lang='grc' dir='ltr'>Ποσάκις</span> <span class='ocrx_word' id='word_1_238' title='bbox 346 1439 392 1467; x_wconf 84' lang='grc' dir='ltr'>οὖν</span> <span class='ocrx_word' id='word_1_239' title='bbox 422 1442 471 1477; x_wconf 66' lang='grc' dir='ltr'><strong>ἤδη</strong></span> <span class='ocrx_word' id='word_1_240' title='bbox 483 1442 592 1477; x_wconf 78' lang='grc' dir='ltr'>ἀφῆκας</span> <span class='ocrx_word' id='word_1_241' title='bbox 606 1442 644 1477; x_wconf 85' lang='grc' dir='ltr'><strong>τῷ</strong></span> <span class='ocrx_word' id='word_1_242' title='bbox 658 1442 763 1477; x_wconf 74' lang='grc' dir='ltr'>ἀδελφῷ</span> <span class='ocrx_word' id='word_1_243' title='bbox 779 1452 836 1474; x_wconf 85' lang='grc' dir='ltr'>σου,</span> <span class='ocrx_word' id='word_1_244' title='bbox 853 1444 896 1470; x_wconf 82' lang='grc' dir='ltr'>ἵνα</span> <span class='ocrx_word' id='word_1_245' title='bbox 908 1444 944 1479; x_wconf 84' lang='grc' dir='ltr'>μὴ</span> 
     </span>
    </p>
   </div>
   <div class='ocr_carea' id='block_1_32' title="bbox 156 1486 945 1523">
    <p class='ocr_par' dir='ltr' id='par_1_32' title="bbox 156 1486 945 1523">
     <span class='ocr_line' id='line_1_32' title="bbox 156 1486 945 1523; baseline 0.005 -11"><span class='ocrx_word' id='word_1_246' title='bbox 156 1486 192 1520; x_wconf 82' lang='grc'><strong>(6)</strong></span> <span class='ocrx_word' id='word_1_247' title='bbox 209 1486 327 1523; x_wconf 82' lang='grc' dir='ltr'>θελήσῃς</span> <span class='ocrx_word' id='word_1_248' title='bbox 340 1487 414 1522; x_wconf 80' lang='grc' dir='ltr'><strong>αὑτῷ</strong></span> <span class='ocrx_word' id='word_1_249' title='bbox 442 1488 551 1522; x_wconf 77' lang='grc' dir='ltr'>ἀφιέναι</span> <span class='ocrx_word' id='word_1_250' title='bbox 565 1489 612 1515; x_wconf 84' lang='grc' dir='ltr'>καὶ</span> <span class='ocrx_word' id='word_1_251' title='bbox 625 1488 683 1521; x_wconf 82' lang='grc' dir='ltr'><strong>νῦν;</strong></span> <span class='ocrx_word' id='word_1_252' title='bbox 712 1490 810 1516; x_wconf 81' lang='grc' dir='ltr'>Καίτοι</span> <span class='ocrx_word' id='word_1_253' title='bbox 826 1489 945 1522; x_wconf 83' lang='grc' dir='ltr'>ἀκούσας</span> 
     </span>
    </p>
   </div>
   <div class='ocr_carea' id='block_1_33' title="bbox 155 1531 943 1570">
    <p class='ocr_par' dir='ltr' id='par_1_33' title="bbox 155 1531 943 1570">
     <span class='ocr_line' id='line_1_33' title="bbox 155 1531 943 1570; baseline 0.005 -12"><span class='ocrx_word' id='word_1_254' title='bbox 155 1531 201 1558; x_wconf 82' lang='grc' dir='ltr'><strong>τοῦ</strong></span> <span class='ocrx_word' id='word_1_255' title='bbox 221 1531 353 1568; x_wconf 83' lang='grc' dir='ltr'>Ἰερεμίου</span> <span class='ocrx_word' id='word_1_256' title='bbox 369 1533 503 1567; x_wconf 83' lang='grc' dir='ltr'>λέγοντος,</span> <span class='ocrx_word' id='word_1_257' title='bbox 520 1534 560 1560; x_wconf 83' lang='grc' dir='ltr'><strong>ὅτι</strong></span> <span class='ocrx_word' id='word_1_258' title='bbox 578 1543 586 1559; x_wconf 80' lang='grc' dir='ltr'><strong>ι</strong></span> <span class='ocrx_word' id='word_1_259' title='bbox 604 1534 719 1566; x_wconf 77' lang='grc' dir='ltr'>ἕκαστος</span> <span class='ocrx_word' id='word_1_260' title='bbox 732 1535 781 1570; x_wconf 76' lang='grc' dir='ltr'><strong>τὴν</strong></span> <span class='ocrx_word' id='word_1_261' title='bbox 790 1535 887 1562; x_wconf 84' lang='grc' dir='ltr'>κακίαν</span> <span class='ocrx_word' id='word_1_262' title='bbox 896 1535 943 1562; x_wconf 78' lang='grc' dir='ltr'><strong>τοῦ</strong></span> 
     </span>
    </p>
   </div>
   <div class='ocr_carea' id='block_1_34' title="bbox 155 1578 978 1619">
    <p class='ocr_par' dir='ltr' id='par_1_34' title="bbox 155 1578 978 1619">
     <span class='ocr_line' id='line_1_34' title="bbox 155 1578 978 1619; baseline 0.005 -16"><span class='ocrx_word' id='word_1_263' title='bbox 155 1578 268 1613; x_wconf 76' lang='grc' dir='ltr'>πλησίον</span> <span class='ocrx_word' id='word_1_264' title='bbox 282 1578 364 1605; x_wconf 75' lang='grc' dir='ltr'>αὑτοῦ</span> <span class='ocrx_word' id='word_1_265' title='bbox 381 1580 418 1614; x_wconf 89' lang='grc' dir='ltr'>μὴ</span> <span class='ocrx_word' id='word_1_266' title='bbox 433 1579 572 1613; x_wconf 77' lang='grc' dir='ltr'>λογίζεσθε</span> <span class='ocrx_word' id='word_1_267' title='bbox 587 1580 616 1606; x_wconf 81' lang='grc' dir='ltr'>ὲν</span> <span class='ocrx_word' id='word_1_268' title='bbox 630 1582 689 1612; x_wconf 79' lang='grc' dir='ltr'>ταῖς</span> <span class='ocrx_word' id='word_1_269' title='bbox 703 1581 827 1616; x_wconf 81' lang='grc' dir='ltr'>καρδίαις</span> <span class='ocrx_word' id='word_1_270' title='bbox 839 1581 941 1617; x_wconf 75' lang='grc' dir='ltr'>ὑμῶν.ι</span> <span class='ocrx_word' id='word_1_271' title='bbox 958 1591 978 1619; x_wconf 79' lang='lat' dir='ltr'><strong>c</strong></span> 
     </span>
    </p>
   </div>
   <div class='ocr_carea' id='block_1_35' title="bbox 156 1623 943 1662">
    <p class='ocr_par' dir='ltr' id='par_1_35' title="bbox 156 1623 943 1662">
     <span class='ocr_line' id='line_1_35' title="bbox 156 1623 943 1662; baseline 0.006 -13"><span class='ocrx_word' id='word_1_272' title='bbox 156 1623 231 1650; x_wconf 72' lang='grc' dir='ltr'>Σίιδὲ</span> <span class='ocrx_word' id='word_1_273' title='bbox 246 1627 434 1659; x_wconf 84' lang='grc' dir='ltr'>μνησικακείς,</span> <span class='ocrx_word' id='word_1_274' title='bbox 449 1626 496 1652; x_wconf 73' lang='grc' dir='ltr'><strong>καὶ</strong></span> <span class='ocrx_word' id='word_1_275' title='bbox 524 1627 665 1661; x_wconf 81' lang='grc' dir='ltr'>συντηρείς</span> <span class='ocrx_word' id='word_1_276' title='bbox 693 1626 730 1661; x_wconf 86' lang='grc'><strong>(7)</strong></span> <span class='ocrx_word' id='word_1_277' title='bbox 758 1626 873 1662; x_wconf 74' lang='grc' dir='ltr'>ἔχθραν,</span> <span class='ocrx_word' id='word_1_278' title='bbox 897 1628 943 1654; x_wconf 78' lang='grc' dir='ltr'>καὶ</span> 
     </span>
    </p>
   </div>
   <div class='ocr_carea' id='block_1_36' title="bbox 156 1670 944 1709">
    <p class='ocr_par' dir='ltr' id='par_1_36' title="bbox 156 1670 944 1709">
     <span class='ocr_line' id='line_1_36' title="bbox 156 1670 944 1709; baseline 0.006 -14"><span class='ocrx_word' id='word_1_279' title='bbox 156 1670 200 1696; x_wconf 80' lang='grc' dir='ltr'>ἐπὶ</span> <span class='ocrx_word' id='word_1_280' title='bbox 218 1671 307 1705; x_wconf 88' lang='grc' dir='ltr'>κρίσιν</span> <span class='ocrx_word' id='word_1_281' title='bbox 326 1670 403 1706; x_wconf 77' lang='grc' dir='ltr'>ἔρχῃ,</span> <span class='ocrx_word' id='word_1_282' title='bbox 420 1672 466 1698; x_wconf 80' lang='grc' dir='ltr'>καὶ</span> <span class='ocrx_word' id='word_1_283' title='bbox 481 1672 560 1707; x_wconf 84' lang='grc' dir='ltr'>μῆνιν</span> <span class='ocrx_word' id='word_1_284' title='bbox 579 1673 681 1707; x_wconf 82' lang='grc' dir='ltr'>ὐφορᾷς</span> <span class='ocrx_word' id='word_1_285' title='bbox 692 1672 739 1707; x_wconf 88' lang='grc'><strong>(8),</strong></span> <span class='ocrx_word' id='word_1_286' title='bbox 756 1673 803 1699; x_wconf 75' lang='grc' dir='ltr'><strong>καὶ</strong></span> <span class='ocrx_word' id='word_1_287' title='bbox 822 1673 838 1708; x_wconf 88' lang='grc' dir='ltr'>ή</span> <span class='ocrx_word' id='word_1_288' title='bbox 859 1682 944 1709; x_wconf 84' lang='grc' dir='ltr'>προσ-</span> 
     </span>
    </p>
   </div>
   <div class='ocr_carea' id='block_1_37' title="bbox 155 1717 943 1754">
    <p class='ocr_par' dir='ltr' id='par_1_37' title="bbox 155 1717 943 1754">
     <span class='ocr_line' id='line_1_37' title="bbox 155 1717 943 1754; baseline 0.004 -12"><span class='ocrx_word' id='word_1_289' title='bbox 155 1717 220 1752; x_wconf 80' lang='grc' dir='ltr'>ευχή</span> <span class='ocrx_word' id='word_1_290' title='bbox 236 1725 284 1743; x_wconf 86' lang='grc' dir='ltr'>σου</span> <span class='ocrx_word' id='word_1_291' title='bbox 298 1717 483 1753; x_wconf 69' lang='grc' dir='ltr'>ὲμποδίζεται.</span> <span class='ocrx_word' id='word_1_292' title='bbox 507 1718 581 1744; x_wconf 83' lang='grc' dir='ltr'>Ἀλλ’</span> <span class='ocrx_word' id='word_1_293' title='bbox 595 1719 619 1744; x_wconf 82' lang='grc' dir='ltr'>εὶ</span> <span class='ocrx_word' id='word_1_294' title='bbox 646 1719 693 1744; x_wconf 85' lang='grc' dir='ltr'><strong>καὶ</strong></span> <span class='ocrx_word' id='word_1_295' title='bbox 719 1718 753 1744; x_wconf 77' lang='grc' dir='ltr'>τὰ</span> <span class='ocrx_word' id='word_1_296' title='bbox 780 1719 943 1754; x_wconf 82' lang='grc' dir='ltr'>τετρακόσια</span> 
     </span>
    </p>
   </div>
   <div class='ocr_carea' id='block_1_38' title="bbox 154 1763 942 1800">
    <p class='ocr_par' dir='ltr' id='par_1_38' title="bbox 154 1763 942 1800">
     <span class='ocr_line' id='line_1_38' title="bbox 154 1763 942 1800; baseline 0.003 -11"><span class='ocrx_word' id='word_1_297' title='bbox 154 1764 315 1799; x_wconf 72' lang='grc' dir='ltr'>ἐνενήκοντα</span> <span class='ocrx_word' id='word_1_298' title='bbox 328 1764 406 1798; x_wconf 78' lang='grc' dir='ltr'>ἀφεὶς</span> <span class='ocrx_word' id='word_1_299' title='bbox 420 1764 457 1798; x_wconf 86' lang='grc'><strong>(9)</strong></span> <span class='ocrx_word' id='word_1_300' title='bbox 473 1764 511 1799; x_wconf 85' lang='grc' dir='ltr'><strong>τῷ</strong></span> <span class='ocrx_word' id='word_1_301' title='bbox 527 1763 632 1799; x_wconf 80' lang='grc' dir='ltr'>ἀδελφῷ</span> <span class='ocrx_word' id='word_1_302' title='bbox 653 1772 699 1789; x_wconf 82' lang='grc' dir='ltr'>σου</span> <span class='ocrx_word' id='word_1_303' title='bbox 708 1783 714 1795; x_wconf 84' lang='grc'><strong>,</strong></span> <span class='ocrx_word' id='word_1_304' title='bbox 734 1763 880 1790; x_wconf 85' lang='grc' dir='ltr'>πλεόνασον</span> <span class='ocrx_word' id='word_1_305' title='bbox 894 1765 942 1800; x_wconf 86' lang='grc' dir='ltr'>τὴν</span> 
     </span>
    </p>
   </div>
   <div class='ocr_carea' id='block_1_39' title="bbox 154 1801 940 1845">
    <p class='ocr_par' dir='ltr' id='par_1_39' title="bbox 154 1801 940 1845">
     <span class='ocr_line' id='line_1_39' title="bbox 154 1801 940 1845; baseline 0.001 -10"><span class='ocrx_word' id='word_1_306' title='bbox 154 1809 303 1844; x_wconf 78' lang='grc' dir='ltr'>ἁοργησίαν</span> <span class='ocrx_word' id='word_1_307' title='bbox 317 1810 364 1836; x_wconf 75' lang='grc' dir='ltr'>ἐπὶ</span> <span class='ocrx_word' id='word_1_308' title='bbox 390 1801 481 1836; x_wconf 70' lang='grc' dir='ltr'>πλεῖον</span> <span class='ocrx_word' id='word_1_309' title='bbox 508 1811 548 1841; x_wconf 82' lang='grc' dir='ltr'><strong>εἰς</strong></span> <span class='ocrx_word' id='word_1_310' title='bbox 577 1809 757 1845; x_wconf 86' lang='grc' dir='ltr'>ἀγαθωσύνην</span> <span class='ocrx_word' id='word_1_311' title='bbox 783 1810 823 1836; x_wconf 82' lang='grc' dir='ltr'>δι’</span> <span class='ocrx_word' id='word_1_312' title='bbox 838 1811 940 1836; x_wconf 80' lang='grc' dir='ltr'>ἑαυτόν.</span> 
     </span>
    </p>
   </div>
   <div class='ocr_carea' id='block_1_40' title="bbox 155 1855 943 1891">
    <p class='ocr_par' dir='ltr' id='par_1_40' title="bbox 155 1855 943 1891">
     <span class='ocr_line' id='line_1_40' title="bbox 155 1855 943 1891; baseline 0.001 -10"><span class='ocrx_word' id='word_1_313' title='bbox 155 1855 212 1881; x_wconf 79' lang='grc' dir='ltr'><strong>Κᾶν</strong></span> <span class='ocrx_word' id='word_1_314' title='bbox 226 1856 330 1887; x_wconf 72' lang='grc' dir='ltr'>ἐκεῖνος</span> <span class='ocrx_word' id='word_1_315' title='bbox 346 1856 382 1891; x_wconf 86' lang='grc' dir='ltr'><strong>μὴ</strong></span> <span class='ocrx_word' id='word_1_316' title='bbox 397 1857 478 1886; x_wconf 84' lang='grc' dir='ltr'>ποιεῖ,</span> <span class='ocrx_word' id='word_1_317' title='bbox 494 1856 561 1882; x_wconf 82' lang='grc' dir='ltr'><strong>ἀλλά</strong></span> <span class='ocrx_word' id='word_1_318' title='bbox 574 1864 605 1890; x_wconf 88' lang='grc' dir='ltr'><strong>γε</strong></span> <span class='ocrx_word' id='word_1_319' title='bbox 621 1856 653 1882; x_wconf 82' lang='grc' dir='ltr'><strong>σὺ</strong></span> <span class='ocrx_word' id='word_1_320' title='bbox 667 1856 711 1882; x_wconf 79' lang='grc' dir='ltr'>διὰ</span> <span class='ocrx_word' id='word_1_321' title='bbox 726 1856 770 1882; x_wconf 83' lang='grc' dir='ltr'><strong>τὸν</strong></span> <span class='ocrx_word' id='word_1_322' title='bbox 784 1856 849 1882; x_wconf 85' lang='grc' dir='ltr'>Θεὸν</span> <span class='ocrx_word' id='word_1_323' title='bbox 866 1856 943 1882; x_wconf 74' lang='grc' dir='ltr'>σπού-</span> 
     </span>
    </p>
   </div>
   <div class='ocr_carea' id='block_1_41' title="bbox 154 1901 942 1938">
    <p class='ocr_par' dir='ltr' id='par_1_41' title="bbox 154 1901 942 1938">
     <span class='ocr_line' id='line_1_41' title="bbox 154 1901 942 1938; baseline 0.003 -11"><span class='ocrx_word' id='word_1_324' title='bbox 154 1901 216 1932; x_wconf 80' lang='grc' dir='ltr'>δαζε</span> <span class='ocrx_word' id='word_1_325' title='bbox 230 1902 339 1935; x_wconf 84' lang='grc' dir='ltr'>ἀφιέναι</span> <span class='ocrx_word' id='word_1_326' title='bbox 352 1902 391 1937; x_wconf 83' lang='grc' dir='ltr'>τῷ</span> <span class='ocrx_word' id='word_1_327' title='bbox 407 1902 530 1937; x_wconf 83' lang='grc' dir='ltr'>πλησίον,</span> <span class='ocrx_word' id='word_1_328' title='bbox 546 1903 619 1933; x_wconf 81' lang='grc' dir='ltr'>ὅπως</span> <span class='ocrx_word' id='word_1_329' title='bbox 634 1902 700 1938; x_wconf 86' lang='grc' dir='ltr'>γένῃ</span> <span class='ocrx_word' id='word_1_330' title='bbox 711 1902 767 1934; x_wconf 83' lang='grc' dir='ltr'><strong>υἰὺς</strong></span> <span class='ocrx_word' id='word_1_331' title='bbox 780 1902 826 1928; x_wconf 81' lang='grc' dir='ltr'><strong>τοῦ</strong></span> <span class='ocrx_word' id='word_1_332' title='bbox 836 1903 942 1938; x_wconf 82' lang='grc' dir='ltr'>Πατρός</span> 
     </span>
    </p>
   </div>
   <div class='ocr_carea' id='block_1_42' title="bbox 156 1947 940 1984">
    <p class='ocr_par' dir='ltr' id='par_1_42' title="bbox 156 1947 940 1984">
     <span class='ocr_line' id='line_1_42' title="bbox 156 1947 940 1984; baseline 0.004 -12"><span class='ocrx_word' id='word_1_333' title='bbox 156 1955 200 1972; x_wconf 82' lang='grc' dir='ltr'>σου</span> <span class='ocrx_word' id='word_1_334' title='bbox 214 1947 261 1973; x_wconf 82' lang='grc' dir='ltr'>τοῦ</span> <span class='ocrx_word' id='word_1_335' title='bbox 276 1948 305 1973; x_wconf 75' lang='grc' dir='ltr'>ὲν</span> <span class='ocrx_word' id='word_1_336' title='bbox 318 1948 456 1982; x_wconf 76' lang='grc' dir='ltr'>οὐρανοῖς,</span> <span class='ocrx_word' id='word_1_337' title='bbox 485 1949 530 1975; x_wconf 72' lang='grc' dir='ltr'><strong>καὶ</strong></span> <span class='ocrx_word' id='word_1_338' title='bbox 559 1949 774 1983; x_wconf 80' lang='grc' dir='ltr'>προσευχόμενος</span> <span class='ocrx_word' id='word_1_339' title='bbox 802 1948 940 1984; x_wconf 80' lang='grc' dir='ltr'>ὑπακούῃ,</span> 
     </span>
    </p>
   </div>
   <div class='ocr_carea' id='block_1_43' title="bbox 154 1992 370 2027">
    <p class='ocr_par' dir='ltr' id='par_1_43' title="bbox 154 1992 370 2027">
     <span class='ocr_line' id='line_1_43' title="bbox 154 1992 370 2027; baseline 0.009 -9"><span class='ocrx_word' id='word_1_340' title='bbox 154 1992 191 2024; x_wconf 82' lang='grc' dir='ltr'>ὡς</span> <span class='ocrx_word' id='word_1_341' title='bbox 205 1993 280 2027; x_wconf 83' lang='grc' dir='ltr'>φίλος</span> <span class='ocrx_word' id='word_1_342' title='bbox 294 1993 370 2020; x_wconf 85' lang='grc' dir='ltr'>Θεοῦ.</span> 
     </span>
    </p>
   </div>
   <div class='ocr_carea' id='block_1_44' title="bbox 416 2091 705 2119">
    <p class='ocr_par' dir='ltr' id='par_1_44' title="bbox 416 2091 705 2119">
     <span class='ocr_line' id='line_1_44' title="bbox 416 2091 705 2119; baseline -0.01 -1"><span class='ocrx_word' id='word_1_343' title='bbox 416 2091 624 2119; x_wconf 77' lang='grc' dir='ltr'><strong>ΚΕΦΔΛΑΙΟΝ.</strong></span> <span class='ocrx_word' id='word_1_344' title='bbox 640 2092 691 2119; x_wconf 83' lang='lat' dir='ltr'><strong>NA&#39;</strong></span> <span class='ocrx_word' id='word_1_345' title='bbox 697 2107 705 2115; x_wconf 89' lang='lat'><strong>.</strong></span> 
     </span>
    </p>
   </div>
   <div class='ocr_carea' id='block_1_45' title="bbox 157 2136 941 2172">
    <p class='ocr_par' dir='ltr' id='par_1_45' title="bbox 157 2136 941 2172">
     <span class='ocr_line' id='line_1_45' title="bbox 157 2136 941 2172; baseline 0.004 -10"><span class='ocrx_word' id='word_1_346' title='bbox 157 2136 221 2163; x_wconf 79' lang='grc' dir='ltr'><strong>Ὅτι</strong></span> <span class='ocrx_word' id='word_1_347' title='bbox 235 2136 294 2172; x_wconf 81' lang='grc' dir='ltr'>χρὴ</span> <span class='ocrx_word' id='word_1_348' title='bbox 302 2136 373 2170; x_wconf 84' lang='grc' dir='ltr'>τοὺς</span> <span class='ocrx_word' id='word_1_349' title='bbox 383 2137 568 2170; x_wconf 81' lang='grc' dir='ltr'>ἐπισκόπους</span> <span class='ocrx_word' id='word_1_350' title='bbox 581 2140 618 2165; x_wconf 84' lang='grc' dir='ltr'><strong>τὰ</strong></span> <span class='ocrx_word' id='word_1_351' title='bbox 627 2138 694 2172; x_wconf 76' lang='grc' dir='ltr'>περὶ</span> <span class='ocrx_word' id='word_1_352' title='bbox 707 2137 828 2172; x_wconf 73' lang='grc' dir='ltr'>εἰρήνης</span> <span class='ocrx_word' id='word_1_353' title='bbox 833 2137 880 2166; x_wconf 85' lang='grc' dir='ltr'>διὰ</span> <span class='ocrx_word' id='word_1_354' title='bbox 889 2137 941 2165; x_wconf 84' lang='grc' dir='ltr'><strong>τοῦ</strong></span> 
     </span>
    </p>
   </div>
   <div class='ocr_carea' id='block_1_46' title="bbox 277 2171 809 2207">
    <p class='ocr_par' dir='ltr' id='par_1_46' title="bbox 277 2171 809 2207">
     <span class='ocr_line' id='line_1_46' title="bbox 277 2171 809 2207; baseline 0.006 -9"><span class='ocrx_word' id='word_1_355' title='bbox 277 2171 417 2199; x_wconf 78' lang='grc' dir='ltr'>διακόνου</span> <span class='ocrx_word' id='word_1_356' title='bbox 431 2171 668 2207; x_wconf 55' lang='grc' dir='ltr'>ὑπομιμνήσκειν</span> <span class='ocrx_word' id='word_1_357' title='bbox 681 2173 722 2206; x_wconf 84' lang='grc' dir='ltr'><strong><em>τῷ</em></strong></span> <span class='ocrx_word' id='word_1_358' title='bbox 732 2171 809 2206; x_wconf 51' lang='lat' dir='ltr'><strong>uadi.</strong></span> 
     </span>
    </p>
   </div>
   <div class='ocr_carea' id='block_1_47' title="bbox 189 2215 942 2255">
    <p class='ocr_par' dir='ltr' id='par_1_47' title="bbox 189 2215 942 2255">
     <span class='ocr_line' id='line_1_47' title="bbox 189 2215 942 2255; baseline 0.003 -11"><span class='ocrx_word' id='word_1_359' title='bbox 189 2217 237 2244; x_wconf 84' lang='grc' dir='ltr'><strong>Διὰ</strong></span> <span class='ocrx_word' id='word_1_360' title='bbox 250 2217 339 2250; x_wconf 83' lang='grc' dir='ltr'>τοῦτο,</span> <span class='ocrx_word' id='word_1_361' title='bbox 354 2215 377 2244; x_wconf 85' lang='grc' dir='ltr'>ὦ</span> <span class='ocrx_word' id='word_1_362' title='bbox 390 2218 545 2250; x_wconf 69' lang='grc' dir='ltr'>ἐπίσκοποι,</span> <span class='ocrx_word' id='word_1_363' title='bbox 556 2218 705 2254; x_wconf 80' lang='grc' dir='ltr'>μελλόντων</span> <span class='ocrx_word' id='word_1_364' title='bbox 720 2219 796 2255; x_wconf 81' lang='grc' dir='ltr'>ὑμῶν</span> <span class='ocrx_word' id='word_1_365' title='bbox 811 2219 852 2251; x_wconf 81' lang='grc' dir='ltr'><strong>εἰς</strong></span> <span class='ocrx_word' id='word_1_366' title='bbox 862 2228 942 2255; x_wconf 80' lang='grc' dir='ltr'>προσο</span> 
     </span>
    </p>
   </div>
   <div class='ocr_carea' id='block_1_48' title="bbox 1001 286 1790 322">
    <p class='ocr_par' dir='ltr' id='par_1_48' title="bbox 1001 286 1790 322">
     <span class='ocr_line' id='line_1_48' title="bbox 1001 286 1790 322; baseline 0.001 -8"><span class='ocrx_word' id='word_1_367' title='bbox 1001 287 1085 315; x_wconf 87' lang='lat' dir='ltr'><strong>frater</strong></span> <span class='ocrx_word' id='word_1_368' title='bbox 1106 292 1171 315; x_wconf 86' lang='lat' dir='ltr'><strong>tuus</strong></span> <span class='ocrx_word' id='word_1_369' title='bbox 1202 287 1282 315; x_wconf 90' lang='lat' dir='ltr'><strong>habet</strong></span> <span class='ocrx_word' id='word_1_370' title='bbox 1306 286 1410 322; x_wconf 90' lang='lat' dir='ltr'><strong>aliquid</strong></span> <span class='ocrx_word' id='word_1_371' title='bbox 1442 287 1587 315; x_wconf 86' lang='lat' dir='ltr'><strong>adversum</strong></span> <span class='ocrx_word' id='word_1_372' title='bbox 1600 291 1637 320; x_wconf 89' lang='lat' dir='ltr'><strong>te,</strong></span> <span class='ocrx_word' id='word_1_373' title='bbox 1666 287 1790 322; x_wconf 83' lang='lat' dir='ltr'><strong>relinque</strong></span> 
     </span>
    </p>
   </div>
   <div class='ocr_carea' id='block_1_49' title="bbox 1001 333 1789 367">
    <p class='ocr_par' dir='ltr' id='par_1_49' title="bbox 1001 333 1789 367">
     <span class='ocr_line' id='line_1_49' title="bbox 1001 333 1789 367; baseline 0.001 -7"><span class='ocrx_word' id='word_1_374' title='bbox 1001 334 1039 360; x_wconf 92' lang='lat' dir='ltr'><strong>ibi</strong></span> <span class='ocrx_word' id='word_1_375' title='bbox 1069 341 1168 360; x_wconf 90' lang='lat' dir='ltr'><strong>munus</strong></span> <span class='ocrx_word' id='word_1_376' title='bbox 1196 337 1272 360; x_wconf 90' lang='lat' dir='ltr'><strong>tuum</strong></span> <span class='ocrx_word' id='word_1_377' title='bbox 1301 337 1363 360; x_wconf 89' lang='lat' dir='ltr'><strong>ante</strong></span> <span class='ocrx_word' id='word_1_378' title='bbox 1390 333 1490 364; x_wconf 82' lang='lat' dir='ltr'><strong>altare,</strong></span> <span class='ocrx_word' id='word_1_379' title='bbox 1514 337 1541 360; x_wconf 86' lang='lat' dir='ltr'><strong>et</strong></span> <span class='ocrx_word' id='word_1_380' title='bbox 1556 333 1715 367; x_wconf 69' lang='lat' dir='ltr'><strong>vade,prius</strong></span> <span class='ocrx_word' id='word_1_381' title='bbox 1746 342 1789 361; x_wconf 83' lang='lat' dir='ltr'><strong>re-</strong></span> 
     </span>
    </p>
   </div>
   <div class='ocr_carea' id='block_1_50' title="bbox 1001 379 1788 411">
    <p class='ocr_par' dir='ltr' id='par_1_50' title="bbox 1001 379 1788 411">
     <span class='ocr_line' id='line_1_50' title="bbox 1001 379 1788 411; baseline 0 -5"><span class='ocrx_word' id='word_1_382' title='bbox 1001 380 1149 406; x_wconf 77' lang='lat' dir='ltr'><strong>conciliare</strong></span> <span class='ocrx_word' id='word_1_383' title='bbox 1177 379 1253 406; x_wconf 78' lang='lat' dir='ltr'><strong>fratri</strong></span> <span class='ocrx_word' id='word_1_384' title='bbox 1279 384 1340 408; x_wconf 86' lang='lat' dir='ltr'><strong>tuo:</strong></span> <span class='ocrx_word' id='word_1_385' title='bbox 1366 383 1393 406; x_wconf 79' lang='lat' dir='ltr'><strong>et</strong></span> <span class='ocrx_word' id='word_1_386' title='bbox 1414 384 1479 406; x_wconf 88' lang='lat' dir='ltr'><strong>tunc</strong></span> <span class='ocrx_word' id='word_1_387' title='bbox 1495 379 1616 411; x_wconf 85' lang='lat' dir='ltr'><strong>veniens,</strong></span> <span class='ocrx_word' id='word_1_388' title='bbox 1639 379 1703 407; x_wconf 80' lang='lat' dir='ltr'><strong>oll‘et</strong></span> <span class='ocrx_word' id='word_1_389' title='bbox 1729 388 1788 407; x_wconf 93' lang='lat' dir='ltr'><strong>mu-</strong></span> 
     </span>
    </p>
   </div>
   <div class='ocr_carea' id='block_1_51' title="bbox 1000 424 1788 460">
    <p class='ocr_par' dir='ltr' id='par_1_51' title="bbox 1000 424 1788 460">
     <span class='ocr_line' id='line_1_51' title="bbox 1000 424 1788 460; baseline 0.001 -9"><span class='ocrx_word' id='word_1_390' title='bbox 1000 433 1052 452; x_wconf 88' lang='lat' dir='ltr'><strong>nus</strong></span> <span class='ocrx_word' id='word_1_391' title='bbox 1075 429 1151 452; x_wconf 91' lang='lat' dir='ltr'><strong>tuum</strong></span> <span class='ocrx_word' id='word_1_392' title='bbox 1169 425 1188 452; x_wconf 87' lang='grc'><strong>¹.</strong></span> <span class='ocrx_word' id='word_1_393' title='bbox 1207 435 1215 450; x_wconf 81' lang='grc' dir='ltr'><strong>ι</strong></span> <span class='ocrx_word' id='word_1_394' title='bbox 1252 424 1350 452; x_wconf 87' lang='lat' dir='ltr'><strong>Munus</strong></span> <span class='ocrx_word' id='word_1_395' title='bbox 1371 432 1436 452; x_wconf 90' lang='lat' dir='ltr'><strong>vero</strong></span> <span class='ocrx_word' id='word_1_396' title='bbox 1456 429 1500 452; x_wconf 90' lang='lat' dir='ltr'><strong>est</strong></span> <span class='ocrx_word' id='word_1_397' title='bbox 1515 425 1570 452; x_wconf 85' lang='lat' dir='ltr'><strong>Deo</strong></span> <span class='ocrx_word' id='word_1_398' title='bbox 1594 425 1682 452; x_wconf 86' lang='lat' dir='ltr'><strong>oratio</strong></span> <span class='ocrx_word' id='word_1_399' title='bbox 1696 426 1788 460; x_wconf 82' lang='lat' dir='ltr'><strong>cujus-</strong></span> 
     </span>
    </p>
   </div>
   <div class='ocr_carea' id='block_1_52' title="bbox 1000 470 1789 506">
    <p class='ocr_par' dir='ltr' id='par_1_52' title="bbox 1000 470 1789 506">
     <span class='ocr_line' id='line_1_52' title="bbox 1000 470 1789 506; baseline 0.001 -8"><span class='ocrx_word' id='word_1_400' title='bbox 1000 479 1053 506; x_wconf 93' lang='lat' dir='ltr'><strong>que</strong></span> <span class='ocrx_word' id='word_1_401' title='bbox 1068 476 1094 497; x_wconf 84' lang='lat' dir='ltr'><strong>et</strong></span> <span class='ocrx_word' id='word_1_402' title='bbox 1109 472 1181 498; x_wconf 89' lang='lat' dir='ltr'><strong>actio</strong></span> <span class='ocrx_word' id='word_1_403' title='bbox 1192 471 1353 506; x_wconf 78' lang='lat' dir='ltr'><strong>gratiarum.</strong></span> <span class='ocrx_word' id='word_1_404' title='bbox 1372 470 1400 498; x_wconf 90' lang='lat' dir='ltr'><strong>Si</strong></span> <span class='ocrx_word' id='word_1_405' title='bbox 1413 478 1478 506; x_wconf 76' lang='lat' dir='ltr'><strong>ergo</strong></span> <span class='ocrx_word' id='word_1_406' title='bbox 1494 471 1594 498; x_wconf 82' lang='lat' dir='ltr'><strong>habeas</strong></span> <span class='ocrx_word' id='word_1_407' title='bbox 1609 471 1711 506; x_wconf 89' lang='lat' dir='ltr'><strong>aliquid</strong></span> <span class='ocrx_word' id='word_1_408' title='bbox 1724 480 1789 499; x_wconf 91' lang='lat' dir='ltr'><strong>con-</strong></span> 
     </span>
    </p>
   </div>
   <div class='ocr_carea' id='block_1_53' title="bbox 999 517 1788 552">
    <p class='ocr_par' dir='ltr' id='par_1_53' title="bbox 999 517 1788 552">
     <span class='ocr_line' id='line_1_53' title="bbox 999 517 1788 552; baseline 0.001 -9"><span class='ocrx_word' id='word_1_409' title='bbox 999 521 1041 544; x_wconf 87' lang='lat' dir='ltr'><strong>tra</strong></span> <span class='ocrx_word' id='word_1_410' title='bbox 1058 517 1167 544; x_wconf 89' lang='lat' dir='ltr'><strong>fratrem</strong></span> <span class='ocrx_word' id='word_1_411' title='bbox 1183 522 1270 549; x_wconf 89' lang='lat' dir='ltr'><strong>tuum,</strong></span> <span class='ocrx_word' id='word_1_412' title='bbox 1289 521 1335 544; x_wconf 90' lang='lat' dir='ltr'><strong>aut</strong></span> <span class='ocrx_word' id='word_1_413' title='bbox 1350 518 1408 552; x_wconf 89' lang='lat' dir='ltr'><strong>ipse</strong></span> <span class='ocrx_word' id='word_1_414' title='bbox 1425 517 1527 552; x_wconf 90' lang='lat' dir='ltr'><strong>aliquid</strong></span> <span class='ocrx_word' id='word_1_415' title='bbox 1538 517 1637 544; x_wconf 83' lang='lat' dir='ltr'><strong>habeat</strong></span> <span class='ocrx_word' id='word_1_416' title='bbox 1647 522 1742 544; x_wconf 83' lang='lat' dir='ltr'><strong>contra</strong></span> <span class='ocrx_word' id='word_1_417' title='bbox 1753 522 1788 549; x_wconf 87' lang='lat' dir='ltr'><strong>te,</strong></span> 
     </span>
    </p>
   </div>
   <div class='ocr_carea' id='block_1_54' title="bbox 999 563 1790 598">
    <p class='ocr_par' dir='ltr' id='par_1_54' title="bbox 999 563 1790 598">
     <span class='ocr_line' id='line_1_54' title="bbox 999 563 1790 598; baseline -0.001 -8"><span class='ocrx_word' id='word_1_418' title='bbox 999 571 1087 598; x_wconf 90' lang='lat' dir='ltr'><strong>neque</strong></span> <span class='ocrx_word' id='word_1_419' title='bbox 1106 563 1247 590; x_wconf 86' lang='lat' dir='ltr'><strong>orationes</strong></span> <span class='ocrx_word' id='word_1_420' title='bbox 1276 567 1328 590; x_wconf 78' lang='lat' dir='ltr'><strong>tua:</strong></span> <span class='ocrx_word' id='word_1_421' title='bbox 1346 563 1527 590; x_wconf 76' lang='lat' dir='ltr'><strong>cxaudientur</strong></span> <span class='ocrx_word' id='word_1_422' title='bbox 1541 583 1548 594; x_wconf 86' lang='lat'>,</span> <span class='ocrx_word' id='word_1_423' title='bbox 1577 571 1665 598; x_wconf 84' lang='lat' dir='ltr'><strong>neque</strong></span> <span class='ocrx_word' id='word_1_424' title='bbox 1691 563 1790 598; x_wconf 77' lang='lat' dir='ltr'><strong>gratia-</strong></span> 
     </span>
    </p>
   </div>
   <div class='ocr_carea' id='block_1_55' title="bbox 999 608 1787 643">
    <p class='ocr_par' dir='ltr' id='par_1_55' title="bbox 999 608 1787 643">
     <span class='ocr_line' id='line_1_55' title="bbox 999 608 1787 643; baseline 0.001 -8"><span class='ocrx_word' id='word_1_425' title='bbox 999 617 1059 636; x_wconf 89' lang='lat' dir='ltr'><strong>rum</strong></span> <span class='ocrx_word' id='word_1_426' title='bbox 1088 609 1210 636; x_wconf 80' lang='lat' dir='ltr'><strong>actiones</strong></span> <span class='ocrx_word' id='word_1_427' title='bbox 1240 609 1438 643; x_wconf 78' lang='lat' dir='ltr'><strong>suscipientur,</strong></span> <span class='ocrx_word' id='word_1_428' title='bbox 1464 613 1574 643; x_wconf 82' lang='lat' dir='ltr'><strong>propter</strong></span> <span class='ocrx_word' id='word_1_429' title='bbox 1603 608 1787 643; x_wconf 84' lang='lat' dir='ltr'><strong>subjacenlem</strong></span> 
     </span>
    </p>
   </div>
   <div class='ocr_carea' id='block_1_56' title="bbox 999 655 1786 689">
    <p class='ocr_par' dir='ltr' id='par_1_56' title="bbox 999 655 1786 689">
     <span class='ocr_line' id='line_1_56' title="bbox 999 655 1786 689; baseline 0.001 -8"><span class='ocrx_word' id='word_1_430' title='bbox 999 656 1083 687; x_wconf 83' lang='lat' dir='ltr'><strong>iram;</strong></span> <span class='ocrx_word' id='word_1_431' title='bbox 1110 659 1218 689; x_wconf 87' lang='lat' dir='ltr'><strong>oportet</strong></span> <span class='ocrx_word' id='word_1_432' title='bbox 1241 659 1342 686; x_wconf 86' lang='lat' dir='ltr'><strong>autem,</strong></span> <span class='ocrx_word' id='word_1_433' title='bbox 1362 656 1470 687; x_wconf 78' lang='lat' dir='ltr'><strong>fratres.</strong></span> <span class='ocrx_word' id='word_1_434' title='bbox 1489 663 1537 682; x_wconf 85' lang='lat' dir='ltr'><strong>vos</strong></span> <span class='ocrx_word' id='word_1_435' title='bbox 1553 655 1663 682; x_wconf 88' lang='lat' dir='ltr'><strong>assidue</strong></span> <span class='ocrx_word' id='word_1_436' title='bbox 1684 663 1786 687; x_wconf 85' lang='lat' dir='ltr'><strong>orare;</strong></span> 
     </span>
    </p>
   </div>
   <div class='ocr_carea' id='block_1_57' title="bbox 998 700 1789 735">
    <p class='ocr_par' dir='ltr' id='par_1_57' title="bbox 998 700 1789 735">
     <span class='ocr_line' id='line_1_57' title="bbox 998 700 1789 735; baseline 0 -8"><span class='ocrx_word' id='word_1_437' title='bbox 998 705 1026 727; x_wconf 87' lang='lat' dir='ltr'><strong>et</strong></span> <span class='ocrx_word' id='word_1_438' title='bbox 1041 701 1104 735; x_wconf 92' lang='lat' dir='ltr'><strong>quia</strong></span> <span class='ocrx_word' id='word_1_439' title='bbox 1124 708 1171 727; x_wconf 89' lang='lat' dir='ltr'><strong>eos</strong></span> <span class='ocrx_word' id='word_1_440' title='bbox 1193 701 1318 734; x_wconf 88' lang='lat' dir='ltr'><strong>quicum</strong></span> <span class='ocrx_word' id='word_1_441' title='bbox 1338 701 1471 735; x_wconf 87' lang='lat' dir='ltr'><strong>injuslitia</strong></span> <span class='ocrx_word' id='word_1_442' title='bbox 1497 700 1629 728; x_wconf 79' lang='lat' dir='ltr'><strong>fratribus</strong></span> <span class='ocrx_word' id='word_1_443' title='bbox 1652 701 1789 728; x_wconf 89' lang='lat' dir='ltr'><strong>hostiliter</strong></span> 
     </span>
    </p>
   </div>
   <div class='ocr_carea' id='block_1_58' title="bbox 999 746 1788 779">
    <p class='ocr_par' dir='ltr' id='par_1_58' title="bbox 999 746 1788 779">
     <span class='ocr_line' id='line_1_58' title="bbox 999 746 1788 779; baseline 0.001 -7"><span class='ocrx_word' id='word_1_444' title='bbox 999 747 1165 778; x_wconf 72' lang='lat' dir='ltr'><strong>irascuntur,</strong></span> <span class='ocrx_word' id='word_1_445' title='bbox 1197 746 1269 774; x_wconf 85' lang='lat' dir='ltr'><strong>Deus</strong></span> <span class='ocrx_word' id='word_1_446' title='bbox 1295 755 1349 773; x_wconf 90' lang='lat' dir='ltr'><strong>non</strong></span> <span class='ocrx_word' id='word_1_447' title='bbox 1373 747 1494 779; x_wconf 73' lang='lat' dir='ltr'><strong>exaudit,</strong></span> <span class='ocrx_word' id='word_1_448' title='bbox 1518 747 1581 773; x_wconf 87' lang='lat' dir='ltr'><strong>licet</strong></span> <span class='ocrx_word' id='word_1_449' title='bbox 1603 747 1630 773; x_wconf 89' lang='lat' dir='ltr'><strong>in</strong></span> <span class='ocrx_word' id='word_1_450' title='bbox 1657 747 1723 773; x_wconf 89' lang='lat' dir='ltr'><strong>hora</strong></span> <span class='ocrx_word' id='word_1_451' title='bbox 1747 750 1788 773; x_wconf 86' lang='lat' dir='ltr'><strong>ter</strong></span> 
     </span>
    </p>
   </div>
   <div class='ocr_carea' id='block_1_59' title="bbox 998 792 1788 823">
    <p class='ocr_par' dir='ltr' id='par_1_59' title="bbox 998 792 1788 823">
     <span class='ocr_line' id='line_1_59' title="bbox 998 792 1788 823; baseline 0 -4"><span class='ocrx_word' id='word_1_452' title='bbox 998 793 1152 823; x_wconf 79' lang='lat' dir='ltr'><strong>oraverint,</strong></span> <span class='ocrx_word' id='word_1_453' title='bbox 1175 792 1235 818; x_wconf 60' lang='lat' dir='ltr'><strong>ideo</strong></span> <span class='ocrx_word' id='word_1_454' title='bbox 1251 792 1378 819; x_wconf 76' lang='lat' dir='ltr'><strong>dirimere</strong></span> <span class='ocrx_word' id='word_1_455' title='bbox 1397 792 1529 819; x_wconf 75' lang='lat' dir='ltr'><strong>debemus</strong></span> <span class='ocrx_word' id='word_1_456' title='bbox 1556 800 1664 819; x_wconf 89' lang='lat' dir='ltr'><strong>omnem</strong></span> <span class='ocrx_word' id='word_1_457' title='bbox 1695 792 1788 819; x_wconf 75' lang='lat' dir='ltr'><strong>illiilli-</strong></span> 
     </span>
    </p>
   </div>
   <div class='ocr_carea' id='block_1_60' title="bbox 998 839 1788 873">
    <p class='ocr_par' dir='ltr' id='par_1_60' title="bbox 998 839 1788 873">
     <span class='ocr_line' id='line_1_60' title="bbox 998 839 1788 873; baseline 0.001 -8"><span class='ocrx_word' id='word_1_458' title='bbox 998 840 1089 866; x_wconf 74' lang='lat' dir='ltr'><strong>ciiiam</strong></span> <span class='ocrx_word' id='word_1_459' title='bbox 1106 844 1132 866; x_wconf 90' lang='lat' dir='ltr'><strong>ct</strong></span> <span class='ocrx_word' id='word_1_460' title='bbox 1152 839 1279 873; x_wconf 87' lang='lat' dir='ltr'><strong>pusillum</strong></span> <span class='ocrx_word' id='word_1_461' title='bbox 1309 839 1448 870; x_wconf 85' lang='lat' dir='ltr'><strong>animum,</strong></span> <span class='ocrx_word' id='word_1_462' title='bbox 1470 846 1526 873; x_wconf 93' lang='lat' dir='ltr'><strong>quo</strong></span> <span class='ocrx_word' id='word_1_463' title='bbox 1545 839 1681 873; x_wconf 84' lang='lat' dir='ltr'><strong>possimus</strong></span> <span class='ocrx_word' id='word_1_464' title='bbox 1706 839 1788 866; x_wconf 86' lang='lat' dir='ltr'><strong>corde</strong></span> 
     </span>
    </p>
   </div>
   <div class='ocr_carea' id='block_1_61' title="bbox 1000 883 1787 920">
    <p class='ocr_par' dir='ltr' id='par_1_61' title="bbox 1000 883 1787 920">
     <span class='ocr_line' id='line_1_61' title="bbox 1000 883 1787 920; baseline -0.001 -9"><span class='ocrx_word' id='word_1_465' title='bbox 1000 893 1068 920; x_wconf 83' lang='lat' dir='ltr'><strong>puro</strong></span> <span class='ocrx_word' id='word_1_466' title='bbox 1080 893 1110 911; x_wconf 88' lang='lat' dir='ltr'><strong>ac</strong></span> <span class='ocrx_word' id='word_1_467' title='bbox 1136 884 1354 911; x_wconf 83' lang='lat' dir='ltr'><strong>incontaminato</strong></span> <span class='ocrx_word' id='word_1_468' title='bbox 1369 892 1458 911; x_wconf 90' lang='lat' dir='ltr'><strong>orare.</strong></span> <span class='ocrx_word' id='word_1_469' title='bbox 1473 884 1557 919; x_wconf 82' lang='lat' dir='ltr'><strong>Atqui</strong></span> <span class='ocrx_word' id='word_1_470' title='bbox 1584 884 1666 911; x_wconf 90' lang='lat' dir='ltr'><strong>etiam</strong></span> <span class='ocrx_word' id='word_1_471' title='bbox 1695 883 1787 911; x_wconf 89' lang='lat' dir='ltr'><strong>inimi-</strong></span> 
     </span>
    </p>
   </div>
   <div class='ocr_carea' id='block_1_62' title="bbox 999 929 1786 965">
    <p class='ocr_par' dir='ltr' id='par_1_62' title="bbox 999 929 1786 965">
     <span class='ocr_line' id='line_1_62' title="bbox 999 929 1786 965; baseline -0.003 -8"><span class='ocrx_word' id='word_1_472' title='bbox 999 939 1046 957; x_wconf 89' lang='lat' dir='ltr'><strong>cos</strong></span> <span class='ocrx_word' id='word_1_473' title='bbox 1061 931 1173 965; x_wconf 78' lang='lat' dir='ltr'><strong>diligere</strong></span> <span class='ocrx_word' id='word_1_474' title='bbox 1182 930 1310 964; x_wconf 66' lang='lat' dir='ltr'><strong>praecepit</strong></span> <span class='ocrx_word' id='word_1_475' title='bbox 1319 929 1462 961; x_wconf 83' lang='lat' dir='ltr'><strong>Dominus,</strong></span> <span class='ocrx_word' id='word_1_476' title='bbox 1474 938 1528 957; x_wconf 89' lang='lat' dir='ltr'><strong>non</strong></span> <span class='ocrx_word' id='word_1_477' title='bbox 1537 933 1626 957; x_wconf 88' lang='lat' dir='ltr'><strong>autem</strong></span> <span class='ocrx_word' id='word_1_478' title='bbox 1638 930 1721 957; x_wconf 91' lang='lat' dir='ltr'><strong>etiam</strong></span> <span class='ocrx_word' id='word_1_479' title='bbox 1754 935 1786 955; x_wconf 89' lang='lat' dir='ltr'><strong>a-</strong></span> 
     </span>
    </p>
   </div>
   <div class='ocr_carea' id='block_1_63' title="bbox 999 975 1785 1010">
    <p class='ocr_par' dir='ltr' id='par_1_63' title="bbox 999 975 1785 1010">
     <span class='ocr_line' id='line_1_63' title="bbox 999 975 1785 1010; baseline 0 -8"><span class='ocrx_word' id='word_1_480' title='bbox 999 976 1086 1003; x_wconf 83' lang='lat' dir='ltr'><strong>micos</strong></span> <span class='ocrx_word' id='word_1_481' title='bbox 1100 977 1207 1008; x_wconf 82' lang='lat' dir='ltr'><strong>odisse;</strong></span> <span class='ocrx_word' id='word_1_482' title='bbox 1226 979 1253 1002; x_wconf 86' lang='lat' dir='ltr'><strong>et</strong></span> <span class='ocrx_word' id='word_1_483' title='bbox 1265 975 1415 1010; x_wconf 83' lang='lat' dir='ltr'><strong>Legislator</strong></span> <span class='ocrx_word' id='word_1_484' title='bbox 1430 976 1468 1002; x_wconf 86' lang='lat' dir='ltr'><strong>ait</strong></span> <span class='ocrx_word' id='word_1_485' title='bbox 1484 984 1489 1002; x_wconf 94' lang='lat'>:</span> <span class='ocrx_word' id='word_1_486' title='bbox 1509 985 1518 1001; x_wconf 76' lang='grc' dir='ltr'><strong>ι</strong></span> <span class='ocrx_word' id='word_1_487' title='bbox 1537 975 1575 1002; x_wconf 86' lang='lat' dir='ltr'><strong>Ne</strong></span> <span class='ocrx_word' id='word_1_488' title='bbox 1587 975 1678 1002; x_wconf 85' lang='lat' dir='ltr'><strong>oderis</strong></span> <span class='ocrx_word' id='word_1_489' title='bbox 1700 976 1785 1002; x_wconf 91' lang='lat' dir='ltr'><strong>ullum</strong></span> 
     </span>
    </p>
   </div>
   <div class='ocr_carea' id='block_1_64' title="bbox 996 1020 1787 1052">
    <p class='ocr_par' dir='ltr' id='par_1_64' title="bbox 996 1020 1787 1052">
     <span class='ocr_line' id='line_1_64' title="bbox 996 1020 1787 1052; baseline -0.001 -3"><span class='ocrx_word' id='word_1_490' title='bbox 996 1023 1149 1050; x_wconf 87' lang='lat' dir='ltr'><strong>hominem:</strong></span> <span class='ocrx_word' id='word_1_491' title='bbox 1162 1030 1195 1049; x_wconf 90' lang='lat' dir='ltr'><strong>ne</strong></span> <span class='ocrx_word' id='word_1_492' title='bbox 1209 1022 1272 1048; x_wconf 88' lang='lat' dir='ltr'><strong>odio</strong></span> <span class='ocrx_word' id='word_1_493' title='bbox 1284 1022 1384 1048; x_wconf 78' lang='lat' dir='ltr'><strong>habeas</strong></span> <span class='ocrx_word' id='word_1_494' title='bbox 1399 1020 1509 1048; x_wconf 79' lang='lat' dir='ltr'><strong>fratrem</strong></span> <span class='ocrx_word' id='word_1_495' title='bbox 1525 1024 1612 1052; x_wconf 82' lang='lat' dir='ltr'><strong>tuum.</strong></span> <span class='ocrx_word' id='word_1_496' title='bbox 1626 1021 1717 1048; x_wconf 89' lang='lat' dir='ltr'><strong>animo</strong></span> <span class='ocrx_word' id='word_1_497' title='bbox 1727 1024 1787 1048; x_wconf 83' lang='lat' dir='ltr'><strong>tuo:</strong></span> 
     </span>
    </p>
   </div>
   <div class='ocr_carea' id='block_1_65' title="bbox 995 1066 1787 1103">
    <p class='ocr_par' dir='ltr' id='par_1_65' title="bbox 995 1066 1787 1103">
     <span class='ocr_line' id='line_1_65' title="bbox 995 1066 1787 1103; baseline -0.001 -9"><span class='ocrx_word' id='word_1_498' title='bbox 995 1068 1134 1103; x_wconf 77' lang='lat' dir='ltr'><strong>arguendo</strong></span> <span class='ocrx_word' id='word_1_499' title='bbox 1145 1076 1228 1102; x_wconf 77' lang='lat' dir='ltr'><strong>argue</strong></span> <span class='ocrx_word' id='word_1_500' title='bbox 1240 1067 1348 1094; x_wconf 80' lang='lat' dir='ltr'><strong>fratrem</strong></span> <span class='ocrx_word' id='word_1_501' title='bbox 1363 1072 1453 1097; x_wconf 77' lang='lat' dir='ltr'><strong>tuum,</strong></span> <span class='ocrx_word' id='word_1_502' title='bbox 1470 1071 1497 1094; x_wconf 89' lang='lat' dir='ltr'><strong>et</strong></span> <span class='ocrx_word' id='word_1_503' title='bbox 1510 1075 1543 1093; x_wconf 89' lang='lat' dir='ltr'><strong>ne</strong></span> <span class='ocrx_word' id='word_1_504' title='bbox 1562 1066 1698 1101; x_wconf 87' lang='lat' dir='ltr'><strong>suscipias</strong></span> <span class='ocrx_word' id='word_1_505' title='bbox 1722 1074 1787 1101; x_wconf 87' lang='lat' dir='ltr'><strong>pec-</strong></span> 
     </span>
    </p>
   </div>
   <div class='ocr_carea' id='block_1_66' title="bbox 995 1112 1786 1148">
    <p class='ocr_par' dir='ltr' id='par_1_66' title="bbox 995 1112 1786 1148">
     <span class='ocr_line' id='line_1_66' title="bbox 995 1112 1786 1148; baseline -0.003 -8"><span class='ocrx_word' id='word_1_506' title='bbox 995 1119 1084 1141; x_wconf 82' lang='lat' dir='ltr'><strong>catum</strong></span> <span class='ocrx_word' id='word_1_507' title='bbox 1104 1118 1212 1148; x_wconf 85' lang='lat' dir='ltr'><strong>propter</strong></span> <span class='ocrx_word' id='word_1_508' title='bbox 1226 1121 1287 1139; x_wconf 90' lang='lat' dir='ltr'><strong>cum</strong></span> <span class='ocrx_word' id='word_1_509' title='bbox 1297 1113 1317 1140; x_wconf 84' lang='grc'><strong>².</strong></span> <span class='ocrx_word' id='word_1_510' title='bbox 1338 1112 1397 1138; x_wconf 85' lang='lat' dir='ltr'><strong>Non</strong></span> <span class='ocrx_word' id='word_1_511' title='bbox 1409 1113 1472 1139; x_wconf 91' lang='lat' dir='ltr'><strong>odio</strong></span> <span class='ocrx_word' id='word_1_512' title='bbox 1487 1112 1599 1140; x_wconf 86' lang='lat' dir='ltr'><strong>habebis</strong></span> <span class='ocrx_word' id='word_1_513' title='bbox 1614 1112 1786 1148; x_wconf 65' lang='lat' dir='ltr'><strong>Aigyptium,</strong></span> 
     </span>
    </p>
   </div>
   <div class='ocr_carea' id='block_1_67' title="bbox 996 1158 1786 1196">
    <p class='ocr_par' dir='ltr' id='par_1_67' title="bbox 996 1158 1786 1196">
     <span class='ocr_line' id='line_1_67' title="bbox 996 1158 1786 1196; baseline -0.004 -10"><span class='ocrx_word' id='word_1_514' title='bbox 996 1160 1124 1196; x_wconf 85' lang='lat' dir='ltr'><strong>quoniam</strong></span> <span class='ocrx_word' id='word_1_515' title='bbox 1150 1159 1238 1186; x_wconf 80' lang='lat' dir='ltr'><strong>incola</strong></span> <span class='ocrx_word' id='word_1_516' title='bbox 1255 1158 1329 1186; x_wconf 89' lang='lat' dir='ltr'><strong>fuisti</strong></span> <span class='ocrx_word' id='word_1_517' title='bbox 1343 1158 1414 1193; x_wconf 84' lang='lat' dir='ltr'><strong>apud</strong></span> <span class='ocrx_word' id='word_1_518' title='bbox 1425 1166 1487 1186; x_wconf 86' lang='lat' dir='ltr'><strong>eum</strong></span> <span class='ocrx_word' id='word_1_519' title='bbox 1505 1167 1512 1185; x_wconf 74' lang='grc' dir='ltr'>ε</span> <span class='ocrx_word' id='word_1_520' title='bbox 1528 1166 1582 1185; x_wconf 84' lang='grc' dir='ltr'>ιιοη</span> <span class='ocrx_word' id='word_1_521' title='bbox 1599 1158 1712 1186; x_wconf 85' lang='lat' dir='ltr'><strong>habebis</strong></span> <span class='ocrx_word' id='word_1_522' title='bbox 1723 1158 1786 1185; x_wconf 88' lang='lat' dir='ltr'><strong>odio</strong></span> 
     </span>
    </p>
   </div>
   <div class='ocr_carea' id='block_1_68' title="bbox 995 1204 1786 1239">
    <p class='ocr_par' dir='ltr' id='par_1_68' title="bbox 995 1204 1786 1239">
     <span class='ocr_line' id='line_1_68' title="bbox 995 1204 1786 1239; baseline -0.004 -7"><span class='ocrx_word' id='word_1_523' title='bbox 995 1205 1156 1237; x_wconf 68' lang='lat' dir='ltr'><strong>ldummum,</strong></span> <span class='ocrx_word' id='word_1_524' title='bbox 1173 1206 1304 1239; x_wconf 88' lang='lat' dir='ltr'><strong>quoniam</strong></span> <span class='ocrx_word' id='word_1_525' title='bbox 1317 1204 1401 1232; x_wconf 85' lang='lat' dir='ltr'><strong>frater</strong></span> <span class='ocrx_word' id='word_1_526' title='bbox 1412 1210 1475 1231; x_wconf 89' lang='lat' dir='ltr'><strong>tuus</strong></span> <span class='ocrx_word' id='word_1_527' title='bbox 1491 1208 1533 1231; x_wconf 89' lang='lat' dir='ltr'><strong>est</strong></span> <span class='ocrx_word' id='word_1_528' title='bbox 1544 1204 1564 1231; x_wconf 87' lang='grc'><strong>³.</strong></span> <span class='ocrx_word' id='word_1_529' title='bbox 1585 1214 1594 1230; x_wconf 82' lang='grc'><strong>›</strong></span> <span class='ocrx_word' id='word_1_530' title='bbox 1613 1204 1696 1231; x_wconf 86' lang='lat' dir='ltr'><strong>David</strong></span> <span class='ocrx_word' id='word_1_531' title='bbox 1717 1212 1786 1239; x_wconf 91' lang='lat' dir='ltr'><strong>quo-</strong></span> 
     </span>
    </p>
   </div>
   <div class='ocr_carea' id='block_1_69' title="bbox 996 1249 1782 1287">
    <p class='ocr_par' dir='ltr' id='par_1_69' title="bbox 996 1249 1782 1287">
     <span class='ocr_line' id='line_1_69' title="bbox 996 1249 1782 1287; baseline -0.004 -8"><span class='ocrx_word' id='word_1_532' title='bbox 996 1261 1048 1287; x_wconf 89' lang='lat' dir='ltr'><strong>que</strong></span> <span class='ocrx_word' id='word_1_533' title='bbox 1063 1252 1101 1278; x_wconf 85' lang='lat' dir='ltr'><strong>ait</strong></span> <span class='ocrx_word' id='word_1_534' title='bbox 1116 1261 1121 1278; x_wconf 90' lang='lat'><strong>:</strong></span> <span class='ocrx_word' id='word_1_535' title='bbox 1139 1261 1147 1277; x_wconf 78' lang='grc' dir='ltr'><strong>ι</strong></span> <span class='ocrx_word' id='word_1_536' title='bbox 1171 1251 1198 1278; x_wconf 90' lang='lat' dir='ltr'><strong>Si</strong></span> <span class='ocrx_word' id='word_1_537' title='bbox 1215 1250 1318 1278; x_wconf 87' lang='lat' dir='ltr'><strong>reddidi</strong></span> <span class='ocrx_word' id='word_1_538' title='bbox 1334 1250 1550 1277; x_wconf 85' lang='lat' dir='ltr'><strong>retribuentihus</strong></span> <span class='ocrx_word' id='word_1_539' title='bbox 1565 1249 1631 1276; x_wconf 89' lang='lat' dir='ltr'><strong>mihi</strong></span> <span class='ocrx_word' id='word_1_540' title='bbox 1650 1250 1719 1277; x_wconf 80' lang='lat' dir='ltr'><strong>male</strong></span> <span class='ocrx_word' id='word_1_541' title='bbox 1731 1249 1751 1276; x_wconf 66' lang='grc'>⁸,</span> <span class='ocrx_word' id='word_1_542' title='bbox 1773 1260 1782 1275; x_wconf 75' lang='grc' dir='ltr'><strong>ι</strong></span> 
     </span>
    </p>
   </div>
   <div class='ocr_carea' id='block_1_70' title="bbox 997 1295 1786 1332">
    <p class='ocr_par' dir='ltr' id='par_1_70' title="bbox 997 1295 1786 1332">
     <span class='ocr_line' id='line_1_70' title="bbox 997 1295 1786 1332; baseline -0.004 -8"><span class='ocrx_word' id='word_1_543' title='bbox 997 1298 1085 1330; x_wconf 82' lang='lat' dir='ltr'><strong>Quare</strong></span> <span class='ocrx_word' id='word_1_544' title='bbox 1097 1298 1119 1324; x_wconf 92' lang='lat' dir='ltr'><strong>si</strong></span> <span class='ocrx_word' id='word_1_545' title='bbox 1135 1298 1310 1324; x_wconf 78' lang='lat' dir='ltr'><strong>Christianus</strong></span> <span class='ocrx_word' id='word_1_546' title='bbox 1323 1304 1384 1324; x_wconf 90' lang='lat' dir='ltr'><strong>esse</strong></span> <span class='ocrx_word' id='word_1_547' title='bbox 1398 1297 1450 1328; x_wconf 89' lang='lat' dir='ltr'><strong>vis,</strong></span> <span class='ocrx_word' id='word_1_548' title='bbox 1464 1304 1580 1332; x_wconf 87' lang='lat' dir='ltr'><strong>sequere</strong></span> <span class='ocrx_word' id='word_1_549' title='bbox 1592 1297 1677 1331; x_wconf 76' lang='lat' dir='ltr'><strong>legem</strong></span> <span class='ocrx_word' id='word_1_550' title='bbox 1692 1295 1786 1322; x_wconf 90' lang='lat' dir='ltr'><strong>Domi-</strong></span> 
     </span>
    </p>
   </div>
   <div class='ocr_carea' id='block_1_71' title="bbox 995 1340 1784 1377">
    <p class='ocr_par' dir='ltr' id='par_1_71' title="bbox 995 1340 1784 1377">
     <span class='ocr_line' id='line_1_71' title="bbox 995 1340 1784 1377; baseline -0.004 -7"><span class='ocrx_word' id='word_1_551' title='bbox 995 1344 1024 1370; x_wconf 81' lang='lat' dir='ltr'><strong>ni</strong></span> <span class='ocrx_word' id='word_1_552' title='bbox 1043 1353 1050 1370; x_wconf 87' lang='lat'><strong>:</strong></span> <span class='ocrx_word' id='word_1_553' title='bbox 1069 1354 1078 1369; x_wconf 79' lang='grc' dir='ltr'><strong>ι</strong></span> <span class='ocrx_word' id='word_1_554' title='bbox 1099 1343 1179 1370; x_wconf 54' lang='lat' dir='ltr'><strong>Salve</strong></span> <span class='ocrx_word' id='word_1_555' title='bbox 1197 1351 1304 1370; x_wconf 88' lang='lat' dir='ltr'><strong>omnem</strong></span> <span class='ocrx_word' id='word_1_556' title='bbox 1318 1342 1519 1377; x_wconf 76' lang='lat' dir='ltr'><strong>colligationem</strong></span> <span class='ocrx_word' id='word_1_557' title='bbox 1536 1342 1683 1377; x_wconf 78' lang='lat' dir='ltr'><strong>impietatis</strong></span> <span class='ocrx_word' id='word_1_558' title='bbox 1698 1342 1719 1368; x_wconf 82' lang='grc'><strong>⁸.</strong></span> <span class='ocrx_word' id='word_1_559' title='bbox 1734 1351 1742 1367; x_wconf 73' lang='grc' dir='ltr'><strong>ι</strong></span> <span class='ocrx_word' id='word_1_560' title='bbox 1756 1340 1784 1368; x_wconf 91' lang='lat' dir='ltr'><strong>In</strong></span> 
     </span>
    </p>
   </div>
   <div class='ocr_carea' id='block_1_72' title="bbox 997 1387 1786 1423">
    <p class='ocr_par' dir='ltr' id='par_1_72' title="bbox 997 1387 1786 1423">
     <span class='ocr_line' id='line_1_72' title="bbox 997 1387 1786 1423; baseline -0.004 -7"><span class='ocrx_word' id='word_1_561' title='bbox 997 1394 1023 1416; x_wconf 90' lang='lat' dir='ltr'><strong>te</strong></span> <span class='ocrx_word' id='word_1_562' title='bbox 1038 1389 1111 1416; x_wconf 91' lang='lat' dir='ltr'><strong>enim</strong></span> <span class='ocrx_word' id='word_1_563' title='bbox 1130 1389 1262 1416; x_wconf 88' lang='lat' dir='ltr'><strong>Dominus</strong></span> <span class='ocrx_word' id='word_1_564' title='bbox 1278 1388 1370 1423; x_wconf 84' lang='lat' dir='ltr'><strong>posuit</strong></span> <span class='ocrx_word' id='word_1_565' title='bbox 1383 1391 1545 1422; x_wconf 77' lang='lat' dir='ltr'><strong>potestatem</strong></span> <span class='ocrx_word' id='word_1_566' title='bbox 1562 1387 1719 1414; x_wconf 86' lang='lat' dir='ltr'><strong>remittendi</strong></span> <span class='ocrx_word' id='word_1_567' title='bbox 1731 1387 1786 1413; x_wconf 86' lang='lat' dir='ltr'><strong>fra-</strong></span> 
     </span>
    </p>
   </div>
   <div class='ocr_carea' id='block_1_73' title="bbox 995 1434 1784 1470">
    <p class='ocr_par' dir='ltr' id='par_1_73' title="bbox 995 1434 1784 1470">
     <span class='ocr_line' id='line_1_73' title="bbox 995 1434 1784 1470; baseline -0.003 -8"><span class='ocrx_word' id='word_1_568' title='bbox 995 1437 1030 1462; x_wconf 87' lang='lat' dir='ltr'><strong>tri</strong></span> <span class='ocrx_word' id='word_1_569' title='bbox 1043 1440 1155 1470; x_wconf 85' lang='lat' dir='ltr'><strong>peccala</strong></span> <span class='ocrx_word' id='word_1_570' title='bbox 1175 1439 1270 1462; x_wconf 89' lang='lat' dir='ltr'><strong>contra</strong></span> <span class='ocrx_word' id='word_1_571' title='bbox 1286 1439 1312 1461; x_wconf 90' lang='lat' dir='ltr'><strong>te</strong></span> <span class='ocrx_word' id='word_1_572' title='bbox 1331 1435 1495 1465; x_wconf 79' lang='lat' dir='ltr'><strong>commissa,</strong></span> <span class='ocrx_word' id='word_1_573' title='bbox 1514 1441 1601 1468; x_wconf 84' lang='lat' dir='ltr'><strong>usque</strong></span> <span class='ocrx_word' id='word_1_574' title='bbox 1627 1434 1784 1468; x_wconf 80' lang='lat' dir='ltr'><strong>septuagics</strong></span> 
     </span>
    </p>
   </div>
   <div class='ocr_carea' id='block_1_74' title="bbox 996 1479 1784 1516">
    <p class='ocr_par' dir='ltr' id='par_1_74' title="bbox 996 1479 1784 1516">
     <span class='ocr_line' id='line_1_74' title="bbox 996 1479 1784 1516; baseline -0.004 -8"><span class='ocrx_word' id='word_1_575' title='bbox 996 1482 1106 1516; x_wconf 85' lang='lat' dir='ltr'><strong>septies,</strong></span> <span class='ocrx_word' id='word_1_576' title='bbox 1121 1481 1172 1508; x_wconf 92' lang='lat' dir='ltr'><strong>hoc</strong></span> <span class='ocrx_word' id='word_1_577' title='bbox 1184 1485 1235 1512; x_wconf 87' lang='lat' dir='ltr'><strong>est,</strong></span> <span class='ocrx_word' id='word_1_578' title='bbox 1250 1480 1449 1516; x_wconf 82' lang='lat' dir='ltr'><strong>quadringenta</strong></span> <span class='ocrx_word' id='word_1_579' title='bbox 1478 1481 1626 1514; x_wconf 82' lang='lat' dir='ltr'><strong>nonaginta</strong></span> <span class='ocrx_word' id='word_1_580' title='bbox 1639 1479 1659 1506; x_wconf 81' lang='grc'><strong>⁸.</strong></span> <span class='ocrx_word' id='word_1_581' title='bbox 1672 1479 1784 1511; x_wconf 82' lang='lat' dir='ltr'><strong>Quoties</strong></span> 
     </span>
    </p>
   </div>
   <div class='ocr_carea' id='block_1_75' title="bbox 995 1525 1783 1562">
    <p class='ocr_par' dir='ltr' id='par_1_75' title="bbox 995 1525 1783 1562">
     <span class='ocr_line' id='line_1_75' title="bbox 995 1525 1783 1562; baseline -0.005 -8"><span class='ocrx_word' id='word_1_582' title='bbox 995 1527 1124 1562; x_wconf 79' lang='lat' dir='ltr'><strong>ergojam</strong></span> <span class='ocrx_word' id='word_1_583' title='bbox 1140 1527 1272 1554; x_wconf 88' lang='lat' dir='ltr'><strong>remisisti</strong></span> <span class='ocrx_word' id='word_1_584' title='bbox 1289 1526 1366 1553; x_wconf 86' lang='lat' dir='ltr'><strong>fratri</strong></span> <span class='ocrx_word' id='word_1_585' title='bbox 1384 1531 1440 1559; x_wconf 85' lang='lat' dir='ltr'><strong>tuo,</strong></span> <span class='ocrx_word' id='word_1_586' title='bbox 1457 1530 1486 1552; x_wconf 91' lang='lat' dir='ltr'><strong>ut</strong></span> <span class='ocrx_word' id='word_1_587' title='bbox 1498 1526 1568 1552; x_wconf 86' lang='lat' dir='ltr'><strong>nolis</strong></span> <span class='ocrx_word' id='word_1_588' title='bbox 1577 1526 1601 1552; x_wconf 88' lang='lat' dir='ltr'><strong>ei</strong></span> <span class='ocrx_word' id='word_1_589' title='bbox 1616 1525 1697 1552; x_wconf 86' lang='lat' dir='ltr'><strong>etiam</strong></span> <span class='ocrx_word' id='word_1_590' title='bbox 1711 1533 1783 1551; x_wconf 77' lang='lat' dir='ltr'><strong>nunc</strong></span> 
     </span>
    </p>
   </div>
   <div class='ocr_carea' id='block_1_76' title="bbox 996 1570 1781 1600">
    <p class='ocr_par' dir='ltr' id='par_1_76' title="bbox 996 1570 1781 1600">
     <span class='ocr_line' id='line_1_76' title="bbox 996 1570 1781 1600; baseline -0.005 -1"><span class='ocrx_word' id='word_1_591' title='bbox 996 1573 1155 1600; x_wconf 83' lang='lat' dir='ltr'><strong>remittere?</strong></span> <span class='ocrx_word' id='word_1_592' title='bbox 1184 1572 1253 1599; x_wconf 88' lang='lat' dir='ltr'><strong>Cum</strong></span> <span class='ocrx_word' id='word_1_593' title='bbox 1280 1576 1307 1599; x_wconf 85' lang='lat' dir='ltr'><strong>et</strong></span> <span class='ocrx_word' id='word_1_594' title='bbox 1333 1571 1431 1599; x_wconf 88' lang='lat' dir='ltr'><strong>audias</strong></span> <span class='ocrx_word' id='word_1_595' title='bbox 1457 1570 1601 1598; x_wconf 81' lang='lat' dir='ltr'><strong>Jeremiam</strong></span> <span class='ocrx_word' id='word_1_596' title='bbox 1624 1571 1781 1597; x_wconf 72' lang='lat' dir='ltr'><strong>dicentem:</strong></span> 
     </span>
    </p>
   </div>
   <div class='ocr_carea' id='block_1_77' title="bbox 996 1617 1782 1654">
    <p class='ocr_par' dir='ltr' id='par_1_77' title="bbox 996 1617 1782 1654">
     <span class='ocr_line' id='line_1_77' title="bbox 996 1617 1782 1654; baseline -0.003 -9"><span class='ocrx_word' id='word_1_597' title='bbox 996 1629 1006 1645; x_wconf 78' lang='grc' dir='ltr'>ί</span> <span class='ocrx_word' id='word_1_598' title='bbox 1027 1619 1218 1654; x_wconf 71' lang='lat' dir='ltr'><strong>Unusquisque</strong></span> <span class='ocrx_word' id='word_1_599' title='bbox 1229 1619 1328 1645; x_wconf 87' lang='lat' dir='ltr'><strong>malum</strong></span> <span class='ocrx_word' id='word_1_600' title='bbox 1343 1618 1459 1653; x_wconf 85' lang='lat' dir='ltr'><strong>proximi</strong></span> <span class='ocrx_word' id='word_1_601' title='bbox 1476 1618 1517 1645; x_wconf 87' lang='lat' dir='ltr'><strong>sui</strong></span> <span class='ocrx_word' id='word_1_602' title='bbox 1546 1625 1580 1644; x_wconf 88' lang='lat' dir='ltr'><strong>ne</strong></span> <span class='ocrx_word' id='word_1_603' title='bbox 1601 1617 1727 1652; x_wconf 75' lang='lat' dir='ltr'><strong>cogitetis</strong></span> <span class='ocrx_word' id='word_1_604' title='bbox 1755 1625 1782 1643; x_wconf 88' lang='grc' dir='ltr'><strong>ιιι</strong></span> 
     </span>
    </p>
   </div>
   <div class='ocr_carea' id='block_1_78' title="bbox 994 1663 1782 1697">
    <p class='ocr_par' dir='ltr' id='par_1_78' title="bbox 994 1663 1782 1697">
     <span class='ocr_line' id='line_1_78' title="bbox 994 1663 1782 1697; baseline -0.008 -4"><span class='ocrx_word' id='word_1_605' title='bbox 994 1666 1123 1693; x_wconf 78' lang='lat' dir='ltr'><strong>cordibus</strong></span> <span class='ocrx_word' id='word_1_606' title='bbox 1139 1665 1237 1693; x_wconf 87' lang='lat' dir='ltr'><strong>vestris</strong></span> <span class='ocrx_word' id='word_1_607' title='bbox 1249 1665 1270 1692; x_wconf 90' lang='lat'><strong>&quot;.</strong></span> <span class='ocrx_word' id='word_1_608' title='bbox 1288 1675 1297 1690; x_wconf 83' lang='grc'><strong>›</strong></span> <span class='ocrx_word' id='word_1_609' title='bbox 1314 1664 1354 1690; x_wconf 91' lang='lat' dir='ltr'><strong>Tu</strong></span> <span class='ocrx_word' id='word_1_610' title='bbox 1371 1668 1462 1690; x_wconf 88' lang='lat' dir='ltr'><strong>autem</strong></span> <span class='ocrx_word' id='word_1_611' title='bbox 1476 1663 1583 1697; x_wconf 67' lang='lat' dir='ltr'><strong>injuriae</strong></span> <span class='ocrx_word' id='word_1_612' title='bbox 1595 1670 1699 1689; x_wconf 87' lang='lat' dir='ltr'><strong>memor</strong></span> <span class='ocrx_word' id='word_1_613' title='bbox 1707 1667 1782 1692; x_wconf 71' lang='grc' dir='ltr'>ες,οι</span> 
     </span>
    </p>
   </div>
   <div class='ocr_carea' id='block_1_79' title="bbox 995 1708 1782 1743">
    <p class='ocr_par' dir='ltr' id='par_1_79' title="bbox 995 1708 1782 1743">
     <span class='ocr_line' id='line_1_79' title="bbox 995 1708 1782 1743; baseline -0.008 -4"><span class='ocrx_word' id='word_1_614' title='bbox 995 1712 1165 1738; x_wconf 85' lang='lat' dir='ltr'><strong>inimicitiam</strong></span> <span class='ocrx_word' id='word_1_615' title='bbox 1178 1711 1289 1743; x_wconf 88' lang='lat' dir='ltr'><strong>retines,</strong></span> <span class='ocrx_word' id='word_1_616' title='bbox 1304 1714 1331 1738; x_wconf 85' lang='lat' dir='ltr'><strong>et</strong></span> <span class='ocrx_word' id='word_1_617' title='bbox 1353 1710 1381 1736; x_wconf 91' lang='lat' dir='ltr'><strong>in</strong></span> <span class='ocrx_word' id='word_1_618' title='bbox 1404 1709 1537 1743; x_wconf 88' lang='lat' dir='ltr'><strong>judicium</strong></span> <span class='ocrx_word' id='word_1_619' title='bbox 1561 1708 1648 1739; x_wconf 81' lang='lat' dir='ltr'><strong>venis,</strong></span> <span class='ocrx_word' id='word_1_620' title='bbox 1671 1711 1697 1734; x_wconf 88' lang='lat' dir='ltr'><strong>et</strong></span> <span class='ocrx_word' id='word_1_621' title='bbox 1715 1708 1782 1733; x_wconf 89' lang='lat' dir='ltr'><strong>iram</strong></span> 
     </span>
    </p>
   </div>
   <div class='ocr_carea' id='block_1_80' title="bbox 994 1753 1781 1792">
    <p class='ocr_par' dir='ltr' id='par_1_80' title="bbox 994 1753 1781 1792">
     <span class='ocr_line' id='line_1_80' title="bbox 994 1753 1781 1792; baseline -0.008 -7"><span class='ocrx_word' id='word_1_622' title='bbox 994 1758 1021 1784; x_wconf 82' lang='lat' dir='ltr'><strong>in</strong></span> <span class='ocrx_word' id='word_1_623' title='bbox 1038 1763 1063 1785; x_wconf 80' lang='lat' dir='ltr'><strong>te</strong></span> <span class='ocrx_word' id='word_1_624' title='bbox 1078 1758 1202 1792; x_wconf 77' lang='lat' dir='ltr'><strong>respicis,</strong></span> <span class='ocrx_word' id='word_1_625' title='bbox 1228 1761 1255 1784; x_wconf 91' lang='lat' dir='ltr'><strong>et</strong></span> <span class='ocrx_word' id='word_1_626' title='bbox 1278 1757 1367 1783; x_wconf 87' lang='lat' dir='ltr'><strong>oratio</strong></span> <span class='ocrx_word' id='word_1_627' title='bbox 1390 1760 1437 1783; x_wconf 89' lang='lat' dir='ltr'><strong>tua</strong></span> <span class='ocrx_word' id='word_1_628' title='bbox 1464 1755 1621 1790; x_wconf 91' lang='lat' dir='ltr'><strong>impeditur.</strong></span> <span class='ocrx_word' id='word_1_629' title='bbox 1651 1753 1704 1781; x_wconf 86' lang='lat' dir='ltr'><strong>Sed</strong></span> <span class='ocrx_word' id='word_1_630' title='bbox 1730 1754 1781 1780; x_wconf 79' lang='lat' dir='ltr'><strong>etsi</strong></span> 
     </span>
    </p>
   </div>
   <div class='ocr_carea' id='block_1_81' title="bbox 994 1799 1783 1838">
    <p class='ocr_par' dir='ltr' id='par_1_81' title="bbox 994 1799 1783 1838">
     <span class='ocr_line' id='line_1_81' title="bbox 994 1799 1783 1838; baseline -0.006 -8"><span class='ocrx_word' id='word_1_631' title='bbox 994 1803 1191 1838; x_wconf 70' lang='lat' dir='ltr'><strong>quadringenta</strong></span> <span class='ocrx_word' id='word_1_632' title='bbox 1215 1803 1363 1838; x_wconf 77' lang='lat' dir='ltr'><strong>nonaginta</strong></span> <span class='ocrx_word' id='word_1_633' title='bbox 1388 1801 1527 1829; x_wconf 76' lang='lat' dir='ltr'><strong>remiseris</strong></span> <span class='ocrx_word' id='word_1_634' title='bbox 1551 1800 1628 1827; x_wconf 84' lang='lat' dir='ltr'><strong>fratri</strong></span> <span class='ocrx_word' id='word_1_635' title='bbox 1643 1804 1689 1826; x_wconf 91' lang='lat' dir='ltr'><strong>tuo</strong></span> <span class='ocrx_word' id='word_1_636' title='bbox 1701 1799 1723 1830; x_wconf 81' lang='grc'><strong>⁸.</strong></span> <span class='ocrx_word' id='word_1_637' title='bbox 1735 1800 1783 1826; x_wconf 87' lang='lat' dir='ltr'><strong>ad-</strong></span> 
     </span>
    </p>
   </div>
   <div class='ocr_carea' id='block_1_82' title="bbox 993 1846 1781 1885">
    <p class='ocr_par' dir='ltr' id='par_1_82' title="bbox 993 1846 1781 1885">
     <span class='ocr_line' id='line_1_82' title="bbox 993 1846 1781 1885; baseline -0.006 -9"><span class='ocrx_word' id='word_1_638' title='bbox 993 1850 1046 1877; x_wconf 87' lang='lat' dir='ltr'><strong>lmc</strong></span> <span class='ocrx_word' id='word_1_639' title='bbox 1061 1854 1171 1885; x_wconf 88' lang='lat' dir='ltr'><strong>propter</strong></span> <span class='ocrx_word' id='word_1_640' title='bbox 1183 1850 1299 1884; x_wconf 87' lang='lat' dir='ltr'><strong>teipsum</strong></span> <span class='ocrx_word' id='word_1_641' title='bbox 1313 1857 1382 1884; x_wconf 80' lang='lat' dir='ltr'><strong>auge</strong></span> <span class='ocrx_word' id='word_1_642' title='bbox 1399 1847 1638 1875; x_wconf 87' lang='lat' dir='ltr'><strong>mansuetudinem</strong></span> <span class='ocrx_word' id='word_1_643' title='bbox 1662 1850 1735 1872; x_wconf 89' lang='lat' dir='ltr'><strong>tuam</strong></span> <span class='ocrx_word' id='word_1_644' title='bbox 1755 1846 1781 1872; x_wconf 87' lang='lat' dir='ltr'><strong>in</strong></span> 
     </span>
    </p>
   </div>
   <div class='ocr_carea' id='block_1_83' title="bbox 994 1895 1781 1931">
    <p class='ocr_par' dir='ltr' id='par_1_83' title="bbox 994 1895 1781 1931">
     <span class='ocr_line' id='line_1_83' title="bbox 994 1895 1781 1931; baseline -0.004 -9"><span class='ocrx_word' id='word_1_645' title='bbox 994 1896 1197 1930; x_wconf 67' lang='lat' dir='ltr'><strong>ben&#39;gnitatem;</strong></span> <span class='ocrx_word' id='word_1_646' title='bbox 1210 1899 1236 1923; x_wconf 89' lang='lat' dir='ltr'><strong>et</strong></span> <span class='ocrx_word' id='word_1_647' title='bbox 1246 1896 1371 1931; x_wconf 85' lang='lat' dir='ltr'><strong>quamvis</strong></span> <span class='ocrx_word' id='word_1_648' title='bbox 1394 1895 1438 1922; x_wconf 89' lang='lat' dir='ltr'><strong>ille</strong></span> <span class='ocrx_word' id='word_1_649' title='bbox 1467 1903 1521 1922; x_wconf 88' lang='lat' dir='ltr'><strong>non</strong></span> <span class='ocrx_word' id='word_1_650' title='bbox 1539 1895 1620 1921; x_wconf 84' lang='lat' dir='ltr'><strong>faciat</strong></span> <span class='ocrx_word' id='word_1_651' title='bbox 1631 1914 1637 1925; x_wconf 83' lang='grc'><strong>,</strong></span> <span class='ocrx_word' id='word_1_652' title='bbox 1651 1898 1679 1920; x_wconf 88' lang='grc' dir='ltr'><strong>ιιι</strong></span> <span class='ocrx_word' id='word_1_653' title='bbox 1692 1899 1781 1920; x_wconf 82' lang='lat' dir='ltr'><strong>tamen</strong></span> 
     </span>
    </p>
   </div>
   <div class='ocr_carea' id='block_1_84' title="bbox 993 1939 1781 1976">
    <p class='ocr_par' dir='ltr' id='par_1_84' title="bbox 993 1939 1781 1976">
     <span class='ocr_line' id='line_1_84' title="bbox 993 1939 1781 1976; baseline -0.001 -9"><span class='ocrx_word' id='word_1_654' title='bbox 993 1945 1103 1976; x_wconf 89' lang='lat' dir='ltr'><strong>propter</strong></span> <span class='ocrx_word' id='word_1_655' title='bbox 1119 1941 1202 1968; x_wconf 90' lang='lat' dir='ltr'><strong>Deum</strong></span> <span class='ocrx_word' id='word_1_656' title='bbox 1213 1946 1306 1976; x_wconf 81' lang='lat' dir='ltr'><strong>satage</strong></span> <span class='ocrx_word' id='word_1_657' title='bbox 1319 1941 1455 1968; x_wconf 88' lang='lat' dir='ltr'><strong>dimittere</strong></span> <span class='ocrx_word' id='word_1_658' title='bbox 1470 1941 1603 1975; x_wconf 82' lang='lat' dir='ltr'><strong>proximo,</strong></span> <span class='ocrx_word' id='word_1_659' title='bbox 1618 1944 1646 1966; x_wconf 92' lang='lat' dir='ltr'><strong>ut</strong></span> <span class='ocrx_word' id='word_1_660' title='bbox 1661 1940 1699 1967; x_wconf 88' lang='lat' dir='ltr'><strong>sis</strong></span> <span class='ocrx_word' id='word_1_661' title='bbox 1711 1939 1781 1966; x_wconf 68' lang='lat' dir='ltr'><strong>illius</strong></span> 
     </span>
    </p>
   </div>
   <div class='ocr_carea' id='block_1_85' title="bbox 990 1986 1781 2022">
    <p class='ocr_par' dir='ltr' id='par_1_85' title="bbox 990 1986 1781 2022">
     <span class='ocr_line' id='line_1_85' title="bbox 990 1986 1781 2022; baseline -0.003 -8"><span class='ocrx_word' id='word_1_662' title='bbox 990 1988 1078 2015; x_wconf 84' lang='lat' dir='ltr'><strong>Patris</strong></span> <span class='ocrx_word' id='word_1_663' title='bbox 1090 1988 1139 2019; x_wconf 80' lang='lat' dir='ltr'><strong>tui,</strong></span> <span class='ocrx_word' id='word_1_664' title='bbox 1154 1988 1199 2022; x_wconf 87' lang='lat' dir='ltr'><strong>qui</strong></span> <span class='ocrx_word' id='word_1_665' title='bbox 1216 1989 1243 2014; x_wconf 93' lang='lat' dir='ltr'><strong>in</strong></span> <span class='ocrx_word' id='word_1_666' title='bbox 1255 1988 1332 2015; x_wconf 63' lang='lat' dir='ltr'><strong>coalis</strong></span> <span class='ocrx_word' id='word_1_667' title='bbox 1344 1992 1395 2018; x_wconf 77' lang='lat' dir='ltr'><strong>est,</strong></span> <span class='ocrx_word' id='word_1_668' title='bbox 1410 1991 1492 2021; x_wconf 91' lang='lat' dir='ltr'><strong>utque</strong></span> <span class='ocrx_word' id='word_1_669' title='bbox 1505 1986 1781 2019; x_wconf 86' lang='lat' dir='ltr'><strong>dumoras,audiaris</strong></span> 
     </span>
    </p>
   </div>
   <div class='ocr_carea' id='block_1_86' title="bbox 993 2033 1336 2068">
    <p class='ocr_par' dir='ltr' id='par_1_86' title="bbox 993 2033 1336 2068">
     <span class='ocr_line' id='line_1_86' title="bbox 993 2033 1336 2068; baseline 0.003 -10"><span class='ocrx_word' id='word_1_670' title='bbox 993 2038 1120 2068; x_wconf 88' lang='lat' dir='ltr'><strong>tanquam</strong></span> <span class='ocrx_word' id='word_1_671' title='bbox 1133 2033 1179 2061; x_wconf 76' lang='lat' dir='ltr'><strong>Dei</strong></span> <span class='ocrx_word' id='word_1_672' title='bbox 1195 2033 1302 2060; x_wconf 84' lang='lat' dir='ltr'><strong>anticus</strong></span> <span class='ocrx_word' id='word_1_673' title='bbox 1316 2033 1336 2059; x_wconf 84' lang='lat'><strong>’.</strong></span> 
     </span>
    </p>
   </div>
   <div class='ocr_carea' id='block_1_87' title="bbox 1287 2089 1490 2118">
    <p class='ocr_par' dir='ltr' id='par_1_87' title="bbox 1287 2089 1490 2118">
     <span class='ocr_line' id='line_1_87' title="bbox 1287 2089 1490 2118; baseline 0 0"><span class='ocrx_word' id='word_1_674' title='bbox 1287 2089 1402 2118; x_wconf 85' lang='lat' dir='ltr'><strong>CAPUT</strong></span> <span class='ocrx_word' id='word_1_675' title='bbox 1423 2089 1490 2118; x_wconf 87' lang='lat' dir='ltr'><strong>LIV.</strong></span> 
     </span>
    </p>
   </div>
   <div class='ocr_carea' id='block_1_88' title="bbox 994 2133 1779 2171">
    <p class='ocr_par' dir='ltr' id='par_1_88' title="bbox 994 2133 1779 2171">
     <span class='ocr_line' id='line_1_88' title="bbox 994 2133 1779 2171; baseline -0.004 -7"><span class='ocrx_word' id='word_1_676' title='bbox 994 2136 1070 2171; x_wconf 82' lang='lat' dir='ltr'><strong>Quod</strong></span> <span class='ocrx_word' id='word_1_677' title='bbox 1085 2136 1202 2171; x_wconf 77' lang='lat' dir='ltr'><strong>opbrteal</strong></span> <span class='ocrx_word' id='word_1_678' title='bbox 1222 2136 1355 2171; x_wconf 71' lang='lat' dir='ltr'><strong>episcopos</strong></span> <span class='ocrx_word' id='word_1_679' title='bbox 1364 2135 1395 2162; x_wconf 83' lang='lat' dir='ltr'><strong>de</strong></span> <span class='ocrx_word' id='word_1_680' title='bbox 1405 2143 1467 2170; x_wconf 82' lang='lat' dir='ltr'><strong>pace</strong></span> <span class='ocrx_word' id='word_1_681' title='bbox 1478 2142 1524 2169; x_wconf 79' lang='lat' dir='ltr'><strong>per</strong></span> <span class='ocrx_word' id='word_1_682' title='bbox 1534 2133 1674 2162; x_wconf 82' lang='lat' dir='ltr'><strong>diaconum</strong></span> <span class='ocrx_word' id='word_1_683' title='bbox 1684 2133 1779 2169; x_wconf 83' lang='lat' dir='ltr'><strong>populo</strong></span> 
     </span>
    </p>
   </div>
   <div class='ocr_carea' id='block_1_89' title="bbox 1211 2171 1561 2206">
    <p class='ocr_par' dir='ltr' id='par_1_89' title="bbox 1211 2171 1561 2206">
     <span class='ocr_line' id='line_1_89' title="bbox 1211 2171 1561 2206; baseline -0.006 -7"><span class='ocrx_word' id='word_1_684' title='bbox 1211 2172 1238 2199; x_wconf 84' lang='lat' dir='ltr'><strong>in</strong></span> <span class='ocrx_word' id='word_1_685' title='bbox 1250 2171 1403 2198; x_wconf 73' lang='lat' dir='ltr'><strong>meritoriam</strong></span> <span class='ocrx_word' id='word_1_686' title='bbox 1416 2178 1561 2206; x_wconf 67' lang='lat' dir='ltr'><strong>suggerere.</strong></span> 
     </span>
    </p>
   </div>
   <div class='ocr_carea' id='block_1_90' title="bbox 1028 2215 1779 2253">
    <p class='ocr_par' dir='ltr' id='par_1_90' title="bbox 1028 2215 1779 2253">
     <span class='ocr_line' id='line_1_90' title="bbox 1028 2215 1779 2253; baseline -0.008 -6"><span class='ocrx_word' id='word_1_687' title='bbox 1028 2219 1146 2252; x_wconf 85' lang='lat' dir='ltr'><strong>Idcirco,</strong></span> <span class='ocrx_word' id='word_1_688' title='bbox 1162 2226 1179 2246; x_wconf 87' lang='grc' dir='ltr'><strong>ο</strong></span> <span class='ocrx_word' id='word_1_689' title='bbox 1194 2218 1326 2253; x_wconf 79' lang='lat' dir='ltr'><strong>episcopi.</strong></span> <span class='ocrx_word' id='word_1_690' title='bbox 1339 2225 1400 2245; x_wconf 89' lang='lat' dir='ltr'><strong>cum</strong></span> <span class='ocrx_word' id='word_1_691' title='bbox 1416 2217 1449 2244; x_wconf 88' lang='lat' dir='ltr'><strong>ad</strong></span> <span class='ocrx_word' id='word_1_692' title='bbox 1471 2216 1620 2244; x_wconf 88' lang='lat' dir='ltr'><strong>orationem</strong></span> <span class='ocrx_word' id='word_1_693' title='bbox 1649 2215 1779 2251; x_wconf 86' lang='lat' dir='ltr'><strong>procede-</strong></span> 
     </span>
    </p>
   </div>
   <div class='ocr_carea' id='block_1_91' title="bbox 154 2258 945 2301">
    <p class='ocr_par' dir='ltr' id='par_1_91' title="bbox 154 2263 944 2300">
     <span class='ocr_line' id='line_1_91' title="bbox 154 2263 944 2300; baseline 0.004 -11"><span class='ocrx_word' id='word_1_694' title='bbox 154 2263 234 2298; x_wconf 82' lang='grc' dir='ltr'>ευχὴν</span> <span class='ocrx_word' id='word_1_695' title='bbox 258 2264 381 2299; x_wconf 81' lang='grc' dir='ltr'>ἀπαντᾷν</span> <span class='ocrx_word' id='word_1_696' title='bbox 393 2283 401 2295; x_wconf 91' lang='grc'><strong>,</strong></span> <span class='ocrx_word' id='word_1_697' title='bbox 418 2264 487 2299; x_wconf 78' lang='grc' dir='ltr'>μετὰ,</span> <span class='ocrx_word' id='word_1_698' title='bbox 499 2264 550 2300; x_wconf 84' lang='grc' dir='ltr'>τὴν</span> <span class='ocrx_word' id='word_1_699' title='bbox 582 2264 734 2299; x_wconf 81' lang='grc' dir='ltr'>ἀνάγνωσιν</span> <span class='ocrx_word' id='word_1_700' title='bbox 749 2265 795 2292; x_wconf 80' lang='grc' dir='ltr'>καὶ</span> <span class='ocrx_word' id='word_1_701' title='bbox 808 2265 858 2300; x_wconf 81' lang='grc' dir='ltr'>τὴν</span> <span class='ocrx_word' id='word_1_702' title='bbox 871 2265 944 2292; x_wconf 83' lang='grc' dir='ltr'>Ψαλ-</span> 
     </span>
    </p>
   </div>
   <div class='ocr_carea' id='block_1_92' title="bbox 995 2258 1779 2301">
    <p class='ocr_par' dir='ltr' id='par_1_92' title="bbox 995 2263 1779 2301">
     <span class='ocr_line' id='line_1_92' title="bbox 995 2263 1779 2301; baseline -0.006 -8"><span class='ocrx_word' id='word_1_703' title='bbox 995 2266 1040 2298; x_wconf 92' lang='lat' dir='ltr'><strong>tis,</strong></span> <span class='ocrx_word' id='word_1_704' title='bbox 1060 2269 1122 2301; x_wconf 89' lang='lat' dir='ltr'><strong>post</strong></span> <span class='ocrx_word' id='word_1_705' title='bbox 1146 2265 1290 2292; x_wconf 87' lang='lat' dir='ltr'><strong>lectionem</strong></span> <span class='ocrx_word' id='word_1_706' title='bbox 1315 2267 1342 2292; x_wconf 85' lang='lat' dir='ltr'><strong>et</strong></span> <span class='ocrx_word' id='word_1_707' title='bbox 1364 2263 1534 2291; x_wconf 83' lang='lat' dir='ltr'><strong>Psalmorum</strong></span> <span class='ocrx_word' id='word_1_708' title='bbox 1562 2266 1692 2298; x_wconf 75' lang='lat' dir='ltr'><strong>cantum.</strong></span> <span class='ocrx_word' id='word_1_709' title='bbox 1717 2265 1779 2296; x_wconf 81' lang='lat' dir='ltr'><strong>pest</strong></span> 
     </span>
    </p>
   </div>
   <div class='ocr_carea' id='block_1_93' title="bbox 156 2309 939 2346">
    <p class='ocr_par' dir='ltr' id='par_1_93' title="bbox 156 2309 939 2346">
     <span class='ocr_line' id='line_1_93' title="bbox 156 2309 939 2346; baseline 0.003 -11"><span class='ocrx_word' id='word_1_710' title='bbox 156 2309 267 2344; x_wconf 83' lang='grc' dir='ltr'>μῳδίαν,</span> <span class='ocrx_word' id='word_1_711' title='bbox 283 2311 330 2336; x_wconf 79' lang='grc' dir='ltr'>καὶ</span> <span class='ocrx_word' id='word_1_712' title='bbox 346 2310 397 2346; x_wconf 82' lang='grc' dir='ltr'><strong>τὴν</strong></span> <span class='ocrx_word' id='word_1_713' title='bbox 424 2310 470 2337; x_wconf 80' lang='grc' dir='ltr'><strong>ὲπὶ</strong></span> <span class='ocrx_word' id='word_1_714' title='bbox 495 2312 556 2343; x_wconf 82' lang='grc' dir='ltr'>ταῖς</span> <span class='ocrx_word' id='word_1_715' title='bbox 583 2311 704 2346; x_wconf 82' lang='grc' dir='ltr'>Γραφαῖς</span> <span class='ocrx_word' id='word_1_716' title='bbox 729 2311 911 2343; x_wconf 87' lang='grc' dir='ltr'>διδασκαλίαν,</span> <span class='ocrx_word' id='word_1_717' title='bbox 924 2312 939 2338; x_wconf 81' lang='grc' dir='ltr'><em>ὁ</em></span> 
     </span>
    </p>
   </div>
   <div class='ocr_carea' id='block_1_94' title="bbox 154 2354 939 2394">
    <p class='ocr_par' dir='ltr' id='par_1_94' title="bbox 154 2354 939 2394">
     <span class='ocr_line' id='line_1_94' title="bbox 154 2354 939 2394; baseline 0.004 -13"><span class='ocrx_word' id='word_1_718' title='bbox 154 2354 275 2388; x_wconf 84' lang='grc' dir='ltr'>διάκονος</span> <span class='ocrx_word' id='word_1_719' title='bbox 290 2355 374 2388; x_wconf 79' lang='grc' dir='ltr'>ἑστὼς</span> <span class='ocrx_word' id='word_1_720' title='bbox 388 2356 502 2392; x_wconf 83' lang='grc' dir='ltr'>πλησίον</span> <span class='ocrx_word' id='word_1_721' title='bbox 517 2356 603 2392; x_wconf 84' lang='grc' dir='ltr'>ὑμῶν,</span> <span class='ocrx_word' id='word_1_722' title='bbox 619 2357 689 2392; x_wconf 85' lang='grc' dir='ltr'>μετὰ</span> <span class='ocrx_word' id='word_1_723' title='bbox 717 2357 821 2393; x_wconf 81' lang='grc' dir='ltr'>ὑψηλῆς</span> <span class='ocrx_word' id='word_1_724' title='bbox 847 2358 939 2394; x_wconf 79' lang='grc' dir='ltr'>φωνῆς</span> 
     </span>
    </p>
   </div>
   <div class='ocr_carea' id='block_1_95' title="bbox 155 2398 933 2439">
    <p class='ocr_par' dir='ltr' id='par_1_95' title="bbox 155 2398 933 2439">
     <span class='ocr_line' id='line_1_95' title="bbox 155 2398 933 2439; baseline 0.003 -11"><span class='ocrx_word' id='word_1_725' title='bbox 155 2401 265 2436; x_wconf 80' lang='grc' dir='ltr'>λεγέτω·</span> <span class='ocrx_word' id='word_1_726' title='bbox 275 2412 284 2428; x_wconf 78' lang='grc' dir='ltr'><strong>ι</strong></span> <span class='ocrx_word' id='word_1_727' title='bbox 298 2403 386 2438; x_wconf 84' lang='grc' dir='ltr'>Μήτις</span> <span class='ocrx_word' id='word_1_728' title='bbox 400 2403 471 2430; x_wconf 81' lang='grc' dir='ltr'>κατά</span> <span class='ocrx_word' id='word_1_729' title='bbox 483 2412 564 2435; x_wconf 85' lang='grc' dir='ltr'>τινος·</span> <span class='ocrx_word' id='word_1_730' title='bbox 573 2404 688 2439; x_wconf 81' lang='grc' dir='ltr'>μήτιςὲν</span> <span class='ocrx_word' id='word_1_731' title='bbox 696 2398 911 2439; x_wconf 76' lang='grc' dir='ltr'>ὑποκρίσει(10)·</span> <span class='ocrx_word' id='word_1_732' title='bbox 923 2414 933 2430; x_wconf 73' lang='grc' dir='ltr'><strong>ι</strong></span> 
     </span>
    </p>
   </div>
   <div class='ocr_carea' id='block_1_96' title="bbox 186 2480 945 2515">
    <p class='ocr_par' dir='ltr' id='par_1_96' title="bbox 186 2480 945 2515">
     <span class='ocr_line' id='line_1_96' title="bbox 186 2480 945 2515; baseline 0.005 -8"><span class='ocrx_word' id='word_1_733' title='bbox 186 2480 296 2508; x_wconf 62' lang='lat' dir='ltr'><strong>&#39;Ma‘tth.</strong></span> <span class='ocrx_word' id='word_1_734' title='bbox 314 2490 341 2514; x_wconf 74' lang='grc' dir='ltr'><strong>ν,</strong></span> <span class='ocrx_word' id='word_1_735' title='bbox 363 2481 398 2509; x_wconf 75' lang='lat'><strong>25</strong></span> <span class='ocrx_word' id='word_1_736' title='bbox 444 2482 454 2497; x_wconf 82' lang='lat'><strong>’</strong></span> <span class='ocrx_word' id='word_1_737' title='bbox 469 2481 533 2510; x_wconf 86' lang='lat' dir='ltr'><strong>Lev.</strong></span> <span class='ocrx_word' id='word_1_738' title='bbox 549 2490 606 2512; x_wconf 75' lang='lat' dir='ltr'><strong>nx.</strong></span> <span class='ocrx_word' id='word_1_739' title='bbox 624 2483 667 2510; x_wconf 83' lang='lat' dir='ltr'><strong>l7.</strong></span> <span class='ocrx_word' id='word_1_740' title='bbox 706 2484 717 2500; x_wconf 86' lang='grc'>³</span> <span class='ocrx_word' id='word_1_741' title='bbox 732 2483 810 2510; x_wconf 85' lang='lat' dir='ltr'><strong>Deut.</strong></span> <span class='ocrx_word' id='word_1_742' title='bbox 826 2491 905 2515; x_wconf 65' lang='grc' dir='ltr'>χχιιι,</span> <span class='ocrx_word' id='word_1_743' title='bbox 919 2483 945 2511; x_wconf 88' lang='grc'><strong>7.</strong></span> 
     </span>
    </p>
   </div>
   <div class='ocr_carea' id='block_1_97' title="bbox 154 2514 1056 2551">
    <p class='ocr_par' dir='ltr' id='par_1_97' title="bbox 154 2514 1056 2551">
     <span class='ocr_line' id='line_1_97' title="bbox 154 2514 1056 2551; baseline 0.006 -10"><span class='ocrx_word' id='word_1_744' title='bbox 154 2514 176 2530; x_wconf 79' lang='grc'><strong>⁸⁸</strong></span> <span class='ocrx_word' id='word_1_745' title='bbox 190 2515 368 2551; x_wconf 76' lang='grc' dir='ltr'>Τετρακόσια,</span> <span class='ocrx_word' id='word_1_746' title='bbox 387 2522 415 2545; x_wconf 93' lang='lat' dir='ltr'><strong>ut</strong></span> <span class='ocrx_word' id='word_1_747' title='bbox 432 2517 523 2545; x_wconf 78' lang='lat' dir='ltr'><strong>infra?</strong></span> <span class='ocrx_word' id='word_1_748' title='bbox 554 2518 564 2534; x_wconf 90' lang='grc'><strong>⁷</strong></span> <span class='ocrx_word' id='word_1_749' title='bbox 591 2518 674 2546; x_wconf 85' lang='lat' dir='ltr'><strong>Zach.</strong></span> <span class='ocrx_word' id='word_1_750' title='bbox 689 2526 747 2551; x_wconf 86' lang='lat' dir='ltr'><strong>vnl,</strong></span> <span class='ocrx_word' id='word_1_751' title='bbox 758 2519 800 2545; x_wconf 88' lang='lat' dir='ltr'><strong>l7.</strong></span> <span class='ocrx_word' id='word_1_752' title='bbox 832 2519 844 2535; x_wconf 86' lang='grc'><strong><em>⁸</em></strong></span> <span class='ocrx_word' id='word_1_753' title='bbox 856 2518 951 2546; x_wconf 82' lang='lat' dir='ltr'><strong>Matth.</strong></span> <span class='ocrx_word' id='word_1_754' title='bbox 968 2527 994 2550; x_wconf 78' lang='grc' dir='ltr'><strong>ν,</strong></span> <span class='ocrx_word' id='word_1_755' title='bbox 1008 2518 1056 2546; x_wconf 72' lang='grc'><strong>24.</strong></span> 
     </span>
    </p>
   </div>
   <div class='ocr_carea' id='block_1_98' title="bbox 991 2308 1777 2346">
    <p class='ocr_par' dir='ltr' id='par_1_98' title="bbox 991 2308 1777 2346">
     <span class='ocr_line' id='line_1_98' title="bbox 991 2308 1777 2346; baseline -0.008 -7"><span class='ocrx_word' id='word_1_756' title='bbox 991 2316 1133 2340; x_wconf 69' lang='lat' dir='ltr'><strong>citari-atas</strong></span> <span class='ocrx_word' id='word_1_757' title='bbox 1147 2310 1318 2346; x_wconf 85' lang='lat' dir='ltr'><strong>Scripturas;</strong></span> <span class='ocrx_word' id='word_1_758' title='bbox 1348 2310 1482 2337; x_wconf 79' lang='lat' dir='ltr'><strong>diaconus</strong></span> <span class='ocrx_word' id='word_1_759' title='bbox 1509 2308 1588 2343; x_wconf 82' lang='lat' dir='ltr'><strong>juxta</strong></span> <span class='ocrx_word' id='word_1_760' title='bbox 1617 2315 1665 2335; x_wconf 79' lang='lat' dir='ltr'><strong>vos</strong></span> <span class='ocrx_word' id='word_1_761' title='bbox 1689 2311 1777 2338; x_wconf 82' lang='lat' dir='ltr'><strong>stans.</strong></span> 
     </span>
    </p>
   </div>
   <div class='ocr_carea' id='block_1_99' title="bbox 991 2354 1778 2392">
    <p class='ocr_par' dir='ltr' id='par_1_99' title="bbox 991 2354 1778 2392">
     <span class='ocr_line' id='line_1_99' title="bbox 991 2354 1778 2392; baseline -0.005 -8"><span class='ocrx_word' id='word_1_762' title='bbox 991 2358 1159 2392; x_wconf 85' lang='lat' dir='ltr'><strong>proclamet:</strong></span> <span class='ocrx_word' id='word_1_763' title='bbox 1186 2367 1195 2382; x_wconf 80' lang='grc' dir='ltr'><strong>ι</strong></span> <span class='ocrx_word' id='word_1_764' title='bbox 1207 2356 1246 2384; x_wconf 86' lang='lat' dir='ltr'><strong>Ne</strong></span> <span class='ocrx_word' id='word_1_765' title='bbox 1258 2356 1321 2391; x_wconf 87' lang='lat' dir='ltr'><strong>quis</strong></span> <span class='ocrx_word' id='word_1_766' title='bbox 1342 2360 1437 2383; x_wconf 86' lang='lat' dir='ltr'><strong>contra</strong></span> <span class='ocrx_word' id='word_1_767' title='bbox 1452 2355 1586 2389; x_wconf 89' lang='lat' dir='ltr'><strong>aliquem;</strong></span> <span class='ocrx_word' id='word_1_768' title='bbox 1611 2362 1646 2382; x_wconf 87' lang='lat' dir='ltr'><strong>ne</strong></span> <span class='ocrx_word' id='word_1_769' title='bbox 1665 2354 1727 2389; x_wconf 88' lang='lat' dir='ltr'><strong>quis</strong></span> <span class='ocrx_word' id='word_1_770' title='bbox 1751 2355 1778 2380; x_wconf 90' lang='lat' dir='ltr'><strong>in</strong></span> 
     </span>
    </p>
   </div>
   <div class='ocr_carea' id='block_1_100' title="bbox 990 2400 1776 2439">
    <p class='ocr_par' dir='ltr' id='par_1_100' title="bbox 990 2400 1776 2439">
     <span class='ocr_line' id='line_1_100' title="bbox 990 2400 1776 2439; baseline -0.008 -9"><span class='ocrx_word' id='word_1_771' title='bbox 990 2403 1144 2439; x_wconf 81' lang='lat' dir='ltr'><strong>hypocrisi;</strong></span> <span class='ocrx_word' id='word_1_772' title='bbox 1159 2413 1168 2429; x_wconf 82' lang='grc'><strong>›</strong></span> <span class='ocrx_word' id='word_1_773' title='bbox 1186 2408 1216 2431; x_wconf 89' lang='lat' dir='ltr'><strong>ut</strong></span> <span class='ocrx_word' id='word_1_774' title='bbox 1230 2402 1292 2431; x_wconf 89' lang='lat' dir='ltr'><strong>siin</strong></span> <span class='ocrx_word' id='word_1_775' title='bbox 1306 2402 1446 2429; x_wconf 86' lang='lat' dir='ltr'><strong>nonnullis</strong></span> <span class='ocrx_word' id='word_1_776' title='bbox 1457 2401 1602 2429; x_wconf 87' lang='lat' dir='ltr'><strong>dissidium</strong></span> <span class='ocrx_word' id='word_1_777' title='bbox 1611 2400 1776 2435; x_wconf 82' lang='lat' dir='ltr'><strong>reperiatur.</strong></span> 
     </span>
    </p>
   </div>
   <div class='ocr_carea' id='block_1_101' title="bbox 995 2478 1775 2515">
    <p class='ocr_par' dir='ltr' id='par_1_101' title="bbox 995 2478 1775 2515">
     <span class='ocr_line' id='line_1_101' title="bbox 995 2478 1775 2515; baseline -0.006 -6"><span class='ocrx_word' id='word_1_778' title='bbox 995 2486 1006 2500; x_wconf 68' lang='grc' dir='ltr'><strong>ι</strong></span> <span class='ocrx_word' id='word_1_779' title='bbox 1019 2482 1093 2511; x_wconf 77' lang='lat' dir='ltr'><strong>Psal.</strong></span> <span class='ocrx_word' id='word_1_780' title='bbox 1108 2491 1157 2514; x_wconf 85' lang='lat' dir='ltr'><strong>vn.</strong></span> <span class='ocrx_word' id='word_1_781' title='bbox 1174 2482 1200 2510; x_wconf 84' lang='lat'><strong>5.</strong></span> <span class='ocrx_word' id='word_1_782' title='bbox 1249 2482 1260 2499; x_wconf 87' lang='lat'><strong>&#39;</strong></span> <span class='ocrx_word' id='word_1_783' title='bbox 1275 2481 1312 2511; x_wconf 86' lang='lat' dir='ltr'><strong>ls.</strong></span> <span class='ocrx_word' id='word_1_784' title='bbox 1328 2490 1406 2515; x_wconf 74' lang='lat' dir='ltr'><strong>tvm,</strong></span> <span class='ocrx_word' id='word_1_785' title='bbox 1418 2481 1445 2509; x_wconf 82' lang='lat'><strong>6.</strong></span> <span class='ocrx_word' id='word_1_786' title='bbox 1497 2481 1508 2497; x_wconf 85' lang='grc'><strong>⁸</strong></span> <span class='ocrx_word' id='word_1_787' title='bbox 1526 2480 1622 2508; x_wconf 79' lang='lat' dir='ltr'><strong>Matth.</strong></span> <span class='ocrx_word' id='word_1_788' title='bbox 1635 2487 1714 2511; x_wconf 75' lang='lat' dir='ltr'><strong>xvnl,</strong></span> <span class='ocrx_word' id='word_1_789' title='bbox 1730 2478 1775 2505; x_wconf 75' lang='lat'><strong>22.</strong></span> 
     </span>
    </p>
   </div>
   <div class='ocr_carea' id='block_1_102' title="bbox 1100 2517 1534 2550">
    <p class='ocr_par' dir='ltr' id='par_1_102' title="bbox 1100 2517 1534 2550">
     <span class='ocr_line' id='line_1_102' title="bbox 1100 2517 1534 2550; baseline 0.007 -5"><span class='ocrx_word' id='word_1_790' title='bbox 1100 2518 1110 2534; x_wconf 83' lang='lat'>&#39;</span> <span class='ocrx_word' id='word_1_791' title='bbox 1126 2517 1193 2546; x_wconf 88' lang='lat' dir='ltr'><strong>Ibid.</strong></span> <span class='ocrx_word' id='word_1_792' title='bbox 1205 2526 1232 2550; x_wconf 79' lang='grc' dir='ltr'><strong>ν,</strong></span> <span class='ocrx_word' id='word_1_793' title='bbox 1244 2518 1291 2545; x_wconf 62' lang='grc'><strong>45.</strong></span> <span class='ocrx_word' id='word_1_794' title='bbox 1513 2522 1534 2548; x_wconf 53' lang='lat' dir='ltr'>ﬁ</span> 
     </span>
    </p>
   </div>
   <div class='ocr_carea' id='block_1_103' title="bbox 802 2575 1115 2604">
    <p class='ocr_par' dir='ltr' id='par_1_103' title="bbox 802 2575 1115 2604">
     <span class='ocr_line' id='line_1_103' title="bbox 802 2575 1115 2604; baseline 0.01 -3"><span class='ocrx_word' id='word_1_795' title='bbox 802 2575 980 2604; x_wconf 78' lang='lat' dir='ltr'><strong>VARIORUM</strong></span> <span class='ocrx_word' id='word_1_796' title='bbox 998 2576 1115 2604; x_wconf 67' lang='lat' dir='ltr'><strong>NOTAE.</strong></span> 
     </span>
    </p>
   </div>
   <div class='ocr_carea' id='block_1_104' title="bbox 201 2628 858 2666">
    <p class='ocr_par' dir='ltr' id='par_1_104' title="bbox 201 2628 858 2666">
     <span class='ocr_line' id='line_1_104' title="bbox 201 2628 858 2666; baseline 0.002 -9"><span class='ocrx_word' id='word_1_797' title='bbox 201 2629 228 2666; x_wconf 83' lang='lat'><strong>6)</strong></span> <span class='ocrx_word' id='word_1_798' title='bbox 248 2630 315 2657; x_wconf 85' lang='grc' dir='ltr'><strong>Ἵνα</strong></span> <span class='ocrx_word' id='word_1_799' title='bbox 327 2628 437 2666; x_wconf 48' lang='grc' dir='ltr'>μήλεια.</span> <span class='ocrx_word' id='word_1_800' title='bbox 449 2629 503 2666; x_wconf 51' lang='lat' dir='ltr'><strong>iis.</strong></span> <span class='ocrx_word' id='word_1_801' title='bbox 517 2629 690 2666; x_wconf 14' lang='lat' dir='ltr'><strong>Vindemia-ct</strong></span> <span class='ocrx_word' id='word_1_802' title='bbox 705 2632 736 2658; x_wconf 77' lang='grc' dir='ltr'><strong>οὺ</strong></span> <span class='ocrx_word' id='word_1_803' title='bbox 763 2631 858 2664; x_wconf 78' lang='grc' dir='ltr'>θέλεις.</span> 
     </span>
    </p>
   </div>
   <div class='ocr_carea' id='block_1_105' title="bbox 202 2664 937 2701">
    <p class='ocr_par' dir='ltr' id='par_1_105' title="bbox 202 2664 937 2701">
     <span class='ocr_line' id='line_1_105' title="bbox 202 2664 937 2701; baseline 0 -9"><span class='ocrx_word' id='word_1_804' title='bbox 202 2664 230 2701; x_wconf 84' lang='grc'><strong>7)</strong></span> <span class='ocrx_word' id='word_1_805' title='bbox 249 2664 420 2701; x_wconf 60' lang='grc' dir='ltr'><strong>Συττηρᾲῖς.</strong></span> <span class='ocrx_word' id='word_1_806' title='bbox 449 2664 498 2701; x_wconf 21' lang='lat' dir='ltr'><strong>Mrs.</strong></span> <span class='ocrx_word' id='word_1_807' title='bbox 512 2673 584 2701; x_wconf 84' lang='lat' dir='ltr'><strong>unus</strong></span> <span class='ocrx_word' id='word_1_808' title='bbox 600 2665 735 2701; x_wconf 70' lang='grc' dir='ltr'>ωςητεῖς,</span> <span class='ocrx_word' id='word_1_809' title='bbox 749 2667 818 2694; x_wconf 85' lang='lat' dir='ltr'><strong>alter</strong></span> <span class='ocrx_word' id='word_1_810' title='bbox 837 2666 937 2701; x_wconf 86' lang='grc' dir='ltr'><strong>φυλάτ-</strong></span> 
     </span>
    </p>
   </div>
   <div class='ocr_carea' id='block_1_106' title="bbox 153 2700 937 2734">
    <p class='ocr_par' dir='ltr' id='par_1_106' title="bbox 153 2700 937 2734">
     <span class='ocr_line' id='line_1_106' title="bbox 153 2700 937 2734; baseline 0.004 -8"><span class='ocrx_word' id='word_1_811' title='bbox 153 2708 222 2733; x_wconf 79' lang='grc' dir='ltr'>τεις,</span> <span class='ocrx_word' id='word_1_812' title='bbox 247 2700 431 2730; x_wconf 82' lang='lat' dir='ltr'><strong>scribentibus</strong></span> <span class='ocrx_word' id='word_1_813' title='bbox 461 2700 582 2727; x_wconf 81' lang='lat' dir='ltr'><strong>librariis</strong></span> <span class='ocrx_word' id='word_1_814' title='bbox 606 2700 665 2728; x_wconf 31' lang='lat' dir='ltr'><strong>non’</strong></span> <span class='ocrx_word' id='word_1_815' title='bbox 683 2702 763 2728; x_wconf 84' lang='lat' dir='ltr'><strong>verba</strong></span> <span class='ocrx_word' id='word_1_816' title='bbox 794 2700 937 2734; x_wconf 82' lang='lat' dir='ltr'><strong>dictantis,</strong></span> 
     </span>
    </p>
   </div>
   <div class='ocr_carea' id='block_1_107' title="bbox 154 2735 905 2770">
    <p class='ocr_par' dir='ltr' id='par_1_107' title="bbox 154 2735 905 2770">
     <span class='ocr_line' id='line_1_107' title="bbox 154 2735 905 2770; baseline 0.001 -8"><span class='ocrx_word' id='word_1_817' title='bbox 154 2736 201 2762; x_wconf 81' lang='lat' dir='ltr'><strong>sed</strong></span> <span class='ocrx_word' id='word_1_818' title='bbox 214 2736 375 2763; x_wconf 84' lang='lat' dir='ltr'><strong>sententiam</strong></span> <span class='ocrx_word' id='word_1_819' title='bbox 388 2735 530 2770; x_wconf 79' lang='lat' dir='ltr'><strong>verborum</strong></span> <span class='ocrx_word' id='word_1_820' title='bbox 541 2735 648 2770; x_wconf 89' lang='lat' dir='ltr'><strong>qualem</strong></span> <span class='ocrx_word' id='word_1_821' title='bbox 664 2737 804 2770; x_wconf 87' lang='lat' dir='ltr'><strong>putabant.</strong></span> <span class='ocrx_word' id='word_1_822' title='bbox 821 2737 905 2764; x_wconf 70' lang='lat' dir='ltr'><strong>CLI-ll.</strong></span> 
     </span>
    </p>
   </div>
   <div class='ocr_carea' id='block_1_108' title="bbox 200 2769 896 2806">
    <p class='ocr_par' dir='ltr' id='par_1_108' title="bbox 200 2769 896 2806">
     <span class='ocr_line' id='line_1_108' title="bbox 200 2769 896 2806; baseline 0.001 -9"><span class='ocrx_word' id='word_1_823' title='bbox 200 2770 228 2803; x_wconf 88' lang='lat'><strong>8)</strong></span> <span class='ocrx_word' id='word_1_824' title='bbox 249 2769 442 2806; x_wconf 49' lang='lat' dir='ltr'><strong>Tempta-ys.</strong></span> <span class='ocrx_word' id='word_1_825' title='bbox 460 2769 578 2806; x_wconf 19' lang='lat' dir='ltr'><strong>Vrindob.</strong></span> <span class='ocrx_word' id='word_1_826' title='bbox 593 2769 735 2806; x_wconf 72' lang='grc' dir='ltr'>ὑφορᾶσαι,</span> <span class='ocrx_word' id='word_1_827' title='bbox 750 2771 793 2798; x_wconf 73' lang='grc' dir='ltr'>διὰ</span> <span class='ocrx_word' id='word_1_828' title='bbox 807 2772 896 2798; x_wconf 83' lang='grc' dir='ltr'>τοῦτο.</span> 
     </span>
    </p>
   </div>
   <div class='ocr_carea' id='block_1_109' title="bbox 216 2800 939 2845">
    <p class='ocr_par' dir='ltr' id='par_1_109' title="bbox 216 2800 939 2845">
     <span class='ocr_line' id='line_1_109' title="bbox 216 2800 939 2845; baseline 0.003 -13"><span class='ocrx_word' id='word_1_829' title='bbox 216 2800 226 2840; x_wconf 77' lang='lat'>)</span> <span class='ocrx_word' id='word_1_830' title='bbox 248 2800 355 2839; x_wconf 56' lang='grc' dir='ltr'>’Ᾱᾴεῖςζ</span> <span class='ocrx_word' id='word_1_831' title='bbox 365 2800 559 2845; x_wconf 54' lang='grc' dir='ltr'>Ῥι-ειξιῃὶῑῑίιιιιο</span> <span class='ocrx_word' id='word_1_832' title='bbox 573 2805 601 2831; x_wconf 83' lang='grc' dir='ltr'><strong>ίιι</strong></span> <span class='ocrx_word' id='word_1_833' title='bbox 615 2800 678 2833; x_wconf 63' lang='grc' dir='ltr'><strong>ὶόά.</strong></span> <span class='ocrx_word' id='word_1_834' title='bbox 691 2800 806 2834; x_wconf 79' lang='lat' dir='ltr'><strong>Vindob.</strong></span> <span class='ocrx_word' id='word_1_835' title='bbox 825 2806 939 2842; x_wconf 73' lang='grc' dir='ltr'>συνεχῶν</span> 
     </span>
    </p>
   </div>
   <div class='ocr_carea' id='block_1_110' title="bbox 155 2838 936 2910">
    <p class='ocr_par' dir='ltr' id='par_1_110' title="bbox 155 2838 936 2910">
     <span class='ocr_line' id='line_1_110' title="bbox 155 2838 905 2875; baseline -0.001 -9"><span class='ocrx_word' id='word_1_836' title='bbox 155 2838 251 2875; x_wconf 80' lang='grc' dir='ltr'>ρησας,</span> <span class='ocrx_word' id='word_1_837' title='bbox 263 2838 443 2866; x_wconf 58' lang='lat' dir='ltr'><strong>“cumulasti.</strong></span> <span class='ocrx_word' id='word_1_838' title='bbox 457 2838 496 2866; x_wconf 80' lang='lat' dir='ltr'><strong>lo.</strong></span> <span class='ocrx_word' id='word_1_839' title='bbox 889 2838 905 2842; x_wconf 86' lang='grc'><em>”</em></span> 
     </span>
     <span class='ocr_line' id='line_1_111' title="bbox 157 2873 936 2910; baseline 0.003 -9"><span class='ocrx_word' id='word_1_840' title='bbox 157 2909 167 2910; x_wconf 27' lang='lat'><em>7</em></span> <span class='ocrx_word' id='word_1_841' title='bbox 188 2874 245 2910; x_wconf 79' lang='grc'><strong>(10)</strong></span> <span class='ocrx_word' id='word_1_842' title='bbox 272 2873 366 2910; x_wconf 57' lang='lat' dir='ltr'><strong>Mdu;</strong></span> <span class='ocrx_word' id='word_1_843' title='bbox 387 2874 460 2900; x_wconf 79' lang='grc' dir='ltr'>κατά</span> <span class='ocrx_word' id='word_1_844' title='bbox 487 2882 575 2907; x_wconf 80' lang='grc' dir='ltr'>τινος·</span> <span class='ocrx_word' id='word_1_845' title='bbox 601 2875 689 2908; x_wconf 77' lang='grc' dir='ltr'>μήτις</span> <span class='ocrx_word' id='word_1_846' title='bbox 710 2875 745 2900; x_wconf 78' lang='grc' dir='ltr'>ἐν</span> <span class='ocrx_word' id='word_1_847' title='bbox 771 2876 936 2910; x_wconf 74' lang='grc' dir='ltr'>ὑποκρίσει.</span> 
     </span>
    </p>
   </div>
   <div class='ocr_carea' id='block_1_111' title="bbox 155 2909 939 2946">
    <p class='ocr_par' dir='ltr' id='par_1_111' title="bbox 155 2909 939 2946">
     <span class='ocr_line' id='line_1_112' title="bbox 155 2909 939 2946; baseline 0.001 -9"><span class='ocrx_word' id='word_1_848' title='bbox 155 2909 335 2943; x_wconf 78' lang='lat' dir='ltr'><strong>Diaconorum</strong></span> <span class='ocrx_word' id='word_1_849' title='bbox 352 2909 400 2936; x_wconf 86' lang='lat' dir='ltr'><strong>has</strong></span> <span class='ocrx_word' id='word_1_850' title='bbox 414 2909 534 2944; x_wconf 82' lang='lat' dir='ltr'><strong>aliasque</strong></span> <span class='ocrx_word' id='word_1_851' title='bbox 558 2910 783 2945; x_wconf 87' lang='lat' dir='ltr'><strong>proclamationes</strong></span> <span class='ocrx_word' id='word_1_852' title='bbox 809 2911 939 2946; x_wconf 87' lang='lat' dir='ltr'><strong>plurimas</strong></span> 
     </span>
    </p>
   </div>
   <div class='ocr_carea' id='block_1_112' title="bbox 989 2631 1776 2668">
    <p class='ocr_par' dir='ltr' id='par_1_112' title="bbox 989 2631 1776 2668">
     <span class='ocr_line' id='line_1_113' title="bbox 989 2631 1776 2668; baseline -0.004 -8"><span class='ocrx_word' id='word_1_853' title='bbox 989 2633 1131 2660; x_wconf 88' lang='lat' dir='ltr'><strong>continent</strong></span> <span class='ocrx_word' id='word_1_854' title='bbox 1145 2633 1282 2668; x_wconf 63' lang='lat' dir='ltr'><strong>pra-cipue</strong></span> <span class='ocrx_word' id='word_1_855' title='bbox 1294 2632 1439 2668; x_wconf 20' lang='lat' dir='ltr'><strong>Liturgiazr,</strong></span> <span class='ocrx_word' id='word_1_856' title='bbox 1463 2632 1545 2668; x_wconf 82' lang='lat' dir='ltr'><strong>etiam</strong></span> <span class='ocrx_word' id='word_1_857' title='bbox 1561 2631 1659 2668; x_wconf 84' lang='lat' dir='ltr'><strong>nostri:</strong></span> <span class='ocrx_word' id='word_1_858' title='bbox 1687 2631 1776 2668; x_wconf 76' lang='grc' dir='ltr'>Μῆτις</span> 
     </span>
    </p>
   </div>
   <div class='ocr_carea' id='block_1_113' title="bbox 989 2666 1777 2703">
    <p class='ocr_par' dir='ltr' id='par_1_113' title="bbox 989 2666 1777 2703">
     <span class='ocr_line' id='line_1_114' title="bbox 989 2666 1777 2703; baseline -0.004 -9"><span class='ocrx_word' id='word_1_859' title='bbox 989 2667 1043 2694; x_wconf 79' lang='grc' dir='ltr'><strong>τῶν</strong></span> <span class='ocrx_word' id='word_1_860' title='bbox 1058 2666 1279 2703; x_wconf 73' lang='grc' dir='ltr'>κατηχὸυμένων·</span> <span class='ocrx_word' id='word_1_861' title='bbox 1297 2666 1390 2703; x_wconf 33' lang='grc' dir='ltr'>μήητις</span> <span class='ocrx_word' id='word_1_862' title='bbox 1402 2666 1675 2703; x_wconf 18' lang='grc' dir='ltr'><strong>τῶνᾲᾲικροιιψένων·Δ</strong></span> <span class='ocrx_word' id='word_1_863' title='bbox 1685 2667 1720 2701; x_wconf 88' lang='grc' dir='ltr'>μή</span> <span class='ocrx_word' id='word_1_864' title='bbox 1735 2675 1777 2703; x_wconf 80' lang='grc' dir='ltr'><strong>τις</strong></span> 
     </span>
    </p>
   </div>
   <div class='ocr_carea' id='block_1_114' title="bbox 989 2700 1777 2738">
    <p class='ocr_par' dir='ltr' id='par_1_114' title="bbox 989 2700 1777 2738">
     <span class='ocr_line' id='line_1_115' title="bbox 989 2700 1777 2738; baseline -0.003 -9"><span class='ocrx_word' id='word_1_865' title='bbox 989 2702 1043 2729; x_wconf 78' lang='grc' dir='ltr'>τῶν</span> <span class='ocrx_word' id='word_1_866' title='bbox 1057 2700 1189 2729; x_wconf 56' lang='grc' dir='ltr'>ἀπίσὲὶυνῖ</span> <span class='ocrx_word' id='word_1_867' title='bbox 1206 2703 1242 2738; x_wconf 83' lang='grc' dir='ltr'>μή</span> <span class='ocrx_word' id='word_1_868' title='bbox 1261 2700 1304 2733; x_wconf 80' lang='grc' dir='ltr'>τις</span> <span class='ocrx_word' id='word_1_869' title='bbox 1316 2700 1559 2738; x_wconf 24' lang='grc' dir='ltr'>έῶνῖὲτεροδόξωνε</span> <span class='ocrx_word' id='word_1_870' title='bbox 1570 2700 1725 2738; x_wconf 61' lang='lat' dir='ltr'><strong>pponam</strong></span> <span class='ocrx_word' id='word_1_871' title='bbox 1752 2701 1777 2727; x_wconf 83' lang='grc' dir='ltr'><strong>οἱ</strong></span> 
     </span>
    </p>
   </div>
   <div class='ocr_carea' id='block_1_115' title="bbox 991 2710 1775 2779">
    <p class='ocr_par' dir='ltr' id='par_1_115' title="bbox 991 2710 1775 2779">
     <span class='ocr_line' id='line_1_116' title="bbox 991 2710 1775 2762; baseline -0.004 -33"><span class='ocrx_word' id='word_1_872' title='bbox 991 2711 1043 2729; x_wconf 79' lang='grc' dir='ltr'><strong>των</strong></span> <span class='ocrx_word' id='word_1_873' title='bbox 1057 2710 1189 2729; x_wconf 86' lang='grc' dir='ltr'>απιστων·</span> <span class='ocrx_word' id='word_1_874' title='bbox 1206 2710 1242 2738; x_wconf 89' lang='grc' dir='ltr'>μη</span> <span class='ocrx_word' id='word_1_875' title='bbox 1261 2711 1303 2733; x_wconf 84' lang='grc' dir='ltr'>τις</span> <span class='ocrx_word' id='word_1_876' title='bbox 1316 2710 1370 2728; x_wconf 87' lang='grc' dir='ltr'>των</span> <span class='ocrx_word' id='word_1_877' title='bbox 1384 2710 1551 2762; x_wconf 59' lang='grc' dir='ltr'>ετξῖλοοοςων.</span> <span class='ocrx_word' id='word_1_878' title='bbox 1577 2710 1725 2736; x_wconf 78' lang='grc' dir='ltr'>ιιροεΑοετε</span> <span class='ocrx_word' id='word_1_879' title='bbox 1752 2710 1775 2727; x_wconf 94' lang='grc' dir='ltr'><strong>οι</strong></span> 
     </span>
     <span class='ocr_line' id='line_1_117' title="bbox 991 2735 1775 2779; baseline -0.001 -16"><span class='ocrx_word' id='word_1_880' title='bbox 991 2737 1188 2779; x_wconf 55' lang='grc' dir='ltr'>Ξατηχρύμενρι</span> <span class='ocrx_word' id='word_1_881' title='bbox 1202 2738 1232 2763; x_wconf 81' lang='grc' dir='ltr'>ὲν</span> <span class='ocrx_word' id='word_1_882' title='bbox 1245 2737 1350 2779; x_wconf 54' lang='grc' dir='ltr'>εξρήνῃ.</span> <span class='ocrx_word' id='word_1_883' title='bbox 1369 2737 1411 2779; x_wconf 60' lang='lat' dir='ltr'><strong>lle</strong></span> <span class='ocrx_word' id='word_1_884' title='bbox 1451 2736 1561 2779; x_wconf 27' lang='grc' dir='ltr'><strong>«θέτεΛοὶ</strong></span> <span class='ocrx_word' id='word_1_885' title='bbox 1571 2735 1775 2779; x_wconf 48' lang='grc' dir='ltr'>ᾖγεργούμενρι.</span> 
     </span>
    </p>
   </div>
   <div class='ocr_carea' id='block_1_116' title="bbox 991 2759 1775 2807">
    <p class='ocr_par' dir='ltr' id='par_1_116' title="bbox 991 2759 1775 2807">
     <span class='ocr_line' id='line_1_118' title="bbox 991 2759 1775 2807; baseline -0.004 -8"><span class='ocrx_word' id='word_1_886' title='bbox 991 2759 1775 2807; x_wconf 32' lang='lat' dir='ltr'><strong>meres};etaestimaresuitasset;</strong></span> 
     </span>
    </p>
   </div>
   <div class='ocr_carea' id='block_1_117' title="bbox 991 2805 1776 2867">
    <p class='ocr_par' dir='ltr' id='par_1_117' title="bbox 991 2805 1776 2867">
     <span class='ocr_line' id='line_1_119' title="bbox 991 2805 1776 2867; baseline -0.003 -33"><span class='ocrx_word' id='word_1_887' title='bbox 991 2805 1035 2843; x_wconf 70' lang='grc' dir='ltr'><strong>Μή</strong></span> <span class='ocrx_word' id='word_1_888' title='bbox 1051 2815 1092 2838; x_wconf 88' lang='grc' dir='ltr'>τις</span> <span class='ocrx_word' id='word_1_889' title='bbox 1119 2806 1172 2833; x_wconf 83' lang='grc' dir='ltr'><strong>τῶν</strong></span> <span class='ocrx_word' id='word_1_890' title='bbox 1187 2805 1339 2842; x_wconf 56' lang='grc' dir='ltr'>⁷ἁμυήτων,</span> <span class='ocrx_word' id='word_1_891' title='bbox 1369 2808 1406 2842; x_wconf 86' lang='grc' dir='ltr'>μή</span> <span class='ocrx_word' id='word_1_892' title='bbox 1429 2815 1471 2837; x_wconf 87' lang='grc' dir='ltr'>τις</span> <span class='ocrx_word' id='word_1_893' title='bbox 1488 2806 1541 2832; x_wconf 87' lang='grc' dir='ltr'><strong>τῶν</strong></span> <span class='ocrx_word' id='word_1_894' title='bbox 1565 2805 1776 2867; x_wconf 63' lang='grc' dir='ltr'>μὴΐδυναμένων</span> 
     </span>
     <span class='ocr_line' id='line_1_120' title="bbox 991 2839 1775 2867; baseline 0 0"><span class='ocrx_word' id='word_1_895' title='bbox 991 2843 1056 2867; x_wconf 76' lang='grc' dir='ltr'>ἡμῖν</span> <span class='ocrx_word' id='word_1_896' title='bbox 1079 2841 1263 2867; x_wconf 54' lang='grc' dir='ltr'>συνδεηθῆαισ</span> <span class='ocrx_word' id='word_1_897' title='bbox 1280 2841 1409 2867; x_wconf 71' lang='grc' dir='ltr'>ἀλλήλους</span> <span class='ocrx_word' id='word_1_898' title='bbox 1432 2841 1575 2867; x_wconf 76' lang='grc' dir='ltr'>ὲπίγνωτε.</span> <span class='ocrx_word' id='word_1_899' title='bbox 1620 2841 1653 2867; x_wconf 75' lang='grc' dir='ltr'>ὰς</span> <span class='ocrx_word' id='word_1_900' title='bbox 1679 2839 1775 2867; x_wconf 73' lang='grc' dir='ltr'>ούοαε.</span> 
     </span>
    </p>
   </div>
   <div class='ocr_carea' id='block_1_118' title="bbox 991 2839 1775 2912">
    <p class='ocr_par' dir='ltr' id='par_1_118' title="bbox 991 2839 1775 2912">
     <span class='ocr_line' id='line_1_121' title="bbox 991 2839 1775 2902; baseline -0.001 -35"><span class='ocrx_word' id='word_1_901' title='bbox 991 2839 1056 2902; x_wconf 55' lang='grc' dir='ltr'>ἡμῖν</span> <span class='ocrx_word' id='word_1_902' title='bbox 1079 2839 1409 2902; x_wconf 49' lang='grc' dir='ltr'>συνδεἘῆναιίὰλλήλουξ</span> <span class='ocrx_word' id='word_1_903' title='bbox 1432 2839 1575 2875; x_wconf 64' lang='grc' dir='ltr'>ὲπίγνωτεζ</span> <span class='ocrx_word' id='word_1_904' title='bbox 1596 2839 1653 2873; x_wconf 84' lang='grc' dir='ltr'><strong>Τὰς</strong></span> <span class='ocrx_word' id='word_1_905' title='bbox 1679 2839 1775 2876; x_wconf 74' lang='grc' dir='ltr'>σύρας.</span> 
     </span>
     <span class='ocr_line' id='line_1_122' title="bbox 991 2875 1775 2912; baseline -0.001 -10"><span class='ocrx_word' id='word_1_906' title='bbox 991 2885 1006 2903; x_wconf 87' lang='grc' dir='ltr'><strong>τ</strong></span> <span class='ocrx_word' id='word_1_907' title='bbox 1029 2885 1040 2907; x_wconf 66' lang='grc' dir='ltr'><strong>ς</strong></span> <span class='ocrx_word' id='word_1_908' title='bbox 1054 2876 1147 2912; x_wconf 71' lang='grc' dir='ltr'>Θὺρας.</span> <span class='ocrx_word' id='word_1_909' title='bbox 1185 2876 1287 2912; x_wconf 75' lang='grc' dir='ltr'>λέπετε</span> <span class='ocrx_word' id='word_1_910' title='bbox 1296 2877 1331 2912; x_wconf 88' lang='grc' dir='ltr'>μή</span> <span class='ocrx_word' id='word_1_911' title='bbox 1345 2885 1387 2908; x_wconf 72' lang='grc' dir='ltr'><strong>¹τις</strong></span> <span class='ocrx_word' id='word_1_912' title='bbox 1397 2876 1450 2902; x_wconf 84' lang='grc' dir='ltr'>τῶν</span> <span class='ocrx_word' id='word_1_913' title='bbox 1464 2875 1686 2912; x_wconf 51' lang='grc' dir='ltr'>κρτηχουμένων,</span> <span class='ocrx_word' id='word_1_914' title='bbox 1699 2876 1775 2902; x_wconf 79' lang='grc' dir='ltr'>Ὅσοι</span> 
     </span>
    </p>
   </div>
   <div class='ocr_carea' id='block_1_119' title="bbox 992 2910 1774 2948">
    <p class='ocr_par' dir='ltr' id='par_1_119' title="bbox 992 2910 1774 2948">
     <span class='ocr_line' id='line_1_123' title="bbox 992 2910 1774 2948; baseline -0.001 -10"><span class='ocrx_word' id='word_1_915' title='bbox 992 2910 1191 2948; x_wconf 61' lang='grc' dir='ltr'>κατηχούμενοι</span> <span class='ocrx_word' id='word_1_916' title='bbox 1206 2910 1369 2948; x_wconf 10' lang='grc' dir='ltr'>ἓπροέλΜτε,</span> <span class='ocrx_word' id='word_1_917' title='bbox 1395 2915 1448 2939; x_wconf 80' lang='lat' dir='ltr'><strong>etc.</strong></span> <span class='ocrx_word' id='word_1_918' title='bbox 1473 2910 1632 2940; x_wconf 73' lang='lat' dir='ltr'><strong>Timetlteus</strong></span> <span class='ocrx_word' id='word_1_919' title='bbox 1657 2910 1774 2939; x_wconf 70' lang='lat' dir='ltr'><strong>Alexan-</strong></span> 
     </span>
    </p>
   </div>
  </div>
