4080 6260
381 332 477 385 7-H

1268 328 1866 385 CONSTITUTIONES
1902 331 2375 387 ΛΡΟΞΤΟΙᾸΕᾸΞ.
2419 365 2482 373 --
2520 315 2655 388 LIB:
2691 334 2755 388 ll.

3525 336 3625 391 742

380 443 455 512 τῷ
478 443 598 512 βίῳ,
630 442 662 511 ἢ
696 441 916 512 ξένος,ἦ
944 441 1225 512 ἐγχώριος
1250 444 1313 494 σὺ
1343 445 1371 493 ὁ
1402 443 1699 503 ἐπίσκοπος
1726 444 1754 493 ὀ
1788 460 1954 512 προσ-

2076 445 2173 499 ιίνε
2204 445 2447 514 ejusdem
2481 448 2721 516 regionis
2738 448 2817 504 ³³;
2852 458 2931 516 tu,
2956 448 3234 518 episcope,
3260 449 3389 503 dum
3414 451 3483 505 de
3516 455 3625 509 Deo

380 533 552 585 λαλῶν
608 533 700 584 τὸν
729 535 855 604 περὶ
875 532 1009 585 Θεοῦ
1041 534 1219 601 λόγον,
1250 532 1284 602 ἢ
1317 536 1345 586 ό
1365 534 1577 586 ἁκούων
1605 532 1701 585 τοῦ
1730 533 1956 602 ψάλλον-

378 640 487 686 τος,
519 622 667 695 ἢτοῦ
698 625 1180 691 ἀναγινώσκοντος,
1216 624 1290 696 μὴ
1334 625 1818 695 προσωποληπτῶν
1860 643 1959 677 κα-

377 714 611 786 ταλίπῃς
637 714 737 785 τὴν
776 715 1050 768 διακονίαν
1079 714 1175 767 τοῦ
1204 716 1386 783 λόγου,
1431 716 1518 767 ἵνα
1549 715 1774 788 διατάξῃ
1813 716 1960 786 αὐτῷ

381 805 697 877 προεδρίαν
722 806 859 858 ἀλλὰ
878 806 1005 876 μένε
1034 806 1276 877 ἡσύχιος,
1314 808 1390 878 μὴ
1406 806 1710 860 διακόπτων
1747 825 1841 860 σου
1870 809 1960 860 τὸν

381 895 555 965 λόγον,
578 898 611 968 ἢ
640 898 738 969 τὴν
769 898 955 969 ἀκοήν·
980 899 1029 950 οἱ
1044 898 1099 951 δὲ
1119 898 1334 967 ἀδελφοὶ
1348 898 1437 952 διὰ
1456 899 1561 950 τῶν
1580 899 1838 951 διακόνων
1859 916 1965 951 πα-

382 988 795 1060 ραδεχέσθωσαν
811 990 992 1041 αὐτόν·
1015 990 1063 1041 εί
1091 989 1148 1041 δὲ
1173 989 1333 1051 τόπος
1350 991 1448 1041 οὐκ
1466 989 1634 1052 ἔστιν,
1659 993 1687 1043 ό
1714 989 1961 1053 διάκονος

381 1080 469 1132 τὸν
487 1081 686 1149 μᾶλλον
701 1080 960 1151 νεώτερον
979 1081 1218 1152 ἐγείρας,
1242 1081 1377 1151 μετὰ
1399 1081 1578 1148 λόγου,
1598 1081 1733 1134 ἀλλὰ
1755 1082 1828 1151 μὴ
1847 1082 1963 1151 μετ’

383 1172 571 1242 ὀργῆς,
590 1173 798 1225 ἐκεῖνον
854 1172 1149 1225 καθισὰτω
1200 1172 1406 1225 δίκαιον
1447 1172 1503 1224 δὲ
1531 1172 1688 1225 τοῦτο
1736 1174 1830 1226 καὶ
1871 1173 1963 1240 ἀφ’

386 1261 579 1315 ἑαυτοῦ
607 1262 700 1314 τὸν
732 1263 1048 1331 φιλάδελφον
1081 1264 1189 1334 (68)
1216 1264 1453 1335 ποιῆσαι·
1479 1264 1572 1316 ἐὰν
1600 1265 1656 1318 δὲ
1708 1264 1963 1335 ἀνανεύῃ,

386 1353 604 1424 ἐγείρας
621 1353 781 1405 αὑτὸν
796 1354 1173 1422 ἀναγκαστῶς,
1193 1356 1366 1407 ὀπίσω
1386 1356 1601 1408 πάντων
1620 1357 1714 1426 στῆ
1723 1373 1810 1408 σον
1833 1356 1963 1426 (69),

387 1444 473 1496 ἵνα
515 1443 842 1496 παιδευθῶσι
896 1446 989 1497 καὶ
1051 1446 1101 1498 οἱ
1142 1445 1317 1498 λοιποὶ
1362 1447 1828 1518 ἀντιπαραχωρεῖν
1856 1450 1967 1510 τοῖς

388 1534 767 1605 ἐντιμοτέροις.
843 1536 907 1587 Ei
971 1535 1028 1587 δὲ
1072 1536 1317 1606 πτωχὸς,
1393 1538 1669 1609 ἢὰγενὴς
1729 1536 1874 1607 (70),
1930 1538 1963 1608 ἦ

390 1624 537 1687 ξένος
569 1624 805 1691 ἐπέλθοι,
836 1625 1149 1696 πρεσϐύτης
1176 1627 1343 1697 ἢνέος
1356 1631 1422 1699 τῇ
1445 1629 1651 1699 ἡλικίᾳ,
1684 1630 1778 1682 καὶ
1804 1629 1968 1691 τόπος

389 1716 486 1786 οὐχ
506 1715 759 1788 ὑπάρχει,
793 1717 887 1770 καὶ
914 1716 1125 1781 τούτοις
1152 1718 1315 1771 τόπον
1346 1720 1634 1789 ποιήσειέξ
1679 1720 1807 1791 ὅλης
1862 1720 1963 1789 τῆς

392 1807 615 1878 καρδίας
644 1806 806 1861 αὑτοῦ
829 1810 857 1861 ό
879 1806 1140 1872 διάκονος,
1159 1809 1242 1861 ἵνα
1263 1810 1336 1881 μὴ
1355 1810 1490 1880 πρὸς
1505 1809 1786 1880 ἄνθρωπον
1806 1808 1969 1863 αὑτοῦ
2002 1792 2042 1845 Β

392 1897 610 1968 γένηται
645 1899 677 1968 ή
708 1899 1145 1971 προσωπόληψις,
1178 1901 1313 1954 ἀλλὰ
1334 1901 1470 1972 πρὸς
1499 1900 1629 1953 Θεὸν
1660 1903 1693 1972 ἡ
1720 1902 1961 1955 διακονία

393 1990 698 2060 εὐάρεστος.
737 1989 825 2061 Τῷ
849 1990 1056 2062 δἀὑτῷ
1086 1993 1129 2022 ³⁸⁵
1145 1993 1365 2045 ποιείτω
1395 1995 1487 2045 καὶ
1518 1993 1965 2063 ἡδιάκονος,ταῖς

394 2080 783 2151 ἐπερχομέναις
812 2081 1046 2150 γυναιξὶ,
1077 2086 1323 2153 πτωχαίς
1339 2085 1456 2153 ἦτοι
1488 2085 1787 2148 πλουσίαις.

919 2195 1313 2249 ΚΕΦΑΛΔΙΟΝ
1342 2196 1467 2251 ΝΘ.

374 2306 375 2309 η
401 2285 527 2336 Ὅτι
554 2286 671 2354 χρὴ
700 2286 959 2341 ἕκαστον
979 2287 1190 2355 ὄρθρου
1218 2288 1315 2340 καὶ
1336 2288 1595 2356 ἑσπέρας
1637 2292 1969 2346 σπουδαῖον

788 2358 939 2410 εἶναι
972 2357 1105 2424 περὶ
1147 2356 1252 2423 τὰς
1279 2358 1583 2425 συνάξεις.

712 2424 725 2444 κ
1540 2424 1551 2425 ,

462 2447 736 2503 Διδάσκων
766 2448 843 2511 δὲ,
875 2442 919 2501 ὦ
948 2448 1237 2511 ἐπίσκοπε,
1269 2449 1455 2501 κέλευε
1490 2452 1583 2503 καὶ
1610 2454 1866 2524 παραίνει
1892 2455 1970 2525 τῷ

400 2540 530 2610 λαῷ,
565 2542 643 2603 εἰς
669 2540 767 2611 τὴν
794 2539 1089 2610 ἐκκλησίαν
1115 2538 1462 2609 ἐνδελεχίζειν
1491 2541 1689 2613 ὄρθρου
1707 2546 1799 2598 κα)⁵
1820 2546 1971 2598 ἐσπέ-

404 2650 501 2703 ρας
528 2632 763 2701 ἑκάστης
817 2631 1029 2706 ἡμέρας
1077 2629 1212 2701 (71),
1257 2632 1350 2684 καὶ
1383 2633 1457 2704 μὴ
1488 2634 1876 2689 ἀπολείπεσθαι
1910 2639 1972 2690 τὸ

2062 552 2369 590 sermonem
2396 538 2564 593 habes
2581 539 2647 592 ad
2678 540 2911 608 plebem,
2938 547 3031 592 aut
3054 540 3182 593 dum
3202 540 3361 596 audis
3382 557 3504 595 eum
3530 546 3625 613 qui

2061 628 2243 697 psallit
2274 629 2355 682 vel
2386 629 2548 699 legit;
2593 646 2661 685 ne
2695 646 2791 699 per
2806 630 3175 699 acceptionem
3200 646 3448 700 persona:
3467 635 3628 688 relin-

2061 735 2199 788 quas
2227 721 2377 775 verbi
2418 721 2809 787 ministerium,
2849 722 3003 775 utilli
3042 722 3220 776 locum
3253 723 3394 777 inter
3422 724 3629 793 primas

2064 811 2222 865 sedes
2244 812 2583 879 constituas;
2626 829 2814 867 verum
2852 813 3071 882 quietus
3104 828 3285 877 mane,
3325 830 3425 868 nec
3456 816 3627 868 inter-

2062 918 2254 971 runtpe
2293 919 2599 958 sermonem
2651 912 2839 966 tuum,
2872 905 2956 958 vel
3000 904 3373 969 auditionem;
3434 905 3633 958 fratres

2064 1009 2193 1047 vero
2233 1009 2354 1048 eum
2401 1011 2497 1063 per
2525 994 2790 1050 diaconos
2820 996 3129 1065 recipiant;
3181 1003 3347 1064 atque
3382 996 3426 1048 si
3479 997 3632 1049 locus

2064 1082 2224 1147 desit,
2259 1084 2541 1149 diaconus,
2572 1087 2813 1140 omnium
2846 1088 3143 1156 juniorem,
3182 1085 3494 1155 prudenter,
3524 1103 3633 1140 non

2065 1184 2243 1228 autent
2272 1175 2555 1244 praefracte
2574 1178 2690 1231 loco
2712 1192 2956 1240 movens,
2990 1178 3315 1232 honoratum
3366 1179 3516 1242 illum
3548 1194 3634 1233 se-

2066 1265 2195 1321 dere
2224 1266 2417 1331 faciat;
2468 1268 2559 1320 cui
2589 1283 2804 1337 aequum
2842 1278 2926 1323 est
2967 1280 3025 1322 ut
3057 1270 3195 1323 alter
3223 1269 3478 1325 fratertm
3503 1272 3634 1325 cha-

2068 1358 2245 1411 ritatis
2277 1359 2558 1414 studiosus
2590 1360 2749 1414 cedat
2777 1369 3007 1430 sponte;
3040 1361 3186 1431 quod
3215 1364 3260 1417 si
3289 1362 3553 1423 renuerit.
3580 1364 3633 1416 vi

2068 1457 2296 1517 uictum,
2315 1457 2436 1520 post
2450 1467 2641 1506 onmes
2656 1453 2885 1516 colloca,
2905 1469 3013 1522 quo
3030 1454 3192 1507 etiam
3216 1454 3397 1509 caeteri
3417 1455 3635 1509 discant

2071 1542 2512 1596 honoratior-ibus
2541 1542 2863 1597 concedere.
2915 1543 3051 1597 Cum
3076 1552 3255 1597 autem
3288 1559 3519 1614 pauper,
3551 1546 3635 1599 vel

2070 1634 2349 1702 ignobilis,
2374 1633 2457 1689 vel
2481 1634 2823 1704 peregrinus,
2861 1634 3016 1704 isque
3048 1650 3237 1699 senex,
3264 1643 3358 1689 aut
3394 1636 3633 1704 juvenis.

2071 1723 2450 1789 intervenerit,
2472 1725 2695 1779 sedibus
2717 1726 3022 1793 occupatis,
3044 1726 3113 1780 iis
3135 1741 3354 1796 quoque
3370 1727 3637 1781 diaconus

2072 1832 2136 1870 ex
2166 1824 2280 1870 toto
2304 1816 2468 1870 corde
2490 1817 2672 1870 locum
2706 1815 2889 1881 faciet,
2923 1826 2981 1871 ut
3021 1833 3129 1872 non
3158 1816 3482 1887 gratiﬁcatio
3515 1817 3637 1886 ejus

2071 1908 2320 1961 homines
2345 1915 2571 1977 spectet,
2598 1908 2694 1963 sed
2726 1907 2836 1962 Deo
2858 1919 3140 1979 acceptum
3160 1910 3252 1963 liat
3268 1909 3636 1964 ministerium

2070 1999 2211 2067 ejus.
2245 1998 2389 2054 Idem
2434 2006 2489 2053 et
2518 2008 2696 2055 servet
2743 1999 3080 2065 diaconissa,
3116 2002 3169 2054 in
3218 2001 3637 2057 advenientibus

2073 2091 2415 2155 mulieribus,
2440 2092 2553 2146 sive
2590 2093 2920 2161 pauperibus
2952 2094 3066 2148 sive
3086 2093 3367 2150 divitibus.

2636 2203 2867 2259 CAPUT
2922 2204 3057 2259 LIX.

2149 2297 2301 2364 Quod
2331 2298 2515 2351 debeat
2541 2298 2894 2366 unusquisque
2926 2313 3077 2349 mane
3098 2305 3146 2348 et
3174 2312 3376 2365 vespere
3408 2295 3565 2349 colle-

2531 2378 2737 2421 Ctarum
2761 2384 2872 2420 esse
2901 2367 3188 2421 studiosus.

2144 2458 2279 2513 Cum
2315 2470 2495 2514 autem
2520 2459 2707 2522 doces,
2731 2459 3155 2529 episcope,jube
3181 2466 3235 2512 et
3250 2457 3520 2529 persuade
3545 2474 3641 2527 po-

2076 2550 2223 2619 pulo,
2255 2560 2312 2604 ut
2340 2551 2569 2621 singulis
2591 2551 2781 2605 diebus
2804 2566 2963 2604 mane
2995 2558 3050 2605 et
3096 2565 3320 2619 vespere
3350 2550 3640 2605 ecclesiam

2077 2641 2405 2712 frequentet,
2438 2658 2538 2697 nec
2572 2642 2845 2697 ullatenus
2860 2643 3122 2711 desistat,
3154 2642 3249 2698 sed
3272 2643 3491 2698 assidue
3511 2656 3643 2695 con-

476 2771 519 2802 ³⁸
552 2769 591 2823 1.
624 2766 812 2823 Iacob.
849 2782 907 2820 ιι.
938 2766 983 2797 ³⁸
1012 2767 1084 2820 al.
1123 2766 1184 2818 τὸ
1210 2766 1254 2820 δ’
1281 2766 1430 2823 αὐτό.
1468 2766 1559 2823 Sic
1586 2768 1724 2825 alter
1751 2770 1870 2825 cod.
1898 2768 2057 2824 Vind.

1713 2924 2077 2981 VARIORUM
2114 2926 2344 2982 NOTAE.

411 3121 560 3167 stans
590 3110 671 3163 vel
702 3106 928 3172 sedens;
964 3106 1121 3161 adeat
1152 3104 1241 3173 ille
1270 3103 1337 3157 ad
1377 3101 1967 3173 BernardiniiFerrarii
1997 3108 2040 3165 (1
2072 3119 2189 3173 gere
2211 3104 2274 3156 de
2295 3103 2477 3158 ordine
2505 3104 2753 3158 sessionis
2777 3120 2908 3165 sum,
2936 3116 2985 3159 et
3006 3108 3143 3160 inter
3175 3107 3389 3161 ultimos
3412 3109 3643 3165 colloca-

412 3184 577 3236 lihros
615 3184 687 3235 De
715 3182 882 3234 sacris
906 3170 1265 3235 conriombus,
1303 3182 1357 3227 et
1380 3172 1444 3225 ad
1470 3172 1657 3227 Jacobi
1696 3172 1969 3227 Sirmondi

412 3261 567 3307 notas
598 3252 653 3304 itt
680 3263 901 3301 carmen
963 3246 1027 3299 16
1054 3244 1382 3312 Apollinaris
1409 3242 1640 3298 Sidonii.
1691 3243 1887 3298 Noster
1920 3244 1974 3297 itt

412 3340 473 3377 ea
496 3322 708 3375 vivebat
734 3316 1001 3396 Ecclesia,
1029 3317 1213 3396 inqua
1236 3314 1500 3367 sessionis
1512 3314 1857 3396 cpnsuetudo

413 3394 638 3447 tinebat.
669 3387 1060 3443 Cernere-licet
1090 3382 1198 3447 hic,
1227 3391 1282 3437 et
1311 3398 1470 3451 capp.
1506 3384 1594 3447 11,
1619 3383 1719 3448 57;
1766 3392 1819 3436 et
1876 3382 1971 3436 lib.

413 3477 528 3523 vut,
561 3475 681 3528 cap.
706 3459 758 3513 5.
790 3456 1147 3511 Observatum
1168 3453 1357 3528 adhatc
1390 3453 1510 3528 luit,
1541 3454 1682 3507 ritus
1704 3470 1799 3507 eos
1830 3469 1860 3505 a
1882 3452 1979 3528 Ju-

412 3533 544 3586 daais
567 3523 641 3584 ad'
661 3528 1003 3584 Christianos
1019 3524 1360 3595 pervenisse:
1394 3524 1744 3595 citanturque
1774 3538 1892 3577 eam
1924 3523 1979 3574 in

415 3618 527 3657 rem
561 3616 685 3654 cum
726 3598 849 3651 aliis
879 3591 1211 3650 testimoniis
1238 3594 1403 3647 verba
1425 3591 1669 3647 Philonis
1696 3598 1975 3662 corrupta,

416 3674 556 3726 libro
585 3667 736 3734 Quod
780 3666 1015 3736 quisquis
1047 3663 1254 3736 uirtuti
1305 3662 1487 3736 studet
1512 3662 1641 3715 liber
1691 3664 1782 3736 sit,
1831 3664 1980 3736 cicca

412 3731 683 3796 medium:
716 3731 808 3798 Εἰς
843 3731 1018 3806 ἱεροος
1033 3733 1415 3806 ἀφικνούμενοι
1430 3732 1646 3806 τόπους,
1679 3734 1727 3806 οἳ
1758 3731 1983 3806 καλοιξν-

415 3752 683 3796 medium:
716 3752 808 3798 Et;
843 3752 1066 3806 ιερουςα
1112 3752 1646 3803 ικνουμενοιτοπους,
1679 3752 1727 3785 οι
1758 3752 1983 3785 καΛουν-

415 3829 504 3864 ται
534 3807 869 3875 συναγωγαὶ,
900 3804 1019 3858 καθ’
1052 3752 1265 3875 nimia;
1294 3804 1351 3875 ἐν
1380 3802 1595 3875 τάξεσιν
1614 3802 1717 3855 ὑπὸ
1747 3802 1983 3875 πρεσϐυ-

415 3882 590 3951 τέροις
616 3871 723 3931 νέοι
752 3871 1475 3963 καοὲζσπαιέῆρετὰὲόσροιέ
1488 3871 1594 3963 ’τοῦ
1624 3871 1983 3963 πρξσήκοντος

417 3890 590 3951 τέροις
616 3890 723 3931 νεοι
752 3890 1087 3957 καυεςόνται,
1118 3890 1254 3963 μετα
1269 3890 1470 4005 merng
1502 3890 1594 3924 του
1624 3890 1983 3957 προσηκοντος

417 3952 627 4021 ἔχοντες
644 3950 1014 4021 Δόικρεκιτχιιυςς
1035 3941 1112 4021 εἷς)
1220 3943 1363 4013 μὲντ
1408 3960 1430 3973 ρ
1451 3941 1661 4021 βίϐλους
1688 3944 1984 4021 ἀναγινωσ-

417 4011 502 4075 κέι
529 4011 941 4085 λαϐιῦνξέτερος
968 4014 1025 4067 δέ
1044 4013 1149 4085 τῷν
1180 4011 1605 4085 ἐμπειροτάτῳν,
1636 4013 1734 4064 ὅσα
1754 4014 1827 4083 μὴ
1843 4011 1981 4085 γνώτ

421 4082 866 4162 ριμανπαρελβὼν
896 4082 1275 4162 ᾁναγινῴσκει.
1306 4082 1589 4162 Constabit
1639 4082 1834 4162 sensus
1858 4083 1980 4162 1'si

419 4151 865 4229 es'pulso'ultiuto
893 4152 1275 4229 ἀναγινώσκει,
1306 4154 1668 4229 substituatur
1699 4151 1984 4205 ἀναδιδάσ-

422 4221 527 4293 κεὶ,
567 4245 675 4299 quo
707 4221 1100 4299 nt9do_cit:-.tur
1124 4225 1192 4299 ab
1224 4221 1731 4299 Eusebiqj’rwpac.
1773 4238 1982 4299 evang?

426 4301 462 4356 Ι.
496 4291 617 4362 νηί,
648 4314 698 4351 c.
728 4296 814 4350 12.
849 4295 1107 4357 Consule,
1142 4293 1187 4347 si
1214 4294 1409 4361 placet,
1436 4291 1717 4363 Micrologi
1758 4302 1923 4363 caput
1951 4292 1984 4345 9

423 4371 489 4425 de
512 4369 715 4423 Graecis
744 4382 852 4419 nou
876 4365 1192 4420 sedentibus
1207 4363 1335 4432 dum
1362 4363 1554 4432 legitur
1569 4363 1817 4432 epistola.
1840 4362 1986 4416 Cou-

426 4442 545 4495 sule
596 4438 761 4493 etiam
818 4435 1153 4505 Opusculum
1184 4433 1253 4505 59
1312 4431 1455 4505 Petri
1495 4431 1738 4505 Dau’tiani
1791 4440 1984 4505 contra

2076 3172 2239 3247 bitur,
2264 3182 2371 3247 etc.
2407 3174 2472 3227 Et
2504 3175 2557 3227 in
2581 3172 2876 3247 RegulaUS.
2912 3175 3189 3247 Benedicti
3211 3193 3329 3247 cap.
3354 3179 3457 3233 45:
3491 3180 3644 3247 Quod

2076 3247 2122 3297 si
2144 3246 2257 3314 quis
2281 3244 2350 3297 ad
2367 3254 2652 3298 nocturnas
2675 3245 2882 3314 vigilias
2909 3257 3024 3315 post
3042 3244 3643 3315 Gloriantpsalmikcw

2078 3324 2246 3384 (quem
2270 3326 2479 3383 propter
2500 3315 2594 3367 hoc
2617 3317 2829 3368 omnino
2856 3317 3207 3384 protrahenda
3236 3328 3283 3371 et
3322 3335 3522 3373 morose
3556 3340 3646 3375 vo-

2078 3386 2254 3438 lumus
2274 3384 2403 3456 dici)
2427 3386 2736 3446 occurrerit,
2753 3398 2966 3440 nonstet
2990 3389 3043 3440 in
3067 3388 3250 3441 ordine
3266 3405 3360 3440 suo
3383 3390 3436 3441 in
3464 3390 3642 3455 choro,

2078 3457 2168 3509 sed
2195 3457 2427 3528 omnium
2457 3456 2673 3508 ultimus
2702 3465 2821 3517 stet,
2842 3459 3009 3510 autin
3032 3461 3143 3511 loco
3163 3475 3312 3528 quem
3338 3460 3530 3514 talibus
3555 3480 3640 3516 ue-

2079 3524 2387 3598 gligentibus
2407 3541 2641 3598 seorsum
2667 3528 2995 3581 constituerit
3020 3524 3203 3594 abbas,
3228 3538 3332 3583 etc.
3361 3528 3531 3598 Cujus

2083 3595 2343 3669 stet-ieris
2373 3596 2627 3669 pramepti
2656 3598 2881 3669 vestigia
2916 3599 3110 3667 premit
3145 3607 3307 3669 caput
3336 3595 3459 3663 151,
3494 3595 3589 3656 lili.
3627 3619 3642 3657 t

2094 3665 2301 3751 synodi
2317 3665 2779 3751 Aquisgranensis
2796 3665 2950 3751 anno
2982 3668 3108 3732 816,
3144 3665 3501 3751 congregatae.
3518 3672 3644 3751 _i\’ec

2086 3736 2313 3789 multant
2340 3736 2626 3791 dissimilis
2654 3746 2737 3791 est
2759 3738 2861 3791 alia
2896 3753 3128 3793 censura
3158 3736 3375 3794 concilii
3398 3739 3643 3796 Trullani

2084 3822 2208 3880 can.
2233 3806 2287 3871 7;
2311 3814 2371 3880 et
2391 3806 2607 3880 concilii
2637 3806 2838 3880 Nicmui
2866 3807 2922 3870 2,
2954 3824 3079 3880 can.
3112 3809 3166 3874 5,
3210 3825 3306 3880 per
3334 3826 3496 3877 quam
3534 3814 3645 3867 cle-

2087 3876 2232 3931 ricus
2260 3877 2326 3930 ad
2352 3876 2602 3930 ultimuut
2632 3878 2856 3946 gradum
2911 3879 3121 3935 ordinis
3172 3876 3256 3934 sui
3297 3876 3641 3947 amandatur,

2087 3946 2259 4021 ﬁtque
2286 3951 2559 4021 sociorum
2574 3948 2825 4021 omnium
2855 3949 3379 4021 ὑποὸάθμιος.η(ἶοτ.

2157 4017 2269 4089 (70)
2290 4016 2540 4089 Ἁγενής.
2573 4017 2883 4089 Ἐθαγενής,
2903 4020 3038 4073 alter
3068 4016 3438 4089 cod.Vindob.
3471 4022 3639 4078 Cum.

2149 4085 2267 4160 (71)
2290 4090 2395 4152 Εἰς
2428 4085 2544 4160 ,τὴν
2589 4085 2922 4160 elegantior
2967 4088 3357 4159 ἐνδελεχίζειν
3410 4091 3641 4160 ὄρθρου,

2086 4165 2189 4211 etc.
2231 4158 2294 4210 Et
2322 4158 2703 4232 capitibus-515,
2729 4159 2817 4213 59.
2845 4158 2992 4232 Libri
3025 4168 3201 4214 autem
3233 4177 3355 4232 vni,
3399 4158 3521 4232 cap.
3553 4162 3640 4227 12,

2085 4237 2273 4281 oratur
2303 4243 2400 4295 pro
2425 4228 2491 4299 iis
2519 4228 2610 4295 qui
2640 4229 2844 4297 justam
2874 4228 2946 4282 ob
2994 4244 3212 4299 causam
3264 4247 3293 4284 a
3325 4228 3523 4299 Syria—si
3549 4232 3644 4284 ab-

2086 4306 2268 4352 sentes
2292 4304 2440 4352 sunt.
2468 4296 2546 4350 lta
2579 4296 2780 4366 passim
2814 4298 3021 4367 antiqui
3048 4296 3395 4355 Christianos
3431 4301 3497 4354 ad
3529 4303 3643 4354 col-

2072 4365 2241 4419 lectas
2270 4367 2521 4431 invitant,
2555 4365 2801 4420 ecclesia:
2827 4365 3318 4435 irequentationem
3368 4372 3597 4421 suadent
3627 4411 3641 4431 ,

2068 4446 2372 4504 queruntur
2409 4438 2475 4489 de
2505 4437 2749 4505 neglectu
2779 4452 2840 4489 ea
2872 4436 2924 4489 in
2958 4452 3034 4500 re,
3064 4451 3303 4505 eumque
3336 4438 3639 4505 neglectum

423 4485 884 4579 ἕδένίιιῖἰῖἐᾶθηῖξ
904 4485 1240 4579 ἶιῖῑξιῐιῗᾷδηνέί
1255 4485 1516 4579 canonica
1551 4485 1816 4579 Horarum
1837 4485 1985 4555 icele-
2021 4485 2190 4559 υέίὸιῖ
2210 4508 2396 4574 paucis
2424 4485 2727 4579 caumiihus
2750 4485 3034 4575 castigant:
3056 4505 3121 4559 Et
3148 4485 3276 4579 ve'ro
3293 4485 3644 4561 celebraban-

426 4573 652 4634 brantur
679 4578 875 4640 ollicia,
900 4573 983 4631 vel
1006 4575 1169 4629 etiam
1216 4575 1333 4642 ipsa
1358 4574 1649 4627 missarum
1684 4573 1986 4626 oll'eruntur

426 4650 687 4704 terribilia
717 4653 1086 4711 sacramenta;
1116 4645 1204 4697 ubi
1231 4653 1413 4696 tamen
1447 4643 1707 4712 probatur
1732 4658 1848 4697 mos
1900 4657 1986 4695 se-

426 4721 587 4774 dendi
616 4721 756 4772 inter
788 4717 1041 4770 nocturni
1059 4714 1219 4767 ollicii
1247 4711 1523 4767 lectiones.
1546 4711 1741 4766 Videre
1770 4726 1986 4781 quoque

431 4792 652 4859 poteris,
685 4789 775 4842 ubi
808 4798 860 4859 te
892 4787 975 4859 ad
1000 4782 1598 4859 magniﬁcentissimam
1648 4782 1793 4859 regis
1823 4782 1986 4835 Chri-

430 4853 748 4914 stianissimi
772 4853 1157 4911 bibliothecam
1182 4854 1458 4914 conferes,
1492 4853 1932 4914 antiquissimum
1959 4868 1989 4905 a

431 4946 516 4986 me
543 4931 653 4999 jaut
698 4924 1347 4999 memoratunt‘codicenr
1377 4939 1479 4977 ms.
1516 4921 1571 4975 S.
1608 4920 1990 4999 GregoriiNa-

428 4992 673 5055 ziarizeui
721 5015 816 5053 seu
847 4995 1104 5065 theologi,
1138 4994 1470 5065 recensitum
1507 5008 1734 5047 numero
1770 4993 1892 5053 155,
1935 4992 1989 5044 iu

430 5072 590 5138 cujus
617 5070 785 5123 variis
834 5064 1051 5138 tabellis
1080 5081 1241 5138 unam
1288 5064 1527 5138 reperies
1580 5065 1819 5138 theologi
1865 5077 1990 5138 cum

430 5134 662 5193 diacono
684 5154 809 5199 suo,
841 5137 1053 5205 Opinor.
1081 5136 1297 5194 stantis.
1328 5141 1381 5205 et
1404 5134 1470 5185 ad
1506 5135 1764 5202 populum
1790 5135 1993 5202 pariter

434 5220 691 5273 stantem,
743 5203 1063 5261 mulieribus
1113 5206 1330 5274 modico
1358 5203 1639 5274 intervallo
1670 5213 1792 5274 post
1847 5206 1992 5256 viros

434 5278 739 5337 collocatis.
772 5278 1085 5329 concionem
1119 5273 1388 5327 habentis.
1414 5272 1551 5326 Cor.

510 5346 625 5415 (υὸ)
663 5344 1055 5412 Φιλάδελφον.
1089 5344 1145 5397 ln
1176 5346 1350 5396 altero
1382 5342 1539 5397 Vind.
1566 5344 1751 5399 codice
1770 5343 1993 5411 ἀδελφὸν

436 5414 534 5479 ὥς,
565 5414 619 5468 ut
653 5416 893 5485 fratrem.
921 5416 1086 5467 CLI-1n.

510 5486 624 5554 (69)
654 5482 934 5554 ’Ἐγείρᾳς
965 5484 1147 5554 αὑτὸν
1170 5483 1584 5554 ἁῖαγκαστῶς,
1617 5484 1807 5537 ὀπίσω
1843 5482 1992 5535 πάν-

441 5551 560 5607 των
587 5551 845 5620 στῆσον.
879 5552 932 5605 In
979 5552 1179 5621 lic-gula
1207 5551 1262 5605 S.
1296 5552 1572 5607 Pachumii
1621 5555 1852 5607 articulo
1903 5554 1991 5608 85.

445 5625 506 5679 Si
534 5626 647 5693 quis
694 5623 976 5674 iracundus
1004 5632 1052 5675 et
1083 5622 1313 5693 furiosus
1340 5662 1355 5684 ,
1401 5624 1692 5692 frequenter
1730 5624 1995 5676 irascatur

445 5691 557 5747 sine
588 5708 773 5753 causa,
793 5701 840 5742 et
862 5706 1068 5759 propter
1092 5707 1199 5743 rem
1221 5691 1423 5743 inanem
1457 5691 1505 5746 et
1533 5711 1772 5756 vacuam;
1797 5710 1886 5761 per
1906 5710 1997 5746 sea:

445 5766 578 5817 circa
624 5761 1051 5828 commonebitur,
1086 5773 1133 5815 et
1167 5762 1219 5813 in
1262 5764 1478 5827 septima
1507 5763 1698 5831 facient
1731 5782 1845 5818 eum
1876 5781 1994 5817 sur-

2068 4585 2167 4649 t_ur_
2183 4587 2484 4649 conventus
2518 4577 2681 4649 sacri,
2720 4586 2963 4649 tempore
2991 4578 3360 4649 apostolorum
3410 4580 3643 4649 singulis

2064 4646 2279 4709 diebus,
2313 4647 2431 4701 Act.
2470 4664 2527 4709 tt,
2561 4647 2652 4703 46.
2687 4649 2778 4703 sed
2823 4644 3179 4702 solemn—iores
3217 4648 3305 4703 die
3336 4644 3639 4709 Dominica.

2065 4716 2185 4769 Act.
2220 4734 2287 4771 xx
2315 4758 2329 4780 ,
2369 4718 2397 4769 7
2422 4759 2436 4780 ,
2473 4726 2528 4772 et
2558 4719 2574 4770 l
2607 4718 2854 4777 Corinth.
2894 4734 3005 4780 xvi,
3034 4718 3088 4771 2.
3122 4717 3311 4773 Postea
3342 4718 3642 4774 elIecerunt

2066 4788 2494 4860 persecutiones,
2525 4804 2648 4842 cum
2679 4805 2892 4843 summe
2918 4790 3170 4843 szevirent
3208 4790 3392 4845 hostes
3442 4792 3642 4843 verita-

2066 4859 2155 4929 tis,
2194 4859 2454 4929 utrarius
2485 4861 2871 4913 cooveniretur
2902 4878 2913 4911 :
2948 4867 3273 4929 tantumque
3309 4863 3360 4913 in
3398 4859 3643 4929 Domini-

2063 4926 2145 5000 cis
2172 4928 2406 5000 diebus:
2440 4930 2585 5000 quod
2639 4931 2913 4995 colligitur
2950 4947 3012 4984 ex
3051 4926 3390 5000 Apologetico
3435 4928 3637 4984 Justini

2067 4995 2718 5076 M‘artyrisuetcx‘i’linii
2770 5001 3032 5076 Epistula.
3067 4995 3418 5076 lavalucrunt
3441 5000 3643 5076 deinde

2092 5062 2335 5134 Syuaxes
2358 5065 2602 5130 Sabbati,
2648 5080 2785 5134 quas
2804 5062 3051 5117 l'ortassis
3068 5062 3208 5116 infra
3228 5063 3639 5123 illustrabimus;

2090 5147 2143 5189 et
2172 5135 2432 5189 stationes
2483 5152 2576 5189 seu
2628 5134 3077 5204 congregationes
3103 5140 3333 5204 quarta;
3371 5140 3643 5204 sextaaque
3716 5146 3723 5153 '

2094 5206 2254 5265 feriat.
2292 5206 2357 5258 de
2395 5207 2591 5273 quibus
2616 5200 2984 5259 Tertulltatms
3015 5204 3065 5253 iu
3094 5201 3247 5273 Libro
3300 5200 3363 5253 de
3398 5200 3640 5273 jejuniis,

2096 5270 2428 5344 Epiphanius
2460 5278 2511 5327 in
2542 5275 2877 5342 Expositione
2911 5273 3053 5337 ﬁdei,
3082 5280 3136 5344 et
3165 5270 3439 5344 Socrates
3470 5271 3564 5344 lib.
3587 5286 3640 5344 δ’.

2093 5339 2211 5413 cap:
2244 5344 2341 5398 22:
2371 5344 2488 5397 Τῶν
2504 5346 2559 5397 δὲ
2574 5339 2737 5405 λαῶν,
2761 5345 2920 5397 verba
2948 5351 3072 5393 sunt
3094 5339 3642 5413 AthanasiiEpistola

2094 5409 2465 5467 ad'Solitarios
2499 5431 2549 5484 p.
2588 5415 2899 5484 847._év71:ﬁ
2926 5412 3134 5484 μεγάλῃ
3171 5411 3431 5484 ἐκκλησίᾳ.
3464 5409 3646 5484 συνελ-

2095 5484 2311 5556 θόντων,
2328 5480 2556 5556 τετάρτη
2578 5502 2603 5550 γ
2617 5483 2685 5552 ὰρ
2704 5481 2769 5553 ἦν
2798 5482 3242 5556 ξαρϐατιουλικιιη
3264 5480 3648 5556 Ρνοῑεεξᾳιὶοης

2093 5555 2270 5624 populi
2316 5550 2665 5624 Alexandrini
2796 5552 2916 5604 867:
2949 5550 3169 5613 Σύναξις
3215 5551 3324 5624 γὰρ
3353 5550 3541 5624 ἔμελλε
3580 5552 3646 5619 τῇ

2095 5622 2410 5695 παρασκευῇ
2441 5623 2698 5692 γίνεσθαι.
2719 5622 3094 5695 Praetereaque
3098 5622 3483 5695 attitiversariie
3504 5636 3649 5695 tuar-

2097 5690 2274 5765 tyrum
2323 5690 2868 5765 co'ntiitetttoratiottes
2895 5707 2957 5744 ex
2989 5691 3045 5743 S.
3078 5690 3349 5765 Cypriane
3400 5700 3536 5745 nota:
3567 5690 3651 5742 itt-

2098 5746 2263 5821 vJectw
2293 5774 2440 5828 sunt,
2478 5763 2703 5819 retentis
2751 5776 2966 5831 semper
2995 5746 3248 5826 cwtibus,
3286 5777 3424 5831 quos
3468 5775 3649 5816 sacer-
