2040 3133
237 149 291 178 749

667 146 968 179 ’ωηετιτυτιοιιιῑε
985 151 1221 181 ΑΡοετοιΙοιΕ,
1239 167 1276 174 -
1292 152 1357 180 LIB.
1375 152 1407 180 ll.

1796 158 1846 186 150

235 209 275 240 είς
289 207 448 244 συναγωγὴν
467 207 609 239 Ἰουδαίων,
632 207 648 242 ἢ
663 207 817 243 αἰρετικῶν·
834 208 849 234 ό
863 208 981 240 τοιοῦτος
994 217 1009 235 τ

1073 218 1132 237 rum
1143 210 1235 237 fanum
1248 211 1399 244 intraverit,
1412 216 1458 239 aut
1470 215 1497 239 In
1512 220 1678 248 synagogam
1691 212 1845 243 Judaorum

234 253 432 288 ἀπολογήσεται
454 253 493 288 τῷ
516 253 584 287 Θεῷ,
615 253 643 279 ὲν
664 254 756 289 ἡμέρᾳ
780 254 913 289 κρίσεωςς
941 255 1017 289 λόγια

233 299 302 326 Θεοῦ
318 299 417 331 ζῶντος
436 298 602 330 καταλιπὼν,
619 298 705 330 ζῶντα
720 299 767 326 καὶ
780 299 962 332 ζωοποιοῦντα
972 302 1018 327 καὶ

231 345 366 381 δυνάμενα
384 344 516 380 ῥύσασθαι
530 344 664 376 κολάσεως
678 345 797 371 αἰωνίου*
813 346 860 372 καὶ
877 346 1018 381 πορευθεὶς

232 392 271 422 είς
285 390 358 417 οἷκον
372 390 514 425 δαιμόνων,
530 390 546 426 ἢ
561 391 600 422 εἰς
610 390 664 426 (97)
682 390 841 426 συναγωγὴν
853 392 1017 426 Χριστοκτό-

232 445 284 462 νων
297 456 303 467 ,
318 436 334 471 ἢ
350 436 495 471 ἐκκλησίαν
512 435 741 471 πονηρευομένων·
764 436 814 462 οὐκ
837 437 956 468 ἀκούσας
969 437 1016 463 τοῦ

231 482 361 514 εἰπόντος’
380 491 388 507 ι
411 483 543 517 Ἐμίσησα
557 482 703 517 ἐκκλησίαν
718 482 954 518 πονηρευομένων,
970 485 1017 510 καὶ

232 528 300 562 μετὰ
313 528 540 564 παρανομούντων
550 528 580 554 οὐ
592 528 628 563 μὴ
637 528 815 555 εἰσέλθω-,οὑκ
825 528 937 555 ἐκάθισα
950 529 1016 564 μετὰ

232 566 367 610 συνεδρίου
376 574 611 609 ματαιότητος,καὶ
619 574 795 610 μτὰὰσεόῶν
802 575 832 601 οὺ
840 574 876 610 μὴ
883 574 996 601 καθίσω.
1004 585 1013 601 ι

230 621 284 646 Καὶ
294 620 384 646 πάλιν’
399 629 407 645 ι
419 620 560 655 Μακάριος
570 619 649 655 ἀνὴρ,
659 621 688 651 ὂς
698 621 747 646 οὐκ
755 620 888 656 ἐπορεύθη
898 621 927 646 ἐν
935 620 1014 656 βουλῇ

229 666 345 697 ἀσεϐῶν,
355 666 401 692 καὶ
411 667 439 691 ὲν
447 665 498 700 ὸδῴ
508 666 674 701 ἁμαρτωλῶν
683 666 732 692 οὐκ
742 666 817 701 ἔστη,
828 667 873 693 καὶ
881 667 926 692 ἐπὶ
936 666 1016 693 καθέ-

229 711 294 747 δραν
310 711 410 746 λοιμῶν
421 711 475 746 (98)
489 712 538 738 οὐκ
554 711 688 738 ἐκάθισεν
699 711 754 737 ἀλλ’
765 712 781 747 ἢ
795 712 823 738 ὲν
832 712 870 746 τῷ
880 712 953 747 νόμῳ
964 713 1016 739 Κυ-

230 756 288 792 ρίου
295 757 324 784 τδ
334 757 437 792 θέλημα
448 757 539 791 αὑτοῦ,
550 758 595 783 καὶ
607 759 635 783 ὲν
651 757 688 792 τῷ
697 757 771 792 νόμῳ
781 757 862 783 αὐτοῦ
875 758 1014 793 μελετήσει

228 803 335 838 ἡμέρας
346 804 392 829 καὶ
405 803 508 834 νυκτός.
523 813 531 828 ι
550 804 585 830 Σὺ
599 803 627 829 δὲ
642 803 796 830 καταλιπὼν
803 803 856 829 τῶν
868 803 970 829 πιστῶν
984 804 1014 830 τὺ

229 849 422 884 συνάθροισμα.
434 848 479 875 τοῦ
495 849 560 876 Θεοῦ
574 848 621 884 τὴν
641 849 801 884 Ἐκκλησίαν
811 869 818 880 ,
834 850 895 880 τοὺς
910 850 1013 876 ἐκείνου

1069 256 1111 282 vel
1129 255 1333 291 haereticorum;
1346 257 1369 284 is
1380 265 1461 292 quam
1474 258 1501 284 in
1515 258 1559 285 die
1569 259 1665 293 judicii
1681 259 1735 287 Deo
1753 260 1846 289 aﬂ‘eret

1068 300 1269 329 defensionem?
1282 302 1304 318 “
1319 309 1381 329 cum
1402 303 1577 338 dereliquerit
1593 304 1638 332 Dei
1654 306 1769 335 viventis
1784 315 1846 334 ora-

1068 347 1138 378 cula,
1151 347 1233 374 vitam
1248 351 1275 374 et
1289 347 1415 375 habentia
1429 353 1456 376 et
1470 350 1699 378 communicantis
1709 371 1717 383 ,
1733 360 1847 388 quaeque

1068 391 1101 418 ab
1123 397 1224 419 aeterno
1243 393 1376 428 supplicio
1395 398 1510 429 possunt
1529 395 1659 430 liberare;
1672 401 1698 424 et
1715 398 1747 425 ad
1760 399 1844 426 :edem

1067 437 1219 466 daemonum
1230 458 1237 470 ,
1254 442 1300 466 aut
1317 439 1350 466 ad
1366 448 1530 476 synagogam
1541 441 1782 477 Christicidarum,
1799 449 1846 472 aut

1068 484 1101 510 ad
1118 484 1262 511 ecclesiam
1276 485 1482 521 malignantium
1497 495 1526 514 se
1540 488 1705 523 contulerit;
1723 497 1777 516 non
1797 498 1846 517 au-

1067 529 1124 557 dito
1137 538 1169 557 eo
1184 530 1231 565 qui
1244 530 1309 558 dicit
1323 541 1328 558 :
1344 541 1353 557 ι
1366 531 1434 559 0dio
1445 526 1528 560 habui
1544 534 1686 562 ecclesiam
1699 536 1846 570 malignan-

1067 575 1150 609 tium;
1167 580 1193 603 et
1206 584 1268 603 cum
1284 577 1376 612 iniqua
1391 579 1548 613 gerentibus
1563 588 1616 607 non
1632 580 1749 608 introibo
1764 591 1771 608 :
1790 589 1843 609 non

1066 622 1123 649 sedi
1137 630 1198 649 cum
1213 623 1331 650 concilio
1345 624 1484 656 vanitatis,
1500 629 1527 653 et
1543 633 1605 653 cum
1626 626 1716 661 impiis
1731 635 1785 654 non
1801 635 1844 655 se-

1066 667 1134 695 debo
1142 668 1174 695 “.
1190 678 1199 694 ι
1224 668 1257 695 Et
1277 669 1375 696 iterum
1393 680 1399 697 :
1425 680 1435 696 ι
1449 670 1546 698 Beatus
1563 672 1614 703 vir,
1631 673 1677 707 qui
1698 680 1752 699 non
1777 673 1844 701 abiit

1066 713 1093 740 in
1115 714 1231 741 consilio
1254 715 1416 749 impiorum;
1435 721 1462 744 et
1482 717 1509 744 in
1531 717 1573 744 via
1593 722 1765 753 peccatorum
1788 727 1843 747 non

1066 758 1157 791 stetit,
1184 764 1212 786 et
1236 761 1263 787 in
1300 761 1429 788 cathedra
1458 763 1639 797 pestilentium
1663 772 1717 791 non
1746 765 1814 793 sedit
1832 776 1841 794 :

1065 805 1112 832 sed
1127 805 1154 831 in
1172 806 1230 841 lege
1248 806 1355 834 Domini
1375 808 1501 835 voluntas
1516 809 1592 843 ejus,
1611 813 1637 836 et
1655 810 1682 837 in
1706 810 1763 845 lege
1782 811 1842 846 ejus

1066 851 1240 878 meditabitur
1260 852 1304 880 die
1333 860 1364 879 ac
1387 853 1508 881 nocte“.
1525 865 1533 880 ι
1552 854 1592 882 Tu
1605 864 1668 883 vero
1687 857 1842 891 relinquens

227 894 335 930 νόμους,
352 894 507 925 ὲπιϐλέπεις
517 895 562 920 ἐπὶ
575 894 608 921 τὰ
623 894 741 929 σπήλαια
755 895 808 920 τῶν
821 894 936 930 λῃστῶν,
948 895 1009 929 ἅγια

1065 896 1183 924 lldelium
1196 902 1313 929 emtum,
1333 898 1482 926 Ecclesiam
1499 899 1561 931 Dei,
1584 905 1610 928 et
1634 902 1704 936 leges
1719 901 1840 935 divinas,

225 940 375 976 ἡγούμενος
398 940 415 967 ἃ
438 941 539 971 ἐκεῖνος
567 940 666 975 βέϐηλα
686 940 857 973 ὰπεκάλεσε,
882 942 929 967 καὶ
954 950 1013 968 κοι-

226 986 342 1012 νοποιῶν
365 986 383 1013 ἃ
406 987 507 1017 ἐκεῖνος
530 986 682 1021 ἀπεχώρισε
712 986 775 1021 (99)'
801 987 847 1013 καὶ
876 987 907 1013 οὐ
935 987 1014 1014 τοῦτο

227 1032 323 1066 μόνον,
352 1031 408 1058 ἀλλ’
436 1032 485 1067 ήδη
509 1032 555 1058 καὶ
580 1033 703 1067 πομπαῖς
743 1032 874 1067 Ἑλλήνων
903 1033 1014 1068 συντρέ-

226 1086 292 1112 χεις,
308 1078 355 1105 καὶ
367 1078 414 1104 ἐπὶ
429 1077 463 1104 τὰ
478 1078 578 1113 Θέατρα
592 1078 698 1113 ἐπείγῃ.
720 1077 890 1113 ἐπιθυμήσας
905 1075 944 1110 εἷς
960 1079 1013 1105 τῶν

225 1124 456 1160 εἰσπορευομένων
485 1124 542 1150 ἐκεῖ
578 1123 750 1158 λογισθῆναι,
782 1125 828 1150 καὶ
868 1126 1013 1159 μετασχεῖν

225 1170 407 1206 ἀκροαμάτων
422 1169 570 1205 ἀπρεπῶν,
596 1170 639 1196 ἵνα
664 1170 701 1205 μὴ
723 1170 846 1205 λέγωμεν
872 1170 1010 1206 μυσαρῶν·

227 1216 263 1251 μὴ
278 1215 395 1247 ἀκούσας
404 1215 451 1241 τοῦ
468 1216 596 1251 Ἰερεμίου
611 1215 742 1249 λέγοντος·
757 1226 765 1241 ι
776 1216 872 1252 Κύριε,
883 1218 933 1243 οὐκ
947 1217 1012 1244 ἑκά-

225 1261 286 1288 θισα
301 1262 330 1288 ὲν
351 1261 479 1297 συνεδρίῳ
497 1261 569 1296 (100)
585 1261 674 1287 αὐτῶν
698 1261 864 1293 παιζόντων,
887 1263 943 1289 ἀλλ’
967 1263 1012 1290 εὖ·

224 1307 362 1343 λαϐώμην
376 1307 429 1334 άπὸ
453 1307 598 1343 προσώπου
614 1308 702 1343 χειρός
719 1316 777 1334 σου·
795 1318 802 1333 ι
822 1309 868 1335 καὶ
882 1309 930 1335 τοῦ
952 1309 1010 1336 Ἰὼϐ

225 1354 374 1388 φάσκοντος
396 1353 430 1380 τὰ
452 1354 542 1389 ὃμοια·
562 1363 571 1379 ι
589 1354 620 1380 Εἰ
645 1354 672 1380 δὲ
691 1355 737 1380 καὶ
763 1354 831 1390 μετὰ
848 1355 1010 1389 γελοιαστῶν

227 1399 378 1435 ἐπορεύθην
393 1400 466 1426 ποτέ·
485 1400 601 1435 ἱστάμην
617 1400 654 1435 (1)
669 1400 723 1436 γὰρ
738 1402 765 1427 ὲν
781 1401 855 1436 ζυγῷ
869 1402 976 1436 δικαίῳ.
998 1411 1007 1428 ι

225 1446 258 1471 Τί
271 1445 299 1471 ἃ
315 1445 396 1481 βούλῃ
413 1448 556 1481 μετασχεῖν
580 1446 633 1473 τῶν
663 1447 823 1482 Ἑλληνικῶν
847 1448 949 1483 λόγων,
966 1450 1010 1476 δν-

224 1499 278 1517 των
299 1491 401 1526 νεκρῶν
423 1491 572 1527 ἀνθρώπων
593 1492 622 1524 ἐξ
644 1492 785 1525 ἐπιπνοίας
807 1494 927 1521 διαϐόλου
942 1496 1009 1522 ἁπο-

225 1537 380 1571 φανθέντων
395 1538 540 1573 νεκροποιὰ
549 1538 597 1573 (2),
613 1539 660 1565 καὶ
673 1539 792 1571 πίστεως
806 1540 990 1576 ἀνατρεπτικὰ
999 1562 1006 1574 ,

225 1583 270 1608 καὶ
286 1583 354 1618 πρὸς
377 1583 519 1609 πολυθεΐαν
546 1584 684 1618 ἀπάγοντα
705 1586 768 1616 τοὺς
793 1587 1008 1622 προσανέχοντας

225 1629 328 1661 αὐτοῖς
346 1629 438 1664 Ὑμεῖς
449 1627 494 1655 οὖν
505 1629 678 1664 σχολάζοντες
692 1632 748 1662 τοῖς
762 1631 808 1657 τοῦ
825 1632 891 1658 Θεοῦ
906 1634 1007 1668 νόμοις,

226 1675 336 1701 καὶτῶν
354 1675 486 1710 βιωτικῶν
501 1676 598 1711 χρειῶν
620 1676 730 1708 τούτους
751 1678 860 1713 ἡγεῖσθε
883 1680 1009 1714 τιμιωτὲ-

227 1723 298 1756 ρους·
315 1722 361 1747 καὶ
384 1721 492 1748 πλείονα
514 1722 595 1757 τιμὴν
618 1722 743 1757 νέμοντες
765 1723 873 1755 αὐτοῖς,
900 1725 1010 1761 συντρέ-

226 1775 285 1801 χετε
299 1768 338 1798 εἰς
359 1767 407 1802 τὴν
417 1767 578 1803 Ἐκκλησίαν
594 1766 641 1792 τοῦ
666 1768 779 1803 Κυρίου·
797 1769 829 1803 ἢν
853 1771 1009 1806 περιεποιή-

227 1820 290 1839 σατο
302 1813 341 1848 τῷ
354 1813 449 1848 αἵματι
462 1813 509 1839 τοῦ
533 1812 649 1848 Χριστοῦ
662 1832 668 1843 ,
690 1813 737 1839 τοῦ
753 1814 928 1849 ἠγαπημένον
938 1835 945 1847 ,
960 1815 1007 1842 τοῦ

226 1859 393 1894 πρωτοτόκου
404 1859 493 1895 πάσης
507 1859 630 1892 κτίσεως.
648 1860 723 1895 Αὖτη
744 1861 798 1896 γὰρ
813 1861 935 1897 θυγάτηρ
950 1862 1007 1889 ἐστὶ

243 1952 282 1986 4“
293 1951 313 1979 l.
331 1951 415 1986 lgnat.
434 1952 557 1986 interpol.
577 1952 611 1979 ad
642 1952 726 1980 Trall.
754 1954 798 1980 11.
817 1953 850 1980 ad
874 1954 979 1982 Philad.
996 1954 1023 1981 6.

226 1987 248 2002 ⁸·
261 1986 320 2014 Job.
337 1995 411 2020 usi,
428 1987 454 2015 5.
492 1987 513 2003 "
528 1987 588 2015 Act.
605 1996 650 2020 ss,
663 1988 708 2015 28.
741 1988 764 2004 ⁸⁸
778 1988 837 2016 Col.
856 1997 875 2021 ι,
889 1989 931 2016 15.

1064 943 1179 978 respicis
1194 943 1227 970 ad
1241 944 1386 978 speluncas
1405 945 1557 979 latronum;
1575 951 1668 973 sancta
1687 947 1764 975 ducis
1782 957 1842 983 qua:

1064 988 1108 1014 ille
1127 988 1240 1023 profana
1261 990 1386 1023 vocavit,
1403 994 1430 1018 et
1456 993 1609 1018 communia
1628 993 1695 1020 facis
1715 1002 1775 1028 qua:
1797 995 1842 1022 ille

1063 1034 1229 1069 dispescuit;
1246 1043 1334 1070 neque
1349 1036 1375 1063 id
1390 1037 1477 1064 solum
1493 1038 1631 1073 designas,
1643 1039 1689 1066 sed
1702 1044 1728 1066 et
1738 1040 1794 1074 jam
1807 1041 1841 1068 ad

1061 1087 1173 1115 pompas
1194 1081 1334 1115 gentilium
1357 1083 1516 1116 concurris,
1537 1088 1563 1111 et
1589 1084 1622 1112 ad
1642 1085 1748 1113 theatra
1775 1095 1840 1121 pro-

1061 1132 1155 1159 peras,
1178 1126 1309 1161 cupisque
1336 1135 1407 1155 unus
1431 1136 1464 1156 eo
1488 1129 1674 1157 accedentium
1703 1133 1839 1166 reputari,

1061 1179 1111 1199 nec
1131 1179 1185 1199 non
1200 1173 1335 1207 particeps
1354 1173 1410 1201 ﬁeri
1430 1174 1617 1202 indecorarum
1638 1177 1838 1211 recitationum,

1061 1226 1095 1246 ne
1107 1219 1230 1247 dicamus
1252 1220 1512 1255 abominandarum;
1532 1230 1582 1249 nec
1605 1224 1743 1251 auscultas
1761 1224 1839 1252 Iere-

1061 1264 1121 1291 mia:
1135 1264 1255 1292 dicenti:
1274 1274 1283 1290 ι
1302 1265 1425 1298 Domine,
1446 1275 1500 1294 non
1519 1267 1578 1295 sedi
1600 1269 1628 1295 in
1644 1277 1776 1297 consessu
1790 1278 1838 1298 eo-

1060 1318 1120 1337 rum
1151 1310 1318 1345 ludentium;
1345 1313 1392 1340 sed
1426 1314 1578 1341 metuebam
1605 1323 1619 1341 a
1650 1315 1719 1343 facie
1742 1325 1839 1344 manus

1060 1360 1114 1384 tute
1127 1357 1166 1390 “;
1188 1367 1197 1383 ι
1215 1365 1303 1393 neque
1316 1358 1384 1386 Joho
1399 1359 1473 1393 paria
1491 1360 1627 1395 loquenti:
1643 1371 1651 1386 ι
1676 1361 1703 1388 Si
1721 1371 1786 1390 vero
1798 1364 1840 1390 in-

1060 1403 1129 1430 cessi
1145 1411 1206 1431 cum
1221 1405 1323 1432 scurris
1340 1413 1468 1439 unquam,
1480 1406 1649 1440 appendebar
1660 1407 1731 1434 enim
1744 1410 1771 1435 in
1783 1413 1839 1436 sta-

1061 1452 1116 1476 tera
1132 1449 1207 1483 justa
1218 1450 1252 1478 “.
1272 1461 1282 1477 ι
1305 1452 1374 1484 Quid
1394 1460 1459 1479 vero
1480 1453 1521 1479 vis
1543 1458 1630 1480 tecum
1643 1453 1839 1481 communicari

1059 1495 1201 1530 gentilium
1216 1496 1330 1528 litteras,
1346 1505 1407 1533 qua:
1421 1503 1485 1525 sunt
1500 1498 1640 1526 hominum
1656 1503 1837 1529 mortuorum.

1060 1540 1160 1568 diaboli
1189 1541 1319 1569 instinctu
1343 1543 1508 1572 tradentium
1533 1545 1660 1580 dogmata
1685 1545 1843 1578 mortifera,.

1061 1586 1140 1614 ﬁdem
1167 1588 1363 1621 subvertentia,
1392 1593 1418 1616 et
1445 1590 1478 1617 ad
1507 1598 1628 1618 errorem
1654 1591 1837 1619 multitudinis

1059 1632 1183 1665 deorum,
1206 1633 1234 1660 in
1255 1634 1315 1662 illas
1341 1636 1458 1663 intentos
1478 1637 1654 1664 abducentia?
1675 1637 1729 1665 Vos
1747 1638 1839 1673 itaque

1062 1678 1110 1706 Dei
1138 1680 1242 1714 legibus
1265 1686 1404 1713 vacantes.
1440 1683 1489 1709 has
1515 1687 1608 1718 putate
1637 1685 1838 1719 praestantiora

1059 1724 1156 1752 usibus
1170 1726 1249 1758 vitae;
1264 1730 1290 1754 et
1311 1728 1371 1761 plus
1392 1728 1432 1755 eis
1456 1728 1567 1756 honoris
1589 1728 1782 1764 impertientes,
1803 1731 1837 1758 ad

1059 1768 1207 1797 Ecclesiam
1219 1771 1265 1798 Dei
1282 1774 1446 1805 concurrite,
1460 1782 1540 1809 quam
1554 1775 1699 1809 acquisivit
1707 1776 1838 1810 sanguine

1059 1816 1207 1848 Christi",
1225 1817 1333 1851 dilecti,
1350 1823 1377 1846 et
1400 1820 1572 1855 primogeniti
1592 1821 1713 1848 omnium
1731 1825 1838 1849 creatu-

1059 1869 1151 1889 rarum
1159 1862 1190 1890 “.
1208 1863 1270 1891 Haec
1283 1865 1355 1893 enim
1368 1871 1410 1893 est
1426 1866 1478 1893 lilia
1493 1866 1636 1900 Altissimi,
1650 1875 1710 1903 qua:
1723 1875 1771 1896 vos
1790 1875 1837 1903 per

1059 1954 1082 1970 "
1099 1954 1170 1984 Psal.
1188 1964 1250 1988 xxv,
1267 1959 1295 1988 4,
1310 1958 1336 1984 5.
1373 1956 1395 1972 ⁸⁸
1409 1956 1479 1985 Psal.
1498 1965 1517 1990 ι,
1531 1958 1556 1985 1.
1595 1958 1617 1974 ⁸⁸
1629 1958 1683 1986 Jer.
1714 1967 1759 1991 xv,
1790 1958 1833 1985 17.

866 2065 1048 2094 VARIORUM
1071 2063 1187 2095 ΝΟΤᾸΕ.

225 2149 284 2174 mih
300 2140 529 2182 ingrediebantur,
545 2145 676 2182 festisque
690 2148 784 2174 eonlni
798 2150 825 2175 et
840 2147 1003 2182 spectaculis

225 2180 474 2218 intererant.__Unde
489 2180 643 2218 frequentes
652 2181 825 2218 antiquorum
840 2180 957 2218 querelae
971 2188 1003 2218 ac

225 2224 357 2245 censurae.
382 2215 460 2244 Unde
486 2213 567 2244 etiam
588 2213 785 2252 deﬁEgy'ptiis
811 2213 940 2252 scribitur
968 2216 1002 2244 ab

1055 2145 1253 2180 impressorum
1265 2154 1272 2172 :
1286 2145 1321 2172 Et
1334 2146 1362 2173 in
1375 2154 1476 2173 omnem
1487 2145 1556 2173 diem
1567 2147 1662 2180 festum
1673 2147 1835 2175 ethnicorum

1053 2180 1250 2217 proroolurtlatre
1264 2181 1299 2217 inA
1309 2181 1404 2217 honore
1418 2181 1548 2208 idolorum
1561 2182 1660 2216 factum
1674 2183 1754 2217 primi
1772 2192 1835 2210 con-

1054 2212 1158 2242 ueniunt
1184 2212 1406 2252 (valentiniani),
1436 2216 1477 2242 uti
1495 2217 1522 2243 in
1536 2212 1617 2244 nihilo
1634 2212 1737 2252 quidem
1753 2218 1835 2245 absti-

224 2252 345 2280 Adriano
358 2252 520 2287 imperatore
535 2252 606 2287 apud
622 2250 768 2287 Vopiscum
784 2252 811 2279 in
831 2252 892 2278 Vita
907 2251 1003 2287 satur-
1019 2257 1041 2285 ι)
1055 2255 1144 2282 neunt,
1158 2250 1227 2287 quod
1237 2255 1276 2278 est
1289 2250 1358 2287 apud
1370 2250 1453 2278 Deum
1470 2255 1494 2278 et
1507 2250 1703 2284 apud-homines
1715 2253 1835 2280 odiosum

225 2287 280 2315 nini
297 2295 306 2314 :
321 2287 373 2321 Qui
385 2286 495 2321 Seropin
512 2286 612 2317 colunt,
628 2286 774 2321 Christiani
785 2291 861 2318 sunt,
879 2291 905 2314 et
919 2286 1004 2314 devoti

224 2328 285 2349 sunt
297 2319 400 2356 Serapi.
410 2319 456 2357 qui
471 2330 498 2348 se
517 2321 617 2348 Christi
625 2319 758 2357 episcopos
768 2322 870 2354 dicunt,
885 2326 937 2357 etc.-
954 2321 1006 2350 Ve-

224 2365 285 2384 rum
298 2356 424 2385 meliores
435 2356 582 2384 Christiani
596 2357 687 2384 omnia
697 2356 831 2391 ejusmodi
843 2356 950 2391 penitus
963 2357 1003 2384 vi-

224 2392 319 2420 tabant
333 2396 359 2419 et
372 2392 577 2419 aversabantur.
598 2391 654 2418 Nec
677 2391 772 2425 templo
791 2392 946 2423 circumitis,
967 2392 1005 2418 ait

226 2426 410 2455 Tertullianus
421 2426 442 2453 ll
454 2426 492 2454 De
505 2427 578 2453 cultu
590 2427 748 2461 feminarum
758 2434 845 2459 xu,nec
857 2426 1006 2461 spectacula

224 2463 381 2497 postulatis,
407 2470 452 2489 nec
475 2462 553 2489 festos
581 2461 637 2489 dies
652 2462 794 2497 gentilium
820 2462 913 2489 nostis.
934 2461 1005 2495 Quin

224 2496 304 2525 etiam
321 2497 348 2524 iu
367 2496 467 2524 Severo
485 2501 565 2532 negat
584 2496 613 2524 S.
634 2496 766 2524 Martinus
786 2504 816 2524 se
834 2496 941 2532 gentilis
956 2496 1006 2524 do-

224 2540 297 2559 mum
310 2532 384 2560 adire
399 2539 487 2567 posse.
501 2531 542 2567 De
550 2539 615 2559 voce
627 2535 717 2559 autem
730 2531 825 2567 μιαρόν
834 2531 923 2559 videto
932 2531 1003 2566 quod

224 2568 316 2594 notavi
337 2567 371 2595 ad
391 2565 471 2602 caput
489 2567 506 2594 9
527 2566 556 2593 S.
580 2565 905 2602 Barnabae.'0ihitterem
921 2565 1005 2602 porro

223 2609 285 2629 eum
302 2602 363 2630 aliis
378 2601 542 2629 testimoniis
555 2602 644 2629 locum
657 2601 685 2628 S.
698 2601 791 2629 lrentei
805 2601 853 2629 lib.
869 2609 889 2634 ι,
906 2601 965 2636 cap.
976 2602 1002 2634 l,

224 2637 277 2664 nisi
294 2641 370 2665 vetus
386 2637 458 2664 illius
473 2637 606 2671 interpres
622 2644 713 2671 aurem
728 2637 849 2668 velleret,
868 2635 1004 2671 exigeret-

224 2679 276 2712 que
291 2673 407 2713 apellant
430 2679 528 2699 meam.
546 2670 654 2698 Etenim
672 2670 774 2713 Graecis
793 2671 864 2706 apud
886 2670 1004 2732 Epipha-

224 2714 298 2732 nlum
314 2707 409 2732 haeresr
424 2707 469 2732 5i.
484 2714 545 2732 can.
555 2706 600 2732 2i:
616 2706 671 2732 Καὶ
680 2707 726 2732 επὶ
740 2708 829 2732 πᾶσαν
843 2707 904 2732 ὲοοτ
926 2712 1002 2732 σιιιον

223 2707 298 2742 nium
314 2707 409 2734 haeresi
424 2707 469 2736 51.
484 2714 545 2742 cap.
555 2706 726 2742 21ενΚαὶξπὶ
740 2708 829 2742 πᾶσαν
843 2706 1002 2742 ἑορτάσιμον

222 2741 278 2777 τῶν
299 2741 382 2768 ἐθνῶν
396 2741 490 2777 τέρψιν
505 2743 543 2773 είς
558 2741 649 2777 τιμὴν*
660 2741 713 2767 τῶν
733 2741 846 2777 εἰδώλων
860 2741 1002 2777 γινομένην

224 2776 326 2811 πρῶτοι
342 2775 471 2809 συνίασιν,
486 2776 527 2812 ὡς
540 2775 605 2812 μηδὲ
619 2775 670 2812 τῆς
684 2776 758 2812 παρᾲ
766 2775 824 2812 Θεῷ
839 2777 886 2803 καὶ
899 2775 1002 2812 ἀνθρώ-

224 2819 286 2872 ἲῗέξ
299 2811 810 2872 maximeaestatis?
819 2811 1002 2872 ἔῖἔῶεεῗνῖίῖῖῖ

226 2845 286 2883 γίας
299 2845 458 2883 ἀνδροφόνου
471 2845 539 2877 Ἲθέας
557 2845 704 2883 ἀπέχεσθαι
718 2845 806 2883 ἐνίους
819 2845 915 2883 αὐτῶν.
934 2845 1000 2879 His,

224 2879 356 2918 inquam,
370 2879 472 2910 Graecis
496 2889 549 2909 non
569 2879 733 2915 respondent
750 2879 845 2909 Latina
868 2881 999 2909 librorum

1057 2287 1172 2323 muneris
1185 2286 1351 2314 homicidiole
1360 2286 1547 2323 spectatulum.
1559 2287 1651 2323 ItaQue
1658 2295 1712 2321 quo
1723 2296 1835 2323 respon-

1056 2321 1148 2357 deant.
1163 2328 1328 2357 sensumque
1336 2321 1451 2356 probum
1465 2321 1615 2355 obtineant;
1631 2321 1835 2350 uoluntate—mu-

1058 2357 1110 2384 tari
1126 2356 1205 2393 debet
1220 2356 1247 2383 in
1260 2356 1392 2393 voluptate
1403 2376 1411 2387 ,
1426 2357 1592 2393 ῳιιεκτέρψις
1609 2357 1710 2393 (ὶι-ωοει
1722 2358 1833 2388 dicitur,

1058 2364 1110 2384 tari
1126 2364 1205 2385 debet
1220 2364 1247 2398 in
1260 2364 1392 2391 votuptate
1403 2376 1411 2387 ,
1426 2364 1592 2419 quae/requ
1609 2364 1702 2385 υι-ωοε
1715 2364 1833 2399 ’σιειιιιικ

1056 2392 1321 2454 ῗίιυὲοὲἓῗίηηηεαηι
1339 2391 1426 2419 adden
1448 2400 1492 2420 um
1506 2396 1565 2425 est,
1579 2393 1612 2420 ab
1632 2401 1671 2420 eo.
1691 2392 1762 2420 Nihil
1775 2401 1835 2421 cer-

1068 2434 1120 2454 tus.
1133 2434 1201 2454 υοτ.

1102 2461 1148 2496 9⁵1)
1167 2463 1228 2496 Ely.
1244 2461 1323 2489 Deest
1337 2461 1365 2488 in
1379 2461 1465 2490 altero
1478 2461 1538 2490 eod.
1550 2461 1632 2490 Ctsn.

1102 2496 1152 2533 98)_
1166 2496 1233 2524 Ἐπὶ
1246 2496 1392 2533 καθέδραν
1400 2497 1520 2532 λοιμῶν.
1532 2497 1596 2525 Post
1610 2497 1721 2529 multos,
1732 2498 1833 2533 λοιμῶν

1055 2531 1189 2568 adjective
1198 2539 1252 2568 non
1268 2532 1439 2568 substantin
1448 2531 1560 2568 accepi.
1575 2532 1704 2568 Apposite
1719 2531 1783 2560 vero
1798 2534 1831 2559 ad

1054 2566 1250 2603 Constitutoris
1272 2570 1391 2603 mentem
1411 2566 1654 2603 Philastﬁusrcap.
1675 2567 1724 2603 V79,
1747 2568 1833 2603 partis

1053 2601 1262 2636 tertias,esponit
1271 2601 1353 2636 verba
1367 2599 1485 2633 Davidis,
1493 2602 1565 2629 hunc
1579 2602 1607 2629 in
1621 2599 1730 2629 modum
1744 2599 1756 2630 ἔ
1764 2603 1832 2629 Bea-

1053 2640 1095 2663 tus
1109 2637 1149 2663 vii
1162 2635 1207 2671 qui
1221 2644 1273 2663 non
1293 2635 1358 2671 abiit
1378 2636 1406 2663 in
1424 2637 1533 2664 consilio
1554 2637 1710 2671 impiorum.
1744 2637 1771 2664 id
1793 2642 1832 2664 est

1051 2670 1266 2707 paganorumnt
1284 2671 1312 2697 in
1322 2670 1365 2697 uia
1383 2676 1547 2706 peccatorum
1559 2670 1610 2698 non
1627 2672 1715 2705 stetit,
1735 2673 1829 2708 quippe

1051 2706 1223 2737 Iudaeorum;
1247 2710 1271 2732 et
1294 2705 1321 2732 in
1344 2705 1467 2733 cathedra
1490 2707 1644 2741 pestilentia
1672 2715 1723 2734 non
1752 2707 1829 2740 sedit.

1213 2725 1221 2737 ,
1247 2725 1271 2732 νυ
1295 2725 1321 2732 ..ο
1344 2725 1467 2733 ννιιννψικ
1491 2725 1643 2740 ,συσπηωηηυ
1672 2725 1723 2734 "vn
1752 2725 1831 2740 cus-sn,

1051 2742 1140 2775 utique
1151 2741 1342 2768 haereticorum.
1358 2741 1426 2768 Cor.

1098 2775 1349 2812 99))ᾼπεχώριᾳε.
1372 2776 1446 2803 Alter
1453 2775 1519 2812 cod.
1536 2776 1659 2812 ἐχώρισε.
1677 2775 1716 2804 In.

1099 2810 1383 2855 £90)"Er'm€0£lqt.
1390 2811 1465 2838 Μετὰ
1626 2812 1706 2855 alter.
1721 2812 1784 2841 cod.
1791 2812 1830 2841 lo.

1097 2847 1124 2881 1)
1149 2846 1300 2881 Ἰοητάμηιρξ
1316 2846 1461 2881 Ἐσταμαι,
1478 2846 1505 2873 in
1519 2846 1604 2874 altero
1620 2847 1681 2874 cod.
1696 2847 1735 2876 In.

1097 2847 1109 2874 i
1149 2847 1299 2881 Ἶστάμην.
1316 2847 1461 2881 Ἐσταμαι,
1478 2847 1505 2873 in
1519 2847 1604 2874 altero
1620 2847 1681 2874 cod.
1696 2847 1735 2876 In.

1085 2847 1124 2919 (2)
1139 2880 1312 2917 Νοκροποιά.
1330 2881 1425 2910 ’Δτινά
1438 2882 1496 2908 ἐστι
1509 2881 1666 2919 νεκροποιά,
1684 2883 1752 2911 alter
1766 2883 1828 2912 cod.
