4080 6260
433 290 531 348 75!

1275 287 1339 350 8.
1381 291 1773 348 CLEMENTIS
1808 290 1829 346 l
1865 291 2031 348 ROM.
2072 285 2269 350 PONT.
2306 290 2532 346 OPERA
2570 290 2795 347 DUBIA.

3545 293 3651 348 75%

430 396 649 457 verbum
689 400 873 470 gratia:
916 401 1224 470 parturivit,
1279 408 1335 455 et
1397 402 1652 457 formavit
1704 404 1760 456 in
1822 403 1978 458 nobis

2088 403 2173 455 τοῦ
2215 402 2466 471 Ὑψίστου
2485 440 2500 464 ,
2533 404 2565 472 ἡ
2597 402 2902 473 ὠδινήσασα
2934 402 3077 472 ὑμᾶς
3115 400 3201 455 διὰ
3227 399 3321 455 τοῦ
3351 401 3511 471 λόγου
3553 406 3653 475 τῆς

426 496 739 562 Christum;
787 494 945 563 cujus
978 497 1268 566 participes
1326 498 1474 562 facti,
1532 512 1688 553 sacra
1744 498 1983 553 membra

425 591 559 645 estis
592 628 606 652 ,
636 595 689 643 et
728 588 921 652 electa,
959 603 1065 641 non
1114 590 1366 645 habentia
1403 590 1708 653 maculam,
1758 597 1852 644 aut
1891 607 1985 645 ru-

426 697 547 751 gam
562 680 627 743 ‘9,
662 688 754 733 aut
784 680 989 750 aliquid
1036 681 1379 749 hujusmodi;
1413 682 1509 736 sed
1550 683 1697 737 velut
1726 685 1900 737 sancti
1926 691 1981 737 et

426 772 754 825 immaculati
786 772 841 824 in
867 771 967 824 fide
995 772 1221 841 perfecti
1250 774 1383 828 estis
1412 774 1467 827 in
1500 773 1651 844 ipso,
1684 774 1982 831 secundum
2010 842 2013 845 δ

427 862 710 932 imaginem
734 861 827 917 Dei
849 904 862 925 ,
894 862 1160 918 creatoris
1184 865 1372 919 vestri.

988 974 1219 1031 CAPUT
1258 976 1419 1032 LXII.

476 1056 630 1133 Quod
680 1075 912 1135 oporteat
983 1084 1160 1122 omnes
1216 1068 1489 1151 gentilium
1547 1069 1835 1137 impietate:
1887 1087 1945 1123 a-

1115 1154 1333 1193 versart.

491 1226 689 1282 Cavete
718 1228 883 1299 igitur
920 1243 987 1284 ne
1025 1244 1149 1283 cum
1196 1229 1425 1299 perditis
1467 1230 1775 1285 hominibus
1819 1231 1983 1287 ferias

426 1318 708 1373 celebretis
728 1357 743 1381 ,
778 1319 921 1389 quod
946 1326 1030 1374 est
1059 1332 1329 1391 synagOga
1359 1321 1597 1391 gentium
1622 1365 1637 1384 ,
1665 1323 1718 1377 in
1742 1322 1984 1377 fraudem

424 1421 476 1466 et
514 1410 813 1465 interitum.
864 1409 1021 1465 Nulla
1064 1412 1266 1482 quippe
1295 1412 1526 1467 societas
1560 1412 1669 1467 Deo
1698 1414 1763 1467 ad
1795 1414 1985 1468 diabo-

428 1504 539 1556 lum
564 1501 630 1555 '°.
660 1501 793 1556 Nam
825 1503 917 1572 qui
949 1518 1072 1557 cum
1115 1503 1313 1557 diaboli
1346 1502 1648 1558 doctrinam
1675 1504 1984 1561 tenentibus

425 1600 807 1663 congregatur,
842 1610 981 1648 unus
1002 1609 1068 1649 ex
1092 1593 1224 1663 ipsis
1253 1595 1681 1664 computabitur,
1718 1602 1772 1650 et
1796 1595 1889 1651 Va;
1930 1598 1984 1651 in

426 1684 791 1739 haereditatem
820 1685 1065 1755 accipiet.
1101 1682 1291 1755 Fugite
1320 1685 1483 1741 etiam
1509 1687 1741 1743 obscena
1784 1698 1988 1758 specta-

2086 496 2338 565 χάριτος,
2372 494 2465 545 καὶ
2515 493 2848 564 μορφώσασα
2893 494 2950 546 ἐν
2997 495 3127 564 ἡμῖν
3153 493 3244 546 τὸν
3293 494 3545 564 Χριστόν
3591 489 3653 548 οὗ

2089 588 2306 657 μέτοχοι
2348 585 2660 655 γενόμενοι,
2696 585 2818 657 ἱερὰ
2868 585 3002 655 μέλη
3046 585 3205 646 ἐστὲ,
3252 585 3347 638 καὶ
3390 585 3652 652 ἐκλεκτὰ,

2087 678 2161 749 μὴ
2196 678 2383 748 ἔχοντα
2434 676 2618 729 σπῖλον
2637 714 2652 740 ,
2697 674 2730 747 ἦ
2771 677 2955 748 ῥυτίδα
2974 714 2989 739 ,
3035 677 3069 746 ή
3109 693 3162 728 τι
3216 675 3326 729 τῶν
3381 677 3665 760 τοιούτιιιν⁶⁸

2087 768 2202 821 ἀλλ’
2230 769 2375 836 ἅγιοι
2402 769 2498 821 καὶ
2530 768 2748 838 ἄμωμοι
2778 770 2835 820 ἐν
2881 768 3061 821 πίστει
3099 768 3501 840 τετελειωμένοι
3530 767 3668 836 ἐστὲ(

2085 859 2142 912 ἐν
2173 858 2321 929 αὐτῷ
2343 898 2357 923 ,
2388 860 2508 911 κατ’
2539 860 2720 912 εἰκόνα
2746 857 2841 911 τοῦ
2861 860 3145 922 κτίσαντος
3174 862 3317 931 ὑμᾶς
3344 862 3498 917 Θεοῦ.

2592 973 2815 1025 ΚΕΦΛΛ
2823 972 2983 1026 ΑΙΟΝ
3019 972 3137 1027 ΞΒ’.

2087 1066 2215 1118 Ὅτι
2270 1064 2465 1117 πάντα
2493 1067 2564 1119 τὰ
2600 1065 2909 1130 Ἐλλήνων
2954 1064 3296 1139 ἀσεϐήματα
3346 1069 3637 1139 ἀποστρέ-

2670 1139 2884 1203 φεσθαι
2911 1135 3048 1202 χρή.

2152 1225 2487 1278 (bulas-6560:
2529 1223 2622 1280 οὖν
2666 1226 2760 1279 τοῦ
2795 1225 2867 1297 μὴ
2898 1227 3245 1296 συσχολάζειν
3282 1231 3395 1290 τοῖς
3420 1231 3650 1284 ἀπολλυ-

2088 1318 2267 1388 μένοις
2289 1357 2303 1380 ,
2335 1318 2363 1370 δ
2408 1319 2525 1371 ἐστι
2575 1318 2865 1389 συναγωγὴ
2909 1317 3110 1381 ἐθνῶν,
3159 1320 3240 1382 είς
3300 1320 3514 1391 ἀπάτην
3556 1324 3652 1377 καὶ

2084 1409 2374 1462 ἀπώλειανο
2405 1409 2627 1479 οὐδεμία
2656 1409 2764 1480 γὰρ
2790 1409 3041 1463 κοινωνία
3079 1410 3197 1480 Θεῷ
3228 1410 3363 1483 πρὸς
3387 1411 3648 1468 διάϐολον.

2098 1501 2155 1554 '0
2181 1501 2288 1573 γὰρ
2318 1500 2795 1573 συναθροιζόμενος
2843 1500 2977 1571 μετά
3017 1500 3123 1554 τῶν
3150 1501 3220 1553 τὰ
3248 1502 3491 1557 διαὸόλου
3521 1521 3651 1574 φρυ-

2085 1594 2350 1655 νούντων,
2397 1587 2478 1657 εἷς
2524 1590 2584 1656 ἐξ
2639 1593 2816 1646 αὐτῶν
2853 1592 3263 1664 λογισθήσεται,
3293 1593 3389 1647 καὶ
3441 1594 3503 1647 τὸ
3529 1595 3650 1649 οὐαὶ

2088 1684 2496 1756 κληρονομήσει.
2530 1685 2758 1753 Φεύγετε
2785 1683 2848 1756 δὴ
2891 1684 3079 1737 καὶτὰ
3117 1686 3337 1756 ἀπρεπῆ
3382 1685 3489 1740 τῶν
3525 1685 3651 1738 θεα-

426 1779 586 1844 cul;
642 1777 852 1833 theatra
892 1778 1036 1843 dico,
1084 1784 1138 1832 et
1180 1777 1464 1848 gentilium
1505 1780 1868 1843 celebritates,
1899 1783 1983 1835 in-

2088 1777 2379 1848 μάτωψτὰ
2422 1776 2625 1847 θέατρά
2668 1794 2831 1846 φημι,
2883 1774 3101 1839 καὶτὰς
3158 1775 3469 1847 Ἑλληνικὰς
3508 1794 3650 1848 πομ-

424 1869 784 1934 cantationes,
809 1869 1015 1933 omina,
1040 1868 1323 1937 vaticinia,
1349 1870 1707 1940 expiationes,
1733 1874 1981 1943 auguria,

424 1959 690 2030 auspicia,
743 1961 1092 2017 evocationes
1141 1969 1505 2027 mortuorum,
1577 1963 1982 2028 invocationes;

425 2050 551 2119 quia
582 2053 845 2122 scriptum
874 2051 1146 2123 reperitur
1175 2070 1189 2107 :
1228 2070 1247 2103 ι
1282 2052 1401 2108 Non
1431 2060 1517 2109 est
1539 2055 1679 2109 enim
1704 2056 1986 2125 auguratio

427 2141 569 2209 apud
596 2141 783 2209 Jacob,
835 2160 1011 2215 neque
1067 2144 1331 2200 divinatio
1379 2145 1523 2216 apud
1574 2145 1822 2203 Israel“.
1867 2167 1886 2200 ›
1920 2147 1987 2202 Ει

425 2246 656 2291 rursus:
697 2255 716 2287 ι
754 2236 1051 2307 Augurium
1085 2246 1367 2307 peccatum
1421 2246 1505 2293 est
1522 2239 1590 2293 ⁸³.
1635 2258 1655 2292 ι
1698 2240 1764 2294 Et
1799 2241 1905 2295 alio
1930 2242 1987 2296 in

428 2326 585 2381 loco:
625 2346 644 2378 ‹
682 2327 801 2382 Non
847 2329 1268 2400 augurabimini,
1308 2337 1363 2383 et
1409 2330 1791 2397 divinationes,
1843 2334 1985 2389 vati-

427 2415 572 2471 cinia
623 2428 677 2473 et
723 2420 1094 2489 ventriloquos
1126 2436 1237 2475 non
1269 2422 1604 2490 sequemini;
1648 2438 1834 2494 magos
1879 2441 1987 2479 non

431 2500 699 2567 habebitis
721 2512 788 2567 ⁸³.
826 2531 845 2563 ι
888 2511 1153 2578 Quocirca
1194 2520 1250 2568 et
1294 2511 1558 2571 Jeremias
1595 2514 1871 2583 admonet,
1904 2519 1987 2573 di-

427 2616 601 2658 oens:
633 2620 651 2653 ι
688 2601 849 2657 Juxta
890 2604 1008 2659 vias
1054 2605 1293 2675 gentium
1340 2606 1509 2661 nolite
1555 2606 1838 2676 incedere;
1880 2616 1932 2665 et
1957 2625 1989 2665 a

427 2693 598 2762 signis
618 2694 743 2748 caeli
768 2696 936 2751 nolite
977 2705 1216 2753 metuere
1246 2697 1315 2753 “.
1348 2718 1366 2751 ι
1413 2698 1754 2771 Quapropter
1774 2712 1989 2774 oportet

430 2784 635 2841 ﬁdelem
680 2785 953 2842 declinare
998 2804 1027 2842 a
1076 2792 1439 2847 conventibus
1487 2792 1776 2864 impiorum
1813 2798 1990 2868 genti-

428 2877 557 2930 lium
599 2885 653 2932 et
679 2877 989 2935 Judaeorum
1016 2889 1069 2935 et
1096 2882 1431 2952 reliquorum
1465 2883 1883 2956 haereticorum;
1914 2904 1983 2945 ne

427 2985 551 3023 cum
583 2971 665 3025 eis
710 2971 975 3037 feriando,
1019 2974 1304 3031 animabus
1351 2978 1555 3031 nostris
1597 2979 1821 3048 laqueos
1848 2996 1990 3035 com-

429 3074 717 3129 paremus;
750 3079 885 3118 neve
912 3063 1049 3120 festa
1079 3080 1289 3131 eorum,
1320 3083 1440 3136 qua:
1468 3068 1524 3122 in
1548 3069 1854 3126 daemonum
1885 3072 1986 3128 ho-
2012 3105 2057 3168 ο

430 3167 614 3207 norem
671 3163 1028 3224 peraguntur,
1072 3173 1181 3210 una
1235 3160 1688 3227 concelebrando,
1743 3164 1985 3233 ipsorum

427 3258 641 3314 quoque
691 3246 986 3315 impietatis
1029 3246 1335 3303 efficiamur
1371 3251 1686 3321 participes.
1719 3253 1984 3326 Fugicndi

425 3334 588 3388 etiam
622 3344 749 3390 sunt
771 3336 1117 3392 ethnicorum
1155 3340 1427 3397 solemnes
1456 3351 1749 3412 mercatus,
1779 3355 1832 3401 et
1868 3363 1990 3417 quae

430 3425 485 3478 in
515 3425 582 3480 iis
613 3426 821 3481 ludicra
852 3427 1007 3483 ﬁunt.
1033 3427 1235 3485 Fidelis
1263 3431 1407 3487 enim
1430 3432 1499 3487 ad
1528 3434 1989 3494 nundinas.acce-

428 3514 559 3570 dere
600 3531 709 3571 non
753 3517 934 3585 debet,
981 3520 1088 3574 nisi
1138 3520 1207 3575 ad
1246 3523 1630 3594 mancipiolum
1674 3530 1985 3596 emendum,

429 3605 928 3680 acquirendamque
967 3611 1227 3678 animam,
1258 3620 1313 3668 et
1340 3612 1410 3669 ad
1451 3617 1697 3686 quaedam
1739 3621 1846 3674 alia
1886 3621 1989 3677 hu-

430 3712 604 3753 manae
628 3701 939 3757 necessitati
967 3704 1314 3761 accommoda
1346 3709 1671 3764 coemenda.
1705 3711 1995 3769 Abstinete

429 3803 560 3861 ergo
602 3791 751 3847 omni
791 3792 1060 3850 idolorum
1106 3810 1324 3867 pompa,
1355 3800 1739 3865 ostentatione,
1772 3804 1988 3872 publico

431 3891 719 3948 conventu,
763 3886 1051 3950 conviviis,
1101 3886 1447 3957 gladiatoriis
1491 3892 1830 3958 muneribus,
1864 3896 1988 3949 uni-

431 3984 592 4028 verso
615 3973 847 4047 denique
876 3977 1185 4048 spectaculo
1207 3976 1557 4036 damoniaco.

499 4128 544 4163 ⁸⁸
568 4127 705 4200 Eph.
730 4147 786 4197 v,
819 4131 908 4187 27.
984 4133 1030 4164 ³⁸
1061 4134 1105 4189 Il
1132 4134 1257 4190 Cor.
1292 4150 1367 4200 vr,
1401 4136 1486 4190 M.

429 4192 583 4255 Deut.
612 4192 780 4268 Ξινιιι,⁷
800 4203 887 4258 10.
963 4204 1007 4235 ⁵⁵
1030 4203 1140 4262 Jer.
1172 4222 1227 4272 ι,
1249 4205 1300 4261 2.

2087 1870 2193 1932 πὰς
2214 1908 2230 1933 ,
2260 1869 2511 1931 ἐπαοιδὰς
2535 1908 2549 1933 ,
2578 1868 2835 1938 κληδόνας
2853 1907 2868 1931 ,
2920 1868 3178 1939 μαντείας
3196 1906 3210 1930 ,
3240 1864 3646 1939 καθαρισμοῦς,

2085 1962 2405 2031 οἰωνισμοὺς
2423 1999 2438 2023 ,
2468 1959 2916 2030 ὀρνιθοσκοπίας,
2960 1959 3413 2029 νεκρομαντείας,
3444 1959 3651 2029 ἐπιφω-

2085 2053 2285 2123 νήσεις
2340 2052 2420 2104 ὅτι
2449 2051 2776 2123 γέγραπται·
2812 2069 2831 2102 ι
2868 2050 2943 2105 Οὐ
2972 2049 3081 2121 γάρ
3107 2051 3253 2102 ἐστιν
3279 2049 3566 2120 οίωνισμὸς
3592 2052 3649 2103 ἐν

2101 2144 2289 2199 Ἰακὼϐ
2309 2184 2324 2207 ,
2378 2144 2497 2197 οὐδὲ
2557 2142 2781 2214 μαντεία
2843 2143 2901 2194 ἐν
2965 2140 3195 2213 Ἰσραήλ.
3256 2157 3275 2191 ι
3310 2140 3421 2192 Καὶ
3467 2140 3645 2195 πάλιν

2093 2255 2110 2287 ι
2148 2236 2423 2307 Οἰώνισμα
2455 2234 2695 2306 ἁμαρτία
2724 2233 2840 2286 ἐστί
2869 2232 2967 2304 (5).
3006 2251 3024 2283 ›
3052 2232 3163 2284 Καὶ
3191 2230 3443 2302 ἀλλαχοῦ·
3481 2251 3499 2282 ι
3535 2233 3647 2286 Οὐκ

2085 2326 2377 2381 οἰωνιεῖσθε
2395 2367 2407 2390 ,
2447 2328 2542 2379 καὶ
2588 2325 2806 2393 κλῃδὸσι
2854 2325 2949 2377 καὶ
3018 2323 3295 2394 μαντείαις
3338 2323 3433 2376 καὶ
3484 2324 3648 2391 ἐγγα-

2089 2418 2399 2491 στριμύθοις
2417 2419 2517 2471 οὐκ
2546 2415 3029 2486 ἐπακολουθήσετε,
3059 2415 3384 2487 φαρμακοὺς
3410 2415 3471 2467 ού
3496 2431 3655 2488 περι-η

2088 2514 2357 2583 ποιήσετε.
2397 2529 2415 2561 ι
2448 2509 2537 2562 Διὸ
2568 2511 2821 2581 παραινεῖ
2871 2509 2966 2560 καὶ
3017 2509 3046 2560 ὁ
3114 2508 3409 2578 Ἱερεμίας,
3454 2507 3645 2575 λέγων’

2094 2624 2111 2657 ι
2148 2603 2303 2657 Κατὰ
2328 2602 2427 2666 τὰς
2452 2603 2605 2665 ὁδοὺς
2633 2601 2740 2654 τῶν
2768 2599 2936 2653 ἐθνῶν
2968 2599 3042 2671 μὴ
3072 2600 3387 2671 πορεύεσθε⁹
3421 2600 3514 2653 καὶ
3542 2599 3649 2652 άπὸ

2086 2697 2193 2749 τῶν
2222 2695 2459 2766 σημείων
2486 2693 2717 2765 ούρανοῦ
2750 2691 2823 2763 μὴ
2854 2690 3121 2761 φοϐεῖσθε.
3161 2710 3180 2742 ι
3214 2691 3411 2762 Διόπερ
3442 2689 3516 2761 (4)
3545 2688 3649 2761 χρὴ

2087 2788 2178 2841 τὸν
2222 2786 2410 2841 πιστὸν
2438 2787 2655 2856 φεύγειν
2681 2784 2779 2849 τὰς
2812 2784 3059 2848 συνόδους
3084 2784 3192 2836 τῶν
3221 2782 3434 2836 ἀσεϐῶν
3476 2781 3651 2852 Ἑλλή-

2088 2898 2193 2934 νων
2229 2881 2322 2933 καὶ
2378 2878 2642 2932 Ἰουδαίων
2688 2878 2783 2931 καὶ
2825 2876 2933 2929 τῶν
2977 2875 3177 2928 λοιπῶν
3215 2874 3523 2946 αίρετικῶψ
3563 2873 3648 2927 ῐνα.

2092 2974 2166 3044 μὴ
2219 2972 2297 3043 τῷ
2352 2971 2699 3042 συσχολάζειν
2748 2970 2960 3033 αὐτοῖς,
3019 2966 3337 3036 παγίδας(5)
3398 2965 3651 3036 λάϐωμεν

2088 3067 2206 3127 ταῖς
2248 3063 2455 3117 ἑαυτῶν
2480 3061 2693 3132 ψυχαῖς·
2728 3062 2877 3123 ὅπως
2927 3060 2999 3131 μὴ
3031 3057 3457 3128 συστρεφόμενοι
3528 3057 3648 3119 ταῖς

2087 3159 2299 3229 ἑορταῖς
2326 3156 2534 3219 αὐτῶν,
2565 3155 2764 3216 αἵτινες
2810 3154 2902 3206 ἐπὶ
2939 3155 3072 3223 τιμῇ
3103 3150 3212 3203 τῶν
3240 3149 3504 3219 δαιμόνων
3531 3150 3649 3202 ἐπι-

2083 3248 2387 3314 τελοῦνται,
2425 3249 2840 3320 κοινωνήσωμεν
2887 3246 3071 3307 αὐτοῖς
3111 3243 3207 3296 καὶ
3240 3241 3339 3312 τῆς
3372 3240 3644 3303 ἀσεϐείας.

2084 3342 2369 3394 Φευκταῖαι
2418 3339 2474 3392 δὲ
2516 3339 2694 3393 αὐτῶν
2721 3338 2814 3391 καὶ
2850 3338 2907 3389 αἱ
2943 3335 3277 3405 πανηγύρεις
3299 3370 3313 3395 ,
3355 3331 3447 3384 καὶ
3492 3330 3562 3383 τὰ
3587 3332 3647 3385 ἐν

2084 3434 2273 3496 αὐταῖς
2318 3431 2720 3503 ἐπιτελούμενα.
2760 3430 2956 3484 Πιστὸν
2999 3427 3109 3499 γὰρ
3153 3428 3212 3480 ἐν
3254 3422 3555 3494 πανηγύρει
3580 3421 3645 3475 οὑ

2086 3525 2191 3597 χρὴ
2222 3524 2593 3596 παραϐάλλειν
2611 3522 2709 3594 (6),
2738 3521 2921 3575 πλεῖον
2960 3520 3036 3590 (7)
3066 3517 3163 3573 τοῦ
3196 3514 3465 3587 σωμάτιον
3493 3513 3649 3585 πρία-

2092 3616 2237 3680 σθαι,
2259 3618 2352 3669 καὶ
2368 3616 2544 3687 ψυχὴν
2564 3613 3041 3687 περιποιήσασθαι,
3064 3613 3158 3665 καὶ
3185 3610 3348 3681 ἕτερά
3372 3625 3495 3663 τινα
3525 3623 3650 3660 συν-

2090 3707 2398 3780 ωνήσασθαι
2458 3706 2566 3761 τῶν
2624 3706 2760 3777 πρὸς
2801 3705 3057 3758 σύστασιν
3096 3702 3457 3775 ἁρμοζόντων.
3521 3696 3646 3751 Ἀπσ

2089 3798 2275 3871 έχεσθε
2306 3795 2398 3853 οὖν
2428 3797 2606 3867 πάσης
2626 3797 2700 3867 (8)
2722 3797 2820 3867 τῆς
2847 3796 2953 3850 τῶν
2984 3795 3212 3849 εἰδώλων
3233 3793 3486 3864 πομπῆς,
3510 3808 3644 3861 φαν-

2087 3893 2305 3955 τασίας,
2346 3890 2730 3962 πανηγύρεως,
2766 3889 3078 3961 συμποσίων
3103 3925 3117 3952 ,
3152 3886 3484 3957 μονομαχίας
3508 3924 3524 3948 ,
3553 3882 3646 3938 καὶ

2090 3986 2267 4055 πάσης
2296 3983 2422 4046 θέας
2447 3982 2778 4052 δαιμονικῆς.

1597 4134 1641 4168 ἰ
1681 4136 1841 4192 Num.
1872 4154 2029 4208 mu,
2056 4140 2146 4194 ‘25.
2224 4141 2269 4172 "
2297 4139 2317 4193 l
2360 4138 2495 4210 Reg.
2527 4154 2617 4201 xv,
2644 4136 2736 4201 25,
2767 4137 2823 4191 in
2838 4134 3008 4191 LXX.
3097 4137 3143 4168 ⁵³
3181 4133 3356 4191 Levit.
3386 4148 3502 4198 xix,
3531 4130 3621 4186 26.

1716 4357 2075 4416 VARIORUM
2130 4358 2360 4415 NOTAE.

497 4527 576 4603 (ὅ)
609 4531 903 4603 ριώνιᾳμει
950 4531 1027 4603 de

430 4599 581 4657 textu
612 4601 823 4673 librarii
852 4599 1100 4673 Luciferi
1136 4601 1435 4673 ilalaritani
1462 4617 1573 4657 non
1606 4599 1859 4673 putantes
1886 4618 1984 4657 vo-

427 4687 549 4728 cem
570 4672 821 4725 ominatio
852 4671 1031 4725 locum
1064 4671 1262 4742 habere
1295 4686 1477 4740 posse,
1507 4671 1628 4729 eam
1654 4673 1834 4742 inepte
1860 4689 1984 4726 mu-

429 4748 700 4804 taverunt,
732 4747 1159 4810 posueruntque,
1200 4740 1481 4795 Peccatum
1521 4740 1844 4798 abominatio
1884 4752 1983 4809 est,

429 4810 571 4882 libro
597 4810 669 4864 De
696 4810 1261 4882 regibugppostqticis,
1293 4826 1417 4882 pag.
1448 4811 1735 4882 162.001.

499 4881 591 4954 (ι)
609 4882 834 4947 Διόπερ.
870 4880 1031 4954 Ὥστε
1060 4879 1193 4935 alter
1221 4879 1344 4935 cod.
1370 4879 1560 4937 eodem
1578 4897 1766 4945 sensu,
1795 4898 1985 4954 quam-

429 4952 514 5007 vis
543 4949 758 5006 diverso
792 4964 945 5005 sono.
976 4949 1143 5004 CLEB.

501 5020 577 5093 (Β)
601 5020 878 5093 Πατίδας.
906 5019 1321 5093 ᾼιιενμκηλίδας,
1344 5019 1633 5093 illecebras,
1658 5038 1778 5093 quae
1804 5022 1987 5077 illece-

433 5090 700 5149 braa'vere
722 5090 883 5144 etiam
906 5090 1083 5159 laquei
1114 5090 1221 5145 dici
1250 5101 1504 5159 possunt.
1530 5090 1605 5147 ln.

501 5161 578 5232 (6)
610 5159 826 5233 ῌλεῐον
852 5160 977 5233 2037,
1007 5169 1115 5233 etc.
1146 5162 1295 5233 Alter
1321 5162 1441 5215 cod.
1470 5164 1523 5233 rei
1556 5163 1629 5233 μὴ
1670 5161 1907 5233 βούλοιτό
1932 5180 1985 5215 τι

432 5229 692 5302 πρίασθαι
721 5229 827 5283 τῶν
869 5229 947 5299 τῷ
993 5229 1200 5301 σώματι
1243 5229 1896 5302 ἀναγκαίωνείςσκέπην
1928 5234 1982 5302 ἦ.

430 5300 565 5372 Quae
592 5302 842 5372 videntur
876 5315 997 5354 esse
1015 5301 1559 5372 criticiaudacioris,
1591 5302 1685 5372 qui
1710 5300 1987 5356 nesciebat

432 5371 571 5443 quid,
592 5376 737 5425 esset
760 5370 848 5443 hic
876 5370 1164 5443 σωμάτιον.
1198 5370 1275 5443 In.

505 5441 583 5511 (7)
609 5438 926 5511 Σζωμάτιον.
959 5438 1177 5511 Ἑτιεςὶ,
1235 5440 1435 5511 dicitur
1484 5454 1514 5493 a
1567 5440 1626 5494 S.
1662 5440 1985 5511 Augustino

438 5507 573 5563 libro
622 5508 970 5581 Locutionum
993 5509 1056 5581 de
1082 5507 1295 5572 Germi,
1342 5510 1407 5581 ad
1447 5525 1569 5579 cap.
1611 5510 1702 5573 54,
1738 5507 1984 5581 σωμάτια

437 5594 607 5633 servos
651 5578 913 5647 appellant
959 5580 1306 5633 usitatissima
1350 5578 1624 5634 locutione.
1662 5578 1987 5635 Inter'varia

442 5655 619 5701 autem
649 5648 978 5707 testimonia.
1008 5663 1128 5718 quae
1166 5649 1236 5702 ad
1258 5649 1651 5718 explicandam
1693 5650 1834 5704 hanc
1884 5648 1986 5702 σώ-

446 5732 611 5788 ματος
647 5725 701 5773 et
745 5717 1429 5788 σωματίουεοιτεριίυιιυιιι
1477 5718 1758 5789 proferunt
1804 5734 1985 5789 gram-

1030 4531 1386 4603 αρτιαὲστί.
1422 4532 1492 4603 ίιιι
1540 4531 1644 4588 hoc
1692 4532 1990 4602 Scriptum
2020 4536 2062 4591 D
2091 4533 2410 4589 maticorum
2432 4543 2508 4594 .et
2534 4536 2849 4591 criticorum
2888 4535 3004 4599 filii,
3045 4534 3155 4589 duo
3190 4544 3318 4589 sunt
3360 4531 3645 4603 Epiphanii

2089 4603 2144 4657 in
2190 4602 2465 4676 Ancorato
2523 4606 2816 4676 depravata
2869 4608 3075 4667 leviter,
3138 4603 3317 4676 facilia
3371 4602 3641 4676 correcta,

2084 4674 2324 4746 nonduin
2378 4682 2557 4730 tamen
2594 4672 2767 4746 '(quod
2810 4676 3007 4746 sciam)_
3050 4672 3354 4746 emendata.
3402 4672 3643 4746 Alterum

2087 4758 2216 4864 capé
2234 4745 2300 4799 59
2318 4763 2329 4799 :
2348 4746 2457 4797 Καὶ
2485 4747 2516 4815 ή
2562 4742 2814 4816 συνήθεια
2842 4742 3208 4807 τοὺςδούλους
3238 4742 3461 4864 σώιματα
3490 4742 3644 4795 εἴωθε

2088 4831 2157 4864 κα
2219 4817 2287 4864 ἰν·
2332 4815 2667 4864 Δεσπόττιρ.
2718 4817 2909 4864 φησὶν.
2938 4813 3153 4864 ἑκατὸν
3171 4828 3296 4864 σωιλ
3341 4829 3482 4864 των.
3514 4812 3644 4864 ἀλλὰ

2088 4812 2287 4868 καλεῖν·
2332 4812 2691 4882 Δεσπότης(
2718 4817 2877 4882 φησὶν
2895 4854 2909 4875 ,
2938 4813 3153 4871 ἑκατὸν
3171 4812 3482 4881 σωμάτων,
3514 4812 3648 4866 ἀλλά

2086 4886 2186 4955 καὶ»
2206 4883 2383 4954 ψυχὰς
2428 4885 2677 4955 ἐχόντων.
2731 4882 2954 4955 Ἐπειδὴ
2997 4884 3077 4955 δέ-
3097 4882 3386 4955 δεσποτεία
3418 4882 3526 4955 τῶν
3555 4883 3648 4955 ἀνῇ

2089 4950 2338 5024 epam,
2399 4950 2660 5023 σωμάτων
2706 4950 2974 5024 κυριεύει,
3004 4952 3141 5024 ἀλλ’
3186 4952 3246 5024 ού
3298 4951 3503 5024 ψυχῶν,
3560 4950 3648 5024 διὰ

2085 5021 2243 5075 τοῦτο
2272 5025 2397 5093 τοὺς
2426 5021 2641 5086 δούλους
2670 5021 2901 5093 εὐλόγως
2950 5022 3177 5093 σώματα
3220 5021 3500 5093 ἐκάλεσαν,
3549 5022 3646 5074 σὺν

2085 5093 2260 5165 ψυχῇ,
2295 5092 2381 5165 ἵνα
2408 5093 2553 5165 δείξῃ
2574 5094 2669 5164 τὴν
2698 5090 2892 5165 χρῆσιν
2912 5090 3331 5165 τῶνσωμάτων.
3382 5090 3647 5165 C0nsl_r_u—

2087 5160 2291 5216 ctionis
2334 5164 2477 5231 leges
2498 5160 2803 5232 postulant,
2828 5162 3071 5216 ἐκάλεσε.
3112 5160 3354 5232 Alterum
3378 5176 3496 5232 cap.
3532 5160 3596 5213 78
3628 5177 3642 5213 :

2088 5233 2197 5305 Kal
2224 5230 2650 5305 πάλινίελτιιὶθενᾼὴ
2682 5234 3033 5305 ἀνθρωπότης
3052 5232 3234 5305 καλεῖν
3252 5230 3647 5305 τὸν-ἄνθρωπον

2088 5298 2208 5373 ἀπὸᾼ
2238 5301 2351 5373 τοῦί
2374 5302 2490 5373 ἐνὸς
2530 5298 2796 5373 ὀνόματος
2827 5298 3052 5373 (repono
3100 5299 3388 5373 σώματος),
3439 5298 3646 5373 ὅτιΔΔε-

2086 5371 2498 5494 ἵπόςηςέστὶν
2512 5368 2876 5441 ὀγδοήκοντα
2891 5368 3193 5442 ἀωμάτων,
3214 5371 3274 5422 οὺ
3295 5368 3508 5431 πάντως
3518 5369 3643 5422 ἄνευ

2127 5458 2268 5494 υγων
2276 5479 2287 5492 .
2365 5457 2435 5494 OT
2443 5481 2457 5494 α

2127 5458 2287 5496 υγων.
2322 5457 2457 5496 [βοΐ.

2101 5458 2287 5509 ρυχων.
2322 5458 2457 5496 ιιοτ.

2101 5578 2109 5583 _
2156 5511 2233 5577 (8)
2265 5509 2490 5583 Πάοης.
2516 5511 2673 5583 Alter
2698 5513 2821 5567 cod.
2857 5513 3039 5583 ἄλλης,
3086 5511 3178 5580 qui
3222 5519 3275 5565 et
3317 5518 3644 5583 postea__pro

2087 5577 2404 5652 Satitovntﬁg
2427 5577 2603 5652 habet
2645 5583 2956 5652 σατανικῆς.
2978 5577 3123 5648 Ὠιιξὲ
3138 5577 3449 5652 _oslcndunt
3477 5578 3645 5632 librao

2087 5648 2290 5701 riorum
2324 5658 2416 5703 aut
2447 5651 2762 5706 criticorum
2786 5648 3089 5709 audaciam.
3122 5650 3290 5706 Ctsn.
