4080 6266
440 450 555 508 757‘

1312 446 1910 507 CONSTITUTIONES
1945 446 2417 505 APOSTOLICIE.
2456 447 2676 505 —LIB.
2720 448 2809 504 III.

3562 455 3666 512 758

432 563 694 637 ἀσθενὴς,
750 565 846 636 τὴν
874 563 1065 633 σοφίαν
1088 563 1365 634 τιμήσασα
1394 562 1641 635 προήχθη
1662 563 1792 635 (15).
1833 582 1853 613 ι
1899 563 2005 614 Καὶ

2107 560 2292 630 jaces;
2318 562 2538 630 quando
2567 570 2747 618 autem
2777 578 2808 618 e
2839 578 3034 618 somno
3052 564 3419 621 excitaberis‘i-
3439 565 3665 624 Paulum

433 658 566 730 ἑξῆς
595 675 612 692 ο
652 674 672 710 ι
711 657 854 721 Ἕως
881 656 1043 721 πότε,
1063 655 1291 727 ὀκνηρὲ,
1321 656 1672 720 κατάκεισαις
1705 655 1832 707 πότε
1861 653 1917 706 δὲ
1944 654 2011 718 ἐξ

435 749 608 804 ὕπνου
635 748 938 820 ὲγερθήσῃς
980 747 1187 815 Ὀλίγον
1218 746 1315 818 μὲν
1345 748 1552 809 ὑπνοῖς,
1587 746 1762 814 ὀλίγον
1789 745 1843 797 δὲ
1872 745 2005 799 κάθ-

430 859 597 913 ησαι,
648 840 841 912 μικρὸν
894 840 952 893 δὲ
996 840 1311 903 νυστάζεις,
1357 838 1534 907 ὀλίγον
1585 838 1642 890 δὲ
1679 836 2002 911 ἐναγκαλίςῃ

433 933 590 1004 χερσὶ
639 931 834 1003 στήθηο
886 926 1003 990 εἶτα
1048 932 1408 1003 παραγίνεταί
1471 949 1552 987 σοι
1595 931 1782 1003 ὥσπερ
1835 933 2004 997 κακὸς

432 1022 711 1095 ὀδοιπόρος
759 1024 793 1094 ἡ
847 1023 1036 1087 πενία,
1090 1025 1185 1077 καὶ
1256 1026 1290 1095 ἡ
1348 1022 1519 1077 ἔνδεια
1570 1022 1756 1095 ὥσπερ
1804 1023 2005 1091 ἀγαθὸς

434 1114 689 1187 δρομεύς.
711 1113 834 1167 Ἐὰν
860 1113 916 1168 δὲ
944 1115 1135 1178 ἄοκνος
1164 1110 1259 1188 ᾗς,
1288 1113 1405 1191 ἥξει
1434 1112 1620 1185 ὥσπερ
1646 1113 2001 1186 ηγὴόὰμης

436 1205 527 1269 to;
574 1222 667 1259 σου
685 1244 701 1269 ,
730 1206 823 1264 καὶ
853 1207 892 1275 ἡ
918 1204 1098 1284 ἔνδειαν
1142 1205 1329 1278 ὥσπερ
1367 1206 1535 1270 κακὸς
1584 1207 1723 1279 ἀνὴρ
1767 1207 2006 1262 ἀπαυτο-

442 1298 682 1369 μολήσει.
724 1317 743 1350 ι
777 1299 887 1351 Καὶ
915 1298 1096 1357 πάλιν·
1133 1318 1152 1351 ι
1201 1300 1258 1352 Ὁ
1286 1298 1647 1370 ἐργαζόμενος
1682 1298 1778 1371 τὴν
1809 1301 2002 1355 ἑαυτοῦ

438 1390 561 1463 γῆ),
576 1389 944 1461 πλησθήσεται
963 1389 1206 1461 ἄρτωνῴ
1234 1391 1344 1443 Καὶ
1373 1393 1430 1443 ὲν
1457 1390 1635 1454 ἄλλοις
1662 1393 1846 1463 φησίν⁸
1877 1411 1896 1445 ι
1946 1394 2002 1448 '0

437 1480 605 1552 ἀργὸς
650 1481 940 1552 περιέλαϐε
981 1481 1080 1545 τὰς
1109 1484 1297 1554 χεῖρας
1325 1480 1550 1546 ἑαυτοῦ,
1584 1484 1678 1537 καὶ
1713 1483 1881 1553 ἔφαγε
1908 1485 2005 1549 τὰς

438 1572 648 1643 σάρκας
690 1570 875 1625 αὑτοῦ.
917 1592 935 1624 ι
970 1573 1080 1625 Καὶ
1125 1572 1268 1643 ἑξῆς·
1315 1592 1333 1626 ι
1370 1572 1599 1645 Κρύψας
1640 1574 1867 1647 ὀκνηρὸς
1907 1576 2005 1647 τὴν

436 1666 595 1734 χεῖρα
629 1661 825 1727 αὐτοῦ,
876 1664 937 1717 οὐ
965 1663 1249 1736 δυνήσεται
1280 1664 1598 1734 ἀπενεγκεῖν
1626 1666 1783 1728 είςτό
1833 1667 2005 1738 στόμα

435 1752 622 1807 αὑτοῦ.
640 1754 773 1807 »Καὶ
792 1754 970 1809 πάλιν·
998 1757 1103 1809 «Δι’
1124 1756 1321 1828 ἀργίαν
1342 1757 1535 1828 χειρῶν
1545 1757 2003 1829 ταπεινωθήσεται

434 1846 468 1915 ὴ
499 1845 742 1910 δόκωσις.
784 1865 802 1897 ι
850 1844 1173 1919 Ἐργάζεσθε
1190 1843 1281 1901 οὖν
1311 1847 1616 1920 ἐνδελεχῶςο
1637 1848 2005 1921 ἀθεράπευτος

2104 653 2322 722 quidem
2353 654 2581 718 dormis,
2610 654 2831 724 paulum
2855 661 3035 709 autem
3059 655 3237 721 sedes,
3269 671 3458 726 parum
3485 668 3663 715 autem

2104 743 2390 807 dormitas,
2434 745 2655 815 paulum
2686 752 2868 800 autem
2899 745 3247 818 amplecteris
3290 748 3544 804 manibus
3575 766 3668 821 pe-

2104 835 2520 892 ctorazdeinde
2568 836 2789 891 advenit
2832 836 2934 891 tibi
2983 845 3245 907 tanquam
3293 839 3471 893 malus
3494 840 3669 896 viator

2102 933 2416 996 paupertas,
2464 934 2521 983 et
2547 936 2764 999 egestas
2814 935 3073 999 tanquam
3130 930 3308 985 bonus
3341 945 3557 988 cursor.
3610 932 3666 988 Si

2103 1034 2235 1075 vero
2268 1020 2497 1091 impiger
2524 1019 2716 1087 fueris,
2748 1022 2929 1078 veniet
2960 1029 3020 1076 ut
3062 1021 3185 1078 fons
3228 1023 3427 1079 messis
3465 1030 3583 1090 tua,
3613 1036 3669 1084 et

2103 1117 2319 1181 egestas
2349 1110 2510 1181 quasi
2548 1111 2727 1167 malus
2758 1112 2844 1167 vir
2886 1111 3128 1184 aufugiat
3151 1114 3220 1167 ⁵⁸.
3260 1132 3281 1167 ι
3324 1113 3392 1168 Et
3423 1115 3665 1174 iterum:

2110 1220 2129 1255 ι
2166 1202 2269 1270 Qui
2289 1211 2546 1275 operatur
2562 1211 2765 1260 terram
2785 1219 2962 1271 suam,
2980 1205 3279 1276 replebitur
3307 1207 3617 1278 panibus".
3643 1230 3662 1263 ι

2105 1294 2173 1350 Ει
2196 1297 2303 1352 alio
2325 1296 2381 1351 in
2412 1296 2532 1353 loco
2558 1295 2636 1351 ait
2666 1314 2680 1351 :
2717 1314 2738 1351 ι
2782 1296 3002 1353 Otiosus
3027 1297 3344 1368 complexus
3367 1307 3453 1355 est
3470 1317 3667 1358 manus

2105 1401 2259 1451 suas,
2304 1396 2358 1443 et
2395 1387 2635 1443 comedit
2686 1401 2883 1444 carnes
2926 1403 3056 1443 suas
3075 1390 3142 1443 ⁵ο.
3185 1408 3204 1441 ι
3248 1387 3314 1444 Et
3355 1398 3662 1459 praeterea:

2110 1496 2129 1530 ι
2174 1478 2334 1550 Piger
2378 1479 2473 1549 qui
2522 1479 2811 1535 abscondit
2849 1495 3069 1534 manum
3106 1494 3286 1547 suam,
3323 1497 3436 1538 non
3467 1485 3666 1553 poterit

2103 1585 2225 1625 eam
2252 1570 2465 1627 deferre
2493 1570 2562 1626 ad
2589 1587 2652 1628 os
2680 1588 2839 1628 suum
2858 1568 2929 1628 “.
2966 1591 2987 1625 ι
3029 1571 3096 1626 Et
3124 1572 3302 1629 adhuc
3327 1593 3341 1630 :
3378 1593 3397 1629 ι
3430 1575 3662 1648 Pmpter

2103 1662 2389 1733 segnitiem
2430 1666 2712 1732 manuum,
2768 1663 3124 1719 inclinabitur
3167 1667 3505 1737 contignatio
3525 1667 3600 1721 ".
3640 1690 3657 1721 ο

2105 1754 2276 1825 Igitur
2309 1757 2611 1828 operamini
2659 1756 2879 1814 assidue
2912 1775 2926 1812 :
2962 1757 3335 1827 irreparabilis
3384 1759 3531 1814 enim
3580 1771 3664 1816 est

2105 1847 2241 1917 pigri
2272 1847 2518 1905 infamia.
2568 1847 2629 1902 Si
2655 1849 2779 1920 quis
2822 1857 3003 1904 autem
3050 1863 3162 1904 non
3208 1857 3489 1921 operatur,
3520 1853 3663 1922 apud

434 1937 544 2009 γάρ
572 1940 718 1992 ἐστιν
760 1937 931 2010 ἀργοῦ
980 1938 1188 2009 μῶμος.
1220 1939 1283 1991 Εί
1326 1938 1382 1991 δέ
1426 1955 1510 2002 τις
1554 1938 1629 2011 μὴ
1674 1940 1991 2011 ἐργάζεται,

2101 1937 2263 1999 vos,is
2288 1954 2401 1995 non
2430 1938 2722 1995 manducet
2735 1937 2806 1995 ⁸³.
2837 1938 3055 1996 Otiosos
3098 1940 3249 1996 enim
3296 1939 3425 1996 odio
3470 1956 3661 2013 prose-

433 2025 589 2093 οἶιτος
617 2031 748 2102 παρ’
773 2031 899 2101 ὑμῖν
933 2029 1007 2101 μὴ
1053 2029 1294 2083 ἐσθιέτω.
1340 2032 1565 2102 Ἀργοὺς
1594 2030 1702 2103 γὰρ
1735 2036 1882 2103 μισεῖ
1908 2034 2002 2088 καὶ

432 2122 462 2175 ὁ
490 2119 691 2192 Κύριος
716 2121 745 2173 ὀ
770 2120 903 2184 Θεὸς
926 2120 1106 2192 ἡμῶν⁹
1126 2114 1303 2192 ἀργὸς
1331 2121 1440 2193 γὰρ
1486 2119 1624 2176 εῖναι
1661 2124 1761 2176 οὐκ
1797 2123 2000 2193 ὀφείλει

433 2212 607 2275 οὐδεὶς
631 2212 737 2266 τῶν
766 2211 884 2283 Θεῷ
913 2213 1379 2286 προσανεχόντων.

435 2412 473 2459 υ
502 2325 724 2454 Ἱῦωἰιί.
752 2328 785 2384 9
818 2336 873 2384 et
899 2343 1014 2400 seq.
1088 2328 1137 2363 "
1173 2327 1333 2385 Prov.
1368 2344 1466 2394 xu,
1494 2329 1581 2385 II.

478 2416 516 2459 ι,
596 2441 609 2453 .

478 2416 609 2464 ι,ιυ.

2104 2031 2290 2102 quitur
2317 2030 2580 2087 Dominus
2598 2031 2743 2089 Deus
2763 2039 2987 2100 noster;
3016 2047 3119 2087 nec
3146 2033 3327 2106 segnis
3357 2048 3480 2092 esse
3505 2033 3664 2090 debet

2104 2125 2394 2196 quisquam
2424 2139 2612 2187 eorum
2641 2124 2736 2196 qui
2764 2123 2933 2179 Deum
2958 2123 3166 2180 colunt.

1677 2328 1722 2361 “
1758 2328 1933 2387 Eccle.
1949 2344 2002 2383 Iv

2101 2371 2112 2384 .
2209 2327 2253 2361 ⁶¹
2277 2326 2441 2383 Prov.
2465 2339 2580 2393 nx,
2615 2320 2707 2381 24.
2784 2324 2829 2356 ⁸³
2867 2321 3044 2380 Eccle.
3068 2324 3223 2387 x,18.
3301 2325 3348 2356 ⁸⁸
3379 2323 3424 2379 11
3456 2310 3663 2383 Thess.

1737 2430 2101 2490 VARIORUM
2132 2431 2368 2490 NOTAE.

508 2528 619 2599 (I5)
650 2528 765 2597 Τὴν
807 2526 1031 2596 σοφίαν
1076 2524 1379 2595 τιμήσασα
1428 2523 1716 2594 προήχθη.
1745 2522 1958 2577 Omissa
1990 2520 2005 2574 I

2101 2541 2105 2571 ι
2133 2521 2187 2575 in
2216 2521 2389 2576 altero
2417 2536 2524 2578 ms.
2550 2519 2975 2577 Vindobonensi.
3001 2521 3169 2578 Casa.

664 2760 1008 2813 ΚΕΦΑΛΑΙΑ
1036 2758 1172 2813 ΤΟΥ
1202 2757 1452 2812 ΤΡΙΤΟΥ
1480 2756 1771 2809 ΒΙΒΛΙΟΥ.

431 2988 518 3054 β’.
557 2989 688 3042 Ὀτί
720 2986 1109 3057 παραιτητέον
1143 2984 1430 3055 καθιστᾶν
1466 2985 1752 3054 νεωτέρας
1785 2982 1971 3053 χήρας
1987 3026 2003 3051 ,

510 3079 608 3135 διὰ
635 3079 699 3133 τὸ
730 3080 1016 3135 ὕποπτον.

438 3170 511 3243 τ’.
560 3173 801 3238 Ὀποίας
826 3173 977 3226 εἶναι
1013 3168 1131 3241 χρὴ
1175 3170 1280 3242 τὰς
1313 3168 1502 3243 χήρας
1515 3211 1530 3235 ,
1560 3168 1659 3225 καὶ
1685 3168 1843 3238 ὅπως
1870 3166 1996 3222 ἐπι-

509 3262 851 3335 κουρεῒσθαι
879 3262 1039 3337 παρὰ
1064 3261 1169 3316 τοῦ
1196 3261 1549 3323 ἐπισκόπου.

437 3351 507 3407 δι.
543 3356 661 3409 Ὅτι
694 3354 870 3410 πάνθ’
902 3352 1226 3415 ὁντιναοῦν
1242 3350 1419 3420 ἐνδεῆ
1445 3352 1708 3406 εὐποιεῖν
1736 3353 1874 3422 χρή.

441 3442 506 3496 ε’.
543 3443 659 3497 Ὅτι
680 3445 781 3498 καὶ
806 3444 912 3500 τοῦ
941 3444 1124 3513 ἤθους
1148 3442 1539 3513 ἐπιμελητέον
1556 3442 1669 3511 τὴν
1695 3444 1909 3512 χήραν.

440 3531 527 3601 ς’ς,
541 3535 659 3592 Ὀτι
682 3536 753 3600 οὐ
774 3535 890 3605 χρὴ
910 3536 1194 3607 γυναῖκας
1212 3533 1520 3589 διδάσκειν
1538 3573 1555 3600 ,
1587 3534 1850 3601 ἀπρεπὲς

507 3627 612 3683 καὶ
627 3626 791 3686 ποῖαι
822 3626 1103 3697 γυναῖκες
1124 3627 1363 3682 εἵποντο
1382 3623 1462 3691 τῷ
1487 3623 1702 3693 Κυρίῳ.

444 3794 519 3870 ζ’.
556 3793 685 3853 οἶαί
704 3801 860 3853 εἰσιν
879 3803 938 3855 al
957 3802 1348 3872 ψευδοχῆραι.

441 3887 519 3960 η’.
554 3890 671 3945 Ὅτι
698 3894 771 3946 οὐ
792 3891 908 3962 χρὴ
938 3894 1098 3962 παρὰ
1116 3895 1380 3960 ἀναξίων
1404 3897 1729 3966 λαμϐάνειν
1764 3896 1877 3967 τὴν
1903 3898 2013 3969 χήο

503 3999 644 4051 ραν,
673 3982 713 4052 ἢ
746 3983 854 4037 τὸν
880 3984 1235 4054 ἐπίσκοπον,
1260 3988 1298 4056 ἢ
1333 3987 1523 4043 ἄλλον
1542 3978 1781 4045 πιστόν.

443 4073 511 4131 θ’.
542 4076 670 4129 ’Ὅτι
696 4079 767 4130 οὐ
797 4077 910 4146 χρὴ
942 4080 1228 4148 γυναῖκας
1261 4082 1568 4145 βαπτίζειν
1589 4100 1604 4114 θ
1640 4084 1853 4151 ἀσεϐὲς
1874 4086 2004 4155 γὰρ,

509 4167 607 4220 καὶ
630 4167 741 4237 τῆς
769 4170 1023 4236 Χριστοῦ
1052 4169 1443 4239 διδασκαλίας
1466 4174 1803 4243 ἀλλότριον.

443 4254 496 4312 ι’.
532 4258 651 4311 Ὀτι
670 4260 742 4312 οὐ
766 4258 881 4327 χρὴ
903 4260 1119 4314 λαϊκόν
1138 4262 1328 4317 ποιεῖν
1350 4265 1645 4332 ἱερατικὸν
1670 4267 1845 4337 ἔργον
1864 4285 1877 4299 ’
1894 4269 2008 4333 βά-

511 4364 755 4419 πτισμα,
779 4350 818 4419 ἢ
840 4352 1079 4418 θυσίαν,
1101 4353 1139 4423 ἣ
1160 4357 1551 4425 χειροθεσίαν,
1573 4356 1611 4426 ἢ
1633 4359 1936 4428 εὐλογίαν.

442 4519 534 4575 ια’.
567 4523 695 4576 Ὀτι
719 4522 886 4593 πλὴν
907 4523 1243 4579 ἐπισκόπου
1278 4522 1317 4592 ἢ
1348 4523 1768 4593 πρεσϐυτέρου,
1802 4526 2003 4582 οὐδενὶ

505 4615 624 4670 τῶν
649 4615 878 4672 λοιπῶν
902 4616 1200 4686 κληρικῶν
1234 4616 1641 4685 ἐπιτέτραπται
1669 4617 1741 4671 τὰ
1770 4617 1887 4672 τῶν
1915 4621 1995 4674 ίε-
2025 4612 2072 4671 D

500 4710 658 4778 ρέων
694 4710 987 4780 ἐνεργεῖν·
1033 4708 1101 4764 τὸ
1142 4708 1211 4763 δὲ
1256 4708 1617 4778 χειροτονεῖν
1653 4710 1817 4780 μόνῳ
1868 4709 2001 4777 ἐπι-

508 4801 721 4866 σκόπῳ
746 4798 1057 4869 προσήκει,
1082 4797 1261 4867 ἑτέρῳ
1286 4797 1354 4853 δὲ
1390 4796 1612 4852 οὐδενί.

435 4890 502 4945 ιϐ’
509 4931 523 4944 .
564 4890 885 4960 Ἀποτροπή
906 4891 1269 4957 βασκανίας.

2520 2752 2764 2810 CAPITA
2796 2754 2973 2809 LIBRI
3004 2755 3252 2814 TERTII.

2102 2979 2167 3035 Il.
2211 2980 2363 3051 Quod
2393 2981 2677 3035 cavendum
2707 2982 2797 3046 sit,
2834 2998 2897 3036 ne
2924 2982 3040 3051 quis
3066 2981 3247 3037 viduas
3271 2984 3512 3053 juniores
3536 3006 3662 3042 con--

2174 3073 2386 3136 stituat,
2416 3080 2626 3141 propter
2654 3074 3021 3141 suspicionem.

2100 3163 2189 3221 III.
2232 3164 2427 3232 Quales
2452 3182 2563 3220 esse
2592 3175 2825 3234 oporteat
2851 3166 3057 3234 viduas,
3085 3177 3135 3223 et
3159 3169 3416 3239 quomodo
3452 3171 3518 3223 ab
3562 3174 3663 3241 epi-

2023 3275 2065 3333 ο
2169 3273 2323 3326 scopo
2354 3256 2573 3312 debeant
2602 3257 2868 3327 adjuvari.

2097 3345 2185 3408 IV.
2230 3349 2382 3415 Quod
2410 3359 2645 3419 oporteat
2671 3352 2949 3422 unicuique
2972 3352 3224 3427 indigenti
3255 3354 3571 3424 benefacere.

2097 3438 2165 3495 ν.
2207 3440 2362 3507 Quod
2394 3440 2561 3497 viduae
2588 3443 2823 3512 probitas
2855 3460 3059 3499 morum
3082 3461 3225 3500 curae
3254 3463 3366 3501 esse
3388 3447 3587 3505 debeat.

2097 3529 2187 3587 VI.
2213 3532 2364 3599 Quod
2388 3550 2491 3587 non
2517 3543 2751 3603 oporteat
2774 3534 3259 3606 mulieres_docendi
3280 3540 3461 3610 ofﬁcio
3483 3541 3661 3614 fungi;

2166 3624 2468 3685 indecorum
2513 3628 2655 3688 enim
2684 3643 2797 3682 esse
2817 3642 2836 3681 :
2858 3637 2909 3686 et
2955 3629 3137 3700 quales
3180 3633 3428 3689 mulieres
3473 3633 3662 3690 Domi-

2167 3733 2293 3770 num
2320 3718 2685 3789 sequebantur.

2100 3806 2213 3864 VII.
2256 3810 2451 3877 Quales
2480 3813 2588 3869 sint
2615 3813 2769 3882 falsa:
2798 3813 2988 3871 vidule.

2098 3897 2236 3956 VIII.
2279 3902 2432 3969 Quod
2459 3920 2562 3957 non
2608 3912 2843 3970 oporteat
2872 3916 2930 3959 ut
2968 3906 3033 3960 ab
3061 3907 3290 3979 indignis
3325 3909 3551 3981 accipiat
3585 3915 3661 3969 ui-

2163 3992 2293 4057 dua,
2323 3993 2402 4047 vel
2433 3996 2725 4065 cpiscopus.
2757 3996 2835 4050 uel
2864 3997 3003 4051 alius
3040 3998 3233 4067 ﬁdelis.

2098 4084 2188 4140 IX.
2232 4087 2383 4153 Quod
2439 4104 2542 4141 non
2595 4096 2828 4156 oporteat
2868 4097 2927 4141 ut
2967 4089 3209 4143 mulieres
3258 4090 3527 4160 baptizent
3557 4110 3576 4148 :
3605 4095 3659 4148 id

2167 4180 2303 4232 enim
2332 4179 2583 4247 impium,
2613 4189 2663 4235 et
2694 4195 2727 4232 a
2757 4177 3001 4233 doctrina
3028 4178 3227 4234 Christi
3263 4183 3518 4241 alienum.

2098 4268 2165 4324 X.
2209 4270 2362 4337 Quod
2393 4287 2496 4325 non
2524 4271 2706 4325 debeat
2739 4273 2908 4325 laicus
2940 4287 3069 4341 opus
3096 4273 3423 4329 sacerdotale
3450 4276 3657 4345 facere;

2184 4364 2465 4431 baptisma,
2497 4372 2589 4417 aut
2623 4363 2969 4434 sacriﬁcium,
3004 4373 3096 4417 aut
3140 4380 3328 4420 manus
3366 4367 3657 4435 impositio-

2166 4469 2303 4518 nem,
2329 4463 2422 4508 aut
2447 4453 2868 4510 benedictionem.

2098 4542 2190 4601 XI.
2235 4544 2387 4611 Quod
2413 4555 2758 4616 prwterquam
2787 4547 3026 4616 episcopo
3052 4557 3144 4601 aut
3165 4547 3486 4619 presbytero,
3520 4551 3655 4605 nulli

2163 4645 2473 4691 cwterorum
2502 4638 2809 4693 clericorum
2841 4640 2996 4694 liceat
3023 4656 3138 4711 qua:
3168 4649 3289 4695 sunt
3323 4640 3652 4696 sacerdotum

2160 4745 2397 4801 exercere
2425 4746 2443 4784 :
2475 4741 2525 4785 et
2560 4731 2697 4802 quod
2744 4731 3010 4800 ordinare,
3050 4733 3154 4789 soli
3188 4732 3427 4802 episcopo
3472 4750 3655 4789 conue-

2162 4822 2295 4886 niat,
2329 4822 2463 4877 nulli
2491 4840 2607 4878 vero
2642 4822 2758 4879 alii.

2093 4911 2208 4968 XII.
2252 4914 2556 4970 Dehortatio
2586 4914 2651 4968 ab
2679 4914 2900 4971 invidia.

435 4980 524 5051 ιγ’.
559 4984 757 5051 Ὅπως
781 4984 876 5038 δεῖ
896 4988 1333 5055 προσεύχεσθαι
1356 4984 1462 5053 τὰς
1484 4997 1674 5057 χηρας
1706 4987 2001 5057 ὑπὲροτῶν

2101 5005 2232 5061 XIII.
2274 5007 2549 5073 Quomodo
2576 5017 2813 5077 oporteat
2835 5005 3021 5061 viduas
3053 5022 3206 5060 orare
3232 5022 3327 5075 pro
3357 5006 3423 5060 iis
3449 5008 3538 5076 qui
3561 5025 3650 5063 ne-

504 5073 789 5129 διδόντων
806 5075 879 5130 τὰ
905 5075 1053 5145 πρὸς
1086 5077 1191 5143 τὰς
1220 5077 1442 5147 χρείας.

2160 5100 2392 5152 cessaria
2418 5100 2673 5154 tribuunt.

437 5164 528 5220 ιδ’.
561 5167 690 5220 Ὅτι
715 5168 787 5221 οὐ
815 5166 932 5237 χρὴ
964 5166 1297 5236 κομπάζειν,
1326 5168 1425 5222 καὶ
1459 5167 1905 5237 περιαγγέλλειν
1929 5167 1996 5220 τὸ

2101 5187 2231 5245 XIV.
2275 5189 2428 5256 Quod
2464 5191 2750 5245 secundum
2798 5188 3013 5244 Domini
3054 5191 3505 5255 constitutionem,
3547 5206 3651 5245 non

502 5257 724 5328 έαυτῆς
753 5258 959 5329 ὄνομα,
994 5258 1104 5328 τὴν
1136 5260 1635 5329 καρποφοροῦσαν
1652 5300 1667 5326 ,
1695 5259 1841 5314 κατὰ
1882 5258 1997 5329 τὴν

502 5348 611 5404 τοῦ
631 5350 851 5419 Κυρίου
877 5350 1162 5417 διάταξιν.

434 5443 516 5490 ιε’.
550 5437 679 5490 Ὅτι
703 5437 969 5515 ἀπρεπὲς
998 5438 1065 5494 τὸ
1083 5438 1376 5509 λοιδορεῖν
1412 5438 1518 5494 τὸν
1540 5439 1804 5508 πλησίον
1821 5456 1835 5470 ⁸
1888 5440 1995 5495 ἁλ-

503 5529 741 5596 λότριον
766 5530 875 5599 γὰρ
900 5529 1263 5599 Χριστιανῶν
1281 5530 1349 5586 τὸ
1368 5530 1751 5600 καταρᾶσθαι.

434 5617 531 5683 ις’.
563 5620 703 5687 Περὶ
716 5622 999 5691 μυήσεως
1026 5622 1187 5688 θείας
1213 5621 1320 5675 τοῦ
1355 5622 1527 5692 ἁγίου
1556 5623 1989 5693 βαπτίσματος.

432 5706 523 5773 ιζ’.
552 5712 740 5766 Ποίαν
762 5715 960 5768 αἰτίαν
977 5714 1101 5784 ἔχει
1129 5713 1195 5768 τὸ
1226 5716 1311 5782 είς
1339 5714 1445 5769 τὸν
1486 5717 1741 5785 Χριστὸν
1776 5717 1993 5782 βάπτι-

498 5818 626 5873 σμα
646 5820 661 5835 ·
696 5804 799 5861 καὶ
833 5804 987 5860 διατί
1024 5805 1138 5864 τῶν
1165 5806 1237 5863 ἐν
1272 5807 1431 5874 αὐτῷ
1455 5807 1715 5864 ἕκαστον
1737 5809 1989 5883 λέγεται,

499 5895 599 5951 καί
624 5896 952 5966 πράττεται.

2161 5279 2342 5334 debeat
2355 5281 2566 5351 jactare
2586 5298 2661 5347 se,
2691 5297 2782 5337 nec
2811 5297 2998 5336 nomen
3028 5297 3179 5336 suum
3204 5280 3514 5363 prwdipare,
3534 5298 3651 5353 qua:

2160 5390 2347 5429 manus
2376 5373 2581 5430 tribuit.

2089 5507 2204 5565 XV.
2247 5509 2400 5576 Quod
2429 5527 2531 5564 non
2560 5510 2738 5565 deceat
2781 5509 3085 5578 conviciari,
3109 5509 3345 5581 proximo
3372 5522 3393 5563 .°
3417 5507 3650 5572 alienum

2157 5604 2295 5656 enim
2326 5619 2438 5657 esse
2464 5620 2497 5656 a
2525 5601 2873 5665 Christianis,
2899 5601 3223 5657 maledicere.

2091 5693 2230 5750 XVI.
2274 5694 2351 5749 De
2372 5694 2550 5747 divina
2579 5695 2750 5748 sancti
2781 5693 3113 5771 baptismatis
3151 5692 3469 5767 initiatione.

2088 5809 2252 5866 XVII.
2296 5811 2467 5877 Quam
2492 5826 2721 5863 causam.
2736 5809 2930 5864 habeat.
2952 5808 3241 5877 baptismus
3267 5809 3319 5861 in
3347 5810 3645 5864 Christum:

2159 5911 2209 5959 et
2238 5918 2401 5974 quare
2430 5902 2716 5974 singulisin
2750 5919 2808 5957 eo
2843 5910 2891 5961 et
2914 5901 3180 5967 dicantur,
3212 5913 3261 5957 et
3301 5902 3455 5969 ﬁant.
