4064 6264
567 438 676 494 767
1420 432 1479 493 8.
1510 434 1900 492 CLEMENTIS
1932 437 1950 490 Ι
1992 434 2155 491 BOM.
2197 436 2400 492 PONT.
2434 435 2664 492 OPERA
2697 436 2924 492 DUBIA.
3685 444 3783 502 768

562 559 619 611 in
651 559 872 610 domum
904 565 1079 611 tuam.
1132 550 1189 610 Si
1221 560 1402 611 autem
1434 555 1636 611 videris
1661 557 1890 618 nudum,
1923 557 2072 625 operi
2108 574 2118 623 ;

2230 557 2396 627 ματός
2433 574 2522 610 σου
2551 559 2649 628 οὐχ
2689 557 2952 629 ὑπερόψῃ·
2994 575 3013 609 ι
3053 557 3148 610 καὶ
3178 536 3264 609 διά
3306 554 3399 609 τοῦ
3421 557 3618 628 Δανιὴλ
3649 558 3791 628 λέγει

560 657 618 705 et
638 648 973 703 domesticos
1008 648 1231 702 seminis
1252 649 1330 701 tui
1361 663 1430 702 ne
1458 648 1772 717 despexeris
1799 648 1873 712 ";
1898 666 1917 698 ι
1947 658 2001 702 et
2028 662 2118 716 per

2224 647 2301 719 τῷ
2342 648 2597 720 δυνάστῃ·
2636 666 2654 699 ι
2704 650 2814 712 Διὸ,
2864 648 3103 718 βασιλεῦ,
3134 649 3166 717 ή
3198 646 3358 719 βουλή
3416 664 3516 719 μου
3548 650 3794 720 ὰρεσάσιοιι

565 740 841 794 Danielem
874 739 1006 793 dicit
1041 738 1275 807 principi
1318 757 1331 792 :
1364 757 1381 789 ι
1420 737 1629 792 idcirco
1677 754 1794 800 rex,
1834 738 2120 793 consilium

565 846 743 885 meum
778 830 987 899 placeat
1031 830 1127 883 tibi
1159 841 1210 883 et
1244 837 1461 898 peccata
1500 837 1592 883 tua
1632 830 1991 900 eleemosynis
2036 836 2125 884 're-

564 922 730 985 dimc,
782 930 834 976 et
891 920 1205 989 iniquitates
1253 927 1375 975 tuas
1425 920 1873 975 miserationibus
1922 936 2125 989 paupe-

565 1029 686 1067 rum
721 1013 798 1079 ⁷⁸;
830 1032 849 1063 ι
880 1020 934 1066 et
964 1028 1059 1081 per
1089 1010 1431 1065 Salomonem
1464 1012 1538 1064 ait
1567 1031 1579 1064 :
1622 1030 1641 1063 ι
1674 1011 2040 1082 Eleemosynis
2072 1020 2124 1066 et

566 1105 669 1157 title
698 1111 995 1173 purgantur
1027 1110 1246 1172 peccata
1276 1102 1351 1169 ";
1390 1124 1408 1154 ι
1433 1112 1486 1157 et
1522 1119 1617 1172 per
1646 1102 1900 1157 Davidem
1928 1104 2123 1158 iterum

564 1194 696 1248 dicit
729 1214 741 1247 :
773 1213 791 1244 ι
822 1193 1015 1247 Beatus
1046 1195 1138 1262 qui
1171 1194 1421 1263 intelligit
1452 1209 1617 1263 super
1646 1209 1875 1262 egenum
1906 1201 1960 1249 et
1991 1210 2126 1256 pau-

562 1301 744 1356 perem
772 1303 785 1337 :
814 1286 865 1339 in
898 1285 985 1340 die
1012 1286 1152 1338 mala
1190 1285 1443 1339 liberabit
1473 1300 1595 1339 eum
1630 1284 1891 1338 Dominus
1913 1284 1994 1351 7‘;
2027 1304 2045 1337 ›
2073 1292 2127 1339 et

563 1394 756 1432 rursus
784 1397 796 1431 :
834 1395 851 1427 ι
885 1376 1168 1446 Dispersit,
1204 1376 1351 1430 dedit
1383 1376 1745 1445 pauperibus;
1773 1376 1983 1445 justitia
2006 1375 2125 1444 ejus

562 1476 745 1523 manet
775 1469 828 1521 in
860 1469 1113 1522 saeculum
1143 1468 1229 1533 7‘;
1270 1487 1286 1517 ι
1317 1467 1576 1521 Salomon
1604 1469 1767 1521 etiam
1814 1468 1925 1520 ait:
1960 1485 1978 1517 ι
2013 1466 2115 1532 Qui

561 1560 851 1614 miseretur
895 1560 1169 1629 pauperis,
1206 1558 1435 1613 Domino
1468 1556 1781 1613 feneratur:
1825 1559 2124 1614 secundum

562 1662 741 1708 autem
794 1652 979 1705 datum
1027 1651 1148 1721 ejus
1184 1650 1524 1705 retribuetur
1565 1650 1612 1705 ei
1646 1651 1721 1714 "';
1770 1668 1787 1701 ι
1828 1658 1883 1704 et
1935 1649 2120 1707 i'nfra:

567 1764 586 1795 ι
617 1744 718 1809 Qui
750 1744 970 1797 obturat
1000 1758 1161 1798 aures
1194 1758 1344 1805 suas,
1368 1758 1434 1796 ne
1462 1742 1648 1795 audiat
1678 1741 2030 1812 indigentem,
2074 1750 2126 1796 et

561 1836 676 1906 ipse
702 1835 994 1900 invocabit,
1017 1844 1070 1890 et
1092 1850 1200 1889 non
1222 1835 1327 1889 erit
1349 1834 1442 1904 qui
1464 1832 1717 1888 exaudiat
1739 1849 1862 1888 eum
1892 1833 1957 1887 ⁷⁸.
1998 1852 2017 1885 ι

1168 2007 1396 2065 CAPUT
1431 2007 1498 2063 γ.

665 2145 818 2214 Quod
837 2147 1005 2200 riduw
1022 2145 1254 2213 probitas
1289 2159 1490 2197 morum
1516 2158 1657 2196 cura:
1678 2158 1789 2196 esse
1814 2130 2015 2195 debeat.

629 2239 895 2295 Caeterum
950 2237 1129 2290 omnis
1174 2234 1335 2288 vidua
1366 2234 1513 2288 mitis
1547 2234 1641 2297 sit,
1678 2233 1885 2303 quieta.
1936 2232 2122 2286 mode-

559 2339 698 2393 rata,
731 2329 950 2384 malitia:
980 2344 1042 2382 ac
1080 2328 1174 2381 ira:
1203 2341 1421 2398 expers,
1445 2341 1555 2379 non
1587 2326 1826 2396 garrula,
1862 2339 1971 2378 non
2008 2325 2121 2378 cla-

558 2437 733 2482 mosa,
768 2436 878 2475 non
908 2418 1161 2473 volubilis
1188 2418 1404 2488 linguae,
1433 2431 1543 2470 non
1574 2416 1858 2479 maledica,
1888 2431 1997 2469 non
2027 2414 2121 2471 de-

557 2514 671 2568 dita
696 2514 980 2567 verborum
1007 2510 1258 2580 aucupio,
1285 2524 1392 2563 non
1425 2509 1657 2579 duplicis
1687 2508 1975 2569 sermonis,
2012 2522 2119 2562 non

558 2620 680 2659 sese
734 2605 785 2657 in
813 2605 987 2657 aliena
1018 2602 1231 2672 negotia
1262 2601 1580 2655 immittens.
1632 2599 1768 2654 Cum
1799 2599 1994 2655 viderit
2032 2601 2117 2655 vel

557 2696 795 2751 audierit
816 2695 1031 2765 aliquod
1053 2694 1332 2763 indignum
1360 2693 1592 2757 facinus,
1610 2692 1681 2746 ita
1698 2708 1757 2747 se
1771 2700 1941 2762 gerat,
1959 2692 2117 2762 quasi

556 2804 657 2842 nec
676 2787 873 2843 viderit
902 2802 1000 2840 nec
1038 2786 1292 2849 audierit,
1312 2785 1553 2855 nihilque
1575 2783 1722 2839 aliud
1752 2794 1906 2839 curet
1930 2784 2114 2848 vidua,

554 2880 663 2936 nisi
678 2895 833 2934 orare
852 2895 947 2949 pro
969 2880 1224 2934 beneﬁcis
1238 2888 1289 2933 et
1312 2894 1407 2947 pro
1421 2885 1533 2930 tota
1558 2876 1821 2931 Ecclesia.
1837 2877 1919 2930 Ab
1936 2877 2118 2946 aliquo

554 2973 831 3043 quidpiam
864 2980 1072 3041 rogata,
1096 2986 1164 3025 ne
1188 2970 1347 3024 facile
1377 2969 1722 3039 respondeat,
1755 2978 2114 3039 prmterquam

555 3064 811 3119 derehus
837 3063 902 3115 ad
930 3061 1111 3123 ﬁdem,
1140 3060 1432 3129 justitiam,
1464 3066 1518 3113 et
1548 3060 1601 3112 in
1636 3058 1800 3112 Deum
1826 3074 1973 3127 Spem
2001 3074 2120 3129 pcr-

556 3156 854 3211 tinentibus
885 3171 899 3208 :
937 3168 1137 3221 eosque
1171 3152 1263 3220 qui
1312 3152 1365 3204 in
1416 3150 1633 3219 pietatis
1664 3150 2009 3219 dogmatibus
2039 3150 2116 3203 in-

553 3249 704 3305 stitui
734 3245 981 3314 cupiunt,
1015 3243 1080 3295 ad
1110 3242 1431 3313 pnepositos
1460 3241 1736 3307 remittat;
1770 3240 1826 3295 in
1849 3241 1956 3295 illis
1987 3257 2116 3296 vero

2226 755 2328 801 σοι,
2360 738 2583 802 καὶτὰς
2624 740 2892 810 ἁμαρτίας
2935 756 3027 792 σου
3050 740 3126 821 έν
3170 738 3554 809 έλεημοσύναις
3599 741 3793 814 λύτρω.

2227 847 2336 893 σαι,
2377 833 2470 884 καὶ
2510 830 2608 893 τὰς
2638 830 2851 893 ἀδικίας
2888 848 2980 882 σου
3018 831 3074 883 ὲν
3115 832 3419 901 οἰκτιρμοῖς
3448 833 3711 903 πενήτωνο
3769 854 3787 887 ι

2224 921 2317 974 καὶ
2356 920 2446 974 διὰ
2495 921 2802 991 Σολομῶνος
2833 938 3014 991 φησιν’
3067 940 3085 973 ι
3135 922 3547 994 Ἑλεημοσύναις
3575 926 3667 977 καὶ
3707 927 3789 984 πί-

2226 1029 2403 1065 στεσιν
2430 1012 2879 1085 ἀποκαθαίρονται
2914 1014 3193 1084 ἁμαρτίαι·
3226 1032 3245 1065 ι
3278 1015 3372 1067 καὶ
3397 1014 3487 1068 διὰ
3511 1016 3605 1069 τοῦ
3634 1016 3793 1071 Δαϐὶδ

2229 1102 2389 1155 πάλιν
2425 1102 2590 1171 λέγει·
2640 1122 2659 1155 ι
2710 1103 2992 1175 Μακάριος
3024 1107 3053 1157 ὁ
3094 1104 3290 1158 συνιὼν
3332 1106 3425 1159 ἐπὶ
3459 1108 3673 1176 πτωχὸν
3700 1109 3794 1162 καὶ

2224 1194 2450 1264 πένητα·
2469 1195 2526 1247 ὲν
2542 1195 2722 1267 ήμέρα
2733 1196 2942 1267 πονηρᾷ
2959 1194 3177 1266 ῥύσεται
3192 1196 3350 1250 αὑτὸν
3367 1199 3394 1249 ὁ
3411 1198 3627 1270 Κύριος
3653 1218 3672 1251 ι
3698 1198 3793 1254 καὶ

2224 1284 2411 1338 πάλιν·
2450 1305 2468 1336 ι
2520 1286 2889 1357 Ἐσκόρπισεν,
2924 1287 3089 1340 ἔδωκε
3119 1291 3230 1350 τοῖς
3261 1288 3502 1359 πένησιν,
3538 1291 3571 1359 ἡ
3598 1290 3793 1344 δικαιο-

2226 1376 2356 1447 σύνη
2397 1377 2559 1430 αὑτοῦ
2605 1377 2751 1447 μένει
2788 1379 2868 1441 εἰς
2906 1379 2997 1431 τὸν
3038 1378 3207 1432 αἰῶνα
3235 1396 3248 1409 ·
3290 1397 3308 1430 ι
3342 1381 3437 1433 καὶ
3475 1382 3504 1433 ὁ
3542 1380 3789 1452 Σολομῶν

2225 1470 2411 1541 φησίνο
2457 1489 2475 1521 ‹
2525 1470 2582 1523 ’0
2612 1470 2775 1523 ἐλεῶν
2804 1470 3035 1541 πτωχὸν,
3067 1472 3257 1543 Κυρίῳ
3284 1471 3515 1537 δανείζει
3533 1490 3547 1503 °
3577 1474 3719 1528 κατά
3733 1475 3789 1529 δὲ

2223 1561 2285 1615 τὸ
2326 1562 2464 1633 δόμα
2508 1561 2669 1615 αὐτοῦ
2711 1563 3193 1633 ἀνταποδοθήσεται
3230 1563 3393 1633 αύτῷ·
3442 1582 3461 1615 ι
3506 1566 3598 1618 καὶ
3630 1565 3782 1637 ἑξῆς·

2230 1671 2249 1703 ι
2296 1654 2392 1715 Ὃς
2421 1653 2650 1724 φράσσει
2676 1652 2746 1706 τά
2774 1649 2885 1706 ὦτα
2915 1652 3076 1706 αὑτοῦ
3113 1654 3185 1726 μὴ
3217 1654 3530 1707 εἰσακοῦσαι
3556 1656 3650 1709 τοῦ
3676 1657 3788 1710 δεο-

2228 1744 2410 1814 μένου,
2442 1746 2535 1797 καὶ
2574 1744 2734 1809 αὐτὸς
2765 1745 3173 1810 ὲπικαλέσεται,
3203 1746 3296 1799 καὶ
3333 1745 3432 1800 ούκ
3462 1745 3613 1802 ἔσται
3650 1750 3788 1802 elea-

2227 1835 2400 1889 κούων
2426 1836 2609 1893 αὐτοῦ.
2650 1856 2668 1887 ι

2754 1996 3145 2050 ΚΕΦΑΛΑΙΟΝ
3173 1995 3246 2049 E'.

2261 2130 2378 2183 Ὅτι
2405 2130 2502 2183 καὶ
2528 2130 2631 2185 τοῦ
2660 2129 2843 2197 ἤθους
2868 2129 3255 2198 ἐπιμελητέον
3272 2128 3388 2198 τὴν
3401 2130 3593 2198 χήραν

2303 2222 2618 2293 Ὑπαρχέτω
2645 2223 2701 2275 δὲ
2729 2224 2876 2275 πᾶσα
2893 2224 3033 2293 χήρα
3050 2225 3266 2295 πραεῖα,
3280 2224 3500 2294 ἥσυχος,
3519 2224 3784 2296 ἐπιεικής,

2222 2312 2443 2377 ἄκακος,
2474 2313 2759 2385 ἀόργητος,
2791 2313 2864 2384 μὴ
2896 2313 3208 2377 πολύλαλος,
3243 2314 3316 2385 μὴ
3347 2314 3676 2386 κραύγασος,
3713 2315 3787 2389 μὴ

2221 2404 2587 2475 πρόγλωσσος,
2624 2405 2696 2476 μὴ
2725 2404 3043 2469 κατάλαλος,
3078 2405 3151 2477 μὴ
3180 2403 3475 2477 λεξίθηρος,
3510 2407 3581 2478 μὴ
3620 2408 3789 2460 δισσοφ

2219 2494 2395 2564 λόγος,
2429 2496 2502 2567 μὴ
2536 2496 2946 2567 φιλοπράγμων.
2985 2495 3263 2549 Βλέπουσά
3292 2514 3344 2549 τι
3373 2496 3579 2549 σκολιὸν
3618 2497 3651 2568 ἢ
3693 2500 3788 2550 καὶ

2218 2588 2488 2642 ἀκούουσα
2519 2587 2817 2658 γινόμενον,
2849 2587 2987 2641 έστω
3015 2586 3125 2658 (56)
3159 2587 3235 2651 ὡς
3268 2588 3339 2660 μὴ
3375 2586 3662 2657 βλέπουσα,
3693 2590 3787 2641 καὶ

2219 2681 2296 2744 ὡς
2342 2679 2415 2751 μὴ
2461 2679 2729 2733 ἀκούουσα
2783 2679 3089 2750 ὑπαρχέτωο
3151 2681 3243 2732 καὶ
3300 2679 3460 2751 μηδὲν
3488 2679 3674 2751 ἕτερον
3716 2683 3784 2752 τῇ

2210 2774 2361 2845 κχήρᾳ
2393 2772 2617 2843 μελέτω,
2646 2772 2693 2825 εί
2715 2771 2787 2842 μὴ
2815 2770 2875 2823 τὸ
2902 2769 3294 2840 προσεύχεσθαι
3329 2771 3465 2842 ὑπὲρ
3491 2772 3599 2825 τῶν
3627 2771 3786 2825 διδόν-

2216 2882 2323 2918 των
2352 2865 2443 2917 καὶ
2470 2863 2609 2935 ὑπὲρ
2635 2863 2763 2934 ὅλης
2785 2863 2885 2934 τῆς
2904 2861 3247 2932 Ἐκκλησιας.
3266 2862 3691 2934 Ἐπερωτωμένη
3728 2862 3784 2916 δέ

2216 2972 2269 3007 τι
2299 2955 2401 3009 ὑπό
2428 2971 2591 3017 τινος,
2624 2954 2697 3026 μή
2721 2954 2917 3025 ῥαδίως
2944 2952 3340 3023 ἀποκρινέσθω,
3364 2953 3502 3025 πλὴν
3531 2954 3630 3006 ὅσα
3660 2954 3784 3024 περὶ

2220 3046 2480 3109 πίστεως,
2512 3047 2606 3099 καὶ
2634 3044 2998 3114 δικαιοσύνης,
3029 3046 3124 3098 καὶ
3159 3046 3257 3115 τῆς
3283 3047 3361 3108 εἰς
3389 3045 3521 3098 Θεὸν
3549 3045 3777 3109 ἐλπίδος·

2216 3136 2611 3190 ἀποστέλλουσα
2648 3139 2758 3198 τοῖς
2793 3136 3112 3206 ἡγουμένοις
3164 3138 3291 3199 τοὺς
3332 3135 3579 3199 θέλοντας
3618 3153 3784 3207 κατη-

2215 3229 2423 3300 χεῖσθαι
2454 3230 2523 3282 τά
2553 3229 2652 3299 τῆς
2691 3228 2971 3292 εὐσεϐείας
2998 3228 3260 3297 δόγματαο
3309 3227 3443 3297 μόνα
3470 3228 3525 3280 δὲ
3554 3229 3784 3299 ἀποκρι-

555 3340 732 3395 solum
773 3336 1100 3405 respondeat
1135 3350 1256 3403 quze
1285 3334 1348 3387 ad
1382 3333 1729 3387 evertendum
1759 3332 1825 3388 de
1867 3334 2113 3389 multitu—

2219 3320 2385 3374 νέσθω
2437 3320 2505 3374 τά
2556 3321 2682 3391 περὶ
2723 3320 3029 3391 ἀνατροπῆς
3072 3318 3329 3371 πολυθέΟυ
3388 3318 3614 3387 πλάνης,
3653 3320 3785 3372 ἀποο

556 3430 682 3484 dine
729 3428 954 3481 deorum
1006 3440 1245 3481 errorem
1275 3432 1543 3494 spectant,
1593 3425 1970 3479 demonstrans
2017 3425 2116 3479 do-

554 3520 786 3575 ctriuam
827 3518 893 3572 de
932 3516 1021 3571 Dei
1065 3518 1302 3581 unitate;
1345 3526 1398 3570 at
1425 3516 1480 3569 in
1508 3516 1722 3570 caeteris
1755 3516 1890 3571 nihil
1912 3524 2118 3571 temere

554 3619 801 3681 reponat.
849 3627 916 3665 ne
972 3609 1175 3679 aliquid
1220 3610 1414 3664 inscite
1469 3609 1774 3678 prolocuta,
1834 3607 2115 3663 infamiam

551 3705 721 3760 verbo
769 3702 861 3756 Dei
906 3703 1103 3756 inurat.
1147 3701 1339 3755 Docuit
1377 3702 1520 3757 enim
1554 3701 1847 3764 Dominus,
1878 3700 2116 3755 Verbum

555 3797 731 3853 simile
773 3811 892 3850 esse
923 3810 1090 3863 grano
1144 3795 1352 3864 sinapis
1374 3795 1458 3847 ἠε
1494 3794 1595 3847 hoc
1648 3800 1829 3846 autem
1887 3809 2014 3848 acre
2064 3801 2118 3849 et

556 3887 755 3942 ardens
784 3894 885 3948 est,
912 3902 1019 3956 quo
1051 3887 1096 3941 si
1125 3887 1248 3956 quis
1290 3884 1539 3955 imperite
1568 3884 1839 3948 abutatur,
1873 3900 2115 3939 amarum

556 3978 687 4033 illud
714 3979 989 4043 inveniet;
1015 3978 1243 4041 scilicet,
1278 3977 1332 4031 in
1362 3976 1606 4046 mysticis
1622 3982 1834 4045 oportet
1869 3991 1978 4029 non
1997 3991 2117 4031 esse

552 4069 907 4145 proditorem.
950 4069 1043 4124 sed
1066 4076 1303 4134 cautum,
1336 4068 1460 4139 quia
1485 4082 1584 4121 nos
1608 4065 1692 4121 his
1724 4066 1901 4121 verbis
1930 4065 2116 4120 Domi-

554 4177 659 4223 nus
689 4160 940 4214 admonet
974 4180 986 4213 :
1025 4179 1043 4210 ι
1074 4158 1248 4213 Nolite
1295 4160 1509 4212 mittere
1540 4157 1866 4227 margaritas
1908 4167 2116 4212 vestras

559 4262 684 4307 ante
710 4268 927 4323 porcos,
954 4268 1020 4305 ne
1062 4252 1199 4306 forte
1230 4251 1555 4305 conculcent
1575 4264 1670 4305 eas
1714 4248 1945 4319 pedibus
1976 4248 2113 4312 suis,

556 4354 611 4402 et
640 4346 888 4401 conversi
914 4345 1229 4414 dirumpant
1252 4357 1348 4397 vos
1368 4343 1434 4394 ⁸ο.
1462 4361 1480 4392 ι
1515 4340 1652 4395 Cum
1682 4342 1824 4395 enim
1848 4339 2113 4403 infideles,

558 4453 671 4492 non
720 4452 818 4507 pro
875 4436 1156 4506 dignitate,
1196 4434 1290 4488 sed
1321 4433 1501 4487 minus
1551 4446 1712 4503 quam
1750 4445 1848 4500 par
1900 4430 1992 4492 sit,
2047 4429 2115 4484 de

550 4528 770 4586 Christo
799 4529 1024 4583 verbum
1057 4525 1389 4594 acceperint,
1422 4523 1832 4594 praasertimque
1860 4522 2005 4591 quod
2031 4521 2115 4576 in-

550 4620 919 4682 carnationem
939 4618 1019 4671 vel
1037 4617 1345 4691 passionem
1367 4616 1485 4684 ejus
1502 4615 1690 4677 tradit,
1708 4613 1881 4683 magis
1901 4614 2114 4668 adunco

552 4727 690 4766 naso
724 4709 1031 4763 irridebuut
1056 4707 1222 4762 veluti
1252 4708 1503 4770 mendax,
1532 4721 1691 4776 quam
1743 4704 1996 4759 laudibus
2022 4718 2113 4758 ce-

552 4803 843 4860 lebrabunt
863 4819 878 4867 ;
899 4802 1109 4871 eritque
1128 4815 1267 4855 anus
1295 4815 1387 4853 rea
1408 4798 1737 4858 temeritatis
1769 4811 1833 4850 ac
1856 4796 2111 4865 blasphe-

552 4895 695 4957 miae,
726 4900 780 4948 et
807 4908 887 4947 va:
909 4893 1185 4947 sortietur.
1215 4909 1234 4941 ι
1271 4890 1363 4944 Vae
1382 4898 1583 4952 autem.
1610 4890 1805 4957 inquit,
1833 4904 1929 4957 per
1950 4901 2110 4958 quem

552 5001 749 5055 nomen
776 5000 954 5039 meum
975 4984 1377 5053 blasphematur
1400 4982 1453 5036 in
1486 4981 1736 5051 gentibus
1764 4980 1827 5033 ⁸⁸.
1860 4998 1880 5033 ι

2218 3411 2531 3465 δεικνύουσα
2570 3412 2660 3465 τὸν
2701 3413 2827 3483 περὶ
2868 3410 3160 3482 μοναρχίας
3185 3410 3318 3463 Θεοῦ
3348 3408 3521 3477 λόγον·
3574 3410 3703 3480 περὶ
3727 3410 3782 3464 δὲ

2216 3502 2323 3555 τῶν
2358 3501 2483 3573 ἑξῆς
2511 3503 2793 3572 προπετῶς
2821 3520 2873 3555 τι
2910 3502 2982 3573 μὴ
3020 3500 3410 3572 ἀποκρινέσθω,
3442 3502 3590 3563 ὅπως
3620 3501 3693 3571 μή
3732 3517 3782 3552 τι

2216 3594 2439 3664 ἀμαθῶς
2458 3594 2798 3665 φθεγξαμένη
2818 3593 3157 3663 βλασφημίαν
3187 3592 3493 3665 προστρίψῃ
3504 3592 3585 3663 τῷ
3611 3591 3777 3661 λόγῳ.

2216 3685 2415 3755 Κόκκῳ
2455 3685 2562 3756 γὰρ
2605 3687 2870 3747 σινάπεως
2910 3685 3143 3738 ἑοικέναι
3190 3684 3278 3736 τὸν
3318 3683 3472 3751 λόγον
3511 3685 3540 3735 ὁ
3583 3682 3781 3753 Κύριος

2218 3777 2554 3848 ἐδογμάτισε.
2586 3777 2754 3830 Τοῦτο
2781 3777 2956 3830 δ’ἐστὶ
2982 3776 3272 3846 διάπυρον,
3306 3769 3349 3843 ᾧ
3387 3774 3482 3827 ὲάν
3509 3791 3593 3836 τις
3623 3772 3778 3825 ἀπεί-

2221 3888 2327 3942 ρως
2354 3868 2851 3941 χρήσηται,ςτικρὸν
2880 3868 3009 3921 αὐτὸ
3030 3869 3249 3938 εὑρήσει
3272 3884 3285 3897 ’
3318 3865 3422 3937 χρὴ
3450 3864 3558 3936 γὰρ
3587 3866 3643 3916 έν
3668 3866 3778 3926 τοῖς

2220 3964 2499 4031 μυστικοῖς
2531 3960 2602 4031 μὴ
2632 3960 2893 4031 προδότην
2921 3956 3079 4025 εἶναι,
3119 3957 3231 4011 ἀλλ*
3250 3956 3484 4026 ἀσφαλῆ⁸
3527 3957 3779 4026 παραινεῖ

2216 4054 2324 4126 γὰρ
2354 4057 2482 4125 ἡμῖν
2510 4056 2538 4106 ὁ
2563 4052 2765 4123 Κύριος
2802 4051 2994 4119 λέγων’
3030 4069 3049 4100 ι
3094 4048 3187 4119 Μὴ
3226 4048 3445 4118 βάλλετε
3478 4048 3603 4109 τοὺς
3642 4062 3779 4116 μαρ-
3836 4052 3839 4059 ·

2216 4147 2443 4218 γαρίτας
2472 4144 2622 4215 ὑμῶν
2653 4142 2957 4214 ἔμπροσθεν
2986 4141 3094 4194 τῶν
3121 4141 3339 4210 χοίρων,
3372 4140 3579 4209 μήποτε
3610 4154 3777 4190 κατα-

2218 4238 2528 4309 πατήσωσιν
2549 4236 2742 4297 αὐτοὺς
2755 4237 2811 4287 ὲν
2837 4237 2947 4296 τοῖς
2964 4233 3088 4285 ποσὶ
3117 4231 3312 4296 αὐτῶν,
3328 4230 3421 4283 καὶ
3450 4227 3772 4299 στραφέντες

2219 4329 2450 4401 ῥήξωσιν
2480 4328 2639 4397 ὑμᾶς.
2663 4346 2681 4377 ›
2712 4325 3062 4394 Ἀκούσαντες
3086 4323 3193 4393 γὰρ
3221 4324 3269 4375 ei.
3298 4324 3509 4375 ἄπιστοι
3538 4318 3627 4371 τὸν
3649 4317 3775 4388 περὶ

2216 4418 2451 4492 Χριστοῦ
2470 4418 2647 4485 λόγον,
2678 4418 2737 4469 οὐ
2766 4416 3011 4481 δεόντως,
3042 4414 3153 4467 ἀλλ’
3173 4412 3363 4475 ἐνδεῶς
3393 4410 3525 4481 (57),
3556 4409 3647 4462 καὶ
3679 4408 3773 4478 μά-

2214 4514 2370 4566 λιστα
2396 4511 2485 4565 τὸν
2502 4510 2627 4580 περὶ
2639 4505 3090 4578 ὲνσωματώσεως,
3120 4504 3257 4575 ἢτοῦ
3271 4503 3469 4564 πάθους
3479 4498 3662 4564 αὐτοῦ,
3682 4516 3774 4570 μυ-

2218 4603 2566 4676 κτηρίσαντες
2584 4600 2842 4671 χλευάσου
2850 4617 2901 4651 σι
2926 4597 3119 4669 μᾶλλον
3131 4596 3205 4658 ὡς
3215 4594 3400 4663 ψευδῆ,
3414 4592 3446 4663 ἢ
3467 4590 3768 4654 δοξάσουσι.

2216 4696 2325 4749 Καὶ
2360 4694 2538 4763 ἔνοχος
2576 4690 2684 4761 (58)
2725 4690 2874 4742 ἔσται
2919 4689 3017 4759 τῆς
3053 4685 3372 4758 προπετείας
3409 4685 3442 4753 ή
3484 4679 3772 4753 πρεσϐῦτις

2216 4786 2310 4839 καὶ
2360 4785 2458 4855 τῆς
2513 4780 2875 4853 βλασφημίας,
2932 4779 3025 4831 καὶ
3076 4777 3136 4829 τὸ
3188 4777 3309 4828 οὐαὶ
3360 4774 3766 4844 κληρονομήσει·

2221 4896 2239 4928 ι
2279 4877 2412 4928 Οὐαὶ
2438 4875 2515 4940 δὲ,
2546 4874 2696 4945 φησὶ,
2726 4872 2790 4925 δι’
2811 4865 2870 4924 οῦ
2900 4870 2960 4923 τὸ
2989 4869 3157 4939 ὄνομά
3179 4885 3279 4939 μου
3296 4866 3689 4937 βλασφημεῖται
3714 4862 3768 4911 ὲν

2211 4972 2322 5032 τοῖς
2348 4968 2573 5021 ἔθνεσιν.
2606 4985 2624 5017 ι
3166 4958 3167 4961 ’

621 5164 668 5195 τ’
700 5159 771 5219 Is.
805 5177 966 5221 Lvm.
1001 5164 1049 5215 7.
1123 5162 1170 5193 ⁷³
1206 5160 1337 5214 Dan.
1371 5176 1444 5218 IV.
1474 5158 1565 5211 24.
1640 5158 1686 5188 ⁷⁸
1717 5155 1877 5210 Prov.
1911 5168 1982 5208 xv
2004 5193 2017 5215 ,
2049 5152 2118 5206 27

2219 5149 2262 5221 "f
2298 5147 2579 5221 Psal._xr.,
2607 5144 2662 5198 2.
2718 5142 2783 5221 _:"
2820 5141 3085 5205 Psal.CXl,
3113 5138 3166 5194 9.
3242 5138 3285 5170 ⁷⁷
3326 5136 3486 5191 Prov.
3523 5152 3639 5199 XIX,
3671 5135 3753 5187 17.

547 5233 599 5281 πθ
634 5213 965 5299 Ριῖύῗχὶἷζ
984 5213 1069 5288 1⁷5.
1143 5232 1189 5262 ⁷⁸
1223 5213 1410 5284 Matth.
1434 5213 1538 5281 'xm
1560 5265 1577 5293 ,
1614 5228 1704 5283 5i.
1781 5227 1825 5257 ⁸ο
1866 5213 2054 5280 Matth.
2085 5239 2117 5275 v

2232 5220 2287 5274 6.
2360 5218 2403 5251 ⁸³
2444 5216 2547 5272 lsa.
2572 5230 2684 5279 LII,
2715 5213 2769 5269 5.

1851 5480 2208 5540 VARIORUM
2242 5477 2471 5539 ΝΟΤᾹΞ.

644 5754 733 5820 35)
774 5753 891 5820 Τὴν
910 5749 1118 5820 χήραν.
1158 5753 1280 5808 Τῶν
1303 5746 1518 5816 χηρῶν,
1543 5744 1701 5798 alter.
1735 5742 1905 5798 CLEn.

644 5754 712 5807 35
774 5754 891 5820 Τὴν
910 5754 1118 5819 χήραν.
1158 5754 1280 5808 Τῶν
1303 5754 1518 5816 χηρῶν,
1543 5754 1701 5798 alter.
1735 5754 1905 5798 tum.

623 5754 733 5892 ἓνδῖ
772 5824 980 5873 Ἔστω.
1006 5819 1132 5892 llaec
1162 5833 1265 5872 vox
1294 5826 1350 5873 et
1393 5827 1505 5873 tres
1536 5830 1686 5884 seqq.
1726 5827 2006 5884 perperam
2047 5814 2099 5867 in

556 5886 724 5949 altero
744 5892 1065 5945 omittuntur
1114 5886 1188 5943 lo.

2298 5738 2384 5796 37)
2436 5731 2841 5796 Ἀλλ’ένδεῶς.
2874 5730 3080 5787 Desunt
3110 5729 3164 5783 in
3187 5729 3357 5784 altero
3378 5728 3502 5782 cod.
3533 5726 3608 5783 In.

2298 5738 2362 5792 37
2436 5738 2841 5796 Ἀλλ’ὲνδεῶς.
2876 5738 3080 5787 Desunt
3110 5738 3164 5783 in
3187 5738 3357 5784 altero
3378 5738 3502 5782 cod.
3535 5738 3608 5783 In.

2275 5738 2387 5878 i353;
2428 5808 2691 5878 Ἔνοχος.
2730 5803 2882 5878 ᾼΙιοι·
2920 5800 3071 5857 addit
3105 5798 3317 5854 λοιπόν
3345 5805 3509 5868 atque
3559 5799 3756 5855 omittit

2206 5873 2315 5948 τῆς
2343 5873 2713 5949 προπετείας.
2740 5873 2818 5928 In.
