4064 6264
288 367 390 421 πτ

1208 366 1803 424 CONSTITUTIONES
1825 368 2499 426 APOSTOLIC£.—LIB.
2541 370 2626 424 Ill.

3415 376 3517 431 778

285 484 360 543 ὼς
388 482 439 533 οἱ
468 479 849 550 ἐγρηγορότες·
898 479 1009 532 ἀλλ’
1038 481 1071 550 ἣ
1105 484 1482 547 νυστάζουσιν,
1513 483 1545 553 ἢ
1593 483 1855 554 φλυαροῦ-

1964 484 2274 549 adducunt,
2307 500 2416 538 non
2456 486 2700 541 sinentes
2741 486 2795 539 in
2828 484 3057 541 Domino
3083 504 3204 544 esse
3247 497 3482 548 attentos
3506 534 3522 558 ,

287 590 401 637 σιν,
448 570 480 641 ἢ
534 571 998 641 μαστροπεύουσιν
1036 572 1176 644 (45),
1209 574 1241 644 ἢ
1272 575 1539 640 αἰτοῦσιν,
1570 575 1602 645 ἢ
1641 576 1856 646 ἐτέρους

283 662 812 733 αἰχμαλωτίζουσιν,
870 665 1238 734 προσάγοντες
1310 666 1387 735 τῷ
1443 666 1701 736 πονηρῷ,
1757 666 1855 718 οὐκ

282 758 482 819 ἐῶντες
528 757 726 819 αὐτοὺς
754 758 942 827 νήφειν
984 759 1040 810 ἐν
1072 760 1262 829 Κυρίῳ
1282 801 1296 823 ,
1341 759 1475 812 ἀλλὰ
1506 759 1854 827 παρασκευά-

283 848 471 913 ζοντες
488 848 765 912 τοιούτους
783 850 978 914 αὐτοὺς
1006 850 1205 914 ἐξιέναι
1233 847 1333 904 οἷοι
1353 852 1448 904 καὶ
1474 852 1673 904 εἰσίασι
1691 893 1706 917 ,
1735 850 1852 904 διά-

283 944 429 994 κενοι
457 941 546 994 διά
560 941 620 993 τὸ
652 940 724 1011 μὴ
742 942 961 995 ἀκούειν
982 943 1087 995 τῶν
1107 944 1459 997 διδασκόντων
1478 945 1511 1014 ἢ
1537 944 1645 995 τῶν
1661 944 1851 1011 ἀναγι-

282 1035 601 1087 νωσκόντων
630 1034 718 1085 τὸν
739 1033 832 1085 τοῦ
850 1036 1054 1105 Κυρίου
1083 1034 1256 1104 λόγον.
1277 1037 1411 1107 Περὶ
1437 1036 1544 1106 γὰρ
1563 1036 1670 1087 τῶν
1690 1034 1852 1087 τοιού-

1960 579 2068 632 imo
2107 576 2400 632 efﬁcientes
2451 584 2512 631 ut
2545 580 2680 633 tales
2726 586 2923 633 exeant
2970 580 3160 649 quales
3211 581 3523 647 intrarunt,

1961 683 2157 739 nempe
2186 670 2365 733 vacui,
2412 684 2478 724 eo
2524 671 2667 739 quod
2710 686 2819 724 non
2871 670 3143 725 audierint
3178 673 3298 728 illos
3321 674 3412 743 qui
3442 678 3528 729 vel

1960 760 2193 823 docent,
2230 763 2313 815 vel
2365 762 2553 831 legunt
2606 762 2832 817 verbum
2878 762 3114 818 Domini.
3155 763 3287 817 Nam
3321 767 3388 820 de
3419 767 3525 820 hu-

1954 852 2196 920 jusmodi
2232 851 2402 906 Isaias
2431 853 2694 922 propheta
2738 854 2872 907 dicit
2901 872 2913 907 :
2955 872 2974 905 ι
3016 854 3218 908 Auditu
3249 856 3481 911 audietis
3505 896 3520 917 ,

1958 951 2012 997 et
2054 958 2162 998 non
2206 945 2557 1014 intelligetis;
2606 955 2660 999 et
2699 945 2947 1001 videntes
2982 946 3273 1010 videbitis,
3314 956 3367 1001 et
3414 963 3525 1003 non

1960 1035 2145 1091 scietis
2170 1054 2181 1089 :
2217 1037 2582 1091 iucrassatum
2607 1046 2689 1091 est
2728 1038 2874 1091 enim
2904 1053 3000 1092 cor
3020 1040 3204 1108 populi
3225 1040 3388 1107 hujus
3406 1040 3470 1093 ⁸⁵.
3498 1058 3519 1091 ι

284 1136 389 1171 των
417 1122 509 1172 καὶ
537 1122 762 1185 Ἡσαΐας
788 1123 816 1173 ὁ
847 1124 1128 1195 προφήτης
1174 1125 1338 1192 λέγει·
1376 1146 1393 1174 ‹
1437 1126 1595 1194 Ἀκοῇ
1625 1123 1904 1185 ἀκούσετε,
1935 1122 2028 1174 καὶ
2060 1123 2121 1174 οὐ
2171 1123 2244 1193 μὴ
2277 1124 2491 1193 συνῆτε·
2517 1127 2609 1178 καὶ
2643 1125 2926 1194 βλέποντες
2955 1127 3173 1198 βλέψετε
3194 1171 3207 1194 ,
3238 1129 3330 1182 καὶ
3357 1130 3417 1181 ού
3448 1131 3521 1202 μὴ

286 1212 430 1281 ἴδητε
452 1229 465 1241 ·
489 1211 763 1281 ἐπαχύνθη
786 1211 894 1282 γὰρ
919 1215 951 1281 ἡ
978 1213 1173 1284 καρδία
1198 1214 1291 1265 τοῦ
1314 1211 1441 1266 λαοῦ
1470 1213 1657 1265 τούτου
1681 1210 1807 1280 (46).
1825 1229 1842 1258 ι

815 1305 1207 1358 ΚΕΦΑΛΑΙΟΝ
1244 1306 1314 1359 Z'.

630 1395 757 1448 Οἵ(ιὶ
800 1398 956 1449 εἰσιν
999 1399 1059 1449 αἱ
1097 1397 1483 1465 ψευδοχῆραι.

353 1487 458 1540 Τὸν
504 1487 663 1540 αὑτὸν
725 1484 818 1540 οὖν
844 1488 1043 1558 τρόπον
1076 1490 1170 1541 καὶ
1222 1488 1328 1541 τῶν
1360 1489 1611 1541 τοιούτων
1667 1486 1849 1557 χηρῶν

285 1579 537 1649 ἐκλείσθη
568 1578 637 1630 τά
663 1572 776 1630 ὦτα
819 1580 917 1648 τῆς
970 1580 1217 1650 καρδίας,
1248 1583 1326 1644 είς
1356 1581 1415 1633 τὸ
1447 1582 1519 1650 μὴ
1551 1578 1851 1649 καθεζομέ-

284 1688 381 1733 νας
409 1670 552 1723 ἔνδον
580 1672 636 1722 ἐν
665 1673 783 1733 ταῖς
813 1671 1029 1737 στέγαις
1057 1671 1255 1734 αὐτῶν,
1288 1672 1607 1743 προσλαλεῖν
1633 1670 1711 1740 τῷ
1740 1672 1851 1722 Κυ-

2550 1302 2777 1357 CAPUT
2810 1302 2921 1357 VII.

2303 1392 2494 1457 Quales
2521 1405 2641 1447 sunt
2662 1395 2814 1464 [alue
2842 1398 3028 1452 viduae.

2021 1483 2103 1538 Ad
2120 1484 2369 1539 eumdem
2399 1502 2526 1557 ergo
2550 1488 2793 1552 modum,
2820 1489 3328 1558 hujusmodividuaa
3355 1493 3519 1548 obtu-

1950 1584 2099 1631 ratas
2130 1576 2333 1631 habent
2355 1593 2517 1634 aures
2558 1579 2779 1647 cordis;
2824 1598 2893 1636 ne
2938 1584 3086 1637 intus
3114 1585 3170 1638 in
3214 1586 3374 1641 tectis
3404 1587 3519 1641 suis

1951 1668 2223 1733 sedentes,
2247 1668 2535 1725 Dominum
2565 1673 2931 1742 alloquantur,
2964 1675 3058 1730 sed
3083 1677 3521 1733 circumcursan-

288 1761 407 1832 ρίῳ,
429 1762 563 1813 ἀλλὰ
591 1762 1035 1832 περιτρεχούσας,
1065 1764 1121 1814 ἐν
1172 1764 1385 1835 ἐπινοίᾳ
1424 1761 1717 1833 πορισμοῦ,
1760 1760 1849 1813 διὰ

1955 1766 2055 1824 tes,
2083 1768 2323 1829 quaestus
2345 1764 2539 1831 gratia,
2572 1780 2742 1835 nugas
2774 1766 3001 1836 agendo,
3031 1768 3313 1837 perﬁciant
3336 1771 3523 1826 adver-

283 1857 392 1908 τῶν
423 1855 694 1926 φλυαριῶν
713 1857 780 1917 ⁸⁷,
811 1854 877 1907 τὰ
906 1853 998 1907 τοῦ
1042 1854 1415 1925 ἀντικειμένου
1461 1853 1851 1924 ἐπιθυμήματα

285 1948 571 2017 πράσσειν.
612 1948 677 1998 Ai
727 1948 975 2000 τοιαῦται
1002 1942 1095 1999 οὖν
1133 1948 1297 2018 χῆραι
1343 1948 1405 1999 οὐ
1449 1947 1850 2017 προσήρτηνται

281 2039 359 2110 τῷ
388 2039 754 2109 θυσιαστηρίῳ
773 2038 866 2091 τοῦ
896 2038 1150 2109 Χριστοῦ.
1182 2040 1301 2091 Εἰσὶ
1320 2038 1427 2108 γὰρ
1446 2037 1853 2107 ένιαιχῆραιέρ-

282 2132 479 2199 γασίαν
525 2131 823 2201 ἡγούμεναι
856 2132 915 2185 τὸ
946 2133 1193 2202 πρᾶγμα·
1230 2132 1324 2184 καὶ
1368 2131 1428 2194 ἐξ
1453 2124 1526 2182 ὦν
1565 2128 1854 2198 ἀναισχύν-

281 2240 390 2287 τως
446 2222 661 2276 αίτοῦσι
698 2224 790 2275 κα)¹
837 2223 1129 2292 ἀπλήστως
1158 2221 1553 2292 λαμϐάνουσιν,
1604 2222 1702 2291 ήδη
1758 2221 1851 2272 καῖ¹

281 2314 672 2387 ὀκνηροτέρους
699 2316 824 2376 τοὺς
854 2314 1083 2376 πολλοὺς
1111 2313 1247 2383 πρὸς
1275 2312 1336 2365 τὸ
1363 2312 1561 2365 διδόναι
1590 2312 1852 2381 κατέστη-

283 2423 399 2459 σαν·
463 2406 582 2458 δέον
610 2405 718 2476 γὰρ
745 2404 913 2467 αὐτὰς
940 2404 1226 2474 ἀρκεῖσθαι
1246 2406 1358 2466 τοῖς
1379 2404 1851 2473 ἐκκλησιαστικοῖς

282 2498 368 2551 διὰ
416 2498 741 2568 μετριότητα
772 2497 1013 2567 γνώμης,
1045 2499 1108 2549 ἐκ
1142 2496 1249 2548 τῶν
1295 2496 1572 2557 ἐναντίων,
1620 2496 1849 2564 ἐμπερι-

280 2590 567 2659 τρέχουσαι
589 2589 698 2659 (47)
727 2591 850 2651 τοὺς
866 2588 974 2641 τῷν
1014 2588 1255 2658 πλησίων
1294 2589 1340 2621 ⁸⁸
1365 2590 1546 2650 οἴκους
1590 2587 1851 2641 διασείου-

285 2682 665 2753 σιν,εὐπορίαν
691 2699 793 2753 χρη
805 2681 986 2752 μάτων
1008 2681 1227 2743 ἑαυταῖς
1254 2680 1685 2749 ἐπισωρεύουσαι
1715 2680 1847 2753 (48),

284 2775 376 2826 κα)⁸
390 2774 489 2826 ἐπὶ
516 2776 732 2843 πικροῖς
750 2773 929 2835 τόκοις
956 2773 1278 2836 δανείζουσι,
1295 2774 1387 2826 καὶ
1405 2774 1564 2844 μόνου
1585 2772 1678 2825 τοῦ
1703 2791 1850 2844 μαμ-

287 2867 442 2935 μωνᾶ
469 2863 859 2937 φροντίζουσιν·
909 2858 982 2919 ὧν
1027 2866 1055 2918 ό
1101 2864 1234 2927 Θεὸς
1268 2864 1328 2917 τὸ
1367 2863 1664 2934 βαλάντιον·
1700 2865 1754 2918 αἳ
1791 2865 1852 2917 τὸ

286 2961 477 3027 φαγεῖν
505 2957 601 3012 καὶ
628 2958 688 3010 τὸ
718 2960 859 3011 πιεῖν
892 2958 1241 3029 προκρίνουσι
1287 2957 1465 3028 πάσης
1502 2957 1719 3027 ἀρετῆς,
1766 2956 1853 3009 λέ-

284 3066 498 3118 γουσαι·
539 3069 557 3101 ‹
583 3050 849 3120 Φάγωμεν
878 3051 973 3102 καὶ
1001 3050 1234 3121 πίωμεν,
1266 3048 1452 3120 αῦριον
1480 3048 1588 3119 γὰρ
1616 3048 1850 3120 ἀποθνή-
1876 3079 1920 3136 C

286 3159 506 3203 σκομεν·
542 3161 559 3194 ι
593 3142 649 3196 αῖ
676 3143 750 3205 ὼς
773 3141 983 3195 ἑστῶτα
1018 3141 1190 3194 ταῦτα
1233 3140 1564 3208 ἐλογίσαντο,
1613 3139 1708 3193 καὶ
1752 3140 1850 3209 οὐχ

284 3234 361 3297 ὡς
389 3234 673 3304 φεύγοντα·
732 3235 765 3303 ἡ
812 3233 919 3303 γὰρ
949 3236 1222 3302 ἡσκηκυῖα
1253 3232 1380 3304 περὶ
1423 3231 1484 3285 τὸ
1510 3249 1614 3303 χρη
1624 3231 1849 3302 ματολο-

288 3328 421 3392 γεῖν,
449 3326 569 3377 ἀντὶ
594 3324 688 3377 τοῦ
718 3323 852 3377 Θεοῦ
883 3323 1128 3394 λατρεύει
1160 3323 1237 3394 τῷ
1270 3325 1568 3394 μαμμωνᾷ,
1596 3325 1848 3378 τουτέστι

286 3416 520 3469 δουλεύει
554 3416 631 3487 τῷ
668 3415 866 3487 κέρδει·
921 3415 999 3486 τῷ
1037 3416 1094 3468 δὲ
1121 3415 1238 3486 Θεῷ
1277 3415 1569 3485 εὐάρεστος
1613 3411 1751 3469 εἶναι
1788 3417 1851 3473 οὐ

287 3507 524 3571 δύναται,
557 3509 678 3562 οὐδὲ
732 3511 850 3571 ταῖς
890 3507 1161 3578 λατρείαις
1198 3506 1361 3560 αὐτοῦ
1415 3509 1670 3579 ὑπήκοος,
1725 3527 1850 3563 συν-

286 3601 424 3671 εχῶς
452 3602 513 3653 ού
541 3601 808 3671 δυναμένη
838 3600 1183 3669 ἐντυγχάνειν
1214 3600 1380 3671 αύτῷ,
1414 3600 1507 3653 ἐπὶ
1534 3599 1594 3652 τὸ
1622 3602 1853 3673 ἀργυρο-

286 3692 461 3760 λογεῖν
481 3693 570 3745 τὸν
590 3691 712 3745 νοῦν
732 3693 824 3745 καὶ
851 3693 948 3763 τὴν
975 3692 1209 3745 διάθεσιν
1235 3692 1430 3762 ἔχουσα
1452 3691 1579 3765 (49)·
1624 3693 1853 3764 ἐπείπερ

288 3784 421 3836 ὅπου
452 3786 478 3837 ό
505 3783 792 3855 θησαυρὸς,
824 3785 937 3836 ἐκεῖ
976 3784 1129 3853 καὶὴ
1187 3784 1381 3854 καρδία
1425 3785 1611 3854 αὐτῆς·
1670 3785 1729 3838 ὲν
1779 3786 1855 3856 νῷ

290 3876 399 3947 γὰρ
429 3876 801 3945 διαλαμϐάνει,
833 3875 936 3927 ποῦ
987 3876 1221 3946 πορευθῇ
1264 3877 1547 3947 λήμματος
1593 3878 1772 3947 χάριν,
1821 3879 1853 3949 ἢ

289 3968 371 4021 ὃτι
412 3967 618 4037 ήδεῖνα
668 3969 700 4038 ἡ
749 3968 876 4039 φίλη
925 3969 1093 4037 αὐτῆς
1131 3968 1512 4039 ἐπιλέλησται,
1561 3971 1654 4022 καὶ
1700 3970 1855 4037 λόγον

290 4058 408 4111 τίνα
434 4060 604 4131 ταύτῃ
627 4063 1005 4131 προσενεγκεῖν
1048 4060 1267 4128 ὀφείλει.
1332 4061 1395 4112 Ἠ
1432 4060 1488 4114 δέ
1518 4061 1740 4114 τοιαῦτα
1766 4063 1855 4115 λο-

290 4150 573 4223 γιζομένη,
618 4154 800 4206 οὐκέτι
844 4156 909 4223 τῇ
964 4156 1234 4224 προσευχῇ
1293 4154 1566 4224 προσέξει,
1613 4154 1747 4208 ἀλλὰ
1790 4159 1855 4227 τῇ

292 4246 635 4317 ἐμπιπτούσῃ
665 4247 860 4317 ἐννοίᾳ·
893 4246 975 4299 διὸ
1021 4246 1119 4299 κᾶν
1154 4262 1283 4297 ποτε
1330 4245 1529 4317 θελήσῃ
1559 4246 1856 4315 προσεύξα-

295 4337 416 4389 σθαι
446 4338 584 4410 ύπέρ
610 4355 771 4401 τινος,
793 4340 891 4391 οὐκ
910 4337 1406 4408 είσακουσθήσεται·
1429 4339 1491 4390 ού
1520 4338 1628 4409 γὰρ
1654 4338 1713 4403 ἐξ
1730 4338 1859 4410 ὅλης

1953 1853 2082 1905 sarii
2106 1853 2400 1909 desideria.
2434 1854 2527 1910 Hae
2558 1858 2723 1925 igitur
2746 1860 2941 1922 viduae,
2973 1875 3096 1914 cum
3127 1860 3330 1923 Christi
3356 1863 3517 1917 altari

1952 1958 2062 1996 non
2092 1952 2321 2011 possunt
2376 1948 2703 2016 comparari.
2765 1948 2903 2002 Sunt
2945 1952 3090 2005 enim
3137 1955 3408 2008 nonnullae
3436 1956 3518 2008 vi-

1952 2036 2092 2098 duae,
2121 2052 2243 2105 quae
2285 2037 2341 2090 in
2370 2038 2523 2091 lucro
2569 2055 2727 2094 omne
2760 2042 3001 2096 studium
3053 2060 3213 2099 suum
3264 2054 3515 2115 ponunt;

1951 2134 2005 2181 et
2033 2128 2158 2196 quia
2191 2128 2532 2197 impudenter
2581 2139 2790 2200 petunt,
2845 2148 2909 2187 ac
2941 2135 3320 2191 insatiabiliter
3368 2138 3518 2192 acci-

1952 2218 2126 2285 piunt,
2155 2219 2265 2287 jam
2296 2220 2496 2275 multos
2534 2222 2601 2274 ad
2633 2223 2973 2293 largiendum
3018 2226 3299 2294 segniores
3337 2228 3521 2283 reddi-

1953 2310 2150 2365 derunt
2179 2331 2192 2364 :
2226 2326 2459 2381 cumque
2504 2321 2800 2381 oporteret,
2843 2322 2901 2368 ut
2934 2330 3026 2385 per
3076 2316 3240 2371 animi
3272 2318 3522 2372 modera-

1952 2401 2157 2456 tionem
2215 2410 2485 2458 contentae
2542 2412 2726 2459 essent
2782 2407 3172 2463 ecclesiasticis
3215 2409 3517 2474 subsidiis,

1952 2501 2146 2546 contra
2228 2494 2723 2551 circumcurrentes
2820 2500 3141 2553 concutiunt
3213 2500 3517 2555 vicinorum

1951 2583 2183 2650 domos,
2274 2585 2481 2639 allatitn
2572 2589 2857 2657 pecuniam
2949 2591 3052 2645 sibi
3133 2595 3517 2662 congerendo,

1952 2692 2166 2732 necnon
2217 2678 2415 2733 acerbo
2464 2679 2651 2734 fenore
2708 2689 2957 2735 mutuum
3016 2682 3188 2748 dant,
3243 2686 3521 2755 soliusque

1953 2784 2274 2824 mammonae
2330 2785 2517 2825 curam
2567 2772 2803 2839 habent;
2835 2787 3063 2842 quarum
3096 2774 3239 2831 Deus
3288 2785 3521 2832 estcru-

1952 2876 2149 2928 mena;
2191 2877 2311 2931 quae
2361 2862 2541 2917 cibum
2574 2878 2636 2917 ac
2677 2871 2863 2933 potum
2896 2866 3044 2919 omni
3071 2868 3257 2922 virtuti
3306 2879 3521 2940 antepo-

1953 2961 2109 3015 nunt,
2162 2954 2368 3008 aientes
2402 2974 2412 3007 :
2456 2973 2473 3003 ε
2506 2953 2743 3009 Edamus
2795 2962 2850 3009 et
2880 2956 3132 3013 bibamus
3160 2976 3175 3025 ;
3223 2974 3347 3013 cras
3376 2962 3520 3015 enim

1953 3045 2250 3099 moriemur
2272 3046 2319 3078 ⁸³
2346 3064 2359 3111 ;
2418 3065 2436 3096 ι
2469 3054 2631 3115 atque
2684 3046 2818 3101 istas
2848 3062 2938 3103 res
2968 3056 3227 3120 tanquam
3295 3052 3521 3107 stabiles

1954 3144 2303 3206 putaverunt,
2334 3145 2388 3191 et
2417 3153 2527 3191 non
2559 3146 2819 3208 tanquam
2850 3140 3090 3211 fugaces.
3140 3140 3275 3196 Nam
3307 3142 3364 3197 in
3387 3158 3524 3199 con-

1950 3229 2229 3298 quirendis
2259 3229 2498 3282 nummis
2542 3230 2857 3294 exercitata,
2899 3247 2999 3301 pro
3028 3231 3139 3287 Deo
3187 3233 3319 3288 colit
3345 3250 3522 3288 mam-

1950 3336 2192 3382 monam,
2220 3321 2324 3375 hoc
2353 3328 2458 3382 est,
2503 3321 2669 3376 servit
2721 3322 2910 3385 lucro;
2941 3335 2994 3377 at
3024 3323 3167 3393 apud
3192 3323 3358 3379 Deum
3396 3339 3523 3396 gra-

1950 3413 2091 3469 tiosa
2122 3428 2244 3468 esse
2278 3428 2384 3467 non
2409 3420 2606 3483 potest,
2661 3429 2762 3469 nec
2799 3415 3046 3486 religioni
3074 3417 3218 3472 illius
3243 3417 3523 3488 obtempe-

1951 3521 2095 3572 rare,
2127 3522 2251 3561 cum
2301 3506 2520 3561 assidue
2564 3523 2766 3562 numen
2795 3509 2946 3563 adire
2987 3510 3213 3579 supplex
3267 3520 3521 3580 nequeat,

1951 3599 2389 3670 quandoquidem
2421 3605 2654 3653 mentem
2684 3607 2738 3654 et
2760 3601 3094 3656 voluntatem
3121 3603 3376 3672 parandis
3405 3602 3525 3673 opi-

1953 3692 2055 3746 bus
2083 3692 2346 3746 intentam
2378 3691 2573 3745 habeat
2609 3710 2621 3745 :
2655 3692 2912 3762 quoniam
2968 3693 3061 3747 ubi
3097 3694 3413 3758 thesaurus,
3449 3694 3523 3748 ibi

1954 3790 2008 3837 et
2036 3797 2131 3837 cor
2158 3783 2306 3837 illius
2336 3782 2382 3813 ⁹⁰
2417 3802 2430 3836 :
2465 3783 2733 3854 siquidem
2768 3790 2949 3838 mente
2971 3786 3200 3848 volutat,
3219 3798 3327 3854 quo
3368 3800 3527 3840 acce-

1954 3874 2044 3928 det
2089 3882 2326 3944 capturae
2348 3876 2520 3945 gratia
2547 3894 2558 3929 :
2595 3884 2688 3930 aut
2719 3875 2861 3945 quod
2896 3876 2985 3929 illa
3013 3878 3298 3946 quaepiam,
3325 3878 3521 3940 amica,

1956 3965 2123 4019 oblita
2153 3974 2236 4021 est
2262 3968 2403 4037 ejus,
2428 3974 2482 4021 et
2531 3983 2639 4038 quo
2688 3967 2835 4020 illam
2892 3968 3051 4021 aliam
3096 3984 3346 4024 sermone.
3375 3984 3526 4023 com-

1956 4057 2159 4125 pellare
2196 4056 2410 4112 debeat.
2463 4057 2735 4114 Caeterum
2789 4074 2909 4128 qua:
2959 4059 3087 4113 talia
3133 4068 3382 4130 reputat,
3412 4076 3525 4116 non

1958 4148 2193 4217 amplius
2225 4150 2459 4203 orationi
2513 4151 2762 4214 vacabit,
2797 4151 2891 4206 sed
2928 4152 3152 4206 instanti
3181 4153 3521 4223 cogitationi.

1959 4239 2297 4310 Quapropter
2320 4242 2365 4296 si
2388 4241 2528 4297 forte
2543 4258 2641 4312 pro
2662 4244 2843 4313 aliquo
2855 4243 3065 4312 precari
3078 4243 3227 4307 velit,
3244 4258 3354 4296 non
3366 4257 3526 4298 exau-

1959 4334 2142 4388 dietur
2170 4349 2182 4383 :
2217 4348 2329 4388 non
2359 4334 2505 4389 enim
2529 4349 2594 4388 ex
2627 4342 2743 4387 toto
2773 4334 2959 4397 corde,
2991 4334 3085 4388 sed
3114 4341 3295 4389 mente
3325 4333 3525 4388 distra-

293 4429 515 4499 καρδίας
552 4430 845 4501 προσφέρει
888 4431 987 4502 τὴν
1037 4430 1221 4501 δέησιν
1261 4430 1469 4499 Κυρίῳ,
1516 4429 1653 4482 ἀλλὰ
1688 4430 1855 4501 μέμε-

1960 4432 2071 4490 cta,
2109 4424 2338 4480 Domino
2390 4424 2546 4480 oﬂ'ert
2596 4428 2986 4496 precationem.
3044 4425 3175 4492 Qua:
3205 4433 3381 4480 autem
3415 4425 3526 4481 Deo

301 4521 527 4592 ρισμένῃ
545 4522 767 4591 διανοίᾳ·
824 4522 941 4592 ἡδὲ
993 4521 1109 4592 Θεῷ
1156 4521 1451 4593 βουλομένη
1482 4522 1856 4593 προσανέχειν,

297 4611 576 4683 καθημένη
613 4612 777 4676 ἔνδον,
809 4598 993 4684 φρονεῖ
1017 4613 1086 4666 τὰ
1136 4612 1231 4666 τοῦ
1290 4614 1517 4684 Κυρίου,
1548 4614 1740 4676 νυκτὸς
1766 4616 1861 4667 καὶ

298 4705 506 4774 ἡμέρας
543 4706 944 4776 ἀκαταπαύστῳ
973 4705 1198 4775 στόματι
1244 4705 1426 4775 δέησιν
1482 4705 1865 4776 προσφέρουσα

300 4796 582 4867 εἰλικρινῆ.
619 4797 823 4868 ’Ὠσπερ
849 4793 941 4849 οὖν
971 4798 1063 4850 καὶ
1092 4799 1126 4867 ἡ
1151 4796 1432 4867 σοφωτάτη
1477 4796 1698 4865 Ἰουδὴθ,
1727 4814 1865 4868 μαρ-

301 4888 605 4959 τυρουμένη
636 4889 727 4941 ἐπ)⁸
758 4888 1099 4960 σωφροσύνῃ,
1131 4889 1323 4952 νυκτὸς
1344 4889 1437 4942 καὶ
1461 4890 1671 4959 ἡμέρας
1700 4889 1866 4941 ἐδεῖτο

301 4977 392 5030 τοῦ
450 4979 581 5032 Θεοῦ
612 4981 750 5051 ὑπὲρ
777 4979 871 5033 τοῦ
917 4982 1144 5051 Ἰσραήλ·
1202 4981 1373 5042 οὕτως
1399 4977 1489 5033 οὗν
1527 4982 1619 5033 καὶ
1646 4982 1677 5051 ή
1707 4982 1867 5050 ὁμοία

305 5071 439 5142 αὐτῇ
454 5072 594 5141 χήρα
606 5071 839 5136 ἔντευξιν
851 5072 1263 5125 ἀκατάπαυστον
1276 5073 1415 5143 ὑπὲρ
1427 5073 1523 5143 τῆς
1549 5073 1743 5144 Ἐκκλη
1751 5074 1868 5136 σίας

373 5230 418 5303 ξθ
453 5229 557 5303 lsa.
588 5247 642 5285 Vl
664 5272 679 5296 ,
710 5232 764 5287 9.
868 5232 1022 5303 "ei.
1059 5232 1375 5303 φλοιαριῶν.

305 5300 347 5330 ’ί
379 5299 564 5357 Judith
596 5318 680 5369 ιι,
714 5312 766 5358 et
792 5317 891 5356 xu.
920 5302 957 5355 1.
984 5299 1154 5373 Ign'at.
1188 5299 1442 5372 ititerpol.
1474 5302 1543 5358 ad
1572 5302 1783 5357 Philad.
1817 5304 1869 5357 4.

1482 5232 1528 5264 ⁸⁸
1568 5232 1606 5287 f.
1656 5232 1953 5297 πλουσίων,
1997 5234 2241 5288 divitum.

1964 4518 2205 4571 animum
2230 4516 2509 4572 intendere
2532 4515 2825 4583 desiderat,
2858 4518 2999 4571 intra
3028 4518 3268 4587 privatos
3294 4518 3526 4586 parietes

1966 4610 2181 4676 sedens,
2204 4612 2406 4681 cogitat
2461 4627 2584 4681 quae
2630 4612 2697 4665 ad
2744 4610 3032 4665 Dominum
3090 4612 3383 4680 pertinent,
3430 4625 3528 4680 per

1966 4711 2179 4757 noetem
2229 4718 2294 4758 ac
2346 4705 2487 4759 diem
2537 4719 2635 4759 ore
2689 4720 2965 4774 nunquam
3022 4712 3275 4759 cessante
3313 4717 3528 4772 precem

1966 4796 2236 4851 sinceram
2268 4796 2379 4851 Deo
2425 4796 2695 4851 deferens.
2746 4794 3213 4862 Quemadmodum
3256 4808 3386 4865 ergo
3441 4808 3524 4847 sa-
3596 4856 3601 4871 ε

1968 4891 2305 4959 pientissima
2351 4889 2572 4944 Juditha
2600 4889 2668 4953 θί,
2700 4888 2977 4958 pudicitia:
3034 4886 3349 4942 testimonio
3389 4884 3526 4939 cele-

1967 4984 2104 5046 bris,
2138 4992 2298 5037 uocte
2328 4998 2390 5038 ac
2429 4982 2516 5037 die
2545 4980 2711 5036 Deum
2745 4996 2843 5051 pro
2871 4978 3070 5035 lsraele
3098 4977 3488 5047 deprecabatur
3519 4986 3534 5035 ;

1968 5076 2041 5129 ita
2074 5090 2291 5147 quoque
2312 5075 2390 5128 illi
2418 5089 2516 5145 par
2542 5073 2723 5139 vidua,
2756 5072 3126 5126 indesinenter
3147 5085 3244 5139 pro
3288 5066 3531 5122 Ecclesia

2357 5232 2401 5263 ”
2440 5231 2544 5285 lsa.
2587 5244 2735 5293 xm,
2769 5227 2856 5281 l5.
2992 5228 3035 5258 °°
3090 5225 3279 5280 Matth.
3311 5240 3386 5288 vr,
3437 5223 3527 5277 2i.

1593 5460 1954 5517 VARIOBUM
1991 5460 2221 5517 NOTAE.

392 5592 483 5663 45)
504 5595 1127 5664 Ἢμαστροπεύουσινι
1150 5596 1352 5651 Desunt
1371 5598 1426 5650 in
1453 5597 1663 5651 eodem.
1689 5597 1860 5654 Cum.

372 5596 491 5737 iui)
532 5666 770 5717 Τούτου.
813 5664 959 5737 Alter
1004 5665 1125 5721 cod.
1160 5667 1306 5737 addit
1349 5669 1443 5720 καὶ
1473 5670 1583 5729 τοῖς
1606 5668 1860 5737 ὠσὶνίβα-

354 5664 492 5748 ((46).
532 5666 778 5748 Τούτου,
802 5664 959 5748 Alter
1004 5665 1306 5748 cod._addit
1349 5669 1443 5720 καὶ
1473 5668 1869 5748 cuiq-distaba-

307 5731 443 5808 ρέως
466 5731 727 5807 ἤκουσαν,
763 5731 905 5798 quod
927 5736 1206 5801 sequentia
1235 5734 1396 5789 etiam
1423 5737 1715 5805 postulant.
1749 5731 1824 5793 ib.

377 5806 488 5877 (47)
541 5799 1114 5870 Ἐμπεριτρέχουσαι,
1169 5803 1227 5858 In
1266 5805 1415 5860 codd.
1469 5806 1864 5875 ἐπιτρέχουσαι,

590 5895 859 5951 Parnm"
906 5891 1022 5953 Gn.
1056 5895 1104 5954 Ι.

1971 5599 2061 5683 vel,
2077 5596 2456 5683 ἐύτρ-έχουσαι.
2492 5595 2568 5683 in.
2734 5665 2752 5683 Α
2771 5666 2783 5683 .
2969 5662 3013 5683 Γ
3168 5662 3189 5683 ι
3422 5660 3434 5678 ο

2043 5668 2153 5739 (48)
2169 5662 2705 5746 ,ξΕάιρ-ωρεύουσαι.
2723 5665 2877 5721 Alter
2895 5662 3141 5718 codicum
3168 5662 3532 5735 ἐπισωρεύου·

1977 5734 2060 5801 at,
2083 5734 2293 5791 melius.
2321 5734 2398 5790 lo.

2045 5806 2155 5879 (49)
2186 5810 2475 5875 Ἐχουσα.
2507 5805 2659 5862 Alter
2684 5804 2807 5864 cod.
2838 5803 3210 5875 txet,rectius.
3239 5799 3319 5859 In.

3128 5897 3208 5959 25
