4064 6264
545 338 649 396 779

1391 338 1447 394 S.
1489 338 1887 395 CLEMENTIS
1924 341 1946 393 ι
1984 338 2148 397 ΒΟΜ.
2198 340 2398 398 ΡΟΝΤ.
2438 338 2665 395 OPERA
2703 338 2926 395 DUBIA.

3681 335 3785 391 780

543 457 651 513 Deo
689 455 1059 526 supplic-abit;
1107 456 1202 525 qui
1250 455 1505 510 exaudiet
1561 470 1703 520 eam,
1735 454 1997 525 quoniam
2051 456 2110 510 in

2213 456 2488 528 προσοίσει
2539 456 2675 526 Θεῷ,
2693 454 2783 506 καὶ
2798 452 3167 505 είσακούσεται
3188 450 3375 521 αὐτῆς,
3387 450 3545 504 διὰτὸ
3557 450 3655 522 τὴν
3669 450 3786 503 διά-

538 549 644 604 hoc
681 547 857 603 solum
900 555 1080 602 mente
1111 547 1330 617 alligata
1362 556 1467 610 est,
1511 555 1566 601 et
1592 562 1769 616 neque
1795 547 1860 601 ad
1883 548 2110 602 insatia-

536 647 646 693 tam
669 639 1007 702 aviditatem,
1042 654 1219 709 neque
1256 639 1324 694 ad
1354 647 1727 709 sumptuosam
1756 638 2111 709 cupiditatem

536 731 802 787 incumbit
826 749 840 797 ;
876 738 1038 802 atque
1063 731 1256 785 oculus
1281 730 1402 798 ejus
1421 738 1506 786 est
1528 739 1734 794 castus,
1774 731 1926 786 auris
1953 745 2109 784 mun-

531 823 624 889 da,
655 838 850 878 manus
882 821 1196 892 impolluta,
1232 821 1394 891 pedes
1424 820 1618 891 quieti,
1644 836 1708 876 os
1739 820 1975 891 denique
2005 830 2106 877 ne-‘-

534 931 643 986 que
685 914 753 969 ad
784 914 1099 986 ingluviem,
1140 930 1318 983 neque
1356 914 1424 969 ad
1473 913 1709 984 ineptias
1754 921 2106 984 promptum;

534 1006 628 1061 sed
658 1007 885 1077 loquens
920 1005 1139 1077 quidem
1189 1021 1309 1076 quae
1338 1005 1660 1069 condecent,
1711 1020 1775 1059 ea
1804 1019 1934 1060 vero
1967 1004 2110 1059 dun-

535 1106 687 1152 taxat
744 1114 967 1155 sumens
1018 1113 1138 1168 quae
1179 1097 1552 1153 sustentandae
1586 1097 1709 1152 vitae
1749 1098 2105 1153 conveniunt.

535 1190 666 1257 Quae
698 1191 778 1246 sic
819 1190 980 1245 fuerit
1007 1190 1197 1259 proba,
1255 1190 1438 1259 gravis
1483 1203 1548 1242 ac
1578 1189 1785 1251 sedata,
1818 1187 1928 1243 Deo
1958 1203 2109 1243 com-

535 1283 769 1352 placebit
788 1282 1094 1351 ;simulque
1115 1295 1179 1335 ac
1202 1279 1406 1350 aliquid
1425 1280 2109 1350 postulaverit,praaveniet

534 1390 656 1429 eam
682 1373 934 1445 largitio:
973 1392 992 1425 ‹
1027 1372 1219 1427 Adhuc
1263 1371 1430 1434 enim,
1485 1371 1683 1443 inquit,
1739 1373 1994 1442 loquente
2032 1379 2106 1436 te,

536 1466 715 1521 dicam
755 1487 765 1521 :
794 1465 931 1520 Ecce
961 1464 1153 1521 adsum
1185 1466 1249 1519 θ’.
1293 1485 1312 1518 ι
1341 1462 1389 1498 ⁸³
1421 1463 1621 1520 Eadem
1652 1466 1838 1535 igitur,
1869 1466 1939 1519 sit
1968 1465 2109 1520 divi-

539 1558 739 1612 tiarum
771 1557 1159 1626 contemptrix,
1189 1556 1333 1613 fastu
1374 1572 1591 1622 carens,
1626 1574 1736 1612 non
1778 1558 1922 1631 turpi
1955 1560 2111 1615 lucro

536 1648 739 1714 dedita,
768 1664 878 1703 non
930 1649 1299 1719 inexplebilis,
1349 1664 1458 1704 non
1486 1665 1698 1717 vorax;
1742 1650 1852 1705 imo
1902 1659 2110 1723 tempe-

2211 564 2363 601 νοιαν
2385 548 2551 618 αὐτῆς
2584 547 2719 617 πρὸς
2737 546 2880 617 μόνῳ
2898 545 3068 614 τούτῳ
3085 543 3370 615 ἠρτῆσθαι,
3384 542 3478 595 καὶ
3491 543 3625 613 μήτε
3654 542 3789 613 πρὸς

2210 638 2535 709 ἀπληστίαν,
2563 638 2699 707 μήτε
2728 636 2869 707 πρὸς
2897 635 3190 705 ἐπιθυμίαν
3214 633 3585 687 πολυδάπανον
3612 635 3790 689 ὲκκεῖ-
3838 665 3846 671 -

2211 730 2356 784 σθαι⁶
2371 731 2457 783 ὅτε
2474 728 2748 798 ὀφθαλμὸς
2760 728 2928 797 αὐτῆς
2942 726 3122 795 ἁγνὸς,
3135 727 3228 780 καὶ
3246 727 3278 796 ὴ
3298 726 3435 796 ἀκοὴ
3449 726 3680 797 καθαρὰ,
3695 730 3790 780 καὶ
3846 790 3852 796 _

2212 824 2267 875 αί
2285 825 2464 894 χεῖρες
2494 820 2805 892 άμόλυντοι,
2840 819 2935 872 καὶ
2960 819 3009 870 οἱ
3039 818 3197 879 πόδες
3231 817 3423 886 ἥσυχοι
3462 815 3595 887 (50),
3617 817 3790 871 καὶτὸ

2212 914 2383 983 στόμα
2410 913 2533 966 οὔτε
2570 912 2705 983 πρὸς
2719 908 3066 981 λαιμαργίαν,
3088 907 3210 960 οὔτε
3227 907 3633 980 πρὺςφλυαρίαν
3651 909 3791 962 ἓτοι-
3842 895 3859 937 τ

2212 1021 2334 1074 μον,
2366 1003 2501 1057 ἀλλὰ
2528 1000 2720 1056 λαλοῦν
2744 1003 2841 1073 μὲν
2856 1001 2924 1054 τὰ
2948 1000 3154 1063 δέοντα,
3179 998 3589 1070 μεταλαμϐάνον
3613 1000 3671 1053 δὲ
3712 993 3789 1054 ὧν

2213 1094 2455 1165 προσῆκε
2482 1094 2570 1147 διὰ
2593 1094 2759 1164 μόνην
2775 1092 2873 1163 τὴν
2890 1092 3166 1145 σύστασιν.
3186 1089 3341 1145 Οὕτω
3354 1092 3522 1164 σεμνὴ
3542 1092 3635 1146 καὶ
3652 1092 3788 1146 ἀτά-

2213 1203 2374 1257 ραχος
2402 1185 2738 1257 ὑπάρχουσα,
2769 1184 3058 1255 εὐάρεστος
3083 1182 3234 1236 ἔσται
3278 1183 3355 1255 τῷ
3382 1184 3518 1254 Θεῷ’
3550 1184 3643 1237 καὶ
3671 1185 3788 1256 ἅμα

2210 1277 2288 1348 τῷ
2319 1277 2642 1349 αίτήσασθαι
2671 1280 2839 1349 αὑτήν
2881 1294 2971 1339 τι,
3004 1275 3309 1347 προφθάσει
3364 1276 3531 1347 αὐτὴν
3559 1277 3592 1347 ἠ
3620 1276 3783 1340 δόσις·

2219 1371 2373 1423 «Ἔτι
2392 1370 2499 1442 γὰρ
2519 1369 2634 1435 σοῦ,
2666 1370 2820 1441 φησὶ,
2840 1369 3125 1433 λαλοῦντος
3151 1368 3279 1442 ἐρῶ·
3341 1369 3470 1422 Ἰδοὺ
3501 1368 3781 1442 πάρειμι.»

2212 1462 2447 1535 Τοιαύτη
2479 1462 2536 1516 δὲ
2563 1459 2718 1526 οὖσα,
2777 1463 3068 1534 ὑπαρχέτω
3119 1460 3508 1533 άφιλάργυρος,
3562 1462 3783 1531 ἄτυφος,

2219 1557 2295 1627 μὴ
2323 1556 2736 1628 αἰσχροκερδὴς,
2789 1556 2862 1627 μὴ
2894 1555 3185 1627 ἄπληστος,
3219 1554 3294 1625 μὴ
3324 1554 3519 1624 λίχνος·
3550 1553 3661 1607 ἀλλ’
3692 1556 3785 1624 ἐγ·-

2218 1650 2447 1722 κρατὴς,
2466 1651 2689 1719 πραεῖα,
2713 1649 3004 1720 άτάραχος,
3041 1646 3292 1718 εὐλαϐὴς,
3342 1648 3618 1718 αἰδήμων,
3649 1648 3783 1701 καθ-

535 1754 686 1802 rans,
719 1746 1022 1805 mansueta,
1045 1740 1358 1810 tranquilla,
1377 1741 1653 1811 religiosa,
1675 1743 2003 1807 verecunda,
2035 1758 2113 1799 se-

2217 1742 2391 1813 ημένη
2432 1745 2488 1796 ὲν
2534 1745 2600 1814 τῇ
2632 1744 2778 1816 οἰκίᾳ
2811 1745 3000 1814 αὐτῆς,
3031 1742 3325 1813 ψάλλουσα,
3350 1742 3781 1812 προσευχομένη,

536 1833 671 1887 dens
694 1831 838 1886 domi
856 1848 986 1896 suae,
1011 1833 1270 1903 psallens,
1286 1848 1471 1896 orans,
1490 1832 1694 1903 legens,
1710 1834 1960 1903 vigilans,
1973 1834 2115 1904 jeju-

2216 1834 2677 1903 ἁναγινώσκουσα,
2714 1834 3086 1907 άγρυπνοῦσα,
3131 1836 3479 1905 νηστεύουσα,
3499 1833 3617 1904 Θεῷ
3646 1833 3782 1887 πάν-

537 1939 824 1988 nans,cum
852 1922 1188 1993 Deosemper
1202 1925 1517 1994 colloquens
1546 1925 1777 1979 canticis
1792 1932 1846 1980 ct
1875 1926 2109 1996 hymnis.

536 2014 739 2069 Lanam
766 2015 1036 2079 faciendo,
1077 2016 1202 2071 aliis
1223 2016 1405 2086 potius
1433 2016 1760 2086 suppeditet.
1792 2032 1953 2086 quam
1978 2018 2095 2087 ipsa

537 2110 721 2179 aliquo
742 2109 1006 2179 indigeat;
1039 2123 1244 2164 memor
1262 2108 1482 2162 viduam
1513 2107 1739 2161 Domino
1758 2106 2113 2178 inEvangelio

538 2202 925 2271 comprobatae,
946 2215 1067 2269 quae
1096 2200 1319 2255 veniens
1342 2198 1409 2252 ad
1442 2199 1723 2267 templum,
1759 2200 1813 2251 in
1842 2200 2115 2270 galeplrj-

538 2292 736 2346 lacium
771 2292 918 2347 misit
947 2291 1056 2345 duo
1083 2305 1192 2345 aera
1238 2290 1448 2343 minuta
1470 2329 1485 2353 ,
1518 2290 1663 2359 quod
1692 2299 1775 2343 est
1799 2291 2109 2359 quadrans;

537 2393 592 2438 at
641 2399 763 2440 eam
794 2383 1024 2437 intuitus
1054 2382 1237 2437 cordis
1260 2382 1511 2450 cognitor
1567 2381 1819 2437 Christus
1851 2382 2112 2438 Dominus

537 2488 724 2531 noster
763 2491 829 2530 ac
869 2475 1148 2545 magister,
1181 2475 1254 2528 ait
1291 2491 1305 2528 :
1348 2492 1369 2524 ι
1403 2474 1575 2528 Amen
1603 2474 1727 2529 dico
1762 2475 1936 2539 vobis,
1969 2491 2109 2545 quo-

537 2567 683 2620 niam
709 2567 822 2621 hiBC
856 2566 1016 2620 vidua
1055 2568 1174 2636 plus
1204 2565 1458 2620 omnibus
1501 2565 1650 2620 misit
1683 2565 1737 2619 in
1785 2566 2113 2637 gazophyla-

537 2659 683 2713 cium
711 2678 725 2714 :
751 2659 881 2729 quia
913 2673 1104 2717 omnes
1147 2674 1215 2713 ex
1258 2657 1591 2713 abundantia
1641 2673 1741 2713 sua
1798 2658 2108 2726 miserunt;

536 2751 651 2807 haec
673 2762 874 2817 autem,
905 2750 971 2805 de
995 2751 1244 2821 penuria,
1271 2765 1488 2806 omnem
1524 2750 1731 2805 victum
1762 2766 1922 2806 suum
1948 2768 2109 2821 quem

536 2843 726 2898 habuit
747 2843 812 2898 θλ.
854 2863 873 2896 ι
907 2841 1091 2913 Itaque
1129 2850 1343 2913 oportet
1372 2842 1567 2898 viduas
1612 2844 1843 2899 honeste
1893 2853 2110 2899 aetatem

536 2951 716 3006 agere,
742 2936 1055 2991 obedientes
1084 2934 1377 3005 episcopis,
1401 2936 1736 3005 presbyteris
1754 2944 1810 2989 et
1838 2935 2107 2999 diaconis,

536 3028 864 3098 'msuperque
893 3036 948 3084 et
971 3027 1331 3093 diaconissis;
1370 3035 1701 3090 reverentes,
1737 3028 2106 3097 pudibundas,

2214 1943 2333 1978 τοτε
2357 1926 2757 1998 προσομιλοῦσα
2768 1928 2931 1999 ᾠδαῖς
2959 1927 3053 1980 καὶ
3073 1926 3282 1996 ὓμνοις’
3306 1924 3427 1996 ἔριά
3444 1941 3501 1976 τε
3521 1924 3788 1996 ἐκλαμϐά-

2214 2035 2379 2071 νουσα
2399 2061 2412 2085 ,
2450 2018 2655 2089 ἑτέροις
2679 2017 2875 2088 μᾶλλον
2893 2016 3306 2088 ὲπιχορηγείτω,
3329 2016 3473 2087 ἤπερ
3491 2017 3626 2087 αὐτη
3644 2033 3786 2080 τινος

2212 2110 2430 2164 δεέσθω·
2458 2111 2868 2182 μιμνησκομένη
2899 2111 2996 2181 τῆς
3023 2111 3081 2163 ὲν
3108 2109 3186 2180 τῷ
3229 2108 3543 2179 Εύαγγελίῳ
3573 2126 3784 2181 μεμαρ-

2213 2204 2524 2275 τυρημένης
2571 2203 2677 2257 ὑπὸ
2719 2202 2815 2256 τοῦ
2847 2202 3054 2272 Κυρίου
3086 2202 3279 2272 χήρας,
3309 2201 3432 2270 ἥτις
3461 2199 3689 2253 ἐλθοῦσα
3726 2202 3784 2256 ὲν

2212 2296 2289 2367 τῷ
2337 2297 2483 2367 ἱερῷ,
2517 2295 2701 2349 ἔϐαλεν
2721 2298 2800 2359 είς
2827 2295 2888 2348 τὸ
2914 2294 3311 2363 γαζοφυλάκιον
3370 2292 3439 2346 τὰ
3464 2292 3555 2345 δύο
3587 2290 3781 2357 λεπτὰ,

2212 2389 2346 2460 ὅπερ
2384 2388 2498 2441 ἐστὶ
2524 2388 2839 2458 κοδράντηςο
2873 2388 2964 2440 καί
2990 2386 3320 2456 θεασάμενος
3364 2385 3530 2456 αὐτὴν
3573 2385 3602 2437 ό
3646 2401 3784 2456 καρ-

2211 2481 2538 2553 διογνώστης
2566 2480 2799 2551 Χριστὸς
2828 2482 2856 2533 ὁ
2899 2479 3099 2549 Κύριος
3127 2479 3281 2549 ἡμῶν
3319 2480 3412 2531 καὶ
3447 2477 3782 2544 διδάσκαλος,

2212 2568 2383 2625 εἶπεν·
2404 2593 2422 2623 ι
2447 2573 2615 2644 Ἀμὴν
2645 2572 2787 2641 λέγω
2816 2572 2962 2642 ὑμῖν,
2984 2572 3064 2624 ὅτι
3085 2570 3219 2641 αὓτη
3242 2572 3273 2640 ἡ
3295 2570 3439 2640 χήρα
3457 2569 3635 2621 πλεῖον
3649 2568 3785 2622 πάν-

2211 2680 2317 2718 των
2362 2664 2548 2718 ἔϐαλεν
2578 2666 2657 2726 είς
2682 2664 2743 2717 τὸ
2756 2663 3165 2732 γαζοφυλάκιον
3206 2666 3287 2718 ὅτι
3314 2665 3363 2716 οί
3386 2662 3582 2724 πάντες
3604 2662 3669 2713 ἐκ
3685 2659 3783 2713 τοῦ

2212 2756 2644 2827 περισσεύματος
2674 2756 2849 2808 αὐτῶν
2878 2754 3088 2821 ἔϐαλον,
3118 2755 3253 2827 αὕτη
3290 2756 3346 2809 δὲ
3386 2756 3450 2809 ὲκ
3484 2753 3577 2806 τοῦ
3624 2755 3787 2807 ὑστε-

2214 2850 2457 2919 ρήματος
2489 2848 2610 2901 ὅλον
2639 2848 2807 2919 αὐτῆς
2845 2847 2935 2901 τὸν
2967 2847 3079 2917 βίον
3104 2848 3164 2900 ὃν
3210 2842 3340 2917 εἶχε.
3382 2865 3399 2898 ι
3448 2845 3657 2916 Σεμνάς
3687 2841 3787 2899 οὖν

2210 2943 2290 2994 δεῖ
2319 2937 2456 2994 εἶναι
2484 2941 2581 3003 τὰς
2609 2942 2802 3011 χήρας,
2838 2939 3166 3010 πειθομένας
3201 2940 3312 3002 τοῖς
3347 2937 3662 3000 ἐπισκόποις
3688 2937 3789 2991 καὶ

2210 3036 2323 3097 τοῖς
2349 3032 2737 3105 πρεσϐυτέροις
2788 3032 2883 3085 καὶ
2925 3034 3037 3094 τοῖς
3082 3030 3368 3097 διακόνοις,
3411 3029 3490 3082 ἔτι
3539 3028 3643 3100 μὴν
3689 3029 3790 3084 καὶ

535 3130 861 3182 metuentes,
888 3135 998 3175 non
1030 3119 1256 3175 liberius
1288 3119 1472 3173 vivere
1501 3133 1565 3172 ac
1593 3118 1649 3172 in
1681 3134 1778 3174 sua
1808 3134 1931 3175 esse
1957 3128 2107 3189 pote-

2211 3129 2327 3190 ταῖς
2364 3127 2648 3193 διακόνοις,
2681 3124 3099 3195 εὐλαϐουμένας,
3130 3122 3549 3194 ὲντρεπομένας,
3583 3125 3786 3190 φοϐου-

536 3220 676 3270 state
730 3213 984 3275 nitentes,
1036 3226 1213 3281 neque
1262 3206 1400 3263 citra
1453 3210 1831 3281 praescriptum
1869 3211 2109 3265 volentes

2219 3218 2405 3290 μένας,
2440 3217 2513 3289 μὴ
2542 3214 3084 3283 κατεξουσιαξούσας,
3118 3216 3253 3286 μήτε
3284 3214 3433 3286 παρὰ
3471 3213 3569 3284 τὴν
3598 3212 3787 3266 διατα-

536 3304 833 3374 quidquam
875 3302 1053 3357 facere
1098 3302 1217 3356 sine
1267 3301 1483 3355 diaconi
1532 3300 2112 3373 voluntate;exempli

2214 3314 2315 3383 γήν
2349 3330 2403 3365 τι
2449 3313 2620 3365 ποιεῖν
2670 3310 2923 3373 θελούσας
2958 3309 3078 3379 δίχα
3105 3307 3327 3379 γνώμης
3363 3305 3456 3359 τοῦ
3503 3306 3784 3372 διακόνου,
3896 3302 3897 3305 “

535 3410 723 3462 causa,
758 3395 805 3450 si
844 3393 1178 3465 pergendum
1209 3393 1280 3448 sit
1336 3394 1402 3448 ad
1462 3394 1698 3463 aliquem
1722 3433 1736 3459 ,
1787 3401 1846 3449 ut
1893 3409 2016 3449 cum
2048 3383 2113 3450 eo

537 3487 866 3542 manducent
914 3501 977 3540 ac
1003 3487 1214 3549 bibant,
1254 3486 1337 3540 vel
1367 3485 1573 3555 aliquid
1610 3487 1677 3540 ab
1731 3486 1915 3557 aliquo
1968 3488 2113 3541 acci-

539 3580 710 3649 piant.
765 3578 861 3633 Sin
890 3594 1017 3634 vero
1043 3578 1250 3648 injussa
1284 3578 1481 3632 horum
1512 3578 1807 3649 quidquam
1834 3587 2112 3649 perpetra-

537 3672 631 3737 rit,
656 3671 865 3741 jejunio
894 3670 1152 3740 punietur
1203 3678 1296 3725 aut
1326 3678 1661 3741 segregetur,
1695 3677 1955 3741 tanquam
1987 3686 2111 3741 pro-

539 3770 690 3818 terva
713 3770 767 3819 et
794 3761 1230 3819 inconsiderans.

1118 3874 1349 3931 CAPUT
1390 3876 1529 3932 VIII.

542 3965 694 4032 Quod
724 3983 826 4021 non
855 3977 1080 4041 oportet,
1107 3978 1165 4021 ut
1206 3968 1270 4026 ab
1310 3968 1797 4041 indignisgqcoip‘iat
1822 3967 1998 4034 vidua,
2031 3970 2108 4023 vel

919 4039 1211 4107 episcopus,
1248 4038 1326 4093 vel
1358 4038 1498 4094 aliis
1523 4038 1722 4109 ﬁdelis.

612 4127 767 4184 Unde
796 4129 942 4185 enim
984 4131 1148 4185 vidua
1183 4131 1357 4197 novit,
1401 4131 1580 4202 qualis
1629 4131 1700 4187 sit
1743 4145 1804 4185 ea
1852 4130 2046 4187 mulier
2076 4147 2106 4186 a

536 4236 644 4290 qua
671 4222 898 4292 accipit,
933 4230 1028 4276 aut
1069 4239 1138 4278 ex
1172 4238 1408 4295 quonam
1455 4223 1760 4279 ministerio
1790 4222 2105 4279 alimentum

537 4311 788 4383 apponit;
823 4323 1007 4369 utrum
1035 4331 1104 4371 ex
1126 4316 1339 4386 rapina,
1366 4322 1462 4369 aut
1480 4331 1546 4371 ex
1577 4315 1682 4368 alia
1712 4315 1965 4386 quapiam
1988 4322 2105 4370 arte

536 4404 758 4461 illicita?
777 4406 963 4463 Nescit
989 4407 1154 4463 vidua
1177 4407 1512 4463 reddituram
1539 4423 1598 4464 se
1620 4406 1729 4463 Deo
1748 4407 2014 4463 rationem
2035 4407 2103 4463 de

2213 3400 2322 3457 οἷον
2352 3404 2412 3457 τὸ
2444 3403 2579 3474 πρός
2614 3419 2734 3455 τινα
2778 3400 3115 3463 άπελθούσας
3162 3398 3273 3470 (SI)
3327 3398 3420 3450 ἐπὶ
3472 3397 3533 3449 τὸ
3588 3402 3786 3467 φαγεῖν

2216 3499 2343 3567 παρ’
2366 3495 2513 3567 αύτῴ
2544 3495 2636 3548 καὶ
2664 3496 2830 3559 πιεῖν,
2863 3492 2894 3563 ἦ
2924 3492 3105 3545 λαϐεῖν
3132 3508 3183 3543 τι
3222 3489 3373 3562 παρά
3424 3506 3588 3551 τινος.
3619 3489 3682 3542 Εἰ
3727 3489 3785 3544 δὲ

2216 3592 2289 3662 μὴ
2320 3590 2662 3645 κελευσθεῖσα
2682 3589 2880 3658 ποιήσῃ
2898 3586 2954 3638 ἓν
2973 3603 3027 3637 τι
3054 3584 3256 3636 τούτων
3278 3582 3410 3654 (52),
3440 3580 3787 3651 ὲπιτιμάσθω

2212 3683 2456 3754 νηστείᾳ,
2488 3681 2521 3752 ἢ
2552 3679 2917 3751 άφοριζέσθω,
2946 3678 3023 3741 ὡς
3060 3676 3355 3748 προπετὴς.

2735 3861 3129 3918 ΚΕΦΑΛΑΙΟΝ
3171 3862 3251 3914 H'.

2213 3963 2335 4015 Ὅτι
2365 3962 2436 4015 οὐ
2466 3959 2579 4029 χρὴ
2611 3958 2767 4026 παρὰ
2787 3956 3050 4029 ἀναξξρν
3067 3952 3394 4029 ieratierat"
3422 3950 3537 4019 τὴν
3563 3949 3780 4029 χήρανν

2350 4031 2389 4100 ἢ
2420 4023 2525 4085 τὸῖρ
2554 4023 2890 4083 ἐπίσίκοπον
2917 4026 3031 4097 (55)
3053 4065 3066 4087 ,
3102 4024 3140 4093 ἢ
3172 4025 3366 4093 ἀλλον
3402 4023 3636 4075 πιστόν.

2278 4124 2343 4176 Τί
2372 4122 2480 4193 γάρ
2496 4122 2804 4183 ἐπίσταται,
2826 4118 2987 4172 ὁποία
3006 4118 3089 4181 τίς
3108 4117 3245 4177 ἐστι,
3265 4116 3393 4185 παρ’
3413 4109 3478 4183 ἦς
3494 4110 3782 4183 λαμϐάνει,

2207 4216 2241 4287 ἢ
2272 4217 2337 4269 ὲκ
2366 4214 2616 4285 ποταπῆς
2644 4212 2920 4274 διακονίας
2948 4208 3283 4281 παραϐάλλει
3306 4206 3414 4277 (54)
3434 4205 3530 4275 τὴν
3550 4203 3782 4276 τροφὴν,

2209 4310 2434 4380 πότερον
2450 4306 2509 4371 ἐξ
2525 4302 2801 4379 ἁρπαγῆς,
2822 4304 2856 4374 ἢ
2874 4304 3067 4375 ἐτέρας
3089 4301 3233 4365 τινὸς
3258 4301 3320 4353 ού
3340 4297 3513 4368 καλῆς
3529 4296 3780 4367 ἀγωγῆςς

2208 4402 2322 4455 Οὐκ
2353 4399 2691 4469 ἐπισταμένη
2725 4397 2838 4469 (55)
2869 4399 2903 4468 ἡ
2933 4397 3077 4468 χήρα
3117 4395 3198 4447 ὅτι
3236 4393 3373 4466 ὑπὲρ
3398 4392 3518 4455 ἐνὸς
3546 4391 3784 4445 ἑκάστου

538 4498 772 4569 singulis
803 4499 956 4556 hisce
986 4500 1173 4565 rebus,
1205 4499 1427 4570 quando
1455 4500 1684 4570 accipiet
1716 4500 1935 4570 indigne
1968 4498 2101 4555 Deo.

2211 4493 2407 4547 τούτων
2449 4490 2607 4545 δώσει
2651 4488 2807 4558 λόγον
2853 4488 2992 4559 Θεῷ,
3038 4485 3299 4558 δεχομένη
3344 4483 3576 4548 ἀναξίως
3618 4482 3779 4537 Θεοῦ·

534 4586 720 4658 Neque
748 4590 890 4645 enim
921 4590 1235 4647 sacerdotes
1267 4606 1507 4661 unquam
1548 4591 1838 4647 admittent
1867 4595 2099 4660 sponta-

536 4694 639 4733 nea
674 4680 989 4751 hujusmodi
1020 4683 1266 4740 mulieris
1292 4683 1473 4748 dona;
1499 4682 1662 4737 veluti
1688 4681 1826 4738 furis
1856 4688 1950 4736 aut
1980 4696 2099 4736 me-

535 4771 770 4828 retricis.
799 4771 1074 4845 Scriptum
1100 4785 1186 4831 est
1207 4775 1384 4831 enim:
1426 4792 1445 4827 ι
1479 4774 1597 4830 Non
1627 4774 1982 4844 concupisces
2010 4787 2099 4828 res

2205 4585 2325 4639 οὔτε
2349 4584 2456 4657 γάρ
2484 4584 2533 4636 οἱ
2567 4583 2730 4654 ἱερεῖς
2757 4580 3011 4650 τοιαύτης
3033 4576 3393 4647 ὲκουσιασμὸν
3419 4574 3659 4639 δέξονταί
3689 4590 3787 4628 πο·

2203 4695 2282 4740 τε,
2304 4674 2413 4731 οἷον
2458 4676 2727 4747 ἅρπαγος,
2761 4672 2794 4744 ἦ
2824 4672 3045 4743 πόρνης.
3092 4670 3403 4741 Γέγραπται
3439 4668 3578 4738 γάρ’
3617 4685 3635 4718 ι
3663 4667 3785 4720 Οὐκ

2206 4762 2563 4841 ἐπιθυμήσεις
2590 4767 2660 4821 τά
2685 4765 2779 4819 τοῦ
2802 4763 2912 4837 (56)
2941 4763 3184 4834 πλησίον·
3224 4781 3242 4814 ι
3281 4761 3393 4819 καί·
3448 4781 3465 4812 ι
3503 4760 3578 4813 Ού
3610 4774 3783 4829 προσ-

640 4929 685 4964 ⁹⁹
724 4930 827 4984 lsa.
869 4944 1000 4984 Lvm
1022 4971 1037 4997 ,
1069 4931 1123 4988 9.
1200 4932 1244 4964 ⁸³
1273 4932 1310 4985 l.
1350 4928 1517 5003 Ignat.
1550 4930 1804 5000 interpol.
1835 4930 1903 4984 ad
1932 4926 2143 4983 Philad.
2174 4928 2227 4983 4.
2304 4928 2349 4958 ³⁸
2392 4926 2557 4981 Marc.
2593 4937 2703 4989 xu,
2733 4922 2838 4989 43;
2879 4920 3013 4977 Luc.
3044 4937 3135 4976 χιι
3157 4960 3171 4986 ,
3203 4922 3256 4977 3.

1842 5104 2203 5164 VARIORUM
2238 5100 2469 5158 NOTAE.

610 5269 1170 5338 (50)”Ησυχοι.Α1ιει·
1197 5267 1320 5323 cod.
1346 5268 1661 5339 [sanquales
1698 5276 1825 5323 sunt
1855 5268 1946 5339 qui
1985 5283 2093 5321 non

2211 5266 2370 5322 tionis
2401 5267 2563 5321 verba
2602 5273 2750 5320 recte
2799 5264 2999 5317 absunt
3047 5262 3101 5315 in
3150 5260 3322 5315 altero
3365 5256 3779 5339 cod._Vindob.

537 5356 683 5395 nunc
700 5341 867 5465 clitaéo
888 5339 1079 5409 gradu,
1122 5353 1267 5393 nunc
1296 5338 1470 5403 tardo,
1494 5339 1791 5405 incedunt;
1826 5340 1917 5394 sed
1947 5339 2097 5407 gravi

537 5418 592 5465 et
623 5425 761 5465 nan.
837 5426 959 5464 LER.

537 5418 592 5465 et
623 5410 761 5465 nari.
790 5410 959 5465 Cum.

670 5478 1162 5550 1)⁹Απελθούσας.
1194 5479 1345 5534 Alter
1367 5479 1488 5533 cod.
1523 5479 1793 5548 ἀπελθεῖν,
1823 5479 1967 5549 quod
1993 5494 2106 5533 nic-

540 5548 647 5604 iius
675 5548 911 5607 videtur.
938 5551 1014 5604 In.

612 5618 722 5683 (52)
758 5621 1001 5690 Τούτων.
1060 5618 1232 5690 liabet
1283 5619 1421 5674 idem
1446 5620 1553 5672 τῶν
1600 5621 1923 5690 εἰρημένων,
1959 5617 2102 5689 quod

544 5687 811 5757 glossema
843 5689 1068 5744 redolet.
1095 5688 1170 5743 In.

619 5754 807 5829 (53)?!
824 5758 927 5815 τὸν
948 5759 1298 5813 ἐπίσκοπον.
1327 5758 1449 5817 lIzcc
1476 5767 1528 5816 ct
1561 5761 1840 5830 sequentia
1870 5759 2101 5827 inscrip-

3509 5329 3585 5383 In.

2284 5406 2396 5473 (54)
2430 5404 2826 5473 Παραϐάλλει.
2862 5402 3014 5456 Alter
3046 5404 3292 5473 χορηγεῖ,
3322 5399 3481 5473 quod
3499 5399 3687 5455 nescio
3709 5414 3779 5452 an

2210 5471 2321 5530 non
2349 5471 2419 5530 sit
2440 5471 2644 5548 glossa.
2670 5474 2832 5528 Certe
2852 5471 3217 5542 παραϐάλλειν
3249 5473 3428 5526 rarius
3468 5471 3574 5529 hoc
3609 5484 3780 5524 sensu

2208 5545 2472 5601 occurrit.
2509 5545 2586 5599 In.

2280 5616 2393 5684 (55)
2421 5619 2539 5669 Οὐκ
2568 5615 2956 5684 ἐπισταμένη.
2980 5612 3133 5684 Alter
3161 5614 3352 5684 ἀγνοεῖ
3377 5613 3573 5665 τοίνυν.
3607 5609 3688 5664 In.

2283 5676 2395 5758 (56)
2434 5685 2508 5740 Τὰ
2544 5683 2667 5738 τοῦ.
2699 5676 2850 5739 Alter
2893 5676 2961 5740 τὰ
2982 5683 3088 5736 τῶν
3110 5676 3225 5753 τοῦ,
3259 5683 3447 5739 eodem
3478 5694 3659 5738 sensu.
3698 5676 3771 5733 In.
