4080 6266
376 339 475 396 739

1286 341 1882 400 CONSTITUTIONES
1918 343 2598 406 APOSTOLIC.E.—LIB.
2639 349 2728 403 Ill.

3503 357 3603 411 790

371 471 487 525 ροις
521 457 843 525 χειροτονεῖν
871 454 1166 519 διακόνους,
1197 456 1228 526 ἢ
1257 457 1664 531 διακονίσσας,ἢ
1695 460 1924 529 ἀναγνώ-

2044 462 2127 516 vel
2156 462 2520 526 diaconissas,
2539 465 2622 519 vel
2648 467 2899 531 lectores,
2928 468 3010 522 vel
3041 469 3342 539 ministros,
3372 473 3455 529 vel
3480 490 3604 529 can-

369 547 568 619 στας,ῆ
591 547 940 618 ὑπηρέτας,ἦ
970 547 1222 620 ᾠδοὺς,·ἢ
1253 551 1563 622 πυλωροὺς,
1592 553 1728 607 ἀλλὰ
1757 554 1936 624 μόνοις

366 643 478 703 τοῖς
522 638 858 702 ἐπισκόποις.
895 639 1042 711 Αὕτη
1072 641 1180 714 γάρ
1200 644 1314 696 ἐστι
1331 643 1481 710 τάξις
1507 645 1935 719 ἐκκλησιαστικὴ

370 732 464 785 καὶ
491 731 744 803 ἁρμονία.

901 827 1292 882 ΚΕΦΑΛΑΙΟΝ
1341 827 1440 884 ῙΒ’.

793 917 1121 986 ’Λποτροπὴ
1145 921 1506 987 βασκανίας.

439 1006 572 1078 Περὶ
598 1005 654 1059 δὲ
681 1007 898 1075 φθόνου,
933 1009 964 1079 ἢ
1003 1008 1186 1080 ζήλου,
1219 1012 1250 1082 ἢ
1281 1013 1632 1077 καταλαλιᾶς,
1676 1015 1709 1086 ἢ
1741 1015 1931 1087 ἔριδος,

368 1097 398 1168 ἦ
432 1097 779 1166 φιλονεικίας,
805 1101 1124 1172 προείρηται
1156 1104 1302 1173 ὑμῖν,
1340 1104 1420 1158 ὅτι
1457 1104 1630 1160 ταῦτα
1677 1107 1936 1178 Χριστια-

366 1189 464 1242 νοῦ
489 1189 600 1260 (6⁸5)
631 1190 908 1262 ἀλλότρια,
939 1193 1032 1247 καὶ
1079 1195 1311 1264 μάλιστα
1347 1197 1440 1250 ἐπὶ
1465 1199 1669 1269 χηρῶν.
1720 1200 1932 1272 Ἐπειδὴ

363 1281 418 1336 δὲ
446 1285 474 1336 ὁ
501 1284 739 1354 ἐνεργῶν
767 1285 1009 1349 διάϐολος
1036 1287 1373 1359 πολύτροπος
1399 1292 1492 1344 καὶ
1504 1291 1746 1354 ποικίλος
1759 1291 1934 1364 ὕπαρ-

363 1391 494 1446 χων,
525 1378 605 1438 είς
631 1375 730 1438 τὰς
761 1377 832 1449 μὴ
862 1379 1036 1450 χήρας
1062 1379 1430 1451 ἐμπομπεύει,
1460 1382 1536 1446 ὡς
1563 1383 1656 1437 καί
1685 1399 1816 1436 ποτε
1855 1386 1934 1447 είς

363 1467 453 1520 τὸν
483 1468 640 1525 Κάῖν.
674 1469 852 1522 Ἔνιαι
871 1469 978 1542 γὰρ
1005 1470 1251 1539 λέγουσιν
1279 1470 1413 1528 εἷναι
1443 1475 1629 1546 χῆραι,
1659 1474 1728 1528 τὰ
1754 1474 1808 1528 δὲ
1836 1475 1934 1546 τῆς

363 1561 589 1631 χηρείας
631 1561 758 1625 ἄξια
811 1563 1245 1635 παραγγέλματα
1291 1566 1353 1619 οὐ
1400 1565 1663 1632 ποιοῦσιν,
1714 1567 1790 1631 ὡς
1824 1567 1930 1621 οὐδ’

360 1655 390 1707 ὁ
434 1653 572 1706 Κάῖν
598 1652 666 1706 τὰ
709 1653 968 1724 ἁδελφικὰ
998 1655 1358 1728 δικαιώματα.
1403 1659 1678 1728 Ἀγνοοῦσι
1707 1658 1816 1731 γὰρ
1857 1659 1932 1722 ὡς

361 1746 422 1798 οὺ
450 1745 510 1798 τὸ
537 1745 706 1817 ὄνομα
734 1747 831 1818 τῆς
859 1748 1083 1819 χηρείας
1102 1750 1182 1813 είς
1203 1749 1480 1819 βασιλείαν
1508 1751 1677 1815 αὑτὰς
1705 1751 1928 1816 εἰσάξει,

2040 561 2210 619 tores,
2235 555 2318 610 vel
2341 555 2647 625 janitores;
2682 557 2778 612 sed
2816 559 3091 629 episcopis
3135 564 3287 618 solis.
3321 563 3421 620 llic
3453 569 3598 621 enim

2037 654 2120 702 est
2157 647 2566 704 ecclesiasticus
2601 649 2760 715 ordo,
2791 659 2846 705 et
2885 661 3205 708 concentus.

2636 827 2864 884 CAPUT
2896 827 3010 883 Xll.

2505 917 2808 975 Dehortatio
2840 922 2904 974 ab
2929 923 3145 978 invidia.

2109 1008 2184 1063 De
2215 1009 2419 1063 invidia
2443 1025 2574 1063 vero
2596 1051 2611 1074 ,
2641 1014 3013 1070 mmulatione.
3049 1017 3456 1082 maledicentia,
3490 1019 3606 1075 dis-

2037 1100 2242 1163 cordia,
2284 1108 2338 1154 et
2381 1102 2750 1168 contentione,
2777 1104 2889 1172 jam
2918 1107 3072 1161 vobis
3122 1105 3393 1172 diximus,
3425 1110 3606 1165 aliena

2035 1203 2157 1244 esse
2197 1190 2312 1246 haec
2358 1207 2388 1246 a
2419 1192 2756 1259 Christiano,
2791 1197 3137 1268 maximeque
3168 1213 3197 1253 a
3233 1200 3433 1256 viduis.
3465 1202 3601 1257 Cum

2034 1289 2212 1336 tmnen
2264 1283 2535 1348 diabolus,
2573 1285 2841 1356 impulsor
2897 1297 3152 1345 versutus
3210 1298 3263 1346 et
3307 1293 3454 1348 mille
3505 1310 3604 1348 no-

2038 1374 2202 1427 cendi
2276 1381 2422 1430 artes
2473 1375 2717 1442 callens,
2777 1379 2832 1434 in
2877 1379 3017 1436 falso
3082 1381 3278 1438 viduas
3339 1391 3598 1455 tanquam

2034 1467 2312 1538 triumpho
2330 1469 2450 1538 ejus
2463 1477 2683 1539 paratas
2697 1472 2970 1538 collimet;
2994 1475 3451 1542 quemadmodum
3469 1477 3597 1532 olim

2037 1561 2089 1613 in
2127 1560 2379 1617 Cainum.
2406 1561 2690 1618 Nonnulla!
2715 1563 2858 1618 enim
2897 1580 2956 1620 se
2979 1565 3170 1622 viduas
3195 1553 3514 1656 ριίεᾶψ,
3545 1578 3600 1622 at

2034 1654 2296 1709 viduitate
2331 1653 2495 1727 digna
2535 1663 2803 1727 praecepta
2852 1672 2961 1712 non
3006 1666 3258 1726 servant;
3309 1641 3462 1715 sieii‘ti
3499 1677 3599 1716 nec

2033 1744 2237 1800 Cainus
2261 1746 2388 1817 jura
2420 1745 2678 1803 fraterna.
2708 1745 2964 1817 Ignorant
2994 1749 3139 1805 enim
3159 1791 3176 1816 ,
3207 1750 3352 1820 quod
3379 1767 3490 1807 non
3519 1755 3602 1806 vi-

360 1837 472 1890 ἀλλ’
506 1839 538 1909 ή
570 1837 774 1910 ἀληθὴς
817 1840 999 1904 πίστις
1041 1843 1135 1897 κα)¹
1175 1841 1246 1895 τὰ
1287 1843 1410 1897 ὅσια
1440 1843 1550 1916 (64)
1580 1843 1734 1916 ἔργα.
1781 1845 1843 1897 Ei
1875 1844 1924 1898 δέ

2032 1836 2258 1894 duitatis
2285 1855 2481 1896 nomen
2509 1841 2631 1896 illas
2663 1842 2717 1896 in
2749 1857 2973 1912 regnum
2999 1842 3325 1910 introducet,
3351 1843 3446 1899 sed
3473 1861 3598 1900 vera

357 1948 443 1993 τις
468 1931 529 1984 τδ
585 1933 681 2003 μὲν
733 1932 903 2004 ὄνομα
929 1934 1028 2004 τῆς
1067 1935 1294 2007 χηρείας
1334 1935 1615 2008 κέκτηται,
1647 1936 1716 1990 τὰ
1752 1935 1807 1990 δὲ
1835 1935 1929 1990 τοῦ

359 2022 733 2093 ἀντικειμένου
787 2025 1020 2079 ἐπιτελεῖ
1059 2027 1484 2100 ἐπιτηδεύματα,
1531 2031 1564 2100 ἡ
1597 2029 1694 2100 μὲν
1735 2029 1930 2100 χηρεία

360 2116 532 2186 αὐτῆς
558 2117 620 2169 οὐ
647 2116 1047 2189 λογισθήσεται,
1078 2118 1375 2184 ἐξωσθεῖσα
1407 2120 1461 2174 δὲ
1503 2121 1600 2191 τῆς
1629 2120 1926 2190 βασιλείας,

358 2208 554 2280 αἰωνίςι
584 2207 798 2262 κολάσει
830 2209 1284 2282 παραδοθήσεται.
1323 2213 1614 2284 ’Λκούομεν
1641 2213 1747 2286 γάρ
1776 2231 1930 2277 τινας

357 2299 534 2370 χήρας
561 2298 910 2372 ζηλοτύπους,
947 2301 1232 2374 φθονερὰς,
1263 2304 1572 2369 διαϐόλους,
1609 2305 1930 2376 βασκαινού-

358 2407 458 2454 σας
489 2393 607 2454 ταῖς
649 2393 849 2464 ἐτέρων
893 2395 1160 2447 ἀνέσεσιν·
1192 2396 1248 2449 αί
1294 2396 1348 2450 δὲ
1399 2398 1644 2453 τοιαῦται
1684 2401 1784 2452 ούκ
1823 2401 1928 2452 εἰσὶ

354 2485 448 2538 τοῦ
481 2485 736 2557 Χριστοῦ,
756 2486 874 2540 ούδέ
900 2487 998 2558 τῆς
1026 2487 1234 2540 ἐκείνου
1249 2487 1592 2554 διδασκαλίας
1610 2492 1924 2564 μαθήτριαι.

356 2578 484 2631 Δέον
530 2577 638 2649 γὰρ
679 2577 867 2641 αὑτὰς,
908 2579 1216 2651 ἐνδυθείσης
1271 2582 1448 2635 αὐτῶν
1501 2586 1781 2655 συγχήρας
1822 2582 1928 2638 ὑπό

353 2686 519 2734 τινος,
554 2670 586 2741 ἢ
614 2670 883 2742 λαϐούσης
912 2673 1148 2743 ἀργύρια
1182 2672 1315 2740 (65),
1349 2672 1380 2744 ἢ
1412 2675 1641 2745 τροφὴν,
1673 2674 1705 2746 ἢ
1735 2675 1884 2746 πόμα
1910 2715 1923 2738 ,

355 2761 391 2831 ἢ
423 2762 690 2826 ὑπόδεσιν,
722 2763 1061 2835 θεασαμένας
1100 2765 1198 2836 τὴν
1240 2765 1470 2837 ἀδελφὴν
1508 2765 1688 2821 αὐτῶν
1718 2767 1926 2838 ἀναψύ-

355 2853 545 2918 ξασαν,
567 2857 740 2908 εἰπεῖν
756 2872 768 2884 ·

878 3037 1268 3091 ΚΕΦΛΛΛΙΟΝ
1301 3037 1395 3090 ll".

2035 1929 2190 1993 ﬁdes,
2222 1938 2276 1986 et
2305 1940 2495 1988 saneta
2523 1948 2710 2004 opera.
2736 1933 2793 1987 Si
2816 1949 2940 2004 quae
2965 1947 3098 1989 vero
3125 1949 3324 1990 nomen
3361 1934 3599 1990 viduita-

2033 2024 2103 2078 tis
2133 2025 2364 2089 obtinet,
2419 2034 2472 2080 et
2524 2025 2824 2081 adversarii
2877 2025 3058 2080 studia
3089 2027 3326 2097 peragit;
3361 2029 3598 2084 viduitas

2029 2116 2150 2185 ejus
2183 2131 2292 2170 non
2312 2117 2736 2186 computabitur,
2765 2127 2819 2172 et
2843 2118 3059 2186 repulsa
3091 2133 3121 2171 a
3153 2133 3344 2190 regno,
3377 2129 3597 2177 aeternae

1979 2258 1982 2262 ,
2033 2222 2207 2277 pinna:
2254 2210 2519 2264 tradetur.
2564 2209 2830 2265 Audimus
2875 2211 3018 2264 enim
3056 2212 3322 2281 quasdam
3363 2229 3486 2270 esse
3516 2216 3597 2269 vi-

2031 2300 2169 2355 duas
2199 2301 2443 2366 aemulas,
2491 2300 2704 2356 invidas
2731 2342 2744 2364 ,
2771 2302 3238 2365 calumniatrices,
3267 2304 3498 2359 aliarum
3521 2305 3598 2360 le-

2031 2393 2296 2446 vamentis
2336 2395 2548 2448 anxias.
2583 2393 2714 2460 Qua:
2744 2395 2883 2449 tales
2912 2402 3062 2460 sunt,
3090 2395 3156 2449 ad
3178 2395 3454 2452 Christum
3488 2414 3596 2453 non

2028 2484 2322 2554 pertinent,
2350 2500 2450 2540 nec
2474 2485 2755 2555 discipulae
2780 2486 3122 2542 aestimantur
3144 2487 3405 2543 doctrina:
3437 2488 3598 2544 Chri-

2025 2572 2231 2628 stiana}.
2251 2574 2532 2646 Siquidem
2564 2620 2577 2643 ,
2611 2593 2733 2630 cum
2776 2579 2957 2648 aliqua
2987 2579 3192 2649 pariter
3212 2580 3374 2634 vidua
3408 2597 3437 2634 a
3458 2597 3596 2652 quo-

2029 2664 2172 2734 piam
2218 2666 2406 2720 induta
2459 2667 2580 2732 fuit,
2629 2678 2722 2722 aut
2775 2669 2985 2738 accepit
3025 2671 3110 2726 vel
3154 2672 3464 2741 pecuniam,
3509 2675 3594 2729 vel

2028 2757 2231 2821 cibum,
2276 2760 2362 2814 vel
2400 2768 2623 2830 potum,
2661 2763 2741 2815 vel
2774 2763 3027 2828 calceos;
3071 2765 3408 2833 oportuisset
3463 2779 3592 2829 cas,

2029 2860 2324 2905 recreatam
2379 2868 2624 2908 sororem
2686 2869 2841 2909 suam
2887 2855 3133 2916 intuit‘as.
3165 2855 3386 2913 dicere:

2607 3037 2837 3093 CAPUT
2869 3038 3008 3094 XIII.
3071 2991 3074 2993 ⁵

357 3152 555 3216 Ὅπως
598 3151 693 3225 δεῖ
732 3154 1184 3225 προσεύχεσθαιῄ
1232 3155 1336 3220 τὰς
1380 3153 1571 3223 χήρας
1611 3155 1763 3225 ὑπὲρ
1810 3155 1924 3211 τῶν

2030 3152 2305 3223 Quomodo
2331 3163 2566 3223 oporteat
2591 3153 2774 3208 viduas
2807 3169 2960 3225 orare
2980 3167 3072 3220 pro
3097 3152 3161 3206 iis
3182 3192 3196 3217 ,
3233 3152 3322 3222 qui
3354 3169 3594 3206 necessa-

666 3222 952 3276 διδόντων
982 3225 1055 3276 τὰ
1083 3223 1230 3292 πρὸς
1257 3227 1363 3290 τὰς
1383 3222 1611 3292 χρείας.

423 3312 726 3384 Εὐλογητὸς
743 3313 851 3384 (66)
874 3311 941 3378 εἷ,
954 3317 982 3368 ό
1000 3315 1150 3379 Θεὸς,
1165 3317 1192 3369 ὁ
1216 3315 1388 3386 ἀναψύ
1396 3315 1489 3381 ξας
1503 3319 1601 3389 τὴν
1623 3321 1792 3392 συγχή
1801 3338 1916 3392 ραν·

355 3407 666 3478 εὐλόγησον,
687 3407 882 3478 Κύριε,
911 3407 1004 3460 καὶ
1035 3406 1254 3472 δόξασον
1283 3407 1372 3460 τὸν
1399 3407 1795 3481 διακονήσαντα
1823 3413 1922 3466 αύ-

354 3499 443 3568 τῇ,
500 3516 593 3552 και
648 3498 708 3551 τὸ
751 3498 908 3570 ἔργον
937 3496 1100 3551 αὑτοῦ
1135 3498 1396 3570 ἀναϐῆναι
1425 3500 1482 3551 ἐν
1523 3500 1749 3572 ἀληθείᾳ
1783 3501 1921 3574 πρὸς

356 3590 436 3642 σέο
465 3589 558 3642 καὶ
615 3590 897 3662 μνησθήσῃ
955 3589 1066 3660 (67)
1094 3589 1259 3643 αὐτοῦ
1290 3593 1370 3653 είς
1399 3590 1600 3658 ἀγαθὸν
1641 3593 1698 3644 ἐν
1740 3594 1920 3664 ἡμέρᾳ

353 3681 656 3752 ἐπισκοπῆς
701 3681 864 3735 αὐτοῦ
924 3681 1054 3753 (68).
1103 3683 1212 3735 Καὶ
1243 3682 1334 3735 τὸν
1363 3683 1655 3737 ἐπίσκοπόν
1689 3702 1788 3755 μου
1832 3686 1922 3739 τὸν

355 3773 534 3837 καλῶς
562 3791 645 3826 σοι
671 3774 1125 3846 λειτουργήσαντα
1145 3773 1276 3844 (69),
1307 3776 1400 3830 κα)¹
1425 3774 1709 3840 διδάξαντα
1736 3776 1923 3831 εὔκαι-

357 3883 448 3936 ρον
468 3865 833 3938 ἐλεημοσύνην
860 3869 1040 3936 γυμνῇ
1070 3866 1202 3938 οὔσῃ
1230 3869 1296 3938 τῇ
1344 3870 1602 3941 συγγήρῳ
1632 3887 1732 3940 μου
1771 3871 1922 3939 γενέ-

357 3957 499 4011 σθαι·
519 3958 807 4030 προσθείης
817 3959 966 4030 αὐτῷ
986 3959 1160 4024 δόξαν,
1184 3963 1276 4013 καὶ
1312 3962 1456 4035 δῴης
1496 3963 1642 4034 αύτῷ
1661 3964 1918 4033 στέφανον

353 4052 674 4122 καυχήσεως
717 4053 774 4104 ἐν
829 4052 1010 4123 ἡμέρα
1039 4051 1429 4121 ἀποκαλύψεως
1457 4055 1761 4125 ἐπισκοπῆς
1808 4073 1918 4109 σου.

366 4141 595 4212 Ὁμοίως
625 4142 718 4196 καὶ
746 4144 779 4213 ή
809 4143 1046 4196 λαϐοῦσα
1089 4145 1232 4216 χήρα
1271 4143 1333 4196 τὸ
1359 4144 1525 4208 ἔλεος,
1573 4163 1921 4218 συμπροσευ-

351 4232 531 4302 χέσθω
558 4233 635 4305 τῷ
652 4233 843 4288 διδόντι
871 4237 1008 4306 αὐτῇ
1038 4235 1135 4308 τὴν
1161 4235 1436 4288 διακονίαν
1468 4236 1602 4307 (70).

2620 3225 2701 3276 ria
2746 3223 2996 3276 tribuunt.

2101 3317 2426 3374 Benedictus
2455 3331 2515 3371 es
2539 3355 2554 3378 ,
2588 3313 2731 3369 Deus
2753 3354 2767 3375 .
2794 3315 2888 3384 qui
2924 3315 3248 3370 conviduam
3284 3317 3540 3371 recreasti
3576 3335 3588 3372 :

2030 3411 2278 3475 benedic,
2315 3408 2562 3474 Domine,
2595 3414 2650 3462 et
2679 3407 2917 3462 clariﬁca
2945 3423 3068 3460 eum
3096 3447 3112 3471 ,
3145 3407 3235 3477 qui
3277 3407 3351 3461 illi
3384 3409 3590 3463 submic

2030 3501 2281 3557 nistravit
2306 3519 2320 3566 ;
2347 3509 2406 3553 ut
2433 3515 2572 3570 opus
2607 3499 2728 3568 ejus
2759 3499 2814 3552 in
2844 3499 3074 3554 veritate
3104 3499 3365 3554 ascendat
3395 3499 3461 3553 ad
3495 3508 3546 3554 te
3574 3519 3587 3554 :

2028 3601 2081 3646 et
2106 3591 2420 3646 memineris
2451 3591 2619 3653 illius,
2647 3592 2702 3644 in
2725 3591 2952 3654 bonum,
2977 3589 3065 3645 die
3088 3591 3416 3645 visitationis
3449 3591 3587 3656 ejus.

2030 3684 2135 3741 Sed
2181 3691 2234 3739 et
2268 3685 2498 3739 benedic
2532 3684 2793 3754 episcopo
2827 3699 2985 3747 meo,
3027 3683 3120 3752 qui
3164 3691 3310 3738 recte
3354 3683 3447 3736 tibi
3486 3684 3589 3736 mi-

2028 3777 2302 3839 nistravit,
2352 3785 2406 3832 et
2458 3785 2820 3846 opportunam
2861 3775 3260 3845 eleemosynam
3293 3777 3593 3829 convctula:

2026 3882 2159 3922 mea:
2191 3869 2349 3922 nuda:
2390 3868 2503 3922 ﬁeri
2534 3867 2721 3921 docuit
2751 3883 2763 3916 ε
2802 3866 2970 3920 addas
2999 3867 3047 3920 ei
3069 3866 3297 3935 gloriam
3333 3875 3385 3920 et
3415 3865 3511 3921 des
3539 3869 3588 3923 ei

2026 3977 2284 4016 coronam
2314 3960 2698 4015 exsultationis
2747 3959 2801 4012 in
2829 3958 2916 4012 die
2946 3973 3054 4026 quo
3094 3958 3426 4013 revelabitur
3453 3959 3588 4014 visi—

2026 4058 2163 4108 tatio
2191 4062 2305 4108 tua.
2351 4051 2616 4107 Similiter
2663 4059 2718 4107 et
2750 4051 2910 4104 vidua
2937 4089 2952 4114 ,
2986 4065 3107 4119 quae
3156 4051 3588 4106 misericordiam

2025 4146 2239 4214 accepit
2264 4186 2278 4206 ,
2326 4153 2707 4213 comprecetur
2739 4158 2836 4212 pro
2857 4157 2952 4206 eo,
2985 4141 3078 4211 qui
3111 4142 3188 4196 illi
3221 4143 3452 4211 praebuit
3484 4143 3586 4196 mi-

2023 4239 2332 4294 nisterium.

1652 4411 2012 4469 VARIORUM
2049 4411 2284 4468 NOTAE.

424 4571 536 4644 (65)
565 4573 939 4641 Χριστιιινοῦ.
969 4572 1150 4627 Codex
1181 4573 1318 4644 alter
1337 4573 1700 4644 Χριπιανοίς.
1726 4569 1894 4628 Cum.

2025 4588 2082 4624 ea
2119 4586 2234 4640 qua:
2264 4566 2415 4644 [iniret
2462 4567 2712 4644 impertit:
2753 4563 2893 4644 Deus
2923 4564 3060 4644 enim
3091 4579 3171 4644 res
3203 4577 3310 4644 (ise
3345 4559 3584 4644 cond-itas

427 4643 540 4712 (64)
575 4646 772 4698 ’Ὀσιω
810 4644 953 4697 Idem
975 4645 1134 4697 habet
1175 4643 1312 4695 θεῖα.
1347 4643 1423 4696 lo.

427 4647 518 4712 (64
575 4647 772 4698 ’Ὀσιω
810 4647 953 4697 Idem
975 4647 1134 4697 habet
1175 4647 1312 4695 θεῖα.
1348 4647 1423 4696 lo.

423 4647 540 4783 (65)
577 4715 864 4782 Ἀργύρια.
897 4714 1047 4768 Alter
1069 4712 1189 4766 cod.
1216 4712 1496 4783 ἀργύριον.
1526 4712 1602 4768 In.

419 4780 530 4852 (⁷66)
563 4780 650 4838 El.
685 4780 852 4839 Abest
882 4799 910 4837 a
937 4785 1061 4838 cod.
1103 4780 1274 4837 altero
1303 4780 1465 4837 Vind.
1500 4783 1578 4838 lo.

421 4855 534 4978 ([67])
558 4854 668 4908 Kal
716 4853 1064 4924 μνησθήσῃ.
1110 4853 1252 4908 Alter
1299 4852 1419 4908 cod.
1479 4851 1743 4924 μνήσθητι
1802 4857 1920 4908 sine

421 4965 466 4976 ..
521 4941 574 4978 ο.

356 4941 466 4978 και.
499 4941 574 4979 ID.

428 4995 784 5066 (68)Αὺτοῦ.
818 4994 962 5049 ldem
996 4994 1088 5047 σοῦ
1110 5009 1218 5048 non
1247 5000 1453 5066 mutata
1477 4992 1776 5054 sententia;
1799 4993 1916 5047 visit

353 5065 497 5118 enim
524 5065 693 5124 Deus,
718 5065 966 5120 homines
993 5068 1250 5119 visuntur.
1277 5065 1353 5119 l0.

424 5134 536 5204 (69)
574 5135 676 5188 Σοὶ
701 5135 1229 5206 λειτουργιῇοῖαντα.
1279 5137 1488 5191 Absunt
1518 5134 1587 5188 ab
1612 5133 1784 5206 altero
1819 5147 1914 5206 co-

352 5202 495 5268 dice,
521 5202 594 5277 iut
619 5217 672 5259 et
696 5205 850 5269 δόξαν
880 5202 973 5277 κα).
999 5205 1176 5276 δώσῃς
1203 5206 1369 5277 αὐτῷ.
1402 5207 1534 5277 Quae
1563 5202 1746 5258 omnia
1793 5203 1912 5258 sine

354 5291 558 5332 sensus
583 5276 790 5336 iactura
820 5275 934 5329 tolli
960 5275 1144 5332 revera
1172 5275 1420 5344 possunt.
1457 5276 1532 5330 In.

425 5345 535 5414 (70)
565 5345 682 5413 Τὴν
708 5345 1034 5400 διακονίαν.
1056 5342 1280 5400 Locutio
1299 5347 1595 5415 Scriptura:
1611 5350 1666 5398 et
1687 5342 1908 5415 Patrum

355 5417 411 5469 in
444 5416 796 5495 signiﬁcanda
819 5416 1180 5495 eleemosyua:
1211 5417 1352 5495 Nihil
1372 5414 1518 5495 enim
1535 5414 1905 5495 frequentius,

353 5502 522 5555 quam
561 5487 802 5539 διακονία
849 5493 902 5539 et
940 5487 1224 5549 διακονεῖν,
1257 5487 1607 5541 ministerium
1650 5496 1703 5540 et
1750 5487 1910 5538 mini-

354 5565 548 5619 ιιι-ατε,
583 5557 686 5611 hoc
713 5571 900 5612 sensu.
939 5555 1112 5610 Unum
1135 5559 1397 5619 sufﬁciet.
1423 5557 1517 5614 sed
1545 5571 1656 5626 pra:
1699 5555 1911 5612 caeteris

355 5627 566 5682 illustre
593 5628 988 5693 testimonium,
1018 5627 1164 5693 quod
1191 5628 1428 5693 Joannes
1459 5627 1822 5693 Damascenus
1843 5640 1906 5677 ex

343 5693 598 5744 lioetrina
633 5690 779 5745 Petri
825 5690 1118 5759 excerpsit,
1154 5706 1218 5744 ac
1271 5692 1326 5744 in
1359 5691 1751 5744 Paralellorum
1799 5707 1928 5746 suo-

345 5776 469 5814 rum
501 5761 594 5815 lib.
633 5777 691 5825 ll,
726 5778 849 5831 cap.
885 5761 970 5824 16,
1005 5761 1224 5814 retulit:
1263 5761 1414 5832 Dives
1440 5773 1514 5832 est
1549 5763 1660 5826 ille,
1688 5763 1778 5832 qui
1799 5763 1927 5814 mul-

351 5832 416 5884 tis
450 5832 866 5886 misericordiam
904 5832 1108 5896 tribuit,
1134 5841 1179 5883 et
1211 5831 1298 5897 qui
1327 5831 1393 5883 ad
1423 5831 1514 5886 Dei
1552 5831 1925 5899 imitationem,

2023 4631 2235 4700 omnino
2256 4637 2403 4692 nobis
2429 4631 2632 4690 tribuit.
2668 4636 2929 4702 Quocirca
2959 4633 3054 4686 hoc
3085 4633 3270 4685 scitote
3293 4672 3306 4692 ,
3341 4632 3430 4697 qui
3452 4631 3585 4681 divi-

2026 4712 2113 4764 tiis
2140 4710 2382 4779 polletis,
2402 4724 2490 4760 vos
2515 4707 2819 4779 ministrare
2845 4703 3076 4779 debere,
3102 4718 3220 4779 cum
3250 4702 3404 4771 plura
3428 4714 3586 4779 quam

2023 4771 2162 4835 vobis
2190 4795 2316 4848 opus
2341 4778 2448 4830 sint
2477 4777 2800 4848 acceperitis.
2836 4774 3116 4848 Intelligite
3139 4773 3315 4848 deesse
3347 4788 3412 4848 θα
3433 4771 3579 4848 aliis,

2019 4867 2135 4919 qua:
2163 4843 2301 4903 vobis
2326 4857 2622 4919 supersunt.
2655 4845 2968 4919 Brattea-cite
2991 4844 3286 4919 qui_aliena
3316 4843 3578 4919 retinetis,

2023 4910 2181 4989 atque
2230 4910 2525 4990 (equitatem
2571 4918 2666 4990 ρεί
2708 4916 2846 4970 vobis
2877 4910 3190 4990 impendam
3212 4910 3503 4990 proponite,
3535 4917 3585 4960 et

2020 4981 2167 5044 nemo
2196 4981 2395 5058 pauper
2427 4991 2546 5042 erit.
2580 4987 2764 5042 Graece
2795 5001 2859 5038 ex
2891 4983 3220 5036 Bibliotheca
3267 4981 3584 5050 Clarorum);

2019 5068 2147 5114 tana
2206 5061 2368 5114 huius
2415 5059 2568 5112 urbis
2603 5079 2614 5111 :
2665 5058 2757 5110 Ἐκ
2783 5055 2874 5107 τού
2909 5055 3063 5114 ἁγίου
3097 5053 3333 5114 Πέτρουο
3393 5047 3584 5101 Πλού-

2045 5076 2147 5113 ana
2206 5067 2368 5113 huius
2415 5067 2568 5112 urbis
2603 5079 2614 5111 :
2666 5067 2757 5110 Ἐκ
2783 5073 2874 5107 του
2909 5067 3063 5113 αγιου
3099 5067 3333 5113 ιιετρου·
3393 5067 3584 5101 [uou—

2019 5069 2147 5114 tana
2206 5069 2368 5140 hujus
2415 5069 2568 5112 urbis
2603 5079 2614 5111 :
2668 5069 2757 5110 Ἐκ
2783 5073 2874 5107 του
2909 5069 3063 5138 αγιου
3099 5069 3333 5131 ιιηετρου·
3393 5069 3584 5101 u.wu-

2017 5148 2152 5196 σιος
2179 5129 2408 5194 ἐκεινός
2453 5129 2624 5181 ἐστιν
2651 5123 3204 5196 όίπολλους-ἐλεων
3228 5161 3242 5183 ,
3275 5117 3409 5196 6.δᾷ
3439 5117 3586 5196 κατὰ

2019 5186 2166 5272 Θσοῧ
2205 5186 2463 5272 μίμῃάιν
2488 5195 2817 5272 *ἐπιδιδούς
2865 5194 2934 5271 ἐξ
2960 5186 3078 5272 -ὧνι
3113 5192 3257 5271 ἕξει.
3307 5188 3448 5272 Θεὸς
3474 5186 3584 5272 γὰρ

2014 5263 2220 5324 πάντά
2249 5263 2438 5323 πᾶσιν
2479 5266 2701 5322 ἔδωκεν
2745 5266 2812 5317 ἐκ
2859 5263 2974 5315 τῶν
3012 5263 3197 5314 αὑτοῦ
3227 5263 3580 5324 κτισμάτων.

2014 5342 2238 5394 Σύνετε
2265 5338 2362 5406 δὴ,
2393 5338 2697 5398 πλούσιοι,
2730 5335 2817 5387 ὅτι
2845 5329 3144 5406 ϐιακορςξῖν
3169 5329 3581 5406 distringatu-

2014 5412 2219 5475 εόντες
2273 5394 2545 5481 πίιίείονα,
2574 5394 2864 5481 ᾦνῌξαὺτοί
2913 5399 3170 5481 χρῄζετε.
3205 5394 3581 5481 Ἰίζίὶθετεηότι

2015 5467 2237 5548 ὲτέροίς
2264 5479 2460 5532 λείπει
2576 5467 2719 5544 {mir
2738 5467 3194 5548 περιᾳόλεύοντᾳ·
3220 5467 3585 5548 ᾳὶσχύιλθηζε

2014 5536 2367 5618 καὲέχῶντες
2403 5536 2709 5618 ἀλλότρια.
2750 5536 3103 5618 Μζμῄσαᾳθε
3141 5538 3385 5618 ἰσότητα
3413 5536 3582 5618 Θξοῆ.

2016 5621 2113 5674 καὶ
2141 5610 2534 5684 «ibdem—507m
2561 5610 2766 5691 πένης.
2787 5613 2970 5691 _Cujus
2993 5610 3095 5663 loci
3123 5616 3394 5691 postrema
3417 5610 3584 5691 citata

2015 5673 2254 5761 reperies
2280 5673 2331 5742 In
2358 5694 2618 5761 Gregorio
2672 5673 3023 5761 Nazian'zenp.
3055 5673 3194 5733 orat.
3219 5676 3324 5761 .16:
3355 5673 3582 5761 6.2%,,

2015 5744 2100 5817 Sit;
2120 5780 2131 5814 :
2157 5761 2247 5831 Μὴ
2277 5744 2561 5831 γενώμεθα
2590 5753 2882 5831 κακοὶ-τῷν
2909 5751 3168 5831 δοθέντων
3209 5749 3354 5831 ἡμῖν¹
3381 5744 3556 5831 οἱκονᾷ
3574 5778 3588 5784 ο

2019 5850 2125 5902 μοι,
2161 5817 2247 5882 ἴνᾶ
2392 5817 2708 5897 ἀκούσωμεν
2755 5825 2957 5895 Πέτρου
3007 5817 3271 5890 λέγοντος·
3324 5817 3584 5882 Αίσχύν-
