4080 6266
543 321 638 377 79!

1125 431 1354 489 CAPUT
1386 432 1525 487 XIV.

539 524 691 589 Quod
717 524 997 577 secundum
1030 524 1240 578 Domini
1283 526 1730 591 constitutionem,
1765 543 1868 580 non
1921 526 2103 580 debeat

609 595 810 715 Ῑαςέαξε
836 612 911 659 se,
930 612 1020 648 nec
1049 613 1234 650 nomen
1266 613 1419 649 suum
1442 599 1753 664 praedicare,
1772 614 1889 667 qua:
1915 615 2103 652 munus

613 675 681 716 tri
721 675 819 716 uit.

613 675 819 719 ιι-ιυιιιι.

612 756 681 809 At
706 772 825 825 quae
856 756 1180 811 beneficium
1214 759 1466 829 largitur,
1492 774 1689 815 nomen
1724 775 1883 815 suum
1915 761 2100 814 occul-

539 856 639 909 tet,
665 856 723 900 ut
742 848 993 918 sapiens;
1020 864 1116 905 nec
1135 849 1260 903 tuba
1279 860 1440 905 canat
1453 860 1578 905 ante
1612 866 1671 905 se
1691 868 1705 917 ;
1727 866 1836 921 quo
1860 850 1953 906 fiat
1966 853 2106 907 elee-

538 956 766 1010 mosyna
792 942 929 1009 apud
948 941 1111 995 Deum
1126 941 1181 995 in
1202 942 1545 1009 abscondito,
1561 943 1701 997 sicut
1719 943 1977 1000 Dominus
1991 946 2100 999 ait:

544 1030 651 1086 «Te
688 1044 869 1087 autem
902 1034 1134 1087 faciente
1165 1033 1595 1104 eleemosynam,
1627 1036 1838 1090 nesciat
1880 1037 2102 1091 sinistra

538 1131 653 1185 tua,
671 1124 799 1192 quid
818 1124 978 1178 faciat
1007 1125 1227 1179 dextera
1250 1135 1367 1190 tua;
1397 1134 1455 1180 ut
1476 1127 1545 1181 sit
1569 1127 1910 1199 eleemosyna
1935 1137 2025 1183 tua
2047 1130 2101 1183 in

543 1215 870 1270 abscondito
894 1216 934 1271 °.
958 1236 975 1267 ι
1030 1215 1148 1270 ’Ac
1195 1217 1356 1271 vidua
1396 1227 1648 1286 precetur
1688 1235 1786 1289 pro
1813 1220 2100 1291 largitore,

537 1308 850 1377 quicunque
870 1307 1085 1362 tandem
1118 1308 1206 1362 ille
1236 1308 1327 1371 sit,
1348 1324 1470 1362 cum
1488 1311 1604 1378 ipsa
1633 1319 1881 1365 sanctum
1900 1312 2102 1368 Christi

540 1400 711 1453 altare
738 1399 934 1454 existat
969 1418 981 1453 :
1016 1417 1033 1449 ι
1063 1398 1126 1452 Ει
1158 1398 1340 1464 Pater,
1371 1400 1463 1469 qui
1493 1402 1638 1456 videt
1668 1403 1723 1456 in
1759 1403 2100 1468 abscondito,

540 1491 594 1544 in
625 1500 812 1560 aperto
868 1489 1059 1546 reddet
1086 1491 1106 1520 ⁸
1130 1514 1147 1541 ι
1183 1491 1485 1547 conferenti
1531 1494 1943 1565 benignitatem.
1996 1494 2101 1549 Sed

537 1583 715 1636 viduae
745 1598 864 1652 qua:
892 1582 1188 1637 secundum
1220 1582 1312 1637 Dei
1345 1583 1660 1638 mandatum
1682 1587 1865 1642 vivere
1885 1588 2098 1653 nolunt,

539 1689 727 1727 curam
759 1674 958 1729 habent
985 1673 1304 1730 sciscitandi
1337 1677 1591 1741 multum,
1622 1694 1742 1746 quae
1772 1679 1939 1733 fuerit
1982 1682 2105 1736 sub-

1408 320 1463 373 S.
1500 319 1889 374 CLEMENTIS
1929 320 1947 373 l
1988 320 2151 375 ROM.
2196 320 2397 376 PONT.
2436 321 2662 376 OPERA
2698 321 2919 377 DUBIA.

3666 319 3766 373 792

2752 434 3143 489 ΚΕΦΑΛΑΙΟΝ
3174 434 3246 486 ΙΔ¹
3259 468 3272 480 .

2211 528 2337 580 Ὅτι
2392 530 2462 596 οὺ
2502 527 2617 595 χρὴ
2671 527 3005 596 κομπάζειν,
3063 526 3159 579 καὶ
3218 523 3664 596 περιαγγέλλειν
3703 526 3766 596 τὸ

2274 594 2706 666 ἑαυτῆςόνομα
2732 594 2750 659 ζ
2776 597 2890 664 τὴν
2917 595 3438 665 καρποφοροῦσαν,
3473 595 3621 648 κατὰ
3659 594 3768 662 τὴν

2276 667 2380 720 τοῦ
2412 668 2634 733 Κυρίου
2664 666 2953 730 διάταξιν.

2287 758 2350 811 Ἦ
2376 759 2554 829 μέντοι
2584 755 2642 811 εὖ
2673 758 2917 822 ποιοῦσα,
2946 755 3311 829 ἀποκρυψάτω
3346 754 3406 807 τὸ
3436 756 3629 807 οἰκεῖον
3658 754 3771 808 δνο-

2209 866 2303 920 μα,
2334 850 2410 912 ὼς
2440 851 2595 920 σοφή’
2631 851 2704 923 μὴ
2741 848 3073 913 σαλπίζουσα
3116 847 3421 921 ἔμπροσθεν
3467 846 3653 916 αὐτῆς
3686 846 3769 899 ἴνα

2205 942 2424 1012 γένηται
2462 944 2495 1012 ἡ
2544 941 2875 1012 ἐλεημοσύνη
2918 942 3055 1012 πρὸς
3107 940 3195 992 τὸν
3242 938 3371 991 Θεὸν
3416 939 3474 990 ὲν
3520 938 3767 1009 κρυπτῷο

2204 1032 2384 1096 καθώς
2410 1050 2570 1103 φησιν
2600 1034 2628 1085 6
2668 1033 2890 1105 Κύριος,
2922 1032 3021 1085 ὅτι·
3062 1052 3078 1081 ι
3103 1030 3205 1083 Σοῦ
3235 1031 3289 1083 δὲ
3320 1030 3595 1093 ποιοῦντος
3626 1031 3773 1100 ἐλεη-

2208 1124 2465 1194 μοσύνην,
2502 1124 2574 1195 μὴ
2601 1124 2790 1192 γνώτω
2821 1128 2853 1195 ἡ
2886 1123 3147 1195 ἀριστερά
3176 1140 3289 1183 σου,
3320 1123 3370 1173 τί
3400 1125 3543 1173 ποιεῖ
3568 1125 3599 1192 ἡ
3629 1120 3774 1186 δεξιά

2207 1233 2300 1268 σου
2331 1216 2461 1287 (71),
2492 1217 2637 1278 ὅπως
2729 1232 2820 1268 σου
2848 1218 2880 1287 ἡ
2912 1214 3244 1285 ἐλεημοσύνη
3285 1214 3342 1265 ὲν
3368 1213 3444 1283 τῷ
3473 1214 3719 1284 κρυπτῷ.
3752 1233 3768 1264 ι

2204 1310 2311 1361 Καὶ
2336 1310 2367 1379 ἡ
2391 1310 2534 1379 χήρα
2565 1308 2948 1379 προσευχέσθω
3003 1308 3140 1379 ὑπὲρ
3169 1305 3260 1358 τοῦ
3290 1304 3595 1369 δεδωκότος,
3630 1307 3776 1369 ὅστις

2208 1402 2326 1452 ποτ’
2357 1400 2421 1454 ἂν
2441 1397 2496 1473 ᾖ,
2530 1400 2683 1467 ἅγιον
2714 1400 3095 1471 θυσιαστήριον
3123 1395 3358 1469 Χριστοῦ
3382 1397 3489 1467 (72)
3511 1398 3777 1469 ὑπάρχου-

2207 1510 2293 1546 σα·
2333 1513 2349 1543 ι
2376 1495 2484 1546 Καὶ
2513 1496 2541 1547 6
2569 1494 2758 1565 Πατὴρ
2786 1495 2814 1546 6
2846 1493 3054 1563 βλέπων
3083 1494 3139 1545 ὲν
3167 1490 3245 1561 τῷ
3292 1489 3537 1562 κρυπτῷ,
3568 1488 3776 1541 ἀποδώ-

2207 1601 2288 1636 σει
2318 1604 2334 1635 ι
2366 1584 2443 1655 τῷ
2488 1582 2546 1638 εὖ
2598 1584 2840 1638 ποιοῦντι
2874 1604 2891 1635 ι
2914 1585 2970 1635 ὲν
2999 1584 3077 1654 τῷ
3122 1582 3357 1653 φανερῷ.
3383 1602 3400 1633 ι
3448 1582 3582 1635 Ἀλλ’
3612 1583 3670 1635 αἰ
3702 1583 3773 1653 μὴ

2206 1681 2323 1731 κατ’
2355 1678 2571 1749 ἐντολὴν
2600 1676 2731 1730 Θεοῦ
2772 1677 2869 1747 ζῇν
2916 1675 3162 1728 θέλουσαι
3210 1675 3398 1744 χῆραι,
3432 1673 3773 1744 φροντίζουσι

537 1767 919 1830 ministratrix,
952 1775 1006 1822 et
1036 1784 1156 1839 quae
1196 1769 1551 1838 acceptrices.
1599 1770 1752 1836 Quod
1793 1788 1915 1826 cum
1944 1774 2099 1829 vidua

2211 1770 2600 1824 πολυπευστεῖν
2630 1812 2643 1835 ,
2670 1770 2795 1839 τίςή
2820 1767 3276 1836 διακονησαμένη,
3307 1767 3398 1817 καὶ
3427 1765 3567 1827 τίνες
3595 1766 3651 1815 αἱ
3681 1764 3773 1816 λα-

536 1859 780 1921 rescivit,
815 1861 1059 1928 queritur
1114 1860 1181 1914 de
1231 1861 1322 1914 illa
1369 1875 1489 1930 qua:
1522 1861 1980 1927 subministravit,
2016 1866 2101 1920 di-

537 1967 667 2007 cens
698 1972 709 2006 :
739 1951 823 2005 An
862 1952 1147 2007 nesciebas
1192 1968 1275 2006 me
1310 1952 1407 2006 tibi
1444 1968 1566 2008 esse
1614 1954 1705 2007 illa
1737 1956 2103 2012 calamitosiu-

536 2046 688 2101 rem?
715 2044 856 2110 Quid
908 2046 1071 2115 igitur
1123 2045 1269 2098 illam
1313 2046 1444 2099 mihi
1488 2047 1987 2115 praetulisti?Talia
2020 2050 2102 2103 di-

538 2136 732 2199 cendo,
762 2136 993 2205 decipit;
1026 2151 1200 2207 neque
1243 2137 1469 2207 cogitat,
1492 2151 1601 2190 non
1639 2137 1809 2193 fuisse
1830 2138 1971 2193 hanc
2004 2156 2101 2195 vo-

538 2229 797 2282 luntatem
813 2227 1072 2291 hominis,
1107 2226 1201 2282 sed
1227 2226 1323 2281 Dei
1356 2226 1693 2283 mandatum.
1729 2227 1784 2282 Si
1818 2231 1960 2284 enim
1985 2231 2100 2301 ipsa

539 2327 792 2385 testatur,
816 2334 875 2375 se
898 2319 1206 2389 propiorem
1245 2334 1307 2372 ac
1339 2318 1625 2374 nudiorem
1660 2319 1751 2374 illa
1769 2320 1960 2386 fuisse,
1986 2339 2103 2376 ma-

533 2413 751 2483 jorique
789 2412 969 2482 inopia
1021 2411 1307 2478 alllictam;
1366 2411 1717 2468 considerare
1776 2413 1937 2468 debet
1974 2430 2099 2469 eum

538 2506 631 2575 qui
660 2506 732 2559 ita
756 2505 1048 2567 ordinavit,
1080 2512 1134 2559 et
1169 2519 1292 2558 cum
1333 2504 1553 2559 silentio
1602 2520 1666 2559 ac
1713 2505 1832 2560 sine
1874 2520 2103 2559 accusa-

538 2596 688 2650 tione
717 2595 1007 2665 largitricis
1039 2595 1283 2665 ingressa
1310 2595 1366 2649 in
1390 2596 1611 2650 domum
1640 2611 1818 2662 suam,
1850 2604 2012 2666 atque
2045 2597 2101 2652 in

541 2687 733 2741 faciem
768 2688 1151 2757 procumbens,
1185 2688 1496 2758 supplicare
1540 2686 1673 2752 Deo,
1710 2696 1772 2742 ut
1815 2697 2099 2758 peccatum

537 2780 584 2833 ei
613 2780 936 2834 remittatur.
972 2778 1103 2832 Nam
1136 2779 1276 2834 Deus
1311 2778 1561 2850 praecepit
1581 2779 1836 2834 benefica:
1865 2796 1934 2835 ne
1954 2781 2101 2835 velut

538 2872 747 2941 tragico
795 2872 958 2925 boatu
1009 2872 1265 2925 decantet
1316 2870 1640 2924 beneficium
1689 2891 1700 2924 :
1754 2872 1916 2925 vidua
1971 2888 2100 2926 vero

538 2974 833 3033 conquesta
864 2963 1123 3033 estquod
1154 2963 1244 3015 illa
1279 2978 1479 3017 nomen
1533 2978 1693 3016 suum
1729 2978 1837 3015 non
1886 2963 2100 3031 procla-

538 3056 719 3120 trarit,
756 3064 815 3109 ut
848 3056 965 3126 ipsa
1008 3070 1226 3126 quoque
1268 3070 1332 3108 eo
1386 3054 1574 3107 audito
1615 3054 1683 3105 ad
1724 3054 2098 3123 accipiendum

537 3154 784 3201 curreret
807 3167 819 3200 :
842 3163 1019 3217 neque
1049 3148 1224 3202 solum
1257 3144 1641 3215 expostulavit,
1677 3146 1771 3199 sed
1806 3146 1967 3199 etiam
1995 3145 2097 3215 ipsi
2127 3138 2167 3194 C

540 3239 838 3301 maledixit,
898 3240 1067 3294 oblita
1120 3239 1267 3291 illius
1313 3238 1404 3307 qui
1466 3236 1634 3290 aitzc
1676 3236 1778 3304 Qui
1826 3237 2098 3292 benedicit

540 3331 673 3396 tibi,
707 3331 1024 3387 benedictus
1066 3338 1179 3397 est;
1208 3340 1261 3385 et
1298 3330 1392 3399 qui
1421 3328 1695 3384 maledicit
1732 3330 1853 3393 tibi,
1878 3331 2102 3384 maledi-

538 3431 661 3476 ctus
687 3430 772 3477 est
796 3424 838 3476 ⁸.
865 3441 884 3474 ι
920 3421 1063 3476 Dicit
1091 3429 1270 3477 autem
1303 3420 1566 3477 Dominus
1597 3441 1610 3477 :
1648 3442 1665 3473 ι
1688 3421 1825 3477 Cum
1861 3424 2099 3479 intrave-

538 3513 657 3569 ritis
682 3514 737 3568 in
764 3514 1004 3578 domum,
1038 3515 1239 3569 dicite:
1264 3513 1373 3569 Pax
1411 3514 1536 3569 huic
1564 3514 1783 3582 domui;
1808 3526 1862 3571 et
1899 3518 1944 3571 si
1979 3518 2095 3573 fue-

2207 1861 2415 1915 6οῦσαι·
2450 1863 2542 1915 κα.)⁵
2584 1860 2848 1932 μαθοῦσα,
2882 1859 3251 1930 ἐπιμέμφεται
3280 1860 3346 1927 τῇ
3375 1855 3773 1926 διακονησαμέ-

2206 1972 2293 2025 νῃ,
2322 1954 2571 2022 λέγουσα·
2606 1955 2719 2006 Οὐκ
2752 1952 2866 2023 ἴδῃς
2895 1953 2975 2004 ὅτι
3021 1950 3129 2019 ἐγώ
3161 1968 3241 2002 σοι
3276 1949 3470 2020 μᾶλλον
3501 1950 3629 2019 παρ’
3662 1944 3772 2017 (75)

2206 2046 2418 2117 ἐκείνην
2475 2045 2795 2116 θλιϐομένης
2835 2046 2958 2095 Ὅτι
3004 2039 3096 2095 οὖν
3146 2042 3520 2112 προετίμησας
3560 2038 3775 2108 ἐκείνην

2206 2137 2373 2209 ὲμοῦ;
2403 2138 2585 2190 Ταῦτα
2628 2137 2683 2189 δὲ
2731 2136 2879 2204 λέγει
2908 2137 3093 2205 ἄφρων
3124 2133 3459 2202 ὑπάρχουσα,
3490 2132 3550 2183 ού
3580 2130 3775 2183 νοοῦσα

2204 2231 2283 2282 ὅτι
2328 2230 2426 2283 ούκ
2466 2230 2752 2299 ἀνθρώπου
2782 2227 2940 2280 τοῦτο
2970 2226 3177 2297 θέλημα
3206 2226 3447 2293 γέγονεν,
3478 2221 3611 2275 ἀλλὰ
3637 2219 3774 2275 Θεοῦ

2206 2322 2548 2394 πρόσταγμα.
2597 2322 2658 2373 Εἰ
2704 2320 2812 2390 γὰρ
2854 2320 3119 2390 μαρτυρεῖ
3168 2316 3303 2387 αῦτη
3360 2318 3441 2368 ὅτι
3494 2314 3777 2385 ἐγγυτέρω

2206 2415 2436 2485 ὑπῆρχε,
2466 2414 2558 2466 καὶ
2587 2414 2643 2464 ὲν
2673 2411 2875 2464 πλείονι
2906 2410 3079 2480 ἐνδείᾳ
3111 2408 3418 2479 ἐξητάζετο,
3451 2408 3543 2459 καὶ
3575 2406 3775 2475 μᾶλλον

2204 2508 2341 2578 αὐτὴ
2370 2506 2549 2576 γυμνὴ
2578 2504 2611 2575 ἢ
2642 2504 2844 2573 ἐκείνη,
2893 2501 3093 2570 ὀφείλει
3138 2503 3275 2552 νοεῖν
3309 2499 3399 2550 τὸν
3444 2498 3775 2567 διαταξάμε-

2202 2619 2311 2665 νον,
2346 2600 2438 2652 καὶ
2483 2597 2885 2666 ἀποσιγήσασα,
2917 2594 3010 2647 καὶ
3041 2593 3113 2662 μὴ
3148 2590 3477 2661 μεμψαμένη
3525 2589 3623 2658 τὴν
3653 2588 3775 2639 δια-

2203 2693 2527 2763 κονήσασαν,
2584 2686 2897 2741 εἰσελθοῦσα
2950 2687 3029 2747 εἰς
3082 2679 3227 2736 οἶκον
3283 2682 3499 2750 ἑαυτῆς,
3532 2681 3624 2733 καὶ
3681 2677 3775 2731 ἐπὶ

2203 2784 2490 2856 πρόσωπον
2522 2781 2719 2851 ἑαυτὴν
2753 2778 3007 2849 βαλοῦσα,
3042 2776 3312 2829 ἱκετεῦσαι
3350 2773 3439 2827 τὸν
3476 2772 3605 2824 Θεὸν
3633 2771 3774 2838 ἀφε-

2204 2876 2359 2945 θῆναι
2388 2876 2522 2944 αὐτῇ
2553 2873 2614 2924 τὸ
2644 2870 3037 2940 πλημμέλημα.
3080 2868 3136 2919 Ὀ
3165 2866 3273 2937 γὰρ
3317 2865 3447 2927 Θεὸς
3476 2862 3774 2915 ἐνετείλατο

2202 2972 2267 3039 τῇ
2289 2964 2347 3021 εὖ
2366 2966 2589 3035 ποιούσῃ
2616 2965 2688 3034 μὴ
2716 2962 3015 3033 τραγῳδεῖν
3044 2960 3141 3031 τὴν
3170 2959 3429 3011 εὐποιίαν·
3453 2960 3485 3027 ἡ
3516 2956 3572 3009 δὲ
3602 2954 3774 3026 ἐμέμ-

2204 3076 2353 3128 φετο,
2384 3058 2464 3109 ὅτι
2498 3057 2570 3127 μὴ
2600 3052 2863 3124 ἐκήρυξεν
2909 3052 3079 3121 αὐτῆς
3113 3052 3223 3121 (74)
3253 3052 3312 3102 τὸ
3340 3051 3528 3119 ὄνομα,
3561 3050 3647 3101 ἵνα
3678 3047 3775 3101 καὶ

2202 3150 2338 3220 αὐτὴ
2388 3147 2629 3218 μαθοῦσα
2667 3146 2847 3216 δράμῃ
2895 3146 2972 3207 εἰς
3017 3144 3078 3196 τὸ
3115 3143 3327 3197 λαϐεῖν·
3368 3144 3459 3195 καὶ
3501 3142 3560 3193 οὐ
3612 3141 3772 3211 μόνον

2201 3243 2492 3312 ἐμέμφετο,
2522 3238 2655 3291 ἀλλά
2691 3255 2753 3305 γε
2798 3238 2890 3289 καὶ
2918 3237 3190 3306 κατηρᾶτο
3218 3236 3375 3306 αὐτῇ,
3406 3232 3771 3302 ἐπιλαϐομένη

2200 3332 2294 3385 τοῦ
2323 3331 2582 3393 εἰπόντος·
2621 3349 2638 3379 ι
2669 3329 2726 3381 ὐ
2756 3327 2985 3396 εὐλογῶν
3015 3346 3073 3380 σε
3101 3327 3406 3396 εύλόγηται,
3428 3325 3522 3377 καὶ
3548 3325 3575 3375 6
3602 3340 3773 3376 κατα-

2206 3424 2440 3499 ρώμενός
2472 3441 2527 3476 σε
2559 3421 2940 3492 κεκατήραται.
2976 3439 2992 3469 ι
3012 3420 3171 3487 Λέγει
3191 3419 3285 3471 δὲό
3313 3418 3540 3487 Κύριος⁸
3569 3416 3771 3467 «Ὅταν

2203 3515 2515 3589 εἰσέρχησθε
2562 3517 2639 3577 εἰς
2680 3509 2825 3565 οἷκον
2863 3511 2995 3582 (75),
3025 3510 3228 3578 λέγετε⁸
3276 3510 3476 3579 Εἰρήνη
3515 3505 3594 3576 τῷ
3634 3505 3771 3573 οἴκῳ

608 3693 629 3723 ⁸
666 3690 855 3746 Matth.
890 3706 973 3755 γι,
1005 3691 1060 3745 2.
1135 3693 1153 3721 ⁷
1191 3692 1226 3750 l.
1266 3691 1573 3765 Polycarp.,
1607 3709 1727 3764 cap.
1759 3696 1792 3749 4
1820 3714 1833 3761 ;
1866 3696 2229 3768 pseud—lgnat.
2263 3697 2329 3751 ad
2359 3695 2518 3751 Tars.
2553 3695 2585 3748 9
2658 3693 2678 3723 ⁸
2722 3691 2909 3745 Matth.
2947 3708 2997 3744 vi
3019 3730 3034 3754 ,
3067 3690 3119 3745 6.
3196 3690 3217 3720 ’
3255 3687 3389 3743 Gen.
3424 3702 3594 3751 xxvii,
3620 3687 3713 3743 29.

1828 3848 2188 3931 VARIORUM
2228 3876 2457 3931 NOTAE.

538 4059 675 4120 θητε
709 4056 760 4106 οὶ
800 4052 1147 4125 κατέχοντες
1184 4054 1253 4125 τᾴ
1281 4056 1586 4125 ἀλλότρια,
1619 4057 1716 4109 καὶ
1748 4057 2095 4125 μιμήσασθε

538 4125 779 4191 ἰσότητα
808 4123 973 4185 Θεοῦ,
1005 4123 1101 4176 καὶ
1141 4122 1337 4189 οὐδεὶς
1363 4126 1532 4179 ἔσται
1581 4122 1785 4193 πένηςῖ.
1814 4122 1924 4181 Sed
1956 4129 2096 4181 falli-

538 4202 626 4247 tur
643 4193 1135 4262 Nicetasinterpres
1156 4193 1396 4253 Graecus,
1426 4195 1553 4248 dum
1569 4196 1826 4251 adnotat:
1856 4199 2011 4250 Ἔστι
2043 4198 2099 4252 δὲ

536 4266 569 4333 ἡ
590 4264 781 4334 χρῆσις
796 4265 859 4315 ἐκ
878 4264 975 4333 τῆς
994 4263 1310 4334 ὸκταόίὸλου
1331 4264 1436 4317 τῶν
1468 4266 1832 4318 ἁποστολικῶν
1859 4267 2101 4330 διατάξε-

535 4333 698 4407 mvtin
722 4349 828 4407 uno
843 4349 943 4386 ms.
963 4333 1344 4407 ﬁtSaTuthwv),
1362 4334 1427 4407 ἢν
1451 4334 1673 4406 ὕστερον
1692 4338 1722 4406 ἡ
1742 4336 1871 4407 ἕκτη
1888 4338 2100 4401 σύνοδος

536 4352 608 4385 ων
621 4338 698 4401 (ιιι
722 4349 828 4387 uno
843 4349 943 4386 ms.
963 4338 1344 4455 διδαγμάτων),
1362 4338 1427 4405 ἢν
1451 4338 1673 4406 ὕστερον
1692 4338 1722 4406 ἡ
1742 4338 1871 4407 ἕκτη
1888 4338 2096 4401 σύνοδος

536 4403 930 4485 ἀπεδοκίμασεν
982 4404 1057 4466 ὡς
1070 4473 1095 4485 ⁸
1111 4403 1297 4485 ὲπιξου
1335 4404 1585 4485 ευθεῖσαν.
1609 4407 1721 4485 καὶ.
1759 4406 2096 4485 νοθευθεῖσαν

535 4472 687 4544 παρὰ
713 4455 819 4525 τιῦν
849 4455 1153 4544 αἱρετικῶν.
1197 4472 1293 4527 Est
1339 4485 1510 4527 autem
1566 4474 1647 4528 hic
1703 4476 1845 4529 locus
1890 4493 1953 4530 ea:
2003 4478 2095 4530 illo
2128 4455 2175 4512 Ῑ)

534 4540 941 4610 apostolicarum
971 4540 1414 4613 Constitutionum
1443 4560 1597 4613 opera
1629 4556 1741 4599 octo
1767 4547 1927 4599 libros
1954 4564 2097 4600 com-

536 4614 807 4682 plectente,
859 4611 994 4733 quod
1041 4622 1220 4680 postea
1269 4622 1418 4667 sexta
1468 4611 1696 4685 synodus
1748 4617 2092 4684 improbavit,

539 4696 791 4733 tanauam
828 4700 857 4733 a
951 4682 1204 4733 haereticis
1251 4684 1591 4733 depravatum
1632 4694 1681 4733 et
1716 4686 2090 4733 adulteratnm-

539 4696 791 4753 tanquam
828 4682 919 4753 ab,
951 4682 1204 4736 hwreticis
1251 4682 1591 4751 depravatum
1632 4694 1681 4738 et
1716 4682 2091 4744 adulteratam.

537 4752 714 4807 Sedet
746 4752 923 4805 Latini
963 4753 1259 4821 scriptores
1288 4769 1483 4808 nomen
1516 4755 1776 4809 diaconia:
1818 4756 1892 4809 ita
1935 4772 2095 4810 usur-

2200 4067 2445 4113 veterum
2467 4060 2568 4115 ista
2586 4078 2649 4117 ex
2668 4061 3087 4117 Commentariis
3108 4060 3302 4116 Incerti
3325 4060 3390 4113 ad
3416 4058 3722 4112 Matthmum
3748 4074 3760 4108 :

2202 4131 2372 4201 aliter
2422 4142 2583 4193 certo,
2634 4134 2766 4187 sicut
2812 4133 3036 4201 apostoli
3086 4134 3501 4201 interpretantur
3526 4130 3577 4181 in
3628 4126 3763 4201 libro

2204 4200 2477 4272 Ganonum
2507 4204 2594 4271 qui
2631 4215 2705 4257 est
2740 4204 2803 4257 de
2846 4197 3121 4272 episcopis,
3169 4197 3358 4256 dextra
3411 4210 3487 4254 est
3540 4197 3761 4268 populus

2206 4269 2542 4325 Christianus
2570 4275 2660 4342 qui
2684 4284 2760 4328 est
2796 4269 3133 4326 ad'dextram
3160 4272 3382 4331 Christi,
3415 4272 3634 4342 sinistra
3664 4283 3763 4318 au-

2207 4350 2307 4414 tem
2339 4344 2532 4414 omnis
2549 4338 2776 4414 populus
2820 4346 2908 4414 qui
2930 4352 3007 4397 est
3044 4343 3111 4395 ad
3149 4344 3440 4414 sinistram.
3476 4338 3588 4392 Hoc
3642 4352 3762 4414 vero

2204 4411 2353 4487 dicit,
2390 4428 2451 4465 ne
2494 4407 2857 4487 Christianum
2903 4414 3201 4487 facientem‘
3226 4407 3763 4487 είεϐηζοξυηαηιλβμξί

2198 4490 2276 4553 εει
2303 4481 2511 4539 dextra.
2564 4484 2790 4553 inﬁdelis
2836 4476 3082 4553 aspiciat,
3114 4483 3201 4549 qui
3232 4491 3307 4535 est
3337 4476 3573 4553 sinistra.
3602 4476 3762 4553 Chri-

2197 4552 2401 4605 stianus
2433 4562 2604 4606 autem
2619 4545 2675 4607 ἐἰ
2702 4545 3277 4609 Cltristianum'viderit
3299 4551 3649 4617 eleemosynas
3673 4545 3761 4613 fa-

2195 4623 2433 4698 cientem,
2458 4640 2558 4698 non
2582 4634 2659 4678 est
2688 4634 2870 4698 contra
2906 4623 3106 4679 Christi
3140 4630 3476 4698 pra'ceptum,
3500 4618 3759 4698 quoniam

2178 4687 2332 4739 ambo
2372 4690 2557 4739 dextra
2590 4699 2732 4741 sunt.
2768 4690 2841 4742 Ea
2864 4704 2994 4743 vero
3011 4686 3150 4743 cum'
3168 4702 3269 4741 nec
3292 4686 3344 4739 in
3368 4686 3473 4740 hoc
3500 4687 3640 4747 loco,
3664 4686 3759 4739 ubi

2178 4766 2358 4811 textus
2387 4760 2734 4827 evangelicus
2764 4759 3037 4828 profertur
3064 4799 3078 4824 ,
3113 4772 3213 4811 nec
3256 4757 3310 4809 in
3352 4767 3463 4828 toto
3491 4758 3648 4828 "libro
3694 4770 3754 4815 ιι,

532 4832 750 4898 parum.
780 4823 1077 4898 Cassianus
1106 4824 1520 4898 collationem,
1545 4841 1665 4895 cap.
1699 4826 1775 4898 7_;
1810 4825 1943 4879 Cum
1972 4826 2092 4880 dia-
2178 4828 2271 4898 qui
2306 4823 2645 4896 peculiariter
2673 4830 2739 4883 de
2764 4823 3039 4898 episc0pis
3060 4823 3164 4893 est,
3197 4842 3297 4881 nec
3316 4827 3445 4880 alihi
3474 4827 3753 4881 Constitu-

532 4893 738 4969 coniam
777 4895 979 4969 nostris
1022 4893 1282 4969 fratritms
1334 4893 1673 4969 deferremus.
1724 4895 2094 4965 Similiterque
2182 4893 2381 4951 [ianum
2414 4893 3237 4969 reperiantur;proculdubio
3288 4912 3382 4964 per
3418 4900 3756 4969 posteriores

532 4967 719 5019 collat.
772 4964 878 5028 21,
928 4978 1071 5036 cap.
1095 4965 1144 5028 1,
1178 4964 1230 5028 8,
1256 4964 1309 5019 9.
1340 4964 1406 5018 Et
1434 4964 1728 5036 Gregorius
1778 4981 1948 5036 papa,
1995 4964 2087 5023 lib.

2192 4971 2404 5023 sublata
2434 4964 2671 5038 fuerunt,
2698 4964 3152 5042 quemadmodum
3183 4964 3431 5042 diximus
3472 4964 3752 5042 initiono—

530 5051 649 5111 vui,
709 5036 869 5105 epist.
919 5033 1031 5101 20;
1064 5035 1157 5111 lih.
1195 5036 1472 5111 tx,‘epis_t.
1504 5033 1799 5111 24.9mm
1838 5033 2087 5111 ultimum
2189 5048 2396 5111 tarum;
2430 5042 2579 5111 quia,
2634 5033 2863 5103 sciiicet,
2910 5038 3290 5111 displicebant.
3331 5037 3507 5111 certe
3532 5034 3747 5111 allatam

530 5100 935 5181 locumfoperae
986 5100 1225 5181 pretium
1256 5100 1451 5181 _fu'crit
1505 5105 1754 5181 conferre
1794 5123 1921 5181 cum
1970 5108 2089 5181 loco
2190 5100 2714 5179 interpretationem,
2743 5100 3024 5181 probatam
3058 5110 3182 5161 licet
3213 5100 3750 5181 pseudo~'_l‘heophilo

528 5174 755 5230 Joannis
780 5174 1003 5237 Diaconi
1037 5176 1130 5229 lib.
1167 5188 1205 5227 ll
1245 5174 1321 5229 De
1356 5175 1473 5228 Vita
1500 5176 1558 5229 S.
1588 5175 1823 5245 Gregorii
1846 5192 1967 5245 cap.
1998 5178 2085 5243 51,

530 5255 589 5298 ιιι
640 5246 776 5299 alter
826 5260 921 5313 per
968 5246 1195 5299 alterum
1246 5246 1571 5314 corrigatur.
1628 5245 1817 5301 Melius
1848 5250 1991 5301 enim
2032 5251 2084 5301 in

528 5314 810 5384 Gregorio,
846 5317 1035 5369 mensis
1058 5331 1366 5383 pauperum,
1397 5324 1444 5368 et
1472 5315 1769 5369 exhibenda:
1800 5317 2079 5371 diaconite.

528 5386 604 5441 Ac
641 5388 757 5440 vice
787 5401 942 5440 versa
968 5386 1175 5439 rectius
1204 5386 1255 5438 in
1286 5384 1516 5447 Joanne,
1547 5387 1613 5439 ad
1645 5403 1848 5439 mensas
1881 5403 2079 5455 paupe-

528 5473 665 5520 rum,
692 5457 768 5510 vel
796 5457 1031 5509 diaconis
1054 5455 1440 5511 exhibitionem.
1476 5456 1613 5510 Hinc
1640 5457 1903 5511 diaconi-ae
1927 5458 2084 5527 (qua-

528 5543 645 5598 rum
672 5530 872 5581 mentio
902 5527 1129 5596 passim)
1158 5528 1437 5596 appellata:
1466 5534 1593 5582 sunt
1621 5527 1763 5581 uades
1792 5527 2081 5598 erogandis

528 5596 887 5667 eleemosynis
917 5607 1266 5667 consecratas.
1300 5598 1436 5651 Cor.

598 5666 707 5736 (71)
736 5665 832 5735 Μὴ
863 5665 1061 5736 γνώτω
1092 5668 1130 5733 ἠ
1162 5667 1440 5735 ἀριστερά
1471 5682 1603 5731 σου,
1640 5668 1693 5718 τί
1739 5667 1896 5719 ποιεῖ
1918 5670 1953 5735 ἡ
1984 5668 2077 5721 δε-

529 5734 625 5801 ξιά
658 5734 791 5791 σου.
822 5734 1029 5794 Matth.
1061 5752 1135 5803 vi,
1168 5736 1219 5792 5.
1274 5734 1570 5794 Οιιιυίιιιυς
1630 5738 1683 5791 in
1727 5734 2075 5794 Tcstinmniis

2189 5172 2564 5245 Antiochensi,
2590 5172 2828 5236 Joannes
2858 5172 3285 5245 Chrysostom'us
3317 5172 3620 5245 arguit._lo.

2259 5250 2369 5320 (72)
2401 5238 2677 5320 Χριστοῦ.
2730 5252 2877 5305 Alter
2907 5238 3218 5308 Vihdohon,
3252 5238 3565 5320 εοιιξθεοο.
3616 5240 3751 5317 Pas-

2188 5308 2315 5393 _S_itI‘IA
2338 5308 2639 5393 miscentur
2690 5322 2841 5387 Θεός,
2872 5321 3088 5393 Κύριοί
3102 5327 3157 5373 et
3187 5316 3441 5390 Χριστός,
3472 5315 3637 5369 etiam
3694 5308 3749 5358 in

2184 5388 2317 5443 Novi
2355 5392 2691 5448 Testamenti
2713 5388 3016 5448 codicibus.
3052 5389 3220 5447 CLI-Ill.

2256 5461 2369 5529 (75)
2400 5464 2569 5529 Hap‘.
2606 5463 2922 5532 Sequuntur
2956 5462 3010 5515 in
3041 5462 3212 5532 altero
3228 5457 3366 5532 cod.
3403 5472 3416 5506 :
3455 5450 3741 5521 Ἐγγυτέρσ

2184 5533 2553 5603 παρ’,ὲκείνην
2583 5529 2825 5603 ὑπῆρχον
2854 5533 2948 5603 καὶ
2979 5531 3193 5603 μᾶλλον.
3220 5529 3302 5603 ιο.

2253 5602 2361 5669 (74)
2393 5601 2610 5670 Αὐτῆς.
2642 5601 2790 5655 Alter
2816 5602 2938 5657 cod.
2970 5601 3186 5670 ἑαυτῆς.
3218 5602 3293 5655 In.

2261 5666 2369 5745 (75⁷)
2403 5666 2593 5727 Οἶχοιῖ.
2630 5672 2791 5726 Addit
2821 5673 2941 5727 cod.
2970 5674 3103 5727 alter
3126 5666 3289 5733 τινός.
3326 5666 3396 5723 in.
