4064 6264
344 343 446 399 795

1218 322 1235 355 1’
1252 336 1387 392 CON
1398 334 1857 392 STITUTIONES
1893 333 2585 394 APOSTOLICE.—LIB.
2622 338 2707 394 Ill.

3467 341 3566 398 796

338 460 529 526 τοῡτῳ·
565 455 656 508 καὶ
698 453 790 507 ἐὰν
906 455 1021 506 ἐκεῖ
1066 453 1178 516 υἱὸς
1205 454 1445 524 εἰρήνης,
1475 456 1508 523 ή
1539 454 1725 523 εἰρήνη
1758 451 1900 521 ὑμῶν

2014 451 2085 504 rit
2111 452 2186 505 ibi
2234 451 2376 507 (ilius
2418 452 2591 522 pacis,
2616 468 2718 522 pax
2747 461 2928 507 vestra
2975 455 3277 523 requiescet
3312 470 3476 526 super
3503 456 3569 511 il-

340 546 784 602 ὲπαναπαύσεται
813 548 895 599 ἐπ’
917 546 1097 599 αὐτόν·
1130 544 1224 597 ἐὰν
1244 545 1298 597 δὲ
1318 546 1392 617 μὴ
1476 544 1688 615 astam
1720 545 1906 615 εἰρήνη

341 640 491 710 ὑμῶν
522 638 657 710 πρὸς
688 639 830 708 ὑμᾶς
858 636 1194 708 ἐπιστρέψει.

854 750 1247 805 ΚΕΦΑΛΑΙΟΝ
1284 751 1384 803 IE'.

2013 542 2158 610 lum;
2205 543 2290 597 siu
2348 551 2528 599 autem
2582 560 2695 599 non
2751 543 2916 599 fuerit
2968 544 3184 616 dignus,
3240 562 3341 617 pax
3388 558 3569 604 vestra

2008 641 2308 689 revertetur
2334 635 2398 687 ad
2429 651 2526 691 vos
2550 635 2615 690 '°.
2653 656 2670 688 ι

2599 726 2828 781 CAPUT
2860 727 2974 784 XV.

340 847 466 899 Ὅτι
486 843 747 910 ἀπρεπὲς
767 844 829 895 τὸ
850 842 1145 910 λοιδορεῖν
1163 842 1268 895 τὸν
1287 841 1570 910 πλησίον·
1591 842 1900 909 ἀλλότριον

2011 814 2164 881 Quod
2194 833 2297 870 non
2334 818 2517 871 deceat
2527 821 2830 910 [conviciari
2865 824 3104 910 proximo
3130 838 3147 877 :
3172 824 3399 879 alienum
3429 829 3567 882 enim

546 909 656 983 γὰρ
689 912 797 984 (76)
827 909 1194 979 Χριστιανῶν
1223 912 1285 964 τὸ
1315 909 1696 978 καταρᾶσθαι.

404 1010 467 1062 Εἰ
511 1005 604 1060 οὖν
637 1010 669 1077 ἡ
701 1008 887 1077 εἰρήνη
936 1008 1028 1059 ἐπὶ
1070 1008 1194 1069 τοὺς
1236 1004 1347 1076 (77)
1378 1005 1695 1075 πέμψαντας
1740 1006 1909 1076 αὐτὴν

337 1102 421 1154 ἐπ’
452 1101 714 1163 ἐκείνους,
765 1100 925 1153 πάλιν
966 1101 1279 1171 ἐπιστρέφει
1315 1101 1407 1152 ἐπὶ
1433 1102 1559 1161 τοὺς
1588 1100 1908 1170 προηκαμέ-

335 1210 456 1255 νους
483 1192 670 1263 αὐτὴν,
693 1192 779 1245 διὰ
805 1193 865 1244 τὸ
896 1193 968 1263 μὴ
999 1193 1177 1263 εὑρεῖν
1196 1191 1380 1258 ἀξίους
1397 1192 1567 1261 αὐτῆς
1597 1192 1730 1262 (78),
1769 1192 1904 1244 πολὺ

340 1285 592 1356 μᾶλλονή
624 1284 837 1355 κατάρα
866 1284 1180 1356 ἐπιστρέψει
1211 1288 1291 1347 εἰς
1320 1284 1558 1355 κεφαλὴν
1578 1283 1671 1336 τοῦ
1706 1284 1905 1347 ἀδίκως

334 1377 502 1446 αὐτὴν
529 1376 926 1446 ἐκπέμψαντος,
950 1376 1025 1437 ὡς
1043 1375 1142 1427 οὐκ
1168 1374 1319 1438 ἀξίου
1347 1375 1498 1437 ὄντος
1526 1374 1708 1428 λαϐεῖν
1737 1375 1903 1445 αὐτὴν

333 1469 539 1521 ἐκείνου
581 1469 717 1538 πρὸς
761 1468 927 1538 ὅνπερ
970 1466 1331 1536 ἐξαπεστάλη.
1380 1468 1495 1530 Πᾶς
1530 1469 1637 1538 γὰρ
1666 1469 1693 1519 6
1726 1468 1903 1538 μάτην

332 1559 604 1630 λοιδορῶν,
644 1561 834 1612 ἑαυτὸν
873 1561 1073 1631 ἀρᾶται
1111 1558 1244 1629 (79),
1287 1559 1431 1612 καθά
1476 1577 1638 1629 φησιν
1677 1562 1706 1612 6
1748 1561 1903 1613 Σολο-

336 1650 469 1721 μών·
508 1672 525 1702 ι
549 1653 756 1723 Ὥσπερ
782 1652 943 1722 ὄρνεα
998 1652 1248 1704 πέτονται
1295 1653 1390 1706 καὶ
1437 1652 1700 1722 στρουθοὶ,
1731 1652 1903 1718 οὕτως

330 1743 438 1814 ἀρὰ
469 1743 673 1813 ματαία
718 1744 816 1796 οὐκ
846 1744 1193 1797 ἐπελεύσεται
1222 1744 1307 1797 ἐπ’
1333 1745 1524 1798 οὐδενί.
1552 1765 1569 1794 ι
1603 1746 1713 1798 Κα)⁸
1740 1744 1901 1799 πάλιν

330 1834 495 1903 λέγει*
535 1856 552 1886 ι
573 1837 636 1888 Ui
662 1836 718 1888 δὲ
750 1836 1071 1907 ἐκφέροντες
1098 1836 1380 1909 λοιδορίας,
1412 1838 1798 1908 ἀφρονέστατοι
1828 1841 1905 1891 εἰ·
1938 1860 1979 1916 Β

333 1946 434 1981 σιν.
466 1948 484 1980 ι
522 1930 729 1999 ’Ὠσπερ
748 1929 804 1981 δὲ
835 1930 997 2001 (80)ή
1033 1930 1278 2001 μέλισσα,
1301 1931 1358 1982 ὲν
1386 1933 1450 2001 τῇ
1481 1932 1704 2001 δυνάμει
1733 1931 1903 2001 αὐτῆς

330 2021 559 2093 ἀσθενὴς
573 2017 727 2087 οὖσα,
747 2022 883 2075 ἐπὰν
906 2022 1078 2095 πλήξῃ
1098 2024 1240 2090 τινὰ,
1258 2023 1319 2075 τὸ
1338 2024 1560 2099 κέντρον
1589 2022 1901 2090 ἀποϐάλλει,

328 2114 649 2181 καὶγίνεται
682 2117 869 2185 στεῖρα
890 2115 999 2186 (81)
1017 2133 1030 2145 ·
1061 2116 1153 2169 τὸν
1180 2117 1339 2169 αὑτὸν
1366 2117 1563 2187 τρόπον
1584 2118 1678 2169 καὶ
1698 2118 1852 2186 ὑμεῖς
1876 2117 1904 2169 ὂ

328 2206 422 2259 ἐὰν
466 2208 727 2278 ποιήσητε
752 2207 933 2260 ἄδικον
963 2210 1041 2272 εἰς
1072 2208 1309 2279 ἐτέρους,
1341 2206 1499 2261 τοῦτο
1527 2210 1604 2271 εἰς
1633 2208 1740 2278 (82)
1781 2210 1905 2260 ἑαυ-

326 2299 452 2360 τοὺς
481 2300 800 2368 ὲνεργήσετε
822 2318 833 2329 ·
873 2320 889 2351 ι
917 2300 1130 2353 Λάκκον
1175 2300 1283 2371 γὰρ
1321 2300 1514 2371 ὤρυξε,
1555 2301 1647 2353 καὶ
1675 2301 1904 2353 ἀνέσκα-

326 2389 427 2459 ψεν
456 2390 639 2456 αὑτὸν,
672 2392 766 2443 καὶ
794 2393 1114 2462 ἐμπεσεῖται
1144 2395 1222 2456 εἰς
1253 2392 1440 2464 βόθρον
1468 2393 1524 2445 ὃν
1555 2393 1897 2461 εἰργάσατο.»

326 2482 438 2534 Καὶ
466 2481 627 2533 πάλιν
674 2483 806 2552 (85)·
846 2503 863 2533 ι
902 2485 959 2537 '0
1005 2484 1250 2555 ὀρύσσων
1312 2483 1501 2555 βόθρον
1553 2484 1632 2554 τῷ
1679 2484 1903 2555 πλησίον

327 2575 491 2627 αὑτοῦ
523 2575 656 2647 (84),
690 2578 1008 2646 ἐμπεσεῖται
1037 2578 1116 2640 είς
1146 2577 1325 2630 αὐτόν.
1360 2597 1378 2629 ›
1413 2574 1621 2629 Οὐκοῦν
1642 2578 1669 2628 6
1689 2576 1902 2645 φεύγων

327 2668 595 2739 κατάραν,
644 2669 829 2740 ἕτερον
872 2669 945 2739 μὴ
999 2668 1345 2739 καταράσθω’
1397 2668 1425 2720 ὃ
1464 2668 1573 2739 γὰρ
1615 2672 1789 2738 μισεῖς
1820 2685 1903 2721 σοι

326 2761 596 2828 γενέσθαι,
629 2762 747 2814 οὐδὲ
778 2761 919 2832 ἄλλῳ
953 2762 1016 2814 σὺ
1046 2762 1309 2831 ποιήσεις.
1343 2762 1433 2811 Διὸ
1477 2759 1778 2812 νουθετεῖτε
1807 2760 1904 2823 τάς

325 2854 589 2921 ἀπειθεῖς,
606 2854 963 2925 ὲπιπλήσσετε
974 2855 1094 2915 ταῖς
1112 2852 1504 2922 ἀναισχύντοις,
1544 2852 1901 2923 παρακαλεῖτε

324 2945 425 3008 τὰς
443 2945 815 3016 ὀλιγοψύχους,
843 2948 1234 3016 ἰσχυροποιεῖτε
1260 2944 1358 3007 τὰς
1383 2945 1731 3011 ἀσθενούσας,
1750 2947 1905 3000 ἐπαι-

325 3042 466 3091 νεῖτε
493 3038 591 3100 τὰς
609 3040 663 3090 ἐν
685 3038 921 3108 ὁσιότητι
941 3038 1242 3099 ὀδευούσας.
1260 3038 1659 3105 Εὑλογείτωσαν
1680 3038 1899 3108 μᾶλλον,

326 3131 419 3183 καὶ
434 3131 507 3202 μὴ
523 3129 952 3201 λοιδορείτωσαν·
980 3129 1505 3201 εἰρηνοποιείτωσαν,
1535 3129 1627 3182 καὶ
1653 3131 1725 3199 μὴ
1750 3129 1904 3182 πόλε-

2324 904 2436 941 esse
2465 906 2496 941 a
2525 887 2873 944 Christianis
2902 892 3229 948 maledicere.

2080 999 2137 1055 Si
2176 1017 2303 1073 ergo
2352 1018 2455 1072 pax
2488 1005 2630 1074 apud
2674 1021 2791 1068 eos,
2824 1007 2914 1076 qui
2964 1007 3109 1060 illam
3146 1007 3212 1061 ad
3237 1010 3372 1064 alios
3401 1012 3567 1066 mise-

2008 1100 2158 1157 runt,
2194 1109 2412 1149 rursum
2446 1095 2512 1150 ad
2544 1098 2937 1166 prmmittentes
2966 1100 3127 1165 redit,
3162 1104 3304 1171 quod
3345 1120 3451 1158 non
3484 1107 3569 1159 in-

2008 1187 2215 1239 venerit
2239 1187 2432 1256 dignos
2463 1188 2579 1258 ipsa
2603 1229 2617 1252 ,
2654 1192 2825 1244 multo
2851 1193 3023 1262 magis
3053 1195 3361 1251 maledictio
3389 1214 3566 1253 rever-

2005 1285 2153 1331 tetur
2182 1278 2239 1331 in
2267 1288 2428 1348 caput
2474 1282 2658 1351 inique
2689 1283 3028 1340 immittentis
3062 1300 3203 1350 eam,
3233 1290 3378 1357 quod
3422 1291 3467 1345 is
3498 1292 3566 1345 ad

2005 1384 2164 1437 quem
2196 1372 2483 1425 amandata
2514 1380 2621 1437 est,
2655 1390 2763 1430 non
2796 1385 3075 1430 mereatur
3109 1378 3253 1431 illam
3298 1381 3560 1451 recipere.

2005 1458 2266 1530 Quisquis
2290 1463 2433 1517 enim
2461 1464 2579 1519 sine
2619 1481 2783 1521 causa
2810 1468 3170 1533 conviciatur,
3204 1471 3306 1526 sibi
3342 1475 3568 1528 maledi-

2006 1553 2117 1619 cit,
2151 1562 2209 1606 ut
2242 1552 2496 1609 Salomon
2530 1558 2643 1612 ait:
2675 1577 2692 1608 ι
2720 1557 2871 1613 Sicut
2912 1576 3038 1615 aves
3064 1562 3266 1625 volant,
3296 1572 3349 1619 et
3379 1581 3568 1635 passe-

2006 1660 2092 1699 res
2121 1686 2134 1709 ,
2152 1648 2232 1701 sic
2249 1648 2594 1704 maledictum
2611 1667 2809 1705 vanum
2832 1668 2938 1707 non
2962 1655 3013 1708 in
3035 1656 3242 1709 nullum
3271 1660 3447 1713 veniet
3463 1660 3559 1715 ¹¹.›

2005 1737 2071 1793 Et
2111 1740 2305 1795 iterum
2343 1741 2515 1798 dicit:
2555 1763 2573 1796 ‹
2601 1743 2701 1809 Qui
2748 1754 2924 1801 autem
2974 1748 3257 1818 proferunt
3292 1752 3561 1817 convicia,

2005 1834 2440 1907 insipientissimi
2472 1843 2600 1891 sunt
2621 1839 2684 1890 ¹².
2716 1858 2734 1889 ›
2770 1836 3233 1903 Quemadmodum
3267 1858 3393 1897 vero
3422 1846 3563 1913 apis,

2004 1925 2213 1980 viribus
2246 1926 2481 1991 inﬁrma,
2518 1944 2641 1982 cum
2681 1932 2970 2001 pupugerit
3014 1934 3269 2004 aliquem,
3314 1938 3564 1992 aculeum

2004 2016 2223 2083 amittit,
2268 2017 2607 2089 elliciturque
2666 2024 3058 2094 steriliszpari
3111 2029 3273 2083 modo
3328 2041 3381 2085 et
3438 2049 3559 2097 vos,

2003 2123 2170 2177 quam
2201 2110 2453 2180 injuriam
2480 2114 2601 2168 aliis
2632 2114 2945 2181 iutuleritis,
2976 2119 3116 2172 hanc
3147 2122 3300 2177 vobis
3328 2123 3561 2183 facietis.

2014 2199 2255 2255 «Lacum
2298 2204 2444 2257 enim
2495 2207 2728 2273 aperuit,
2762 2217 2813 2261 et
2858 2208 3041 2263 effodit
3083 2228 3246 2280 eum;
3283 2222 3335 2269 et
3364 2217 3563 2272 incidet

2002 2293 2059 2348 in
2126 2294 2336 2350 foveam
2392 2314 2553 2367 quam
2614 2300 2820 2356 fecit“.
2871 2323 2888 2354 ι
2950 2304 3015 2357 Ει
3067 2321 3261 2363 rursus
3310 2329 3322 2363 ε
3380 2329 3398 2361 ι
3460 2310 3563 2378 Qui

2002 2386 2137 2442 fodit
2165 2388 2371 2444 foveam
2403 2392 2649 2459 proximo
2678 2409 2799 2458 suo,
2831 2395 3033 2450 incidet
3056 2398 3109 2451 in
3135 2414 3254 2454 eam
3282 2402 3343 2454 ι’.
3372 2422 3391 2451 ι
3424 2401 3565 2473 Ergo

2002 2482 2093 2550 qui
2123 2483 2368 2537 maledici
2401 2484 2619 2555 refugit,
2644 2503 2713 2540 ne
2744 2487 2900 2541 alteri
2931 2490 3234 2547 maledicat.
3255 2493 3389 2548 Nam
3419 2499 3563 2565 quod

2003 2574 2185 2629 oderis
2232 2576 2329 2629 tibi
2380 2576 2517 2641 ﬁeri,
2546 2595 2721 2647 neque
2766 2581 2919 2634 alteri
2952 2593 3005 2635 tu
3035 2583 3249 2639 feceris.
3293 2586 3564 2651 Quocirca

2004 2675 2220 2722 monete
2247 2667 2646 2738 immorigeras,
2664 2671 2950 2742 objurgate
2980 2674 3400 2741 inverecundas,
3432 2694 3566 2734 con-

2004 2759 2256 2813 solamini
2290 2760 2489 2828 pusillo
2542 2764 2725 2815 animo
2781 2764 3053 2832 prazditas,
3089 2766 3378 2823 fortiﬁcate
3413 2772 3566 2824 inﬁr-

2004 2867 2139 2915 mas,
2170 2852 2386 2907 laudate
2419 2854 2730 2910 sanctitatis
2759 2859 2861 2911 iter
2890 2859 3192 2928 ingressas.
3223 2860 3564 2918 Benedicant

1961 3020 1964 3023 Δ
2002 2943 2203 3012 potius,
2255 2952 2453 2998 etnon
2498 2948 2908 3016 convicientur;
2955 2968 3163 3020 pacem,
3198 2971 3306 3009 non
3360 2958 3561 3012 bellum

2004 3035 2225 3090 faciant.
2263 3036 2445 3107 Itaque
2495 3055 2597 3093 nec
2646 3042 2958 3111 episcopus,
3000 3061 3097 3100 nec
3130 3049 3433 3119 presbyter,
3460 3067 3564 3106 nec

2006 3128 2291 3193 diaconus,
2323 3146 2424 3184 nec
2465 3132 2645 3201 quivis
2693 3134 2833 3188 alius
2880 3137 3022 3189 sacri
3070 3139 3299 3203 ordinis,
3322 3142 3564 3211 linguam

330 3240 428 3293 μον
457 3223 1038 3294 ὲμποιείτωσαν.Μήτε
1057 3220 1147 3276 οὖν
1176 3222 1488 3289 ἐπίσκοπος,
1516 3224 1649 3293 μήτε
1669 3223 1900 3293 πρεσϐύ-

2005 3223 2254 3277 convicio
2280 3224 2558 3293 inquinet;
2594 3242 2662 3279 ne
2694 3242 2793 3295 pro
2819 3227 3196 3285 benedictione
3226 3234 3565 3290 maledictio-

324 3333 499 3387 τερος,
529 3317 661 3387 μήτε
679 3316 941 3381 διάκονος,
967 3317 1099 3387 μήτε
1121 3316 1274 3379 ἄλλος
1291 3334 1374 3380 τις
1393 3318 1457 3370 ὲκ
1475 3318 1567 3370 τοῦ
1597 3316 1897 3386 καταλόγου

325 3406 420 3460 τοῦ
446 3408 721 3480 ἱερατικοῦ
743 3408 979 3479 λοιδορίᾳ
1006 3408 1105 3479 τὴν
1132 3408 1381 3477 γλῶσσαν
1404 3408 1693 3479 μολυνέτω,
1717 3409 1802 3462 ἵνα
1824 3409 1898 3479 μὴ

327 3502 447 3555 ἀντὶ
467 3502 715 3570 εὐλογίας
726 3502 969 3573 κατάραν
992 3501 1091 3572 κλη
1101 3518 1221 3572 ρονο
1228 3503 1299 3571 μή
1308 3519 1374 3572 σῃ
1383 3544 1395 3554 .
1428 3502 1493 3553 Ἐ
1502 3519 1608 3554 στω
1623 3501 1681 3553 δὲ
1696 3501 1897 3572 σπουδὴ

328 3595 421 3647 καὶ
451 3594 737 3663 ἐπιμέλεια
763 3593 841 3665 τῷ
861 3593 1323 3663 ὲπισκόπῳ,ὅπως
1355 3593 1486 3664 μηδὲ
1516 3592 1699 3655 λαῖκὸς
1727 3593 1898 3647 κατά-

330 3703 426 3756 ραν
454 3686 679 3757 ἐκφέρῃ·
713 3686 839 3757 περ)⁹
868 3684 1083 3738 πάντων
1111 3685 1218 3756 γὰρ
1247 3683 1394 3754 αὐτῷ
1426 3684 1634 3755 μέλλειν
1669 3683 1894 3752 ὀφείλει,

326 3780 455 3849 περὶ
501 3779 800 3850 κληρικῶν,
861 3778 989 3849 περὶ
1037 3777 1340 3849 παρθένων,
1373 3778 1500 3847 περὶ
1530 3776 1735 3847 χηρῶν,
1767 3778 1896 3848 περὶ

325 3869 548 3925 λαῖκῶν.
579 3872 678 3924 Διὰ
722 3871 902 3937 τοῦτο,
934 3866 978 3923 ὢ
1006 3870 1292 3933 ἐπίσκοπε,
1322 3872 1448 3933 τοὺς
1477 3869 1770 3941 συνεργούς
1802 3887 1895 3922 σου

326 3961 427 4029 τῆς
479 3963 624 4034 ζωῆς
668 3965 761 4017 καὶ
802 3964 903 4034 τῆς
947 3963 1290 4034 δικαιοσύνης
1335 3962 1591 4033 ἐργάτας,
1620 3962 1898 4024 διακόνους

326 4054 652 4125 εὐαρέστους
687 4056 804 4127 Θεῷ
842 4056 1208 4127 προχειρίζου,
1232 4054 1325 4117 οὓς
1343 4057 1405 4108 ἐκ
1434 4054 1630 4117 παντὸς
1655 4053 1748 4107 τοῦ
1768 4053 1896 4106 λαοῦ

326 4147 641 4219 δοκιμάζεις
686 4145 823 4202 εἶναι
870 4149 1073 4216 ἀξίους,
1118 4151 1213 4202 καὶ
1260 4151 1339 4211 εἰς
1374 4148 1470 4211 τὰς
1496 4149 1596 4217 τῆς
1624 4148 1897 4209 διακονίας

1999 3330 2124 3369 nem
2157 3316 2438 3369 sortiatur.
2469 3315 2696 3371 Studeat
2729 3326 2911 3372 autem
2946 3327 2998 3374 et
3049 3332 3204 3376 curet
3243 3327 3559 3396 episcopus,

2001 3415 2059 3461 ut
2108 3424 2282 3477 neque
2334 3410 2509 3463 laicus
2558 3411 2907 3466 maledictum
2957 3414 3197 3482 proferat
3244 3436 3256 3471 :
3309 3422 3564 3475 omnibus

1999 3500 2142 3554 enim
2169 3502 2481 3569 prospicere
2514 3503 2695 3566 debet,
2730 3504 2968 3567 clericis,
3008 3508 3330 3577 virginibus,
3363 3513 3561 3578 viduis,

2000 3591 2173 3645 laicis.
2218 3589 2531 3661 Propterea,
2566 3595 2843 3664 episcope,
2876 3597 2970 3650 tibi
3008 3598 3062 3651 in
3096 3605 3204 3653 vita
3258 3602 3559 3673 adjutores,

1992 3682 2222 3751 justitiae
2264 3686 2566 3753 operarios,
2616 3686 2833 3756 Deoque
2886 3699 3072 3759 gratos
3104 3692 3364 3749 diaconos
3400 3698 3561 3767 elige,

2000 3790 2137 3844 quos
2164 3792 2228 3830 ex
2274 3779 2423 3832 omni
2451 3780 2650 3848 populo
2692 3781 2884 3851 dignos
2912 3799 3033 3839 esse
3058 3787 3328 3855 probaris,
3354 3798 3406 3843 et
3428 3790 3563 3844 sub-

1988 3868 2196 3924 .cundis
2224 3869 2491 3925 diaconici
2542 3871 2699 3925 ofﬁcii
2760 3874 3038 3930 laboribus
3071 3880 3307 3933 maxime
3347 3896 3566 3935 accom-

2004 3962 2272 4016 modatos.
2311 3961 2485 4015 Etiam
2532 3965 2669 4035 elige
2710 3965 3077 4021 diaconissam
3116 3968 3324 4025 ﬁdelem
3352 3981 3405 4026 et
3437 3986 3563 4027 san-

2000 4060 2165 4117 ctam,
2195 4054 2258 4107 ad
2293 4056 2583 4109 mulierum
2625 4056 2953 4114 ministeria.
2998 4059 3083 4113 Fit
3132 4064 3275 4116 enim
3315 4081 3566 4121 nonnun-

2004 4161 2191 4213 quam,
2225 4154 2284 4199 ut
2316 4147 2369 4201 in
2401 4146 2724 4215 quibusdam
2752 4150 3026 4216 domibus,
3051 4154 3226 4207 virum
3269 4157 3562 4214 diaconum

406 4304 445 4337 ⁸ο
484 4303 617 4361 Luc.
653 4322 711 4371 χ,
742 4306 803 4371 5;
843 4304 1034 4358 Matth.
1068 4321 1098 4358 ι
1121 4343 1135 4367 ,
1169 4303 1255 4357 15.
1334 4302 1373 4333 ¹¹
1413 4300 1573 4355 Prov.
1608 4315 1767 4363 xxvr,
1797 4297 1851 4350 ‘2.

2001 4296 2146 4351 Prov.
2189 4314 2250 4361 x,
2288 4299 2372 4352 18.
2452 4298 2492 4327 ¹³
2527 4297 2669 4352 Psal.
2709 4316 2815 4363 vu,
2853 4302 2936 4354 16.
3003 4304 3044 4335 ”
3081 4303 3239 4359 Prov.
3275 4323 3431 4373 xxvi,
3466 4309 3556 4363 27.

1622 4511 1988 4569 VARIORUM
2024 4514 2258 4569 NOTAE.

402 4685 510 4758 (76)
556 4685 901 4758 Ἀλλότριρν
926 4680 1055 4758 reip:
1089 4679 1238 4758 Alter
1262 4677 1432 4758 codex
1460 4675 1554 4758 καὶ
1583 4673 1888 4758 ἀλλότριον,

2001 4674 2199 4758 diturna
2231 4675 2435 4758 multis.
2476 4672 2631 4758 Iulnde
2660 4673 3024 4758 proverbialis
3058 4674 3260 4758 locutio
3291 4675 3343 4758 in
3377 4674 3558 4729 Plato-

331 4744 432 4810 πρὸ
461 4744 579 4809 loco
609 4744 865 4809 convenit
894 4744 1221 4825 αἰτιολογική
1251 4747 1551 4825 particula.
1579 4744 1745 4825 Coum.

425 4827 511 4897 77)
558 4824 854 4889 Ἐπὶτούς
901 4814 1296 4897 αόᾉὲκεῖνοὺξι.
1347 4816 1558 4897 Absunt
1613 4815 1668 4897 in
1718 4814 1890 4869 altero

397 4828 511 4950 377)
558 4828 854 4889 Ἐπὶτούς
901 4828 966 4876 ad
1007 4828 1296 4883 ἐκείνους.
1347 4828 1558 4871 Absunt
1613 4830 1668 4867 In
1718 4828 1890 4869 altero

329 4912 394 4950 co
439 4940 450 4950 .
500 4906 555 4951 et
600 4907 785 4966 postea
839 4895 1086 4963 sequitur
1116 4886 1560 4959 προσηκαμένους
1599 4895 1892 4955 utrumque

328 4982 633 5039 perperam.
667 4966 834 5039 QLEu.
906 5035 917 5039 _
980 5034 1028 5039 __
1158 5033 1171 5039 _
1288 5029 1312 5039 -

426 5025 511 5106 '78)
542 5036 760 5103 Αὐτῆς.
794 5034 945 5105 Legit
979 5034 1121 5106 idem
1155 5029 1382 5106 ἑαυτῆς,
1404 5034 1571 5106 recte.
1601 5025 1679 5106 In.
1767 5098 1780 5106 _
1838 5094 1863 5106 η

426 5039 489 5092 78
542 5038 760 5103 Αὐτῆς.
794 5038 945 5105 Legit
979 5038 1121 5087 idem
1155 5038 1373 5098 εαυτῆς,
1404 5038 1571 5083 recte.
1604 5038 1679 5082 In.

400 5038 511 5231 (79}
542 5106 667 5172 Πᾶς
692 5108 801 5175 γὰρ
849 5108 879 5158 ὀ
917 5104 1113 5175 μάτην
1140 5096 1449 5180 λοιδορῶν,
1479 5098 1698 5150 ἑαυτὸν
1748 5094 1892 5163 ἀρᾶ-

401 5198 437 5231 ι.
505 5186 633 5231 uxta
678 5176 808 5229 illud
841 5174 1207 5228 Eeclesiastict
1250 5185 1362 5230 XXI,
1393 5170 1508 5225 5οῑ
1543 5167 1681 5220 Dum
1723 5167 1889 5220 male-

324 5167 437 5233 ταὶ.
474 5167 808 5231 Ιυχια’ὶίιιῖι1
841 5167 1207 5228 Ecclesiastici
1250 5185 1362 5230 XXI,
1393 5170 1508 5225 5οῑ
1543 5167 1681 5220 Dum
1723 5167 1889 5220 male-

326 5250 455 5302 dicit
477 5250 665 5316 impius
688 5245 977 5306 diabolum,
1008 5241 1277 5316 maledicit
1303 5241 1408 5307 ipse
1425 5240 1671 5316 _anim_ai_n
1693 5254 1842 5290 suam
1868 5252 1885 5289 :

341 5320 425 5372 Ἐν
451 5318 529 5389 τῷ
550 5308 895 5389 ’καταρᾶσθαι
924 5313 1208 5389 ἀσεϐἧῌτὸν
1240 5312 1499 5376 Σατανᾶν,
1532 5308 1690 5370 αὐτὸς
1718 5324 1886 5361 κατα-

331 5382 611 5460 ρᾶται’τὴν
643 5382 832 5460 ἑαυτοῦ
863 5385 1053 5460 ψυχήν..
1085 5382 1236 5460 (ξιοτἓ
1433 5449 1448 5460 .
1569 5447 1602 5460 η

664 5457 809 5533 Idem
839 5445 969 5509 cod'.‘
988 5445 1145 5533 Vind.
1179 5445 1450 5533 οὗν-γραοιί
1479 5445 1879 5533 melius.CLsn:

399 5460 487 5533 (80
541 5460 630 5511 Δέ.
665 5460 809 5510 Idem
839 5460 960 5509 cod.
989 5460 1145 5507 Vind.
1179 5460 1450 5531 ouv,quou
1479 5460 1881 5529 meliusnam

399 5460 509 5599 (81)
540 5527 651 5581 Kal.
692 5527 912 5599 γίνεται
965 5524 1187 5592 στεῖρα.
1226 5519 1442 5599 Tribus.
1479 5519 1656 5572 modis
1709 5532 1884 5586 thClpl

326 5591 549 5668 potest:
585 5600 638 5651 1°
668 5591 1005 5668 simpliciter,
1045 5591 1103 5668 u_t
1153 5606 1347 5645 sensus
1401 5591 1471 5644 sit
1496 5608 1525 5668 _:_
1545 5602 1718 5657 apem,
1759 5601 1883 5640 cum

329 5660 343 5668 ’
368 5669 636 5738 upugerit,
671 5660 903 5720 sterilem
952 5661 1199 5723 evadere,
1234 5676 1334 5713 nec
1367 5660 1598 5728 amplius
1640 5671 1879 5737 gignere.

327 5685 383 5791 rd
415 5755 544 5793 vero
576 5738 770 5791 nullibi
822 5748 907 5787 me
954 5733 1131 5801 legere
1178 5730 1419 5784 memini.
1453 5730 1521 5801 2°
1561 5728 1879 5801 subintelle-

329 5810 504 5881 gendo
534 5808 779 5877 κέντρο).
813 5804 922 5859 Hoc
950 5797 1052 5867 est,
1084 5801 1315 5869 privatur
1343 5798 1542 5852 aculeo.
1579 5797 1733 5865 Quod
1764 5804 1877 5851 tra-

1997 4743 2419 4815 nisPIiaadone,
2475 4744 2660 4815 ὥσπερ
2717 4744 2933 4813 μέλιττα
2975 4744 3036 4796 τὸ
3081 4745 3298 4815 κέντρον
3328 4748 3558 4814 ἐγκατα-

1996 4814 2167 4886 λιπὼν
2187 4816 2495 4886 οἰχήσομαι.
2529 4814 2675 4866 Velut
2697 4831 2810 4882 apis
2840 4815 3019 4867 aculeo
3056 4815 3236 4867 relicto
3266 4814 3551 4873 discedant.

1998 4884 2401 4954 5°1mproprie,
2450 4893 2503 4938 et
2545 4886 2753 4939 ratione
2798 4885 2972 4939 mellis
3011 4899 3352 4953 nequaquam
3387 4888 3558 4939 conli-

2000 4955 2177 5025 ciendi
2209 4964 2414 5025 postea.
2447 4954 2657 5009 Plinius
2680 4955 2771 5007 lib.
2790 4970 2865 5020 XI,
2886 4969 3008 5024 cap.
3034 4956 3099 5009 18
3128 4975 3139 5008 :
3167 4954 3419 5007 Aculcum
3443 4958 3556 5025 api-

2001 5024 2094 5078 bus
2124 5024 2315 5078 natura
2343 5025 2506 5089 dedit,
2534 5027 2697 5078 ventri
2732 5035 3045 5077 consertum.
3080 5026 3158 5076 Ad
3208 5041 3366 5076 unum
3393 5027 3555 5078 ictum

2000 5096 2094 5147 hoc
2125 5096 2312 5164 inﬁxo,
2342 5097 2555 5166 quidam
2584 5113 2673 5149 eas
2714 5096 2894 5148 statim
2923 5095 3085 5147 emori
3114 5102 3319 5166 putant.
3350 5095 3549 5164 Aliqui,

1999 5167 2206 5219 nonnisi
2236 5168 2288 5219 in
2320 5164 2524 5219 tantum
2568 5166 2773 5229 adacto,
2811 5175 2866 5217 ut
2904 5166 3136 5217 intestini
3181 5164 3447 5234 quidpiam
3471 5183 3554 5218 se-

1996 5245 2228 5302 quatur:
2259 5237 2346 5289 sed
2372 5237 2518 5300 fucos
2540 5245 2717 5303 postea
2746 5251 2877 5296 esse,
2904 5250 2993 5286 nec
3015 5235 3169 5287 mella
3202 5235 3391 5301 facere,
3414 5236 3553 5288 velut

1997 5309 2245 5359 castratis
2275 5307 2491 5372 viribus,
2520 5307 2815 5375 pariterque
2838 5314 2888 5358 et
2914 5321 3096 5357 nocere
3116 5314 3164 5357 et
3192 5304 3438 5373 prodesse
3460 5306 3553 5360 de-

1992 5376 2177 5431 sinere.
2204 5377 2342 5434 Cor.

2088 5448 2175 5515 8:2)
2206 5450 2327 5511 Εἰς.
2359 5445 2503 5499 ldem
2527 5447 2631 5507 ἐπ’,
2664 5445 2807 5515 quod
2836 5443 3187 5515 estperinde.
3212 5443 3382 5499 CLER.

2088 5452 2154 5499 82
2206 5452 2327 5511 Εἰς.
2359 5452 2503 5499 Idem
2527 5452 2631 5507 ἐπ’,
2664 5452 2807 5515 quod
2836 5452 2919 5498 est
2946 5452 3187 5513 perinde.
3212 5452 3382 5499 Cum.

2088 5452 2175 5586 85)
2204 5516 2415 5569 Πάλιν.
2466 5514 2523 5569 1n
2573 5517 2743 5569 altero
2786 5517 2813 5567 6
2851 5513 3132 5586 Σολομὼν,
3164 5516 3389 5580 rectius,
3420 5530 3551 5571 nam

1992 5583 2237 5655 proxime
2280 5587 2529 5655 superior
2558 5588 2710 5639 locus
2737 5592 2820 5639 est
2849 5583 3089 5655 Davidis.
3120 5585 3194 5640 Ιι).

2062 5655 2171 5732 (Si)
2208 5655 2289 5721 Τῷ
2316 5654 2582 5732 αείησιον
2605 5655 2810 5712 αὑτοῦ.
2842 5654 3056 5709 Absunt
3098 5657 3234 5732 haec,
3286 5665 3340 5713 et
3391 5655 3553 5713 facile

1988 5728 2327 5798 supplentur.
2362 5727 2438 5782 ID.
