4080 6266
502 362 607 421 799

1059 457 1287 531 CAPUT
1326 474 1493 531 xvn.

541 568 713 634 Quam
742 583 958 621 causam
997 566 1185 620 habeat
1225 568 1515 636 baptismus
1551 567 1606 619 in
1637 564 1908 620 Christum
1937 606 1952 631 ,
1983 577 2032 620 et

657 654 819 709 quare
851 638 1060 707 singula
1090 639 1143 691 in
1173 656 1231 692 eo
1255 679 1269 703 ,
1298 651 1346 692 et
1375 639 1641 701 dicantur,
1674 645 1723 690 et
1747 637 1904 705 ﬁant.

570 794 882 865 Baptismus
928 794 1111 864 igitur,
1161 794 1214 846 in
1259 801 1488 847 mortem
1531 792 1661 848 Jesu
1710 794 1871 848 datur
1896 795 1941 825 ¹⁰
1972 813 1982 847 :
2014 801 2066 849 et

500 902 639 957 aqua
671 886 960 940 adhibetur
990 901 1090 956 pro
1122 887 1403 955 sepultura
1430 904 1444 953 ;
1474 886 1654 940 oleum
1677 926 1690 949 ,
1724 902 1823 956 pro
1858 885 2063 956 Spiritu

501 989 730 1045 sancto;
767 980 981 1048 signum
1012 979 1224 1042 crucis,
1260 994 1358 1047 pro
1387 994 1550 1033 cruce
1580 997 1591 1033 :
1626 978 1899 1041 chrisma,
1932 993 2067 1031 con-

501 1070 734 1125 ﬁrmatio
760 1078 844 1124 est
870 1069 1234 1123 confessionis
1261 1090 1273 1122 :
1306 1068 1467 1124 Pater
1495 1076 1972 1131 commemoratur,
2007 1078 2066 1123 ut

502 1172 691 1218 auctor
719 1178 781 1216 ac
807 1163 1035 1217 emissor
1062 1180 1075 1228 ;
1104 1160 1339 1231 Spiritus
1368 1162 1755 1225 coassumitur,
1788 1170 1847 1216 ut
1877 1163 2063 1229 testis;

502 1255 632 1309 dum
677 1254 991 1323 mergimur,
1033 1255 1465 1319 commorimur;
1510 1253 1639 1307 dum
1688 1255 2062 1324 emergimus,

503 1348 955 1402 consuscitamur.
1011 1345 1170 1399 Pater
1198 1354 1282 1400 est
1308 1362 1472 1415 super
1494 1346 1674 1399 omnia
1700 1345 1842 1401 Deus
1867 1365 1881 1413 ;
1907 1346 2066 1401 Chri-

505 1447 652 1504 stus,
695 1440 1006 1509 unigenitus
1046 1438 1215 1501 Deus,
1258 1446 1311 1492 et
1349 1437 1583 1494 dilectus
1621 1438 1830 1503 Filius,
1863 1448 1917 1495 et
1950 1440 2066 1510 glo-

504 1535 598 1586 riae
634 1532 937 1597 Dominus;
974 1530 1218 1600 Spiritus
1257 1540 1502 1597 sanctus,
1530 1531 1875 1598 Paracletus,
1907 1534 1997 1603 qui
2033 1549 2061 1587 a

497 1624 718 1680 Christo
750 1624 980 1677 mittitur
1014 1640 1075 1677 ac
1103 1622 1349 1686 docetur,
1383 1625 1585 1695 quique
1615 1624 1895 1681 Christum
1928 1641 2066 1695 prae-

501 1718 646 1773 dicat
678 1719 743 1772 ¹¹.

1059 1895 1287 1959 CAPUT
1315 1896 1505 1954 XVIII.

703 1988 892 2055 Qualis
932 2004 1043 2042 esse
1083 1987 1267 2041 debeat
1308 1988 1566 2057 baptismo
1609 1990 1873 2047 initiatus.

574 2083 617 2112 ²²
646 2082 911 2136 Caeterum
940 2080 1033 2150 qui
1061 2080 1389 2150 baptizatur,
1418 2097 1476 2135 se
1502 2089 1719 2151 praestet
1742 2083 1976 2136 alienum
2002 2083 2068 2137 ab

502 2173 650 2227 omni
683 2172 952 2241 impietate
972 2212 986 2235 ,
1019 2171 1345 2226 ineﬁicacem
1378 2173 1442 2225 ad
1477 2181 1759 2243 peccatum
1782 2214 1796 2237 ,
1831 2174 2067 2227 amicum

504 2266 635 2329 Dei,
672 2264 885 2319 hostem
926 2263 1163 2330 diaboli,
1198 2264 1463 2319 haaredem
1503 2264 1597 2319 Dei
1634 2263 1849 2330 Patris,
1883 2275 1935 2320 et
1970 2281 2066 2319 co-

502 2357 768 2411 harredem
802 2356 923 2411 Filii
953 2356 1074 2425 ejus
1104 2376 1117 2423 ;
1160 2373 1392 2426 eumque
1422 2358 1514 2427 qui
1546 2358 1939 2413 renuntiaverit
1969 2356 2067 2411 Sa-

502 2457 675 2511 tanae,
708 2448 961 2517 illiusque
988 2448 1323 2503 dmmonihus
1355 2464 1417 2503 ac
1447 2448 1698 2505 fallaciis.
1731 2449 1812 2503 Sit
1844 2459 2064 2515 castus,

506 2556 709 2611 purus,
760 2548 1019 2601 sanctus,
1060 2538 1169 2594 Deo
1202 2540 1410 2597 amicus
1438 2580 1451 2606 ,
1488 2542 1632 2597 ﬁlius
1677 2542 1770 2596 Dei
1801 2559 1815 2608 ;
1859 2558 2024 2597 orans
2050 2582 2065 2604 ,

505 2641 764 2701 tanquam
802 2631 946 2686 ﬁlius
985 2640 1194 2702 patrem
1227 2651 1240 2698 ;
1300 2641 1463 2703 atque
1500 2634 1604 2688 hoc
1645 2634 1805 2687 modo
1832 2674 1845 2695 ,
1906 2634 2068 2687 veluti

502 2725 721 2779 nomine
767 2726 1073 2779 communis
1146 2724 1382 2779 ﬁdelium
1434 2736 1645 2789 cretus,
1694 2727 2063 2795 proloquens:

510 2836 528 2866 ι
560 2816 717 2870 Pater
746 2824 951 2879 noster,
983 2818 1074 2887 qui
1103 2833 1163 2872 es
1194 2818 1248 2872 in
1279 2818 2060 2882 caalis,sanctiﬁceturnomen

507 2916 658 2962 tuum
686 2926 700 2974 ;
732 2907 983 2963 adveniat
1012 2925 1237 2978 regnum
1270 2921 1420 2963 tuum
1449 2930 1463 2976 ;
1512 2911 1603 2962 ﬁat
1643 2910 1895 2963 voluntas
1938 2915 2064 2970 tua,

509 3001 651 3057 sicut
681 3000 735 3054 in
763 3003 900 3055 cmlo
921 3041 935 3063 ,
970 3010 1023 3055 et
1053 3002 1106 3054 in
1138 3010 1283 3055 terra
1312 3021 1324 3055 :
1361 3017 1553 3071 panem
1592 3010 1843 3055 nostrum
1883 3000 2067 3068 quoti-

511 3092 729 3146 dianum
773 3094 839 3146 da
882 3092 1043 3146 nobis
1086 3092 1284 3146 hodie:
1324 3100 1377 3145 et
1423 3092 1633 3145 dimitte
1678 3091 1837 3143 nobis
1886 3090 2066 3143 debita

1345 360 1400 414 S.
1441 356 1835 418 CLEMENTIS
1874 357 1894 411 l
1933 356 2098 413 ROM.
2126 357 2327 413 PONT.
2367 356 2595 411 OPERA
2632 355 2858 412 DUBIA.

3631 357 3739 412 800

2692 473 3084 529 ΚΕΦΛΛΑΙΟΝ
3114 474 3208 525 lZ'.

2165 568 2352 621 Ποίαν
2378 566 2572 620 αἰτίαν
2598 566 2723 633 ἔχει
2750 566 2813 618 τὸ
2843 567 2928 630 εὶς
2956 566 3062 617 τὸν
3097 562 3353 633 Χριστιῖν·
3388 561 3701 630 βάπτισμα
3725 580 3733 633 ἡ

2236 637 2333 690 καὶ
2359 637 2512 689 διατι
2540 632 2664 688 τῶν
2685 636 2753 688 ἐν
2780 635 2938 700 αὐτῷ
2963 634 3222 687 ἕκαστον
3247 632 3483 700 λέγεται
3538 649 3601 685 τε
3643 632 3735 687 καί

2236 706 2567 774 πράγέτοι.

2239 798 2390 850 Ἐστι
2415 812 2457 849 τι
2480 812 2589 849 νυν
2611 796 2670 848 τὸ
2705 796 2799 864 μὲν
2831 795 3135 865 βάπτισμα,
3167 796 3246 856 εἰς
3272 793 3362 845 τὸν
3394 792 3619 845 θάνατον
3648 794 3737 845 τοῦ

2165 887 2341 959 Ἰησοῦ
2384 888 2676 958 ἑΰόμενον·
2720 886 2781 939 τὸ
2819 886 2876 938 δὲ
2919 885 3094 955 ὕδωρ,
3132 885 3251 937 ἀντὶ
3280 884 3476 954 ταφῆς·
3510 885 3603 937 καὶ
3632 884 3738 956 (96)

2163 980 2224 1031 τὸ
2253 979 2457 1045 ἔλαιον,
2505 979 2624 1032 ἀντὶ
2663 977 2978 1048 Πνεῦματος
3017 977 3194 1045 ἁγίου·
3238 977 3270 1047 ἡ
3318 977 3588 1047 σφραγὶς,
3621 977 3742 1029 ἀντὶ

2164 1070 2256 1123 τοῦ
2306 1070 2558 1140 σταυροῦ·
2601 1070 2660 1122 τὸ
2702 1069 2907 1140 μύρον,
2952 1068 3236 1138 βεϐαίωσις
3282 1066 3382 1136 τῆς
3430 1067 3735 1137 ὁμολογίας·

2164 1161 2256 1214 τοῦ
2289 1162 2549 1232 Πατρὸςή
2578 1162 2784 1232 μνήμη,
2807 1161 2882 1222 ὡς
2913 1161 3086 1213 αἰτίου
3116 1161 3208 1212 καὶ
3235 1161 3593 1224 ἀποστολὲως·
3642 1160 3738 1217 τοῦ

2166 1253 2479 1329 Πνεύματος
2521 1254 2554 1323 ἡ
2607 1252 3065 1324 συμπαράληψις,
3109 1252 3185 1315 ὡς
3233 1252 3508 1323 μάρτυρος
3543 1252 3736 1325 (97)’ή

2164 1345 2476 1411 κατάδυσις,
2506 1345 2566 1396 τὸ
2594 1344 2701 1415 (98)
2734 1344 3135 1397 συναποθανεῖν·
3162 1347 3193 1415 ὴ
3220 1345 3471 1408 ἀνάδυσις
3492 1388 3505 1406 ,
3530 1347 3588 1399 τὸ
3615 1365 3739 1401 συν-

2165 1438 2478 1508 αναστῆναι·
2536 1439 2723 1508 Πατὴρ
2777 1440 2805 1489 6
2854 1438 2943 1491 ἐπὶ
2989 1438 3205 1491 πάντων
3253 1438 3405 1502 Θεός·
3451 1440 3740 1510 Χριστὸςό

2169 1531 2459 1599 μονογενὴς
2485 1530 2648 1595 Θεὸς,
2680 1532 2707 1581 6
2737 1530 3019 1599 ἀγαπητὸς
3048 1530 3207 1595 Υἱὸς,
3237 1532 3265 1581 6
3303 1531 3403 1601 τῆς
3434 1532 3592 1602 δόξης
3623 1533 3734 1585 Κύ-

2170 1639 2301 1691 ριος.
2336 1622 2557 1691 Πνεῦμα
2588 1622 2770 1689 ἅγιον,
2799 1623 2827 1673 6
2859 1622 3244 1692 Παράκλητος,
3277 1622 3336 1674 τὸ
3368 1624 3472 1676 ὑπὸ
3500 1625 3735 1695 Χριστοῦ

2166 1714 2538 1783 πεμπόμενον,
2587 1715 2679 1766 καὶ
2722 1714 2813 1765 ὑπ’
2844 1714 3050 1766 ἐκείνου
3079 1713 3461 1784 διδασκόμενον
3485 1716 3614 1786 (99),
3645 1716 3737 1769 καὶ

2099 1847 2140 1901 Β
2169 1808 2372 1859 ἐκεῖνον
2402 1824 2469 1877 κη
2480 1806 2686 1876 ρύττον.

2691 1897 3082 1949 ΚΕΦΑΛΑΙΟΝ
3108 1898 3213 1950 lH’.

2418 1990 2553 2054 Οἷος
2592 1989 2815 2056 ὀφείλει
2853 1989 3001 2041 εἶναι
3040 1991 3072 2041 ό
3094 1988 3490 2058 μεμυημέλὲος.

2251 2084 2306 2135 'O
2334 2082 2389 2134 δὲ
2445 2080 2834 2151 βαπτιζόμενος
2864 2080 3157 2151 ὑπαρχέτω
3184 2080 3461 2151 ἀλλότριος
3490 2082 3740 2144 ἀσεϐείας

2169 2176 2386 2244 πάσης,
2434 2174 2794 2242 ἀνενέργητος
2843 2173 2979 2243 πρὸς
3028 2172 3329 2243 ἁμαρτίαν,
3378 2173 3529 2241 φίλος
3565 2173 3736 2240 Θεοῦ,

2169 2266 2357 2337 ἐχθρὸς
2387 2265 2629 2317 διαϐόλου
2657 2307 2668 2327 ,
2702 2265 3033 2335 κληρονόμος
3060 2248 3193 2316 Θεοῦ
3226 2265 3437 2335 Πατρὸς
3462 2309 3473 2329 ,
3507 2266 3743 2336 συγκλη-

2173 2359 2395 2429 ρονόμος
2441 2358 2498 2410 δὲ
2544 2357 2639 2409 τοῦ
2692 2357 2819 2409 Υἱοῦ
2846 2400 2859 2423 ,
2920 2357 3359 2425 ἀποτεταγμένος
3405 2357 3483 2426 τῷ
3530 2360 3743 2429 Σατανᾷ

2170 2451 2392 2512 καὶτοῖς
2419 2450 2638 2519 δαίμοσι
2661 2450 2753 2501 καὶ
2782 2452 2902 2511 ταῖς
2922 2449 3159 2509 ἀπάταις
3180 2449 3343 2500 αὑτοῦ
3366 2448 3531 2520 (100)·
3556 2451 3737 2519 ἁγνὸς,

2170 2542 2436 2614 καθαρὸς,
2469 2542 2641 2606 ὅσιος,
2685 2542 2935 2611 θεοφιλὴς
2961 2583 2975 2606 ,
3020 2541 3134 2603 υἱὸς
3169 2540 3263 2592 τοῦ
3303 2540 3456 2592 Θεοῦ·
3502 2559 3741 2612 προσευ-

2169 2634 2392 2704 χόμενος
2414 2676 2428 2699 ,
2476 2634 2549 2694 ὡς
2589 2634 2701 2696 υίὸς
2748 2634 2950 2703 πατρὶ,
2989 2633 3083 2685 καὶ
3109 2633 3284 2701 λέγων
3313 2635 3388 2696 ὼς
3424 2635 3530 2687 ἀπὸ
3561 2638 3742 2690 κοινοῦ

2167 2726 2260 2778 τοῦ
2290 2726 2397 2778 τῶν
2426 2726 2631 2780 πιστῶν
2655 2726 3116 2796 συναθροίσματος
3142 2725 3556 2798 οὓτως·‹Πάτερ
3583 2730 3742 2798 ἡμῶν

2168 2819 2196 2869 6
2218 2818 2273 2868 ὲν
2299 2821 2409 2880 τοῖς
2432 2818 2695 2887 οὐρανοῖς,
2729 2817 3039 2887 ἁγιασθήτω
3067 2818 3127 2869 τὸ
3171 2817 3341 2887 ὄνομά
3370 2835 3482 2871 σου·
3542 2819 3743 2874 ἐλθέτω

2168 2911 2199 2977 ἡ
2233 2908 2473 2977 βασιλεία
2507 2925 2599 2959 σου
2619 2926 2631 2937 ·
2663 2907 2942 2978 γενηθήτω
2969 2908 3029 2960 τὸ
3061 2908 3272 2979 θέλημά
3302 2927 3393 2961 σου
3417 2953 3430 2973 ,
3465 2910 3540 2973 ὼς
3567 2912 3623 2961 ἐν
3651 2911 3745 2963 οὐ⁹

2173 2998 2315 3068 ρανῷ
2342 2999 2433 3051 καὶ
2458 2999 2549 3050 ἐπὶ
2576 2999 2675 3067 τῆς
2704 3000 2825 3068 γῆς·
2856 3000 2947 3051 τὸν
2979 3000 3140 3070 ἄρτον
3168 3001 3326 3070 ἡμῶν
3351 3002 3440 3053 τὸν
3470 3001 3739 3054 ἐπιούσιον

2168 3093 2254 3155 δὸς
2292 3096 2421 3162 ἡμῖν
2474 3093 2727 3161 σήμερον·
2806 3091 2898 3144 καὶ
2946 3091 3078 3159 ἄφες
3107 3095 3239 3162 ἡμῖν
3288 3092 3356 3145 τὰ
3402 3094 3738 3163 ὀφειλήματα

512 3191 738 3248 nostra;
787 3184 930 3236 sicut
970 3191 1023 3236 et
1067 3198 1167 3236 nos
1213 3182 1538 3236 dimittimus
1580 3181 1915 3235 debitoribus
1963 3196 2061 3233 no-

2167 3183 2322 3254 ἡμῶν
2345 3226 2359 3247 ,
2400 3184 2473 3245 ὼς
2505 3184 2596 3236 καὶ
2623 3186 2784 3253 ἡμεῖς
2811 3184 3043 3253 ἀφίεμεν
3072 3187 3183 3247 τοῖς
3210 3184 3514 3253 ὀφειλέταις
3541 3188 3572 3255 ἡ
3583 3184 3696 3255 μῶν
3721 3227 3734 3250 ,

508 3275 637 3329 stris
665 3294 676 3329 :
708 3284 761 3328 et
784 3289 851 3327 ne
876 3289 976 3327 nos
1004 3274 1231 3327 inducas
1259 3274 1311 3325 in
1346 3274 1698 3328 tentationem
1719 3315 1733 3339 ,
1770 3273 1865 3328 sed
1897 3272 2065 3326 libera

505 3381 603 3419 nos
634 3380 663 3417 a
696 3365 879 3418 malo:
933 3366 1057 3434 quia
1107 3372 1257 3418 tuum
1291 3371 1375 3419 est
1409 3380 1667 3436 regnum,
1703 3372 1756 3419 et
1789 3363 2061 3435 potentia,

503 3464 556 3510 et
584 3456 751 3525 gloria
774 3496 789 3519 ,
820 3458 875 3509 in
910 3456 1131 3511 szecula.
1164 3454 1335 3510 Amen
1367 3456 1433 3511 “.
1476 3472 1497 3506 ι

573 3591 619 3621 ¹⁶
658 3590 813 3644 Rom.
845 3606 934 3656 vt,
970 3594 1022 3646 3.

505 3660 557 3713 1.
581 3662 625 3692 ’³
666 3660 856 3717 Matth.
891 3679 973 3729 vl,
1009 3662 1061 3716 9.

2169 3277 2263 3329 xui.
2293 3277 2365 3347 μὴ
2394 3276 2706 3346 εἰσενέγκῃς
2730 3277 2877 3345 ἡμᾶς
2903 3277 2980 3338 εἰς
3011 3276 3314 3346 πειρασμὸν
3338 3319 3351 3340 ,
3407 3276 3541 3329 ἀλλὰ
3581 3278 3737 3348 ῥῦσαι

2168 3369 2315 3437 ἡμᾶς
2342 3368 2449 3420 ἀπὸ
2477 3368 2570 3420 τοῦ
2600 3366 2854 3437 πονηροῦ·
2886 3368 2967 3419 ὃτι
2999 3368 3090 3419 σοῦ
3123 3370 3267 3420 ἐστιν
3297 3371 3329 3437 ἠ
3362 3368 3602 3437 βασιλεία
3631 3368 3736 3437 (l),

2169 3462 2262 3515 xui.
2288 3464 2320 3533 ἡ
2350 3462 2605 3531 δύναμις,
2638 3461 2729 3513 καὶ
2757 3462 2790 3530 ἡ
2821 3458 2971 3526 δόξα,
3002 3462 3079 3522 είς
3108 3461 3234 3522 τοὺς
3263 3460 3476 3521 αἰῶνας.
3510 3461 3731 3529 Ἀμήν.»

1130 3594 1171 3624 ’³
1213 3592 1429 3648 Citatur
1457 3609 1486 3649 a
1519 3593 1774 3662 Maximo,
1808 3596 1874 3651 ad
1902 3608 2065 3669 caput
2098 3599 2161 3664 2,
2193 3598 2350 3654 Dion.
2382 3600 2449 3654 de
2477 3598 2628 3655 Eccl.
2662 3596 2802 3652 hier.
2881 3598 2925 3628 η
2960 3595 3121 3651 Citat.
3155 3594 3517 3660 Anastasius,
3542 3600 3734 3664 quarst.

1793 3798 2157 3857 VARIORUM
2192 3801 2424 3857 ΝΟΤᾸΞ.

599 3934 688 4004 96)
724 3935 851 3987 Kal.
883 3934 1008 3988 Dele
1038 3950 1158 3988 cum
1192 3937 1360 3991 altero
1389 3938 1512 3991 cod.
1548 3937 1785 3994 Vindob.
1818 3938 1986 3995 Cum.

603 4006 692 4073 97)
738 4004 861 4077 Τοῦ-
917 4007 1255 4077 Πνεύματος
1310 4010 1347 4074 1i
1404 4008 1877 4077 συμπαρίίῖηψις
1912 4052 1925 4074 ο
1979 4011 2059 4076 ὡς

500 4074 920 4148 μὰρᾷτιιροςηιιίὶ
950 4074 1095 4148 alibi.
1123 4076 1258 4141 Quia
1283 4118 1296 4139 ,
1324 4074 1536 4147 opinor,
1567 4074 1802 4148 Spiritus
1835 4074 2058 4135 sanctus

506 4146 560 4201 in
592 4146 790 4199 Christi
818 4146 1085 4214 baptismo
1117 4148 1270 4202 testis
1301 4146 1543 4201 ex'stitit:
1574 4146 1732 4202 sicuti
1767 4150 1962 4203 durent
1995 4150 2051 4203 S.

505 4216 798 4288 Gregorius
830 4213 1223 4288 Nazianzenus,
1258 4227 1397 4271 orat.
1431 4219 1519 4279 57,
1557 4235 1609 4288 p.
1647 4219 1769 4284 6H);
1799 4228 1937 4271 orat.
1972 4220 2062 4281 59,

506 4232 798 4339 [ιτριξέπιιιδ
830 4232 1223 4279 nauanzenus,
1258 4232 1397 4271 orat.
1431 4232 1519 4279 bl,
1557 4235 1609 4288 p.
1647 4232 1769 4284 um;
1799 4232 1937 4271 orat.
1972 4232 2062 4281 att,

506 4304 561 4358 p7.
595 4286 626 4358 6
668 4286 691 4339 ll
724 4303 739 4351 ;
772 4293 823 4338 et
869 4287 926 4339 S.
959 4286 1291 4355 Epiphanius
1323 4290 1374 4341 in
1412 4288 1749 4357 Expositione
1800 4290 1925 4357 ﬁdei
1974 4307 2064 4341 ca-

507 4356 734 4418 tholicaa,
762 4371 910 4427 num.
932 4357 1015 4410 16.
1046 4358 1313 4411 Accedunt
1344 4360 1449 4411 huc
1464 4358 1571 4411 duo
1596 4359 1890 4427 Scriptura:
1914 4361 2065 4413 testi-

505 4427 688 4479 monia
711 4464 724 4485 ,
761 4424 983 4497 Roman.
1019 4442 1143 4485 \‘III.
1182 4428 1284 4483 16:
1318 4427 1436 4497 Ipse
1476 4432 1611 4481 enim
1653 4424 1879 4496 Spiritus
1915 4430 2065 4482 testi-

508 4498 739 4567 inonium
770 4494 951 4567 reddit
966 4497 1175 4563 spiritui
1206 4494 1402 4557 nostro,
1436 4500 1570 4567 quod
1602 4494 1780 4552 sumus
1807 4499 1906 4565 filii
1940 4499 2055 4553 Dei.

2166 3940 2500 3994 auditionem
2537 3941 2589 3993 in
2626 3941 2719 3994 illo
2747 3956 2868 3995 esse
2899 3940 3181 3995 scientiam
3204 3980 3219 4003 ,
3269 3939 3555 3994 scientiam
3604 3954 3735 3994 vero

2165 4011 2504 4073 essentiam;
2562 4026 2663 4064 nec
2722 4012 2967 4079 indigere
3017 4010 3284 4078 Spiritum
3337 4021 3585 4063 sanctum
3631 4010 3736 4063 do-

2169 4082 2369 4145 ctrina,
2394 4087 2579 4148 utpote
2614 4081 3010 4133 αὐτοδίδακτον.
3064 4081 3311 4133 Attamen
3339 4119 3353 4142 ,
3392 4080 3521 4148 quia
3559 4080 3736 4135 scien-

2168 4151 2296 4202 tiam
2326 4158 2631 4218 caetcraque
2661 4152 2843 4203 omnia
2877 4152 3039 4204 habet
3072 4150 3308 4219 Spiritus
3342 4166 3372 4202 ει
3404 4150 3541 4203 Filio
3563 4190 3576 4209 ,
3609 4157 3733 4203 tan-

2167 4235 2329 4288 quam
2367 4235 2395 4272 a
2428 4221 2800 4288 processionis
2844 4221 3146 4289 principio,
3196 4229 3474 4288 utcunque
3511 4219 3724 4289 ratione

2166 4289 2400 4357 originis
2437 4290 2545 4343 dici
2578 4288 2857 4357 potestati
2878 4306 2949 4357 eo
2978 4288 3203 4357 edoctus
3230 4309 3241 4343 :
3274 4288 3733 4357 quemadmodum

2158 4350 2347 4410 eadem
2374 4354 2438 4409 de
2461 4350 2625 4408 causa
2650 4370 2741 4420 per
2770 4353 2828 4406 B.
2861 4355 3223 4408 Athanasium
3259 4350 3520 4420 oratione
3541 4350 3575 4402 2
3604 4366 3735 4401 con-

2161 4437 2245 4479 tra
2279 4426 2527 4489 Arianos,
2556 4440 2609 4493 p.
2643 4418 2768 4488 557,
2796 4425 2975 4477 minor
3002 4424 3093 4476 illo
3119 4423 3463 4493 praedicatur.
3503 4418 3729 4493 Pericu-_

2160 4497 2433 4549 losissime
2458 4489 2584 4547 ιρι-ί)
2607 4493 2866 4563 Origenes
2893 4505 3040 4563 tonio
3065 4489 3134 4544 ur
3164 4494 3218 4545 in
3239 4490 3521 4552 Joannem,
3551 4489 3734 4541 vocari

508 4564 526 4616 1
559 4565 715 4617 Joan.
742 4581 795 4625 ν,
825 4565 856 4617 8
880 4583 891 4616 :
912 4561 1036 4618 Tres
1068 4577 1188 4619 sunt
1212 4570 1300 4634 qui
1332 4561 1682 4622 testimonium
1712 4561 1839 4620 dant
1870 4569 1923 4619 in
1956 4580 2059 4620 ter-
2090 4561 2137 4618 Ι)
2163 4566 2276 4619 vult
2326 4565 2377 4617 in
2425 4561 2805 4634 quaestionem,
2857 4580 2924 4617 an
2976 4562 3210 4631 Spiritus
3251 4569 3473 4634 sanctus
3502 4598 3516 4621 ,
3569 4573 3733 4634 quem

507 4650 602 4707 ra:
637 4635 887 4707 Spiritus,
913 4651 1046 4707 aqua
1074 4647 1121 4707 et
1152 4640 1385 4707 sanguis.
1410 4638 1511 4703 Qui
1542 4639 1576 4691 2
1604 4640 1755 4692 locus
1784 4654 1811 4689 a
1839 4636 2061 4707 BaAm-

507 4706 729 4778 lgrosio,
796 4705 888 4778 lib.
930 4720 943 4756 ι
986 4705 1288 4778 DeSpiritu
1317 4719 1531 4770 sancto,
1564 4724 1682 4778 cap.
1713 4710 1745 4761 6
1770 4748 1783 4769 ,
1816 4715 1869 4760 et
1903 4706 2059 4778 Libro

506 4774 569 4827 de
593 4773 1020 4848 initiandiscap.
1054 4773 1439 4845 Liexponitur
1466 4773 1852 4848 dehaptismo.
1874 4777 2020 4848 Cor.

578 4844 689 4912 (98)
736 4844 823 4895 Τό.
859 4843 956 4896 Hic
1008 4854 1060 4897 et
1092 4843 1251 4913 paulo
1306 4855 1426 4915 post
1476 4846 1569 4899 τοῦ
1604 4843 1649 4913 ,’
1674 4847 2056 4902 subaudiendo

510 4914 781 5003 μάρῑὶυρος
802 4929 877 5003 ,‘e
905 4916 1274 5003 superioribus
1303 4914 1500 5003 νει-915.
1525 4916 1694 5003 Clum.

579 4982 838 5049 (’99)’Kal
889 4982 986 5037 ὑπ’
1034 4985 1266 5039 ἐκείνου
1323 4985 1774 5055 διδασκόμενον.
1828 4984 2057 5042 Joannis

507 5069 628 5122 cap.
666 5070 790 5115 xvr,
839 5069 984 5108 vers.
1020 5055 1121 5115 15,
1157 5055 1259 5108 Μιε
1314 5055 1446 5109 Cum
1500 5068 1675 5109 autem
1724 5058 1918 5110 venerit
1968 5058 2058 5109 ille

508 5122 736 5189 Spiritus
787 5126 1055 5187 veritatis,
1111 5124 1313 5178 docebit
1361 5144 1446 5179 vos
1490 5143 1690 5179 omnem
1742 5129 2055 5179 veritatem:

504 5210 608 5265 non
643 5196 779 5245 enim
814 5195 1051 5264 loquetur
1082 5212 1112 5246 α
1145 5196 1458 5262 semetipso;
1487 5196 1577 5249 sed
1605 5212 1923 5265 quarumque
1961 5214 2060 5249 au-

505 5264 611 5334 diet
641 5266 895 5333 loquetur.
926 5274 972 5316 et
997 5282 1110 5334 quw
1140 5275 1351 5318 ventura
1378 5276 1496 5317 sunt
1528 5264 1858 5319 annuntiabit
1892 5267 2054 5321 vobis.

508 5332 609 5387 Ille
639 5350 718 5386 me
748 5332 1059 5455 clariﬁcabit
1082 5351 1100 5398 ;
1127 5338 1247 5405 quia
1276 5336 1338 5389 de
1367 5352 1475 5388 meo
1503 5338 1747 5405 accipiet,
1776 5346 1824 5389 et
1854 5353 2060 5389 annun-

509 5405 658 5455 tiabit
689 5404 850 5455 vobis.
930 5421 1084 5455 nenia
1130 5408 1343 5455 uuidem
1384 5407 1709 5455 catholicum
1747 5415 2059 5455 nrononunt

509 5405 658 5476 t_iabit
689 5404 850 5457 vobis.
886 5404 1084 5473 Dogma
1107 5408 1343 5476 quidem
1384 5404 1709 5460 catholicum
1747 5415 2059 5476 proponunt

505 5472 763 5545 Ecclesia:
818 5472 1060 5545 magistri
1105 5472 1398 5545 Didymus,
1443 5472 1885 5545 Chrysostoinus.
1930 5476 2061 5528 Am-

504 5543 752 5609 brosius,
799 5534 1136 5624 Alrgvustinus
1171 5534 1223 5598 et
1260 5534 1699 5624 Theophylactus
1729 5586 1743 5610 ,
1791 5546 2056 5617 Spiritum

508 5615 972 5685 sanctumimdire
1015 5630 1075 5667 ea
1121 5630 1239 5683 qua:
1278 5631 1387 5685 non
1430 5615 1679 5685 ignorat;
1727 5615 1889 5670 unam
1937 5630 2059 5669 esse

506 5681 719 5744 Patris,
762 5680 918 5753 Filii,
959 5692 1011 5737 et
1051 5680 1221 5753 sancti
1266 5680 1502 5753 Spiritus
1545 5680 1864 5749 scientiam,
1908 5693 1967 5737 ut
2006 5692 2060 5737 et

507 5752 862 5823 substantiam
886 5772 903 5815 ;
936 5753 1122 5806 audire
1153 5752 1411 5822 Spiritum
1458 5766 1705 5809 sanctum
1749 5771 1847 5823 per
1879 5755 2060 5806 unita-

506 5830 615 5878 tem
672 5820 1031 5888 substantiis,
1084 5830 1136 5878 et
1190 5820 1284 5893 per
1340 5826 1721 5896 proprietatem
1752 5820 2056 5891 scientiae;

2160 4635 2346 4691 doceri
2380 4650 2410 4687 a
2443 4628 2595 4687 'Filio
2645 4650 2706 4688 ex
2736 4633 2962 4688 Joannis
2994 4628 3102 4696 xiv,
3141 4634 3238 4694 14,
3272 4630 3513 4697 colligit,
3550 4628 3736 4682 omnia

2162 4708 2343 4775 capiat
2365 4721 2497 4775 qua
2533 4703 2703 4759 Filius
2726 4704 3041 4771 coanoscit;
3076 4702 3581 4775 quamvissanctus
3603 4697 3739 4775 “Spi-

2162 4768 2301 4831 ritus
2341 4768 2645 4830 εὖλάὸειαν.
2676 4768 3035 4835 reverentiam,
3072 4768 3201 4825 inibi
3236 4771 3573 4840 proﬁteatur.
3597 4768 3739 4840 Cor.

2234 4846 2383 4917 (100)
2425 4844 2919 4917 ’Aaozetayyéroq
2943 4842 3021 4907 τῷ
3050 4838 3304 4917 Σαζαφξᾴ,
3352 4839 3562 4917 _etc._lta
3598 4838 3742 4917 apud

2164 4911 2515 4971 An'astasium
2547 4911 2762 4970 codices
2794 4915 2943 4983 Regii
2980 4930 2992 4965 :
3034 4913 3125 4965 ubi
3155 4915 3208 4964 in
3244 4912 3397 4983 libris
3461 4911 3743 4983 impressis

2166 4990 2446 5049 inseritur,
2495 4987 2587 5039 καὶ
2622 4989 2753 5039 πᾶσι
2787 4980 2898 5046 τοῖς
2942 4982 3120 5054 ἔργοις
3153 4980 3349 5045 αὑτοῦ,
3383 4992 3435 5054 et
3483 4982 3573 5034 ubi
3602 4980 3743 5054 Gen:

2168 5060 2348 5112 tianus
2382 5057 2645 5111 Henetus
2695 5057 2890 5126 legisse
2919 5048 3149 5126 videtur,
3185 5053 3548 5126 τοῖςδαίμοσι
3574 5089 3590 5115 ,
3649 5048 3745 5102 καὶ

2164 5132 2286 5191 ταῖς
2336 5130 2575 5189 ἀπάταις
2610 5122 2819 5183 αὐτῶν·
2870 5125 3029 5178 vertit
3083 5126 3227 5177 enim
3281 5122 3651 5191 da’monibus,
3694 5126 3743 5173 et

2165 5189 2345 5254 eorum
2383 5197 2681 5266 fraudibus.
2715 5197 2843 5251 Vide
2881 5194 3027 5266 inira
3060 5210 3177 5262 cap.
3210 5194 3298 5257 Μ,
3331 5194 3425 5247 lib.
3451 5209 3548 5266 τῃ,
3595 5189 3671 5243 lo.

2239 5272 2317 5350 (1)
2354 5259 2506 5350 "1011“
2537 5268 2678 5350 acii
2705 5266 2947 5350 ἐσξιιν
2986 5259 3311 5350 ﬁam—delet,
3342 5274 3445 5350 etc.
3490 5259 3745 5350 Claulsttla

2168 5332 2435 5394 orationis
2471 5337 2764 5393 Dominica:
2803 5336 2989 5390 Matth.
3026 5352 3113 5399 v1,
3160 5338 3244 5398 15,
3277 5336 3331 5390 iu
3373 5334 3563 5387 Grieco
3604 5332 3746 5384 dun-

2170 5413 2544 5478 taxat.‘Quam
2584 5419 2761 5462 tamen
2783 5408 2975 5478 majori
2998 5424 3060 5478 ei:
3084 5417 3233 5478 parte
3268 5405 3534 5478 agnoscit
3559 5412 3749 5455 auctor

2174 5474 2358 5546 Operis
2399 5474 2689 5549 imperfecti
2725 5481 2777 5531 in
2818 5474 2949 5530 illud
2974 5548 2977 5549 ν
3002 5476 3350 5546 Evangelium
3374 5516 3388 5537 ,
3423 5474 3652 5549 Latinus
3690 5478 3747 5549 ut

2176 5542 2408 5605 videtur.
2446 5542 2578 5602 Eam
2608 5550 2708 5601 viri
2744 5548 2888 5601 docti
2932 5548 3116 5616 plures
3158 5542 3393 5601 censent
3436 5560 3498 5598 ex
3536 5542 3750 5596 Consti-

2175 5621 2465 5672 tutionibus
2497 5619 2801 5687 apostolicis
2833 5628 2884 5670 et
2916 5633 2981 5669 ex
3008 5616 3267 5685 Liturgiis
3307 5616 3359 5687 ign
3387 5629 3605 5669 sacrum
3646 5622 3755 5663 tex‘

2173 5699 2288 5743 tum
2351 5685 2639 5761 irrepsisse
2662 5730 2677 5755 ,
2724 5688 3013 5761 probabili_
3042 5685 3424 5761 saneﬂjudicio
3445 5724 3459 5747 ,
3486 5696 3746 5761 mraxime

2174 5761 2301 5830 quia
2336 5753 2481 5813 varie
2504 5753 2741 5813 eﬂ‘erthr—
2757 5768 2866 5830 tam
2902 5758 2963 5830 in»
2994 5753 3255 5830 Liturgii‘s
3287 5766 3339 5809 et
3367 5753 3744 5830 Euchologiq,

2176 5817 2339 5906 quam
2364 5832 2417 5887 in
2441 5830 2562 5887 aliis
2585 5830 2755 5889 libris.
2778 5828 2998 5899 Legesis
3025 5817 3479 5898 Chrisostomum
3507 5817 3653 5879 tonio
3678 5817 3744 5883 V,
