4064 6264
295 332 391 386 80!

819 441 1112 495 ΚΕΦΛᾹΑΙ
1120 442 1210 493 ΟΝ
1247 442 1345 495 16⁸.

607 531 740 598 Οῖος
771 534 996 601 ὀφείλει
1027 534 1178 586 εἶναι
1208 536 1240 586 ὀ
1268 532 1560 599 διάκονος.

368 628 651 679 Ἔστωσαν
682 626 737 678 δὲ
766 627 859 679 καὶ
885 628 939 678 ol.
966 625 1198 678 διάκονοι
1231 626 1288 677 ὲν
1320 626 1483 677 πᾶσιν
1512 626 1731 695 ἄμωμοι
1754 668 1768 691 ,
1797 627 1873 690 ὼς

296 720 387 772 καὶ
415 720 444 771 6
478 718 793 781 ἐπίσκοπος·
841 718 997 788 μόνον
1042 718 1099 771 δὲ
1148 719 1578 789 εὐσκυλτότεροισ
1617 718 1870 785 ἀνάλογοι

296 809 431 880 πρὸς
461 808 522 862 τὸ
552 809 755 878 πλῆθος
781 809 880 878 τῆς
912 809 1255 880 Ἐκκλησίας·
1281 810 1368 862 ἵνα
1397 812 1490 862 καὶ
1515 811 1628 872 τοῖς
1649 808 1724 880 (2)
1743 810 1869 862 ἀδυ-

293 902 473 964 νάτοις
515 902 901 972 ὑπηρετεῖσθαι
940 903 1013 973 (5)
1042 901 1329 967 δύνωνται,
1358 902 1433 965 ώς
1461 901 1687 972 ἐργάται
1708 902 1871 954 ἀνεπ-

292 996 586 1064 αίσχυντοι.
635 993 744 1047 Καὶ
782 996 815 1063 ή
864 994 961 1063 μὲν
1005 995 1139 1064 γυνὴ
1198 993 1299 1056 τὰς
1329 996 1592 1061 γυναῖκας
1641 994 1869 1046 σπουδά-

295 1086 462 1149 ζουσα
483 1084 824 1156 θεραπεύειν·
850 1085 1146 1157 ἀμφότεροι
1168 1085 1225 1137 δὲ
1243 1085 1312 1137 τά
1337 1085 1471 1156 πρὸς
1491 1085 1747 1152 ἀγγελίαν
1770 1085 1865 1157 (4),

296 1177 590 1247 ἐκδημίαν,
635 1176 970 1247 ὑπηρεσίαν,
1019 1177 1283 1229 δουλείαψ
1334 1177 1411 1240 ώς
1466 1178 1559 1230 καὶ
1604 1179 1729 1249 περὶ
1773 1178 1866 1231 τοῦ

296 1268 500 1338 Κυρίου
536 1266 762 1328 Ἡσαΐας
784 1266 932 1335 ἔλεγε
957 1307 971 1332 ,
1004 1268 1247 1335 φάσκων’
1285 1288 1303 1317 ι
1333 1268 1629 1321 Δικαιῶσαι
1660 1269 1864 1323 δίκαιον

295 1356 351 1411 εὖ
376 1358 695 1411 δουλεύοντα
717 1359 947 1421 πολλοῖς.
964 1378 981 1409 ι
1008 1360 1275 1422 Ἕκαστος
1298 1356 1391 1413 οὖν
1414 1361 1503 1413 τὸν
1524 1360 1651 1413 ἴδιον
1670 1378 1866 1433 γνωρι-

295 1451 432 1514 ζέτω
459 1451 621 1503 τόπον
641 1493 655 1516 ,
698 1451 790 1503 καὶ
842 1452 1127 1503 ἐκτελείτω
1148 1452 1308 1505 αὑτὸν
1356 1454 1661 1516 σπουδαίως
1687 1494 1701 1518 ,
1737 1454 1865 1523 ὁμο-

294 1542 537 1613 φρόνως,
597 1542 904 1612 ὁμοψύχως·
941 1542 1301 1611 γινώσκοντες
1328 1544 1419 1597 τὸν
1454 1545 1554 1614 τῆς
1592 1544 1864 1608 διακονίας

296 1634 504 1703 μισθόν.
540 1636 819 1687 Ἔστωσαν
831 1634 885 1686 δὲ
900 1637 993 1688 καὶ
1023 1637 1437 1706 ἀνεπαίσχυντοι
1465 1639 1545 1700 εἰς
1564 1638 1625 1691 τὸ
1651 1639 1859 1708 ὑπηρεσ-

292 1725 498 1778 τεῖσθαι
525 1728 636 1789 τοῖς
660 1726 949 1796 δεομένοις·
982 1728 1057 1790 ὠς
1084 1728 1177 1779 καὶ⁹
1203 1728 1231 1779 6
1250 1728 1453 1799 Κύριος
1468 1729 1625 1799 ήμῶν
1659 1730 1863 1799 Ἰησοῦς

291 1817 320 1867 6
348 1817 580 1888 Χριστὸς
610 1817 709 1870 οὐκ
737 1814 866 1888 ἦλθε
893 1818 1278 1889 διακονηθῆναι
1302 1862 1317 1885 ,
1347 1820 1482 1874 ἀλλά
1514 1823 1827 1893 διακονῆσαι
1846 1866 1859 1891 ,

293 1909 386 1960 καὶ
414 1908 595 1961 δοῦναι
634 1910 732 1980 τὴν
762 1910 939 1981 ψυχὴν
986 1911 1179 1977 αὑτοῦ,
1227 1912 1419 1984 λύτρον
1443 1914 1588 1966 ⁴ἀντὶ
1634 1916 1859 1969 πολλῶν

292 1999 462 2063 οὕτως
492 1998 585 2052 οὖν
617 2002 936 2064 καὶαὺτοὺς
964 2001 1045 2053 δεῖ
1073 2006 1263 2056 ποιεῖν.
1298 2004 1416 2057 Κᾶν
1448 2005 1541 2075 δέῃ
1688 2007 1864 2079 ψυχὴν

293 2092 431 2162 ὑπὲρ
452 2092 526 2163 (6)
548 2093 775 2161 ἀδελφοῦ
798 2093 1124 2158 ἀποθέσθαι,
1153 2094 1225 2166 μὴ
1245 2096 1587 2149 διστάσωσιν·
1612 2099 1732 2150 οὐδὲ
1757 2099 1865 2170 γὰρ

290 2186 318 2236 6
348 2185 551 2256 Κύριος
579 2186 671 2238 καὶ
698 2187 886 2257 Σωτὴρ
908 2188 1064 2257 ἡμῶν
1098 2188 1303 2258 Ἰησοῦς
1321 2190 1348 2241 6
1368 2192 1600 2260 Χριστὸς
1620 2191 1865 2245 ἐδίστασε

290 2278 386 2349 τὴν
413 2278 589 2348 ψυχὴν
619 2279 780 2333 αὑτοῦ
811 2280 978 2333 θεῖναι
1008 2280 1103 2351 (7),
1135 2281 1210 2344 ὡς
1236 2283 1399 2345 αὑτὸς
1430 2282 1555 2354 ἔφη,
1590 2284 1729 2357 ὑπὲρ
1758 2286 1865 2338 τῶν

292 2371 457 2438 φίλων
486 2370 670 2425 αὑτοῦ.
708 2373 767 2425 Εἰ
798 2368 889 2426 οὖν
917 2375 944 2426 6
979 2373 1179 2445 Κύριος
1223 2372 1316 2428 τοῦ
1365 2374 1596 2446 ούρανοῦ
1645 2377 1737 2430 καὶ
1766 2376 1866 2446 τῆς

291 2464 393 2533 γῆς
424 2464 599 2517 πάντα
629 2465 885 2535 ὑπέμεινε
914 2465 979 2517 δι’
1000 2468 1168 2535 ἡμᾶς,
1189 2466 1303 2530 πῶς
1336 2466 1400 2520 ἂν
1430 2468 1584 2538 ὑμεῖς
1615 2468 1864 2537 διακονῆ-

294 2572 381 2607 σαι
411 2558 523 2619 τοῖς
580 2556 848 2627 δεομένοις
907 2557 1232 2628 ἐνδοιάσητε’
1280 2561 1510 2629 μιμηταὶ
1563 2561 1865 2627 ὀφείλοντες

291 2646 452 2699 αὑτοῦ
484 2644 642 2709 εἶναι,
678 2649 771 2701 τοῦ
811 2651 904 2702 καῖ¹
932 2650 1190 2714 δουλείαν,
1233 2652 1323 2704 καὶ
1371 2651 1575 2704 ἔνδειαν
1615 2652 1720 2723 (8),
1772 2655 1865 2706 καὶ

290 2739 522 2810 πληγὰς,
554 2742 646 2793 καὶ
675 2742 902 2813 σταυρὸν
930 2742 1038 2813 δι’ἡ
1049 2744 1153 2812 μᾶς
1176 2744 1593 2813 ὑπομείναντος;
1625 2748 1743 2817 Χρὴ
1772 2744 1864 2801 οὖν

289 2831 381 2885 καὶ
408 2834 557 2903 ἡμᾶς
583 2832 848 2884 δουλεύειν
874 2834 984 2896 τοῖς
1013 2834 1276 2903 ἀδελφοῖς,
1308 2837 1383 2899 ώς
1430 2837 1663 2908 Χριστοῦ
1697 2857 1865 2910 μιμη-

286 2925 405 2988 τάς.
442 2945 461 2976 ι
512 2927 567 2978 '0
600 2926 767 2978 θέλων
798 2926 935 2997 γὰρ,
968 2930 1163 2998 φησὶν,
1204 2930 1263 2981 ὲν
1307 2930 1433 2999 ὑμῖν
1481 2926 1615 2983 εἶναι
1663 2932 1862 3002 μέγας,

288 3016 426 3071 ἔστω
458 3018 611 3089 ὑμῶν
641 3018 902 3082 διάκονος⁸
940 3020 1033 3073 καὶ
1065 3021 1093 3071 ὁ
1113 3020 1279 3074 θέλων
1307 3023 1364 3074 ὲν
1394 3024 1520 3093 ὑμῖν
1555 3020 1693 3075 εἶναι
1726 3024 1868 3095 πρῶ-

1210 330 1809 388 CONSTITUTIONES
1844 331 2522 388 APOSTOLICE.—L|B.
2548 331 2640 387 111.

3432 330 3539 388 802

2549 442 2778 497 CAPUT
2814 444 2954 499 XIX.

2323 536 2512 603 Qualis
2550 553 2660 591 esse
2698 535 2881 590 debeat
2922 536 3196 591 diaconus.

2048 628 2167 683 Sint
2223 637 2401 684 autem
2438 630 2655 683 diaconi
2691 630 2839 683 omni
2878 630 3009 683 vitio
3055 630 3353 692 immunes,
3397 630 3539 685 sicut

1972 730 2025 775 et
2055 723 2348 791 episcopus
2377 739 2391 788 ;
2429 722 2808 776 tantummodo
2842 722 3132 775 aetiviores
3159 739 3172 786 ;
3208 722 3540 775 multitudini

1971 813 2230 869 Ecclesiae
2264 826 2669 884 congruentes;
2709 823 2767 867 ut
2809 821 2861 868 et
2896 814 3149 866 invalidis
3190 814 3400 882 possint
3438 813 3541 866 mi-

1971 908 2225 970 nistrare,
2246 916 2507 977 tanquam
2536 907 2805 977 operarii,
2844 907 2976 958 nihil
3021 906 3227 974 pudore
3264 906 3537 959 deterriti.

1968 998 2045 1052 Ac
2075 1000 2268 1053 mulier
2304 1000 2524 1069 quidem
2566 998 2891 1053 mulieribus
2941 998 3228 1066 providere
3270 997 3491 1050 studeat
3522 1015 3535 1050 :

1971 1092 2190 1160 utrique
2227 1106 2355 1145 vero
2392 1091 2575 1144 munia
2615 1091 2936 1153 nuntiandi,
2971 1090 3343 1159 digrediendi,
3378 1091 3542 1142 mini-

1969 1182 2177 1235 strandi
2199 1223 2213 1245 ,
2235 1182 2503 1237 serviendi
2529 1183 2762 1248 obeant;
2790 1181 3247 1251 quemadmodum
3273 1182 3337 1235 de
3362 1181 3541 1235 Domi-

1968 1289 2039 1326 no
2064 1273 2201 1326 dixit
2231 1274 2431 1327 Isaias:
2465 1292 2483 1323 ι
2515 1272 2825 1328 Justiticare
2847 1314 2860 1337 ,
2887 1274 3064 1343 inquit
3087 1314 3101 1336 ,
3124 1274 3334 1342 justum
3354 1315 3368 1339 ,
3401 1276 3541 1330 bene

1967 1366 2293 1419 servientem
2324 1366 2512 1420 multis
2539 1365 2606 1419 “.
2643 1385 2659 1415 ι
2692 1363 2902 1435 Singuli
2952 1366 3118 1435 igitur
3159 1367 3337 1420 locum
3381 1384 3540 1437 suum

1966 1472 2029 1511 ac
2062 1474 2260 1512 munus
2293 1465 2629 1527 agnoscant,
2665 1457 3034 1526 impleantque
3068 1457 3379 1527 diligenter,
3413 1473 3543 1511 eon-

1965 1549 2116 1603 cordi
2149 1557 2329 1603 mente
2358 1557 2411 1603 et
2441 1549 2620 1601 anima
2649 1566 2662 1613 ;
2699 1549 2934 1603 scientes
2964 1548 3267 1602 mercedem
3296 1548 3540 1602 ministe-

1964 1641 2052 1695 rii.
2072 1640 2182 1695 Nec
2198 1656 2325 1694 vero
2343 1640 2541 1709 pudeat
2558 1656 2651 1694 eos
2675 1641 2959 1710 egentibus
2982 1640 3295 1694 ministrare
3320 1659 3332 1693 :
3361 1658 3378 1688 ι
3399 1641 3540 1699 sicut

1965 1732 2226 1788 Dominus
2250 1744 2437 1788 noster
2460 1732 2624 1788 Jesus
2648 1731 2904 1787 Christus
2931 1748 3038 1785 non
3064 1732 3211 1786 venit
3238 1739 3294 1785 ut
3319 1732 3420 1786 sibi
3444 1732 3540 1784 mi-

1966 1825 2300 1879 nistraretur
2330 1844 2344 1889 ;
2376 1825 2470 1879 sed
2509 1832 2568 1879 υι
2605 1825 2978 1883 ministraret,
3019 1831 3073 1877 et
3108 1823 3265 1876 daret
3300 1822 3537 1875 animam

1966 1933 2118 1972 suam
2140 1958 2154 1983 ,
2190 1918 2611 1987 redemptionem
2646 1932 2743 1986 pro
2773 1917 2957 1971 multis
2990 1917 3055 1970 ".
3092 1936 3109 1966 ι
3142 1914 3296 1968 Hunc
3326 1929 3455 1983 ergo
3484 1914 3540 1967 in

1965 2008 2183 2061 modum
2219 2017 2271 2062 et
2310 2010 2463 2079 ipsos
2498 2009 2675 2062 facere
2706 2016 2940 2077 oportet.
2980 2006 3045 2059 Et
3074 2006 3325 2075 quamvis
3357 2006 3538 2058 anima

1966 2114 2063 2169 pro
2088 2098 2255 2155 fratre
2281 2100 2528 2168 ponenda
2554 2100 2622 2154 sit
2648 2140 2661 2163 ,
2694 2114 3039 2169 nequaquam
3062 2098 3300 2151 hmreant
3325 2115 3338 2162 ;
3364 2111 3539 2165 neque

1965 2194 2110 2245 enim
2136 2190 2399 2245 Dominus
2421 2199 2474 2245 et
2502 2190 2753 2244 Salvator
2775 2200 2965 2245 noster
2987 2188 3147 2245 Jesus
3171 2190 3446 2251 Christus,
3478 2197 3541 2242 ut

1967 2282 2083 2352 ipse
2110 2284 2205 2348 ait,
2240 2299 2339 2351 pro
2387 2283 2577 2338 amicis
2624 2283 2741 2337 suis
2774 2282 3046 2337 hazsitavit
3098 2283 3332 2336 animam
3381 2296 3538 2335 suam

1966 2392 2167 2446 ponere
2200 2377 2264 2431 “.
2296 2374 2455 2441 Quod
2490 2376 2535 2430 si
2568 2376 2693 2430 ραιΙί
2740 2390 2806 2430 ac
2854 2383 3011 2429 terra:
3044 2374 3307 2429 Dominus
3353 2374 3537 2427 omnia

1967 2476 2189 2537 propter
2226 2482 2325 2522 nos
2370 2468 2667 2532 sustinuit;
2700 2466 2975 2537 quomodo
3023 2482 3121 2521 vos
3168 2464 3537 2535 indigentibus

1966 2563 2278 2615 ministrare
2324 2559 2606 2624 dubitetis,
2640 2576 2763 2613 cum
2807 2559 3101 2614 teneamini
3147 2574 3269 2613 eum
3312 2557 3534 2620 imitari,

1965 2654 2057 2723 qui
2120 2653 2475 2716 servitutem,
2528 2658 2819 2720 egestatem
2847 2691 2860 2715 ,
2923 2652 3147 2705 verbera
3207 2659 3259 2703 et
3317 2663 3536 2703 crucem

1966 2752 2185 2814 propter
2216 2759 2315 2798 nos
2358 2742 2618 2813 pertulit?
2648 2741 2874 2812 Oportet
2923 2743 3086 2813 igitur
3115 2749 3168 2795 et
3217 2756 3316 2795 nos
3354 2739 3537 2792 fratri-

1966 2837 2068 2891 bus
2119 2837 2345 2901 servire,
2398 2848 2655 2905 tanquam
2708 2835 2913 2889 Christi
2992 2834 3312 2887 imitatores.
3363 2850 3381 2882 (
3431 2830 3536 2897 Qui

1964 2929 2132 2993 enim,
2167 2929 2365 2998 inquit,
2398 2928 2513 2982 vult
2544 2927 2685 2981 inter
2712 2943 2809 2981 vos
2832 2942 2953 2981 esse
2977 2941 3226 2995 magnus,
3256 2926 3326 2979 sit
3356 2932 3535 2977 vester

1967 3021 2244 3087 minister;
2276 3027 2330 3074 ct
2355 3020 2445 3089 qui
2481 3020 2595 3073 vult
2623 3020 2765 3073 inter
2796 3033 2893 3072 vos
2921 3032 3041 3072 esse
3067 3017 3295 3086 primus,
3322 3016 3393 3069 sit
3448 3030 3537 3069 ve-

286 3112 398 3175 τος,
431 3110 572 3163 ἔστω
600 3111 751 3182 ὑμῶν
779 3111 979 3175 δοῦλος.
1021 3132 1038 3163 ι
1076 3113 1231 3166 Οὕτω
1262 3115 1370 3186 γὰρ
1417 3116 1508 3168 καὶ
1538 3117 1695 3180 αὐτὸς
1723 3117 1862 3188 ἔργῳ

1972 3125 2082 3170 ster
2132 3129 2323 3169 servus
2354 3114 2417 3167 ’⁷.
2456 3132 2473 3164 ι
2508 3112 2641 3165 Nam
2694 3113 2774 3167 sic
2818 3112 2931 3181 ipse
2960 3110 3122 3163 etiam
3186 3106 3316 3161 illud
3348 3127 3359 3161 :
3394 3106 3537 3161 Bene

289 3192 617 3277 πεπλήρωκε
659 3205 719 3257 τὸ
764 3202 821 3257 εὖ
867 3205 1130 3258 δουλεύειν
1177 3206 1407 3269 πολλοῖς,
1460 3209 1553 3260 κα)¹
1599 3209 1660 3260 οὑ
1701 3208 1860 3279 λόγῳ.

289 3297 480 3350 Λαῦὼν
509 3296 617 3369 γὰρ
644 3296 866 3361 λέντιον,
898 3297 1206 3361 διεζώσατο·
1242 3295 1357 3351 εἶτα
1408 3298 1586 3367 βάλλει
1618 3300 1692 3371 (9)
1722 3300 1866 3372 ὕδωρ

290 3391 368 3453 εἰς
411 3388 500 3441 τὸν
544 3389 800 3459 νιπτῆρα’
855 3390 948 3441 καὶ
992 3390 1149 3460 ἡμῶν
1188 3390 1555 3460 ἀνακειμένων
1602 3392 1863 3455 ἐπελθὼν,

290 3482 505 3536 πάντων
535 3482 690 3552 ήμῶν
722 3481 870 3551 ἔνιῲε
911 3483 1036 3544 τοὺς
1083 3481 1266 3544 πόδας,
1297 3482 1390 3534 καὶ
1428 3481 1506 3551 τῷ
1535 3482 1723 3552 λεντίῳ
1751 3482 1867 3547 ἐξέ-

293 3572 447 3644 μαξε.
484 3573 652 3627 Τοῦτο
673 3573 729 3625 δὲ
757 3573 944 3635 ποιῶν,
976 3572 1314 3625 ἐπεδείκνυεν
1343 3575 1471 3643 ἡμῖν
1500 3574 1559 3625 τὸ
1584 3573 1683 3643 τῆς
1712 3574 1867 3642 φιλα-

287 3666 505 3735 δελφίας
534 3665 892 3736 ἀγαπητικὸν,
922 3666 1008 3716 ἵνα
1038 3667 1130 3717 καὶ
1159 3667 1316 3735 ἡμεῖς
1346 3667 1423 3728 είς
1452 3665 1706 3735 ἀλλήλους
1735 3666 1865 3719 αὑτὸ

290 3757 550 3828 ποιῶμεν.
594 3758 656 3809 Εἰ
683 3753 775 3809 οὖν
821 3758 848 3809 6
894 3756 1097 3828 Κύριος
1129 3757 1305 3827 ἡμῶν,
1337 3758 1430 3810 καὶ
1457 3758 1484 3809 6
1529 3757 1863 3821 διδάσκαλος,

287 3849 461 3913 οὑτως
490 3851 850 3902 ἐταπείνωσεν
880 3850 1088 3902 ἑαυτόν·
1120 3849 1236 3911 πῶς
1280 3848 1345 3902 ἂν
1394 3850 1549 3920 ὑμεῖς
1577 3850 1867 3920 ἐπαισχυν-

289 3941 517 4015 θήσεσθε
535 3942 691 3995 τοῦτο
713 3942 931 4012 ποιῆσαι
948 3945 1057 4005 τοῖς
1089 3941 1363 4005 ἀδυνάτοις
1383 3943 1474 3994 καὶ
1494 3941 1739 3995 ἀσθενέσι
1759 3942 1865 3995 τῶν

290 4034 549 4103 ἀδελφῶν.
578 4034 804 4105 ἐργάται
831 4033 981 4097 δντες
1010 4033 1295 4105 ἀληθείας,
1325 4036 1418 4088 καὶ
1447 4037 1544 4106 τῆς
1582 4037 1861 4101 εὐσεϐείας

290 4126 617 4197 προστάται;
662 4127 1068 4198 Ἐξυπηρετεῖτε
1100 4123 1190 4180 οὖν
1219 4129 1604 4197 ἀγαπητικίὶκ,
1640 4130 1713 4201 μὴ
1742 4132 1861 4183 ὲπι-

361 4264 407 4295 “
447 4263 549 4319 lsa.
584 4280 680 4318 Llll
706 4306 721 4328 ,
757 4265 813 4319 ll
845 4305 859 4329 ,
893 4265 947 4318 in
980 4262 1143 4320 LXX.

289 4347 415 4399 ιιιι,
451 4335 534 4389 H.
614 4336 656 4367 ³⁸
692 4335 849 4390 Joan.
878 4351 1013 4399 xm,
1047 4335 1101 4389 4.

1968 3208 2171 3261 servire
2219 3206 2404 3260 multis
2433 3206 2513 3267 ³⁸,
2557 3220 2718 3274 opere
2752 3202 3012 3273 implevit,
3044 3214 3152 3253 non
3201 3199 3403 3253 verbis.
3451 3196 3537 3249 Si-

1967 3301 2208 3371 quidem,
2244 3306 2469 3369 accepto
2502 3298 2688 3359 linteo,
2718 3296 2995 3366 praecinxit
3028 3297 3115 3358 sef;
3148 3291 3342 3345 deinde
3389 3290 3537 3343 misit

1968 3408 2162 3461 aquam
2197 3393 2251 3445 in
2282 3391 2511 3462 pelvim;
2537 3398 2591 3445 et
2615 3390 2680 3444 ad
2716 3406 2815 3443 nos
2846 3389 3224 3444 recumbentes
3249 3386 3534 3446 accedens,

1968 3485 2211 3539 omnium
2250 3493 2500 3539 nostrum
2540 3484 2704 3553 pedes
2748 3483 2879 3536 lavit
2924 3497 2987 3535 ac
3020 3482 3187 3534 linteo
3216 3479 3440 3533 extersit
3468 3477 3533 3530 ’³.

1967 3576 2121 3643 Quod
2154 3575 2381 3640 faciens,
2422 3576 2661 3629 ostendit
2694 3575 2849 3629 nobis
2880 3573 3130 3627 fraterna:
3152 3569 3539 3625 benevolentia}

1967 3669 2323 3734 charilatem;
2360 3675 2417 3721 ut
2447 3675 2499 3722 et
2532 3683 2630 3722 nos
2657 3667 2796 3721 idem
2823 3674 3011 3721 mutuo
3036 3664 3317 3719 faciamus.
3353 3662 3537 3733 Itaque

1969 3761 2014 3816 si
2049 3761 2307 3815 Dominus
2339 3768 2525 3815 noster
2555 3774 2618 3812 ac
2660 3767 2959 3828 prmeeptor
3003 3766 3213 3811 tantum
3263 3772 3321 3811 se
3365 3755 3537 3809 demi-

1969 3855 2074 3919 sit;
2109 3870 2216 3924 quo
2240 3862 2400 3923 pacto
2422 3868 2520 3907 vos
2563 3853 2901 3910 erubescetis
2934 3852 3035 3904 hoc
3068 3866 3227 3921 agere
3267 3864 3395 3919 erga
3426 3848 3537 3900 l‘ra-

1968 3954 2081 4002 tres
2111 3948 2317 4002 debiles
2352 3962 2415 4001 ac
2447 3945 2713 4009 inﬁrmos,
2747 3960 2871 4000 cum
2906 3944 3027 3999 sitis
3057 3943 3303 4015 veritatis
3338 3955 3535 4011 opera-

1967 4040 2057 4104 rii,
2084 4048 2139 4095 et
2179 4039 2439 4109 praasides
2487 4038 2741 4109 pietatis?
2783 4035 3051 4103 Quocirca
3097 4051 3220 4089 cum
3270 4033 3538 4087 charitate

1968 4133 2297 4188 ministrate.
2330 4146 2439 4185 non
2466 4136 2893 4185 murmurantes.
2917 4143 3018 4183 nec
3041 4127 3266 4181 dissidia
3296 4140 3537 4180 commo-

1221 4265 1264 4295 "
1306 4264 1492 4323 Matth.
1527 4283 1632 4333 xx,
1659 4266 1749 4321 28.
1827 4267 1871 4297 "
1904 4265 2061 4322 Joan.
2091 4284 2158 4335 x,
2193 4269 2298 4333 15;
2334 4277 2388 4323 et
2415 4284 2521 4332 xv,
2558 4268 2647 4321 15.
2724 4266 2768 4297 ’⁷
2811 4264 3002 4319 Matth.
3038 4281 3142 4328 xx,
3174 4264 3263 4318 26.
3340 4264 3385 4295 "
3424 4262 3531 4316 lsa.

1582 4444 1954 4501 VARIORUM
1995 4447 2225 4503 NOTAE.

291 4602 540 4642 sermone
573 4588 667 4650 10,
700 4596 753 4641 et
780 4587 843 4640 ad
877 4587 1053 4638 locum
1085 4584 1318 4637 Matthxi
1349 4601 1362 4647 ;
1394 4582 1660 4637 lsidorum
1692 4582 1853 4637 Pelu-
1882 4587 1928 4645 Ι)
1956 4601 2103 4647 xxiv,
2133 4586 2204 4640 25
2230 4627 2243 4646 .
2282 4587 2363 4641 sic
2398 4586 2599 4655 passim
2641 4586 2784 4658 apud
2824 4585 3237 4657 XenOphontem
3289 4585 3533 4656 aliosque
3630 4608 3633 4611 λ

293 4660 487 4711 siotam
522 4659 614 4711 lib.
652 4674 723 4711 Iv.
759 4658 918 4711 epist.
951 4656 1021 4709 2i
1051 4674 1064 4711 ι
1096 4655 1394 4709 Caesarium
1422 4654 1638 4711 dialono
1670 4654 1719 4711 l.
1745 4653 1853 4707 Re-
1957 4654 2176 4711 Graecos
2206 4659 2523 4711 scriptores.
2558 4658 2635 4711 In.

2007 4672 2176 4711 ι’τίεοοδ
2206 4666 2523 4713 δοιιυιοτοε.
2559 4666 2635 4713 ΙΙ).

293 4660 487 4712 sintam
522 4659 614 4711 lib.
652 4674 723 4720 Iv,
759 4658 918 4727 epist.
951 4656 1021 4709 2i
1051 4674 1064 4721 ;
1096 4655 1394 4727 Caesarium
1422 4654 1638 4727 dialogo
1670 4654 1719 4727 ξ,
1745 4653 1853 4707 Re-

292 4744 481 4797 spons.
519 4728 586 4781 ad
620 4722 879 4797 interrog.
910 4727 980 4780 29
1014 4744 1028 4791 ;
1060 4734 1117 4797 et
1146 4724 1493 4797 Ambrosium
1513 4722 1625 4797 ξι)ὶῖ
1660 4722 1736 4776 De
1764 4740 1853 4797 sa:

292 4793 571 4851 (iumentis
602 4800 701 4851 ult.
733 4793 905 4851 Por'ro
930 4796 1071 4866 apud
1098 4795 1399 4866 Lucianum
1430 4795 1484 4847 in
1513 4794 1735 4866 Dialogo
1765 4793 1850 4866 cui

290 4870 481 4922 titulus
507 4868 853 4930 Philopatris,
881 4864 1094 4921 initium
1120 4882 1182 4919 ac
1208 4866 1330 4918 linis
1359 4865 1459 4918 iste
1482 4864 1749 4917 orationis
1774 4864 1858 4915 in—

290 4939 547 4991 dicantur
573 4958 585 4992 τ
616 4932 724 5008 Τὴν
754 4939 1056 5008 summa“
1091 4937 1276 5008 nescio
1315 4934 1587 5008 quisille,
1622 4935 1728 5008 ἀπὸ
1748 4932 1860 5008 lla-

290 5009 416 5078 τρὸς
445 5004 746 5079 ἀρξάμενος
769 5051 782 5073 ,
816 5004 913 5078 τῆν
950 5007 1012 5079 δὲ
1045 5005 1394 5079 πολυώνυμον
1423 5004 1564 5075 ᾠδὴν
1588 5006 1679 5079 ,είς
1712 5004 1863 5065 τέλος

293 5074 521 5141 ἐπιθείς,
568 5074 909 5132 όναεὶοηεηιά
942 5076 1101 5131 Patre
1133 5074 1384 5144 incipiens
1409 5114 1422 5136 ,
1441 5074 1492 5129 et
1522 5074 1717 5127 Celebre
1743 5091 1864 5127 can-

295 5152 456 5201 ticum
487 5148 553 5201 ad
586 5148 739 5217 ﬁdem
769 5164 1050 5218 apponens.
1083 5147 1233 5218 Adde
1264 5163 1328 5218 ex
1353 5144 1667 5218 ιλιιΨὺεοὶοῌ
1684 5144 1860 5218 Schn:

296 5220 427 5271 lium
459 5214 594 5271 libri
615 5214 846 5273 Ciesarei
876 5217 1064 5272 Theol.
1094 5216 1267 5271 Graec.
1303 5216 1371 5268 ἓξ)
1403 5234 1415 5269 ;
1449 5215 1521 5266 Τὸ
1549 5215 1604 5267 δὲ
1643 5216 1724 5266 ὅτι
1765 5214 1858 5266 σοῦ

294 5290 490 5359 ἐστινὴ
518 5288 759 5357 βασιλεία
792 5290 883 5340 καὶ
909 5287 1188 5407 ηδύναμις
1220 5287 1315 5340 καὶ
1352 5289 1385 5355 ἡ
1424 5283 1577 5350 δόξα,
1609 5287 1665 5336 ὲν
1717 5285 1857 5336 τισὶν

294 5358 355 5407 οὑ
385 5362 558 5407 κεῖται
592 5359 749 5407 ιιὲειοι
776 5358 869 5407 τοῦ
898 5360 931 5407 ἰ
967 5360 1088 5407 ιιήν.
1122 5355 1195 5407 In.

292 5358 355 5411 οὑ
385 5355 569 5429 κεῖται
592 5359 749 5429 μέχρι
776 5358 869 5410 τοῦ
898 5355 1195 5429 ’Ᾱμήνζιιλ

370 5429 447 5496 (2)
485 5424 629 5493 Τοῖά.
661 5424 816 5481 Klter
846 5424 1104 5480 codex'év
1134 5429 1274 5491 τοῖς,
1309 5425 1489 5479 minus
1520 5424 1697 5496 bene,
1731 5439 1854 5496 cum

298 5494 480 5551 sermo
510 5500 581 5551 sit
611 5498 677 5552 de
706 5498 895 5550 olliciis
924 5511 950 5548 a
983 5496 1230 5549 diaconis
1263 5494 1586 5563 praestandis
1617 5494 1854 5547 homini-

300 5567 437 5627 bus,
495 5568 586 5635 qui
640 5568 745 5620 sibi
795 5566 1475 5636 necessariakprospieere
1526 5571 1853 5633 nequeunt,

300 5639 491 5705 quales
515 5633 1076 5705 'diaﬁvaroiﬂdicuntur.
1108 5633 1276 5705 Cum.

373 5707 449 5774 (5)
485 5704 943 5772 'Tanpsrsioaat.
970 5702 1118 5774 Alter
1138 5704 1258 5774 cod.
1287 5705 1593 5773 ὑπηρετεῖν,
1618 5701 1857 5766 rectius;

302 5773 441 5829 solet
469 5776 613 5828 enim
639 5776 859 5826 verbum
896 5774 995 5825 hoc
1026 5773 1079 5823 in
1112 5773 1283 5841 activa
1312 5774 1712 5841 conjugatione,
1745 5788 1853 5824 non

304 5847 362 5899 in
396 5844 615 5911 media,
644 5842 908 5896 adhiberi.
945 5840 1077 5895 Vide
1124 5839 1265 5894 intra
1313 5850 1365 5896 et
1414 5839 1531 5897 Act.
1581 5859 1648 5896 xx
1675 5881 1689 5908 ,
1740 5843 1805 5897 54
1834 5854 1869 5908 ;‘

2034 4725 2109 4796 (4)
2145 4724 2485 4795 Ἀμφότεροι
2527 4727 2593 4780 δὲ
2636 4730 2706 4782 τὰ
2748 4728 2895 4797 πρὸς
2938 4728 3258 4796 ἀγγελίαν,
3304 4735 3433 4797 (ξιο,Δ
3458 4724 3535 4780 De

1964 4794 2297 4853 diaconissis
2332 4801 2545 4867 egimus
2578 4814 2764 4868 supra.
2787 4794 3168 4851 Diaconorum
3198 4794 3530 4868 vero_(_illicia

1966 4874 2019 4938 et
2054 4868 2353 4922 ministeria
2376 4866 2509 4938 quis
2540 4866 2737 4923 cuncta
2776 4878 2940 4938 queat
2972 4867 3301 4921 numerare?
3332 4866 3533 4938 Notatu

1968 4934 2191 5005 dignum
2245 4934 2419 4999 illud,
2474 4940 2527 4991 in
2565 4940 2680 4992 Vita
2728 4934 2806 4993 Sf
2837 4938 3157 5007 Epiplianii,
3211 4953 3369 4991 num.
3424 4934 3528 4998 56,

1969 5007 2114 5074 quod
2149 5010 2455 5076 pertinebat
2497 5010 2559 5061 ad
2594 5019 2926 5078 postremum
2965 5009 3255 5063 diaconum
3280 5046 3306 5078 ,Α
3341 5008 3532 5058 ἐπικο-

1970 5080 2125 5146 σμεῖν
2155 5078 2245 5129 τὸν
2274 5078 2461 5149 θρόνον
2492 5076 2933 5149 τοῦὲπισκόπου,
2959 5093 3229 5133 exornare
3272 5076 3531 5130 thronum

1964 5147 2408 5218 seuﬂcathedr‘am
2440 5150 2827 5218 episcopalem.
2862 5147 3002 5203 Cor.

2035 5217 2111 5286 (5)
2144 5218 2276 5285 Δέῃ.
2309 5218 2460 5272 Alter
2474 5216 2794 5274 'codfaddit
2821 5218 2918 5288 τὴν
2950 5217 3177 5280 ἑαυτῶν,
3211 5232 3363 5269 suam
3388 5216 3531 5283 ipso-

1963 5302 2079 5337 rum
2114 5290 2367 5343 animam.
2399 5288 2568 5345 Cum.

2032 5356 2109 5425 (6)
2152 5357 2347 5425 Ὑπέρ.
2379 5358 2529 5411 Alter
2560 5358 2680 5413 cod.
2714 5359 2831 5411 ἀντί
2854 5398 2867 5423 ,
2902 5366 2956 5412 et
2986 5358 3147 5427 paulo
3176 5365 3300 5426 post
3344 5354 3529 5409 διστά-

1961 5441 2077 5488 σαι,
2112 5428 2300 5481 eodem
2329 5444 2513 5482 sensu.
2544 5429 2619 5480 In.

2029 5496 2105 5565 (7)
2147 5497 2357 5550 Θεῖναι.
2391 5498 2540 5550 Alter
2571 5498 2701 5559 θείς,
2730 5512 2839 5550 non
2870 5497 3027 5551 male.
3064 5494 3136 5549 in.

1958 5632 1977 5686 1
2029 5564 2105 5637 (8)
2148 5566 2441 5620 Ἔνδειαν.
2476 5567 2730 5631 ὐνειδος,
2774 5568 2909 5621 alter
2950 5566 3071 5621 cod.
3120 5580 3229 5619 non
3270 5564 3524 5620 absurde.

1985 5651 2034 5686 ι).
3187 5643 3200 5659 ’

1985 5651 2034 5689 o.
3187 5643 3200 5659 '

2030 5704 2106 5777 (9)
2146 5706 2384 5760 Bttner.
2417 5707 2563 5762 Alter
2590 5707 2786 5778 βαλών,
2805 5705 2952 5778 quod
2972 5714 3053 5765 est
3078 5705 3373 5764 narrationi
3392 5719 3527 5762 con-

1964 5779 2290 5832 venientius.
2328 5778 2402 5833 lo.
