4064 6264
543 315 649 370 803

1386 313 1443 368 S.
1474 309 1869 367 LLEMENTIS
1904 310 1923 364 l
1960 308 2124 367 ROM.
2166 310 2366 366 PONT.
2404 311 2631 367 OPERA
2666 309 2891 367 DUBIA.

3674 308 3778 363 80$

537 438 771 495 ventes;
821 427 948 499 quia
1002 444 1108 482 non
1164 436 1385 499 prepter
1438 430 1710 483 hominem
1766 428 2106 498 operamini,

2233 428 2585 497 νογγύζοντες,
2636 429 2767 501 μηδὲ
2811 424 3297 489 διαστασιάζοντες,
3330 425 3389 478 οὐ
3438 422 3546 494 γὰρ
3583 422 3671 475 διὰ
3698 425 3781 477 ἇν-

543 522 637 577 sed
686 529 906 591 propter
957 520 1155 587 Deum;
1208 538 1236 574 a
1285 537 1395 592 quo
1443 522 1746 576 mercedem
1800 520 2105 587 ministerii,

543 614 599 667 in
627 613 714 667 die
761 613 1092 668 visitationis
1133 622 1347 677 vestrm,
1394 614 1691 683 recipietis.
1740 610 1965 683 Oportet
2009 613 2112 667 ita-

539 722 647 775 que
679 712 737 759 ut
766 720 864 760 vos
893 705 1109 759 diaconi
1163 707 1397 761 visitetis
1419 722 1608 761 omnes
1638 707 1733 775 qui
1780 707 2111 761 visitationis

542 798 805 868 indigent.
841 798 916 853 De
944 798 1161 853 miseris
1190 800 1376 863 etiam,
1409 799 1475 853 ad
1515 802 1830 871 episcopum
1879 800 2109 867 referte;

544 891 760 946 debetis
786 892 934 945 enim
994 905 1118 946 esse
1144 892 1324 945 anima
1355 893 1522 955 illius,
1549 909 1613 947 ac
1643 893 1913 948 sentiendi
1996 895 2108 959 vis;

544 983 716 1053 parati
745 982 811 1035 ad
845 982 1263 1037 ministrandum
1294 984 1367 1037 illi
1393 1000 1455 1038 ac
1488 985 1848 1040 obedientium
1880 988 1935 1040 in
1965 988 2114 1040 omni

544 1064 730 1143 opera,
764 1074 928 1128 veluti
972 1074 1228 1144 episcopo
1273 1086 1472 1141 vestro,
1516 1085 1576 1132 et-
1622 1080 1784 1147 patri,
1836 1088 1890 1133 et
1936 1080 2105 1149 magi-

546 1173 680 1221 Ser.

1135 1285 1365 1341 CAPUT
1402 1286 1519 1342 XX.

549 1394 999 1473 Quod-episcopus
1028 1417 1057 1453 a
1094 1401 1260 1455 tribus
1302 1404 1381 1457 vel
1418 1403 1618 1457 duobus
1648 1405 1897 1473 episcopis
1939 1404 2121 1459 debeat

619 1468 892 1531 ordinari;
939 1488 1041 1523 non
1081 1482 1254 1525 autem
1299 1474 1363 1526 ab
1412 1492 1537 1537 uno,
1578 1474 1631 1527 id
1676 1468 1827 1528 enim
1849 1494 1959 1529 esse
1990 1478 2117 1529 irri-

622 1548 756 1593 tum.

620 1630 944 1703 EpiSCOpum
994 1650 1123 1689 vero
1168 1636 1513 1706 pnecipimus
1564 1638 1807 1692 ordinari
1858 1653 1887 1691 a
1948 1639 2123 1696 tribus

547 1725 849 1794 episcopis;
888 1738 980 1781 aut
1012 1736 1069 1780 ut
1118 1729 1399 1782 minimum
1446 1745 1475 1783 a
1527 1730 1775 1797 duobus;
1814 1739 1922 1784 min
1959 1731 2124 1787 licere

2217 520 2431 593 θρωπον
2461 523 2683 585 ποιεῖτε,
2715 522 2849 576 ἀλλὰ
2890 521 2978 575 διὰ
3011 521 3101 574 τὸν
3145 520 3293 572 Θεόν·
3335 518 3430 571 καὶ
3470 517 3561 570 τὸν
3601 517 3788 588 μισθὸν

2211 615 2312 684 τῆς
2352 615 2626 678 διακονίας
2675 616 2804 686 παρ’
2836 616 3043 667 ἐκείνου
3109 610 3450 683 ἀπολήψεσθε
3504 610 3561 662 ὲν
3608 609 3792 680 ἡμέρᾳ.

2213 708 2513 778 ἐπισκοπῆς,
2548 707 2718 777 ὑμῶν·
2759 707 2863 778 χρὴ
2900 703 2993 760 οὖν
3030 707 3174 776 ὑμᾶς
3200 706 3325 767 τοὺς
3365 702 3643 764 διακόνους
3676 702 3794 753 ὲπι-

2216 800 2543 854 σκέπτεσθαι
2581 800 2791 864 πάντας
2818 802 2942 863 τοὺς
2978 800 3261 869 δεομένους
3305 796 3667 865 ἐπισκέψεως
3702 795 3795 847 καὶ

2214 894 2345 964 περὶ
2396 892 2503 946 τῶν
2567 892 2895 963 θλιϐομένων
2956 891 3315 960 ὰναγγέλλετε
3370 891 3449 960 τῷ
3512 888 3796 957 ὲπισκόπῳ

2216 985 2389 1055 ὑμῶν’
2422 985 2567 1057 ψυχὴ
2604 984 2712 1057 γὰρ
2740 984 2928 1047 αὐτοῦ,
2960 987 3053 1039 καὶ
3084 984 3335 1056 αἴσθησις
3363 979 3499 1036 εἶναι
3530 980 3791 1050 ὀφείλετε·

2217 1077 2494 1131 εὕσκυλτοι
2540 1080 2635 1131 καὶ
2680 1080 2894 1150 εὐήκοοι
2946 1078 3055 1149 (10)
3085 1081 3164 1141 είς
3205 1078 3381 1130 πάντα
3425 1076 3577 1139 ὄντες
3623 1072 3794 1143 αὐτῷ,

2217 1171 2293 1233 ὼς
2321 1170 2601 1242 ὲπισκόπῳ
2630 1172 2803 1242 ὑμῶν,
2834 1173 2928 1225 καὶ
2957 1172 3144 1243 πατρὶ,
3177 1172 3271 1224 καὶ
3295 1169 3619 1238 διδασκάλῳ.

2743 1286 3135 1341 ΚΕΦΑΛΑΙΟΝ
3170 1288 3253 1338 K'.

2222 1400 2349 1453 Ὀτι
2379 1400 2495 1454 ὑπὸ
2534 1401 2707 1468 τριῶν
2734 1401 2772 1469 ἢ
2822 1403 2931 1455 δύο
2957 1402 3302 1455 ἐπισκόπων
3341 1399 3565 1468 ὀφείλει
3614 1414 3799 1469 χειρο-

2290 1471 2587 1525 τονεῖσθαι
2638 1476 2670 1525 ὀ
2715 1473 3045 1537 ἐπίσκοπος
3068 1512 3081 1535 ,
3129 1471 3266 1525 ἀλλ’
3322 1473 3433 1539 οὐχ
3478 1469 3592 1522 ὑπὸ
3637 1468 3793 1532 ἑνός·

2291 1541 2568 1595 ἀϐέϐαιον
2594 1542 2725 1610 γάρ.

2305 1632 2629 1688 Ἑπίσκοπον
2671 1635 2727 1688 δὲ
2774 1634 3184 1707 προστάσσομεν
3232 1630 3650 1705 χειροτονεῖσθαι
3698 1630 3801 1682 ὑπὸ

2224 1730 2389 1802 τριῶν
2412 1730 2726 1783 ἐπισκόπων
2756 1728 2886 1799 (11)·
2935 1728 2968 1799 ἢ
3014 1728 3075 1781 τὸ
3101 1727 3231 1796 γοῦν
3274 1726 3510 1786 ἔλαττον,
3545 1724 3651 1777 ὑπὸ
3688 1721 3779 1774 δύο

550 1824 728 1870 autem
785 1818 941 1873 vobis
992 1819 1060 1873 ab
1114 1835 1224 1873 uno
1265 1822 1549 1877 constitui.
1599 1822 1731 1876 Nam
1777 1824 2008 1879 duorum
2062 1836 2115 1880 et

2233 1824 2293 1896 ιὴ
2330 1822 2526 1887 ἐξεῖναι
2572 1822 2629 1875 δὲ
2676 1822 2780 1875 ὑπὸ
2823 1820 2942 1884 ἑνὸς
2983 1822 3110 1891 ὑμῖν
3159 1818 3537 1874 καθίστασθαι.
3582 1817 3648 1868 Ἢ
3694 1815 3800 1885 γὰρ

547 1908 713 1963 trium
741 1911 1114 1965 testimonium
1150 1912 1810 1970 lirmiusestetiudubium
1832 1916 2119 1972 "-“Jtem

546 1999 803 2068 iubemus
835 2010 893 2056 ut
924 2005 1202 2075 presbyter
1237 2014 1291 2059 et
1322 2007 1586 2062 diaconus
1613 2008 1680 2063 ab
1727 2024 1835 2062 uno
1865 2009 2122 2080 episcopo

552 2092 867 2161 ordinetur;
899 2106 954 2149 et
982 2097 1177 2165 reliqui
1214 2098 1400 2152 clerici
1429 2118 1441 2152 :
1476 2106 1643 2169 utque
1679 2116 1778 2153 nec
1817 2102 2119 2173 presbyter,

551 2200 655 2239 nec
681 2186 946 2242 diaconus
977 2190 1206 2244 clericos
1245 2206 1311 2244 ex
1358 2190 1514 2245 laicis
1558 2191 1844 2256 ordinent;
1896 2194 1988 2249 sed
2032 2209 2124 2249 so-

556 2277 853 2348 lummodo,
885 2282 1169 2352 presbyter
1196 2281 1415 2351 quidem
1448 2283 1660 2349 doceat,
1704 2284 1916 2349 oﬂ‘erat,
1948 2287 2119 2357 baptio

552 2377 678 2433 tet,
734 2372 1018 2427 benedicat
1080 2375 1306 2443 populo;
1351 2374 1618 2430 diaconus
1673 2392 1804 2432 vero
1850 2378 2123 2435 ministret

629 2507 749 2545 ³⁶-³¹
788 2506 946 2563 Joan.
980 2524 1079 2563 vm
1104 2548 1119 2574 ,
1154 2510 1248 2566 1“ῑ;
1287 2509 1475 2566 Matth.
1512 2529 1670 2576 svnt.
1710 2514 1795 2569 16.

2220 1918 2329 1970 τῶν
2355 1917 2448 1970 δύο
2475 1917 2569 1970 καὶ
2595 1916 2760 1987 τριῶν
2793 1914 3064 1987 μαρτυρία
3087 1912 3401 1983 βεϐαιοτέρα
3420 1910 3513 1963 καὶ
3532 1907 3798 1977 ἀσφαλής.

2224 2011 2596 2083 Πρεσϐύτερον
2633 2010 2690 2063 δὲ
2733 2010 2827 2063 καὶ¹
2872 2006 3116 2060 διάκονον
3168 2004 3272 2058 ὑπὸ
3318 2003 3435 2065 ἐνὸς
3479 1999 3799 2059 ἐπισκόπου,

2222 2105 2316 2156 καὶ
2343 2103 2450 2159 τῶν
2477 2102 2677 2155 λοιπῶν
2707 2101 2981 2171 κληρικῶν
3012 2099 3140 2169 (12)’
3179 2099 3313 2169 μήτε
3341 2097 3397 2150 δὲ
3442 2097 3535 2149 καὶ
3566 2093 3803 2164 πρεσϐύ-

2223 2212 2399 2267 τερον,
2436 2197 2571 2267 μήτε
2596 2194 2861 2255 διάκονον,
2890 2193 3212 2264 χειροτονεῖν
3257 2192 3322 2243 ἐκ
3367 2188 3569 2241 λαῖκῶν
3623 2186 3805 2257 κληριο

2226 2288 2354 2352 κούς
2381 2289 2511 2359 (15)·
2542 2287 2675 2342 ἀλλὰ
2697 2287 2873 2357 μόνον,
2902 2285 2992 2337 τὸν
3025 2284 3120 2356 μὲν
3136 2281 3500 2354 πρεσϐύτερον
3513 2279 3803 2342 διδάσκειν,

2228 2382 2538 2453 ἀναφέρειν,
2571 2378 2868 2450 βαπτίζειν,
2897 2378 3135 2445 εὐλογεῖν
3178 2376 3267 2428 τὸν
3298 2374 3421 2427 λαόν
3452 2374 3582 2445 (Li)-
3614 2372 3706 2425 τὸν
3749 2370 3805 2423 δὲ

1785 2651 2143 2707 VARIORUM
2179 2651 2411 2708 ΝΟΤᾸΞ.

633 2783 740 2857 (1ο)
779 2784 1052 2857 Ερήκοοι.
1096 2786 1219 2842 Haec
1247 2803 1347 2841 vox
1375 2802 1498 2842 cum
1528 2788 1704 2842 tribus
1733 2802 1886 2857 seqq.
1914 2795 1968 2841 et
1998 2801 2125 2839 mox

558 2854 766 2927 vocula:
782 2854 861 2925 τῷ
888 2856 1076 2927 πατρί,
1103 2858 1301 2913 desunt
1321 2858 1373 2911 in
1389 2859 1559 2913 altero
1584 2854 2126 2927 cod.Vin'd'ob.Ct._sn.

629 2925 741 2997 (11)
792 2925 1158 2981 Ἐπίσθέοπον
1184 2929 1253 2981 δὲ
1295 2927 1788 2996 προστάσσομεν,
1844 2935 1951 2983 etc.
2001 2925 2129 2995 Epi—

560 3012 853 3067 scoporum
899 3013 1161 3054 numerus
1219 2998 1532 3067 episcopum
1594 2999 1996 3059 ordinantium,
2040 3012 2130 3067 res

560 3076 645 3139 est
663 3065 1028 3139 ecclesiastici
1044 3065 1345 3139 juris,qua2
1386 3076 1677 3138 eapropter
1700 3068 2017 3139 varietatem
2045 3065 2130 3120 di-

2229 2789 2419 2864 autleat
2460 2784 2723 2839 ordinare.
2767 2783 3033 2864 [ntegrum
3074 2783 3213 2864 enim
3244 2780 3507 2864 iudicium
3536 2790 3637 2851 est,
3670 2799 3805 2864 quoa

2228 2859 2578 2927 plurimorum
2605 2858 2859 2927 sententia
2882 2851 3231 2924 consequitur.
3260 2853 3319 2905 Il.
3343 2851 3423 2905 Ne
3447 2867 3581 2905 unus
3609 2851 3807 2921 episco-

2231 2926 2327 2997 pus
2357 2930 2650 2996 episcopum
2690 2926 2940 2979 ordinare
2980 2935 3265 2997 prazsumat
3305 2932 3515 2997 propter
3550 2940 3809 2997 arrogan-

2232 2993 2393 3061 tiam,
2448 2993 2811 3057 nia-furtivum
2862 2996 3173 3065 beneﬁcium
3213 2995 3507 3063 pra’stitum
3536 2993 3807 3065 rideatur.

2242 3069 2351 3121 Hoc
2378 3069 2514 3122 enim
2544 3069 2598 3121 in
2634 3067 2833 3138 synodo
2865 3064 3090 3119 Nictvna
3118 3074 3324 3138 constat
3364 3081 3473 3138 esse
3509 3064 3806 3138 deﬁnitum.

561 3138 805 3207 si-iplinze
833 3134 1088 3193 admittit.
1122 3134 1203 3192 Et
1221 3134 1396 3209 primo
1425 3134 1643 3209 quidem
1660 3153 1922 3209 canonem
1956 3136 2131 3209 Nicaa-
2156 3139 2200 3199 C
2231 3140 2362 3205 Quae
2384 3139 2602 3209 huncad
2621 3134 3169 3209 m'odmusecutusest
3194 3134 3808 3209 Innocentius,epist.2,

562 3224 693 3262 num
741 3215 998 3278 quartum,
1039 3209 1111 3263 ita
1156 3207 1482 3278 acceperunt
1524 3207 1711 3263 Patres
1741 3208 2131 3262 Constantino-

562 3278 673 3347 poli
696 3277 1028 3348 congregati,
1052 3281 1191 3348 apud
1221 3277 1610 3332 Tlieodoritum
1639 3278 1779 3332 Hist.
1810 3278 1937 3333 eccl.
1964 3278 2056 3332 lib.
2076 3294 2129 3341 ν,

564 3364 687 3417 cap.
716 3347 837 3410 9,ut
864 3349 1050 3418 liceret
1079 3347 1371 3418 provincia:
1399 3348 1672 3417 episc0pis
1702 3349 1939 3418 collegas
1976 3349 2135 3401 [initi-

565 3433 685 3473 mos
699 3418 765 3471 ad
783 3416 1181 3474 ordinationem
1208 3416 1527 3473 convocare.
1553 3416 1656 3484 Qui
1685 3426 1740 3473 et
1769 3416 1976 3473 addunt
1997 3434 2027 3472 a
2073 3434 2133 3473 se

566 3486 878 3541 ordinatum
913 3489 1081 3545 fuisse
1097 3488 1429 3544 Nectarium.
1460 3488 1647 3543 Patres
1675 3504 1807 3543 vero
1839 3489 2133 3544 Sardicen-

566 3574 658 3612 ses
687 3572 809 3613 ειη.
839 3558 1360 3627 6,quemadmodum
1376 3558 1671 3623 etNicaeni,
1706 3574 1915 3614 canone
1944 3560 2132 3623 citato,

566 3636 622 3700 et
657 3627 977 3684 Antioclieni
1002 3644 1124 3685 can.
1162 3630 1249 3693 19,
1286 3638 1476 3700 optant
1502 3647 1693 3685 omnes
1721 3630 2013 3700 provincia:
2034 3646 2134 3683 an-

567 3699 770 3770 tistites
812 3700 1145 3754 ordinationi
1195 3699 1670 3770 comprovincialis
1714 3699 1797 3755 sui
1848 3702 2132 3755 interesse.

568 3768 629 3823 lu
660 3771 1084 3841 concilioautem
1113 3768 1525 3841 Carthaginiensi
1557 3771 1610 3834 ‘5,
1636 3786 1758 3827 can.
1790 3772 1877 3832 39,
1909 3771 2137 3841 legimus

568 3840 895 3895 sententiam
928 3842 1287 3910 quorumdam
1318 3840 1386 3897 de
1410 3858 1518 3897 non
1548 3842 1888 3897 celebrandis
1917 3840 2137 3894 ordina-

567 3910 832 3975 tionibus,
863 3910 969 3967 nisi
997 3928 1028 3966 a
1058 3912 1364 3967 duodecim.
1394 3912 1499 3968 Sed
1530 3919 1585 3967 et
1619 3922 1745 3966 octo
1770 3912 2134 3974 ordinatores,

570 3997 694 4035 cum
732 3981 869 4053 ‘lieri
909 3990 1109 4052 potest,
1158 3983 1325 4053 exigit
1373 3983 1667 4038 concilium
1716 3982 2033 4035 Arelatense
2096 3997 2134 4042 ι,

568 4066 691 4105 can.
722 4050 812 4123 20:
845 4050 925 4106 Ad
969 4054 1083 4107 haec
1126 4050 1275 4109 circa
1316 4062 1570 4123 quatuor,
1619 4060 1891 4123 testantur
1917 4053 2140 4105 ordina-

570 4123 745 4177 tiones
774 4121 1087 4177 Graacorum
1118 4121 1414 4193 impressae,
1433 4134 1487 4179 et
1516 4126 1635 4180 duae
1647 4122 1893 4187 Gregorii
1931 4123 2134 4193 papael,

570 4195 907 4266 respondens
965 4193 1031 4248 ad
1090 4196 1421 4266 interrogata
1476 4195 1811 4265 Augustini,
1872 4210 1954 4266 n._
1995 4194 2140 4266 8Uin

567 4263 734 4327 Beda,
772 4264 1140 4335 (list.eccles.,
1164 4268 1203 4330 Ι,
1228 4263 1322 4325 27,
1351 4274 1404 4320 et
1434 4266 1486 4329 '5,
1518 4263 1745 4335 epistola
1779 4265 1800 4317 1
1837 4264 2141 4333 adBonifa-

568 4336 730 4391 cium.
761 4334 880 4389 Jam
912 4338 1074 4391 trium
1103 4353 1226 4393 esse
1268 4336 1500 4391 oliicium
1531 4334 1914 4405 coepiscopum
1950 4350 2142 4389 consc-

569 4422 745 4469 crare,
788 4408 1071 4487 innumera
1102 4407 1319 4487 decreta
1363 4423 1427 4461 ac
1457 4408 1766 4487 testimonia
1811 4408 2140 4487 lgqttuntur;

2234 3226 2355 3279 cap.
2390 3207 2538 3264 izUt
2561 3219 2714 3262 extra
2744 3208 3118 3279 conscientiam
3144 3206 3532 3279 metropolitani
3556 3207 3787 3272 episcopi

2234 3274 2412 3334 nullus
2457 3279 2649 3333 audeat
2698 3277 2945 3332 ordinare
2989 3293 3309 3348 episcopum.
3360 3274 3630 3348 [ntegrum
3670 3279 3812 3331 enim

2234 3360 2310 3403 est
2323 3351 2607 3420 judicium,
2626 3349 2762 3417 quod
2787 3350 3136 3420 plurimorum
3151 3347 3419 3403 sententiis
3442 3347 3809 3420 conﬁrmatur.

2238 3417 2349 3475 Nec
2372 3439 2506 3475 unus
2548 3422 2817 3489 episcopus
2867 3418 3114 3473 ordinare
3159 3426 3445 3489 praesumat
3485 3417 3809 3489 episcopum,

2236 3508 2297 3545 ne
2327 3486 2891 3561 furtivuiu’prtestitum
2922 3486 3225 3558 beneﬁcium
3246 3487 3502 3542 videatur.
3536 3486 3813 3561 Hoc’enim

2234 3574 2282 3634 et
2316 3558 2347 3615 (ι
2378 3562 2577 3634 synodo
2599 3558 2825 3634 Nicama
2851 3561 3195 3616 constitutum
3224 3572 3301 3615 est
3334 3570 3485 3629 atque
3509 3558 3807 3626 deﬁnitum.

2240 3633 2461 3698 Verum,
2492 3642 2548 3686 ut
2593 3634 2659 3687 ad
2697 3633 3007 3687 institutum
3048 3647 3356 3687 sermonem
3397 3638 3658 3691 revertar.
3686 3647 3814 3685 nar-

2238 3714 2362 3758 rant
2402 3702 2680 3774 Pelagium
2730 3718 2943 3774 papam_
2974 3714 3225 3774 coactum
3270 3701 3439 3774 fuisse
3479 3700 3811 3768 poutiliciam

2238 3771 2557 3846 dignitatem
2580 3771 2827 3846 accipere
2857 3787 2887 3825 a
2913 3771 3127 3846 duobus
3147 3772 3418 3846 episc0pis
3440 3781 3495 3846 e_t
3549 3786 3661 3846 uno
3690 3788 3814 3841 pre-

2238 3842 2478 3917 sb'ytero.
2510 3842 2765 3917 Refertur
2792 3858 3008 3917 quoque
3035 3843 3103 3897 de
3145 3843 3267 3917 aliis
3309 3842 3599 3917 permissis
3624 3843 3680 3895 in
3711 3859 3812 3897 ne-

2239 3913 2499 3973 cessitate
2527 3914 2771 3969 ordinari
2811 3913 2888 3968 ab
2932 3929 3041 3985 uno
3083 3914 3345 3985 episcopo
3383 3920 3445 3985 et
3474 3913 3813 3985 duobus_aut

2239 3988 2490 4066 pluribus
2518 3986 2825 4066 abbatibus:
2860 3982 3175 4066 Denique,'a
3199 3982 3307 4066 quo
3333 3983 3667 4066 ordienduni
3685 3982 3806 4065 fuit.

2240 4053 2579 4127 temporibus
2596 4055 2911 4125 apostolicis
2935 4053 3070 4127 satis
3093 4053 3307 4110 constat
3332 4054 3620 4123 episcopos
3644 4053 3814 4109 fuisse

2240 4126 2573 4185 constitutos
2597 4127 2868 4181 interdum
2911 4126 2979 4179 ab
3008 4142 3118 4180 uno
3148 4126 3416 4195 apostolo,
3441 4138 3549 4195 seu
3594 4136 3814 4194 aposto—

2242 4200 2375 4266 lico;
2410 4198 2677 4253 interdum
2702 4213 2731 4251 a
2762 4193 3207 4267 pluribus,juxta
3227 4196 3357 4250 illud
3384 4202 3395 4249 I
3440 4193 3686 4267 Tim.iv,
3715 4196 3808 4250 M:

2245 4265 2373 4323 Noli
2419 4270 2675 4339 negligere
2706 4265 2935 4339 gratiam
2974 4284 3091 4336 qua:
3130 4268 3252 4339 inte
3282 4275 3392 4327 est;
3424 4281 3541 4335 qua:
3570 4265 3699 4319 data
3728 4276 3814 4339 est

2244 4342 2340 4393 tibi
2352 4358 2444 4410 per
2474 4336 2821 4409 prophetiam,
2846 4355 2963 4391 cum
2995 4336 3816 4410 impositionemanuumpresby-

2245 4406 2379 4475 teri;
2416 4406 2523 4466 hoc
2555 4406 2661 4473 est,
2701 4426 2767 4464 ex
2814 4408 3267 4478 interpretatione
3306 4406 3363 4463 S.
3410 4406 3811 4478 Clirysostomi,

569 4491 800 4551 quorum
829 4478 884 4551 in
918 4477 1167 4546 plurimis
1208 4486 1465 4547 tanquam
1498 4478 1718 4551 minime
1751 4475 2025 4551 sufﬁciens
2055 4492 2139 4551 re-
2171 4494 2214 4548 D
2242 4483 2621 4551 episcOporum
2671 4481 2763 4549 qui
2814 4496 2939 4536 eum
2961 4475 3393 4551 'ordinaverant.
3448 4475 3580 4531 Vide
3632 4477 3779 4551 infra
3796 4516 3813 4539 ,

562 4546 750 4618 jicitur
778 4544 957 4600 minor
985 4564 1265 4609 numerus,
1298 4544 1597 4618 praesertim
1633 4548 1948 4618 singularis.
1982 4544 2137 4600 Unde

567 4617 903 4673 Novatianus
945 4627 1053 4689 tres
1096 4617 1382 4689 episcopos
1424 4619 1619 4687 c0egit,
1671 4617 1741 4671 uti
1774 4618 1876 4673 sibi
1916 4632 2135 4670 manqu

570 4690 910 4756 imponerent
929 4704 946 4752 ;
968 4687 1241 4743 Julianitae
1264 4687 1412 4753 v'ero,
1439 4704 1562 4743 cum
1587 4697 1699 4743 tres
1720 4696 1928 4743 tantum
1954 4695 2139 4742 essent

566 4758 834 4827 episcopi,
862 4766 1078 4813 mortuo
1127 4759 1342 4814 Juliano
1367 4777 1475 4813 uno
1518 4775 1585 4813 ex
1636 4759 1774 4822 illis,
1820 4774 1929 4828 quo
1969 4760 2135 4811 alium

569 4828 985 4910 substituerent,
1013 4829 1269 4910 defuncti
1287 4844 1531 4910 manum,
1564 4844 1803 4910 suasque
1842 4829 2008 4910 capiti
2033 4829 2135 4910 lio-

567 4898 735 4971 minis
785 4913 815 4950 a
870 4914 927 4952 se
984 4900 1272 4955 ordinandi
1318 4899 1724 4971 imposuerunt;
1756 4898 1919 4956 sicuti
1965 4898 2138 4953 refer-

569 4978 659 5025 tur
682 4970 735 5023 iu
766 4971 1079 5025 narratione
1109 4971 1184 5025 De
1205 4972 1357 5025 rebus
1379 4970 1659 5032 Armeniar.
1687 4978 1820 5023 tom.
1853 4971 1919 5033 Il,
1951 4979 2139 5023 aucta-

569 5042 638 5102 rii
686 5040 1028 5095 Bibliotheca:
1074 5041 1300 5096 Patrum
1347 5041 1752 5095 Combelisiani.
1806 5040 1982 5110 Atque
2035 5041 2137 5093 hoc

567 5114 689 5166 loco
713 5112 945 5166 celatum
974 5112 1137 5166 nolim
1172 5115 1424 5168 lectorem
1457 5126 1695 5181 errorem
1720 5116 2016 5181 geminum,
2044 5110 2136 5181 qui

568 5190 798 5254 apparet
825 5183 884 5254 in
904 5183 1233 5238 Breviatione
1263 5200 1521 5236 canonum
1555 5180 1818 5252 Fulgentii
1852 5180 2136 5254 Ferrandi,

570 5251 693 5322 cap.
722 5252 756 5305 6
789 5273 802 5308 :
842 5251 1074 5308 ULunus
1094 5256 1364 5323 episcopus
1412 5251 1705 5323 episcvpurn
1754 5270 1855 5306 non
1888 5251 2136 5323 ordinet:

569 5321 785 5391 excepta
844 5323 1084 5378 Ecclesia
1116 5321 1374 5378 Romana.
1401 5323 1636 5377 Concilio
1662 5321 1911 5386 Zellensi,
1944 5337 2009 5375 ea:
2037 5322 2141 5390 epi-

571 5394 711 5447 stola
782 5410 930 5463 papa:
996 5396 1198 5451 Siricii.
1256 5395 1465 5448 Etenim
1517 5395 1625 5448 duo
1686 5395 1859 5464 prima
1918 5392 2139 5464 decreta

569 5461 814 5537 epistolae
852 5461 897 5519 ’4
930 5465 1109 5521 Siricii
1155 5481 1435 5537 perperam
1466 5461 1923 5537 coriiiiiistfentttr:
1956 5471 2010 5518 et
2042 5461 2141 5516 Se-

572 5534 667 5607 des
699 5538 995 5607 apostolica
1029 5534 1287 5607 primatis
1308 5552 1403 5590 seu
1450 5536 1864 5607 metropolitaua
1898 5542 2141 5607 mutatur

574 5603 627 5655 in
660 5603 841 5677 sedem
871 5603 1224 5676 apostolicam
1262 5606 1590 5671 Romanam;
1617 5622 1724 5660 non
1757 5606 1916 5677 culpa
1944 5604 2144 5677 (suspi—

574 5677 691 5742 cor)
725 5673 1007 5741 Ferrandi,
1045 5679 1138 5732 sed
1181 5678 1481 5745 ignorantia
1518 5680 1597 5730 vel
1622 5676 1810 5745 fraude
1853 5673 2138 5744 cujUSdam

578 5740 919 5816 recentioris.
970 5740 1049 5799 En
1102 5740 1371 5816 pontiﬁcis
1397 5746 1594 5799 verba:
1631 5745 1672 5800 1.
1709 5740 1774 5797 Ut
1818 5740 1969 5799 extra
2015 5763 2139 5797 con-

581 5815 851 5865 scientiam
881 5817 1017 5868 sedis
1054 5815 1370 5882 apostoliae,
1404 5816 1494 5868 hoc
1542 5825 1617 5867 cst
1682 5818 1922 5881 primatis
1943 5856 1957 5879 ,
1992 5834 2139 5869 nemo

2240 4548 2339 4678 ΕΙ).
2360 4548 2459 4617 vri,
2478 4567 2599 4621 cap.
2624 4548 2723 4618 46;
2744 4552 2976 4614 lib.vut,
2994 4565 3115 4619 cap.
3142 4550 3197 4614 4,
3229 4550 3320 4611 27,
3338 4556 3391 4602 et
3412 4562 3537 4603 can.
3562 4557 3741 4618 apost.
3760 4548 3811 4601 1.

2285 4641 2374 4678 or.

2285 4641 2374 4678 0T.

2312 4717 2423 4788 (12)
2468 4716 2575 4769 Καὶ
2604 4714 2721 4769 τῶν
2747 4714 2976 4770 λοιπῶν
2995 4712 3322 4788 Ακληρικῶν.
3348 4710 3583 4788 omnino
3605 4727 3670 4767 ex
3697 4729 3818 4788 seu:

2241 4781 2330 4849 su,
2359 4781 2414 4842 el
2437 4803 2505 4842 ex
2548 4801 2757 4841 canone
2798 4786 3099 4855 apostolico
3138 4785 3190 4847 1,
3240 4784 3674 4855 rescribendum,
3723 4781 3816 4837 καὶ

2237 4860 2364 4920 τοὺς
2390 4858 2606 4921 λοιποὺς
2634 4853 2952 4929 κληρικούς.
2982 4855 3139 4929 Quod
3162 4855 3343 4929 _vertit
3385 4853 3712 4929 Tui-ritimis.
3752 4858 3831 4929 _At

2239 4945 2269 4981 a
2304 4929 2469 4983 Bovio
2500 4930 2700 4983 lectum
2725 4925 2972 4988 Videtur,
3001 4927 3094 4979 καὶ
3118 4925 3226 4979 τῶν
3256 4925 3454 4977 λοιπῶν
3482 4925 3706 4995 κλῆρον.
3752 4926 3807 4981 In

2251 4999 2524 5062 Ὡσαύτως
2555 4999 2649 5050 καὶ
2676 4998 2767 5050 τὸν
2808 4997 2991 5049 λοιπὸν
3021 4996 3244 5067 κλῆρον,
3276 5000 3413 5050 alter
3452 4993 3830 5051 codaV‘indo-

2241 5069 2521 5124 bonensis.
2554 5070 2727 5123 Cum.

2311 5163 2423 5232 (15)
2456 5160 2621 5229 Μήτε
2648 5162 2715 5214 δὲ
2762 5160 2859 5213 καὶ
2907 5160 3331 5232 πρεσϐύτερον,
3381 5166 3488 5232 ctc.
3523 5157 3829 5228 Sequentia

2241 5230 2445 5290 saecula
2478 5233 2530 5285 in
2561 5232 2854 5285 collatione
2876 5231 3107 5284 minoris
3156 5230 3286 5283 cleri
3319 5231 3690 5283 variavi-runt.
3734 5232 3830 5280 tia-

2240 5320 2352 5384 nou
2381 5302 2661 5384 ἀνέκδοτος
2680 5302 2969 5384 Nicephori
2992 5301 3353 5384 confessoris:
3397 5302 3453 5352 '0
3483 5301 3621 5384 ἔχων
3649 5293 3830 5384 εὐχῂν

2239 5374 2572 5446 ἡγουμένου,
2624 5367 2991 5446 πρεσϐύτερος
3023 5371 3158 5446 Μῶν,
3220 5367 3543 5446 χειροτονεί’ξ
3576 5367 3819 5446 αναγνὼ-

2243 5442 2494 5515 στηνκαὶ
2523 5442 2867 5497 ὑποδιάκονον
2894 5442 2953 5515 ἐν
2982 5444 3048 5512 τῇ
3086 5443 3190 5515 ἰδίᾳ
3216 5444 3368 5515 μονῇ.
3397 5444 3500 5507 Qui
3524 5442 3675 5515 habet
3702 5457 3821 5494 ccu-

2241 5510 2605 5575 secrationem,
2631 5513 2902 5585 hegumeni
2935 5510 3281 5585 seu'abbatis,
3313 5510 3489 5582 estque
3510 5510 3813 5585 presbyter,

2242 5586 2488 5640 ordinare
2516 5583 2955 5655 potest—lectorem
2983 5593 3033 5636 et
3083 5583 3460 5639 subdiaconum
3500 5584 3550 5635 in
3581 5600 3674 5636 suo
3706 5597 3818 5634 mo-

2242 5658 2495 5712 nasterio.
2522 5656 2596 5709 In.

2315 5748 2440 5818 (hii
2496 5746 2788 5817 Εὐλογεῖν
2834 5747 2939 5801 τὸν
2987 5748 3161 5801 λαόν.
3226 5747 3283 5800 ln
3341 5742 3816 5818 ReSponsionibus

2246 5807 2406 5889 5ςῖκῖ
2430 5814 2563 5874 λου·
2611 5807 3087 5888 ‘intiuopolitanai
3120 5818 3221 5872 sub
3253 5807 3559 5887 patriar-clla
3594 5814 3814 5867 Nicolao
