4064 6264
299 360 401 414 809

1156 358 1752 419 CONSTITUTIONES
1806 358 2505 416 APOST(lLiCE.—-Llll.
2550 356 2638 411 IV.

3444 355 3547 407 8ίο

297 476 537 542 διδόντα,
580 478 721 549 ἥπερ
760 479 850 532 τὸν
895 476 1240 549 λαμϐάνοντα
1282 477 1323 507 ²¹
1351 492 1365 505 ·
1402 476 1496 529 καὶ
1515 475 1622 546 γὰρ
1656 475 1869 547 εἴρηται
1904 527 1906 534 ,

1982 489 2098 529 eum
2121 475 2214 543 qui
2237 474 2330 528 dat
2357 487 2519 542 quam
2544 472 2637 541 qui
2669 470 2869 538 accipit
2890 470 2966 535 ²¹;
2995 469 3090 523 sed
3119 474 3170 521 et
3195 467 3263 520 ab
3290 481 3355 520 eo
3383 467 3547 520 etiam

298 569 458 623 πάλιν
483 569 574 623 ὑπ’
589 571 755 625 αὐτοῦ
775 574 817 604 "
835 590 848 603 -
876 572 1010 627 Οὐαὶ
1026 572 1139 635 τοῖς
1168 568 1379 641 ἔχουσιν
1397 569 1529 639 (25),
1552 569 1646 622 καὶ
1665 569 1722 622 ἐν
1740 568 1872 620 ὑπο-

302 662 475 733 κρίσει
517 660 902 729 λαμϐάνουσιν,
950 660 1334 730 ἥδυναμένοις
1377 658 1587 729 βοηθεῖν
1641 660 1869 721 ἑαυτοῖς,

223 786 234 800 ι
298 753 391 807 καὶ
430 752 725 823 λαμϐάνειν
779 753 906 822 παρ’
964 751 1163 822 ἐτέρων
1208 749 1573 819 βουλομένοις*
1619 747 1874 817 ἑκάτερος

296 843 403 916 γὰρ
430 844 696 898 ἀποδώσει
712 844 865 911 λόγον
886 844 1071 915 Κυρίῳ
1093 842 1170 913 τῷ
1188 841 1304 912 Θεῷ
1326 844 1381 893 ἐν
1412 840 1594 912 ἡμέρᾳ.
1620 840 1871 911 κρίσεως.

310 934 367 990 Ὀ
396 937 494 1007 μὲν
522 936 630 1006 γὰρ
667 936 730 988 δι’
775 935 984 1005 ἡλικίαν
1015 936 1059 965 ²⁸
1086 934 1365 1006 ὀρφανίας,
1396 934 1429 1003 ἢ
1460 935 1644 1003 γήρως
1672 934 1716 964 ’⁵
1748 935 1873 986 ἀτο-

298 1028 436 1092 νίαν,
478 1027 511 1098 ἢ
567 1026 721 1080 νόσου
776 1025 1208 1097 πρόστπωσιν,ἢ
1250 1026 1454 1077 τέκνων
1510 1023 1875 1094 πολυτροφίαν

298 1118 620 1190 λαμϐάνων·
678 1120 707 1171 ό
758 1117 996 1181 τοιοῦτος
1049 1118 1109 1169 οὐ
1169 1116 1327 1185 μόνον
1371 1115 1431 1167 οὐ
1478 1113 1873 1185 μεμφθήσεται,

300 1208 433 1263 ἀλλὰ
458 1210 554 1262 καὶ
580 1206 1021 1278 ἐπαινεθήσεται·
1056 1206 1436 1278 θυσιαστήριον
1486 1206 1595 1277 γὰρ
1638 1207 1715 1277 τῷ
1759 1206 1876 1278 Θεῴ

297 1299 692 1371 λελογισμένος,
748 1299 851 1351 ὑπὸ
903 1298 996 1350 τοῦ
1050 1298 1183 1351 Θεοῦ
1235 1298 1613 1369 τιμηθήσεται,
1672 1299 1877 1361 ἀόκνως

300 1392 437 1463 ὑπὲρ
476 1389 876 1463 Δᾗδιδόντων
922 1390 1068 1460 αὐτῷ
1102 1389 1360 1461 διηνεκῶς
1411 1390 1873 1460 προσευχόμενος

297 1485 396 1537 οὐκ
424 1468 608 1554 apicii?
633 1482 942 1553 λαμϐάνων,
974 1482 1109 1535 ἀλλὰ
1158 1481 1255 1552 τῆς
1298 1481 1407 1552 (ει)
1449 1482 1645 1544 δόσεως
1689 1481 1875 1543 αὑτοῦ,

298 1577 395 1645 ὅση
423 1573 668 1645 δύναμις,
697 1574 786 1627 τὸν
835 1573 1022 1644 μισθὸν
1063 1572 1235 1636 διδοὺς
1276 1572 1363 1625 διὰ
1399 1574 1496 1644 τῆς
1537 1573 1873 1645 προσευχῆςο

299 1668 327 1719 ὀ
354 1665 591 1730 τοιοῦτος
638 1664 729 1720 οὖν
758 1667 812 1718 ὲν
849 1668 913 1736 τῇ
945 1666 1145 1735 αἰωνίῳ
1178 1663 1289 1735 ζωῇ
1322 1665 1425 1718 ὑπὸ
1465 1664 1599 1718 Θεοῦ
1645 1683 1878 1736 μακαρι-

300 1756 555 1827 σθήσεται
586 1757 655 1787 ’⁸⁸
706 1758 733 1809 ὁ
776 1756 831 1809 δὲ
862 1756 1017 1826 ἔχων,
1051 1756 1143 1809 καὶ
1203 1758 1258 1809 ὲν
1280 1757 1564 1827 ὑποκρίσει
1593 1758 1635 1787 ’⁷
1666 1756 1876 1826 λαμϐά-

302 1824 422 1912 νων,
453 1848 486 1919 ἢ
515 1848 580 1901 δι’
609 1849 825 1920 ἀργίαν,
856 1824 975 1901 ἀντὶ
1014 1846 1108 1900 τοῦ
1151 1824 1509 1919 ἐργαζόμενον
1540 1824 1751 1918 βοηθεῖν
1783 1848 1876 1900 καὶ
1911 1824 1949 1876 Β

300 1938 522 2009 ἑτέροις,
551 1938 704 1994 δίκην
730 1939 952 2010 ὀφλήσει
974 1935 1201 2009 τῷΘεῷ,
1231 1940 1310 1992 ὅτι
1332 1941 1572 2011 πενήτων
1590 1941 1634 1971 ⁸⁸
1662 1941 1875 2011 ἥρπασε

297 2030 383 2084 duo
392 2031 508 2084 αόν.

846 2144 1142 2197 ΚΕΦΑΛΑΙ
1150 2145 1241 2197 UN
1277 2148 1349 2197 A'.

796 2234 937 2302 Περὶ
975 2236 1385 2304 φιλαργυρίας.

378 2320 435 2378 '0
461 2323 570 2396 γὰρ
598 2320 734 2396 ἔχων
772 2325 1029 2398 ἀργύρια,
1061 2327 1154 2379 καὶ
1194 2327 1268 2399 μὴ
1302 2327 1610 2397 μεταδιδοὺς
1648 2329 1872 2400 ἑτέροις,

299 2419 431 2489 μήτε
463 2418 570 2489 μὴν
596 2417 755 2480 αὐτὸς,
793 2417 1090 2488 χρώμενος,
1120 2417 1281 2471 τόπον
1308 2418 1481 2486 ὃςρεως
1509 2419 1872 2490 κεκλήρωκεν,

296 2510 351 2561 ὃν
381 2524 543 2577 φασιν
584 2510 641 2561 ὲν
682 2511 792 2571 τοῖς
831 2504 1131 2579 θησαυροῖς
1162 2508 1436 2561 καθεύδειν
1468 2511 1605 2581 (25)·
1626 2512 1718 2563 καὶ
1761 2510 1876 2563 ἐστι

297 2602 387 2654 καὶ
405 2600 513 2668 (9.6)
530 2601 613 2653 ἐπ’
630 2601 776 2671 αὐτῷ
796 2600 1002 2671 ἀληθὴς
1028 2602 1061 2670 ἡ
1094 2601 1352 2671 Γραφὴ,ὴ
1378 2601 1683 2669 φάσκουσα-
1706 2621 1723 2652 ι
1745 2604 1877 2655 Συν-

302 2694 467 2763 ήγαγε
511 2691 739 2745 πλοῦτον
767 2692 824 2756 ἐξ
852 2686 912 2744 οὗ
950 2693 1009 2745 οὐ
1038 2692 1318 2759 γεύσεται·
1360 2712 1377 2743 ι
1412 2694 1504 2745 καὶ
1544 2693 1692 2746 οὐδὲν
1728 2693 1876 2764 αὐτῷ

298 2784 501 2853 Βφελος,
542 2784 896 2854 ἀπολλυμένῳ
934 2783 1084 2854 παρὰ
1128 2785 1225 2855 τῆς
1262 2784 1435 2855 δίκης.
1471 2802 1489 2835 ι
1528 2786 1641 2838 Οὐκ
1667 2785 1879 2855 ὠφελή-

296 2892 377 2928 σει
420 2874 558 2946 γὰρ,
608 2876 789 2946 φησὶν,
840 2876 1150 2947 ὑπάρχοντα
1200 2877 1258 2928 ὲν
1307 2877 1487 2948 ἡμέρᾳ
1526 2878 1712 2948 ὀργῆς.
1754 2896 1772 2930 ι
1820 2878 1877 2931 Ὁ

294 2967 400 3038 γὰρ
427 2966 665 3030 τοιοῦτος
703 2969 765 3019 οὐ
806 2967 881 3039 τῷ
910 2968 1026 3039 Θεῴ
1074 2969 1451 3033 πεπίστευκεν,
1484 2970 1620 3023 ἀλλὰ
1645 2969 1721 3040 τῷ
1752 2972 1879 3024 ἑαυ-

290 3058 386 3112 τοῦ
417 3059 641 3131 χρυσίῳ,
672 3059 802 3113 Θεὸν
830 3060 987 3114 τοῦτο
1016 3062 1332 3133 ἡγούμενος,
1366 3064 1459 3115 καὶ
1487 3064 1571 3115 ἐπ’
1602 3063 1750 3133 αὐτῷ
1779 3080 1877 3116 πε-

1970 564 2172 618 dictum
2201 572 2285 618 est
2319 583 2332 618 :
2366 563 2457 618 Vae
2480 563 2546 617 iis
2575 562 2668 631 qui
2701 562 2921 623 habent,
2954 567 3007 614 et
3048 559 3102 612 in
3146 558 3421 628 hypocrisi
3457 573 3554 611 ac-

1971 657 2178 724 cipiunt
2206 656 2280 717 ’3;
2313 665 2408 708 aut
2437 656 2528 725 qui
2567 669 2716 718 cum,
2742 653 2847 709 sibi
2887 652 3099 721 possint
3141 649 3418 719 suppetias
3467 649 3552 701 af-

1973 746 2134 811 ferre,
2165 748 2231 801 ab
2270 747 2392 801 aliis
2433 748 2680 816 accipere
2723 746 2913 799 volunt
2943 762 2957 798 :
2991 752 3217 811 uterque
3262 741 3408 795 enim
3444 739 3551 792 Do-

1972 840 2119 893 mino
2148 838 2257 892 Deo
2284 838 2471 893 reddet
2495 838 2760 892 rationem
2789 838 2842 890 in
2871 835 2958 889 die
2980 835 3191 903 judicii.
3212 832 3318 886 Sed
3349 834 3441 902 qui
3466 846 3553 884 ao-

1974 930 2123 1000 cipit,
2156 938 2247 983 aut
2281 938 2499 999 propter
2527 937 2739 984 aetatem
2773 928 3112 997 pupillarem,
3146 933 3239 977 aut
3280 924 3349 978 ob
3392 938 3553 978 sene-

1975 1023 2137 1077 ctutis
2166 1021 2523 1087 debilitatem,
2554 1028 2647 1073 aut
2677 1030 2899 1090 propter
2920 1019 3170 1071 morbum
3199 1015 3549 1073 incidentem.

1976 1123 2069 1169 aut
2100 1122 2321 1185 propter
2350 1115 2665 1168 alendorum
2700 1114 2994 1167 liberorum
3027 1108 3465 1173 multitudinem;
3506 1108 3554 1160 is

1980 1222 2086 1261 non
2113 1207 2272 1259 modo
2314 1221 2420 1259 non
2458 1205 2903 1275 reprehendetur,
2928 1218 3114 1256 verum
3164 1202 3324 1255 etiam
3366 1199 3555 1252 lauda-

1979 1298 2125 1351 bitur
2151 1315 2165 1348 :
2197 1298 2463 1367 siquidem
2490 1312 2519 1348 a
2546 1297 2654 1350 Deo
2678 1297 2847 1350 altare
2876 1301 3178 1363 reputatus,
3203 1294 3270 1345 ab
3291 1308 3355 1346 eo
3382 1292 3555 1344 hono-

1978 1390 2220 1455 rabitur;
2264 1389 2490 1459 impigre
2537 1405 2635 1457 pro
2671 1387 3020 1457 largitoribus
3060 1386 3175 1439 suis
3225 1398 3288 1437 ac
3334 1382 3555 1437 assidue

1978 1482 2306 1551 deprecans;
2340 1496 2446 1534 non
2477 1482 2648 1534 otiose
2686 1496 2930 1543 sumens,
2963 1477 3058 1533 sed
3086 1476 3266 1547 quoad
3296 1475 3415 1544 ejus
3445 1485 3553 1539 est,

1979 1588 2075 1642 per
2102 1586 2290 1642 preces
2319 1586 2469 1633 suas,
2496 1570 2623 1624 doni
2651 1570 2951 1624 mercedem
2977 1566 3253 1638 praebitori
3285 1567 3553 1623 tribuens.

1978 1663 2079 1717 Hic
2129 1663 2292 1733 igitur
2324 1666 2376 1716 in
2410 1664 2517 1715 vita
2560 1663 2890 1731 sempiterna
2928 1661 3120 1715 beatus
3150 1674 3180 1711 a
3215 1659 3325 1712 Deo
3360 1659 3557 1727 praedi-

1978 1755 2212 1809 cabitur.
2239 1754 2339 1819 Qui
2376 1770 2501 1809 vero
2530 1754 2709 1818 habet,
2743 1762 2795 1810 et
2844 1754 2900 1807 in
2948 1751 3224 1823 hypocrisi
3263 1752 3429 1821 capit,
3462 1759 3557 1805 aut

1979 1854 2201 1917 propter
2223 1846 2496 1909 inertiam,
2527 1861 2649 1899 cum
2682 1846 2899 1899 deberet
2946 1860 3011 1899 ex
3057 1859 3220 1912 opere
3266 1859 3367 1898 suo
3392 1843 3557 1897 etiam

1978 1938 2113 1993 alios
2144 1937 2436 2007 adjuvare;
2469 1938 2515 1992 is
2546 1936 2656 1991 Deo
2703 1952 2893 2006 pmnas
2944 1938 3235 2005 persolvet,
3268 1937 3395 2005 quia
3423 1952 3559 2005 pau-

1979 2046 2166 2099 perum
2201 2030 2504 2085 buccellam
2535 2030 2735 2099 rapuit.

2589 2141 2816 2196 CAPUT
2854 2142 2943 2198 IV.

2596 2236 2667 2288 De
2696 2237 2947 2290 avaritia.

2047 2326 2181 2381 Nam
2220 2327 2311 2396 qui
2344 2328 2503 2382 habet
2536 2328 2815 2396 pecunias,
2846 2335 2900 2382 et
2934 2327 3055 2382 aliis
3094 2341 3201 2380 non
3228 2324 3555 2392 impertitur,

1977 2433 2155 2488 neque
2192 2434 2322 2473 vero
2350 2418 2466 2489 ipse
2497 2420 2703 2485 utitur;
2736 2420 2824 2473 hic
2848 2420 3076 2474 sortitus
3114 2425 3199 2472 est
3232 2418 3411 2470 locum
3443 2431 3560 2471 scr-

1978 2511 2177 2580 pcntis,
2208 2526 2367 2580 quem
2394 2511 2547 2565 aiunt
2578 2512 2852 2566 thesauris
2888 2510 3241 2567 incubaretac
3276 2508 3343 2563 de
3368 2523 3433 2562 eo
3461 2508 3562 2561 ho-

1978 2602 2125 2656 mine
2176 2618 2304 2657 vera
2352 2612 2436 2657 est
2479 2601 2785 2671 Scriptura,
2817 2616 2939 2673 quae
2986 2601 3105 2654 ait:
3146 2620 3164 2651 ι
3202 2600 3563 2671 Congregavit

1978 2694 2216 2758 divitias,
2248 2710 2314 2748 ex
2345 2696 2541 2764 quibus
2570 2710 2677 2747 non
2718 2695 2957 2765 gustabit
2982 2696 3053 2759 ³³,
3075 2701 3155 2748 iet
3170 2692 3305 2746 nihil
3335 2693 3381 2746 ei
3410 2706 3563 2746 emo-

1978 2785 2225 2849 lumenti,
2258 2786 2511 2855 pereunti
2543 2801 2573 2839 a
2607 2786 2876 2856 supplicio
2909 2806 2924 2841 :
2964 2804 2982 2835 ι
3022 2784 3137 2838 Νοιι
3187 2785 3329 2839 enim
3365 2784 3562 2854 prode-

1978 2886 2127 2943 runt,
2161 2897 2180 2929 ι
2206 2877 2400 2948 inquit,
2432 2897 2450 2929 ι
2486 2893 2616 2946 opes
2640 2878 2694 2931 in
2748 2877 2834 2931 die
2865 2877 2957 2930 irae
2972 2876 3037 2931 ⁸ο.
3082 2896 3099 2927 ι
3137 2874 3414 2944 Siquidem
3466 2875 3561 2943 qui

1979 2970 2104 3025 talis
2128 2978 2234 3034 est,
2257 2984 2366 3023 non
2387 2968 2617 3024 credidit
2639 2967 2772 3035 Deo,
2796 2968 2889 3022 sed
2921 2982 3055 3021 auro
3078 2981 3198 3030 suo,
3224 2966 3368 3035 quod
3388 2963 3558 3019 Deum

1980 3073 2152 3132 putat,
2179 3070 2232 3117 et
2278 3063 2332 3116 in
2370 3078 2478 3132 quo
2512 3060 2753 3114 conlidit.
2788 3057 2957 3123 Idem,
2995 3058 3282 3115 simulator
3310 3056 3559 3111 veritatis

296 3151 515 3215 ποιθώς.
574 3154 900 3225 ’Υποκριτὴς
924 3153 1201 3229 νάληθείας
1228 3156 1257 3207 ό
1283 3154 1539 3217 τοιοῦτος,
1593 3171 1879 3226 προσωπο-
1905 3201 1906 3210 χ

1982 3162 2085 3219 est,
2124 3168 2484 3224 personarum
2534 3161 2807 3221 acceptor.
2854 3149 3108 3215 inﬁdelis,
3154 3149 3457 3212 cavillator,
3498 3148 3563 3201 ti-

296 3245 522 3315 Αήπτης,
568 3244 812 3309 ἄπιστος,
856 3244 1038 3316 εἴρων,
1086 3245 1287 3309 δειλὸς,
1335 3246 1609 3318 ἄνανδρος,
1658 3245 1877 3314 κοῦφος,

300 3336 540 3407 εὐχερὴς,
575 3336 956 3409 μεμψίμοιρος,
988 3337 1255 3401 ὲπὼδυνος
1285 3338 1413 3407 (27),
1462 3338 1657 3391 ἑαυτοῦ
1688 3338 1880 3411 ἐχθρὸς

300 3428 388 3481 καὶ
413 3426 624 3491 οὐδενὸς
651 3428 822 3496 φίλος.
867 3427 1067 3481 Τούτου
1110 3427 1178 3481 τὰ
1214 3431 1473 3500 χρήματα
1513 3430 1739 3483 ὀλεῖται·
1786 3430 1879 3485 καὶ

301 3518 433 3589 ἀνὴρ
492 3517 640 3582 ξένος
692 3518 865 3573 ἔδεται
920 3518 1077 3583 αὐτὰ,
1126 3519 1158 3590 ἢ
1214 3518 1413 3583 ζῶντος
1467 3522 1875 3592 ὑφελόμενος,ἤ

300 3610 545 3674 θανόντος
572 3612 1022 3683 καρπωσάμενος.
1062 3629 1079 3661 ι
1120 3609 1356 3673 Πλοῦτος
1384 3611 1491 3682 γὰρ
1520 3612 1719 3674 ἀδίκως
1762 3628 1878 3664 συν-

299 3702 580 3772 αγόμενος,
610 3702 1013 3774 ὲξεμεθήσεται.
1055 3721 1072 3753 ι

838 3794 1232 3847 ΚΕΦΑΛΑΙΟΝ
1272 3794 1344 3845 Ε’.

300 3886 457 3941 Μετὰ
501 3888 676 3941 ποίου
730 3888 916 3957 φόϐου
948 3884 1063 3953 χρὴ
1096 3884 1232 3961 τῶν.
1263 3881 1570 3952 Κιψιαχῶν
1603 3885 1876 3954 μετέχειν

862 3972 1298 4023 συνεισφοιχυν.

366 4047 742 4119 Παραινοῦμεν
784 4043 877 4100 οὗν
916 4049 1034 4109 ταῖς
1076 4047 1269 4117 χήραις
1309 4046 1402 4097 καὶ
1440 4048 1552 4107 τοῖς
1598 4048 1869 4116 ὀρφανοῖς,

300 4139 433 4208 μετὰ
459 4140 658 4204 παντὸς
703 4140 865 4208 φόϐου
910 4140 1003 4191 καὶ
1057 4139 1236 4209 πάσης
1279 4138 1561 4200 εὐλαϐείας
1596 4139 1872 4210 μεταλαμ-

299 4230 475 4284 ϐάνειν
518 4232 627 4285 τῶν
669 4233 850 4295 αὐτοῖς
896 4231 1349 4302 χορηγουμένων,
1398 4232 1491 4283 καὶ
1535 4232 1872 4302 εὐχαριστεῖν

299 4322 430 4393 Θεῷ,
461 4324 538 4394 τῷ
564 4323 751 4377 διδόντι
792 4326 903 4386 τοῖς
949 4322 1168 4375 πεινῶσι
1212 4322 1437 4393 τροφὴν,
1469 4324 1562 4375 καὶ
1601 4325 1684 4376 ἐπ’
1723 4324 1870 4394 αὐτῷ

306 4416 419 4477 ιοὺς
461 4415 769 4485 ὀφθαλμοὺς
809 4415 1084 4468 ἐκτείνειν.
1123 4433 1140 4464 ι
1179 4414 1275 4476 Τίς
1318 4413 1444 4484 γὰρ,
1493 4416 1674 4485 φησιν,
1719 4417 1870 4487 ὑμῶν

1982 3247 2181 3311 midus,
2214 3246 2463 3317 ignavus,
2506 3244 2671 3305 levis,
2726 3243 2963 3311 ineptus,
2999 3242 3284 3311 querulus,
3322 3241 3560 3310 seipsum

1981 3338 2322 3400 excrucians,
2353 3336 2608 3390 inimicus
2639 3334 2742 3389 sibi
2783 3349 2848 3387 ac
2897 3334 3098 3388 nemini
3132 3333 3361 3386 amicus.
3388 3330 3562 3400 Hujus

1980 3429 2121 3483 bona
2151 3428 2443 3498 peribunt,
2476 3436 2529 3481 et
2572 3427 2733 3481 homo
2763 3432 3056 3480 extraneus
3104 3424 3353 3478 comedet
3384 3438 3447 3477 ea
3480 3423 3522 3454 ³⁸
3545 3462 3559 3487 ,

1979 3521 2062 3575 vel
2095 3534 2160 3574 eo
2191 3521 2408 3575 vivente
2452 3519 2739 3583 auferens,
2784 3519 2869 3572 vel
2924 3526 3161 3580 mortuo,
3209 3522 3561 3571 consecutus.

1984 3630 2002 3663 ι
2039 3610 2249 3665 Divitiae
2291 3612 2435 3665 enim
2466 3610 2651 3680 inique
2692 3618 3032 3680 congregata:
3079 3615 3400 3663 evomentur
3429 3606 3495 3660 ³³.
3538 3624 3558 3657 ι

2604 3789 2831 3844 CAPLT
2873 3790 2936 3844 Υ.

1977 3886 2110 3942 Cum
2149 3896 2344 3958 quanto
2388 3888 2573 3939 timore
2623 3895 2860 3953 oporteat
2907 3883 3214 3937 coltationes
3262 3881 3565 3935 ﬂaminica:

2656 3972 2867 4009 sumere
2874 3997 2886 4009 .

2045 4048 2348 4105 Consilium
2380 4048 2546 4120 igitur
2566 4048 2760 4103 damus
2781 4047 2961 4101 viduis
2989 4056 3042 4100 et
3074 4046 3317 4115 pupillis,
3349 4053 3406 4098 ut
3440 4060 3565 4099 cum

1976 4156 2189 4196 summo
2219 4149 2365 4195 metu
2393 4148 2448 4194 et
2482 4154 2696 4194 summa
2724 4139 3030 4193 reverentia
3076 4138 3296 4205 capiant
3327 4151 3448 4205 qure
3481 4136 3564 4189 eis

1976 4224 2411 4301 suppeditantur,
2438 4239 2604 4301 utque
2619 4229 2728 4284 Deo
2749 4244 2929 4283 escam
2946 4229 3097 4282 danti
3113 4225 3562 4282 esurientibus”.

1977 4329 2181 4394 gratias
2215 4332 2397 4394 agant,
2430 4332 2484 4379 et
2526 4324 2581 4376 in
2609 4338 2731 4377 eum
2777 4328 2966 4375 oculos
3021 4319 3325 4374 intendant.
3380 4337 3397 4369 ι
3427 4317 3563 4383 Quis

1973 4419 2139 4482 enim,
2184 4436 2202 4469 ι
2237 4416 2432 4485 inquit,
2470 4433 2489 4465 ‹
2528 4423 2767 4469 vestrum
2804 4413 3072 4478 comedet,
3103 4420 3196 4466 aut
3253 4411 3376 4481 quis
3418 4410 3568 4464 bibet

301 4504 546 4575 φάγεται,
590 4506 624 4579 ἢ
670 4506 754 4570 τίς
798 4508 998 4570 πίεται,
1044 4504 1216 4578 παρὲξ
1254 4505 1454 4570 αὐτοῦ;
1495 4524 1513 4557 ›
1546 4506 1717 4572 on»;
1764 4509 1906 4583 γὰρ]

1982 4512 2093 4566 sine
2120 4511 2275 4579 ipso?
2300 4528 2317 4560 ι
2340 4508 2383 4539 ³⁸
2406 4506 2525 4577 Ipse
2554 4507 2699 4561 enim
2730 4506 2905 4576 aperit
2929 4519 3150 4558 manum
3173 4518 3348 4565 suam,
3385 4510 3439 4557 et
3470 4501 3572 4555 im-

383 4632 451 4665 ¹¹⁶
482 4633 601 4686 Act.
634 4644 728 4695 χχ,
758 4630 847 4685 '55.
921 4632 967 4664 ¹²
997 4630 1191 4685 Anast.
1243 4628 1365 4681 οὐαὶ
1408 4626 1518 4696 γὰρ
1537 4628 1670 4691 τοῖς,
1715 4633 1829 4696 etc.
1897 4626 1906 4696 ἶ

1982 4622 2165 4677 Matth.
2218 4640 2373 4696 xxiii,
2425 4626 2510 4679 14.
2590 4622 2635 4655 ³⁸
2676 4626 2864 4696 Αῃιιει.
2908 4619 3141 4696 ἡλικίας.
3193 4619 3476 4696 Δξ’ᾏλιιιιςι.
3513 4624 3547 4693 ἢ

326 4701 671 4774 ἀδυναμὲσιςμ
721 4702 983 4774 ¹⁶ίΑρεειο
1007 4701 1082 4765 ὼς
1107 4700 1340 4774 stewa-

327 4775 385 4839 4,
414 4770 511 4845 ap.
535 4772 697 4827 LXX.
773 4770 817 4804 ³¹
847 4771 1024 4827 Eccle.
1056 4788 1126 4838 vr,
1152 4770 1207 4823 2.

1424 4690 1466 4727 ⁵⁷
1486 4690 1678 4749 Ἀιιεεῑ.
1712 4695 1777 4746 δι’
1810 4694 2118 4754 ὑπόκρισιν.
2196 4696 2239 4724 ’⁸
2267 4695 2335 4746 al.
2376 4697 2564 4749 Anast.
2641 4696 2683 4725 '9
2718 4694 2892 4749 Eccle.
2931 4690 2992 4754 ἦ,
3031 4690 3084 4745 9.

1284 4770 1327 4800 ³³
1356 4767 1457 4822 Job
1484 4783 1577 4831 xx,
1613 4766 1702 4829 15,
1731 4766 1870 4834 apud
1899 4763 2061 4817 LXX.
2140 4764 2183 4793 ³³
2214 4764 2525 4830 l’s'al.cxr.v,
2553 4766 2606 4819 ἵ.

3191 4691 3235 4723 ³⁰
3268 4692 3423 4745 l’rov.
3461 4709 3519 4748 xu
3538 4691 3559 4759 “,

2685 4765 2727 4796 ³⁸
2753 4764 2931 4819 Eccle.
2966 4778 3027 4828 ιι,
3051 4762 3141 4828 25,
3170 4761 3223 4816 in
3256 4759 3416 4816 LXX.

1662 4870 2029 4930 VARIORUM
2062 4868 2295 4930 NOT/E.

307 4959 709 5026 Quaestionibus
743 4977 875 5017 mss.
908 4960 1153 5030 ejusdem
1204 4960 1457 5021 librarize.
1493 4961 1753 5030 scriptum
1789 4963 1882 5017 in-

308 5030 467 5110 geni:
505 5033 580 5083 Δι’
610 5031 823 5110 ἡλικίαν
851 5031 1208 5110 ὀρφανίας,ηῆ
1236 5032 1439 5110 γήρως,
1485 5031 1517 5102 ἢ
1566 5030 1885 5110 ᾁδυναμίαν,

306 5100 335 5222 η
365 5100 519 5153 νόσου
550 5100 915 5172 πρόσπτωσιν.
940 5102 1045 5158 Pro
1068 5100 1266 5172 quibus
1296 5100 1566 5170 interpres
1584 5100 1782 5222 legisse
1807 5105 1890 5157 vi-

306 5192 315 5221 l
340 5177 465 5222 etur
491 5190 503 5222 :
541 5172 620 5222 Δι’
650 5172 867 5222 ἡλικίαν
886 5212 900 5222 .
932 5172 963 5222 ἦ
994 5172 1276 5222 ὀοιοανίαν.
1327 5171 1359 5222 ἦ
1410 5173 1605 5222 γῆοας.
1690 5172 1888 5222 ἀδυνα-

306 5119 335 5222 η
365 5119 519 5153 νοσου
550 5119 915 5172 προσπτωσιν.
940 5119 1045 5158 rro
1068 5119 1266 5172 quibus
1296 5119 1566 5170 interpres
1586 5119 1633 5156 te
1673 5119 1782 5158 tsse
1807 5121 1888 5157 v1-

304 5192 315 5221 ι
340 5177 465 5252 etur
491 5190 503 5224 :
541 5172 620 5222 Δι’
650 5172 867 5253 ἡλικίαν
886 5212 900 5237 ,
932 5172 964 5243 ῆ
994 5172 1280 5253 ὀρφανίαν,
1327 5171 1361 5242 ἦ
1410 5119 1668 5297 γῆραςέἕ
1690 5172 1888 5226 ἀδυνα-

306 5256 456 5297 μιαν.
488 5248 591 5295 etc.
626 5240 797 5297 Nicon
837 5243 1094 5297 collector
1140 5243 1400 5297 meditus.
1443 5258 1564 5297 can.
1666 5282 1683 5297 .
1716 5244 1886 5297 citat:

306 5240 456 5323 μίαν,
488 5248 591 5295 etc.
624 5240 797 5323 Εἶεοη
832 5240 1094 5323 collecto!
1140 5240 1564 5323 ineditus..c'ap.
1593 5240 1683 5323 ὅθ,
1716 5244 1886 5323 citat:

302 5310 335 5377 ἦ
366 5310 595 5433 γήὲους,
614 5312 931 5392 ἀδυναμίαν,
960 5314 1029 5367 al.
1054 5312 1085 5384 ἢ
1112 5316 1333 5384 γήρους,
1354 5313 1385 5383 ἢ
1405 5310 1724 5382 ἀδυναμίαν.
1749 5314 1886 5369 Cor.

307 5445 344 5451 _
375 5378 432 5449 (2
470 5387 489 5451 )
526 5382 668 5436 Ουαὶ
693 5399 817 5447 τοις
864 5382 1133 5450 ἔχουσιν,
1175 5392 1307 5445 etc.,
1358 5384 1423 5437 ad
1470 5383 1886 5451 βουλομένοιςε

375 5400 489 5451 (Ζῡ)
526 5400 668 5436 υυαι
693 5400 817 5447 τοις
864 5400 1133 5450 εχουσιν,
1175 5400 1307 5445 etc.,
1358 5400 1423 5437 aa
1470 5400 1887 5451 powoyarorq.

305 5445 537 5530 Exstant
558 5452 628 5532 in
644 5454 975 5532 membranis
992 5452 1157 5532 regiis
1179 5452 1547 5532 codicis‘ziﬂ
1574 5452 1787 5525 Ecloga:
1801 5470 1890 5532 sa-

304 5533 413 5572 cra:
427 5522 703 5594 __ined_it_aa.
760 5522 874 5575 Illic
900 5523 1303 5594 sententiaharc
1333 5522 1649 5594 Κλήμεντος
1672 5522 1891 5581 nomine

306 5601 365 5665 se
386 5587 560 5665 offert,
579 5591 722 5665 λόγῳ
754 5599 819 5643 ια’
839 5592 932 5665 qui
961 5591 1280 5665 inscribitur
1304 5587 1526 5665 ε”Οτίού
1550 5592 1709 5665 μόνον
1725 5596 1892 5664 ἐργά-

306 5656 492 5718 ζεσθαι
516 5656 800 5741 ὀφείλομεν
822 5656 956 5781 πῖὸς
994 5659 1054 5711 τὸ
1086 5662 1344 5730 ἐπαρκεῖν
1379 5656 1610 5730 ἑαυτοῖς,
1630 5656 1772 5721 ἀλλᾶ
1797 5656 1891 5721 καὶ

309 5726 443 5781 πρὸς
462 5729 560 5781 τὴν
580 5747 686 5781 των
720 5728 849 5781 δεου.
881 5746 984 5781 νων
1003 5729 1313 5781 διατροφήν.
1345 5732 1481 5781 Cor-

309 5726 984 5801 eilv'pbuosopévtov
1003 5726 1313 5801 διατροφήν.
1345 5732 1482 5791 Co'r.

379 5794 492 5868 (ει)
518 5794 654 5866 Τῆς.
679 5794 827 5851 Alter
844 5797 1011 5851 codex
1037 5794 1178 5866 ὑπὲρ
1198 5794 1314 5869 τῆς.
1347 5804 1514 5859 Cri-2a.

588 5893 858 5950 ΡΑτιιοι..
900 5892 1012 5950 (in.
1048 5893 1095 5951 l.

2063 4964 2177 5036 (25)
2209 4964 2323 5036 Ὃν
2370 4980 2559 5033 φασιν
2605 4964 2676 5036 ἐν
2734 4964 2858 5029 τοῖς
2892 4967 3213 5036 θησαυροῖς
3249 4970 3560 5024 καθεύδειν
3583 5008 3596 5021 .

1998 5033 2342 5107 S.'_Basilius_
2381 5039 2447 5089 de
2500 5035 2702 5107 utiliter
2752 5035 2997 5107 legendis
3046 5033 3329 5107 gentilium
3371 5042 3525 5096 libris
3579 5053 3591 5086 ε

1996 5105 2143 5180 Πλὴν
2191 5107 2238 5157 εἰ
2287 5104 2548 5180 μὴ,κατὰ
2593 5106 2720 5180 τοὺς
2746 5104 2827 5158 ἐνί
2854 5109 2967 5180 τοῖς
3019 5104 3209 5177 μθύθοις
3254 5108 3578 5180 δράκοντας,

1997 5174 2185 5246 ἡδονήν
2250 5174 2371 5248 τινα
2408 5176 2564 5248 φέροι
2625 5174 2916 5248 θησαυροῖς
2945 5174 3389 5248 κατωρυγμένοις
3440 5174 3591 5234 ὲπα-

1995 5244 2281 5316 γρυπνείν.
2332 5244 2569 5311 SciliCet,
2610 5244 2841 5301 docente
2866 5262 2990 5299 cum
3031 5244 3153 5303 aliis
3178 5244 3453 5304 Macrobio
3477 5250 3581 5305 Sa-

1996 5315 2194 5369 turnal.
2254 5314 2347 5369 lib.
2375 5332 2411 5369 ι.
2446 5331 2568 5369 can.
2598 5316 2690 5369 20.
2720 5316 3101 5369 thesaurorum
3149 5319 3397 5369 custodia
3450 5320 3580 5369 dra—

1996 5319 2194 5369 turnal.
2254 5319 2347 5369 lib.
2375 5332 2411 5377 ι,
2446 5331 2568 5385 cap.
2598 5319 2690 5378 20,
2720 5319 3101 5371 thesaurorum
3149 5319 3397 5374 custodia
3450 5320 3580 5374 dra-

1994 5387 2225 5460 conibus
2265 5384 2857 5460 assignatur._vide._si
2890 5396 3124 5460 vacat_et
3164 5390 3330 5451 lubet,
3361 5390 3579 5460 elegan-

1998 5466 2103 5511 tem
2139 5455 2373 5509 fabulam
2404 5455 2636 5520 Phwdri,
2672 5456 2760 5519 19,
2789 5458 2884 5511 lib.
2918 5471 2990 5511 Iv.
3025 5457 3161 5512 Cor.

1993 5598 2033 5651 C
2067 5526 2178 5594 (26)
2199 5526 2328 5579 Καί.
2349 5525 2507 5580 Deest
2534 5528 2587 5580 in
2618 5526 2790 5581 altero
2818 5526 3009 5581 codice
3029 5537 3083 5582 et
3110 5529 3326 5599 quidem
3358 5531 3572 5587 melius.

2041 5613 2162 5651 um.

2065 5640 2177 5738 (ᾗ)
2217 5667 2571 5741 Ἐ-σζώὸυνος.
2604 5666 2787 5741 Deest_
2803 5667 2857 5722 in
2886 5667 3058 5724 altero
3088 5671 3236 5737 cod.,
3271 5670 3400 5741 quia
3430 5670 3572 5728 idem

1996 5755 2145 5809 seqq.
2178 5738 2359 5794 verbis
2388 5738 2731 5806 exprimitur.
2768 5739 2844 5794 ln.

3134 5902 3211 5960 ‘26
