4064 6264
337 402 433 457 82!

1246 397 1846 452 CONSTITUTIONES
1884 398 2566 458 APOSTOLICE.—LIB.
2606 405 2690 459 IV.

3474 416 3577 471 829.

337 521 359 555 ι
386 515 531 585 Τίμα
575 513 664 565 τὸν
711 510 915 582 Κύριον
956 510 1062 564 ἀπὸ
1106 511 1211 563 σῶν
1256 510 1475 569 δικαίων
1537 511 1711 562 πόνων
1739 528 1752 541 ’
1812 511 1898 563 καὶ

2008 512 2226 581 sapiens
2253 510 2509 567 Salomon
2539 534 2551 569 :
2585 535 2602 564 ι
2632 514 2848 570 Honora
2879 519 3163 573 Dominum
3189 536 3251 575 ex
3285 524 3390 578 luis
3414 524 3578 594 justus

333 606 578 677 ἀπάρχου
621 603 768 673 αὐτῷ
813 602 922 656 ἀπὸ
968 602 1074 655 σῶν
1121 602 1347 673 καρπῶν
1387 601 1731 672 δικαιοσύνης
1755 618 1767 630 ·
1818 602 1902 653 ἵνα

334 697 640 768 πιμπλᾶται
664 694 732 747 τὰ
760 694 981 765 ταμιεῖά
1014 711 1105 746 σου
1138 693 1453 764 πλησμονῆς
1484 692 1627 745 σίτου
1654 709 1666 721 ·
1698 693 1822 762 οἴνῳ
1846 691 1902 743 δὲ

333 792 387 843 αἰ
417 789 565 861 ληνοί
599 804 690 840 σου
721 785 1073 848 ὲκϐλύζωσιν,
1109 805 1126 835 ι
1174 786 1267 839 Ἐκ
1295 785 1388 838 τοῦ
1418 784 1626 837 δικαίου
1676 779 1769 835 οὐν
1809 783 1901 835 κό-

336 898 432 934 που
462 881 570 933 τῶν
600 879 825 941 πιστιῖιν,
855 878 1079 948 τρέφετε
1106 878 1199 930 καὶ
1229 878 1554 948 ἀμφιέννυτε
1593 877 1717 937 τοὺς
1746 876 1903 927 ὑστε-

335 972 664 1041 ρουμένους·
715 971 808 1024 καὶ
860 970 929 1023 τὰ
981 968 1040 1033 ἐξ
1092 969 1291 1031 αὐτῶν,
1346 969 1421 1031 ὡς
1478 970 1901 1039 προειρήκαμεν,

334 1063 693 1135 ἀθροιζόμενα
734 1064 990 1134 χρήματα
1032 1062 1377 1125 διατάσσετε,
1419 1060 1786 1123 διακονοῦντες
1826 1061 1905 1122 εἰς

332 1158 457 1219 τούς
513 1156 860 1225 ἀγορασμούς
902 1154 1010 1206 τῶν
1058 1152 1226 1221 ἁγίων
1249 1154 1320 1183 ⁶²ο
1367 1152 1615 1224 ρυόμενοι
1666 1151 1901 1213 δούλους,

336 1247 729 1317 αἰχμαλώτους,
759 1245 1028 1316 δεσμίους,
1062 1243 1548 1315 ὲπηρεαζομένους,
1579 1244 1811 1314 ἥκοντας
1840 1244 1905 1294 ὲκ

336 1340 628 1410 καταδίκης
654 1338 742 1391 διὰ
767 1338 827 1391 τὸ
867 1337 1034 1408 ὄνομα
1071 1337 1163 1389 τοῦ
1206 1336 1441 1409 Χριστοῦ
1483 1337 1587 1389 ὑπὸ
1628 1336 1904 1407 τυράννων

337 1433 413 1493 εἰς
457 1430 783 1501 μονομαχίαν
828 1430 919 1483 καὶ
961 1428 1204 1482 θάνατον.
1252 1428 1412 1496 Λέγει
1458 1426 1565 1498 γὰρ
1611 1428 1861 1499 ήΓραφή
1886 1444 1898 1456 ·

342 1543 359 1575 ι
401 1523 585 1576 Ῥὒσαι
614 1523 912 1593 ἀγομένους
940 1523 1017 1584 είς
1046 1521 1289 1585 θάνατον,
1321 1520 1416 1573 καὶ
1442 1520 1669 1592 ὲκπρίου
1700 1536 1902 1573 κτεινο-

340 1616 531 1685 μένους
551 1633 564 1645 ’
600 1613 673 1685 μὴ
704 1614 884 1685 φείσῃ.
923 1633 944 1665 ι

873 1706 1262 1760 ΚΕΦΑΛΑΙΟΝ
1309 1708 1365 1759 ι’.

337 1797 633 1863 Διάταξις,
666 1798 741 1850 ἵν’
770 1798 880 1851 ἐάν
905 1815 993 1862 τις
1019 1796 1137 1849 τῶν
1163 1797 1415 1859 ἀσεϐῶν,
1453 1796 1551 1863 ϐίᾳ
1596 1797 1900 1863 προσρίψῃ

2004 604 2320 671 laboribus;
2356 614 2409 659 et
2444 606 2717 675 primitias
2745 607 2811 661 da
2844 610 2893 663 ei
2937 610 3003 664 de
3037 611 3144 665 tuis
3182 611 3450 671 fructibus
3486 617 3577 686 ju—

2007 696 2171 750 stitia:
2207 716 2219 750 :
2249 704 2308 750 ut
2359 699 2685 767 impleantur
2726 701 2944 754 cellaria
2981 708 3074 755 tua
3125 706 3410 761 saturitate
3459 708 3576 763 fru-

2004 788 2173 841 menti
2196 828 2210 851 ,
2241 797 2296 842 et-
2323 791 2449 843 vino
2471 791 2763 844 toreularia
2788 799 2880 845 tua
2908 793 3210 848 redundent
3230 793 3576 867 °‘.»Exjusto

2006 876 2170 947 igitur
2200 878 2437 934 ﬁdelium
2484 882 2691 945 labore,
2721 883 2850 938 alite
2892 899 2955 936 ac
2986 886 3179 939 vestite
3206 882 3352 941 victu
3387 904 3451 942 ac
3481 906 3575 945 ve-

2006 969 2136 1022 stitu
2166 971 2497 1037 destitutos;
2543 982 2595 1027 et
2627 975 2935 1043 pecuniam,
2986 986 3045 1029 ut
3094 992 3260 1046 supra
3311 978 3572 1046 diximus,

2005 1059 2130 1113 inde
2159 1072 2400 1115 coactam
2433 1064 2777 1133 dispensate,
2811 1075 3028 1123 utentes
3058 1068 3110 1121 in
3147 1069 3571 1139 redemptionem

2006 1160 2355 1218 sanctorum,
2413 1155 2706 1211 liherantes
2753 1173 2971 1221 servos,
3020 1161 3283 1228 captivos,
3338 1163 3571 1228 vinctos,

2005 1243 2329 1297 calumniam
2373 1262 2590 1316 passos,
2632 1249 2903 1303 sententia
2948 1257 3307 1321 tyrannorum
3355 1263 3575 1325 preptcr

2004 1350 2199 1390 nomen
2230 1337 2429 1392 Christi
2454 1339 2652 1395 missos
2681 1342 2748 1394 ad
2779 1344 3213 1399 monomachiam
3237 1355 3289 1400 et
3320 1357 3568 1403 mortem.

2005 1426 2146 1480 Dicit
2190 1429 2335 1482 enim
2394 1428 2719 1499 Scriptura:
2757 1431 2991 1487 «Libera
3038 1451 3133 1491 eos
3175 1439 3267 1507 qui
3297 1439 3574 1494 ducuntur

2005 1517 2070 1570 ad
2120 1526 2349 1573 mortem
2378 1561 2392 1585 ,
2440 1530 2494 1576 et
2528 1523 2733 1578 redime
2760 1539 2854 1579 eos
2894 1524 2985 1594 qui
3020 1526 3454 1598 interﬁciuntur;
3505 1548 3572 1587 ne

2006 1625 2197 1679 parcas
2215 1612 2281 1660 ⁸³.
2322 1631 2340 1663 ι

2618 1707 2845 1762 CAPUT
2885 1708 2951 1764 Χ.

2009 1790 2349 1871 Constitutio,
2384 1808 2438 1850 ut
2472 1802 2518 1851 si
2548 1801 2662 1868 quis
2719 1802 2907 1869 impius
2952 1804 3000 1855 vi
3028 1806 3299 1871 pecuniam
3326 1808 3572 1863 sacerdo-

403 1860 675 1943 χρήμᾲτα
701 1869 822 1932 τοῖς
851 1860 1134 1943 ἱερεῦσιν,
1157 1860 1553 1943 stetit-ﬂagitii
1580 1860 1898 1943 ἀκθράκίὰῖδ

2080 1864 2215 1943 tibus
2232 1869 2525 1943 projecerit,
2551 1860 2605 1922 in
2636 1871 2775 1940 ligna
2791 1860 2841 1923 et
2868 1860 3115 1928 carbones
3135 1892 3249 1928 eam
3277 1860 3568 1943 insumunt,

401 1936 758 1999 ἀναλώσωσι
788 1938 989 1999 ταῦτα,
1020 1938 1179 1990 ἀλλὰ
1201 1937 1286 2005 μὴ
1317 1940 1401 2002 εὶς
1429 1936 1763 2004 διατροφάς.

416 2030 539 2082 Ἐὰν
569 2029 624 2082 δέ
653 2046 781 2083 ποτε
812 2029 1019 2100 ἀνάγκη
1051 2029 1288 2100 γένηται,
1312 2028 1462 2099 παρά
1488 2045 1630 2090 τινος
1646 2027 1895 2091 δέξασθαι

332 2122 543 2183 ἀνοσίου
580 2123 801 2185 ἄκοντες
820 2120 865 2152 ⁸⁸
901 2121 1179 2191 ἀργύριον,
1210 2122 1287 2183 εἰς
1318 2119 1447 2184 ξύλα
1479 2121 1570 2173 καὶ
1600 2118 1896 2190 ἀνθρακιὰν

332 2214 460 2267 αὐτὸ
477 2213 836 2283 δαπανήσατεο
862 2213 949 2264 ἵνα
970 2212 1042 2282 μὴ
1061 2211 1294 2264 λαϐοῦσα
1315 2214 1346 2281 ἡ
1375 2212 1517 2282 χήρα
1534 2210 1591 2275 ἐξ
1610 2210 1755 2280 αὐτῷ
1786 2210 1895 2281 (46)

330 2318 402 2369 τι,
448 2306 481 2377 ἢ
526 2309 553 2359 ὁ
595 2306 846 2377 ὀρφανὸς,
905 2304 1222 2374 ἀναγκασθῇ
1264 2303 1571 2374 ὠνήσασθαι
1617 2302 1818 2373 τροφὴν
1864 2303 1896 2373 ἢ

332 2399 479 2470 πόμα
508 2398 653 2469 παρά
679 2397 739 2450 τὸ
768 2398 1038 2468 προσῆκον
1058 2414 1069 2425 ·
1102 2396 1303 2448 δίκαιον
1333 2394 1440 2466 γὰρ
1472 2394 1540 2448 τὰ
1587 2394 1736 2465 παρά
1775 2395 1899 2447 ἀσε-

331 2490 439 2543 ϐῶν
468 2489 669 2551 ταῦτα,
697 2488 867 2559 πυρὸς
896 2482 1033 2539 εἶναι
1072 2486 1459 2556 κατανάλωμα,
1519 2486 1617 2539 οὐκ
1663 2486 1898 2538 εὐσεϐῶν

334 2582 541 2653 βρῶμα.
600 2580 779 2633 Ταῦτα
820 2580 875 2632 δὲ
918 2580 1021 2642 καὶ,
1056 2581 1083 2631 ὁ
1123 2579 1285 2649 νόμος
1323 2579 1659 2650 διαγορεύει,
1709 2578 1899 2632 θυσίαν

331 2674 634 2743 ἁᾷισθεῐσαν
692 2672 935 2744 ἄϐρωτον
991 2670 1277 2725 ἀποκαλῶν
1300 2711 1315 2735 ,
1369 2672 1461 2724 καὶ
1515 2672 1647 2742 πυρὶ
1697 2671 1898 2742 ταύτην

330 2764 710 2825 ἀναλίσκεσθαι
741 2762 993 2817 κελεύων.
1037 2764 1112 2816 Οὐ
1155 2762 1263 2834 γὰρ
1301 2766 1368 2834 τῇ
1414 2763 1571 2832 φύσει
1612 2762 1789 2831 φαῦλα
1832 2762 1901 2816 τά

331 2857 780 2929 προσφερόμενα,
827 2855 961 2909 ἀλλὰ
1011 2858 1077 2925 τῇ
1122 2853 1315 2927 γνώμῃ
1360 2854 1468 2907 τῶν
1511 2853 1901 2927 προσκομιζόν-

328 2966 435 3001 των
468 2949 575 3019 (47)
606 2948 760 3002 αὐτά.
806 2947 974 3000 Τοῦτο
1012 2946 1067 2998 δὲ
1112 2946 1543 3019 προστάσσομεν,
1587 2946 1679 2999 ἐπὶ
1723 2945 1783 2999 τὸ
1826 2945 1899 3018 μὴ

328 3041 688 3112 ἀποστρέφειν
715 3041 839 3103 τοὺς
868 3039 1260 3111 πλησιάζοντας
1288 3040 1413 3109 ὑμῖν
1431 3056 1444 3069 ·
1470 3039 1667 3103 εἰδότες
1685 3039 1777 3093 καὶ
1802 3039 1900 3110 τὴν

332 3134 617 3203 συντυχίαν
637 3132 892 3195 πολλάκις
912 3131 1159 3202 ἐπωφελῆ
1188 3134 1299 3194 τοῖς
1318 3131 1535 3184 ἀσεϐέσι
1554 3131 1897 3202 γεγενῆσθαι,

328 3224 425 3296 τὴν
456 3226 588 3297 πρὸς
613 3227 737 3288 τούς
766 3224 1005 3287 εὐσεϐεῖς
1047 3223 1178 3295 (ᾇ8),
1225 3223 1488 3295 ὲπιϐλαϐἧ
1521 3224 1575 3276 δὲ
1608 3225 1773 3295 μόνην
1800 3224 1896 3295 τὴν
1924 3205 1965 3262 C

330 3317 467 3370 κατά
510 3316 607 3389 τὴν
650 3315 945 3389 θρησκείαν
988 3316 1292 3369 κοινωνίαν.
1343 3316 1525 3368 Ταῦτα
1562 3316 1658 3387 μὲν
1686 3312 1777 3368 οὖν
1810 3317 1900 3369 ἐπὶ

328 3394 595 3473 τοσοῦτον,
640 3409 935 3480 ἀγαπητοὶ,
979 3407 1216 3479 εἰρήσθω
1259 3409 1385 3477 ὐμῖν
1434 3407 1567 3478 πρὸς
1607 3408 1900 3475 ἀσφάλειαν

332 3501 498 3571 ὐμῶν.

850 3593 1242 3647 ΚΕΦΑΛΑῙΟΝ
1274 3594 1375 3645 ΙΑ’.

716 3684 857 3754 Περὶ
887 3686 1109 3755 γονέων
1134 3684 1229 3738 καὶ
1258 3684 1517 3747 παίδων.

399 3779 461 3831 Οἱ
511 3779 691 3849 μέντοι
721 3780 973 3851 πατέρες,
1009 3777 1286 3831 παιδεύετε
1317 3777 1386 3831 τὰ
1430 3778 1595 3832 τέκνα
1640 3779 1811 3851 ὐμῶν,
1843 3781 1903 3833 ἐν

330 3872 518 3941 Κυρίῳ
576 3874 928 3943 ὲκτρέφοντες
972 3871 1108 3925 αὐτά
1148 3873 1203 3922 ὲν
1252 3870 1470 3941 παιδείᾳ
1517 3870 1610 3923 καὶ
1655 3872 1901 3944 νουθεσία

329 3963 552 4036 Κυρίου,
601 3966 693 4019 καὶ
729 3965 1003 4019 διδάσκετε
1054 3962 1192 4017 αὐτὰ
1229 3962 1564 4033 ἐπιτηδείους
1602 3966 1693 4017 καὶ
1734 3967 1901 4035 ἁρμο-

331 4056 524 4121 ζούσας
566 4057 643 4129 τῷ
688 4058 830 4127 λόγῳ
879 4057 1089 4127 τέχνας,
1124 4058 1207 4109 ἵνα
1256 4056 1328 4126 μὴ
1374 4055 1463 4109 διὰ
1492 4055 1591 4127 τῆς
1620 4057 1901 4128 εὐκαιρίας

332 4151 741 4220 στρηνιάσαντα,
776 4150 868 4202 καὶ
894 4148 1254 4219 ἀνεπιτίμητα
1284 4148 1386 4200 ὑπὸ
1413 4148 1518 4201 τῶν
1556 4150 1754 4217 γονέων
1788 4151 1902 4220 μεί-

330 4258 513 4304 ναντα,
546 4241 647 4312 πρὸ
676 4241 824 4311 ὥρας
862 4240 1095 4303 ἀνέσεως
1137 4239 1388 4308 τυχόντα,
1436 4241 1778 4311 ἀφηνιάσωσι
1806 4241 1899 4294 τοῦ

330 4332 513 4386 καλοῦ.
546 4332 637 4385 Διὸ
667 4334 740 4403 μὴ
787 4332 1095 4386 εὐλαϐεῖσθε
1142 4333 1324 4395 αὐτοῖς
1372 4334 1746 4403 ἐπιπλήσσειν,
1800 4351 1902 4386 σω-

330 4425 668 4495 φρονίζοντες
696 4425 833 4477 αὐτά
864 4423 1001 4495 μετά
1044 4423 1391 4496 ὲμϐριθείας·
1436 4424 1496 4476 οὐ
1526 4423 1635 4494 γὰρ
1664 4426 1899 4479 ἀποκτε-

2068 1940 2179 1987 non
2201 1947 2374 1991 autent
2406 1941 2459 1991 in
2497 1956 2663 1994 escas.

2067 2029 2219 2097 Quod
2255 2030 2298 2083 si
2324 2031 2617 2100 aliquando
2640 2034 2941 2089 necessitas
2972 2034 3302 2100 incubuerit,
3331 2044 3389 2091 ut
3419 2038 3571 2093 inviti

1999 2138 2027 2174 a
2058 2121 2316 2192 qquiam
2345 2124 2514 2193 impio
2544 2133 2824 2193 argentum
2854 2127 3118 2195 capiatis;
3166 2128 3299 2181 illud
3338 2130 3396 2182 in
3426 2130 3571 2200 ligna

1998 2224 2051 2269 et
2085 2216 2355 2269 carbones
2387 2216 2717 2285 impendite;
2752 2234 2821 2273 ne
2862 2234 2927 2273 ex
2959 2235 3023 2273 eo
3058 2226 3265 2289 partem
3296 2222 3571 2291 accipiens

2000 2306 2181 2372 vidua,
2214 2314 2307 2359 aut
2347 2308 2607 2376 pupillus,
2660 2317 2885 2378 cogatur
2931 2310 2985 2362 in
3032 2310 3262 2364 emendo
3310 2313 3433 2367 cibo
3481 2325 3573 2370 aut

2001 2407 2129 2468 potu
2152 2398 2387 2453 oﬁicium
2413 2402 2718 2471 transgredi
2746 2422 2757 2456 :
2782 2418 2996 2472 arquum
3020 2407 3218 2473 quippe
3246 2413 3348 2469 est,
3375 2414 3432 2458 ut
3457 2407 3571 2462 haec

2000 2492 2292 2561 impiorum
2323 2507 2551 2547 munera
2606 2493 2750 2562 ignis
2774 2492 2883 2546 sint
2912 2494 3190 2563 pabulum,
3223 2510 3331 2548 non
3357 2498 3571 2565 piorum

1998 2599 2145 2639 esea.
2201 2581 2259 2637 Id
2309 2600 2526 2654 quoque
2575 2586 2657 2640 lex
2705 2586 2900 2647 sancit,
2958 2585 3086 2639 dum
3135 2586 3368 2641 hostiam
3404 2589 3574 2643 nimio

2001 2684 2242 2747 tempore
2288 2684 2557 2731 servatam
2609 2691 2716 2731 non
2765 2676 3154 2731 comedendam
3200 2680 3464 2748 appellat,
3520 2691 3573 2737 et

2002 2769 2125 2840 igne
2153 2770 2295 2831 hanc
2327 2769 2574 2827 consumi
2608 2770 2783 2838 jubet.
2832 2768 3015 2839 Neque
3057 2785 3186 2824 vero
3227 2780 3423 2825 natura
3474 2790 3571 2828 sua

2001 2862 2155 2915 mala:
2185 2869 2311 2916 sunt
2340 2878 2415 2916 ea:
2443 2862 2769 2928 oblationes,
2799 2862 2893 2917 sed
2923 2870 3145 2932 propter
3175 2864 3414 2917 animum
3440 2867 3572 2920 olle-

2000 2953 2257 3007 rentium.
2292 2952 2466 3008 Porro
2489 2954 2594 3007 hoc
2620 2954 2740 3009 ideo
2772 2954 3136 3024 praecipimus,
3167 2972 3235 3011 ne
3261 2966 3571 3013 avertamus

2000 3060 2094 3100 eos
2107 3046 2218 3116 'qui
2255 3045 2322 3099 ad
2353 3063 2453 3103 nos
2482 3046 2763 3101 accedunt.
2801 3045 3017 3102 Scimus
3043 3047 3187 3102 enim
3217 3064 3567 3118 congressum

2000 3152 2123 3191 cum
2146 3138 2270 3208 piis,
2297 3153 2438 3207 sape
2462 3138 2643 3207 impiis
2668 3138 2968 3207 profuisse;
2999 3140 3216 3194 noxiam
3240 3148 3417 3194 autem
3447 3158 3570 3197 esse

2002 3229 2175 3283 solam
2232 3229 2637 3299 superstitionis
2700 3230 3160 3285 communionem.
3230 3230 3405 3301 Atque
3455 3233 3569 3287 haec

2002 3320 2240 3389 quidem,
2284 3320 2619 3383 charissimi,
2662 3319 2927 3376 hactenus
2956 3322 3110 3379 vobis
3157 3324 3267 3381 sint
3312 3324 3454 3379 dicta
3501 3328 3567 3380 ad

2002 3414 2307 3468 cautionem
2341 3421 2599 3469 vestram.

2595 3592 2826 3648 CAPUT
2868 3593 2957 3648 ιιι.

2458 3684 2534 3739 De
2556 3686 2862 3755 parentibus
2892 3697 2939 3739 et
2962 3687 3109 3754 ﬁliis.

2070 3777 2137 3829 At
2162 3792 2280 3841 vos,
2322 3786 2524 3853 patres,
2554 3778 2693 3833 ﬁlios
2722 3788 2939 3834 vestros
2975 3779 3187 3834 erudite
3228 3780 3281 3832 in
3315 3778 3566 3844 Domino,

2003 3871 2230 3925 educate
2254 3871 2309 3924 in
2337 3870 2629 3940 disciplina
2662 3879 2715 3925 et
2754 3871 3099 3926 institutione
3132 3871 3366 3935 Domini,
3390 3880 3441 3927 et
3473 3874 3571 3926 do-

2002 3970 2118 4017 cete
2170 3970 2314 4017 artes
2360 3962 2584 4021 idoneas
2625 3979 2689 4017 ac
2738 3964 2905 4018 verbo
2937 3962 3029 4017 Dei
3053 3972 3437 4033 congruentes,
3471 3982 3558 4028 ne,

2002 4055 2126 4109 data
2156 4056 2445 4109 occasione
2475 4055 2742 4118 ellrenati,
2768 4071 2797 4109 a
2825 4056 3142 4125 parentibus
3170 4055 3373 4124 absque
3395 4058 3570 4111 incre—

2002 4148 2218 4217 patione
2252 4147 2446 4209 relicti,
2488 4155 2542 4201 et
2599 4154 2723 4201 ante
2751 4155 2965 4216 tempus
2996 4147 3301 4200 libertatem
3334 4149 3504 4210 nacti,
3540 4164 3568 4201 a

2002 4239 2198 4293 virtute
2228 4239 2624 4293 contumaciter
2647 4238 2956 4291 deﬁectant.
2982 4236 3249 4303 Quocirca
3291 4254 3357 4293 ne
3382 4224 3568 4293 verea-

2002 4332 2134 4387 mini
2164 4331 2455 4400 obiurgare
2480 4330 2621 4393 illos,
2649 4337 2846 4383 etcum
2878 4328 3167 4384 severitate
3198 4331 3469 4399 castigare
3500 4331 3565 4383 ⁸⁸.

2002 4422 2118 4477 Non
2152 4422 2295 4477 enim
2350 4420 2688 4474 interﬁcietis
2718 4436 2810 4475 eos
2856 4420 3232 4490 corripiendo,
3292 4423 3398 4475 imo
3442 4439 3570 4477 vero

328 4521 465 4570 νεῖτε
521 4518 661 4571 αὐτὰ
710 4518 1079 4581 παιδεύοντες,
1140 4516 1333 4587 μᾶλλον
1380 4515 1437 4569 δὲ
1484 4515 1686 4569 σώσετε
1735 4519 1893 4572 αὐτά·

2002 4514 2801 4583 servabitis;quemadmodum
2852 4514 3110 4567 Salomon
3151 4515 3225 4567 ait
3254 4514 3306 4567 in
3335 4513 3567 4583 Sapien-

330 4609 509 4674 καθώς
539 4629 639 4664 που
668 4614 760 4675 καὶ
788 4612 816 4664 δ
844 4609 1092 4681 Σολομὼν
1128 4610 1279 4679 ἐντῇ
1312 4608 1482 4679 Σοφίᾳ
1510 4608 1669 4679 φησί·
1700 4629 1717 4661 ι
1756 4612 1892 4665 Παί-

402 4743 442 4774 ⁸³
460 4744 619 4799 Prov.
658 4760 741 4807 ιιι,
776 4742 830 4798 9.
905 4742 949 4774 ⁶²
974 4742 1165 4796 Anast.
1198 4738 1464 4809 πενήτων.

1568 4740 1612 4773 ⁸³
1641 4741 1800 4797 Prov.
1844 4760 1992 4808 xxw,
2014 4745 2099 4800 11.

2003 4612 2078 4665 tia
2106 4629 2119 4663 ι
2151 4628 2168 4659 ι
2198 4606 2426 4675 Corripe
2458 4604 2629 4658 ﬁlium
2682 4612 2859 4669 tuum,
2884 4614 2937 4658 et
2978 4606 3220 4675 requiem
3252 4605 3401 4659 dabit
3425 4606 3523 4663 tibi
3552 4625 3566 4660 :

2174 4741 2219 4772 εδ
2249 4740 2436 4794 Anast.
2462 4740 2707 4800 ἄκοντας.
2822 4739 2867 4771 ⁵⁵
2890 4737 3051 4792 Prov.
3087 4754 3259 4804 χχιιι,
3290 4740 3375 4794 15.

1660 4852 2021 4909 νΑῐὶΙΟΒΗΜ
2061 4853 2269 4909 ΝΟΤᾸΕ
2283 4891 2299 4907 .

328 5014 449 5058 suo.
483 5004 719 5049 attamen
748 5012 874 5050 vere
904 4995 1268 5050 Tertullianus
1290 4994 1428 5047 libro
1452 4994 1520 5045 De
1562 4992 1889 5057 idololatria,

329 5083 451 5141 cap.
484 5068 565 5141 '5__:
613 5065 773 5141 Fides
815 5067 1007 5135 famem
1038 5083 1148 5141 non
1176 5065 1339 5118 timet.
1372 5064 1485 5117 Scit
1514 5064 1671 5141 etiam
1701 5065 1893 5133 [amem

328 5132 431 5192 non
461 5138 633 5190 minus
672 5135 773 5188 sibi
814 5132 1237 5189 contemnendam
1267 5142 1476 5201 propter
1504 5132 1667 5185 Deum
1688 5132 1708 5199 ,⁷
1735 5151 1892 5203 quam

330 5225 479 5262 omne
526 5207 709 5259 mortis
762 5224 938 5275 genus.
995 5206 1207 5258 Didicit-
1243 5221 1346 5256 non
1393 5204 1644 5272 respicere
1688 5205 1891 5257 vitam:

327 5287 524 5341 quanto
553 5277 720 5343 magis
752 5278 939 5328 victum
965 5278 988 5328 ?
1016 5275 1297 5343 Eleganter
1324 5289 1481 5333 vero,
1517 5281 1573 5325 ut
1604 5275 1808 5338 omnia,
1840 5285 1893 5329 et

330 5349 563 5417 genuine
592 5343 657 5400 ad
676 5347 867 5417 iocum
896 5344 1312 5417 Constitutoris,
1341 5343 1893 5417 Chrysos‘tomusﬂho-

330 5412 445 5471 Enil.
477 5417 547 5472 86
578 5417 632 5469 in
675 5415 907 5468 Matthaai
941 5413 1287 5483 Evangelinm
1307 5432 1350 5484 γε,
1370 5412 1724 5484 Οὐήβούλεται
1754 5415 1889 5484 Χρι-

332 5488 455 5550 στὸς
498 5485 777 5556 πλεονεξίᾳ
819 5482 1268 5556 τρέφεσθαι·Αού
1299 5482 1756 5556 δέχεταιλταύτην
1792 5482 1891 5553 τὴν

329 5558 551 5627 τροφήν.
690 5551 777 5627 τὸν
801 5551 1079 5627 -ᾼεσπότην
1106 5551 1387 5627 ὐϐρίζεις,
1413 5552 1693 5622 ἀκάθαρτα
1716 5551 1891 5627 προσς

330 5621 500 5694 ἀγῶν’
527 5625 706 5693 αὐτῷ;
756 5623 957 5694 βέλτιον
1184 5621 1809 5694 τηκόμξνονῳπέριορᾷύ,
1858 5623 1890 5693 ἢ

329 5690 547 5766 τρέφειν
576 5690 684 5746 ἀπὸ
711 5690 981 5766 τοιούτων.
1012 5692 1210 5766 ξΕκεῖνο
1231 5690 1407 5766 ἀιμού,
1432 5690 1706 5766 τοῦ-τοςκαὶ
1738 5690 1892 5763 ὐϐριὲ

333 5758 478 5818 οτού.
512 5764 722 5816 Βέλτιον
759 5762 919 5831 μηδὲν
950 5760 1150 5819 δοῦναι,
1180 5758 1212 5827 ἢ
1248 5758 1314 5831 τά
1330 5760 1499 5813 ἄλλων
1529 5760 1751 5831 ἑτέροις,
1786 5758 1891 5815 etc,

334 5834 458 5887 Non
488 5835 595 5886 vult
628 5828 868 5885 Christus
900 5831 1086 5896 rapina
1118 5828 1308 5896 nutriri
1339 5843 1355 5878 :
1386 5846 1488 5880 non
1518 5828 1750 5882 admittit
1795 5831 1890 5881 Im-

328 5902 568 5967 tusmodi
602 5901 870 5954 alimenta.
905 5895 1078 5963 Quare
1111 5895 1387 5949 Dominum
1424 5900 1736 5952 contumelia
1768 5901 1896 5968 (if/ie-

1993 4997 2087 5059 cis,
2118 4990 2393 5049 immunda
2421 4993 2469 5046 ei
2508 4990 2777 5059 o/ferens?
2819 4989 3011 5044 Melius
3037 4998 3113 5043 est
3143 4990 3282 5058 fame
3313 4989 3568 5044 tabentem

1991 5065 2273 5131 despicere,
2304 5080 2459 5134 quam
2486 5062 2565 5134 Itis
2598 5062 2859 5114 alimentis
2884 5069 3189 5134 sustenlare
3220 5074 3239 5111 :
3271 5059 3437 5134 illud,
3458 5077 3569 5113 cru-

1989 5128 2121 5188 delis
2151 5146 2262 5198 est;
2295 5128 2412 5194 Iioc,
2444 5133 2603 5186 etiam
2631 5130 3016 5184 contumeliosi.
3049 5128 3281 5182 Prwstat
3307 5129 3437 5182 nihil
3464 5147 3569 5183 om-

1992 5206 2117 5258 nino
2138 5204 2286 5267 dare,
2319 5220 2475 5272 quam
2503 5219 2583 5255 res
2609 5202 2835 5272 aliorum
2859 5200 2982 5272 aliis
3006 5199 3211 5272 (argiri.
3247 5198 3569 5272 sedmitior

1990 5275 2203 5329 exstitit
2230 5268 2499 5329 sententia
2529 5270 2747 5324 concilii
2792 5270 2847 5322 S.
2883 5268 3129 5331 Patricii,
3162 5268 3305 5337 quod
3357 5268 3431 5321 ita
3470 5270 3567 5324 de-

1996 5345 2186 5405 crevit,
2222 5359 2343 5413 cap.
2376 5342 2746 5397 ﬁzliontentus
2774 5348 3142 5413 tegumentoet
3173 5340 3428 5413 alimento
3456 5348 3564 5397 tuo.

1995 5424 2186 5468 ctetera
2212 5410 2353 5466 dona
2383 5413 2682 5480 iniquorum
2710 5410 2964 5477 reproba;
3003 5411 3127 5478 quia
3157 5426 3258 5462 non
3291 5410 3451 5461 sumit
3482 5412 3566 5461 luo

1996 5500 2172 5546 cerua,
2205 5483 2309 5536 nisi
2335 5500 2436 5552 quo
2460 5482 2643 5552 alitur.
2669 5480 2807 5552 (lor.

2078 5553 2176 5623 μϐ)
2230 5547 2527 5623 Ἑξζιιῖηνῷ1
2551 5550 2688 5623 Lege
2710 5548 2766 5615 ἐξ
2789 5547 2974 5610 αὐτοῦ,
3007 5556 3100 5602 aut
3126 5562 3249 5601 cum
3276 5547 3568 5603 Anastasio

1994 5632 2049 5678 et
2076 5621 2279 5677 NiCone
2305 5622 2364 5685 ἐξ
2393 5621 2590 5673 αὐτῶν.
2625 5621 2759 5673 (lor.

2066 5692 2177 5762 (47)
2216 5688 2752 5762 Προσκομιζὶῖντων.
2778 5689 2960 5762 _Alte_r_
2981 5687 3163 5742 habet.
3205 5686 3372 5762 Cncn.

2066 5692 2152 5762 (47
2216 5692 2752 5759 Προσκομιζὶῖντων.
2793 5692 2943 5742 Alter
2981 5692 3163 5742 habet.
3205 5692 3372 5742 Cum.

2066 5692 2177 5833 (48;
2211 5762 2366 5833 Πρὸς
2394 5761 2533 5833 coite
2561 5759 2847 5825 εὐσεϐεῖς.
2910 5757 3052 5812 Idem
3093 5757 3244 5827 παρά
3274 5758 3381 5813 τῶν
3414 5758 3563 5812 εὐσε-

1999 5833 2129 5897 ϐῶν,
2160 5831 2379 5888 melius.
2411 5831 2488 5884 In.
