4080 6266
489 359 601 414 825

1341 361 1399 417 S.
1441 359 1835 415 CLEMENTIS
1889 360 1910 414 I
1945 361 2116 416 ROM.
2152 362 2356 417 PONT.
2396 359 2623 419 OPERA
2659 361 2884 419 DUBIA.

3641 369 3742 426 824

489 469 568 524 sic
585 469 729 523 enim
743 467 839 523 tibi
855 469 960 527 erit
972 470 1127 524 bonae
1151 472 1287 540 spei.
1303 471 1435 526 Nam
1457 481 1514 526 tu
1539 473 1757 543 quidem
1783 474 1932 544 virga
1946 489 2070 543 per—

2170 475 2287 529 δευε
2317 476 2428 529 υἱόν
2461 494 2574 540 σου,
2595 476 2688 532 κα⁹ι
2716 477 3019 548 ἀναπαύσει
3054 493 3133 531 σε·
3166 477 3310 534 οὕτω
3337 479 3446 552 γὰρ
3474 479 3628 536 locat
3659 501 3742 540 σοι

486 560 659 616 cuties
687 577 810 615 eum
832 579 847 628 ;
873 560 1114 614 animum
1138 571 1319 617 autem
1349 563 1468 634 ejus
1497 580 1528 618 ο
1560 572 1737 619 morte
1763 564 2005 620 erues“.
2035 585 2055 618 ι

487 651 554 705 Et
601 653 796 708 iterum
854 653 996 709 idem
1045 655 1150 709 hoc
1201 656 1362 710 modo
1419 657 1698 726 loquitur:
1737 676 1754 707 ‹
1785 656 1888 723 Qui
1934 673 2062 726 par-

487 745 560 799 eit
583 746 777 800 baculo
829 762 955 810 suo,
988 747 1105 801 odit
1157 747 1325 802 ﬁlium
1386 765 1545 804 suum
1599 749 1699 805 ⁸⁷.»
1745 749 1813 802 Ει
1839 749 2056 806 adhuc:

489 835 715 893 ('l'unde
745 839 917 893 latera
941 841 1084 910 ejus,
1111 841 1239 894 dum
1280 841 1463 896 infans
1486 849 1604 908 est,
1633 857 1705 896 ne
1728 841 1866 896 forte
1901 841 2062 896 indu-

485 938 637 986 ratus
668 947 776 984 non
821 931 1007 989 credat
1048 933 1144 987 tibi
1201 933 1300 986 ⁸⁸.»
1337 932 1439 998 Qui
1495 949 1626 1004 ergo
1672 933 1966 989 admonere
2008 943 2064 989 et

485 1024 758 1094 castigare
813 1023 978 1077 tilium
1029 1034 1188 1079 suum
1233 1025 1460 1088 desinit,
1486 1027 1763 1096 propriam
1816 1026 2061 1083 sobolem

485 1115 612 1170 odio
657 1116 837 1172 habet.
887 1116 1064 1183 Quare
1123 1119 1261 1173 ﬁlios
1304 1127 1516 1174 vestros
1567 1118 1794 1173 edocete
1835 1119 2058 1174 verbum

487 1206 740 1276 Domini;
774 1209 903 1278 quin
940 1217 994 1264 et
1023 1210 1346 1265 verberibus
1402 1211 1775 1279 comprimite,
1839 1226 1902 1264 ac
1934 1210 2063 1265 obe-

486 1300 700 1355 dientes
727 1301 1113 1371 subjectosque
1142 1301 1390 1356 reddite:
1413 1302 1479 1355 ab
1504 1301 1728 1355 infantia
1757 1303 1946 1356 docete
1969 1317 2063 1357 eos

487 1393 700 1448 litteras
733 1409 940 1456 sacras,
976 1410 1072 1448 seu
1121 1406 1334 1450 vestras
1373 1410 1437 1449 ac
1495 1395 1730 1459 divinas,
1762 1403 1816 1450 et
1846 1411 2061 1450 onmem

486 1485 728 1540 divinam
762 1485 1100 1553 Scripturam
1134 1485 1368 1550 tradite;
1424 1502 1526 1541 nec
1565 1487 1708 1542 detis
1755 1487 1864 1542 illis
1892 1487 2063 1542 licen-

487 1580 640 1642 tiam,
677 1595 782 1648 qua
814 1588 1006 1634 contra
1063 1589 1300 1634 vestram
1360 1580 1695 1634 voluntatem
1746 1581 1852 1636 sibi
1883 1581 1939 1634 in
1967 1595 2064 1634 vos

487 1678 811 1740 potestatem
844 1679 1123 1741 arrogent.
1156 1671 1234 1726 Ne
1288 1673 1617 1742 permittatis
1648 1673 1728 1726 eis
1752 1681 1812 1726 ut
1848 1673 2067 1742 symbo-

485 1764 597 1817 lum
639 1763 767 1818 dent
795 1763 860 1818 ad
908 1765 1312 1819 convivandum
1361 1781 1486 1818 cum
1536 1765 1839 1835 mqualibus
1867 1765 2064 1832 °’;sic

2163 567 2398 632 εὔελπις.
2441 570 2513 622 Σὺ
2564 570 2662 640 μὲν
2690 569 2799 640 γάρ
2841 569 3020 642 ῥάϐδῳ
3048 570 3308 636 πατάξεις
3351 573 3537 636 αὑτὸν,
3565 574 3664 645 τὴν
3688 576 3742 630 δὲ

2162 659 2337 730 ψυχὴν
2378 659 2542 713 αὑτοῦ
2576 660 2711 732 ῥύσῃ
2741 663 2806 714 ἐκ
2853 661 3136 716 θανάτου.»
3187 665 3298 717 Καὶ
3336 665 3496 718 πάλιν
3543 665 3689 735 λέγει
3717 669 3743 722 ό

2163 751 2322 814 αὑτὸς
2343 750 2513 814 οὕτως
2527 752 2657 823 (49)ι
2680 771 2696 802 ι
2716 755 2811 816 ⁸ος
2833 753 3071 822 φείδεται
3091 755 3188 824 τῆς
3207 755 3400 808 ἑαυτοῦ
3425 756 3742 829 βακτηρίας,

2167 847 2313 914 μισεῖ
2338 843 2427 896 τὸν
2449 844 2639 897 ἑαυτοῦ
2671 845 2839 898 υἱόν.»
2873 846 2982 898 Καὶ
3011 845 3138 916 ἑξῆς
3167 846 3278 919 (50)
3307 865 3320 878 ο
3357 868 3375 899 ι
3406 849 3620 902 Κλάσον
3647 850 3742 914 τάς

2164 934 2606 1007 πλευρὰςαὺτοῦ,
2636 937 2741 999 ἕως
2761 938 2878 990 ἐστὶ
2906 939 3097 1009 νήπιος
3117 981 3131 1005 ,
3159 941 3364 1011 μήποτε
3395 941 3744 1012 σκληρυνθεὶς

2163 1028 2432 1100 ἀπειθήσῃ
2464 1045 2600 1080 σοι.)
2645 1031 2741 1092 Ὃς
2772 1029 3012 1099 φείδεται
3051 1027 3144 1084 οὖν
3181 1035 3463 1102 παραινεῖν
3512 1033 3606 1085 καὶ
3636 1050 3740 1085 σω-

2164 1120 2434 1190 φρονίζειν
2478 1120 2569 1172 τὸν
2623 1120 2816 1173 ἑαυτοῦ
2875 1121 3017 1186 υἱὸν,
3066 1125 3212 1192 μισεῖ
3255 1123 3348 1176 τὸν
3399 1122 3529 1176 ἴδιον
3557 1123 3720 1176 παῖδα

2178 1211 2548 1266 Ἑκδιδάσκετε
2577 1207 2670 1266 οὖν
2698 1213 2852 1282 ὑμῶν
2881 1212 2951 1267 τὰ
2977 1213 3144 1267 τέκνα
3169 1214 3258 1266 τὺν
3301 1213 3458 1282 λόγον
3489 1214 3696 1287 Κυρίου
3722 1232 3735 1246 ο

2167 1302 2394 1372 στύφετε
2424 1303 2481 1356 δὲ
2516 1305 2656 1357 αὑτά
2684 1305 2776 1359 καὶ
2803 1304 3030 1376 δαρμοῖς
3053 1304 3289 1376 (δηικαὶ
3315 1310 3520 1358 ποιεῖτε
3548 1308 3747 1360 ὑποτα-

2165 1395 2362 1448 κτικά·
2396 1395 2504 1448 ἀπὸ
2553 1394 2784 1467 βρέφους
2839 1396 3182 1459 διδάσκοντες
3230 1396 3370 1449 αὑτά
3403 1396 3520 1468 ἱερά
3564 1399 3742 1469 γράμ-

2169 1505 2334 1558 ματα,
2363 1488 2601 1560 ὑμέτερά
2637 1489 2748 1559 (52)
2782 1507 2840 1541 τε
2869 1490 2963 1544 καὶ
2992 1489 3127 1552 θεῖα,
3159 1490 3253 1542 καὶ
3298 1491 3477 1544 πᾶσαν
3524 1491 3744 1562 Γραφην

2165 1581 2313 1635 θείαν
2343 1582 2726 1652 παραδιδόντες
2774 1581 2884 1653 (55)
2911 1600 2924 1613 ⁸
2969 1583 3040 1654 μὴ
3072 1582 3303 1646 διδόντες
3329 1583 3510 1637 ἄνεσιν
3537 1584 3742 1648 αὐτοῖς,

2165 1673 2600 1740 κατεξουσιάζειν
2658 1675 2809 1745 ὑμῶν
2841 1674 2991 1744 παρὰ
3017 1675 3116 1745 τὴν
3162 1675 3434 1747 ὑμετέραν
3481 1673 3705 1746 γνώμην
3728 1695 3742 1708 ·

2170 1765 2306 1835 μετά
2333 1765 2607 1836 ὁμηλίκων
2636 1769 2714 1830 εἰς
2745 1767 3046 1837 συμπόσιον
3082 1768 3156 1838 μὴ
3208 1768 3406 1832 ὲῶντες
3437 1769 3577 1823 αὐτὰ
3607 1785 3744 1840 συμ-

484 1856 628 1909 cnim
666 1855 732 1909 ad
764 1857 1116 1925 petulantiam
1149 1857 1458 1919 deﬁectent,
1489 1864 1542 1911 et
1584 1830 1639 1910 in
1671 1830 2058 1912 scortationem

2164 1830 2396 1913 ϐάλλειν⁸
2428 1830 2572 1913 οὕτω
2622 1860 2729 1930 γὰρ
2762 1830 2840 1922 εἰς
2869 1830 3096 1926 ἀταξίαν
3144 1830 3600 1931 ἐκτραπήσονται,
3649 1830 3743 1915 καὶ

485 1949 747 2003 incident.
779 1949 836 2002 Id
869 1964 1033 2018 porro
1059 1951 1102 2005 si
1124 1949 1204 2005 eis
1231 1950 1300 2004 ob
1324 1957 1612 2020 parentum
1670 1949 1940 2004 incuriam
1964 1951 2062 2004 ob-

481 2042 686 2110 tigerit,
713 2043 986 2112 genitorcs
1037 2044 1117 2097 rei
1159 2051 1321 2097 erunt
1351 2043 1419 2098 de
1471 2043 1760 2096 animabus
1818 2042 2058 2096 illorum.

483 2132 619 2186 Nam
670 2133 712 2188 si
769 2133 1020 2187 socordia
1072 2143 1360 2204 parentum
1411 2141 1786 2190 consuescunt
1818 2149 1940 2187 cum
1978 2133 2059 2188 in-

483 2227 769 2298 castigatis
801 2243 896 2286 seu
934 2228 1447 2297 intemperantibus,
1482 2242 1590 2279 non
1642 2225 1744 2279 soli
1797 2224 1890 2295 qui
1925 2224 2063 2281 deli-

483 2329 720 2392 querunt
778 2321 871 2375 ﬁlii
921 2322 1337 2391 castigabuntur
1392 2335 1456 2373 ac
1501 2320 1822 2389 punientur,
1871 2317 1965 2374 sed
2008 2325 2062 2373 et

484 2416 724 2484 ipsorum
757 2428 922 2469 causa
983 2420 1238 2483 parentes
1281 2411 1815 2466 condemnabuntur.
1842 2406 1887 2438 ⁷⁰
1923 2409 2063 2476 Quo-

483 2509 629 2560 circa
663 2520 883 2575 operam
932 2505 1091 2569 date,
1143 2512 1202 2557 ut
1232 2519 1356 2557 cum
1404 2501 1471 2555 ad
1528 2510 1744 2572 tempus
1806 2502 2061 2573 conjugio

485 2605 667 2668 aptum
708 2598 1074 2667 pervenerint,
1104 2611 1199 2651 eos
1238 2594 1588 2648 matrimonio
1609 2593 1851 2666 jungatis
1882 2610 1945 2648 ac
1968 2610 2063 2650 co-

484 2691 709 2760 pulctis;
745 2704 814 2743 ne
843 2689 984 2743 inter
1025 2696 1239 2742 aetatem
1299 2687 1354 2740 in
1385 2685 1517 2739 ﬂore
1569 2701 1670 2741 suo
1734 2685 2057 2749 ferventem,

484 2796 665 2837 mores
706 2788 1074 2837 scortatorum
1111 2779 1465 2842 contrahant,
1513 2786 1568 2834 et
1595 2793 1693 2833 vos
1721 2778 1777 2833 in
1803 2777 1890 2834 die
1913 2777 2062 2847 judi-

483 2875 554 2928 cii
585 2874 851 2930 rationem
885 2889 915 2928 a
942 2871 1175 2928 Domino
1206 2871 1318 2926 Deo
1346 2869 1733 2940 reposcamini.

1069 2984 1299 3042 CAPUT
1333 2981 1448 3036 XII.

941 3081 1014 3137 De
1034 3080 1250 3150 famulis
1271 3087 1319 3132 et
1351 3076 1599 3134 dominis.

2163 1955 2243 2016 εἰς
2261 1951 2517 2024 πορνείαν
2546 1952 2989 2022 περιπεσοῦνται.
3038 1951 3150 2005 Καὶ
3189 1951 3283 2005 ἐὰν
3328 1951 3480 2022 παρά
3512 1953 3610 2022 τὴν
3638 1953 3744 2006 τῶν

2161 2044 2360 2112 γονέων
2405 2043 2660 2115 ἀμέλειαν
2704 2043 2863 2096 τοῦτο
2893 2043 3170 2105 πάθωσιν,
3207 2042 3377 2114 ἔνοχοι
3409 2043 3514 2096 τῶν
3559 2045 3744 2114 ψυχῶν

2161 2136 2340 2192 αὑτῶν
2367 2137 2416 2188 οἱ
2464 2137 2822 2206 γεννήσαντες
2869 2135 3218 2205 ὑπάρξουσιν.
3270 2136 3332 2188 Et
3389 2133 3497 2207 γὰρ
3543 2137 3609 2206 τῇ
3636 2134 3744 2188 τῶν

2161 2228 2495 2298 γειναμένων
2556 2227 2665 2298 (54)
2722 2226 2965 2298 ῥᾳθυμίᾳ
3023 2226 3258 2280 σύνεισιν
3313 2225 3744 2290 ἀκολάστοις,οξ

2163 2321 2351 2383 παῖδες
2379 2320 2794 2389 ἁμαρτήσαντες
2812 2320 2912 2370 οὐκ
2941 2319 3094 2370 αὐτοὶ
3118 2318 3267 2388 μόνοι
3296 2318 3742 2389 κολασθήσονται,

2161 2410 2296 2465 ἀλλά
2324 2412 2418 2464 καὶ
2461 2410 2600 2482 ὑπὲρ
2631 2410 2808 2463 αὐτῶν
2854 2410 2902 2462 οί
2933 2412 3112 2478 γονεῖς
3139 2409 3316 2462 αὑτῶν
3371 2409 3741 2480 κριθήσονται.

2163 2501 2259 2555 Διά
2282 2501 2438 2554 τοῦτο
2460 2499 2785 2564 σπουδάζετε
2807 2500 2923 2572 ὥρᾳ
2941 2500 3118 2570 γάμου
3144 2499 3428 2569 ζευγνύναι
3448 2501 3540 2552 καὶ
3554 2499 3746 2554 συναλ-

2162 2593 2380 2648 λάσσειν
2401 2593 2560 2656 αὑτὰ,
2580 2593 2664 2646 ἵνα
2698 2593 2772 2665 μὴ
2804 2593 2904 2663 τῆς
2931 2591 3148 2664 ἡλικίας
3166 2593 3223 2644 ὲν
3235 2593 3300 2662 τῇ
3323 2592 3473 2662 ἀκμῇ
3490 2591 3744 2663 ζεοὺσης,

2163 2686 2258 2757 ἔθη
2289 2686 2599 2758 πορνοκόπα
2770 2685 2969 2753 ἀποϐῆ,
2993 2685 3088 2738 καὶ
3117 2684 3271 2752 ὑμεῖς
3303 2681 3744 2753 ἀπαιτηθήσεσθε

2162 2777 2252 2831 τὸν
2279 2776 2434 2847 λόγον
2463 2779 2520 2832 ὲν
2547 2781 2614 2850 τῇ
2645 2776 2828 2848 ἡμέρᾳ
2877 2775 2978 2846 τῆς
3006 2775 3242 2850 κρίσεως
3272 2773 3376 2827 ὑπὸ
3413 2773 3619 2845 Κυρίου
3646 2772 3743 2831 τοῦ

2162 2870 2318 2926 Θεοῦ.

2678 2982 3072 3036 ΚΕΦΑΛΔΙΟΝ
3101 2981 3201 3034 IB'.

2504 3075 2647 3143 Περὶ
2669 3073 2912 3128 οἰκετῶν
2942 3073 3039 3127 καὶ
3067 3071 3398 3127 δεσποτῶν.

559 3175 632 3232 fle
660 3175 878 3230 famulis
913 3189 1042 3230 vero
1073 3172 1203 3241 quid
1236 3169 1471 3239 amplius
1513 3167 1782 3233 dicamus,
1812 3181 1974 3236 quam
2001 3171 2059 3218 ut

2231 3167 2366 3240 Περὶ
2391 3167 2449 3230 δὲ
2475 3166 2698 3221 οἰκετῶν
2728 3165 2780 3218 τί
2810 3165 2875 3220 ἂν
2904 3165 3152 3237 εἴποιμεν
3211 3165 3415 3227 πλεῖον,
3474 3161 3508 3233 ἦ
3538 3164 3620 3216 ὅτι
3649 3163 3742 3216 καὶ

484 3281 697 3331 servus,
731 3281 854 3320 cum
887 3265 1083 3318 timore
1109 3261 1203 3322 Dei
1235 3262 1302 3324 τί,
1349 3259 1632 3315 dominum
1681 3256 2056 3314 benevolentia

484 3360 911 3428 complectatur,
955 3355 1208 3424 quamvis
1259 3353 1508 3422 impium,
1535 3349 1786 3421 quamvis
1823 3349 2058 3404 scelera-

483 3459 629 3514 tum;
663 3463 771 3501 non
801 3455 985 3500 tamen
1018 3461 1142 3499 cum
1195 3459 1260 3498 eo
1317 3444 1372 3497 in
1415 3443 1677 3513 religione
1725 3440 2053 3495 consentiat.

485 3541 614 3595 Item
641 3539 894 3593 dominus
925 3537 1187 3590 famulum
1218 3537 1445 3607 diligat;
1498 3544 1552 3591 et
1587 3533 1836 3606 quamvis
1885 3531 2059 3600 major

486 3633 578 3693 sit,
612 3646 670 3684 se
691 3636 874 3683 tamen
904 3629 1165 3698 mqualem
1193 3629 1421 3698 judicet,
1457 3629 1540 3684 vel
1594 3635 1864 3698 quatenus
1896 3625 2058 3680 homo

485 3732 586 3777 est.
621 3720 723 3788 Qui
755 3729 933 3780 autem
965 3719 1247 3789 dominum
1280 3721 1443 3775 habet
1475 3719 1709 3782 fidelem,
1733 3719 1885 3774 salvo
1911 3717 2058 3771 illius

485 3813 787 3872 dominatu,
813 3827 937 3866 eum
975 3819 1143 3876 amet,
1176 3821 1229 3867 et
1258 3821 1318 3869 ut
1363 3813 1666 3877 dominum,
1709 3819 1763 3866 et
1816 3819 1875 3865 ut
1933 3807 2057 3863 ﬁdei

487 3911 819 3968 consortem,
851 3911 904 3958 et
963 3911 1021 3956 ut
1067 3906 1376 3974 patrem";
1421 3920 1528 3959 non
1559 3912 1818 3974 tanquam
1865 3916 2057 3958 servus

486 3997 740 4051 simulate
771 4004 824 4050 et
879 3995 946 4049 ad
995 3997 1214 4050 oculum
1267 3997 1602 4061 serviens",
1653 3995 1747 4052 sed
1795 4005 2053 4065 tanquam

486 4089 690 4142 domini
741 4102 951 4150 amans.
1003 4089 1184 4143 sciens
1241 4086 1412 4142 Deum
1454 4089 1505 4142 ei
1557 4090 2052 4142 remunerationem

486 4181 780 4236 famulatus
803 4183 1231 4252 persoluturum.
1267 4179 1529 4236 Similiter
1565 4180 1820 4236 dominus
1851 4181 1945 4251 qui
1975 4180 2054 4233 fa—

486 4274 692 4329 mulum
734 4274 978 4344 possidet
1005 4273 1240 4336 ﬁdelem,
1289 4274 1440 4328 salvo
1463 4275 1609 4329 illius
1662 4272 2052 4340 famulatu,di-

2163 3261 2192 3313 ὁ
2221 3259 2404 3324 δοῦλος
2434 3257 2644 3312 εὔνοιαν
2701 3258 3000 3329 εἰσφερέτω
3029 3257 3165 3330 πρὸς
3335 3257 3424 3310 τὸν
3452 3255 3739 3328 δεσπότην,

2167 3352 2304 3424 μετά
2332 3351 2495 3422 φόϐου
2524 3351 2680 3415 Θεοῦ,
2711 3350 2812 3404 κᾶν
2841 3350 3064 3422 ἀσεϐὴς,
3093 3351 3194 3404 κᾶν
3223 3349 3459 3421 πονηρὸς
3479 3348 3699 3422 ὑπάρχῃ
3722 3363 3738 3378 ·

2161 3445 2346 3499 οὐκέτι
2414 3443 2598 3515 μέντοι
2653 3443 2748 3498 καὶ
2794 3443 3044 3513 ὁμόνοιαν
3090 3440 3230 3496 κατά
3264 3442 3362 3512 τὴν
3407 3439 3700 3513 θρησκείαν
3723 3457 3738 3470 ·

2161 3540 2300 3592 καὶὸ
2330 3538 2594 3609 δεσπότης
2618 3536 2888 3606 ἀγαπάτω
2930 3535 3021 3589 τὸν
3052 3535 3267 3605 οἰκέτην
3289 3551 3304 3565 ο
3345 3533 3448 3587 κᾶν
3485 3533 3741 3604 διάφορος

2158 3625 2214 3704 ᾗ,
2247 3629 2308 3684 τὺ
2339 3629 2453 3682 ἴσον
2480 3629 2734 3700 κρινέτω,
2766 3629 2802 3700 ἢ
2831 3629 2965 3681 καθὸ
2995 3628 3107 3700 (57)
3156 3628 3439 3698 ἄνθρωπος
3472 3625 3737 3695 ὑπάρχειο

2158 3723 2187 3773 ὁ
2216 3722 2272 3776 δὲ
2319 3721 2508 3774 πιστὸν
2554 3719 2692 3792 ἔχων
2733 3721 3020 3792 δεσπότην,
3077 3718 3392 3791 σωζομένης
3437 3716 3584 3788 αὑτῷ
3637 3716 3738 3786 τῆς

2159 3813 2374 3886 κυρίας,
2405 3813 2694 3882 ἀγαπάτω,
2728 3814 2823 3866 καὶ
2857 3813 2933 3876 ὡς
2978 3812 3263 3883 δεσπότην,
3299 3810 3393 3864 καὶ
3421 3810 3496 3872 ὡς
3539 3809 3738 3879 ὁμόπιη

2161 3923 2305 3969 στον,
2361 3905 2457 3959 καὶ
2485 3905 2562 3968 ὡς
2607 3905 2851 3975 πατέρα·
2904 3898 2978 3976 μὴ
3025 3905 3101 3967 ὼς
3145 3900 3590 3974 ὀφθαλμόδουλος,
3623 3899 3738 3952 ἀλλ’

2161 3998 2237 4060 ὡς
2267 3997 2664 4068 φιλοδέσποτος,
2697 3996 2870 4060 εἰδὼς,
2901 3997 2982 4048 ὅτι
3011 3997 3038 4047 ὁ
3069 3995 3202 4057 Θεὸς
3231 3992 3380 4064 αὑτῷ
3406 3993 3504 4063 τὴν
3537 3991 3737 4062 μισθα-

2161 4090 2413 4144 ποδοσίαν
2441 4089 2688 4143 ἀποτίσει
2745 4089 2846 4158 τῆς
2900 4087 3220 4158 ὑπηρεσίας.
3267 4085 3540 4148 Ὡσαύτως
3586 4083 3735 4137 καὶὸ

2159 4182 2348 4254 κύριος
2378 4184 2406 4235 ὁ
2436 4180 2626 4234 πιστὸν
2659 4181 2796 4251 ἔχων
2825 4180 3061 4250 οἰκέτην,
3119 4177 3429 4249 σωζομένης
3455 4175 3605 4245 αὑτῷ
3633 4174 3734 4244 τῆς

2161 4275 2476 4346 θεραπείας,
2507 4273 2772 4342 ἀγαπάτω
2801 4272 2876 4334 ὡς
2905 4272 3040 4336 υἱὸν,
3071 4270 3105 4342 ἢ
3142 4270 3218 4333 ὡς
3244 4267 3489 4337 ἀδελφὸν,
3519 4265 3609 4320 διά
3636 4264 3733 4338 τὴν

487 4368 612 4437 ligat
643 4384 765 4422 eum
798 4368 948 4422 velut
993 4367 1186 4432 ﬁlium,
1238 4374 1332 4420 aut
1370 4367 1516 4422 velut
1558 4365 1804 4431 fratrem,
1836 4372 2056 4435 propter

2163 4368 2256 4439 τῆς
2283 4367 2514 4437 πίστεως
2543 4364 2847 4420 κοινωνίαν.

490 4462 611 4525 ﬁdei
642 4461 1004 4519 consortium.

557 4617 602 4648 “
634 4616 794 4672 Prov.
829 4634 979 4678 xxix,
1011 4618 1093 4671 l7.
1115 4627 1168 4670 et
1210 4632 1324 4679 XIX,
1365 4617 1460 4679 18;
1489 4625 1542 4670 ct
1578 4617 1846 4677 ΧΧ111,Η.
1924 4617 1965 4647 ⁸⁷
1998 4615 2158 4670 Prov.
2192 4631 2312 4679 xm,
2337 4615 2427 4669 9.4.
2505 4617 2550 4649 “
2589 4614 2755 4670 Eccli.
2809 4631 2937 4670 xxx.
2994 4612 3078 4665 l2.

486 4685 532 4718 ’θ
565 4688 670 4748 CL,
697 4688 858 4756 epist.
887 4690 952 4742 ad
974 4687 1231 4743 .lacob.c.
1261 4686 1311 4740 7.
1387 4689 1430 4717 ⁷¹
1461 4686 1658 4756 Ephes.
1683 4704 1758 4750 vr,
1783 4687 1844 4755 ὃς,
1870 4685 1887 4738 I
1912 4685 2030 4754 Pet.
2062 4702 2126 4751 ιι,
2163 4688 2248 4742 18.

485 4756 604 4812 Col.
637 4773 721 4822 tu,
753 4757 823 4811 ‘22

3187 4611 3232 4643 θ’
3254 4610 3417 4664 Prov.
3444 4623 3604 4669 nm,
3633 4609 3723 4664 20.

2352 4689 2397 4717 "'
2421 4685 2539 4741 Col.
2573 4702 2648 4750 iv,
2678 4687 2738 4753 l;
2790 4683 2973 4738 lTim.
2999 4697 3073 4748 vi,
3094 4681 3149 4738 9.
3261 4681 3308 4712 ⁷³
3334 4679 3531 4749 Ephes.
3565 4676 3725 4732 vt.6-

1809 4927 2172 4982 VARIORUM
2207 4925 2438 5008 Nor/13.

565 5091 671 5161 (I9)
705 5090 921 5154 Οὕτως.
978 5088 1138 5143 Deest
1188 5089 1247 5150 in
1275 5088 1466 5150 altero,
1513 5100 1613 5140 nec
1654 5100 1785 5140 sane
1816 5099 1881 5140 eo
1910 5099 2048 5152 Opus

485 5161 901 5305 esthogfggéﬁq.
937 5230 1086 5305 Alias
1110 5250 1124 5286 :
1148 5231 1326 5305 ΠάλινΔ
1348 5229 1510 5305 σοφός
1536 5246 1616 5305 τις
1649 5227 1856 5299 ἕτερος,
1888 5237 2068 5305 recte;

484 5297 612 5359 nain
651 5297 1027 5368 Eccles‘iastici
1059 5298 1268 5357 auctor
1312 5301 1402 5354 hic
1450 5297 1885 5360 laudatur,'non
1916 5297 2072 5352 Salo-

487 5373 977 5515 ωίξὲί)ιιλἀρμοῖς.
1005 5443 1090 5496 Al.
1132 5440 1423 5515 {stin-{an
1467 5441 1561 5494 καὶ
1619 5436 2070 5515 δαρμρῖςςιὲοξϊ-

487 5508 688 5569 οὶιὶιιε’;
727 5508 1097 5584 Σίπαράγμασι
1119 5531 1132 5542 ·
1167 5508 1404 5582 ξεσμοῖς,
1433 5508 2069 5584 ταραχαῖςζᾲποδολαῖς.

485 5585 731 5656 δαρμοῖς.
847 5582 1428 5656 hlagz'iriius.‘(1elituria
1457 5582 1616 5656 4,93
1633 5582 1913 5656 cltaft'tate,
1947 5595 2070 5656 cap.

485 5647 702 5725 εἴτ’-Τά
734 5654 833 5725 τὴν
851 5654 1072 5723 ἀγάπην
1092 5653 1309 5725 λύοντα,
1333 5654 1438 5725 εἰσὶ
1460 5647 1634 5725 ταῦτα
1657 5669 1668 5680 ·
1697 5647 1832 5725 οἷον,
1854 5647 2069 5725 ἀτιμία,

486 5723 676 5792 ζημία,
719 5720 1072 5793 συκοφαντία,
1109 5724 1141 5792 ἢ
1169 5727 1258 5793 ,εἰς
1292 5723 1492 5786 πίστιν,
1517 5723 1550 5791 ἧ
1586 5724 1665 5786 εἰς
1691 5721 1824 5790 βίον,
1851 5720 2070 5792 δαρμοὶ,

490 5794 713 5864 πληγαὶ,
750 5794 842 5845 καί
873 5792 938 5845 τά
970 5793 1114 5862 ἑξῆς.
1153 5792 1289 5846 (Zur.

2157 5434 2340 5508 obium
2391 5443 2588 5508 exstat.
2639 5437 2748 5491 Pro
2781 5437 3007 5508 ζεούσης

2229 5085 2339 5225 (ἒξὶῖ
2367 5088 2663 5156 ἠιέτερα.
2691 5090 2839 5142 Alter
2853 5089 2982 5158 legit
3001 5087 3194 5142 melius
3217 5086 3514 5158 ἡμετέρας.
3552 5087 3722 5146 CLI-zu.

2229 5155 2317 5223 (55
2372 5158 2825 5224 Παραδιδόντες.
2876 5155 3021 5212 Idem
3077 5158 3228 5211 addit
3256 5176 3270 5211 :
3330 5157 3681 5212 θεόπνευστον
3707 5172 3722 5190 ο

2226 5155 2338 5224 (55)
2372 5158 2825 5224 Παραδιδόντες.
2876 5155 3021 5212 Idem
3077 5155 3271 5211 addit'i
3330 5155 3722 5212 θεόπνευστονο

2155 5227 2335 5298 ἄνεσιν
2364 5228 2546 5298 αὑτοῖς
2575 5227 2648 5298 μὴ
2678 5228 2926 5298 διδόντες.
2959 5225 3035 5298 ID.

2368 5294 2768 5374 ζειναμέρωνᾷ
2786 5296 2930 5350 Idem
2962 5297 3121 5352 habet
3153 5298 3369 5365 γονέων.
3401 5295 3476 5353 In.

2231 5365 2340 5444 £55)
2359 5365 2873 5432 Πορνοκόπαλίιιιό
2904 5382 3028 5429 vox,
3044 5384 3164 5489 qua:
3182 5377 3364 5422 tamen
3397 5367 3538 5437 apud
3552 5365 3722 5436 Hesy-

2233 5450 2340 5488 ium
2391 5443 2588 5490 exstat.
2639 5437 2748 5491 Pro
2781 5437 3007 5492 ζεούσης
3079 5439 3224 5492 labet
3278 5439 3412 5492 alter
3443 5436 3566 5492 cod.
3596 5451 3716 5488 νεα.

2159 5453 2340 5488 cntum
2391 5453 2588 5490 exsrat.
2640 5453 2748 5491 l'ro
2781 5453 3007 5508 ςεουσης
3062 5453 3224 5492 nanet
3278 5453 3412 5492 alter
3443 5453 3566 5492 eoa.
3596 5453 3716 5488 νεαη

2159 5503 2378 5575 ζούσης,
2436 5505 2580 5574 quod
2637 5508 2905 5573 glossema
2958 5506 3200 5568 redolet;
3247 5515 3299 5560 et
3352 5524 3451 5579 pro
3482 5505 3722 5574 E01}th

2159 5573 2322 5626 verba
2357 5574 2480 5626 ἔθνη
2510 5575 2646 5626 αὑτά
2681 5577 2797 5626 μέν.
2834 5577 3012 5626 minus
3047 5585 3208 5626 recte-
3241 5576 3317 5626 In.

2159 5575 2322 5626 verba
2357 5575 2480 5643 ἔθνη
2510 5575 2646 5626 αὑτά
2680 5577 2797 5645 μέν,
2834 5577 3012 5630 minus
3047 5585 3208 5631 recte.
3241 5576 3317 5641 lo.

2375 5645 2546 5720 ῌρός.
2580 5646 2756 5720 Etgin
2786 5645 2955 5720 altero
2984 5661 3085 5720 ms.
3107 5647 3190 5720 In.

2233 5712 2344 5779 (57)
2389 5714 2464 5792 Ἠ
2491 5715 2654 5792 acadd.
2689 5713 2787 5770 Ms.
2832 5716 2968 5772 alter
2998 5711 3052 5785 ᾖ,
3085 5717 3262 5771 delete
3313 5715 3464 5769 καθὸ.
3502 5715 3714 5770 Alteru-

2163 5789 2304 5834 trum
2338 5782 2550 5837 suﬁicit.
2590 5783 2664 5836 In.
