4080 6266
347 412 448 470 8‘25

870 526 1264 581 ΚΕΦΑΛΑῘΟΝ
1294 527 1394 581 Il".

359 622 461 677 Ἐν
513 624 678 674 τίσιν
729 617 1188 741 ὑποτάσὲ-εσθαι
1257 618 1370 689 χρὴ
1422 617 1546 686 τοῖς
1608 622 1916 690 κοσμικοῐς

1013 706 1205 741 ογουσ
1207 707 1284 741 ιν.

1005 706 1284 758 ερχουσιν.

414 792 568 864 [Idan
626 790 870 862 βασιλείᾳ
915 789 1010 843 καὶ
1059 791 1201 863 ἀρχῇ
1257 789 1564 862 ὑποτάγητε
1610 790 1668 846 ἐν
1693 787 1774 855 οἷς
1803 791 1914 864 (58)

344 885 566 957 ἀρέσκει
593 882 732 954 Θεῷ,
782 883 857 945 ὡς
886 881 1019 935 Θεοῦ
1073 882 1369 946 διακόνοις,
1420 883 1658 937 καὶτῶν
1705 883 1916 938 ἀσεϐῶν

277 1008 283 1014 ο
343 979 605 1048 τιμωροῖς
627 993 640 1006 ·
675 975 853 1028 πάντα
881 974 1042 1042 φόϐον
1080 975 1170 1028 τὸν
1198 975 1540 1046 ὀφειλόμενον
1568 978 1753 1040 αὐτοῖς
1781 978 1917 1030 ἀπο-

346 1068 689 1140 πληρώσατε,
715 1069 891 1122 πᾶσαν
913 1068 1190 1140 εἰσφορὰν,
1212 1070 1318 1122 πᾶν
1348 1069 1520 1133 τέλος,
1535 1072 1712 1124 πᾶσαν
1729 1069 1912 1141 τιμὴν,

343 1161 509 1224 δόσιν,
539 1161 757 1230 κῆνσον.
815 1159 949 1212 Θεοῦ
977 1159 1084 1231 γὰρ
1111 1160 1267 1213 τοῦτο
1319 1160 1609 1232 διάταγμα,
1647 1163 1831 1233 μηδενί
1863 1179 1915 1216 τι

347 1255 668 1322 χρεωστεῖν,
710 1245 765 1305 εί
807 1252 880 1322 μὴ
909 1251 969 1304 τὸ
997 1252 1097 1321 τῆς
1125 1251 1305 1321 φιλίας
1353 1251 1615 1324 σύμϐολον
1662 1253 1802 1324 (59),
1833 1253 1862 1306 ὃ
1886 1254 1916 1306 ὁ

345 1344 474 1408 Θεὸς
504 1343 782 1410 διετάξατο
810 1342 899 1396 διὰ
925 1342 1181 1415 Χριστοῦ.

798 1444 1265 1498 ΚΕΦΑΛΑΙΟΝ
1309 1446 1410 1496 ῙΔ’.

369 1603 378 1611 ⁸
867 1535 1005 1604 Περὶ
1033 1533 1356 1604 παρθένων.

415 1629 552 1700 Περὶ
579 1627 635 1680 δὲ
665 1627 956 1700 παρθενίας
1016 1627 1234 1700 ἐντολὴν
1286 1629 1388 1682 οὐκ
1438 1627 1733 1700 ἐλάϐομεν,
1763 1632 1837 1701 τῇ
1858 1629 1915 1683 δὲ

345 1721 454 1775 τῶν
509 1720 848 1792 βουλομένων
901 1720 1116 1792 ἐξουσίᾳ
1167 1721 1326 1774 τοῦτο
1379 1721 1784 1793 ἐπιτρέπομεν,
1839 1723 1917 1786 ὼς

345 1814 510 1886 εὐχήν
535 1831 548 1844 ·
579 1815 755 1868 ἐκεῖνο
787 1814 883 1885 μὲν
910 1811 1002 1867 οὖν
1050 1812 1161 1884 (60)
1189 1815 1373 1876 αὐτοῖς
1399 1813 1808 1886 παραινοῦντες,
1840 1815 1913 1886 μὴ

345 1907 651 1978 προχείρως
697 1925 750 1959 τι
807 1906 1269 1976 ἐπαγγείλασθαι·
1309 1907 1539 1979 ἐπείπερ
1582 1908 1611 1960 ὀ
1666 1905 1913 1977 Σολομὼν

347 2016 510 2070 φησιν
534 2017 548 2029 ·
611 2019 630 2050 ι
683 1998 906 2067 Ἀγαθὸν
937 1998 998 2051 τὺ
1029 1998 1102 2070 μὴ
1160 1995 1439 2063 εῦξασθαι,
1469 1999 1502 2069 ἢ
1545 1995 1609 2050 τὸ
1635 1996 1911 2064 εὔξασθαι,

346 2091 445 2143 καὶ
477 2091 550 2162 μὴ
602 2090 942 2144 ἀποδοῦναι.)
1015 2091 1079 2143 Ἡ
1133 2090 1402 2161 παρθένος
1456 2089 1549 2146 οὖν
1604 2090 1741 2163 αὕτη
1774 2091 1914 2148 ἔστω

348 2184 481 2251 ἁγία
512 2181 718 2254 σώματι
746 2183 838 2237 καὶ
864 2183 1030 2254 ψυχῇ,
1060 2183 1136 2247 ὡς
1163 2184 1288 2246 ναὸς
1317 2183 1471 2249 Θεοῦ,
1502 2184 1578 2247 ὡς
1603 2179 1750 2248 οἶκος
1777 2187 1912 2257 Χρι-

348 2275 500 2338 στοῦ,
531 2275 608 2338 ὡς
638 2275 951 2346 Πνεύματος
971 2275 1126 2342 ἁγίου
1157 2274 1266 2346 (61)
1299 2274 1660 2344 καταγώγιον.
1693 2277 1783 2328 Δεῖ
1806 2276 1916 2348 γὰρ

345 2368 447 2438 τὴν
477 2366 967 2438 ἐπαγγειλαμένην,
998 2365 1124 2433 ἄξια
1149 2365 1251 2436 τῆς
1277 2366 1606 2435 ἐπαγγελίας
1634 2367 1769 2438 ἔργα
1801 2367 1916 2421 δια-

348 2460 756 2531 πρασσομένην,
807 2457 1072 2512 δεικνύειν
1116 2457 1178 2510 τὸ
1236 2457 1557 2530 ἐπάγγελμα
1606 2460 1796 2529 αὐτῆς,
1835 2460 1916 2514 ὅτι

345 2552 494 2605 ἐστὶν
523 2551 747 2623 ἀληθὲς,
796 2551 890 2604 καὶ
933 2549 1024 2604 διὰ
1079 2548 1272 2620 σχολὴν
1317 2549 1614 2614 εὐσεϐείας,
1663 2551 1724 2604 οὑ
1776 2551 1916 2604 κατὰ

345 2653 595 2726 διαϐολὴν
621 2653 800 2724 γάμου
826 2651 1142 2722 γενόμενον.
1176 2647 1356 2702 Ἔστω
1383 2649 1441 2702 δὲ
1465 2650 1538 2720 μὴ
1563 2649 1912 2722 ῥεμϐὰς(62),

349 2745 484 2817 μηδὲ
512 2743 1097 2817 ἀκαιροπεριπάτητος,
1129 2741 1203 2813 μὴ
1231 2740 1525 2812 δίγνωμος·
1560 2740 1695 2795 ἀλλὰ
1723 2741 1912 2813 σεμνὴ,

346 2838 640 2909 ἐγκρατὴς,
665 2836 921 2908 σώφρων,
949 2835 1111 2906 ἁγνὴ,
1145 2833 1421 2902 φεύγουσα
1447 2833 1546 2897 τὰς
1571 2833 1680 2887 τῶν
1707 2833 1915 2888 πολλῶν

349 2929 659 3000 συντυχίας,
690 2930 785 2982 καὶ
816 2927 1045 2999 μάλιστα
1062 2925 1170 2980 τῶν
1196 2924 1446 2996 ἀσέμνων

1253 409 1853 468 CONSTITUTIONES
1883 411 2561 474 APOSTOLICAE.—LIB.
2600 413 2662 470 ν.

1945 534 1996 590 Α

3476 423 3584 480 89.6

2604 527 2834 584 CAPUT
2873 527 3006 586 XIII.

2019 619 2084 674 In
2107 618 2294 690 quibus
2343 628 2581 688 oporteat
2635 620 2826 690 subjici
2857 621 3201 678 swcularibus
3229 626 3578 697 principibus.

2084 710 2351 768 Omnibus
2411 713 2632 783 regibus
2672 727 2737 767 ac
2781 715 3142 784 principibus,
3174 717 3228 771 in
3267 719 3431 776 rebus
3461 737 3583 790 quae.

2014 806 2228 874 placent
2275 804 2418 870 Deo,
2473 802 2711 874 subjecti
2756 814 2952 870 estote,
3005 814 3258 878 tanquam
3315 811 3583 870 ministris

2015 898 2133 963 Dei,
2161 905 2216 952 et
2242 898 2587 968 punitorihus
2615 899 2908 969 impiorum
2937 899 3011 954 ’δε
3043 903 3296 958 exhibete
3324 904 3433 960 illis
3462 921 3581 960 om-

2015 1005 2139 1044 nem
2170 989 2410 1045 debitum
2441 991 2715 1056 timorem,
2744 1007 2905 1046 omne
2935 994 3186 1064 vectigal,
3219 1010 3382 1052 omne
3404 998 3581 1052 tribu-

2016 1088 2150 1146 tum,
2185 1095 2398 1136 omnem
2427 1082 2710 1150 honorem,
2741 1084 3111 1162 collationem,
3160 1103 3408 1144 censum.
3466 1088 3581 1145 Hoc

2013 1173 2161 1228 enim
2190 1180 2276 1227 est
2307 1171 2401 1228 Dei
2430 1174 2765 1241 mandatum,
2798 1178 2998 1232 nemini
3036 1179 3331 1249 quidquam
3360 1163 3580 1242 debere.

2015 1264 2122 1320 nisi
2149 1265 2406 1320 amicitia:
2433 1274 2721 1332 tesseram,
2772 1284 2938 1338 quam
2987 1270 3131 1328 Deus
3157 1287 3254 1342 per
3299 1274 3578 1330 Christum

2015 1358 2318 1413 constituit.

2541 1451 2805 1508 CAPUT
2864 1453 3017 1508 XIV.

2592 1544 2671 1598 De
2697 1545 3002 1615 uirginibus.

2083 1639 2158 1693 De
2173 1637 2482 1708 virglnitate
2497 1644 2680 1691 autem
2708 1636 3020 1690 mandatum
3053 1649 3158 1690 non
3185 1638 3495 1702 accepimus
3511 1633 3579 1696 ⁷⁵,

2014 1727 2110 1783 sed
2156 1743 2268 1782 rem
2314 1728 2608 1782 volentium
2659 1728 2916 1798 potestati
2951 1725 3333 1796 permittimus,
3373 1732 3434 1778 ut
3481 1737 3582 1776 vo-

2015 1828 2168 1887 tum;
2203 1821 2332 1874 illud
2367 1831 2546 1876 tamen
2581 1821 2649 1875 iis
2678 1819 2990 1884 suadentes,
3025 1833 3092 1871 ne
3123 1815 3251 1886 quid
3280 1829 3586 1884 properan-

2018 1917 2101 1962 ter
2137 1925 2200 1962 ac
2231 1919 2432 1965 temere
2463 1911 2813 1980 promittant:
2848 1906 3286 1978 quandoquidem
3322 1903 3584 1958 Salomon

2018 1999 2125 2053 ait:
2163 2017 2183 2050 ι
2221 1999 2414 2057 Melius
2443 2011 2662 2058 estnon
2709 2017 2927 2067 vovere,
2970 2017 3132 2069 quam
3165 2013 3360 2056 vovere
3387 2006 3442 2050 et
3476 2011 3583 2050 non

2018 2093 2243 2150 reddere
2271 2093 2360 2150 ⁷⁸⁸.
2391 2111 2408 2145 ι
2449 2091 2531 2148 Sit
2563 2094 2727 2165 igitur
2750 2093 2906 2162 virgo
2929 2100 3116 2146 sancta
3147 2105 3374 2161 corpore
3402 2087 3590 2144 etaui-

2019 2201 2135 2252 ma,
2170 2193 2230 2239 ut
2260 2186 2518 2255 templum
2551 2184 2667 2248 Dei,
2703 2193 2761 2238 ut
2783 2185 2978 2240 domus
3005 2185 3230 2250 Christi,
3263 2196 3321 2239 ut
3348 2184 3583 2257 Spiritus

2020 2279 2198 2332 sancti
2232 2279 2443 2333 mansio
2468 2278 2534 2332 ".
2588 2276 2812 2346 Oportet
2863 2279 3010 2332 enim
3041 2293 3160 2332 eam
3194 2294 3316 2348 quae
3335 2277 3584 2348 professa

2017 2379 2124 2436 est,
2157 2372 2355 2442 dignas
2374 2370 2719 2441 professione
2760 2371 3006 2426 actiones
3042 2371 3348 2426 exercendo
3394 2379 3584 2428 osten-

2019 2465 2168 2529 dere,
2200 2479 2386 2519 verum
2411 2478 2533 2518 esse
2562 2463 2890 2532 promissum
2923 2479 3106 2526 suum,
3155 2470 3212 2520 et
3257 2464 3438 2518 studio
3470 2465 3588 2533 pie-

2018 2557 2164 2620 tatis,
2195 2573 2305 2610 non
2336 2563 2518 2610 autem
2549 2559 2606 2610 in
2639 2557 3090 2610 obtrectationem
3139 2557 3473 2612 matrimonii
3500 2556 3582 2612 fa-

2019 2657 2188 2706 ctum.
2219 2650 2261 2682 '"
2291 2647 2376 2702 Sit
2399 2649 2562 2704 etiam
2608 2665 2719 2702 non
2771 2664 2930 2719 vaga,
2985 2664 3164 2719 neque
3205 2650 3588 2720 intempestive

2019 2740 2399 2804 obambulans,
2433 2755 2542 2794 non
2573 2741 2832 2811 ancipitis
2862 2741 3056 2807 animi;
3097 2741 3192 2796 sed
3218 2744 3423 2812 gravis,
3452 2757 3588 2797 con-

2019 2835 2222 2897 tinens,
2271 2840 2590 2903 temperata,
2622 2833 2844 2903 pudica,
2899 2833 3114 2903 fugiens
3159 2833 3430 2905 colldquia
3459 2849 3586 2889 cum

2023 2927 2230 2990 multis,
2262 2926 2673 2996 prmsertimque
2700 2940 2824 2979 cum
2856 2925 3181 2982 inhonestis.

422 3067 468 3100 τι
507 3065 694 3122 lPetr.
727 3081 787 3126 ιι,
819 3063 917 3130 l5;
963 3061 1073 3134 Tit.
1099 3076 1182 3126 ιιι,
1216 3060 1283 3130 i;
1312 3058 1469 3117 Rom.
1498 3077 1622 3128 xm,
1653 3062 1704 3118 l.
1780 3063 1828 3096 ’⁸
1857 3063 1918 3119 lt

2017 3106 2029 3120 .
2063 3079 2162 3130 vn,
2191 3063 2290 3123 25.
2335 3055 2723 3125 "'Eccle.v,4.
2767 3063 2814 3095 το
2843 3063 2865 3117 l
2894 3061 3021 3118 Cor.
3045 3077 3140 3127 vn,
3163 3061 3253 3117 54.
3325 3062 3374 3094 ⁷⁷
3410 3059 3585 3134 Ignat.

347 3138 603 3208 interpol.
633 3136 700 3190 ad
727 3134 941 3189 Philad.
965 3132 1020 3188 4.

1635 3221 2001 3281 VARIORUM
2034 3223 2275 3280 ΝΟΤιΕ.

445 3363 531 3429 58)
574 3365 674 3418 Ἐν
693 3356 806 3429 οἷς.
837 3361 987 3416 Alter
1007 3358 1131 3416 cod.
1165 3359 1346 3425 καθώς
1395 3361 1562 3417 CLI-2R.

445 3364 509 3419 58
574 3365 674 3418 Ἐν
693 3363 806 3429 οἷς.
837 3363 987 3416 Alter
1007 3363 1131 3416 cod.
1165 3363 1346 3425 καθώς
1395 3363 1562 3417 CLI-2R.

422 3363 532 3505 ίῦθ)
562 3435 888 3502 Σύμϐολον.
921 3431 1078 3505 Deest
1123 3431 1179 3484 in
1209 3431 1380 3505 altero
1409 3431 1625 3496 codice,
1651 3433 1908 3505 negsatjs

1938 3367 1982 3426 C
2085 3363 2194 3505 ξω)
2246 3365 2461 3434 Ἀγίου.
2493 3365 2662 3420 Abest
2697 3363 2752 3417 in
2781 3361 3090 3432 antiquiore
3115 3361 3236 3418 cod.
3271 3363 3344 3420 In.

2107 3433 2174 3487 62
2246 3435 2508 3505 Ῥεμϐἀς.
2538 3434 2688 3489 Alter
2737 3433 2925 3505 codex,
2957 3432 3302 3503 φιλόκοσμος,

2107 3432 2194 3505 62)
2246 3432 2508 3505 Ῥεμϐἀς.
2538 3434 2688 3489 Alter
2737 3433 2925 3505 codex,
2957 3432 3302 3503 φιλόκοσμος,
3345 3449 3464 3503 qua:
3494 3450 3591 3488 vo-

345 3523 406 3562 m
432 3501 584 3559 hunc
641 3507 824 3574 locum
867 3501 1097 3574 quadrat
1152 3501 1402 3574 amicitia:
1460 3510 1684 3574 tes_sera._
1710 3503 1782 3574 Τὸ
1808 3503 1910 3573 τῆς
2013 3501 2126 3574 eos,
2153 3501 2276 3559 cum
2301 3501 2477 3574 neque
2505 3520 2661 3568 sono,
2690 3519 2865 3574 neque
2887 3501 3194 3574 significatu
3221 3501 3585 3574 consentiant,

343 3573 529 3645 φιλίας
557 3581 700 3645 recte
722 3571 828 3645 dici
861 3570 1022 3645 queat
1050 3571 1097 3626 si
1127 3571 1424 3626 subaudias
1446 3571 1625 3642 χρέος,
1649 3570 1906 3638 debitum,

344 3641 416 3701 ex
447 3643 913 3698 antecedentibus.
948 3641 1024 3697 Io.

423 3713 531 3784 (60)
569 3713 695 3767 Μὲν
738 3711 868 3784 ουν.
926 3710 1220 3784 Antiquior
1257 3711 1381 3784 cod.
1431 3709 1612 3784 μονον,
1672 3711 1898 3778 rectius,

345 3792 413 3839 ut
433 3780 693 3839 'videtun:
727 3782 782 3836 id
805 3791 1011 3836 tantum
1040 3782 1105 3836 iis
1128 3780 1445 3837 suadentes;
1464 3783 1542 3838 In.

525 4083 870 4137 ΚΕΦΑΛΑῘΑ
906 4081 1042 4135 ΤΟΥ
1077 4079 1412 4134 ΠΕΜΠΤΟΥ
1446 4079 1735 4134 ΒΙΒΛῙΟΥ.

345 4200 423 4256 α’.
465 4201 584 4253 Ὀτι
617 4197 740 4264 τοῖς
775 4196 871 4250 διὰ
896 4194 1149 4264 Χριστὸν
1175 4193 1540 4262 θλιϐομένοις
1591 4191 1748 4261 παρὰ
1777 4191 1911 4246 ἀπί-

422 4308 600 4354 στων,
629 4289 857 4342 δίκαιον
883 4286 1005 4353 τοῖς
1031 4285 1264 4350 πιστοῖς
1291 4283 1356 4356 [Ιζ
1374 4283 1515 4350 τοὺς
1541 4282 1815 4353 πιστοὺς]
1845 4281 1917 4336 τὰ

423 4383 636 4437 δέοντα
653 4379 950 4448 παρέχειν,
966 4377 1114 4432 κατὰ
1136 4375 1250 4444 τὴν
1267 4376 1370 4430 τοῦ
1385 4374 1606 4443 Κυρίου
1626 4372 1911 4437 διάταξιν.

342 4475 429 4544 β’.
472 4477 589 4527 Ὅτι
639 4470 928 4542 φευκτέον
966 4469 1076 4538 τῆς
1118 4467 1183 4540 [ι’.
1218 4465 1346 4539 τὰς]
1377 4466 1527 4535 πρὸς
1560 4465 1702 4532 τοὺς
1727 4463 1913 4533 ψευδ-

422 4565 722 4635 αδέλφους
757 4562 1110 4627 συνουσίας,
1148 4559 1294 4614 ὅταν
1324 4557 1643 4628 ἐπιμένωσι
1667 4556 1744 4626 τῇ
1771 4571 1920 4626 φαυ-
1950 4546 1994 4603 Ι)

422 4660 648 4726 λότητι.

347 4750 422 4822 τ’.
465 4751 586 4804 Ὅτι
609 4749 734 4816 τοῖς
754 4749 850 4803 διὰ
876 4747 1132 4816 Χριστὸν
1157 4745 1582 4815 πορθουμένοις
1601 4744 1717 4813 χρὴ
1752 4743 1920 4813 χεῖρα

424 4841 670 4911 ὀρέγειν,
699 4842 814 4894 κᾶν
839 4839 1118 4906 κίνδυνος
1146 4837 1325 4907 παρῇ.
1831 4880 1834 4881 ν

347 4937 401 4992 δ’
408 4981 420 4993 .
465 4939 585 4991 Ὅτι
611 4934 856 5006 φρικτόν
880 4933 978 4988 καὶ
1005 4933 1305 5000 ὀλέθριον,
1334 4930 1398 4984 τὸ
1448 4927 1757 4999 ἀρνεῖσθαι
1785 4930 1918 4997 Χρι-

422 5031 592 5085 στόν.

345 5130 415 5178 ε’.
458 5123 577 5175 Ὅτι
615 5117 900 5190 μιμητέον
941 5117 1196 5186 Χριστὸν
1247 5115 1317 5168 ὲν
1368 5113 1450 5181 τῷ
1485 5113 1772 5183 πάσχειν,
1822 5115 1920 5169 καὶ

423 5212 712 5280 ζηλωτέον
736 5209 851 5279 τὴν
875 5208 1059 5262 αὐτοῦ
1087 5207 1417 5276 ὑπομονήν.

351 5313 430 5373 ς’,
450 5306 566 5357 Ὅτι
585 5282 699 5372 χρὴ
727 5302 833 5359 τὸν
851 5299 1065 5354 πιστὸν
1077 5299 1229 5369 μήτε
1238 5299 1830 5368 ῥιψοκίνδυνονεῖναι
1844 5299 1901 5353 δι
1915 5307 1932 5331 ’

421 5395 780 5466 ἀσφάλειαν,
805 5393 956 5465 μήτε
1000 5389 1237 5461 περιδεῆ
1283 5391 1356 5445 δι’
1385 5391 1736 5459 ἀνανδρίαν
1760 5392 1922 5446 ἀλλὰ

421 5489 520 5543 καί
547 5489 786 5558 φεύγειν
799 5487 872 5540 δι’
891 5484 1222 5550 εὐλάϐειαν,
1253 5484 1351 5539 καί
1377 5484 1734 5554 ἐμπεσόντα,
1775 5483 1923 5552 ἀγω-

421 5579 678 5644 νίζεσθαι
704 5581 800 5634 διὰ
827 5579 932 5634 τὸν
958 5577 1351 5645 ἀποκείμενον
1366 5576 1687 5644 στέφανον.

348 5673 417 5737 ζ’.
458 5673 599 5742 Περὶ
650 5669 1034 5736 ἀναστάσεως
1085 5665 1416 5735 ἀποδείξεις
1461 5665 1726 5737 διάφοροι
1746 5684 1760 5697 ·
1792 5665 1924 5735 περὶ

422 5768 719 5831 Σιϐύλλης
739 5781 754 5795 ·
803 5763 900 5819 καὶ
937 5763 992 5816 τί
1020 5763 1074 5816 οἱ
1102 5759 1340 5816 Στωϊκοί
1363 5759 1495 5828 περὶ
1523 5760 1629 5816 τοῦ
1657 5759 1923 5830 φοίνικος

426 5859 526 5914 τοῦ
555 5857 782 5924 ὀρνέου.

2013 3572 2160 3646 forte
2187 3585 2316 3628 sunt
2342 3572 2445 3646 una
2474 3572 2842 3640 admittendus,
2880 3572 2986 3628 hoc
3013 3573 3176 3627 modo
3201 3590 3214 3624 :
3237 3573 3329 3644 Μὴ
3359 3575 3585 3646 ρεμϐὰς,

2015 3642 2362 3714 φιλόκοσμος.
2397 3643 2475 3700 In.

2080 3713 2193 3784 (65)
2238 3712 2318 3768 Ad
2357 3716 2558 3770 calcem
2595 3714 2715 3769 libri
2755 3712 2995 3769 additum
3019 3722 3118 3784 est
3150 3713 3204 3767 in
3227 3714 3399 3770 altero
3438 3715 3587 3780 cod.,

2012 3784 2142 3854 περὶ
2175 3783 2436 3856 ὀρφανῶν
2465 3784 2755 3856 ἐπληρώθη
2778 3784 2979 3854 βιϐλίον
3009 3783 3070 3837 δ’.
3102 3784 3178 3839 In.

2415 4080 2669 4136 CAPITA
2707 4081 2888 4136 LIBRI
2929 4079 3188 4147 QUINTI.

2021 4197 2063 4252 I.
2103 4195 2256 4262 Quod
2280 4197 2369 4262 iis,
2397 4197 2487 4265 qui
2511 4204 2720 4264 propter
2750 4194 3017 4250 Christum
3046 4195 3110 4247 ab
3134 4195 3430 4263 infidelibus
3455 4198 3585 4268 affli-

2091 4300 2304 4359 guntur,
2331 4306 2535 4360 (equum
2565 4289 2634 4342 sit
2672 4297 2730 4342 ut
2757 4287 2937 4356 ﬁdeles
2959 4289 3256 4342 necessaria
3297 4289 3587 4361 prwbeant,

2091 4381 2374 4436 secundum
2408 4381 2621 4435 Domini
2643 4381 3087 4436 constitutionem.

2024 4473 2085 4530 II.
2131 4475 2283 4541 Quod
2305 4473 2554 4544 fugienda
2575 4473 2646 4526 sit
2666 4489 2782 4525 cum
2798 4471 2954 4541 falsis
2971 4471 3226 4540 fratribus
3244 4475 3587 4542 consuetudo,

2091 4567 2216 4622 dum
2244 4567 2297 4621 in
2326 4567 2534 4620 malitia
2562 4575 2916 4636 perseverant.

2018 4749 2106 4806 III.
2145 4749 2297 4815 Quod
2323 4757 2534 4818 propter
2556 4747 2826 4803 Christum
2859 4749 3117 4818 oppressis
3145 4758 3345 4818 oportet
3371 4766 3590 4812 manum,

2090 4843 2403 4913 adjutricetn
2445 4843 2740 4911 porrigere,
2790 4843 3027 4913 quamvis
3077 4843 3221 4897 adsit
3272 4842 3582 4913 periculum.

2019 4935 2302 5059 IV.lQuod
2357 4934 2674 4990 horrendum
2709 4952 2772 5011 ac
2817 4935 3034 4991 exitiale
3076 4938 3147 4991 sit
3195 4951 3385 5000 neqare
3425 4935 3586 4990 Citri-

2087 5024 2113 5059 s
2141 5024 2250 5059 um.

2087 5024 2250 5062 stum.

2019 5097 2084 5155 ν.
2127 5099 2280 5166 Quod
2316 5101 2518 5153 imitari
2551 5107 2787 5169 oporteat
2816 5096 3086 5153 Christum
3130 5098 3186 5151 in
3221 5097 3490 5168 patiendo,
3536 5108 3591 5154 et

2087 5193 2330 5246 mmulari
2364 5193 2508 5247 illius
2535 5192 2884 5246 tolerantiam.

2023 5283 2108 5340 VI.
2152 5284 2304 5352 Quod
2324 5284 2465 5338 decet
2491 5284 2697 5354 ﬁdelem
2728 5300 2887 5353 neque
2918 5283 3251 5337 temerarium
3300 5299 3410 5336 esse
3464 5298 3588 5352 pro-

2089 5388 2203 5450 pter
2245 5379 2598 5442 securitatem,
2622 5392 2781 5445 neque
2810 5375 3171 5429 meticulosum
3193 5383 3402 5442 propter
3437 5374 3589 5442 ignaq

2091 5470 2365 5527 viam:sed
2381 5470 2556 5541 fugere
2576 5477 2786 5538 propter
2799 5468 3197 5529 cautionem;et
3226 5482 3344 5519 cum
3367 5467 3420 5518 in
3448 5467 3589 5534 peric

2093 5566 2268 5620 culum
2298 5563 2562 5626 inciderit,
2593 5562 2858 5616 decertare
2891 5559 2952 5614 ob
2996 5559 3278 5628 repositam
3313 5575 3584 5613 coronam.

2026 5659 2134 5716 VII.
2199 5657 2279 5713 De
2335 5656 2714 5712 resurrectione
2763 5653 2924 5708 uariat
2969 5651 3479 5717 demonstrationes;
3521 5649 3589 5708 de

2093 5752 2322 5825 sibylla;
2355 5760 2403 5807 et
2435 5749 2561 5823 quid
2595 5747 2750 5805 stoici
2779 5746 2842 5803 de
2861 5745 3092 5818 phomice
3111 5760 3224 5804 ave.
