2032 3132
126 189 177 219 829

582 191 878 221 CONSTITUTIONES
896 191 1236 222 APOSTOLICIE.—LIB.
1257 193 1291 222 ν.

1684 195 1738 223 830

123 248 170 276 καὶ
184 247 225 280 εἰς
239 247 447 283 μισθαποδοσίαν
457 247 572 285 (θητῶν
587 250 771 286 στρατιωτῶν·
788 251 832 278 ἵνα
847 251 903 277 ὲλα-

958 255 1003 278 ιιιι·
1013 255 1041 278 et
1055 258 1127 279 cura:
1141 251 1288 284 habeatur;
1306 253 1338 277 ut
1350 255 1481 287 quantum
1491 251 1519 278 in
1529 251 1607 280 vobis
1619 256 1671 283 est,
1683 260 1739 280 non

124 293 228 330 φρυνθῇ
249 293 296 320 καὶ
312 293 467 329 ἐπιμελείας
484 294 553 331 τύχῃ
564 303 570 310 ·
595 296 627 322 ἵν’
638 296 699 323 ὅσον
726 296 756 323 τδ
779 297 821 331 ἐφ’
831 296 907 331 ὑμῖν,

127 339 161 374 μὴ
176 339 299 374 θλίϐηται
312 340 326 366 ὀ
342 339 474 375 μακάριος
493 340 605 374 ἀδελφὸς
627 342 712 376 ὑμῶν.
741 342 769 367 Ὀ
794 341 847 377 γὰρ
865 341 909 368 διὰ

122 386 152 411 τὸ
170 385 254 420 ὄνομα
274 386 376 420 Κυρίου
394 386 442 412 τοῦ
469 386 536 412 Θεοῦ
555 387 814 422 καταδικαζόμενος,
833 383 909 418 οὗτος

126 431 229 466 μάρτυς
247 431 334 465 ἅγιος,
358 431 469 465 ἁδελφὸς
492 432 538 458 τοῦ
558 433 671 467 Κυρίου,
694 434 750 465 υίὸς
765 434 811 459 τοῦ
833 434 908 468 Ὑψί-

125 486 200 510 στου,
221 477 322 511 δοχεῐον
338 477 384 503 τοῦ
405 477 480 511 ἁγίου
506 478 674 513 Πνεῦματος,
703 478 776 505 διὀὗ
803 480 908 507 καὶτὸν

124 523 260 558 φωτισμὸν
288 524 336 558 τῆς
363 523 439 558 δόξης
462 524 508 550 τοῦ
532 525 608 558 ἁγίου
628 526 791 559 Εὑαγγελίου
816 526 909 552 ἐλαϐεν

123 569 236 599 ἕκαστος
249 568 303 594 τῶν
312 569 427 595 πιστῶν·
440 571 467 595 ἐν
482 570 520 604 τῷ
531 570 731 606 καταξιωθῆναι
741 571 787 597 τοῦ
803 571 907 607 ἀφθάρ-

123 625 168 642 του
184 615 239 650 (68)
257 616 398 649 στεφάνου,
416 616 463 642 καὶ
477 617 524 651 τῆς
541 617 692 652 μαρτυρίας
706 617 759 642 τῶν
779 617 907 652 παθημά-

122 671 175 688 των
196 661 293 693 αὑτοῦ,
314 661 360 687 καὶ
378 662 427 696 τῆς
446 662 586 693 κοινωνίας
604 662 650 688 τοῦ
671 662 785 697 αἵματος
810 662 906 695 αὑτοῦ,

124 707 355 742 συμμορφωθῆναι
374 708 412 742 τῷ
433 707 538 742 θανάτῳ
557 708 604 733 τοῦ
625 708 742 743 Χριστοῦ
762 709 801 739 εἰς
820 708 907 734 υἱοθε-

124 754 191 779 σίαν.
213 753 313 779 Τούτου
333 751 378 779 οὖν
397 753 487 779 ἕνεκεν
506 754 624 784 ἅπαντες
641 755 665 779 οἱ
685 754 784 786 πιστοὶ,
804 753 848 780 διὰ
862 754 908 780 τοῦ

123 798 270 824 ἐπισκόπου
292 799 378 832 ὑμῶν,
400 800 431 824 ἐκ
449 799 501 825 τῶν
521 799 696 834 ὑπαρχόντων
716 799 791 834 ὑμῶν
811 799 856 825 καὶ
876 800 908 825 ἐκ

121 844 168 870 τοῦ
190 844 274 870 κόπου
292 845 466 879 διακονήσατε
490 846 545 875 τοῖς
565 845 660 879 ἁγίοις.
682 845 713 871 Εἰ
737 845 765 871 δὲ
784 845 833 871 οὐκ
852 845 908 880 ἔχει

121 899 176 923 τις,
194 890 358 925 νηστεύσας,
379 890 408 915 τὸ
427 891 475 925 τῆς
494 891 599 925 ἡμέρας
616 891 662 916 καὶ
683 891 809 926 μερίσας,
830 892 908 918 τοῦτο

122 936 260 968 ὲκταξᾶιτω
275 938 330 967 τοῖς
342 936 436 969 ἁγίοις.
449 936 517 962 Εἰδέ
531 945 571 967 τις
585 937 613 962 ἐν
624 937 765 972 περιουσίᾳ
780 937 906 972 ὑπάρχει,

121 983 168 1009 καὶ
186 982 276 1008 πλεῖόν
299 990 324 1007 τι
341 982 411 1008 κατὰ
431 982 574 1015 ἀναλογίαν
594 982 642 1016 τῆς
664 982 803 1016 δυνάμεως
822 983 904 1009 αὐτοῦ

120 1028 274 1054 διακονείτω
282 1028 379 1059 αὐτοῖς.
395 1028 426 1053 Εἰ
438 1027 468 1060 ,δὲ
484 1028 530 1053 καὶ
543 1025 596 1059 οἶός
611 1028 639 1053 τέ
657 1028 728 1053 ἐστιν
742 1029 848 1055 ἅπαντα
862 1029 907 1054 τὸν

123 1074 178 1108 βίον
190 1074 286 1100 ἑαυτοῦ
293 1073 456 1108 ἀποδόμενος
465 1073 594 1109 ῥύσασθαι
602 1074 698 1104 αὐτοὺς
706 1075 737 1099 ἐκ
749 1073 795 1099 τοῦ
804 1074 907 1109 δεσμω-

120 1121 225 1155 τηρίου,
248 1120 379 1155 μακάριος
399 1120 484 1151 ἔσται,
505 1120 551 1145 καὶ
570 1120 645 1153 φίλος
666 1120 712 1146 τοῦ
734 1120 861 1155 Χριστοῦ.
875 1121 906 1146 Εἰ

121 1165 173 1201 γὰρ
187 1167 201 1192 ὁ
216 1166 249 1192 τὰ
265 1166 420 1200 ὑπάρχοντα
436 1167 551 1200 πτωχοῖς
565 1166 636 1198 δοὺς,
652 1166 761 1198 τέλειος,
776 1167 844 1201 μετὰ
857 1167 906 1202 τὴν

122 1212 184 1247 περὶ
200 1211 254 1238 τῶν
279 1211 356 1237 θείων
372 1212 471 1245 γνῶσιν
491 1211 545 1246 (69)
559 1220 565 1226 ·
586 1211 675 1246 πολλῴ
695 1212 792 1246 μᾶλλον
807 1214 821 1239 ὁ
837 1212 905 1247 ὑπὲρ

123 1258 277 1293 μαρτύρων.
303 1260 331 1284 ὐ
351 1258 405 1293 γὰρ
426 1258 558 1290 τοιοῦτος,
579 1257 652 1289 ἄξιος
671 1257 737 1284 Θεοῦ
766 1258 904 1293 ὑπάρξας,

121 1303 258 1339 πληρώσει
271 1304 301 1330 τὸ
316 1303 419 1338 θέλημα
434 1303 525 1335 αὐτοῦ,
541 1305 695 1339 χορηγήσας
704 1304 826 1337 ἐκείνοις,
841 1304 906 1331 οἵτι-

121 1359 164 1381 νες
177 1351 257 1377 αὐτὸν
272 1350 447 1385 ὡμολόγησαν
461 1350 574 1376 ἐνώπιον
590 1349 683 1382 ἐθνῶν,
698 1350 744 1375 καὶ
761 1349 903 1384 βασιλέων,

121 1396 185 1422 υἱῶν
199 1404 229 1421 τε
251 1395 367 1430 Ἰσραὴλ,
378 1395 440 1430 περ).
454 1392 490 1420 ὧν
500 1397 513 1421 ὁ
524 1396 625 1430 Κύριος
636 1395 792 1430 ἀπεφήνατο
805 1395 900 1429 λέγων·

124 1451 132 1466 ι
151 1443 200 1473 Ὃς
216 1441 248 1468 ἂν
262 1441 414 1477 ὁμολογήσῃ
434 1442 461 1466 ἐν
480 1441 540 1475 ἐμοὶ
561 1440 711 1476 ἔμπροσθεν
730 1440 783 1466 τῶν
802 1439 906 1476 ἀνθρώ-

121 1495 192 1518 πων,
216 1486 372 1521 ὁμολογήσω
387 1485 463 1519 κάγὼ
481 1487 509 1511 ὲν
529 1486 602 1521 αὐτῷ
622 1486 773 1522 ἔμπροσθεν
787 1486 833 1512 τοῦ
848 1486 905 1512 Πα-

119 1533 182 1568 τρός
199 1541 248 1567 μου
266 1532 329 1566 (70).
350 1541 358 1557 ι
375 1533 430 1558 Καὶ
446 1533 469 1558 εί
484 1532 595 1558 τοιοῦτοί
619 1534 701 1565 εἰσιν,
726 1533 763 1564 ὡς
782 1533 828 1559 καὶ
853 1532 905 1559 ὑπὸ

119 1578 236 1613 Χριστοῦ
252 1579 297 1604 ἐπὶ
310 1578 356 1604 τοῦ
372 1579 475 1613 Πατρὸς
491 1580 587 1610 αὐτοὺς
605 1579 808 1614 μαρτυρεῖσθαι,
826 1579 905 1614 ὑμεῖς

119 1626 166 1651 οὐκ
175 1625 296 1658 ὀφείλετε
303 1625 510 1659 ὲπαισχυνθῆναι
517 1625 622 1651 ἀπιέναι
633 1625 700 1660 πρὸς
710 1625 806 1656 αὐτοὺς
814 1626 841 1651 ὲν
847 1626 905 1657 ταῖς

120 1671 262 1705 φυλακαῖς.
282 1670 365 1697 Τοῦτο
383 1670 437 1706 γὰρ
455 1671 623 1705 ποιησάντων
643 1671 733 1705 ὑμῶν,
758 1670 904 1706 μαρτύριον

120 1716 184 1752 ὑμῖν
192 1716 400 1751 λογισθήσεται·
417 1717 457 1742 ὅτι
472 1716 584 1747 ἐκείνοις
600 1716 648 1751 μὲν
664 1718 744 1752 πεῖρα
758 1717 787 1743 τὸ
804 1717 904 1753 μαρτύ-

119 1771 176 1797 ριον
199 1761 333 1797 ὑπῆρξεν,
354 1763 415 1797 ὑμῖν
434 1763 462 1788 δὲ
483 1762 582 1797 ἑτέρως
602 1760 672 1797 (71),
693 1762 843 1797 προθυμία,
867 1763 904 1793 ὡς

117 1808 254 1839 κοινωνοῖς
268 1808 316 1843 τῆς
330 1807 467 1842 ἀθλήσεως
481 1808 577 1834 αὐτῶν.
594 1808 673 1842 Λέγει
688 1808 741 1843 γάρ
756 1817 806 1834 που
820 1810 833 1834 ὀ
850 1808 904 1834 Κύ-

118 1864 175 1890 ριος
192 1854 257 1890 πρὸς
272 1854 334 1885 τοὺς
349 1854 493 1887 τοιούτους,
510 1854 620 1888 φάσκων
631 1862 638 1868 ·
658 1863 667 1879 ‹
686 1853 766 1880 Δεῦτε
785 1854 809 1880 οἱ
828 1854 902 1879 εὐλο-

116 1901 231 1936 γημένοι
249 1900 294 1925 τοῦ
314 1900 418 1935 Πατρός
444 1909 509 1934 μου,
530 1900 747 1935 κληρονομήσατε
766 1899 815 1934 τὴν
829 1900 902 1934 ἡτοι-

119 1946 260 1981 μασμένην
289 1946 352 1980 ὑμῖν
382 1945 519 1980 βασιλείαν
546 1946 600 1972 ἀπὸ
619 1946 767 1981 καταϐολῆς
787 1947 899 1981 κόσμου.

123 1992 269 2018 Ἐπείνασα
289 1991 352 2027 γὰρ,
374 1992 420 2018 καὶ
444 1991 561 2017 ἐδώκατὲ
584 2000 627 2026 μοι
651 1992 755 2025 φαγεῖν,
772 1992 899 2027 ἐδίψησα,

116 2038 163 2064 καὶ
181 2038 324 2064 ἐποτίσατέ
346 2046 388 2072 με,
415 2037 486 2069 ξένος
504 2038 588 2073 ἥμην,
607 2038 653 2064 καὶ
669 2038 835 2072 συνηγάγετέ
856 2046 899 2072 με,

116 2083 229 2118 γυμνὸς,
241 2083 287 2109 καὶ
302 2083 475 2118 περιεϐάλετέ
492 2092 535 2118 με,
551 2083 664 2117 ἀσθενὴς
679 2083 761 2118 ήμην,
782 2083 828 2109 καὶ
843 2084 902 2109 ἐπι-

117 2128 251 2163 σκέψασθέ
269 2137 316 2163 με·
333 2130 361 2155 ὲν
376 2129 481 2163 φυλακῇ
497 2129 579 2163 ἤμην,
596 2129 642 2154 καὶ
659 2128 753 2164 ἤλθετε
769 2128 836 2164 πρός
855 2138 897 2163 με.

116 2174 183 2200 Τότε
197 2174 423 2209 ἀποκριθήσονται
438 2175 510 2209 αὐτῷ
525 2175 549 2200 οί
565 2174 672 2206 δίκαιοι,
689 2175 827 2208 λέγοντες·
845 2175 899 2202 Κύ-

117 2229 169 2254 ριε,
185 2220 249 2246 ποτε
266 2229 294 2246 σε
310 2221 397 2255 ίδομεν
414 2221 559 2253 πεινῶντα,
577 2220 623 2246 κού¹
641 2220 808 2255 ἐθρέψαμεν,
828 2220 844 2255 ἢ
858 2221 898 2248 δι-

962 297 1096 332 afﬂigantur
1111 297 1207 325 beatus
1219 296 1303 324 frater
1317 300 1420 324 vester.
1431 296 1484 330 Qui
1495 297 1567 325 enim
1582 298 1617 326 ob
1631 298 1739 326 Domini

961 343 1007 371 Dei
1029 351 1127 371 nomen
1143 343 1350 375 condemnatur,
1373 344 1417 370 hic
1432 347 1474 371 est
1496 348 1608 372 sanctus
1622 351 1738 380 martyr,

961 389 1044 417 frater
1056 389 1174 422 Domini,
1191 390 1263 417 ﬁlius
1279 390 1422 421 Altissimi,
1437 391 1638 424 receptaculum
1651 392 1738 418 sancti

961 436 1021 470 (per
1036 445 1117 471 quem
1133 437 1358 464 illuminalionem
1374 437 1465 471 gloria:
1492 437 1578 464 sancti
1601 437 1739 473 Evangelii

960 486 1122 517 acceperunt
1137 482 1236 517 singuli
1254 482 1348 509 ﬁdeles
1362 482 1401 518 ⁷³)
1420 482 1552 517 Spiritus;
1563 483 1626 518 quia
1641 483 1740 519 dignus

959 528 1068 556 habitus
1081 532 1123 556 est
1137 529 1294 563 incorrupta
1305 536 1405 555 corona
1419 528 1453 561 ⁸ο,
1465 533 1493 556 et
1507 530 1662 556 testimonio
1678 522 1740 564 pas-

960 576 1067 602 sionum
1083 574 1186 602 Christi
1202 576 1234 607 '“,
1250 579 1277 602 et
1293 576 1423 603 societate
1446 576 1588 610 sanguinis
1609 576 1686 611 ejus,
1711 581 1741 605 ut

960 622 1048 656 ipsius
1074 623 1156 648 morti
1181 622 1396 657 conﬁguraretur
1414 622 1441 649 in
1464 622 1635 657 adoptionem
1650 623 1682 649 ⁸³.
1699 622 1740 650 Ob

959 667 1030 695 hanc
1049 668 1132 702 igitur
1143 675 1267 699 causam,
1286 676 1381 695 omnes
1397 668 1499 701 ﬁdeles,
1516 677 1564 703 per
1581 670 1740 705 episcopum

959 717 1095 745 vestrum,
1117 722 1149 740 ex
1168 714 1268 741 vestris
1287 714 1366 741 bonis
1385 722 1416 741 ac
1438 715 1587 746 laboribus,
1606 715 1741 746 subminis

959 763 1045 787 strate
1057 760 1169 787 sanctis.
1186 760 1262 793 Quod
1278 761 1301 787 si
1316 762 1378 796 quis
1391 769 1446 788 non
1461 761 1568 793 habeat,
1582 762 1698 796 jejunet,
1712 766 1740 790 et

959 805 1048 832 cibum
1065 806 1124 840 ejus
1139 806 1191 832 diei
1214 806 1341 840 partitus,
1364 807 1483 834 destinet
1498 807 1610 835 sanctis.
1630 807 1659 834 Si
1676 808 1740 843 quis

959 856 1048 879 autem
1063 852 1091 879 in
1107 852 1273 880 abundantia
1294 857 1429 885 versatur,
1455 853 1515 888 plus
1530 854 1622 885 etiam,
1641 862 1740 881 secun-

924 936 945 964 Β
958 897 1023 924 dum
1045 899 1246 933 proportionem
1273 898 1410 926 facultatis
1430 907 1495 931 suae,
1513 900 1553 927 eis
1569 899 1736 934 suppeditet.

962 953 1014 964 μ-
1031 961 1092 964 ,μμ
1107 954 1127 964 ,ε
1249 957 1286 964 ιμ
1300 954 1344 964 ω,
1365 954 1433 964 me.
1449 963 1457 964 κ
1563 956 1580 964 .-

958 953 1017 980 Jam
1031 961 1095 981 vero
1106 954 1129 980 si
1146 957 1233 988 potest
1249 954 1347 980 tradita
1361 954 1434 981 omni
1447 955 1599 982 substantia
1617 964 1677 988 sua,
1690 964 1738 983 eos

957 1007 989 1026 ex
1003 1007 1112 1027 carcere
1128 1000 1254 1030 liberare,
1269 1000 1364 1026 beatus
1379 1000 1441 1033 erit,
1458 1008 1488 1027 ac
1504 1001 1606 1029 Christi
1621 1002 1735 1029 amicus.

957 1044 1022 1071 Nam
1035 1054 1096 1072 cum
1111 1046 1144 1076 is,
1155 1046 1199 1080 qui
1212 1046 1281 1072 bona
1293 1053 1340 1072 sua
1350 1047 1514 1081 pauperibus
1529 1047 1584 1079 dat,
1602 1047 1737 1081 perfectus

957 1091 992 1118 sit
1007 1092 1041 1123 ⁸⁸,
1059 1096 1118 1125 post
1134 1091 1316 1126 cognitionem
1343 1099 1433 1118 rerum
1455 1092 1626 1123 divinarum.
1651 1094 1737 1120 multo

956 1138 1102 1173 perfectior
1112 1137 1164 1164 erit
1178 1137 1224 1172 qui
1241 1145 1289 1172 pro
1306 1139 1471 1173 martyribus
1484 1143 1580 1165 cuncta
1596 1139 1735 1174 largietur.

957 1183 1097 1218 Siquidem
1124 1183 1179 1210 Deo
1203 1183 1302 1218 dignus
1323 1184 1454 1217 existens,
1477 1185 1643 1212 voluntatem
1675 1186 1736 1220 ejus

955 1230 1285 1265 cxsequetur,prmbendo
1301 1230 1333 1257 iis
1348 1231 1393 1264 qui
1405 1230 1528 1257 eumdem
1542 1231 1611 1265 apud
1629 1235 1734 1266 gentes,

956 1280 982 1303 et
997 1284 1085 1311 reges,
1107 1279 1131 1303 cl
1152 1276 1260 1302 [sx-aclis
1284 1275 1355 1303 ﬁlios
1371 1276 1488 1303 confessi
1514 1282 1576 1303 sunt
1596 1278 1629 1309 “,
1655 1285 1687 1304 ac
1703 1278 1737 1306 de

955 1322 1054 1356 quibus
1069 1321 1200 1349 Dominus
1215 1322 1403 1356 pronuntiavit
1420 1323 1513 1350 dicens
1531 1331 1537 1348 ε
1558 1332 1567 1349 ι
1587 1323 1636 1356 Qui
1652 1325 1736 1351 conﬁ-

955 1374 1028 1397 letur
1042 1378 1085 1397 me
1104 1376 1196 1397 coram
1212 1369 1379 1401 hominibus,
1393 1370 1543 1397 conﬁtebor
1560 1376 1587 1398 et
1610 1379 1658 1405 ego
1673 1380 1735 1398 cum

956 1424 1046 1444 coram
1063 1416 1142 1443 Patre
1157 1423 1216 1442 meo
1231 1415 1263 1442 ⁸⁵.
1284 1425 1293 1441 ι
1314 1415 1402 1450 Atque
1423 1416 1446 1443 si
1463 1416 1501 1442 illi
1518 1417 1588 1444 tales
1604 1421 1678 1449 sunt,
1705 1423 1735 1445 ut

956 1464 1142 1491 testimonium
1167 1470 1181 1488 a
1207 1462 1317 1489 Christo
1343 1462 1413 1497 apud
1440 1462 1547 1490 Patrem
1561 1472 1734 1498 consequan<

957 1513 1017 1542 tur;
1045 1517 1099 1536 non
1113 1509 1192 1535 debet
1204 1508 1304 1543 pudere
1317 1516 1374 1540 vos,
1392 1508 1425 1535 ad
1452 1516 1499 1536 eos
1526 1510 1553 1535 in
1578 1511 1734 1538 carceribus

956 1558 1061 1592 positos
1077 1556 1215 1583 accedere.
1238 1555 1260 1572 ⁸⁸
1279 1555 1335 1581 Hoc
1349 1555 1421 1582 enim
1437 1563 1498 1582 cum
1521 1555 1641 1583 feceritis
1652 1576 1658 1588 ,
1685 1565 1735 1592 pro

919 1609 940 1637 ο
957 1603 1088 1639 martyrio
1101 1602 1178 1629 vobis
1200 1602 1397 1636 imputabitur:
1420 1602 1548 1636 quoniam
1564 1603 1602 1629 illi
1625 1603 1733 1638 quidem

955 1654 1089 1684 martyres
1132 1648 1241 1675 fuerunt
1265 1647 1447 1682 experiendo;
1475 1656 1524 1675 vos
1551 1656 1615 1675 vero
1640 1649 1733 1680 aliter,

955 1703 1051 1731 nempe
1062 1695 1178 1721 alacrem
1192 1694 1344 1721 exhibendo
1356 1694 1532 1725 voluntatem,
1548 1699 1577 1721 ut
1588 1695 1734 1729 participes

955 1741 1114 1768 certaminis
1130 1740 1249 1767 illorum.
1265 1739 1304 1765 Ad
1322 1739 1388 1766 tales
1405 1747 1520 1774 namque
1534 1740 1576 1767 his
1590 1741 1681 1768 verbis
1695 1741 1735 1768 lo-

954 1789 1047 1823 quitur
1065 1787 1197 1814 Dominus
1214 1794 1219 1811 :
1240 1795 1248 1810 ‹
1264 1784 1370 1818 Venite,
1385 1786 1518 1813 benedicti
1545 1786 1634 1814 Patris
1659 1787 1732 1818 mei,

955 1835 1092 1869 possidete
1119 1837 1240 1867 paratum
1261 1832 1338 1859 vobis
1362 1840 1474 1867 regnum
1501 1840 1516 1858 a
1538 1833 1734 1861 constitutione

954 1881 1058 1908 mundi.
1076 1879 1182 1907 Esurivi
1194 1879 1314 1910 enim,et
1332 1878 1446 1905 dedistis
1467 1878 1532 1905 mihi
1548 1879 1732 1911 manducare;

954 1939 1037 1970 sitivi,
1055 1943 1081 1966 et
1096 1937 1210 1965 dedistis
1224 1936 1290 1963 mihi
1302 1937 1393 1963 bibere
1407 1945 1416 1969 ;
1430 1936 1528 1971 hospes
1543 1944 1627 1969 eram,
1643 1941 1669 1964 et
1679 1938 1733 1964 col-

953 1986 1056 2021 legistis
1066 1993 1123 2017 me;
1137 1983 1237 2015 nudus,
1250 1986 1277 2009 et
1288 1982 1434 2016 operuistis
1446 1990 1501 2008 me:
1513 1982 1636 2009 inﬁrmus
1647 1991 1731 2015 eram,

952 2037 978 2059 et
991 2031 1122 2059 visitastis
1144 2039 1186 2058 me
1206 2039 1212 2056 ι
1229 2031 1254 2057 in
1275 2037 1385 2057 carcere
1407 2036 1497 2059 eram,
1520 2032 1546 2055 et
1569 2029 1682 2056 venistis
1698 2028 1732 2055 ad

953 2086 1005 2105 me.
1022 2078 1099 2104 Tunc
1111 2076 1313 2112 respondebunt
1327 2076 1350 2102 ei
1364 2075 1441 2110 justi,
1453 2074 1574 2101 dicentes
1587 2084 1593 2101 :
1607 2074 1730 2106 Domine.

952 2124 1060 2159 quando
1077 2128 1102 2151 te
1113 2123 1230 2150 vidimus
1245 2122 1420 2152 esurientem,
1436 2124 1463 2147 et
1475 2121 1618 2154 parimus?
1629 2125 1675 2148 aut
1691 2122 1730 2148 si-

952 2171 1073 2202 tientem,
1091 2173 1116 2197 et
1128 2169 1252 2196 dedimus
1267 2168 1380 2203 potum?
1392 2166 1505 2199 Quando
1517 2171 1607 2193 autem
1622 2171 1647 2194 te
1661 2167 1731 2193 vidi-

951 2225 1012 2243 mus
1026 2216 1139 2247 nudum,
1155 2218 1182 2242 et
1193 2213 1403 2249 cooperuimus?
1424 2216 1470 2239 aut
1483 2212 1631 2243 inﬁrmum,
1648 2216 1674 2239 et
1688 2212 1730 2239 vi-

114 2266 218 2300 ψῶντα,
237 2267 284 2292 καὶ
302 2267 478 2302 serotinum;
500 2267 563 2292 πότε
582 2266 610 2293 δέ
630 2275 658 2292 σε
674 2266 763 2301 ἴδομεν
778 2266 896 2301 γυμνὸν,

954 2262 1110 2290 sitavimus?
1120 2261 1229 2296 quando
1240 2268 1304 2288 vero
1319 2264 1344 2287 te
1354 2259 1469 2286 vidimus
1481 2259 1624 2293 hospitem,
1639 2262 1666 2285 et
1674 2259 1730 2285 col-

114 2312 163 2337 καὶ
187 2312 401 2348 περιεϐάλομεν;
431 2313 446 2347 ἢ
469 2313 577 2347 ἀσθενῆ,
601 2312 648 2340 καὶ
669 2311 897 2347 ἐπεσκεψάμεθας

114 2357 180 2383 πότε
205 2358 233 2384 δέ
255 2367 284 2384 σε
307 2358 393 2393 ἴδομεν
415 2358 502 2390 ξένον,
528 2358 574 2384 καὶ
602 2358 807 2392 συνηγάγομεη
831 2357 846 2392 ἦ
870 2358 898 2383 ἐν

113 2403 231 2438 φυλακῇ,
253 2404 298 2430 καὶ
319 2404 432 2438 ἧλθομεν
455 2404 521 2439 πρὸς
539 2403 582 2435 es;
598 2404 652 2429 Καὶ
671 2402 828 2438 ἀποκριθεὶς
843 2403 900 2438 ἐρεῖ

113 2449 205 2480 αὐτοῖς
214 2458 220 2464 ·
243 2449 367 2483 Ἐφ’ὄσον
381 2451 525 2484 ἐποιήσατε
540 2450 580 2476 ἐν).
594 2449 694 2475 τούτων
709 2449 762 2475 τῶν
777 2449 898 2482 ἀδελφῶν

115 2503 167 2528 μου
181 2494 234 2521 τῶν
247 2495 402 2530 ἐλαχίστων,
419 2497 478 2530 ἐμοὶ
492 2497 644 2530 ἐποιήσατε.
661 2497 715 2523 Καὶ
733 2496 897 2524 ἀπελεύσον-

111 2548 158 2565 ται
173 2536 244 2567 οὗτοι
271 2542 309 2572 εἰς
330 2539 401 2576 ζωὴν
422 2541 537 2570 αἰώνιον.
559 2543 623 2569 Τότε
644 2542 702 2578 ἐρεῖ
721 2543 767 2569 καὶ
789 2544 843 2574 τοῖς
867 2542 896 2574 ἐξ

150 2618 174 2634 "
186 2618 207 2646 11
220 2618 282 2653 Cor.
297 2627 333 2650 Iv,
344 2620 370 2647 4.

112 2655 137 2672 ⁸⁸
152 2653 247 2682 Matth.
262 2662 290 2687 x,
304 2655 348 2682 52.
385 2655 408 2679 9“
419 2655 504 2691 lgnat.
524 2656 650 2692 interpol.
672 2657 705 2684 ad
722 2653 832 2692 Smyrn.
846 2656 872 2683 9.
892 2671 899 2677 -

409 2621 432 2656 ’ξ’
448 2621 533 2650 ICor.
548 2629 586 2653 lx,
603 2621 647 2649 25.
685 2621 707 2637 ⁸¹
723 2621 821 2656 Philip.
838 2629 880 2653 ιιι,
898 2623 903 2647 ι

979 2621 1002 2637 ⁸¹
1016 2621 1113 2656 Ephes.
1130 2628 1150 2653 ι,
1163 2621 1190 2648 5.
1227 2620 1250 2637 ³³
1264 2620 1357 2648 Matth.
1370 2629 1426 2654 ιιι,
1437 2620 1483 2648 2L

952 2309 1082 2345 legimus?
1102 2309 1143 2335 vel
1159 2308 1187 2334 in
1208 2314 1328 2339 carcere,
1347 2310 1373 2333 et
1387 2305 1511 2332 venimus
1525 2305 1559 2331 ad
1577 2305 1625 2332 te?
1639 2304 1672 2333 Et
1687 2312 1730 2331 re-

952 2356 1089 2391 spondens
1101 2355 1173 2382 dicet
1195 2354 1267 2381 illis:
1284 2353 1423 2386 Quatenus
1440 2351 1544 2379 fecistis
1569 2351 1617 2378 uni
1637 2359 1669 2378 ex
1686 2351 1728 2378 his

949 2401 1080 2428 fratribus
1097 2400 1164 2428 meis
1179 2399 1310 2430 minimis,
1332 2399 1398 2426 mihi
1425 2397 1539 2425 fecistis.
1562 2396 1594 2423 Et
1608 2398 1685 2424 ibunt
1701 2397 1727 2424 hi

949 2444 1070 2474 invitam
1085 2451 1224 2473 :eternam.
1242 2445 1317 2472 Tunc
1332 2446 1402 2473 dicet
1413 2450 1439 2473 et
1455 2446 1488 2473 iis
1512 2446 1557 2480 qui
1573 2453 1588 2472 a
1608 2445 1727 2473 sinistris

948 2496 1028 2519 erunt
1045 2502 1051 2520 :
1070 2492 1204 2520 Discedite
1219 2500 1233 2518 a
1248 2500 1301 2524 me,
1318 2491 1465 2524 maledicti,
1482 2492 1510 2518 in
1535 2492 1623 2526 ignem
1648 2495 1727 2518 (cter—

948 2547 1023 2572 num,
1036 2540 1081 2574 qui
1091 2543 1202 2574 paratus
1214 2541 1255 2565 est
1267 2538 1374 2564 diabolo
1389 2542 1414 2564 et
1426 2538 1527 2572 angelis
1539 2538 1608 2572 ejus.
1618 2536 1725 2564 Esurivi

1520 2619 1612 2647 "Act.
1623 2627 1664 2653 ix,
1679 2617 1723 2647 15.

763 2733 944 2762 VARIORUM
961 2733 1077 2761 ΝΟΤΛΕ.

147 2802 202 2839 (67)
221 2802 475 2839 Μισθαπςρδοσίαν.
485 2801 559 2839 alter
572 2801 634 2839 cod.
646 2801 803 2839 θεραπείαν,
814 2801 892 2839 quod

110 2836 224 2872 melius;
237 2837 370 2872 stipendia
379 2837 451 2872 enim
460 2836 559 2872 milites
569 2843 585 2872 aq
594 2836 700 2872 caesare
710 2836 889 2872 accipiebant,

110 2870 159 2901 Sed
176 2873 244 2900 nihil
255 2870 363 2899 vetabat
376 2871 441 2908 quin
457 2878 472 2897 a
486 2870 649 2908 Christianis
664 2878 777 2908 munera
791 2871 887 2901 obser<

110 2909 208 2935 vautia;
224 2914 318 2936 causa,
337 2904 592 2940 acciperent.VC'u:n.

146 2943 200 2979 (68)
226 2939 490 2977 Ἀφθὰρτουίῡεεει
502 2939 528 2966 in
539 2939 629 2966 'altcro
643 2939 745 2967 codice.
760 2940 798 2967 In.

974 2800 1031 2861 ί(69)
1050 2800 1131 2827 Μετὰ
1145 2800 1205 2839 rip:
1216 2798 1284 2832 περὶ
1299 2798 1359 2826 τῶν
1372 2800 1458 2827 θείων
1469 2800 1590 2834 γνῶσιν.
1602 2799 1632 2827 ιιι
1639 2799 1726 2828 altero

995 2856 1000 2861 .
1016 2835 1086 2861 κατὰ
1095 2836 1144 2861 τὴν
1159 2844 1207 2861 του
1222 2835 1325 2861 Κυρίου
1339 2833 1470 2861 διάταξιν.
1483 2834 1520 2861 In.

940 2833 1000 2863 cod.
1016 2833 1086 2862 κατὰ
1095 2836 1144 2870 τὴν
1159 2834 1207 2861 τοῦ
1222 2835 1325 2870 Κυρίου
1339 2833 1520 2867 διάταξινζῐιι.

962 2871 1027 2913 ,(70)
1040 2869 1160 2916 ματρός
1170 2878 1239 2916 μου.
1259 2869 1341 2916 λξᾰείίῐ
1356 2870 1424 2897 alter
1444 2871 1530 2916 codex
1552 2870 1599 2897 τοῦ
1610 2870 1647 2916 εν
1668 2870 1725 2904 τοῖς

942 2906 1427 2976 °”l’%if“-b3,?3§."iﬁi’?&u‘i’$
1433 2905 1565 2973 933.3%.
