4064 6264
589 398 688 453 851

1426 396 1483 451 S.
1523 388 1917 453 CLEMEN’I‘IS
1956 396 1979 451 Ι
2016 395 2187 453 ROM.
2228 395 2431 452 ΡΟΝΤ.
2474 395 2705 454 OPERA
2743 397 2975 454 DUBIA.

3738 403 3844 471 85?.

586 512 755 575 enim,
787 521 841 567 et
857 524 963 565 non
981 509 1209 565 dedistis
1229 508 1360 563 mihi
1380 508 1739 573 manducare;
1773 508 2026 573 sitivi,.et
2054 526 2164 565 non

2267 507 2559 579 εὐωνύμων
2579 527 2592 539 ·
2626 510 2929 581 Πορεύεσθε
2956 511 3050 564 ἀπ’
3069 512 3225 581 ἐμοῦ,
3258 511 3308 564 οἱ
3349 512 3738 585 κατηραμένοι,
3770 518 3845 574 εις

585 604 816 659 dedistis
858 603 991 657 mihi
1032 611 1248 672 potum;
1299 602 1497 672 hospes
1523 588 1698 664 eram,
1748 608 1803 656 et
1834 616 1944 655 non
1994 602 2161 657 colle-

584 698 742 767 gistis
771 712 891 759 me;
926 696 1128 759 nudus,
1162 703 1215 750 et
1245 710 1354 749 non
1388 694 1687 763 operuistis
1718 708 1839 761 me;
1868 693 2119 750 infirmus
2141 733 2157 758 ,

583 798 637 842 et
670 790 723 842 in
751 803 993 851 carcere,
1018 795 1071 841 et
1092 803 1200 841 non
1230 787 1497 841 visitastis
1533 802 1639 841 me.
1676 785 1832 840 Tunc
1860 787 2162 857 responde-

583 883 718 947 bunt
743 888 796 934 et
823 880 946 949 ipsi,
981 878 1263 934 dicentes:
1303 878 1546 941 Domine,
1578 877 1800 948 quando
1830 887 1882 934 te
1924 880 2159 957 vidimus

583 972 940 1036 esurientem,
988 980 1082 1023 aut
1113 970 1411 1034 sitientem,
1444 980 1538 1024 aut
1570 970 1865 1040 hospitem,
1914 979 2008 1025 aut
2055 988 2158 1026 nu-

583 1063 733 1124 dum,
766 1070 860 1117 aut
889 1064 1185 1127 infirmum,
1219 1070 1312 1116 aut
1352 1063 1409 1116 in
1438 1078 1687 1129 carcere;
1729 1071 1783 1116 et
1834 1078 1945 1117 non
1993 1064 2157 1117 mini-

584 1157 878 1211 stravimus
929 1156 1059 1209 tibi?
1089 1154 1245 1209 Tunc
1275 1155 1629 1225 respondebit
1668 1162 1724 1210 et
1753 1155 1881 1219 illis,
1920 1157 2110 1212 dicens
2138 1175 2152 1211 :

582 1247 752 1302 Amen
784 1246 907 1301 dico
938 1246 1117 1311 vobis,
1148 1254 1420 1316 quatenus
1443 1262 1552 1301 non
1583 1245 1795 1308 fecistis.
1823 1248 1919 1302 uni
1961 1263 2025 1303 ex
2070 1248 2156 1305 his

581 1339 847 1403 minimis,
898 1355 998 1393 nec
1028 1340 1163 1393 mihi
1190 1340 1419 1395 fecistis.
1459 1340 1523 1394 Et
1556 1340 1709 1394 ibunt
1741 1340 1794 1393 hi
1844 1340 1899 1395 in
1947 1341 2156 1411 suppli—

581 1435 724 1487 cium
749 1441 1012 1488 arternum
1044 1432 1110 1487 ⁸⁷,
1150 1451 1170 1485 ›

2262 603 2324 655 τὸ
2353 601 2462 673 πῦρ
2489 603 2549 654 τὸ
2590 601 2801 655 αἰώνιον
2842 603 2903 655 τὸ
2941 604 3341 675 ἡτοιμασμένον
3381 604 3458 675 τῷ
3494 604 3728 677 διαϐόλῳ
3756 610 3848 663 καὶ

2260 696 2373 756 τοῖς
2400 695 2651 762 ἀγγέλοις
2670 695 2855 747 αὑτοῦ.
2894 696 3185 749 Ἐπείνασα
3211 695 3341 767 γὰρ,
3372 697 3466 749 καὶ⁵
3493 697 3594 751 οὐκ
3608 696 3849 757 ἐδώκατέ

2266 802 2357 857 μοι
2400 790 2613 855 φαγεῖν·
2659 786 2911 857 ἐδίψησα,
2952 789 3047 841 καὶ
3078 788 3177 841 οὐκ
3218 788 3507 842 ἐποτίσατέ
3564 808 3631 861 με
3655 808 3669 821 ο
3704 791 3849 856 ξένος

2262 880 2430 951 ήμην,
2464 882 2558 934 καὶ
2583 881 2644 934 οὐ
2678 879 3013 951 συνηγάγετέ
3045 896 3134 951 με’
3183 883 3409 950 γυμνὸς,
3439 882 3535 935 καὶ
3567 881 3629 935 οὐ
3660 900 3849 955 περιε-

2262 970 2454 1024 ϐάλετέ
2486 987 2584 1043 με’
2615 972 2867 1043 ἀσθενὴς,
2896 972 2991 1025 καὶ
3019 973 3076 1025 ἐν
3108 970 3343 1043 φυλακῇ,
3378 974 3472 1029 xa‘t
3491 974 3589 1027 οὐκ
3617 974 3849 1029 ἐπεσκέ-

2263 1063 2438 1135 ψασθέ
2473 1082 2559 1135 με.
2592 1065 2726 1118 Τότε
2756 1064 3215 1137 ἀποκριθήσονται
3246 1066 3341 1118 καὶ
3369 1066 3542 1131 αὐτοὶ,
3565 1066 3843 1136 λέγοντες·

2266 1156 2459 1229 Κύριε,
2480 1156 2611 1210 πότε
2629 1174 2687 1210 σε
2706 1157 2917 1228 εἴδομεν
2930 1157 3217 1224 πεινῶντα,
3236 1157 3585 1229 ἢδιψῶντα,ἢ
3610 1158 3781 1225 ξένον,
3813 1160 3845 1230 ἢ

2262 1247 2541 1322 γυμνὸν,ῆ
2570 1250 2791 1320 ἀσθενῆ,
2817 1250 2849 1321 ἢ
2886 1251 2943 1303 ἐν
2971 1250 3208 1321 φυλακῇ,
3239 1251 3333 1304 καὶ
3362 1251 3422 1304 οὐ
3450 1250 3846 1323 διηκονήσαμέν

2265 1358 2381 1407 σοι;
2418 1341 2539 1394 τότε
2580 1342 3009 1414 ἀποκριθήσεται
3055 1342 3149 1396 καὶ
3190 1342 3392 1409 αὐτοῖς,
3421 1342 3627 1412 λέγων·
3676 1345 3846 1415 Ἀμὴν

2260 1433 2403 1501 λέγω
2446 1435 2595 1505 ὑμῖν,
2638 1435 2722 1504 ἐφ’
2743 1435 2866 1487 ὅσον
2906 1435 3008 1488 οὐκ
3046 1435 3341 1506 ἐποιήσατε
3383 1436 3463 1489 ἐνὶ
3495 1434 3701 1490 τούτων
3739 1427 3855 1503 τῶν,

580 1524 872 1595 ἐλαχίστων
944 1524 1063 1577 οὐδὲ
1104 1524 1225 1593 ἐμοὶ
1264 1525 1575 1595 ἐποιήσατε.
1618 1524 1728 1577 Καὶ
1763 1523 2152 1585 ἀπελεύσονται
2182 1519 2327 1579 οὗτοι
2370 1526 2450 1587 εἰς
2477 1522 2702 1579 κόλασιν
2734 1523 2969 1578 αἰώνιον.
3007 1543 3028 1576 ι

1199 1660 1428 1716 CAPUT
1461 1661 1524 1718 ll.

578 1774 729 1841 Quod
761 1774 1011 1845 fugienda
1059 1777 1128 1829 sit
1177 1792 1293 1829 cum
1326 1776 1479 1845 falsis
1518 1777 1774 1846 fratribus
1805 1778 2148 1846 consuetudo,

954 1846 1079 1898 dum
1110 1847 1160 1899 in
1192 1848 1399 1901 malitia
1429 1857 1781 1917 perseverant.

650 1961 707 2016 Si
740 1963 864 2033 quis
910 1971 1115 2025 autem,
1148 1976 1208 2016 se
1256 1960 1481 2015 fratrem
1532 1978 1655 2018 esse
1709 1963 1923 2029 dicens,
1950 1962 2154 2017 diaboli

575 2057 768 2112 fraude
834 2055 1162 2110 maleficium
1224 2054 1587 2118 commiserit,
1635 2055 2033 2125 convictusque
2084 2054 2154 2110 ad

575 2158 813 2215 mortem
864 2147 1156 2201 damnatus
1215 2144 1380 2200 fuerit
1444 2156 1703 2217 tanquam
1774 2147 2010 2211 adulter,
2062 2158 2155 2202 aut

574 2241 881 2307 homicida;
947 2239 1297 2309 digredimini
1346 2239 1415 2293 ab
1461 2238 1577 2303 illo,
1615 2246 1674 2292 ut
1724 2238 1845 2294 sitis
1879 2239 2150 2306 inviolati,

574 2345 627 2389 et
660 2350 730 2388 ne
776 2333 902 2403 quis
932 2339 1177 2386 vestrum
1231 2330 1413 2385 veniat
1465 2330 1523 2385 in
1575 2322 1946 2401 suspicionem
2002 2335 2152 2388 velut

574 2427 798 2482 sceleris
847 2425 1145 2495 particeps,
1205 2423 1598 2495 infamiamque
1655 2435 1931 2497 aspergat,
1993 2429 2151 2498 quasi

573 2536 765 2576 omnes
800 2519 1101 2574 Christiani
1131 2517 1415 2588 flagitiosis
1453 2519 1762 2574 actionibus
1792 2520 2150 2578 delectentur.

573 2610 845 2677 Quocirca
886 2611 1076 2681 procul
1110 2611 1178 2665 ab
1218 2609 1298 2665 eis
1340 2610 1604 2666 recedite.
1634 2610 1705 2665 At
1734 2612 1822 2676 iis,
1872 2613 1968 2683 qui
2024 2628 2153 2686 pro-

572 2713 693 2775 pter
731 2704 1008 2759 Christum
1057 2703 1386 2757 calumniam
1445 2704 1617 2773 passi,
1650 2704 1707 2758 in
1742 2720 2021 2760 carcerem
2067 2707 2153 2760 in-

571 2798 891 2860 cluduntur,
936 2803 1031 2849 aut
1082 2795 1245 2850 morti
1296 2796 1608 2859 traduntur,
1653 2800 1737 2852 vel
1776 2797 2034 2861 vinculis,
2068 2799 2151 2853 vel

569 2890 798 2956 exsilio;
832 2888 1111 2959 suppetias
1140 2886 1274 2942 ferte
1297 2888 1447 2943 omni
1478 2889 1941 2956 studio,membra
1969 2900 2151 2946 vestra

569 2997 635 3036 ex
689 2982 946 3036 manibus
996 2980 1336 3035 nefariorum
1382 2980 1698 3050 eripientes.
1731 2981 1906 3052 Atque
1948 2984 1996 3038 si
2026 2985 2149 3055 quis

568 3083 790 3142 propter
820 3088 913 3129 eos
945 3072 1143 3126 fratres
1181 3072 1471 3135 assistens,
1501 3073 1931 3145 comprehensus
1960 3074 2146 3140 fuerit,

567 3176 623 3219 et
669 3165 934 3233 injuriose
990 3169 1296 3229 tractatus,
1351 3162 1546 3217 beatus
1596 3171 1701 3228 est,
1749 3165 1896 3234 quod
1962 3168 2147 3223 socius

570 3257 849 3328 martyris,
902 3256 1253 3323 imitatorque
1300 3254 1621 3323 passionum
1682 3256 1887 3312 Christi
1944 3260 2014 3315 sit
2063 3260 2146 3315 ef-

571 3351 767 3402 fectus.
817 3347 1031 3401 Etenim
1085 3363 1186 3403 nos
1226 3362 1462 3417 quoque,
1501 3347 1705 3404 Christi
1763 3364 1951 3415 causa,
2004 3369 2146 3424 saepe

569 3440 714 3508 apud
735 3438 996 3508 Caipham
1029 3445 1083 3494 et
1108 3440 1480 3495 Alexandrum
1511 3448 1562 3495 et
1582 3442 1791 3497 Annam
1819 3444 2144 3500 verberibus

568 3529 767 3596 affecti,
804 3530 911 3583 lazti
964 3529 1255 3594 exivimus,
1300 3529 1445 3597 quod
1495 3528 1644 3598 digni
1688 3528 1857 3582 habiti
1890 3542 2137 3584 essemus

570 3626 695 3680 talia
724 3631 946 3693 propter
974 3622 1311 3677 Salvatorem
1334 3630 1581 3676 nostrum
1611 3620 1721 3691 pati
1746 3620 1812 3676 ⁸⁸.
1838 3618 1948 3676 Vos
1978 3621 2138 3677 etiam

569 3715 930 3785 perpetientes
962 3714 1086 3781 ista,
1119 3716 1382 3787 gaudete;
1429 3718 1690 3787 quoniam
1721 3719 1866 3775 beati
1896 3722 2053 3775 eritis
2086 3722 2142 3776 in

568 3808 659 3861 illa
691 3806 781 3860 die
801 3806 867 3861 κ’.

1169 3900 1397 3957 CAPUT
1443 3900 1531 3957 lll.

565 4011 718 4085 Quod
737 4025 945 4083 propter
966 4013 1234 4068 Christum
1272 4017 1532 4085 oppressis
1563 4025 1763 4083 oportet
1797 4035 2010 4072 manum
2042 4019 2137 4073 ad.

675 4084 926 4155 jutricem
958 4087 1244 4156 porrigere,
1282 4084 1518 4156 quamvis
1552 4088 1691 4141 adsit
1723 4090 2032 4157 periculum.

634 4198 740 4253 Eos
782 4215 932 4261 vero,
968 4201 1059 4270 qui
1110 4209 1337 4272 propter
1368 4201 1526 4257 fidem
1573 4205 1956 4274 exagitantur,
1992 4212 2046 4260 et
2073 4221 2140 4261 ex

563 4291 775 4347 Domini
810 4293 1067 4348 mandato
1103 4293 1320 4365 fugiunt
1363 4311 1391 4348 a
1427 4294 1647 4350 civitate
1681 4296 1736 4348 in
1766 4297 2041 4351 civitatem
2061 4298 2136 4365 ⁸⁸,

563 4385 845 4455 suscipite,
874 4386 1148 4455 adjuvate,
1181 4387 1627 4457 complectimini,
1679 4398 1937 4459 tanquam
1992 4403 2139 4443 mar-

564 4487 743 4548 tyres;
778 4478 881 4533 laeti
928 4478 1072 4549 quod
1104 4480 1474 4549 participastis
1516 4495 1706 4535 eorum
1740 4480 2133 4550 persccutioni,

2799 1663 3190 1717 ΚΕΦΑΛΑΙΟΝ
3222 1662 3297 1718 B'.

2263 1776 2390 1829 Ὅτι
2407 1776 2821 1858 φευκτέονκτῆς
2846 1776 2909 1858 [_.
2924 1777 3052 1858 τὰς]
3065 1778 3212 1845 πρὸς
3232 1778 3372 1858 τρὺς
3387 1780 3844 1858 ψεοδαδέλξους

2185 1859 2228 1913 Β
2297 1848 2653 1914 συνουσίας,
2686 1846 2831 1901 ὅταν
2849 1846 3177 1917 ἐπιμέἰθωσι
3204 1848 3281 1918 τῇ
3300 1846 3631 1920 φαὺλότητι
3660 1846 3792 1925 ('72).
3819 1846 3850 1863 ”’

2326 1963 2390 2015 Εἰ
2432 1962 2489 2016 δέ
2533 1979 2618 2026 τις
2658 1961 2882 2031 ἀδελφὸν
2914 1961 3087 2031 λέγων
3116 1964 3305 2018 ἑαυτὸν
3339 1959 3497 2030 εἶναι,
3542 1967 3842 2039 ἀπατηθεὶς

2257 2052 2361 2106 ὑπὸ
2380 2053 2472 2111 τοῦ
2520 2054 2758 2126 πονηροῦ
2808 2057 3173 2128 κακοποιήση,
3210 2056 3303 2110 καὶ
3349 2056 3625 2129 ἐλεγχθεὶς
3672 2077 3842 2113 κατα-

2256 2145 2416 2217 κριθῇ
2480 2146 2694 2218 θανάτῳ
2755 2147 2831 2211 ὼς
2890 2148 3111 2220 μοιχὸς,
3168 2148 3201 2219 ἢ
3251 2150 3476 2217 φονεὺς,
3541 2150 3841 2222 χωρίζεσθε

2255 2239 2348 2291 ἀπ’
2369 2239 2556 2303 αὑτοῦ,
2593 2240 2681 2294 ἵνα
2729 2236 2829 2311 ἦτε
2870 2240 3058 2295 ἅσυλοι
3086 2240 3218 2312 (75),
3240 2242 3332 2294 καὶ
3362 2242 3434 2313 μή
3464 2259 3549 2304 τις
3570 2242 3725 2314 ὑμῶν
3767 2245 3841 2308 ὡς

2256 2331 2507 2395 κοινωνὸς
2538 2331 2633 2385 τοῦ
2687 2331 2889 2402 μύσους
2936 2332 3310 2406 ὑποπτευσθῇ,
3360 2334 3453 2388 καὶ
3500 2335 3839 2406 καταχέηται

2257 2422 2623 2496 βλασφημίαν,
2652 2425 2730 2488 ὡς
2775 2425 2991 2479 πάντων
3038 2427 3376 2497 Χριστιανῶν
3406 2428 3705 2499 χαιρόντων
3745 2428 3839 2480 ἐπὶ

2252 2520 2364 2580 τοῖς
2412 2518 2747 2589 παρανόμοις
2776 2518 2975 2590 ἔργοις.
3022 2520 3113 2573 Διὸ
3150 2519 3363 2592 μακρὰν
3399 2522 3493 2574 ἀπ’
3522 2521 3701 2575 αὐτῶν
3733 2541 3839 2593 χω-

2255 2612 2417 2680 ρεῖτε.
2450 2610 2575 2672 Τοῖς
2611 2609 2707 2681 μέν
2751 2627 2832 2663 τοι
2869 2610 2957 2664 διὰ
2984 2612 3217 2683 Χριστὸν
3246 2614 3363 2665 κατ’
3392 2613 3656 2684 ἐπήρειαν
3685 2612 3837 2685 παρά

2253 2700 2359 2753 τῶν
2387 2701 2597 2755 ἀσεϐῶν
2628 2702 3066 2774 συγκλειομένοις
3095 2706 3175 2767 εἰς
3203 2704 3468 2776 φυλακὴν,
3498 2704 3530 2775 ἢ
3562 2705 3697 2776 πρὸς
3737 2705 3834 2758 θά-

2251 2809 2409 2847 νατον
2435 2794 2810 2866 ἐκδιδομένοις,
2840 2795 2873 2866 ἢ
2907 2795 3043 2866 πρὸς
3070 2795 3265 2867 δεσμὰ,
3298 2797 3393 2849 καὶ
3410 2796 3647 2867 ἐξορίαν,
3681 2797 3830 2868 πάσῃ

2254 2887 2454 2957 σπουδῇ
2505 2886 2767 2957 βοηθεῖτε,
2799 2885 2869 2939 τὰ
2900 2886 3035 2959 μέλη
3072 2873 3223 2957 ὑμῶν
3262 2888 3513 2959 ρυόμενοι
3541 2888 3605 2940 ἐκ
3634 2880 3843 2960 χειρῶν

2251 2977 2525 3049 ἀθέσμων.
2572 2979 2681 3032 Καὶ
2738 2978 2832 3033 ἐάν
2876 2996 2962 3042 τις
3018 2979 3199 3042 αὐτοῖς
3243 2979 3596 3053 συγκείμενος
3640 2980 3834 3052 συλληα

2252 3070 2360 3143 φθῇ
2383 3070 2516 3142 (74),
2554 3072 2649 3125 καὶ
2688 3071 2889 3135 αἰκίαις
2922 3070 3207 3135 ὑποπέσοι,
3240 3071 3507 3144 μακάριός
3542 3072 3712 3136 ἐστιν,
3751 3074 3831 3126 ὅτι

2251 3162 2505 3227 κοινωνὸς
2551 3164 2827 3235 μάρτυρος
2870 3165 3104 3233 ἐγένετο,
3164 3166 3256 3217 καὶ
3306 3164 3547 3236 μιμητὴς
3588 3164 3697 3216 τῶν
3737 3164 3845 3233 τοῦ(

2248 3254 2486 3326 Χριστοῦ
2522 3255 2877 3327 παθημάτων.
2916 3257 3025 3323 Kai.
3058 3255 3166 3327 γὰρ
3208 3257 3301 3309 καὶ
3333 3257 3490 3327 ἡμεῖς
3519 3257 3658 3328 ὑπὲρ
3699 3258 3833 3329 Χρι-ν

2250 3347 2377 3402 στοῦ
2430 3348 2687 3413 πολλάκις
2744 3350 2849 3402 ὑπὸ
2893 3332 3116 3418 Καῖὰφα
3173 3351 3267 3403 καὶ
3335 3348 3677 3420 Ἀλεξάνδρου
3738 3350 3844 3420 καὶ,

2250 3443 2417 3499 Ἀννα
2452 3442 2666 3514 πληγὰς
2692 3441 2964 3505 λαϐόντες,
3003 3443 3282 3512 χαίροντες
3314 3440 3553 3512 ἐξίημεν,
3589 3441 3670 3494 ὅτι
3701 3458 3829 3494 κατ-

2243 3533 2555 3606 ηξιώθημεν
2602 3535 2741 3606 ὑπὲρ
2768 3532 2862 3587 τοῦ
2899 3534 3148 3605 Σωτῆρος
3176 3534 3330 3603 ήμῶν
3358 3532 3582 3587 τοιαῦτα
3612 3534 3841 3603 παθεῖν.-

2244 3628 2352 3680 Καὶ
2401 3629 2556 3699 ὑμεῖς
2600 3629 2819 3699 χαίρετε
2859 3626 3033 3681 ταῦτα
3080 3627 3398 3697 πάσχοντες’
3452 3628 3533 3679 ὅτι
3564 3628 3841 3699 μακάριοι,

2243 3718 2535 3790 γενήσεσθε
2562 3720 2621 3775 ἐν
2649 3720 2833 3792 ἐκείνῃ
2860 3722 2927 3789 τῇ
2958 3718 3159 3790 ἡμέρᾳ.

2789 3900 3182 3954 ΚΕΦΑΛΑΙΟΝ
3213 3900 3285 3953 Γ¹.

2245 4017 2373 4070 Ὀτι
2414 4016 2538 4082 τοῖς
2582 4016 2679 4068 διὰ
2721 4014 2978 4083 Χριστὸν
3023 4013 3447 4081 πορθουμένοις
3493 4012 3608 4081 χρὴ
3654 4011 3835 4081 χεῖρα,

2574 4086 2820 4155 ὀρέγειν,
2854 4083 2969 4142 κᾶν
3010 4083 3293 4149 κίνδυνος
3321 4083 3501 4151 παρῇ.

2310 4200 2421 4253 Καὶ
2445 4201 2571 4262 τοὺς
2598 4196 2961 4270 διωκομένους
2985 4197 3042 4251 δὲ
3068 4196 3157 4251 διὰ
3172 4198 3271 4271 τὴν
3310 4198 3513 4262 πίστιν,
3545 4199 3637 4253 καὶ
3666 4198 3833 4259 πόλιν,

2233 4292 2303 4344 ὲκ
2347 4291 2554 4354 πόλεως
2599 4277 2915 4360 φεύγοντας,
2949 4289 3037 4343 διά
3085 4291 3184 4362 τὴν
3218 4289 3437 4361 ἐντολὴν
3472 4283 3565 4343 τοῦ
3585 4291 3819 4362 Κυρίου,

2239 4382 2722 4455 προσλαμϐάνεσθε
2765 4383 2997 4447 αὐτοὺς,
3052 4382 3568 4454 ἀντιλαμϐανόμενοι
3614 4382 3823 4447 αὐτῶν,

2239 4478 2331 4529 καὶ
2363 4476 2780 4548 προσδεχόμενοι
2815 4476 3032 4543 αὐτοὺς,
3061 4474 3137 4539 ὡς
3186 4475 3488 4546 μάρτυραςο
3536 4475 3821 4547 χαίροντες

561 4571 716 4641 gnari
766 4584 859 4626 eos
906 4587 935 4624 a
985 4570 1215 4626 Domino
1261 4572 1451 4627 beatos
1495 4573 1803 4643 prwdicari.
1837 4572 1956 4644 Ipse
1981 4573 2127 4628 enim
2163 4625 2165 4630 ,

2248 4570 2315 4622 ὅτι
2363 4571 2605 4623 κοινωνοὶ¹
2647 4569 2823 4622 αὐτῶν
2865 4566 2960 4620 τοῦ
3015 4567 3254 4638 διωγμοῦ
3302 4568 3618 4639 γεγένησθε,
3656 4566 3821 4636 γινώ-

560 4663 637 4715 ait
672 4682 685 4716 :
723 4680 741 4714 ι
772 4661 922 4717 Beati
968 4664 1104 4718 estis
1135 4678 1259 4718 cum
1290 4664 1669 4719 maledixerint
1706 4665 1881 4730 vobis,
1915 4675 1968 4720 et
2015 4680 2136 4735 per-

559 4755 733 4810 secuti
762 4771 861 4811 vos
895 4756 1118 4822 fuerint,
1154 4766 1209 4812 et
1247 4757 1487 4813 dixerint
1517 4773 1678 4814 omne
1704 4758 1904 4812 malum
1937 4759 2131 4813 adver—

560 4863 679 4913 sum
705 4849 1183 4915 vos,mentientes,
1209 4857 1432 4921 prepter
1460 4867 1565 4905 me.
1599 4849 1842 4905 Gaudete
1869 4858 1922 4906 et
1946 4852 2131 4905 exsul-

560 4947 693 5004 tate,
725 4941 982 5009 quoniam
1028 4956 1238 4997 merces
1272 4951 1451 4999 vestra
1482 4943 1707 5014 copiosa
1744 4949 1829 4998 est
1857 4942 1912 4996 in
1948 4943 2124 4998 caalis.

559 5031 651 5085 δίο
696 5032 843 5087 enim
891 5035 1163 5102 persecuti
1232 5042 1360 5090 sunt
1412 5036 1727 5107 prophetas,
1762 5038 1854 5106 qui
1907 5036 2129 5092 fuerunt

557 5131 682 5186 ante
725 5125 906 5181 vos".
952 5146 970 5177 ι
1008 5126 1071 5179 Ει
1104 5143 1339 5183 rursus:
1384 5148 1402 5179 ι
1449 5128 1505 5182 Si
1548 5146 1633 5183 me
1664 5131 1936 5199 persecuti
1976 5139 2125 5195 sunt,

551 5224 606 5267 et
644 5231 740 5272 vos
789 5232 1185 5291 persequentur
1220 5226 1286 5279 θ’.
1336 5242 1355 5276 ι
1408 5222 1475 5277 Ει
1513 5225 1725 5280 adhuc:
1780 5244 1799 5277 ι
1852 5224 1909 5280 Si
1943 5242 2127 5296 perse~

552 5317 790 5374 quantur
814 5327 909 5366 vos
933 5313 985 5366 in
1005 5315 1221 5369 civitate
1240 5315 1363 5382 ista,
1382 5313 1549 5385 fugite
1568 5315 1618 5369 in
1637 5316 1800 5371 aliam
1817 5318 1908 5370 ⁹¹⁶.
1931 5334 1950 5368 ι
1980 5316 2129 5383 Quo-

2240 4678 2458 4725 σκοντες
2486 4662 2682 4724 αὐτοὺς
2711 4660 2815 4714 ὑπὸ
2850 4660 2944 4713 τοῦ
2979 4660 3185 4731 Κυρίου
3222 4659 3646 4731 μεμακαρίσθαι.
3680 4661 3828 4731 Φησὶ

2236 4753 2345 4826 γάρ
2377 4754 2556 4817 αὑτός·
2595 4773 2614 4805 ι
2650 4752 2923 4825 Μακάριοί
2956 4754 3078 4805 ἐστε
3119 4753 3245 4805 ὅταν
3275 4752 3602 4805 ὀνειδίσωσιν
3648 4753 3813 4823 ὑμᾶς,

2236 4847 2330 4898 καὶ
2371 4845 2620 4911 διώξωσι,
2652 4846 2745 4899 καὶ
2767 4846 2959 4898 εἴπωσι
3006 4846 3112 4898 πᾶν
3159 4844 3391 4916 πονηρὸν
3424 4845 3572 4915 ρῆμα
3601 4843 3722 4897 καθ’
3752 4845 3815 4896 ὑ-

2239 4938 2375 5009 μῶν,
2408 4938 2745 5009 ψευδόμενοι,
2776 4939 2958 4993 ἕνεκεν
2987 4936 3121 5009 ἐμοῦ
3164 4938 3397 5009 Χαίρετε
3426 4937 3518 4989 καὶ
3553 4936 3813 5004 ἀγαλλιᾶ-

2237 5031 2350 5095 σθε,
2382 5031 2462 5084 ὅτι
2490 5033 2518 5084 ὁ
2551 5030 2737 5102 μισθὸς
2768 5030 2920 5101 ὑμῶν
2949 5030 3114 5094 πολὺς
3140 5031 3196 5082 ἐν
3227 5032 3339 5092 τοῖς
3367 5030 3631 5101 οὐρανοῖς.
3657 5027 3813 5081 Οὕτω

2230 5122 2339 5195 γὰρ
2368 5123 2589 5187 ἐδίωξαν
2634 5125 2761 5185 τοὺς
2809 5124 3110 5195 προφήτας,
3140 5123 3265 5184 τοὺς
3293 5121 3399 5192 πρὸ
3437 5120 3609 5190 ὑμῶν.
3652 5138 3669 5170 ι
3702 5118 3815 5173 Καὶ

2231 5216 2411 5268 πάλιν’
2450 5236 2468 5267 ι
2506 5217 2569 5269 Εἰ
2615 5216 2716 5287 ἐμὲ
2761 5214 3005 5280 ἐδίωξαν,
3036 5215 3130 5269 καὶ
3174 5216 3316 5286 ὑμᾶς
3343 5213 3609 5278 διώξουσι.
3651 5233 3669 5264 ι
3702 5211 3817 5266 Καὶ

2231 5308 2383 5379 ἑξῆς·
2416 5327 2433 5360 ι
2459 5307 2582 5361 Ἐἀν
2611 5307 2874 5361 διώκωσιν
2907 5309 3049 5381 ὑμᾶς
3080 5309 3138 5361 ἐν
3168 5311 3234 5379 τῇ
3264 5306 3414 5359 πόλει
3459 5306 3650 5378 ταύτῃ,
3690 5303 3812 5373 φεύ-

626 5465 666 5495 "
701 5465 890 5520 Matth.
933 5483 1059 5531 xxv,
1103 5467 1171 5521 54
1202 5474 1255 5521 et
1298 5482 1413 5533 seq.
1491 5470 1538 5502 ⁸⁸
1562 5469 1679 5524 Act.
1708 5460 1790 5527 'tv.
1846 5468 1908 5533 6;
1943 5484 1996 5532 v,
2050 5467 2141 5530 46,

2248 5508 2254 5521 .
2332 5468 2377 5501 ⁸⁸
2405 5466 2541 5523 Luc.
2594 5468 2784 5535 v1,22,
2815 5469 2909 5523 2'5.
2985 5470 3031 5501 9°
3068 5467 3257 5522 Matth.
3294 5482 3349 5528 κ,
3374 5464 3463 5519 23.
3542 5465 3586 5495 ⁹¹
3614 5463 3804 5523 Matth.

555 5549 607 5597 v,
644 5537 725 5591 Η.
792 5540 836 5569 ³³
873 5536 1034 5592 Joan.
1070 5555 1159 5604 xv,
1191 5538 1285 5593 20.
1365 5541 1434 5572 ’³⁵
1467 5538 1659 5596 Matth.
1697 5560 1751 5609 x,
1775 5541 1865 5597 25.

1853 5645 2217 5701 VARIORUM
2251 5645 2484 5703 NOTJE.

623 5785 735 5854 ('72)
764 5787 1114 5853 Φαυλότητι.
1140 5784 1429 5854 Antiquior
1457 5782 1577 5838 eod.
1620 5781 1809 5854 κακίᾳ,
1838 5778 2042 5854 Cum:

628 5785 714 5854 ('72
764 5787 1114 5853 Φαυλότητι.
1140 5785 1429 5854 Antiquior
1457 5785 1577 5838 eod.
1620 5785 1809 5851 κακίᾳ.
1838 5785 2042 5835 CLER.‘

628 5785 735 5924 (73;
769 5856 1039 5910 Ἄσυλοι.
1072 5854 1129 5910 ln
1176 5856 1348 5909 altero
1387 5854 1576 5909 codice
1628 5859 1733 5917 est,
1768 5853 2006 5922 ἄμωμοι.
2037 5846 2109 5902 In.

2297 5779 2409 5853 (74)
2451 5780 2803 5853 Συλληφθῆ.
2850 5782 3000 5841 Alter
3041 5783 3161 5839 cod.
3197 5780 3462 5853 κρατηθῇ.
3490 5779 3544 5836 In
3576 5798 3645 5839 eo
3679 5780 3807 5845 ﬂuis

2224 5852 2419 5921 capitis
2448 5852 2620 5908 deest.
2665 5852 2737 5907 In.
