4064 6264
224 334 329 391 853

1145 324 1743 383 CONSTITUTIONES
1779 321 2461 382 APOSTOL‘CEuv—LIB.
2504 321 2567 378 ν,

3379 332 3476 385 851

225 466 346 519 γετε
378 448 460 510 είς
513 445 614 517 τὴν
667 444 832 516 ἄλλην
889 443 1023 516 (75),
1052 444 1137 497 ὅτι
1193 445 1251 496 ὲν
1292 442 1370 513 τῷ
1399 443 1588 513 κόσμῳ
1633 442 1808 512 θλῖψιν

1914 439 2059 493 niam
2089 438 2147 493 in
2176 438 2380 493 mundo
2401 453 2711 508 pressuram
2747 439 3040 497 habebitis.
3069 440 3305 499 Tradent
3334 450 3481 503 enim

228 540 395 603 ἕξετε.
428 536 819 611 Παραδώσουσι
848 536 957 608 γὰρ
1012 537 1157 607 ὑμᾶς
1211 537 1291 598 είς
1337 534 1678 603 συναγωγὰς,
1718 536 1813 587 καὶ¹

227 632 316 685 ἐπὶ
362 628 636 701 ἡγεμόνας
674 628 768 681 καὶ
799 628 1037 697 βασιλεῖς
1074 625 1377 697 ἀχθήσεσθε
1424 626 1610 679 ἕνεκεν
1654 625 1810 695 ἐμοῦ,

227 725 304 786 είς
363 720 661 793 μαρτύριον
717 720 919 782 αὑτοῖς.
979 721 1088 773 Καὶ
1124 721 1153 772 ὁ
1198 717 1495 789 ὑπομείνας
1531 720 1611 781 είς
1636 717 1809 781 τέλος,

228 809 379 876 οὗτος
418 814 742 883 σωθήσεται.
784 831 801 863 ›
855 811 913 864 Ὀ
943 811 1054 883 γάρ
1098 810 1345 881 διωχθεὶς
1374 811 1558 863 ἕνεκεν
1596 810 1696 880 τῆς
1725 809 1812 862 πί-

232 923 418 968 στεως,
451 906 545 958 καὶ
580 906 936 977 μαρτυρήσας
986 904 1113 976 περὶ
1142 904 1326 968 αὐτοῦ,
1357 904 1451 957 καὶ
1492 901 1807 973 ὑπομείνας,

228 990 381 1061 οὗτος
407 997 624 1069 ἀληθῶς
651 997 939 1067 ἄνθρωπος
966 996 1123 1050 Θεοῦ.

765 1091 1061 1142 ΚΕΦΑΛΑΙ
1069 1090 1161 1143 ΟΝ
1196 1091 1247 1142 Δ⁹

235 1182 358 1236 Ὀτι
384 1183 633 1254 φρικτὸν
660 1183 759 1236 καὶ
787 1183 1077 1250 ὀλέθριον,
1100 1183 1163 1235 τὸ
1193 1180 1500 1250 ἀρνεῖσθαι
1530 1184 1804 1251 Χριστόν.

310 1277 366 1328 'U
406 1275 464 1328 δὲ
521 1275 896 1347 ἀρνησάμενος
941 1275 1131 1328 ἑαυτὸν
1161 1275 1397 1346 Χριστοῦ
1444 1272 1603 1339 εἶναι,
1633 1275 1720 1329 διὰ
1746 1276 1807 1330 τὸ

234 1368 306 1437 μὴ
364 1368 637 1437 μισεῖσθαι
680 1368 784 1420 ὑπὸ
832 1366 1154 1438 ἀνθρώπων,
1188 1367 1416 1437 φιλήσας
1467 1367 1564 1438 τὴν
1611 1368 1805 1421 ἑαυτοῦ

232 1459 404 1529 ψυχὴν
455 1460 653 1529 μᾶλλον
714 1459 748 1529 ἢ
802 1460 893 1512 τὸν
934 1459 1161 1530 Κύριον,
1194 1451 1254 1511 οἵ)
1300 1460 1333 1529 ή
1375 1458 1514 1529 πνοὴ
1554 1458 1717 1513 αὑτοῦ
1748 1460 1806 1510 ἐν

231 1552 372 1623 χειρὶ
418 1552 599 1605 αὑτοῦ·
644 1546 798 1614 οὗτος
852 1551 1101 1615 ἐλεεινὸς,
1131 1552 1312 1613 ἅθλιος
1342 1550 1477 1621 (76),
1504 1551 1579 1614 ὡς
1608 1551 1807 1621 ἐναγὴς

231 1644 322 1697 καὶ
364 1643 666 1713 βδελυκτόςσ
706 1644 857 1713 φίλος
902 1641 1001 1714 μὲν
1042 1643 1345 1714 ἀνθρώπων
1384 1644 1615 1715 θελήσας
1642 1640 1801 1707 εἶναι,

230 1734 420 1805 ἐχθρὸς
465 1735 522 1788 δὲ
559 1736 652 1788 τοῦ
693 1735 846 1788 Θεοῦ·
898 1736 1087 1806 μερίδα
1115 1734 1294 1788 λαϐὼν
1319 1735 1501 1788 οὐκέτι
1533 1734 1671 1806 μετὰ
1693 1734 1802 1789 τῶν

232 1827 421 1894 ἁγίων,
453 1826 588 1880 ἀλλὰ
619 1826 755 1897 μετά
779 1827 887 1879 τῶν
919 1827 1333 1898 κατηραμένων·
1393 1827 1512 1880 ἀντὶ
1541 1826 1653 1899 (77)
1699 1826 1801 1898 βα-

233 1916 432 1980 σιλείας
459 1919 856 1990 εὑλογημένων,
889 1919 1131 1990 ποθήσας
1160 1919 1219 1972 τὸ
1250 1918 1362 1990 πῦρ
1388 1918 1449 1971 τὸ
1480 1917 1717 1982 αίώνιον,
1739 1920 1802 1973 τὸ

231 2009 626 2080 ἡτοιμασμένον
666 2011 743 2081 τῷ
788 2010 1018 2082 διαϐόλῳ
1062 2013 1153 2065 καὶ
1192 2015 1306 2075 τοῖς
1333 2012 1585 2081 ἀγγέλοις
1614 2013 1797 2068 αὐτοῦ’

230 2101 324 2170 οὐχ
367 2103 461 2155 ὑπ’
516 2101 814 2173 ἀνθρώπων
856 2102 936 2156 ἔτι
994 2104 1334 2175 μισούμενος,
1392 2104 1505 2161 ἀλλ’
1559 2105 1667 2159 ὑπὸ
1707 2104 1802 2160 τοῦ

230 2191 363 2246 Θεοῦ
419 2194 760 2265 ἀπωσμένος,
791 2196 883 2248 καὶ
924 2195 1030 2249 ἀπὸ
1059 2195 1152 2249 τοῦ
1196 2195 1487 2266 προσώπου
1518 2196 1679 2250 αὑτοῦ
1710 2198 1803 2250 ὲκ-

232 2283 584 2355 ϐεϐλημένος.
617 2286 751 2356 Περὶ
792 2286 900 2359 γὰρ
943 2287 1131 2340 τούτου
1178 2289 1493 2360 ἀπεφήνατο
1521 2292 1549 2343 ὁ
1578 2289 1802 2361 Κύριος,

230 2372 418 2443 λέγων·
448 2378 668 2440 «Ὅστις
698 2378 989 2450 ἀρνήσεταί
1024 2396 1090 2449 με
1121 2378 1426 2451 ἔμπροσθεν
1455 2380 1561 2435 τῶν
1592 2381 1803 2453 ἀνθρὼ-

234 2482 369 2529 πων,
401 2468 494 2520 καὶ
538 2469 875 2541 ἐπαισχυνθῇ
909 2470 1019 2542 (78)
1046 2471 1106 2524 τὸ
1133 2471 1305 2542 ὄνομά
1347 2490 1469 2543 μου,
1500 2474 1805 2545 ἀρνήσομαι

235 2561 392 2613 αὑτὸν
441 2560 597 2630 κάγὼ
654 2562 746 2615 καὶ
801 2563 1302 2634 ἐπαισχυνθήσομαι
1349 2563 1459 2634 (79)
1501 2563 1805 2636 ἔμπροσθεν

235 2651 327 2705 τοῦ
358 2654 570 2724 Πατρός
602 2671 701 2725 μου
746 2654 839 2707 τοῦ
884 2656 941 2707 ἐν
971 2648 1236 2725 οὐρανοῖς.
1280 2675 1297 2706 ι
1330 2657 1438 2708 Καὶ
1467 2656 1627 2710 πάλιν
1660 2656 1804 2725 λέγει

233 2743 341 2805 τοῖς
404 2744 666 2816 μαθηταῖς
719 2744 903 2809 αὑτοῦ,
932 2746 1062 2817 ἡμῖν
1108 2746 1307 2809 αὑτοῖς,
1337 2745 1524 2810 οὕτως·
1565 2766 1582 2798 ι
1608 2748 1665 2800 Ὀ
1721 2765 1807 2816 φι-

234 2832 338 2887 λῶν
367 2837 578 2907 πατέρα
606 2836 637 2908 ἢ
673 2837 881 2909 μητέρα
912 2838 1053 2908 ὑπὲρ
1097 2838 1218 2909 ἐμὲ,
1251 2838 1350 2891 οὑκ
1380 2838 1492 2890 ἐστι
1515 2856 1615 2909 μου
1635 2837 1801 2902 ἄξιος·

236 2928 328 2981 καὶ
376 2930 404 2983 ὁ
441 2930 608 2997 φιλῶν
670 2929 783 2982 υἱὸν
812 2930 844 3000 ἢ
876 2930 1149 3001 θυγατέρα
1199 2931 1338 3002 ὑπὲρ
1394 2931 1512 3002 ἐμὲ,
1544 2932 1642 2984 οὑκ
1692 2930 1806 2984 ἔστι

239 3040 337 3093 μου
385 3023 550 3089 ἄξιος.
584 3023 691 3077 Καὶ
718 3022 775 3085 ὃς
802 3023 861 3075 οὐ
892 3022 1157 3094 λαμϐάνει
1180 3022 1289 3094 (80)
1316 3023 1407 3076 τὸν
1455 3023 1681 3094 σταυρὸν
1712 3022 1809 3077 αὑ-

1911 546 2010 585 vos
2055 530 2111 584 in
2148 545 2483 601 synagogas,
2520 538 2573 586 et
2616 531 2683 584 ad
2726 532 2987 600 prmsides
3024 548 3088 586 ac
3127 550 3282 605 reges
3311 537 3484 593 duce-

1911 623 2047 676 mini
2074 630 2298 693 propter
2327 640 2433 687 me,
2465 624 2519 676 in
2559 625 2929 679 testimonium
2964 626 3097 680 illis.
3132 625 3197 680 Et
3226 628 3319 698 qui
3355 645 3481 698 per-

1912 716 2245 771 severaverit
2292 732 2468 786 usque
2525 717 2579 770 in
2627 717 2809 779 ﬁnem,
2848 716 2937 770 hic
2984 718 3168 772 salvus
3212 720 3317 774 erit
3340 721 3405 777 ’³.
3452 741 3472 773 ι

1908 804 2043 860 Nam
2075 807 2169 877 qui
2204 807 2328 861 ﬁdei
2364 824 2493 878 ergo
2514 824 2709 878 passus
2737 816 2821 863 est
2851 813 3308 880 persecutionem,
3334 828 3386 870 et
3411 816 3478 872 de

1908 898 2130 955 Christo
2186 901 2563 956 testimonium
2624 901 2922 972 perhibuit,
2974 910 3029 958 et
3078 910 3474 973 perseveravit,

1909 990 2001 1046 bic
2028 1000 2113 1047 est
2140 1008 2266 1048 vere
2296 994 2461 1049 homo
2487 993 2602 1049 Dei.

2510 1087 2737 1142 CAPUT
2785 1087 2875 1143 ιν.

1910 1179 2062 1246 Quod
2118 1178 2433 1232 horrendum
2486 1196 2547 1232 ac
2581 1181 2795 1236 exitiale
2833 1182 2904 1234 sit
2951 1199 3136 1252 negare
3186 1182 3473 1238 Christum.

1977 1274 2079 1340 Qui
2120 1289 2249 1329 vero
2282 1288 2341 1327 se
2385 1272 2589 1327 Christi
2618 1290 2739 1328 esse
2771 1276 3067 1343 negaverit,
3104 1284 3164 1328 ut
3205 1276 3273 1329 ab
3301 1275 3481 1327 homi-

1907 1369 2068 1423 nibus
2106 1367 2232 1421 odio
2260 1382 2369 1419 non
2412 1368 2696 1431 habeatur,
2728 1366 3089 1436 dilexeritquc
3139 1368 3311 1437 magis
3358 1369 3478 1422 ani-

1904 1475 2049 1513 mam
2080 1474 2236 1514 suam
2270 1474 2432 1529 quam
2462 1458 2750 1512 Dominum
2770 1460 2834 1522 9*,
2870 1460 2925 1513 in
2960 1460 3118 1527 cujus
3148 1474 3312 1513 manu
3340 1461 3478 1514 resi-

1904 1552 1994 1606 det
2026 1551 2508 1621 ﬁatusejus";hic
2530 1552 2852 1607 miserabilis
2875 1559 2927 1606 et
2951 1552 3137 1607 infelix
3163 1560 3268 1616 est,
3288 1560 3478 1623 utpote

1902 1644 2256 1699 exsecrabilis
2300 1651 2354 1699 et
2389 1644 2819 1709 abominandus;
2867 1645 2959 1714 qui
3007 1645 3229 1713 quidem
3262 1646 3474 1699 amicus

1902 1735 2204 1804 hominum,
2246 1737 2423 1793 hostis
2478 1746 2659 1791 autem
2709 1737 2801 1791 Dei
2846 1753 2968 1792 esse
2994 1738 3197 1804 voluit;
3230 1741 3321 1807 qui
3365 1754 3475 1792 non

1904 1829 2137 1898 amplius
2182 1839 2392 1899 partem
2433 1844 2556 1883 cum
2592 1829 2798 1885 sanctis
2826 1830 3043 1899 accipit,
3078 1830 3172 1884 sed
3204 1844 3327 1882 cum
3359 1845 3475 1882 ma-

1904 1920 2185 1976 ledictioni
2232 1921 2495 1987 subditis;
2544 1922 2638 1991 qui
2692 1936 2795 1991 pro
2825 1937 2994 1991 regno
3036 1921 3473 1975 benedictionem

1901 2014 2247 2083 adeptorum,
2278 2014 2543 2084 expetivit
2590 2015 2771 2084 ignem
2812 2014 3227 2084 sempiternum,
3258 2013 3476 2067 diabolo

1904 2108 1957 2156 et
1982 2102 2190 2171 angelis
2226 2102 2347 2173 ejus
2376 2111 2624 2170 paratum
2646 2103 2725 2169 '5;
2758 2103 2851 2172 qui
2882 2119 2989 2156 non
3020 2103 3130 2172 jam
3154 2104 3220 2157 ab
3244 2105 3482 2158 homini-

1905 2193 2007 2248 bus
2035 2193 2224 2248 odium
2250 2202 2513 2263 reportat,
2542 2195 2635 2249 sed
2662 2210 2690 2249 a
2720 2194 2828 2249 Deo
2851 2197 3055 2264 patitur
3082 2196 3479 2264 expulsiouem,

1903 2296 1957 2342 et
1990 2302 2021 2342 a
2062 2285 2201 2341 facie
2225 2287 2345 2354 ejus
2377 2287 2611 2356 eiicitur.
2642 2287 2718 2341 De
2748 2288 2852 2343 hoc
2880 2288 3077 2357 quippe
3104 2289 3479 2355 pronuntiavit

1905 2377 2191 2445 Dominus,
2225 2381 2413 2436 dicens
2451 2400 2463 2434 :
2505 2400 2522 2432 ι
2559 2380 2662 2448 Qui
2705 2382 2982 2451 negaverit
3026 2397 3112 2435 me
3148 2396 3331 2434 coram
3374 2381 3476 2434 ho-

1904 2473 2168 2537 minibus,
2204 2480 2258 2527 et
2292 2473 2575 2527 erubuerit
2603 2488 2802 2527 nomen
2833 2488 3012 2527 meum
3034 2489 3047 2537 ;
3071 2472 3274 2541 negabo
3298 2478 3351 2524 et
3380 2486 3480 2540 ego

1903 2580 2027 2619 eum
2060 2579 2123 2617 ac
2153 2564 2476 2619 erubescam
2529 2580 2714 2617 coram
2762 2563 2919 2617 Patre
2949 2579 3089 2625 meo,
3115 2564 3206 2633 qui
3244 2564 3297 2616 in
3327 2564 3482 2618 caalis

1903 2663 1987 2712 est
2010 2657 2077 2711 ".
2114 2675 2137 2707 ν)
2179 2655 2247 2709 Ει
2280 2656 2476 2710 iterum
2522 2656 2815 2725 discipulis
2846 2656 2983 2717 suis,
3014 2656 3173 2709 nobis
3214 2656 3371 2725 ipsis,
3399 2656 3481 2709 sic

1905 2750 1979 2802 ait
2010 2766 2023 2802 :
2057 2766 2075 2799 ‹
2113 2747 2215 2813 Qui
2248 2755 2391 2802 amat
2416 2754 2620 2818 patrem
2654 2754 2745 2800 aut
2775 2756 3001 2801 matrem
3027 2748 3149 2817 plus
3175 2764 3337 2817 quam
3371 2764 3477 2811 mc,

1904 2856 2015 2895 non
2049 2848 2133 2896 est
2169 2856 2255 2895 me
2297 2840 2495 2910 dignus
2531 2858 2544 2894 :
2577 2847 2629 2893 et
2665 2840 2758 2909 qui
2792 2846 2940 2893 amat
2992 2840 3159 2894 ﬁlium
3189 2848 3283 2894 aut
3314 2840 3480 2893 ﬁliam

1907 2948 2073 3002 super
2108 2948 2215 2995 me,
2249 2948 2358 2986 non
2403 2938 2488 2988 est
2534 2948 2620 2986 me
2668 2931 2887 3002 dignus.
2923 2931 2988 2985 Et
3018 2934 3108 3002 qui
3141 2948 3251 2987 non
3284 2933 3481 3002 accipit

1909 3040 2126 3079 crucem
2158 3040 2334 3085 suam,
2361 3033 2415 3079 et
2443 3025 2691 3094 sequitur
2718 3040 2832 3086 me,
2872 3040 2984 3078 non
3029 3033 3113 3080 est
3143 3040 3229 3079 me
3260 3025 3476 3094 dignus.

235 3114 349 3177 τοῦ,
385 3116 478 3169 καὶ
509 3116 789 3169 ἀκολουθεῖ
842 3115 1015 3167 ὀπίσω
1074 3133 1195 3186 μου,
1228 3116 1327 3168 οὑκ
1367 3114 1478 3167 ἔστι
1510 3132 1609 3185 μου
1638 3114 1804 3180 ἄξιος.

1910 3116 2013 3182 Qui
2039 3116 2245 3172 invenit
2271 3117 2505 3170 animam
2537 3131 2713 3182 suam,
2736 3116 2923 3185 perdet
2945 3117 3126 3182 illam;
3160 3125 3213 3171 et
3240 3119 3331 3185 qui
3358 3132 3483 3186 per-

248 3210 304 3260 ‘0
336 3208 513 3279 ebpiov
555 3208 653 3279 τὴν
706 3206 881 3278 ψυχήν
926 3206 1111 3270 αὑτοῦ,
1143 3207 1394 3260 ἀπολέσει
1422 3207 1609 3278 αὑτήν·
1645 3208 1737 3261 καὶ
1777 3209 1806 3261 ό

238 3299 507 3362 ἀπολέσας
534 3300 632 3368 τὴν
661 3299 836 3369 ψυχὴν
864 3299 1027 3352 αὑτοῦ
1054 3300 1237 3352 ἕνεκεν
1270 3299 1426 3369 ἐμοῦ,
1462 3300 1681 3370 εὑρήσει
1708 3299 1808 3353 αὑ-

236 3392 351 3462 τήν.
387 3391 451 3444 Τί
504 3390 612 3463 γὰρ
668 3388 953 3459 ὠφελεῖται
997 3391 1300 3461 ἄνθρωπος,
1334 3389 1427 3442 ἐὰν
1481 3390 1572 3442 τὸν
1605 3389 1806 3461 κόσμον

236 3482 353 3536 ὅλον
411 3484 669 3556 κερδήσῃ,
699 3483 798 3555 τὴν
851 3483 908 3535 δὲ
952 3483 1129 3554 ψυχὴν
1173 3480 1340 3536 αὑτοῦ
1387 3480 1662 3553 ζημιωθῇ;
1693 3481 1724 3551 ή
1755 3482 1808 3534 τί

236 3574 395 3629 δώσει
452 3575 734 3647 ἄνθρωπος
787 3575 1139 3645 ἀντάλλαγμα
1181 3575 1281 3644 τῆς
1328 3572 1504 3643 ψυχῆς
1547 3570 1745 3638 αὑτοῦ;
1784 3591 1803 3623 ι

238 3657 345 3723 Καὶ
374 3669 518 3739 ἑξῆς·
560 3669 679 3738 «Μή
712 3667 980 3739 φοϐηθῆτε
1023 3668 1130 3720 ἀπὸ
1158 3667 1264 3719 τῶν
1294 3664 1715 3719 ἀποκτεινόντων
1749 3664 1810 3717 τὸ

241 3760 419 3832 σῶμα,
449 3761 546 3832 τὴν
594 3761 652 3814 δὲ
692 3760 866 3831 ψυχήν
900 3761 972 3831 μὴ
1003 3759 1311 3831 δυναμένων
1353 3760 1686 3813 ἀποκτεῖναι·
1717 3776 1812 3829 φο-

240 3855 440 3927 ϐήθητε
495 3855 551 3908 δὲ
610 3855 805 3925 μᾶλλον
856 3852 1148 3923 δυνάμενον
1196 3851 1288 3905 καὶ
1326 3851 1502 3923 ψυχὴν
1532 3850 1813 3921 καὶσῶμα

241 3948 501 4002 ἀπολέσαι
530 3949 586 4000 ἐν
617 3946 826 4017 γεέννῃ.
868 3964 885 3996 ι

783 4060 1177 4113 ΚΕΦΛΛᾹΙΟΝ
1216 4060 1291 4111 Ε’.

352 4154 481 4206 ’Ότι
503 4151 790 4221 μιμητέον
816 4150 1075 4221 Χριστὸν
1196 4149 1275 4214 τῷ
1303 4148 1579 4221 πάσχειν,
1610 4149 1710 4202 καὶ

518 4219 808 4289 ζηλωτέον
844 4220 958 4287 τὴν·
987 4220 1171 4273 αὑτοῦ
1198 4219 1529 4288 ὑπομονήν.

317 4317 430 4378 Πᾶς
474 4310 567 4368 οὖν
608 4313 892 4384 μανθάνων
920 4312 1114 4383 τέχνην
1140 4310 1281 4375 τινὰ,
1313 4310 1525 4380 βλέπων
1556 4310 1647 4363 τὸν
1675 4310 1819 4364 διδά-

249 4409 441 4461 σκαλον
471 4407 655 4470 αὑτοῦ,
688 4406 775 4461 διὰ
800 4406 897 4477 τῆς
953 4404 1235 4475 ἐνεργείας
1264 4404 1356 4456 καὶ
1382 4403 1671 4473 ἐμπειρίας
1705 4403 1815 4474 (81)

1908 3208 2107 3263 diderit
2136 3208 2375 3262 animam
2426 3223 2581 3263 suam
2611 3215 2837 3277 propter
2867 3223 2973 3271 me,
3009 3208 3246 3262 inveniet
3273 3208 3473 3262 eam”.

1907 3299 2049 3367 Quid
2082 3301 2229 3355 enim
2262 3299 2486 3371 prodest
2516 3300 2745 3367 homini,
2779 3300 2827 3353 si
2862 3299 3125 3354 mundum
3163 3301 3479 3356 universum

1908 3392 2169 3455 lueretur,
2203 3394 2398 3446 animae
2436 3407 2567 3446 vero
2614 3407 2727 3447 sum
2765 3391 3151 3447 detrimentum
3200 3391 3483 3462 patiatur?

1908 3486 2015 3539 Aut
2057 3501 2220 3555 quam
2253 3485 2404 3540 dabit
2455 3485 2620 3540 homo
2658 3485 3142 3540 commutationem
3172 3500 3272 3554 pro
3301 3482 3484 3537 anima

1909 3596 2009 3635 sua
2026 3580 2112 3634 '9?
2149 3599 2166 3632 ι
2203 3578 2269 3632 Ει
2291 3589 2551 3649 praeterea
2588 3598 2601 3633 :
2641 3596 2659 3630 ι
2694 3578 2871 3633 Nolite
2895 3579 3086 3633 timere
3112 3592 3208 3633 eos
3224 3577 3316 3647 qui
3345 3576 3487 3630 oeci-

1909 3672 2045 3726 dunt
2073 3687 2295 3741 corpus,
2326 3671 2562 3725 animam
2595 3676 2777 3724 autem
2801 3686 2907 3724 non
2935 3676 3168 3739 possunt
3192 3669 3441 3723 occidere
3466 3687 3481 3722 :

1912 3766 2006 3820 sed
2041 3766 2220 3836 potius
2266 3764 2453 3819 timete
2517 3779 2643 3818 eum
2694 3762 2787 3833 qui
2841 3771 3022 3833 potest
3061 3770 3117 3818 et
3165 3763 3399 3816 animam
3430 3770 3485 3817 et

1912 3873 2111 3927 corpus
2144 3855 2372 3927 perdere
2402 3858 2456 3910 in
2486 3856 2791 3927 gehennam
2814 3857 2903 3909 ¹⁰⁰.
2946 3875 2965 3907 ι

2524 4028 2754 4112 CAPUT
2796 4057 2859 4111 v.

2000 4150 2153 4218 Quod
2176 4151 2379 4205 imitari
2409 4158 2644 4219 aparteat
2678 4150 2946 4205 Christum
2976 4150 3027 4202 in
3052 4148 3319 4217 patiendo,
3353 4156 3401 4201 et

2299 4222 2542 4276 ammlari
2573 4222 2721 4275 illius
2745 4221 3104 4274 tolerantiam.
3184 4222 3189 4225 ’

1988 4313 2250 4383 Quisquis
2279 4329 2414 4370 sane
2445 4322 2617 4369 artem
2647 4313 2885 4383 aliquam
2918 4312 3102 4374 discit,
3136 4312 3328 4367 videns
3368 4326 3485 4365 ma-

1920 4407 2149 4477 gistrum
2180 4422 2361 4469 suum,
2380 4407 2694 4476 operatione
2716 4413 2770 4459 et
2792 4405 2985 4474 peritia
3007 4403 3296 4459 artiﬁcium
3325 4420 3485 4459 suum

250 4500 614 4571 ἁπαρτίζοντα
642 4500 738 4569 τὴν
758 4498 950 4569 τέχνην
979 4495 1165 4559 αὑτοῦ,
1189 4496 1280 4548 καὶ
1311 4494 1470 4558 αὑτὸς
1500 4495 1651 4566 ζηλοῖ
1680 4496 1808 4567 (82),

1920 4498 2199 4568 perﬁcere,
2234 4507 2288 4552 et
2315 4500 2432 4568 ipse
2462 4496 2699 4561 aﬁectat,
2724 4504 2785 4550 ut
2808 4496 2950 4566 quod
2982 4496 3143 4550 habet
3170 4511 3281 4565 prae
3311 4496 3488 4549 mania

249 4594 431 4662 ὅμοιον
477 4592 624 4662 αὑτῷ
673 4591 784 4661 (85)
844 4588 1162 4661 ποιήσεσθαι
1213 4587 1272 4640 τὺ
1314 4587 1671 4657 ὲγχειρισθέν·
1722 4588 1815 4642 ἐὰν

353 4748 399 4780 ’³
425 4746 582 4802 Joan.
617 4764 726 4805 xw.
757 4748 857 4815 53;
900 4746 1087 4800 Matth.
1123 4763 1177 4810 χ,
1215 4745 1301 4811 17,
1358 4746 1447 4801 22.

1921 4591 2045 4655 bus,
2084 4591 2162 4645 illi
2190 4591 2368 4646 simile
2394 4589 2630 4656 efﬁciat;
2660 4589 2806 4659 quod
2839 4589 2887 4644 si
2922 4603 3033 4643 non
3078 4588 3347 4652 valuerit,
3375 4603 3486 4641 non

1524 4746 1570 4777 ”
1594 4743 1754 4800 Joan.
1783 4762 1881 4810 xu,
1912 4748 2002 4802 25.
2080 4749 2123 4781 ⁸⁵
2150 4749 2283 4804 Dan.
2309 4768 2360 4813 v,
2384 4749 2475 4804 25.
2550 4748 2595 4779 ⁸⁸
2611 4747 2799 4803 Matth.
2833 4764 2959 4803 xxv.
3026 4748 3069 4778 ’7
3094 4746 3225 4800 Luc.
3261 4762 3339 4810 ιχ,
3390 4744 3480 4800 ‘26.

250 4817 296 4848 "
320 4818 510 4874 Matth.
552 4835 608 4881 χ,
652 4817 837 4872 57-59.
908 4816 1152 4871 "Matth.
1202 4831 1314 4880 xvi,
1343 4815 1434 4870 26.
1506 4815 1572 4847 ¹⁰⁰
1603 4815 1865 4881 Matth.x,
1887 4818 1977 4872 28.

1571 4972 1931 5029 VARIORUM
1964 4974 2175 5030 NOTAE

323 5126 437 5205 (75)
468 5134 722 5205 Ἄλλην.
770 5132 921 5188 Alter
964 5132 1181 5205 ἑτέραν,
1234 5145 1355 5202 quae
1385 5144 1545 5184 voces
1591 5129 1822 5186 confun—

254 5203 471 5258 duntur.
511 5203 676 5264 CLEII.

328 5274 439 5343 (76)
477 5276 735 5339 Ἀθλιος.
760 5274 908 5329 Alter
940 5273 1062 5330 cod.
1092 5273 1241 5327 addit
1267 5270 1395 5392 inuiti
1428 5269 1549 5326 voci
1575 5273 1821 5340 φευκτὸς.

1399 5357 1453 5392 ι).

331 5414 444 5483 (77)
485 5416 663 5471 Ἀντί.
698 5416 847 5469 Alter
874 5414 996 5468 cod.
1053 5412 1283 5483 praeﬁgit
1315 5357 1540 5469 κσίίίᾟη

330 5482 440 5555 (78)
474 5486 584 5539 Καὶ
612 5483 1006 5555 ἐπαισχυνθῇ.
1039 5484 1163 5537 Hmc
1183 5492 1236 5538 et
1256 5482 1365 5536 duo
1387 5498 1538 5552 seqq.
1564 5485 1826 5539 vocabula

260 5553 461 5627 desunt
506 5558 560 5610 in
610 5557 782 5609 altero
822 5553 967 5616 cod.,
1002 5563 1060 5607 ut
1112 5562 1164 5608 et
1210 5569 1364 5622 seqq.
1399 5555 1828 5627 ἐπαισχυνθήσο-

266 5625 1089 5814 ἥὲθῗλὲπαισχυνθήσρμιαι.
1116 5692 1421 5763 Eleganter,
1451 5701 1511 5746 ut
1563 5697 1766 5758 omnia,
1798 5698 1826 5748 ὁ

266 5767 585 5814 θεοὸάνῐτιιων
620 5764 916 5814 Gregorius
984 5778 1093 5814 ιη..
1124 5778 1205 5814 or.
1237 5764 1328 5814 40.
1377 5779 1430 5814 n.
1470 5764 1597 5814 657.
1622 5766 1663 5814 A
1694 5785 1705 5814 :
1732 5767 1822 5814 Μὴ

266 5764 585 5869 θεορρήμων
620 5764 916 5831 Gregorius
935 5764 1093 5820 Naz..
1124 5778 1205 5817 or.
1237 5764 1328 5824 40,
1377 5779 1430 5830 p.
1470 5764 1597 5827 657,
1622 5766 1663 5817 A
1694 5785 1705 5818 :
1732 5767 1822 5837 Μὴ

274 5838 380 5869 ς.....
420 5853 585 5869 ..περ
644 5831 994 5869 armamini
1048 5849 1137 5869 nr...
1190 5832 1287 5869 μιν..
1346 5832 1614 5869 ᾖηηηφῖηυ
1672 5834 1822 5869 ηελλ..-

270 5812 585 5907 inﬁmiin;
643 5812 995 5902 ἐξαῗίορεῦσαί
1048 5849 1137 5884 σου
1190 5832 1287 5903 τὴν
1315 5812 1614 5902 ’ἁμαρτίαν
1671 5812 1824 5898 εἰδὼς

1926 5135 2072 5197 ὅπως
2111 5133 2361 5203 Ἰωάννης
2391 5132 2699 5203 ἐϐάπτισεν,
2732 5132 2817 5203 ἵνα
2841 5130 2938 5203 τὴν
2980 5128 3185 5203 έκεῖθεν
3218 5126 3488 5203 ,αἰσχύνην

1928 5208 1995 5275 τῇ
2027 5203 2257 5277 ενταῦθα
2277 5198 2492 5277 φύγῃς.
2530 5202 2662 5268 Quae
2687 5202 2851 5257 verba
2877 5198 2933 5254 in
2981 5198 3486 5277 AnastasiiQutvst.

1928 5268 1995 5330 cf
2024 5274 2079 5338 6,
2128 5291 2180 5344 p.
2225 5268 2321 5337 62,
2360 5268 2619 5328 dicuntur
2645 5270 3131 5344 esseqexoratione
3174 5268 3227 5321 in
3258 5268 3485 5344 lumina,

1929 5338 2247 5469 perperiEn;
2308 5360 2433 5400 cum
2486 5345 2597 5399 sint
2653 5342 2914 5397 orationis
2968 5342 3023 5394 in
3069 5346 3316 5395 sanctum
3356 5338 3490 5407 bap-

1929 5424 2110 5469 tisma.
2182 5430 2274 5469 οτ.

1927 5416 2110 5471 tisma.
2135 5416 2274 5470 Cor.

2000 5486 2110 5557 (80)
2142 5488 2243 5557 Ὃς
2293 5487 2365 5538 οὺ
2410 5484 2712 5557 λαμϐάῖει.
2758 5480 2883 5536 Haec
2927 5489 2981 5536 et
3023 5496 3174 5550 seqq.
3218 5477 3285 5533 ad
3332 5475 3491 5543 ἄξιος

1934 5554 2130 5611 ἀθειιηι
2160 5556 2211 5608 in
2244 5557 2416 5609 altero
2445 5555 2564 5609 cod.
2598 5554 2766 5608 Calan.

2005 5627 2117 5697 (81)
2148 5626 2258 5681 Καὶ
2284 5625 2605 5697 ἐμπειρίας.
2629 5623 2858 5697 _Desunt_
2961 5621 3131 5697 altero
3150 5618 3273 5674 cod.
3306 5615 3382 5673 In.

2005 5689 2116 5767 (82)
2140 5689 2339 5767 Ζηλοῗ.
2366 5689 2517 5767 ᾼΙίρι·
2544 5694 2665 5767 cod.
2689 5692 3004 5767 σπουδάζει.
3031 5689 3104 5747 In.

2005 5760 2118 5840 (85)
2149 5760 2338 5832 Αὐτῷ.
2373 5766 2534 5822 Deest
2569 5764 2625 5819 in
2654 5763 2845 5818 altero.
2878 5760 2954 5817 In.
