4080 6266
591 291 699 349 855

1432 293 1488 348 S.
1529 289 1920 350 CLEMENTIS
1961 295 1982 351 Ι
2021 293 2187 350 ΒΟΜ.
2211 291 2428 350 ῬΟΝΤ.
2470 292 2701 351 ()PERA
2736 247 2984 356 DUBIA,

3658 302 3815 358 ~836

592 415 678 462 est
719 408 776 460 in
822 421 984 476 opere
1023 405 1317 476 perfectus.
1358 406 1424 460 Et
1470 422 1569 463 nos
1625 407 1790 477 igitur
1831 407 2152 476 magistrum

2258 409 2332 480 μὴ
2381 410 2656 483 ἐξισχύσῃ,
2688 412 2786 464 οὑκ
2837 411 2951 464 ἔστι
3004 410 3417 481 τετελειωμένος
3447 411 3515 464 ’ἐν
3541 411 3619 483 τῷ
3649 413 3816 486 ἔργῳ.

595 499 856 552 habentes
927 497 1214 552 Dominum
1279 506 1526 552 nostrum
1600 496 1784 552 Jesum
1849 494 2146 563 Christum,

591 604 760 658 quare
791 588 1092 643 doctrinam
1132 588 1251 657 ejus
1290 604 1401 643 non
1432 589 1743 643 imitamur?
1765 587 2032 654 Quoniam
2063 589 2151 643 ille

593 680 809 748 quidem
835 681 1166 734 renuntiavit
1187 680 1436 742 licentiae,
1456 680 1685 741 deliciis,
1704 680 1908 750 gloria,
1923 679 2148 744 divitiis,

593 769 779 836 fastui,
813 772 1070 840 potentia:
1119 771 1326 835 ultrici,
1378 773 1541 826 matri
1599 786 1664 825 ac
1718 771 2000 834 fratribus,
2035 779 2150 825 tum

593 862 755 916 etiam
798 863 1028 931 prOpriae
1078 862 1234 928 vitae;
1271 862 1433 931 idque
1480 862 1552 916 ob
1588 862 1842 932 pietatem
1886 877 2014 931 erga
2049 860 2153 915 Pa”-

593 962 752 1016 trem,
775 961 828 1008 et
860 955 930 1007 ob
960 953 1347 1023 benignitatem
1384 954 1436 1006 in
1466 968 1600 1019 nos;
1633 968 1829 1022 passus
1858 969 1964 1006 non
1992 953 2152 1007 modo

595 1045 1028 1112 persecutionem
1078 1059 1142 1098 ac
1200 1045 1448 1107 verbera,
1496 1044 1850 1113 ignominiam
1900 1059 1963 1097 ac
2011 1044 2151 1098 ludi-

595 1135 796 1199 brium,
823 1136 916 1190 sed
939 1143 992 1190 et
1007 1136 1115 1204 jam
1147 1137 1573 1204 compactionem
1615 1135 1680 1188 ad
1716 1135 1921 1204 lignum
1947 1135 2147 1200 crucis,

601 1241 710 1295 quo
741 1226 956 1282 Judmos
987 1229 1320 1297 gentilesque
1363 1243 1458 1296 per
1493 1228 1866 1297 paenitentiam
1897 1228 2148 1282 salvaret.

599 1317 658 1372 Si
689 1334 819 1389 ergo
861 1320 951 1373 ille
981 1319 1154 1373 nostri
1193 1321 1365 1389 gratia
1402 1320 1732 1373 renuntiavit
1759 1321 1882 1374 vita:
1911 1320 2057 1373 molli
2089 1334 2153 1374 ac

597 1409 811 1479 quietae,
831 1426 930 1464 nec
956 1411 1172 1465 erubuit
1199 1425 1438 1474 crucem,
1463 1425 1564 1468 nec
1593 1417 1820 1464 mortem
1848 1426 1969 1465 esse
1999 1411 2154 1480 igno-

597 1500 884 1556 miniosam
913 1502 1275 1570 existimavit;
1309 1518 1412 1572 qua
1443 1502 1512 1556 de
1539 1515 1703 1556 causa
1742 1516 1842 1555 nos
1871 1502 2154 1570 passiones

605 1592 726 1660 ejus
777 1608 884 1645 non
935 1593 1230 1657 imitamur,
1282 1601 1331 1647 el
1366 1601 1585 1662 propter
1625 1607 1770 1655 eum,
1805 1593 1906 1662 ipsi
1941 1607 2155 1662 quoque

598 1683 722 1736 vitae
785 1690 986 1737 nostra:
1033 1685 1283 1738 nuntium
1336 1699 1444 1737 non
1492 1679 1840 1748 remittimus,
1895 1683 2155 1754 largiente

2248 502 2359 554 Καὶ
2387 502 2545 571 ἡμεῖς
2571 500 2683 564 οὖν,
2715 503 2926 572 ἔχοντες
2969 502 3284 557 διδάσκαλον
3311 503 3402 556 τὸν
3433 502 3635 574 Κύριον
3663 507 3820 577 ἡμῶν

2265 592 2468 662 Ἰησοῦν
2506 594 2594 645 τὸν
2627 593 2877 664 Χριστὸν,
2909 593 2996 646 διὰ
3025 594 3076 646 τί
3103 595 3164 646 οὐ
3185 595 3508 668 μιμούμεθα
3529 597 3628 666 τὴν
3656 597 3819 653 αὑτοῦ

2249 683 2500 754 διδαχήν;
2533 685 2613 736 ὅτι
2642 686 2845 748 ἐκεῖνος
2895 685 2992 756 μὲν
3035 686 3346 750 ἀπετάξατο
3387 689 3588 753 ἀνέσει,
3617 694 3820 764 τρυφῇ,

2250 775 2396 848 δόξῃ,
2429 776 2662 845 πλούτῳ,
2709 776 2882 846 τύφῳ,
2930 777 3152 846 δυνάμει
3199 781 3490 850 ἀμυντικῇ,
3528 781 3694 852 μητρὶ
3729 785 3822 837 καὶ

2251 866 2516 935 ἀδελφοῖς,
2547 867 2645 938 ήδη
2675 867 2733 919 δὲ
2759 868 2853 921 καὶ
2882 871 2948 938 τῇ
2977 868 3150 938 οίκείᾳ
3178 867 3413 940 comta:
3443 871 3541 941 τὴν
3570 872 3707 943 πρὸς
3731 873 3821 926 τὸν

2251 957 2468 1028 Πατέρα
2503 958 2779 1011 εὐσέϐειαν
2810 957 2942 1028 (84),
2965 960 3067 1011 ’καὶ
3111 961 3207 1030 τὴν
3236 963 3315 1023 είς
3342 963 3486 1031 ἡμᾶς
3516 963 3822 1035 φιλανθρωι

2253 1050 2402 1112 πίαν,
2435 1051 2729 1120 ὑπομείνας
2748 1052 2806 1102 ού
2834 1051 2989 1120 μόνον
3017 1051 3253 1121 διωγμὸν
3283 1054 3375 1105 καὶ
3395 1053 3504 1125 (85)
3525 1054 3819 1125 μάστιγας,

2253 1141 2550 1211 ὀνειδισμὸν
2579 1143 2671 1194 καὶ
2703 1143 3032 1213 ἐμπαιγμὸν,
3064 1143 3177 1196 ἀλλ’
3209 1144 3309 1214 ἥδη
3334 1146 3427 1197 καὶ
3457 1147 3555 1216 τὴν
3596 1146 3734 1216 πρὸς
3763 1136 3823 1200 τό

2253 1233 2406 1299 ξύλον
2447 1232 2748 1304 πρόσπηξιν
2780 1232 2913 1304 (86),
2944 1235 3090 1295 ὅπως
3131 1234 3407 1299 Ἰουδαίους
3435 1237 3526 1289 καὶ
3560 1233 3823 1309 ’Έλληνας

2257 1325 2688 1394 μετανοήσαντας
2733 1322 2902 1397 σώσῃ.
2933 1325 2996 1378 Εἰ
3025 1320 3118 1377 οὖν
3155 1325 3314 1388 αὐτὸς
3339 1326 3403 1378 δι’
3437 1328 3582 1396 ἡμᾶς
3620 1330 3826 1382 ἀπετάκ-

2243 1411 2371 1476 ξατο
2391 1413 2718 1480 ἀναπαύσει,
2753 1413 2827 1485 μὴ
2855 1415 3233 1485 ἐπαισχυνθεὶς
3255 1417 3503 1487 σταυρὸν,
3534 1417 3607 1486 μὴ
3639 1417 3826 1492 ἀδοξῇ-ε

2245 1521 2343 1569 σας
2361 1507 2452 1560 τὸν
2469 1506 2716 1571 θάνατον,
2740 1507 2884 1570 τίνος
2905 1507 3089 1560 ἕνεκεν
3115 1509 3274 1578 ἡμεῖς
3299 1509 3408 1578 (87)
3425 1508 3486 1560 οὐ
3508 1511 3821 1581 μιμούμεθα

2255 1596 2417 1650 αὐτοῦ
2468 1596 2537 1650 τά
2581 1597 2747 1668 πάθη,
2781 1599 2875 1651 καὶ
2917 1599 3333 1669 ἀποτασσόμεθα
3370 1601 3508 1671 ὑπὲρ
3536 1601 3699 1654 αὐτοῦ
3731 1603 3824 1654 καὶ

2255 1690 2393 1759 αύτῇ
2423 1691 2489 1760 τῇ
2522 1688 2634 1759 ζωῇ
2680 1689 2855 1759 ἡμῶν,
2885 1689 3116 1753 διδόντος
3172 1690 3334 1743 αὑτοῦ
3394 1693 3522 1762 ἡμῖν
3563 1693 3660 1762 τὴν
3693 1693 3827 1744 ὑπο-ι

595 1776 755 1830 nobis
794 1776 910 1845 ipso
934 1775 1421 1830 tolerantiam?llle
1449 1776 1592 1829 enim
1615 1784 1800 1829 nostra
1830 1789 2022 1842 causa;
2055 1792 2156 1830 nos

2262 1756 2488 1850 μονῆνζ
2535 1756 2769 1843 Ἐκεῖνος
2824 1781 2920 1850 μὲν
2976 1781 3084 1852 γὰρ
3133 1782 3196 1834 δι’
3227 1783 3370 1852 ἡμᾶς
3402 1756 3536 1851 (88),
3583 1756 3738 1853 ἡμεῖς
3766 1783 3825 1835 δὲ

595 1885 722 1926 vero
752 1877 971 1939 propter
1013 1885 1112 1923 nos
1155 1870 1324 1937 ipsos.
1351 1865 1536 1936 Neque
1559 1867 1702 1921 enim
1741 1868 1900 1922 nobis
1929 1868 2154 1939 indiget,

601 1963 697 2016 sed
748 1978 846 2017 nos
894 1964 1068 2032 ipsius
1107 1960 1484 2014 misericordia
1539 1960 1860 2030 indigemus.
1920 1959 2154 2015 Tantum

593 2070 723 2108 vero
742 2070 770 2108 a
795 2054 950 2108 nobis
973 2053 1210 2122 postulat
1240 2053 1396 2105 fidem
1423 2051 1690 2104 sinceram
1709 2058 1760 2106 et
1775 2051 2153 2106 voluntariam.

594 2144 1057 2212 Quemadmodum
1079 2145 1153 2197 ait
1183 2143 1463 2211 Scriptura
1483 2140 1500 2172 ¹
1531 2159 1544 2195 :
1583 2160 1602 2192 ‹
1635 2140 1691 2194 Si
1710 2142 1892 2210 justus
1921 2157 2000 2205 es,
2025 2143 2153 2212 quid

594 2235 752 2291 dabis
794 2235 883 2304 ei;
946 2244 1039 2290 aut
1085 2234 1214 2305 quid
1245 2235 1313 2288 de
1374 2248 1538 2286 manu
1587 2243 1679 2286 tua
1725 2233 1992 2304 accipiet?
2025 2233 2157 2290 Viro

594 2327 760 2381 simili
804 2328 882 2381 tui
927 2328 1174 2398 impietas
1219 2337 1328 2388 tua,
1381 2335 1433 2380 et
1498 2324 1610 2379 ﬁlio
1661 2325 1898 2382 hominis
1943 2327 2157 2397 iustitia

597 2429 709 2474 tua.
742 2439 760 2472 ι

1195 2511 1423 2568 CAPUT
1463 2512 1554 2568 Vl.

597 2603 749 2670 Quod
788 2613 985 2672 oportet
1019 2604 1220 2673 ﬁdelem
1249 2623 1406 2677 neque
1446 2605 1780 2660 temerarium
1812 2621 1923 2677 esse
1948 2613 2156 2672 propter

666 2676 1026 2735 securitatem,
1052 2692 1208 2744 neque
1240 2676 1597 2730 meticulosum
1625 2684 1834 2744 propter
1856 2676 2151 2744 ignaviam:

666 2745 754 2797 sed
784 2745 959 2812 fugere
985 2756 1193 2812 propter
1217 2748 1507 2800 cautionem
1529 2762 1546 2807 ;
1574 2756 1619 2799 et
1645 2762 1760 2797 cum
1791 2747 1843 2796 in
1865 2745 2151 2812 periculum

668 2815 924 2879 inciderit,
957 2820 1220 2868 decertare
1243 2816 1304 2869 ob
1328 2818 1606 2884 repositam
1634 2831 1901 2868 coronam.

664 2905 1060 2962 Renuntiemus
1105 2923 1232 2977 ergo
1270 2908 1615 2977 parentibus,
1642 2905 1908 2975 cognatis,
1940 2904 2149 2969 amicis,

597 2998 774 3061 uxori,
801 2998 1005 3060 liberis,
1039 2999 1495 3067 possessionibus,
1546 3007 1599 3050 et
1626 2997 1879 3050 omnibus
1909 2996 2030 3048 vitae
2057 2995 2152 3049 bo-

2255 1871 2320 1924 δι’
2348 1871 2616 1935 ιὲαυτούς.
2649 1873 2722 1925 Οὐ
2773 1871 2876 1942 γὰρ
2929 1873 3118 1944 χρῄζει
3147 1874 3301 1943 ἡμῶν
3345 1875 3525 1937 αὐτὸς,
3570 1876 3727 1944 ἡμεῖς
3770 1875 3826 1926 δὲ

2255 1964 2348 2017 τοῦ
2405 1964 2586 2027 ἐλέους
2641 1966 2804 2018 αὐτοῦ
2837 1964 2968 2034 (89).
3013 1965 3186 2018 Μόνον
3229 1965 3285 2018 δὲ
3338 1965 3398 2018 τὸ
3451 1966 3549 2036 τῆς
3594 1966 3828 2026 πίστεως

2256 2056 2410 2126 ἡμῶν
2482 2058 2700 2127 γνήσιον
2757 2047 3006 2126 ἐπιζητεῖ
3044 2058 3137 2110 καὶ
3196 2057 3511 2128 αὐθαίρετον
3558 2057 3687 2128 (90).
3731 2054 3829 2119 Ὧς

2256 2164 2418 2217 φησιν
2464 2148 2496 2216 ὴ
2548 2149 2807 2218 Γραφή·‹
2844 2149 2905 2200 Et
2933 2148 3137 2226 δίκαιος
3193 2145 3260 2212 et,
3310 2149 3364 2201 τί
3413 2149 3601 2211 δώσεις
3657 2148 3828 2218 αὐτῷ,

2255 2238 2288 2307 ἢ
2321 2238 2372 2289 τί
2431 2239 2494 2290 ὲκ
2548 2239 2728 2309 χειρός
2784 2257 2876 2292 σου
2934 2240 3194 2311 λήψεται;
3225 2241 3376 2311 ἀνδρὶ
3416 2240 3492 2311 τῷ
3531 2240 3700 2311 ὁμοίῳ
3731 2243 3830 2292 σου

2255 2330 2288 2399 ἡ
2321 2328 2542 2383 ἀσέϐειά
2573 2329 2682 2401 (91)
2718 2347 2831 2394 σου,
2864 2332 2956 2385 καὶ
2986 2314 3398 2403 υἱῷάνθρώπου
3445 2334 3474 2402 ή
3515 2333 3832 2406 δικαιοσύνη

2258 2439 2371 2475 σου.
2413 2439 2433 2472 ι

2772 2515 3163 2569 ΚΕΦΑΑΑΙΟΝ
3200 2518 3290 2582 ειη.

2253 2609 2372 2662 Ὅτι
2396 2605 2512 2677 χρὴ
2537 2605 2644 2659 τὸν
2669 2607 2892 2665 πιστὸν
2917 2608 3070 2677 μήτε
3089 2604 3524 2677 ῥιψοκίνδυνον
3556 2601 3709 2659 εἷναι
3748 2608 3836 2662 δι’

2323 2674 2680 2745 ἀσφάλειαν,
2721 2677 2873 2746 μήτε
2909 2674 3145 2746 ,περιδετῖ
3191 2674 3262 2728 δι’
3292 2675 3632 2746 ἀνανδρίαν·
3666 2678 3835 2730 ἀλλὰ

2323 2747 2421 2800 καὶ
2473 2745 2733 2815 φεύγειν-ί
2769 2746 2842 2798 δι’
2896 2745 3242 2807 εὐλάϐειαν,
3302 2745 3393 2798 καὶ
3451 2747 3834 2814 ἐμπεσόντα,

2321 2814 2704 2893 ἀγωνίζεσθαι
2735 2815 2830 2868 διὰ
2857 2816 2962 2868 τὸν
2988 2816 3380 2884 ἀποκείμενον
3409 2815 3727 2895 στέφανον.

2333 2906 2745 2977 Ἀποταξώμεθα
2755 2903 2844 2959 οὖν
2857 2906 2948 2958 καὶ
2958 2907 3190 2974 γονεῦσι,
3210 2907 3301 2959 καὶ
3318 2907 3617 2975 συγγενέσι,
3637 2907 3728 2959 καὶ
3742 2908 3804 2976 φί
3819 2939 3832 2950 ο

2251 2998 2380 3064 λοις,
2396 2999 2488 3051 καὶ
2501 2999 2733 3064 γυναικὶ,
2750 2996 2976 3068 [τέκνοις
2991 2996 3055 3069 ¹“]
3072 2999 3162 3051 καὶ
3178 3000 3545 3080 κτήμασι,καὶ
3562 2998 3834 3068 σύμπαντι

595 3090 932 3159 nis,quando
961 3103 1147 3142 eorum
1177 3089 1378 3156 aliquid
1406 3088 1788 3158 impedimento
1820 3087 1920 3140 erit
1943 3086 2148 3154 pietati.

2257 3089 2330 3158 τῷ
2348 3089 2465 3159 βίῳ,
2490 3090 2616 3141 ὅταν
2706 3107 2758 3141 τι
2785 3088 2988 3141 τούτων
3017 3089 3242 3160 κώλυμα
3263 3089 3396 3160 πρὸς
3427 3090 3719 3144 εὐσέϐειαν.
3741 3091 3833 3143 Δεῖ

598 3180 875 3250 Siquidem
904 3194 1060 3234 orare
1081 3181 1358 3243 debemus,
1387 3194 1454 3233 ne
1483 3176 1849 3248 ingrediamur
1885 3178 1941 3230 in
1982 3183 2156 3230 tenta-

597 3275 820 3328 tionem.
845 3270 999 3336 Quod
1025 3271 1071 3326 si
1103 3271 1171 3324 ad
1196 3270 1516 3340 martyrium
1545 3283 1821 3336 vocemur,
1850 3277 2060 3338 oportet
2099 3279 2157 3324 ut

597 3380 719 3418 cum
761 3363 1078 3418 fortitudine
1124 3372 1177 3417 et
1212 3361 1519 3416 constantia
1547 3362 1927 3415 honorandum
1960 3377 2154 3416 nomen

598 3458 953 3513 conﬁteantur
995 3474 1010 3510 :
1051 3462 1106 3508 et
1147 3455 1193 3509 si
1224 3453 1345 3508 ideo
1377 3454 1445 3508 ad
1489 3453 1813 3522 supplicium
1854 3453 2154 3516 mittamur,

599 3549 928 3620 gaudeamus
964 3559 1218 3616 tanquam
1247 3547 1339 3616 qui
1366 3545 1433 3599 ad
1473 3545 1933 3599 immortalitatem
1965 3559 2158 3614 prope.—

600 3657 803 3697 ramus.
831 3641 966 3696 Cum
1001 3642 1428 3709 persecutionem
1454 3637 1711 3706 patimur,
1739 3652 1808 3691 ne
1829 3635 1986 3706 quasi
2011 3635 2064 3688 in
2101 3651 2159 3688 re

601 3749 740 3789 nova
761 3748 826 3786 ac
843 3731 1082 3786 inaudita
1107 3739 1440 3799 stupeamus.
1464 3726 1582 3781 Non
1605 3727 1894 3797 diligamus
1921 3741 2159 3795 praesens

603 3825 881 3888 saeculum,
912 3838 1088 3892 neque
1125 3821 1315 3875 laudes
1344 3820 1412 3874 ab
1437 3819 1770 3880 hominibus,
1801 3832 1976 3886 neque
2009 3817 2160 3886 prin-

603 3918 784 3987 cipum
811 3915 1052 3968 virorum
1084 3913 1312 3984 gloriam
1337 3919 1390 3966 et
1418 3911 1677 3965 honorem
1701 3929 1715 3977 ;
1741 3911 1883 3965 sicut
1915 3910 2161 3964 nonnulli

599 4006 806 4071 Judaei,
845 4021 967 4061 cum
997 4005 1208 4060 Domini
1249 4018 1413 4074 Opera
1431 4002 1863 4066 "admirarentur,
1895 4019 2006 4056 non
2044 4017 2162 4056 creo

602 4098 856 4154 diderunt
900 4098 956 4151 in
985 4113 1105 4151 eum
1128 4136 1143 4162 ,
1177 4106 1320 4150 metu
1363 4095 1678 4165 pontificum
1726 4095 2163 4165 reliquorumque

601 4191 964 4260 optimatum:
1008 4207 1026 4240 ι
1057 4188 1372 4243 Dilexerunt
1421 4188 1563 4242 enim
1612 4187 1838 4257 gloriam
1884 4187 2162 4241 hominum

599 4281 792 4350 magis,
817 4295 978 4350 quam
1008 4279 1235 4350 gloriam
1257 4279 1348 4334 Dei
1370 4281 1410 4333 '.
1446 4299 1463 4330 ι
1491 4279 1718 4344 Quando
1746 4289 1926 4333 autem
1966 4279 2163 4334 bonam

600 4373 996 4428 confessionem
1027 4372 1368 4436 conﬁtemur,
1402 4387 1511 4426 non
1549 4371 1711 4425 modo
1741 4387 1842 4426 nos
1867 4371 2013 4442 ipsos
2049 4387 2166 4426 ser-

2255 3181 2362 3252 γὰρ
2391 3181 2782 3252 προσεύχεσθαι
2814 3181 3105 3252 μὲνὴμᾶς,
3154 3171 3239 3234 ἵνα
3273 3182 3344 3252 μὴ
3393 3181 3715 3251 εἰσέλθωμεν
3752 3182 3833 3245 εἰς

2257 3272 2576 3344 πειρασμόν,
2624 3272 2746 3325 Ἐὰν
2781 3273 2846 3342 ,δὲ
2895 3273 3178 3344 κληθῶμεν
3225 3276 3303 3336 εἰς
3335 3271 3660 3344 μαρτύριον,
3695 3273 3835 3344 μετᾶ

2256 3366 2555 3428 ἐνστάσεως
2600 3366 2878 3435 ὁμολογεῖν
2909 3366 3026 3437 (9‘2)
3063 3365 3123 3417 τὸ
3151 3353 3329 3435 τίμιον
3375 3365 3542 3435 ὄνομα
3567 3382 3579 3394 ·
3615 3367 3710 3417 καὶ
3739 3366 3835 3418 ὲάν

2255 3457 2442 3510 τούτου
2479 3456 2637 3528 χάριν
2667 3440 3044 3527 κολασθῶμεν’,
3091 3457 3367 3526 χαίρωμεν
3404 3456 3479 3518 ὼς
3519 3456 3610 3507 ἐπὶ
3637 3456 3838 3508 ἀθανα-

2259 3550 2378 3602 σίαν
2425 3548 2741 3612 σπεύδοντες
2773 3547 2902 3619 (95).
2943 3549 3268 3619 Διωκόμενοι
3293 3590 3306 3614 ,
3354 3548 3427 3619 μὴ
3477 3547 3829 3618 ξενιζώμεθα.

2258 3641 2348 3711 Μὴ
2404 3639 2511 3712 (94)
2572 3634 2942 3710 ἀγαπήσωμεν
2998 3641 3088 3694 τὸν
3136 3638 3230 3692 νῦν
3272 3638 3474 3704 αἰῶνα,
3523 3639 3654 3710 μηδὲ
3707 3641 3834 3699 τοὺς

2260 3732 2411 3803 παρά
2437 3731 2734 3803 ἀνθρώπων
2776 3732 3061 3798 ἐπαίνους,
3113 3731 3242 3802 μηδὲ
3271 3731 3366 3802 τὴν
3407 3731 3513 3784 τῶν
3559 3728 3834 3801 ἀρχόντων

2258 3827 2411 3890 δόξαν
2441 3827 2532 3879 καὶ
2563 3824 2672 3896 (95)
2699 3824 2895 3896 τιμὴν,
2939 3823 3186 3892 καθάπερ
3227 3823 3319 3874 καί
3359 3839 3502 3884 τινες
3551 3821 3659 3874 τῶν
3703 3821 3834 3873 Ἰου-

2259 3918 2420 3972 δαίων
2443 3960 2458 3984 ,
2489 3917 2856 3987 θαυμάζοντες
2895 3914 2988 3968 τοῦ
3017 3915 3220 3986 Κυρίου
3251 3914 3350 3978 τάς
3388 3915 3662 3986 ἐνεργείας
3684 3954 3698 3979 ,
3732 3913 3834 3966 οὐκ

2261 4010 2540 4062 ἐπίστευον
2567 4011 2646 4072 εἰς
2676 4009 2870 4073 αὐτὸν,
2900 4009 3048 4078 φόϐῳ
3074 4007 3152 4077 τῷ
3186 4008 3320 4078 πρὸς
3360 4008 3484 4069 τοὺς
3523 4007 3795 4077 ἀρχιερεῖς
3815 4048 3830 4072 ,

2263 4103 2356 4156 καὶ
2399 4103 2524 4165 τοὺς
2550 4101 2768 4163 λοιποὺς
2811 4100 2916 4152 τῶν
2966 4100 3239 4170 ἀρχόντων
3262 4116 3273 4128 ·
3311 4119 3329 4149 ι
3373 4098 3686 4165 Ἠγάπησαν
3723 4094 3836 4169 γὰρ

2262 4194 2360 4264 τὴν
2388 4193 2543 4258 δόξαν
2572 4192 2678 4245 τῶν
2709 4191 3006 4263 ἀνθρώπων
3039 4191 3235 4261 μᾶλλον
3263 4191 3404 4260 ἥπερ
3430 4189 3528 4258 τὴν
3557 4186 3708 4249 δόξαν
3735 4184 3832 4238 τοῦ

2264 4285 2416 4337 Θεοῦ.
2449 4304 2468 4335 ι
2514 4283 2972 4354 Ὁμολογήσαντες
3009 4283 3066 4334 δὲ
3092 4283 3188 4351 τὴν
3239 4279 3403 4350 καλὴν
3431 4278 3740 4348 ὁμολογίαν,
3771 4279 3835 4330 ού

2270 4377 2428 4448 μόνον
2457 4378 2682 4440 ἑαυτοὺς
2713 4375 2976 4446 σώζομεν,
3005 4375 3138 4427 ἀλλά
3176 4374 3267 4426 καὶ
3294 4374 3419 4433 τοὺς
3447 4370 3836 4437 νεοφωτίστους

600 4481 791 4520 vamus
811 4504 826 4530 ,
855 4464 948 4519 sed
980 4471 1034 4518 et
1063 4478 1254 4518 recens
1281 4464 1584 4542 baptizatos
1616 4464 2032 4528 conﬁrmamus,
2074 4472 2159 4516 at-

2269 4467 2604 4539 βεϐαιοῦμεν,
2637 4468 2728 4520 καὶ
2753 4469 2880 4530 τοὺς
2900 4465 3329 4536 κατηχουμένους
3351 4461 3827 4531 πιστοποιούμεθα.

600 4575 705 4628 que
741 4557 1157 4612 catechumenos
1189 4557 1244 4610 in
1275 4556 1377 4610 [ide
1411 4556 1720 4611 statuimus.
1767 4554 1866 4610 Sin
1893 4572 2023 4611 vero
2061 4557 2162 4609 ali-

598 4647 732 4719 quid
760 4649 828 4704 de
853 4646 1197 4702 confessione
1238 4647 1612 4703 remiserimus
1631 4688 1646 4712 ,
1679 4656 1872 4718 negata
1901 4648 2163 4717 religione

601 4738 696 4794 Dei
715 4740 785 4795 ob
811 4739 976 4793 animi
1003 4739 1281 4794 mollitiem
1312 4747 1366 4794 et
1389 4739 1721 4796 brevissimae
1740 4756 1914 4812 poenae
1935 4749 2160 4809 metum,

2266 4560 2330 4612 Ei
2373 4559 2427 4611 δὲ
2475 4558 2803 4629 καθυφῶμέν
2841 4576 2892 4610 τι
2921 4557 3020 4626 τῆς
3064 4555 3364 4626 ὁμολογίας,
3405 4544 3833 4626 ὲξαρνησάμενοι

2266 4651 2362 4722 τὴν
2416 4650 2694 4704 εὐσέϐειαν
2738 4649 2826 4703 διά
2869 4648 3108 4728 γνώμης
3145 4646 3446 4718 χαυνότητα
3471 4689 3484 4713 ,
3531 4648 3624 4700 καὶ
3672 4646 3832 4716 φόϐον

2271 4742 2613 4814 βραχυτάτης
2642 4742 2906 4812 τιμωρίας
2926 4781 2940 4806 ,
2970 4741 3030 4813 οὐ
3065 4738 3222 4808 μόνον
3252 4739 3476 4802 ἑαυτοὺς
3504 4738 3834 4810 ἀποστεροῧ⁶⁶

664 4899 680 4928 ¹
709 4895 812 4950 Job
865 4911 1025 4953 xxxv,
1061 4894 1112 4948 7.
1185 4895 1222 4924 ¹⁶
1258 4891 1367 4963 Hoc
1398 4892 1620 4946 verbum
1657 4894 2052 4963 supplevimus,
2085 4890 2253 4962 quod,
2285 4892 2371 4963 vel
2401 4891 2558 4963 aliud
2601 4891 2798 4963 simile.
2834 4880 3144 4944 inconsulte
3175 4887 3442 4943 omissum
3470 4890 3687 4945 videtur
3718 4889 3830 4946 :si-

601 4967 820 5038 quidem
849 4967 918 5020 ab
942 4966 1232 5035 interprete
1256 4962 1447 5016 Latine
1473 4979 1689 5018 versum
1713 4959 1816 5018 est.-
1846 4963 2004 5017 Em'r.
2037 4959 2176 5017 [la—ra

2259 4996 2276 5016 .
2347 4962 2367 4990 '
2393 4959 2550 5015 Joan.
2582 4977 2680 5026 xu,
2721 4961 2809 5014 45.
2849 5019 2851 5021 _

1901 5101 2260 5159 VARIORUM
2296 5100 2526 5156 NOTAE.

673 5249 787 5320 (84)
820 5249 1163 5320 Εὐσέϐειαν.
1184 5248 1502 5320 ε’ἴξπακοήν,
1533 5244 1589 5298 ἱη
1613 5244 1820 5320 ιιιιειηἱ
1841 5243 2005 5299 CLI-2n.

675 5314 788 5392 (85)
819 5319 1077 5392 Amyntor
1105 5319 1221 5392 καί.
1257 5314 1460 5392 Desunt
1482 5316 1544 5392 _in
1577 5315 1768 5392 altero.
1802 5314 1879 5368 lo.

676 5384 788 5510 (£86)
817 5384 1013 5510 Ξύλίὲν
1068 5387 1424 5456 πρόσπηξιν.
1481 5384 1538 5439 ln
1589 5385 1758 5439 altero
1806 5392 1890 5439 est
1933 5384 2162 5456 σταυρὸν

716 5476 921 5510 οττισιν.
978 5475 1030 5510 D.

607 5460 921 5514 ἀνάρτησιν.
954 5460 1030 5514 In.

739 5479 921 5531 ντησιν.
954 5479 1030 5514 In.

739 5531 790 5598 7)
838 5529 1052 5598 Ἡμεῖς.
1085 5527 1245 5598 Deest
1275 5527 1329 5581 in
1371 5526 1558 5598 altero.
1595 5524 1669 5598 In,

701 5593 790 5668 88)
827 5593 1026 5668 'Hjtdc.
1061 5597 1224 5652 Addit
1268 5599 1416 5668 alter,
1445 5596 1616 5668 codex
1646 5595 1965 5668 ἀπετάξατο.
1991 5593 2068 5650 In.

701 5665 792 5736 89)
821 5665 1035 5722 Αὑτοῦ.
1059 5668 1380 5736 Αόάίιγειιει·
1401 5666 1644 5736 δεόμεθα.
1679 5665 1754 5736 In.

679 5733 792 5809 (90)
814 5739 1188 5806 Αὺθαίζρετον.
1220 5735 1276 5790 In
1297 5737 1466 5792 altero
1488 5733 1792 5806 εἰλικρινές,
1818 5745 1980 5793 recte.
2005 5733 2082 5790 lu.

676 5533 697 5746 ἓ

772 5531 792 5808 ἓ

2349 5242 2460 5314 (91)
2499 5238 2780 5314 Ἀσέὅειιι.
2815 5238 2964 5314 Alter
2983 5237 3250 5314 εύσέϐεια,
3293 5238 3508 5314 melius,
3535 5239 3580 5292 si
3604 5237 3826 5293 seorsim

2280 5308 2955 5384 leg'atur_sentcntia;__sed
3010 5309 3294 5384 lectionem
3349 5309 3620 5384 vulgarem
3654 5317 3828 5361 tuetur

2270 5375 2433 5438 lectio
2468 5381 2716 5436 Hebrairi
2754 5378 2961 5434 codicis
2990 5388 3042 5432 et
3069 5387 3200 5432 vett.
3237 5375 3359 5431 lntt.
3389 5375 3462 5430 lo“
3745 5403 3749 5406 -

2338 5455 2448 5524 (92)
2498 5450 2855 5524 Ὀμολοτεῒις.
2903 5449 3050 5503 Alter
3100 5449 3224 5504 cod.
3281 5447 3732 5518 ὁμολογήσωμεν,
3770 5452 3826 5499 ut

2266 5519 2455 5594 postea
2497 5519 2587 5592 χαί
2595 5538 2670 5594 ρω
2678 5537 2793 5594 μεν.
2829 5519 2904 5573 In.

2362 5594 2470 5659 925).
2499 5581 2900 5659 Ἑάεύδονξτες.
2932 5587 3290 5659 Καλούμενοι,
3321 5589 3374 5659 in
3405 5589 3576 5642 altero
3600 5583 3719 5640 cod.
3749 5581 3822 5638 ID.

2355 5657 2444 5731 94)
2482 5661 2597 5728 Μή.
2631 5657 2780 5731 Μηδέ
2810 5659 3096 5731 in_eodem,
3123 5657 3292 5711 recte.
3326 5658 3377 5710 Io

2353 5727 2443 5801 95)
2481 5733 2670 5801 Δόξαν
2699 5727 2817 5787 καί.
2851 5729 3054 5786 Desunt
3086 5730 3142 5784 in
3171 5731 3360 5784 altero.
3389 5727 3465 5795 lo.
