4080 6266
361 291 462 347 837

1230 295 1828 357 CONSTITUTlONES
1866 303 2546 361 APOSTOLICE.-—LIB.
2589 305 2652 359 V.
2675 313 2683 320 '

3481 317 3585 372 838
3630 376 3632 378 _

358 424 454 477 μεν
481 407 582 476 τῆς
608 406 821 468 αἰωνίου
849 407 1006 480 δόξης
1028 453 1042 479 ,
1089 409 1326 486 ἀλλ’ἦδη
1372 415 1466 466 καὶ
1511 416 1716 483 έτέροις
1756 417 1896 471 αἴτιο

2021 436 2130 474 non
2168 421 2342 474 solum
2382 436 2484 474 nos
2530 421 2634 491 ipsi
2662 429 2864 477 aeterna
2900 424 3070 493 gloria
3119 426 3581 498 defraudabimus,

351 498 622 562 ἀπωλείας
649 501 1006 571 γενησόμεθα,
1037 507 1130 558 καὶ
1155 504 1471 577 διπλοτέραν
1500 507 1792 579 ὑποίσομεν
1819 510 1916 581 τὴν

351 589 491 643 τίσιν
520 589 628 662 (96)
649 633 662 656 ,
694 592 769 654 ὡς
805 593 1036 662 ὑποψίαν
1063 595 1313 659 δόσαντες
1344 597 1453 669 (97)
1496 597 1583 650 διὰ
1627 600 1726 670 τῆς
1753 601 1918 672 ἀρνή-

353 697 524 747 σεως,
580 682 786 754 πλάνης
835 684 1051 756 διδαχὴν
1103 681 1242 740 εἶναι
1292 689 1390 760 τήν
1443 705 1573 741 ποτε
1618 689 1707 759 ὑφ’
1759 692 1916 762 ἡμῶν

349 771 707 844 δοξαζομένην
735 774 1003 846 ἀλήθειαν.
1041 775 1133 828 Διὸ
1164 779 1300 848 μήτε
1330 779 1604 850 πρόχειροι
1649 775 1795 851 ὦμεν
1824 784 1916 836 καὶ

353 864 709 936 ῥιψοκίνδυνοι
733 882 745 894 ·
787 865 933 934 λέγει
971 867 1080 940 γὰρ
1119 870 1148 921 6
1191 870 1392 941 Κύριος
1424 887 1438 900 ·
1476 891 1493 922 ‹
1522 873 1912 944 Προσεύχεσθε,

355 957 427 1028 μὴ
456 959 712 1028 ἐμπεσεῖν
744 958 851 1028 (98)
875 963 954 1023 εἰς
982 963 1314 1032 πειρασμόν·
1333 963 1392 1016 τὸ
1422 964 1518 1034 μὲν
1547 965 1762 1035 πνεῦμα
1791 967 1915 1036 πρό-

351 1049 516 1120 θυμον
537 1091 551 1116 ,
594 1053 626 1122 ἡ
659 1051 714 1103 δὲ
743 1052 878 1122 σὰρξ
913 1053 1140 1126 ἀσθενής
1162 1073 1175 1084 -
1205 1073 1222 1104 ι
1258 1055 1392 1127 μηδὲ
1423 1057 1526 1128 μὴν
1565 1058 1910 1128 ἐμπεσόντες,

343 1140 518 1211 ’δειλία
546 1143 989 1214 καταισχύνωμεν
1016 1146 1112 1214 τὴν
1139 1147 1440 1218 ὁμολογίαν.
1461 1149 1523 1201 Εἰ
1541 1149 1649 1220 γὰρ
1676 1150 1913 1220 ἀρνησά-

346 1233 508 1301 μενός
537 1252 620 1297 τις
645 1235 742 1305 τὴν
787 1237 978 1289 ἑαυτοῦ
1008 1239 1196 1292 ὲλπίδα
1214 1280 1228 1304 ,
1258 1240 1316 1302 ὃς
1343 1241 1488 1293 ἐστιν
1530 1241 1732 1312 Ἰησοῦς
1759 1245 1787 1294 ὁ
1813 1242 1907 1296 τοῦ

346 1325 480 1378 Θεοῦ
499 1324 622 1390 Υἱὸς
645 1370 660 1392 ,
688 1329 927 1401 ἀπολυθῇ
961 1331 1052 1384 τοῦ
1089 1331 1418 1403 προσκαίρου
1446 1332 1694 1401 θανάτου,
1725 1334 1909 1406 αῠριον

346 1418 389 1472 δ’
418 1421 508 1472 ἐπὶ
535 1421 721 1493 κλίνης
759 1423 895 1495 νόσῳ
914 1426 1182 1498 περιπέσῃ
1209 1426 1459 1499 ὀξυτάτῃ,
1482 1427 1704 1494 κοιλίας,
1727 1429 1759 1500 ἦ
1790 1447 1910 1484 στο-

341 1512 544 1583 μάχου,
565 1513 598 1584 ἢ
621 1514 879 1584 κεφαλῆς,
901 1517 934 1586 ἦ
953 1533 1058 1569 τινι
1087 1517 1245 1570 πάθει
1264 1517 1369 1570 τῶν
1388 1518 1641 1585 ἀνιάτων,
1673 1520 1904 1591 σήψεως,

345 1605 377 1675 ἢ
406 1605 770 1678 γαγγραίνης,
809 1606 841 1678 ἢ
871 1607 1248 1674 ἀποστάσεως,
1278 1609 1310 1679 ἢ
1345 1609 1483 1662 ἱλεοῦ
1503 1653 1518 1677 ,
1550 1611 1582 1682 ἢ
1614 1612 1800 1682 ὑδέρου
1826 1654 1840 1679 ,
1871 1613 1904 1684 ἢ

346 1698 539 1765 κώλου,
569 1705 784 1770 ταχεῖαν
811 1702 1102 1772 ποιήσηται
1128 1701 1224 1772 τὴν
1253 1704 1628 1775 καταστροφὴν
1646 1743 1660 1767 ,
1692 1705 1786 1758 καὶ
1810 1704 1903 1758 τοῦ

2016 510 2113 565 sed
2150 511 2263 580 jam
2293 511 2418 568 aliis
2455 527 2671 582 quoque
2709 520 2963 570 auctores
2992 518 3312 585 perditionis
3337 521 3580 590 erimus;

2015 612 2068 658 et
2095 603 2318 672 duplum
2343 604 2670 674 supplicium
2705 605 3040 676 perferemus
3059 646 3074 672 ,
3124 611 3270 679 quod
3296 613 3583 681 negatione

2015 703 2240 760 nostra,
2275 697 2482 750 erroris
2535 706 2845 765 suspectam
2887 699 3286 757 reddiderimus
3325 719 3446 772 qua:
3482 705 3582 758 ali-

2016 786 2234 855 quando
2278 801 2311 841 a
2351 788 2510 843 nobis
2553 789 2933 844 celebrabatur
2977 792 3275 846 veritatem.
3311 794 3581 860 Quocirca

2015 893 2190 947 neque
2231 879 2465 948 prompti
2508 881 2683 936 simus
2723 890 2966 948 temere,
2997 891 3177 954 atque
3233 884 3301 937 ad
3339 887 3579 956 pericula

2015 969 2352 1039 praccipites;
2385 969 2648 1027 Dominus
2678 974 2822 1028 enim
2866 975 3038 1030 dicit:
3073 994 3089 1026 ο
3117 973 3306 1040 Orate,
3344 993 3414 1032 ne
3441 979 3580 1033 inci-

2013 1059 2156 1114 datis
2205 1061 2262 1115 in
2309 1063 2710 1119 tentationem:
2754 1067 2982 1135 spiritus
3032 1067 3249 1136 quidem
3294 1080 3577 1140 promptus

2011 1158 2126 1215 est,
2169 1167 2300 1207 caro
2343 1162 2521 1209 autem
2568 1156 2820 1210 inﬁrma8
2846 1176 2862 1222 ;
2895 1179 2915 1210 ι
2966 1173 3142 1227 neque
3193 1159 3241 1213 si
3293 1160 3576 1230 intercepti

2011 1242 2297 1310 fuerimus,
2327 1233 2724 1303 confessionem
2757 1250 3042 1304 timiditate
3066 1253 3418 1308 maculcmus.
3441 1253 3576 1308 Nam

2010 1337 2105 1405 qui
2135 1337 2452 1408 abnegando
2476 1355 2626 1410 spem
2665 1356 2822 1396 suam
2841 1381 2856 1406 ,
2885 1342 2990 1396 hoc
3015 1352 3100 1397 est
3125 1342 3311 1398 Jesum
3331 1385 3346 1408 ,
3379 1344 3576 1400 Filium

2010 1426 2142 1494 Dei,
2187 1443 2218 1482 a
2249 1437 2422 1484 morte
2462 1434 2795 1501 temporaria
2843 1433 3103 1489 liberatus
3132 1443 3248 1502 est,
3282 1437 3329 1490 si
3357 1453 3480 1493 cras
3519 1439 3576 1492 in

2009 1518 2151 1576 lecto
2179 1521 2382 1575 incidat
2412 1521 2469 1576 in
2496 1524 2744 1578 morbum
2769 1527 3142 1581 acutissimum
3169 1567 3184 1592 ,
3217 1530 3451 1594 ventris,
3483 1541 3578 1586 aut

2009 1614 2308 1678 stomachi,
2341 1624 2434 1670 aut
2470 1617 2698 1686 capitis,
2742 1619 2825 1672 vel
2859 1619 2915 1672 in
2946 1620 3164 1690 aliquod
3192 1621 3379 1675 vitium
3421 1622 3574 1677 insa-

2007 1705 2214 1770 nabile,
2257 1707 2398 1761 tabis
2429 1709 2510 1762 vel
2533 1723 2854 1777 gangramae,
2885 1712 2972 1766 vel
2999 1713 3310 1776 abscessus,
3341 1715 3422 1768 vel
3452 1717 3572 1769 vol-

344 1793 440 1864 ζῇν
469 1790 765 1858 ὑπεξέλθοι,
796 1795 914 1864 οὐχὶ
942 1798 1034 1847 καὶ
1061 1794 1168 1848 τῶν
1197 1794 1428 1849 ἐνταῦθα
1476 1796 1740 1868 ἐστερήθη
1765 1839 1780 1863 ,
1813 1800 1897 1851 καὶ

2007 1796 2139 1860 vuli,
2173 1797 2256 1851 vel
2281 1813 2436 1867 aqua:
2464 1799 2770 1865 intercutis,
2803 1802 2888 1856 vel
2925 1803 3085 1858 coliei
3113 1804 3371 1872 affectus;
3400 1814 3453 1860 et
3475 1820 3572 1862 ce-

333 1887 447 1939 ’τῶν
475 1887 706 1940 αἰωνίων
737 1887 1084 1950 ὲκπέπτωκε,
1119 1886 1312 1958 μᾶλλον
1341 1887 1397 1940 δὲ
1423 1887 1522 1957 τῆς
1549 1889 1718 1941 ἀϊδίου
1749 1889 1904 1943 κολά-

343 1993 478 2040 σεως
519 1978 666 2042 ἐντὸς
702 1979 936 2050 κατέστη
959 2023 973 2046 ,
1007 1979 1287 2050 πορευθεὶς
1331 1982 1411 2042 εἰς
1445 1999 1462 2030 ε
1502 1981 1563 2032 τὸ
1611 1981 1798 2045 σκότος
1843 1984 1903 2036 τὸ

341 2069 630 2141 ἐξώτερον,
673 2061 734 2123 οὗ
779 2071 807 2121 ὁ
854 2071 1126 2142 κλαυθμὸς
1169 2072 1262 2126 καὶ
1295 2073 1322 2124 6
1353 2071 1594 2142 βρυγμὸς
1621 2073 1726 2125 τῶν
1757 2074 1901 2128 ὁδόν-

329 2172 444 2215 ’των
469 2180 483 2228 ;
513 2181 531 2214 ι
563 2164 590 2215 ὁ
616 2163 670 2216 δὲ
699 2163 807 2234 (99)
837 2164 1084 2228 ἀξιωθεὶς
1115 2165 1430 2235 μαρτυρίου,
1459 2166 1692 2236 χαιρέτω
1719 2165 1815 2236 τὴν
1843 2169 1899 2220 ὲν

337 2256 527 2326 Κυρίῳ
555 2256 742 2328 χαρὰν,
759 2257 834 2320 ὼς
861 2257 1176 2329 τηλικούτου
1203 2256 1471 2327 ἐπιτυχὼν
1502 2259 1784 2326 στεφάνου,
1808 2260 1900 2311 καὶ

335 2346 401 2398 δι’
428 2347 710 2418 ὁμολογίας
757 2348 1072 2419 ποιούμενος
1114 2347 1211 2419 τὴν
1252 2347 1426 2412 ἔξοδον
1462 2348 1556 2401 τοῦ
1605 2349 1740 2419 βίου.
1781 2349 1896 2405 Κᾶν

335 2438 736 2510 κατηχούμενος
774 2436 838 2512 ᾖ,
884 2440 1086 2502 ἄλυπος
1130 2439 1342 2493 ἀπίτω·
1374 2441 1434 2492 τὸ
1477 2440 1584 2512 γὰρ
1630 2441 1798 2504 πάθος
1837 2443 1897 2494 τὸ

325 2530 472 2602 ’ὑπὲρ
498 2530 734 2603 Χριστοῦ
759 2575 772 2600 ,
805 2531 955 2585 ἔσται
1006 2532 1154 2602 αὐτῷ
1191 2532 1550 2604 γνησιώτερον
1581 2533 1856 2604 βάπτισμα
1877 2550 1891 2564 ·

321 2623 411 2676 ¹ᾶτι
441 2624 602 2686 αὐτὸς
634 2625 728 2695 μὲν
758 2624 918 2696 πείρᾳ
964 2624 1386 2695 συναποθνήσκει
1412 2623 1490 2694 τῷ
1517 2625 1732 2694 Κυρίῳ,
1763 2625 1812 2676 οἱ
1839 2625 1896 2678 δὲ

227 2723 232 2730 “
331 2713 541 2780 λοιποὶ,
572 2714 744 2786 τύπῳ.
775 2716 1022 2788 Χαιρέτω
1049 2712 1140 2768 οὖν
1174 2716 1501 2786 μιμούμενος
1526 2717 1614 2769 τὸν
1640 2717 1893 2771 διδάσκα-

329 2805 444 2858 λονο
472 2807 654 2878 ἐπειδὴ
678 2809 770 2860 καὶ
797 2809 1222 2879 προστέτακται·
1249 2827 1266 2859 ι
1287 2810 1440 2878 Κατη
1451 2808 1730 2878 ρτισμένος
1757 2809 1894 2862 έστω

331 2902 470 2964 πᾶς,
504 2900 579 2962 ὡς
604 2901 632 2951 ὁ
662 2900 971 2963 διδάσκαλος
1000 2900 1182 2953 αὐτοῦ.
1223 2918 1240 2950 ι
1285 2899 1342 2952 Ὀ
1370 2899 1426 2952 δὲ
1458 2899 1772 2962 διδάσκαλος
1799 2901 1894 2952 αὺ-

329 2990 427 3043 τοῦ
448 2992 541 3044 καὶ⁹
563 2990 704 3062 (100)
725 2992 879 3063 ἡμῶν
909 2991 1111 3063 Ἰησοῦς
1131 2994 1158 3044 ὁ
1177 2991 1376 3062 Κύριος
1393 2991 1470 3043 δι’
1492 2993 1639 3062 ἡμᾶς
1659 2991 1889 3063 ἐπλήγη,

2005 1887 2104 1942 leri
2155 1889 2303 1943 exitu
2351 1905 2381 1944 e
2422 1891 2532 1944 vita
2578 1892 2857 1958 discedat;
2908 1910 3090 1950 nonne
3126 1904 3179 1950 et
3210 1899 3571 1966 praascntibus

2003 1981 2162 2035 bonis
2197 1983 2441 2050 privatus
2475 1991 2558 2039 est
2579 2024 2593 2048 ,
2625 1993 2679 2039 ct
2709 1987 2776 2040 ab
2804 1989 3023 2042 aeternis
3054 1991 3292 2057 excidit;
3324 1990 3570 2059 quinimo

2002 2083 2260 2128 atternum
2287 2077 2613 2144 supplicium
2646 2079 2834 2145 subiit,
2868 2081 3148 2149 profectus
3177 2083 3242 2136 ad
3272 2101 3289 2132 ι
3317 2083 3570 2138 tenebras

2001 2167 2300 2222 exteriores
2325 2208 2340 2233 ,
2379 2168 2471 2222 ubi
2517 2168 2674 2223 fletus
2712 2183 2765 2224 et
2804 2172 3006 2226 stridor
3035 2173 3280 2227 dentium
3302 2174 3369 2226 ⁸⁸2
3402 2193 3420 2226 ι
3465 2174 3569 2240 Qui

2001 2273 2129 2312 vero
2152 2260 2410 2330 martyrio
2436 2261 2631 2330 dignus
2659 2273 2741 2317 est
2771 2264 3010 2327 habitus,
3037 2265 3221 2319 latitia
3253 2266 3308 2319 in
3342 2265 3569 2320 Domino

1999 2350 2273 2418 etferatur,
2321 2353 2464 2422 quod
2497 2363 2704 2408 tantam
2733 2371 2995 2411 coronant
3053 2366 3249 2413 nactus
3276 2357 3474 2422 fuerit,
3515 2367 3569 2414 et

1998 2458 2096 2512 per
2141 2444 2542 2500 confessionem
2597 2462 2664 2501 ex
2709 2448 2813 2502 hac
2859 2450 2968 2503 vita
3030 2452 3244 2520 migret.
3304 2450 3566 2516 Quamvis

1998 2535 2425 2591 catechumenus
2473 2539 2579 2602 sit,
2623 2539 2742 2594 sine
2786 2541 3006 2595 tristitia
3059 2543 3284 2596 excedat
3324 2562 3336 2596 ε
3382 2543 3565 2612 passio

1995 2628 2138 2682 enim
2185 2644 2284 2698 pro
2333 2628 2556 2685 Christo
2606 2632 2857 2700 perlata,
2907 2633 3011 2686 erit
3056 2633 3103 2688 ei
3155 2633 3420 2688 sincerior
3471 2635 3566 2687 ba-

1995 2719 2254 2788 ptismus;
2295 2721 2735 2790 quandoquidem
2775 2723 2892 2792 ipse
2943 2738 3133 2777 revera
3165 2735 3216 2778 et
3259 2725 3564 2794 periculum

1995 2809 2244 2865 faciendo
2267 2850 2283 2876 ,
2315 2811 2536 2867 Christo
2563 2815 2952 2878 commoritur,
2987 2816 3183 2884 reliqui
3211 2832 3370 2880 vero,
3409 2836 3428 2867 ‹
3462 2819 3562 2872 hoc

1993 2910 2096 2967 est,
2123 2905 2214 2972 qui
2243 2903 2609 2974 haptizantur,
2639 2925 2658 2957 ›
2693 2907 2866 2977 ﬁgura
2897 2914 3130 2964 tantum.
3163 2908 3406 2964 Gaudeat
3432 2926 3563 2980 ergo

1993 2995 2060 3049 de
2090 2995 2332 3066 Magistri
2366 2998 2670 3053 imitatione
2691 3038 2705 3063 ,
2745 2999 3014 3069 siquidem
3066 3010 3396 3071 praeceptum
3425 3011 3507 3058 est
3543 3020 3556 3054 :

334 3082 674 3155 βλασφημίας
687 3084 758 3155 (1)
773 3084 1026 3156 ὑπέμεινε
1045 3085 1139 3138 καὶ
1150 3084 1479 3155 ὀνειδισμοὺς
1503 3084 1883 3155 μακροθύμως,

2000 3107 2020 3141 ι
2050 3087 2334 3146 Perfectus
2365 3091 2436 3144 sit
2464 3092 2664 3156 omnis,
2697 3093 2838 3148 sicut
2865 3092 3121 3163 Magister
3142 3093 3328 3163 ejus“;
3361 3115 3378 3146 ι
3410 3099 3560 3166 atqui

322 3176 644 3247 ἐνεπτύσθη,
674 3176 995 3247 ὲκολαφίσθη
1017 3217 1030 3241 ,
1063 3175 1386 3248 ὲρραπίσθη,
1420 3175 1636 3246 σταυρῷ
1669 3175 1803 3247 μετὰ
1829 3177 1891 3229 τὸ

332 3268 686 3338 μαπιχθῆναι
714 3268 1036 3340 προσηλώθη
1054 3310 1068 3334 ,
1098 3268 1217 3334 ὅξος
1255 3270 1347 3321 καὶ
1390 3266 1549 3337 χολὴν
1593 3267 1847 3339 ὲποτίσθη
1871 3285 1884 3298 '

319 3358 612 3422 ’τελειώσας
646 3361 720 3430 (‘2)
751 3361 929 3414 πάντα
957 3361 1337 3432 γεγραμμένα,
1381 3355 1500 3412 εἷπε
1527 3361 1605 3430 τῷ
1635 3361 1751 3432 Θεῷ
1795 3361 1888 3416 καὶ

319 3450 497 3520 -Πατρί
527 3467 539 3480 ο
579 3470 596 3500 ‹
621 3453 716 3514 Εἰς
767 3452 954 3523 χεῖράς
1007 3470 1100 3504 σου
1157 3451 1492 3523 παρατίθημι
1556 3452 1617 3504 τὸ
1671 3452 1889 3523 πνεῦμά

320 3558 450 3608 εμου.
494 3561 511 3589 ›
546 3542 634 3593 Διὸ
679 3543 772 3594 καὶ
812 3546 839 3595 ὁ
884 3545 1169 3614 εὐχόμενος
1214 3543 1419 3595 ἐκείνου
1454 3543 1698 3614 μαθητὴς
1725 3539 1884 3610 εἶναι,

325 3631 568 3701 ζηλούτω
595 3635 718 3696 τοὺς
745 3635 905 3686 αὐτοῦ
935 3636 1166 3702 ἀγῶνας,
1193 3635 1458 3705 μιμείσθω
1475 3634 1571 3706 τὴν
1593 3636 1883 3707 ὑπομονὴν,

323 3722 603 3790 γινώσκων
631 3724 712 3776 ὅτι
738 3724 837 3778 κᾶν
868 3727 924 3778 ὲν
956 3727 1086 3798 πυρὶ
1117 3728 1219 3780 ὑπὸ
1249 3725 1548 3798 ἀνθρώπων
1579 3735 1708 3804 καῇ,
1738 3727 1885 3782 οὐδὲν

322 3814 570 3866 πείσεται
594 3858 607 3881 ,
638 3815 711 3879 ὼς
740 3818 788 3868 οἱ
817 3820 962 3888 τρεῖς
991 3819 1177 3882 παῖδες
1196 3861 1209 3884 ,
1241 3817 1273 3888 ἢ
1307 3820 1355 3870 εἰ
1385 3819 1478 3871 καὶ
1507 3819 1652 3890 πάθῃ
1681 3837 1763 3886 τι,
1798 3838 1887 3890 μι-

325 3905 448 3956 σθὸν
489 3906 636 3977 παρὰ
679 3907 880 3978 Κυρίου
922 3908 1184 3979 λήψεται·
1231 3908 1498 3961 πιστεύων
1551 3911 1629 3980 τῷ
1671 3912 1749 3963 ένὶ
1791 3913 1884 3964 καὶ

327 3998 470 4068 μόνῳ
514 3998 748 4068 ἀληθινῷ
788 3999 904 4070 Θεῷ
933 4002 1023 4054 καὶ
1050 4003 1248 4072 Πατρὶ,
1296 4002 1384 4055 διὰ
1424 4004 1596 4074 Ἰησοῦ
1625 4003 1881 4075 Χριστοῦ,

325 4089 416 4142 τοῦ
449 4091 680 4159 μεγάλου
710 4092 1005 4163 ἀρχιερέως
1027 4134 1041 4157 ,
1090 4094 1180 4147 καὶ
1221 4095 1491 4167 λυτρωτοῦ
1533 4098 1639 4151 τῶν
1676 4099 1880 4169 ψυχῶν,

326 4182 415 4234 καὶ
462 4183 848 4253 μισθαποδότου
893 4186 998 4239 τῶν
1040 4185 1214 4241 ἄθλων
1248 4204 1260 4216 ·
1303 4183 1348 4256 ᾧ
1391 4191 1423 4259 ἡ
1470 4188 1596 4255 δόξα
1642 4193 1721 4255 είς
1757 4194 1883 4256 τοὺς

321 4274 538 4337 αἰῶνας.
584 4277 768 4348 Ἀμήν.

795 4576 1182 4629 κΕΦΑΑΑιοΝ
1219 4578 1269 4628 κ’
1307 4575 1405 4647 (5).

322 4693 934 4772 Hsgl‘drao‘tdo'emg
982 4691 1639 4772 ἀποδείξεις-’.διάφοροι
1675 4709 1716 4772 ἀ
1746 4692 1881 4772 περὶ

388 4765 683 4832 Σιϐύλλης
703 4783 718 4797 ⁶
751 4766 847 4818 καὶ
877 4761 934 4819 τί
960 4770 1015 4820 οὶ
1056 4763 1296 4818 Στωϊκοί
1329 4761 1404 4834 (4)
1437 4761 1572 4830 περὶ
1614 4761 1719 4816 τοῦ
1747 4762 1878 4831 φοί-

386 4850 551 4900 νικος
577 4837 682 4890 τοῦ
710 4836 936 4903 ὀρνέου.

387 4926 556 4991 Αὐτὸς
581 4926 686 4998 γάρ
713 4929 860 4998 ἡμᾶς
894 4928 1072 4999 ἐγερεῖ
1098 4928 1126 4981 6
1154 4924 1544 4996 παντοκράτωρ
1587 4925 1716 4988 Θεὸς
1737 4964 1752 4988 ,
1789 4924 1879 4978 διὰ

1993 3180 2248 3252 Magister
2296 3183 2418 3252 ejus
2467 3191 2520 3238 et
2559 3191 2766 3249 noster,
2798 3185 3064 3241 Dominus
3115 3186 3296 3250 Jesus,
3343 3198 3562 3258 propter

1989 3288 2092 3330 nos
2142 3275 2329 3346 plagas
2399 3277 2692 3341 sustinuit,
2753 3279 2998 3332 convicia
3047 3285 3101 3332 et
3158 3279 3354 3348 probra
3403 3295 3560 3350 aequo

1990 3365 2172 3420 animo
2201 3367 2481 3429 toleravit,
2524 3377 2824 3439 consputus
2855 3378 2976 3434 est,
3020 3371 3265 3440 colaphis
3291 3382 3344 3427 et
3383 3375 3556 3444 alapis

1989 3471 2312 3524 percussus,
2341 3459 2491 3514 cruci
2517 3468 2638 3529 post
2667 3460 2834 3531 ﬂagra
2875 3460 3066 3517 afﬁxus
3087 3501 3102 3526 ,
3158 3474 3316 3518 aceto
3346 3474 3402 3520 et
3432 3467 3558 3522 felle

1988 3555 2238 3616 potatus;
2302 3553 2806 3622 consummatisque
2866 3555 3121 3610 omnibus
3174 3571 3296 3626 quae
3353 3559 3554 3628 scripta

1987 3648 2177 3706 erant,
2224 3641 2359 3695 dixit
2389 3641 2499 3696 Deo
2553 3650 2606 3698 et
2650 3642 2797 3698 Patri
2825 3664 2838 3698 :
2881 3664 2898 3697 ι
2928 3644 2985 3699 ln
3017 3662 3212 3704 manus
3241 3656 3364 3703 tuas
3397 3664 3552 3704 com-

1987 3732 2183 3787 mendo
2230 3734 2483 3802 spiritum
2531 3751 2712 3791 meum
2731 3738 2772 3792 ⁸.
2805 3756 2825 3789 ι
2876 3738 3217 3809 Quapropter
3266 3741 3358 3810 qui
3405 3751 3554 3812 Optat

1987 3823 2134 3878 illius
2174 3839 2296 3880 esse
2344 3826 2684 3896 discipulus,
2732 3832 3013 3885 azmuletur
3056 3833 3175 3902 ejus
3216 3836 3548 3895 certamina.

1987 3916 2229 3971 imitetur
2261 3920 2608 3988 patientiam;
2663 3923 2841 3979 sciens
2871 3925 3144 3998 quodvetsi
3175 3926 3231 3979 in
3260 3927 3439 3997 ignem
3480 3929 3550 3982 ah

1988 4005 2297 4064 hominibus
2326 4012 2685 4081 conjiciatur,
2717 4015 2853 4068 nihil
2882 4019 3136 4085 patietur,
3164 4017 3304 4071 sicut
3331 4018 3407 4072 illi
3436 4026 3548 4074 tres

1985 4099 2195 4166 pueri’;
2224 4108 2317 4155 aut
2341 4103 2387 4157 si
2417 4103 2621 4173 aliquid
2645 4107 2905 4175 patiatur,
2931 4108 3232 4162 mercedem
3258 4123 3287 4160 a
3317 4107 3548 4163 Domino

1985 4191 2249 4260 accipiet;
2283 4192 2441 4248 ﬁdem
2466 4193 2674 4251 habens
2712 4197 2808 4252 uni
2835 4203 2889 4252 et
2927 4199 3030 4253 soli
3058 4214 3187 4254 vero
3219 4198 3328 4253 Deo
3351 4214 3414 4254 ac
3441 4199 3546 4253 15a-

1983 4281 2091 4345 tri,
2124 4297 2221 4352 per
2247 4281 2434 4338 Jesum
2476 4284 2788 4352 Christum,
2820 4303 3074 4359 maguum
3107 4290 3415 4359 pontiﬁcem
3439 4329 3453 4354 ,
3493 4301 3548 4345 et

2005 4371 2397 4443 redemptorem
2429 4377 2762 4442 animarum,
2798 4381 3263 4452 certaminumque
3293 4395 3545 4436 remune-

1910 4444 1955 4498 Ῑ)
1986 4474 2258 4534 ratorem;
2289 4468 2378 4522 cui
2409 4468 2581 4538 gloria
2630 4470 2686 4524 in
2709 4472 2928 4526 saecula.
2962 4472 3134 4527 Amen

2571 4581 2797 4638 CAPUT
2836 4583 2948 4641 Vll.

1982 4693 2060 4748 De
2087 4695 2463 4749 resurrectione
2485 4696 2667 4768 Ararim;
2682 4696 3190 4768 demonstrationes;
3216 4697 3279 4752 de
3309 4697 3538 4768 Sibylla;

2329 4774 2379 4818 et
2405 4765 2529 4834 quid
2556 4764 2719 4820 Stoici
2738 4766 2801 4821 de
2816 4768 3042 4837 placenice
3069 4785 3178 4822 ave.

2053 4922 2174 4994 Ipse
2200 4924 2346 4980 enim
2381 4939 2482 4979 nos
2504 4925 2853 4982 resuscitabit
2880 4927 3220 4998 omnipotens
3245 4927 3406 4992 Deus,
3441 4943 3541 4998 per

387 5061 405 5092 ‘
432 5059 618 5116 Matth.
650 5077 794 5126 xxvi,
820 5061 908 5116 4i.
974 5061 997 5093 "
1029 5061 1218 5116 Matth.
1262 5076 1383 5125 vm,
1407 5059 1494 5114 l2.
1567 5059 1589 5091 ⁵
1610 5058 1742 5113 Luc.
1775 5073 1852 5121 vt,
1882 5057 1897 5112 Α

2037 5057 2058 5089 ⁸
2083 5055 2215 5112 Luc.
2265 5071 2423 5126 χχιιι,
2449 5057 2542 5113 46.
2603 5058 2776 5115 'Dan.
2811 5075 2896 5126 ιιι,
2934 5061 3004 5115 24

1601 5190 1964 5248 VARIORUM
1995 5190 2228 5248 ΝΟΤᾹΞ.

388 5309 498 5383 (96)
536 5312 897 5389 Διπλοτέραν
923 5311 1101 5364 τίσιν.
1134 5310 1195 5364 ln
1224 5310 1395 5389 altero
1429 5307 1745 5389 διπλασίονα
1766 5306 1870 5389 τὴν

314 5377 490 5452 δίκην,
531 5377 1260 5451 ιιιίειυτοέγηοηγιιιονυηι,
1319 5382 1375 5435 in
1429 5381 1517 5435 his
1559 5378 1715 5434 libris
1763 5377 1872 5432 fre-

314 5453 694 5529 quetltissima.
724 5453 897 5529 (ἰιλῖιιζ
1002 5521 1014 5529 1
1169 5518 1219 5529 ν
1455 5519 1488 5529 ,,

405 5521 493 5591 97)
531 5523 844 5587 Δόσαντες.
877 5522 935 5591 In
954 5521 1137 5591 altero
1165 5518 1342 5591 δόντες
1367 5519 1582 5591 melius.
1614 5515 1690 5572 lo.

407 5589 495 5661 98)
549 5592 879 5661 Ἐμπεσεῐν.
913 5590 1057 5644 ldem
1081 5589 1355 5661 εἰσελθεῖν.
1383 5589 1460 5661 In.

389 5596 474 5664 (98
549 5596 879 5661 Ἐμπεσεῐν.
913 5596 1057 5644 Idem
1081 5596 1352 5644 εἰσελθεῖν.
1383 5596 1460 5644 in.
1792 5657 1803 5669 .

389 5596 497 5743 (99)
549 5663 609 5743 ’ρ
637 5662 724 5743 δε,
754 5669 858 5743 etc.
892 5661 1100 5743 Novum
1144 5659 1652 5743 ca.put.i'i1choatur,
1686 5657 1868 5743 addito

321 5724 615 5812 ltoc_ljtulo
636 5724 803 5812 :_IIapi.
822 5729 1163 5812 ἀναστάσεως
1189 5724 1485 5812 ᾇποδείξεις
1511 5728 1772 5812 διάεξοροι.
1793 5724 1847 5781 ID

400 5801 545 5874 (l00)
585 5799 777 5857 Αὐτοῦ
807 5801 918 5855 καί.
958 5800 1160 5856 Desunt
1189 5800 1244 5853 in
1275 5801 1444 5855 altero
1468 5799 1588 5854 cod.
1619 5799 1696 5854 lo.

2043 5305 2118 5378 (l)
2171 5305 2433 5376 Ἐπλήγη
2457 5307 2870 5377 βλασφημίας.
2915 5307 3041 5364 Haec
3067 5324 3282 5380 quoque
3311 5322 3530 5370 absunt.

2042 5447 2119 5520 (2)
2164 5446 2503 5511 Τελειώσας.
2543 5445 2843 5518 Praeﬁgitur
2875 5449 2928 5503 in
2957 5448 3147 5504 eodem
3173 5450 3285 5515 καί,
3313 5381 3526 5511 genus.

2043 5587 2120 5659 (ὅ)
2158 5591 2325 5659 ΚΕςζζ.
2377 5587 2546 5659 Deest
2571 5587 2676 5642 hoc
2701 5594 2756 5643 et
2809 5603 2929 5658 cap.
2966 5589 3248 5659 inscriptio
3294 5522 3532 5649 ihphtrou

1971 5655 2232 5728 que'cod.
2273 5656 2498 5712 Vindob.
2527 5655 2602 5728 lo.

2050 5727 2125 5801 (4)
2169 5729 2520 5801 ΟζΣτωζκοί.
2573 5727 2772 5801 Bovius
2815 5729 3094 5801 invenerat
3123 5733 3297 5787 solum
3342 5733 3396 5787 in
3427 5734 3530 5789 hoc

1979 5797 2138 5855 titulo
2171 5815 2184 5852 :
2218 5799 2351 5870 Περὶ
2396 5797 2759 5864 ἀναστάσεως.
2801 5799 3006 5857 Caetera
3042 5801 3221 5858 addita
3266 5812 3426 5872 sunt,
3470 5805 3530 5860 ni
