4080 6266
270 370 367 427 841

1177 367 1775 424 CONSTITUTIONES
1811 367 2487 427 AP(lSTOLlCE.—LIB.
2531 366 2593 421 ν.

3414 368 3516 426 842

267 480 510 553 δρόσοςή
533 479 683 552 παρά
717 481 810 534 σοῦ
840 481 975 552 ἴαμα
1001 481 1183 545 αὐτοῖς
1200 483 1336 536 ἐστι.
1367 501 1385 532 ι
1422 481 1597 535 Πολλά
1629 483 1726 553 μὲν
1750 479 1842 536 οὖν

1945 482 2109 537 etiam
2146 480 2253 534 alia
2294 480 2362 536 de
2399 479 2800 535 resurrectione
2845 478 2989 533 dicta
3019 487 3181 543 sunt,
3214 487 3268 535 et
3296 480 3363 534 de
3390 482 3516 550 jus-

265 574 361 628 καὶ
377 571 540 653 ἕτερα
568 573 695 645 περ).
715 568 819 643 τῆς
832 573 1177 637 ἀναστάσεως
1206 574 1436 645 εἴρηται,
1468 575 1563 627 καὶ
1586 575 1713 646 περὶ
1738 574 1839 644 τῆς

267 665 372 719 τῶν
390 664 614 719 δικαίων
643 666 702 716 ἐν
728 664 852 736 δόξῃ
884 665 1164 737 διαμονῆς,
1183 666 1277 719 καὶ
1307 666 1433 736 περὶ
1456 665 1557 735 τῆς
1582 666 1689 718 τῶν
1715 666 1843 719 ἀσε-

157 777 164 785 ·
267 756 376 811 ϐῶν
394 755 683 827 τιμωρίας,
707 756 983 820 πτώσεως,
1000 757 1371 829 ἀποστροφῆς,
1394 756 1708 829 καταδίκης,
1730 757 1842 810 ἀδο-

268 846 408 914 ξίας,
440 849 612 920 πυρὸς
639 848 878 911 αἰωνίου,
909 849 1003 902 καὶ
1023 848 1304 920 σκώληκος
1330 848 1701 919 ἀτελευτήτου.
1732 850 1842 902 Καὶ

266 942 348 995 ὅτι
385 945 432 996 εἰ
460 941 712 994 ἐϐούλετο
748 940 956 1005 πάντας
982 941 1299 1013 ἀνθρώπους
1329 938 1469 995 εἶναι
1506 941 1802 1004 ἀθανάτους
1825 981 1840 1005 ,

265 1033 517 1104 ἠδύνατο,
546 1030 711 1097 ἔδειξε
738 1032 829 1085 τὸν
871 1033 1038 1104 Ἑνὼχ
1066 1035 1159 1087 καὶ
1192 1034 1283 1087 τὸν
1326 1034 1532 1097 Ἠλίαν,
1567 1034 1641 1105 μὴ
1673 1033 1844 1095 ἐάσας

268 1124 500 1179 θανάτου
534 1127 728 1196 πεῖραν
741 1124 941 1179 λαϐεῖν.
964 1126 1027 1179 Et
1047 1126 1103 1180 δὲ
1121 1127 1215 1179 καὶ
1233 1125 1374 1179 κατά
1400 1125 1588 1194 γενεὰν
1605 1126 1731 1188 τοὺς
1757 1142 1844 1177 τε-

267 1216 564 1279 λευτῶντας
582 1216 803 1287 ἀνιστᾷν
830 1215 1007 1287 ἡθελε,
1028 1216 1122 1269 καὶ
1140 1216 1206 1270 δι’
1230 1216 1423 1269 ἑαυτοῦ
1445 1216 1539 1270 καὶ
1558 1215 1622 1269 δι’
1642 1214 1843 1286 ἐτέρων

267 1307 423 1361 τοῦτο
450 1308 608 1378 δῆλον
644 1308 754 1380 (15)
790 1309 1030 1381 ἐποίησε·
1079 1309 1171 1362 τὸν
1217 1311 1315 1381 μὲν
1357 1310 1470 1363 υίδν
1509 1309 1609 1378 τῆς
1646 1310 1841 1380 χήρας,

266 1400 352 1455 διά
408 1401 585 1454 Ἠλίου
631 1402 941 1472 ἀναστήσας
960 1437 980 1466 ,
1018 1402 1113 1455 καὶ
1136 1401 1227 1455 τὸν
1254 1402 1355 1472 τῆς
1382 1401 1738 1473 Σωμανίτιδος
1755 1398 1845 1453 διὰ

280 1491 602 1548 Ἐλισσαίου.
641 1494 943 1565 Πειθόμεθα
977 1495 1034 1548 δὲ
1079 1494 1153 1565 μὴ
1186 1494 1375 1565 μισθὸν
1410 1494 1680 1566 τιμωρίας
1704 1489 1843 1546 εἶναι

266 1586 354 1639 τὸν
376 1586 603 1639 θάνατον
634 1586 742 1657 (14)
767 1625 782 1649 ,
812 1587 871 1652 ἐξ
899 1579 973 1641 ὧν
1011 1588 1171 1641 αὑτὸν
1202 1589 1297 1641 κα)⁵
1337 1588 1479 1656 ἆγιοι
1511 1587 1843 1658 ὑπέστησαν,

266 1677 298 1747 ἦ
330 1679 423 1731 καὶ
451 1678 613 1742 αὐτὸς
637 1679 666 1731 ὁ
693 1679 801 1731 τῶν
830 1680 998 1747 ἁγίων
1018 1680 1219 1752 Κύριος
1244 1678 1448 1751 Ἰησοῦς
1474 1681 1502 1732 ὁ
1528 1678 1778 1751 Χριστὸς,
1806 1680 1840 1748 ή

267 1770 381 1842 ζωὴ
409 1771 518 1825 τῶν
555 1771 759 1825 πιστῶν
808 1774 903 1826 καὶ
935 1775 967 1844 ἡ
1014 1773 1308 1838 ἀνάστασις
1339 1773 1448 1826 τῶν
1480 1771 1705 1844 νεκρῶν·
1754 1770 1841 1825 διά

266 1860 423 1914 τοῦτο
449 1858 541 1916 οὖν
570 1862 708 1926 τέως
735 1863 811 1927 ὡς
837 1863 903 1917 ἂν
931 1864 1042 1936 (15)
1072 1867 1129 1919 ἐν
1163 1865 1517 1937 μεγαλοπόλει
1548 1864 1657 1937 (16)
1687 1864 1838 1918 πολι-

265 1955 592 2024 τευομένοις,
629 1955 763 2026 μετά
789 1957 913 2020 τοὺς
940 1957 1133 2022 ἄθλους
1160 1959 1356 2027 ἐπάγει
1376 1958 1509 2030 πρὸς
1535 1957 1713 2026 ὀλίγον
1738 1957 1838 2028 τὴν

264 2047 526 2113 διάλυσιν,
561 2049 649 2101 ἵνα
689 2049 999 2119 ἀναστήσας
1032 2050 1260 2103 ἕκαστον
1287 2044 1603 2121 ἀποκηρύξῃ
1648 2048 1757 2119 (17)
1802 2049 1837 2120 ἢ

269 2140 607 2213 στεφανώσῃ.
651 2141 708 2196 '0
727 2141 835 2214 γὰρ
864 2140 956 2194 τοῦ
999 2142 1166 2213 Ἀδάμ
1208 2142 1268 2195 τὸ
1311 2142 1469 2213 σῶμα
1496 2143 1561 2196 ἐκ
1592 2142 1697 2211 γῆς
1724 2158 1841 2195 ποι-

266 2232 407 2302 ήσας
438 2232 569 2302 (18),
598 2234 691 2286 καὶ
708 2233 814 2286 τῶν
842 2234 1042 2288 λοιπῶν
1062 2234 1268 2288 καὶτοῦ
1304 2235 1519 2306 πρώτου
1557 2233 1694 2305 μετά
1727 2233 1841 2286 διάει

265 2321 416 2376 λυσιν
443 2324 504 2376 τὸ
534 2324 689 2396 σῶμα
717 2326 1031 2398 ἀναστήσει,
1063 2328 1199 2399 πρὸς
1224 2326 1285 2379 τὸ
1310 2325 1699 2399 χρεωστείσθαι
1728 2325 1841 2397 (19)

266 2413 423 2468 τοῦτο
459 2419 524 2487 τῇ
555 2417 742 2491 λογικῇ
772 2418 877 2471 τῶν
905 2418 1203 2492 ἀνθρώπων
1232 2418 1412 2489 φύσει,
1441 2418 1667 2489 λέγομεν
1697 2418 1762 2488 δὴ
1778 2418 1843 2473 τὸ

267 2503 603 2573 διαιωνίζειν.
621 2510 677 2563 '0
698 2511 873 2564 τοίνυν
899 2510 996 2583 τὴν
1023 2511 1260 2565 διάλυσιν
1288 2512 1529 2580 ἐπάγων,
1559 2512 1721 2575 αὐτὸς
1745 2511 1843 2564 καὶ

268 2597 364 2668 τὴν
390 2599 680 2655 ἀνάστασιν
708 2605 955 2656 ποιεῖται·
991 2605 1086 2658 καὶ
1103 2605 1131 2657 ὁ
1151 2602 1336 2657 εἰπών’
1375 2605 1528 2657 ι”Οτι
1554 2602 1711 2655 ἔλαϐε
1727 2601 1841 2656 Κύ-

1944 582 2124 628 torum
2158 572 2330 645 gloria
2358 572 2683 634 immortali,
2715 580 2769 626 et
2798 571 2865 627 de
2896 571 3185 641 impiorum
3216 573 3514 643 supplicio,

1943 681 2110 732 casu,
2142 664 2467 734 rejectione,
2507 663 2891 727 damnatione,
2937 664 3270 734 ignominia,
3311 672 3518 721 :eteruo
3555 714 3561 731 ,

1943 757 2100 828 igne,
2134 763 2188 812 et
2216 772 2399 812 verme
2432 764 2694 826 perpetuo
2719 757 2783 812 η.
2827 754 2984 822 Quod
3024 771 3151 810 vero
3182 757 3229 810 si
3251 757 3523 813 voluisset
3556 747 3560 765 ³

1942 866 2133 905 omnes
2172 849 2422 905 homines
2453 863 2577 904 esse
2621 847 2958 903 immortales
2980 886 2995 909 ,
3029 847 3083 901 id
3115 846 3294 903 facere
3323 855 3523 918 potued

1943 944 2049 1007 rit,
2081 942 2321 998 ostendit
2352 957 2449 1012 per
2480 940 2761 996 Euochum
2807 948 2861 994 et
2896 939 3067 995 Eliam
3093 979 3108 1003 ,
3155 954 3295 1010 quos
3324 941 3520 996 mortis

1942 1035 2243 1105 periculum
2286 1034 2467 1089 iacere
2499 1048 2607 1087 non
2640 1033 2888 1103 permisit
2912 1033 2974 1087 ".
3019 1032 3086 1085 Et
3117 1030 3264 1103 quod
3292 1046 3393 1102 pro
3419 1048 3518 1087 νο·-

1944 1129 2155 1184 luntate
2214 1134 2539 1198 potestatem
2597 1124 2884 1190 habuerit,
2944 1132 3192 1179 mortuos
3240 1123 3518 1178 excitandi

1943 1221 2174 1293 singulis
2200 1220 2435 1285 szeculis,
2464 1226 2579 1274 tum
2602 1234 2699 1289 per
2731 1234 2810 1283 se,
2824 1225 2938 1271 tum
2972 1232 3069 1287 per
3098 1216 3327 1280 alios,id
3341 1217 3518 1271 mani-

1944 1312 2145 1370 festum
2176 1312 2336 1380 fecit;
2367 1312 2588 1383 quando
2618 1310 2787 1364 ﬁlium
2837 1309 3014 1364 vidua:
3038 1324 3135 1380 per
3164 1308 3336 1363 Eliam
3362 1309 3430 1374 ιθ,
3458 1315 3517 1364 et

1948 1410 2118 1466 ﬁlium
2145 1410 2495 1467 Sunamitidis
2518 1426 2611 1480 per
2636 1410 2886 1466 Elisaeum
2916 1408 3263 1465 resuscitavit
3282 1407 3348 1460 ³⁸.
3375 1404 3509 1462 Per-

1948 1520 2171 1561 suasum
2206 1513 2384 1559 autem
2428 1503 2712 1566 habemus,
2748 1503 2957 1558 obitum
3000 1515 3109 1555 non
3151 1514 3272 1556 esse
3299 1514 3512 1555 merce-

1947 1597 2068 1651 dem
2101 1594 2374 1666 supplicii,
2418 1609 2543 1650 cum
2580 1601 2636 1650 et
2668 1593 2840 1649 sancti
2877 1591 3027 1646 illum
3075 1590 3362 1656 subierint,
3394 1590 3508 1645 imo

1946 1697 2002 1743 et
2024 1688 2137 1758 ipse
2159 1696 2471 1743 sanctorum
2492 1686 2754 1740 Dominus
2771 1682 2929 1739 Jesus
2947 1682 3218 1746 Christus,
3234 1682 3345 1735 vita
3370 1681 3509 1737 ﬁde-

1946 1778 2102 1844 lium,
2126 1794 2191 1834 ac
2217 1777 2546 1833 resurrectio
2580 1785 2943 1830 mortuorum.
2992 1772 3199 1828 Idcirco
3238 1772 3403 1842 igitur
3439 1773 3508 1826 ad

1943 1880 2160 1942 tempus
2209 1872 2364 1942 quasi
2415 1871 2468 1924 in
2508 1884 2703 1940 magna
2749 1867 2965 1924 civitate
3006 1866 3345 1937 degentibus,
3386 1872 3512 1933 post

1946 1963 2266 2027 certamina,
2290 1961 2498 2017 inducit
2521 1962 2587 2016 ad
2610 1960 2770 2016 breve
2794 1969 3007 2029 tempus
3024 1966 3278 2019 mortem,
3307 1964 3368 2011 ut
3391 1956 3510 2010 sin—

1945 2056 2100 2127 gulos
2120 2056 2451 2111 resuscitans
2468 2061 2566 2109 aut
2584 2038 2852 2125 reprobet,
2876 2058 3231 2107 autcoronet.
3252 2047 3387 2103 Nam
3409 2048 3515 2125 qui]

1946 2146 2140 2202 Adami
2174 2162 2372 2217 corpus
2403 2161 2469 2201 ex
2501 2155 2645 2201 terra
2673 2144 2819 2211 fecit,
2856 2153 2980 2214 post
3004 2143 3282 2198 interitum
3304 2154 3506 2210 corpus

1942 2238 2106 2308 primi
2124 2239 2366 2294 hominis
2387 2246 2441 2293 et
2462 2237 2798 2308 reliquorum
2823 2235 3111 2302 excitabit;
3140 2242 3299 2304 prout
3325 2232 3381 2288 id
3405 2232 3505 2288 de-

1945 2330 2106 2386 betur
2131 2330 2386 2385 rationali
2431 2329 2716 2385 hominum
2757 2338 2985 2392 naturaa,
3021 2327 3197 2382 aimus
3243 2332 3517 2397 perpetuo,

1943 2421 2147 2476 vivere.
2170 2419 2274 2487 Qui
2291 2434 2421 2490 ergo
2441 2418 2851 2475 dissolutionem
2874 2418 3119 2488 corporis
3135 2425 3189 2472 et
3209 2417 3406 2471 animat
3427 2415 3505 2470 in-

1943 2510 2069 2577 l'ert,
2098 2511 2238 2567 idem
2269 2519 2325 2566 et
2352 2510 2809 2566 resurrectionem
2839 2517 3121 2579 operatur:
3149 2516 3203 2563 et
3218 2507 3309 2578 qui
3336 2507 3502 2562 dixit:

1942 2605 2154 2675 Accepit
2182 2604 2438 2658 Dominus
2467 2602 2729 2672 pulverem
2754 2602 2818 2656 de
2845 2612 3007 2669 terra,
3038 2611 3087 2657 et
3130 2602 3375 2671 formavit
3406 2602 3504 2655 lto-

362 2757 403 2789 “
430 2756 534 2813 Isa.
563 2772 708 2824 LXVI,
742 2758 831 2813 24.
910 2760 950 2793 ⁸⁷
978 2759 1139 2816 Hebr.
1174 2777 1253 2826 xi,
1286 2760 1351 2827 5;
1384 2759 1571 2814 Matth.
1602 2774 1740 2823 xvu,
1770 2760 1830 2814 11

1945 2760 1978 2792 ιο
2007 2758 2050 2814 ll
2082 2758 2215 2830 Reg.
2246 2774 2377 2824 xvu,
2400 2758 2489 2813 22.
2562 2758 2601 2789 ¹⁹
2632 2756 2698 2810 IV
2724 2756 2857 2825 Reg.
2892 2773 2964 2819 tv,
2998 2757 3086 2810 55.

1581 2892 1943 2952 VARIORUM
1974 2893 2207 2951 NOTAE.

350 3032 459 3104 (15)
506 3033 681 3087 Τοῦτο
709 3031 917 3100 δῆλον.
948 3032 1114 3088 Deest
1138 3032 1243 3087 hoc
1269 3035 1324 3086 in
1347 3033 1519 3087 altero
1545 3032 1755 3097 codice,
1784 3040 1840 3104 et

1943 3034 2169 3088 minibus
2212 3042 2430 3087 mortem
2467 3032 2651 3085 datam
2691 3047 2785 3100 pro
2821 3031 3079 3084 malorum
3110 3029 3213 3083 vice
3243 3029 3504 3090 dicimus,

274 3100 376 3174 pro
405 3100 625 3175 ἐποίησε
655 3111 739 3158 est
765 3105 947 3175 ἔπεισε
969 3143 984 3164 ,
1017 3104 1121 3175 hoc
1153 3110 1257 3165 est,
1290 3105 1551 3172 persuasit
1579 3104 1710 3175 ἀντι
1741 3102 1840 3157 τοῦ

1945 3106 2080 3159 sicut
2115 3106 2502 3175 ratiocinantur
2527 3102 2748 3175 indocti,
2777 3102 2866 3155 sed
2896 3101 2963 3153 ad
2993 3100 3268 3175 delendam
3303 3102 3508 3168 penitus

275 3165 612 3243 manifestum
630 3173 934 3244 fecit,qu0d
963 3172 1213 3242 suspicor
1228 3165 1350 3228 esse
1364 3173 1839 3244 glossema.CLr.n.
1870 3165 1916 3228 C
1945 3177 2275 3244 pravitatem.
2310 3174 2454 3227 Nam
2482 3174 2528 3226 si
2558 3173 2745 3225 victuri
2781 3182 3028 3244 perpetuo
3054 3170 3285 3244 homines
3303 3165 3507 3244 essent,

348 3245 459 3313 (14)
480 3244 575 3312 Μὴ
599 3243 820 3313 μισθὸν
847 3244 1124 3313 τιμωρίας
1146 3244 1298 3296 εἶναι
1318 3245 1425 3296 τὸν
1439 3243 1713 3297 θάνατον.
1736 3243 1844 3299 Be-

348 3263 459 3313 U’b)
599 3263 820 3313 μισσον
847 3263 900 3297 τι
925 3263 1124 3310 ιωριας
1146 3263 1298 3296 ειναι
1318 3263 1425 3296 τον
1439 3263 1713 3297 σαν-αῖον.
1736 3263 1843 3299 ne-

271 3316 518 3385 jirit,lib.
549 3331 670 3378 \‘lll,
702 3329 822 3384 cap.
859 3263 947 3381 ίέ,
983 3314 1394 3382 Pelagianorum
1426 3314 1657 3383 dogma;
1693 3314 1843 3368 Ada-

275 3401 449 3447 mum,
483 3385 597 3439 sive
618 3394 917 3454 peccasset,
945 3386 1059 3438 sive
1090 3398 1195 3436 non
1220 3393 1519 3454 peccasset,
1546 3397 1576 3436 e
1599 3386 1706 3436 vita
1736 3385 1841 3436 mi-

273 3465 582 3524 graturum.
620 3452 749 3507 Hoc
796 3463 975 3508 autem
1030 3455 1189 3514 loco,
1245 3452 1452 3524 obitum
1513 3460 1671 3520 negat
1720 3468 1843 3509 esse

274 3522 586 3593 mercedem
635 3524 910 3593 supplicii.
962 3539 1055 3578 seu
1118 3522 1459 3593 supplicium
1489 3538 1553 3575 ac
1605 3536 1839 3593 ptenam.

274 3591 437 3657 Quod
455 3601 680 3645 eatenus
701 3591 887 3646 rerum
912 3601 1016 3655 est,
1039 3600 1097 3648 ut
1118 3608 1266 3646 mors
1287 3606 1394 3645 non
1420 3592 1491 3646 sit
1514 3592 1839 3661 supplicium

274 3668 628 3733 peccatorum
662 3664 1040 3731 propriorum;
1066 3677 1166 3716 uec
1193 3663 1264 3717 sit
1287 3662 1625 3733 solummodo
1656 3677 1838 3733 pinna,

278 3731 377 3787 sed
408 3731 572 3785 etiam
603 3733 819 3786 occasio
850 3734 1064 3795 meriti,
1092 3739 1146 3787 et
1182 3734 1377 3801 gratia.
1412 3732 1626 3801 Γίνεται
1656 3732 1843 3801 φιλαν-

278 3801 516 3874 θρωπία
554 3803 585 3871 ὴ
642 3802 1134 3874 τιμωρίαηὶηιιιιὶι
1180 3800 1473 3874 Gregorius
1498 3800 1839 3874 VTheologus,

278 3872 423 3926 orat.
457 3872 525 3925 58
549 3880 601 3925 et
633 3872 719 3927 42.
759 3872 1032 3941 Siquidem
1069 3873 1343 3936 homines,
1374 3873 1687 3937 moriendo,
1718 3888 1842 3942 pec—

281 3944 391 3995 cati
413 3942 694 4012 originalis
721 3959 910 4012 poenas
943 3943 1210 4012 pendunt;
1236 3944 1371 4013 bene
1396 3944 1695 4013 moriendo,
1723 3944 1841 4013 glo-

282 4012 419 4065 riam
456 4013 879 4068 immortalitatis
901 4013 1297 4082 adipiscuntur.
1325 4012 1390 4065 Et
1414 4012 1577 4081 Deus,
1598 4012 1847 4067 cumbu-

284 4097 505 4154 manum
545 4098 716 4154 genus
745 4084 809 4137 ad
839 4091 1067 4138 mortem
1107 4083 1410 4146 damnavit,
1438 4097 1592 4154 suam
1627 4099 1844 4154 quoque

282 4152 717 4207 misericordiam
774 4154 1076 4221 patefecit:
1132 4161 1319 4222 utpote
1368 4153 1459 4222 qui
1514 4154 1589 4206 ita
1638 4152 1840 4207 malum

284 4226 692 4291 compresserit.
727 4222 887 4277 ﬁnem
916 4224 1233 4291 imposuerit
1264 4231 1508 4292 peccato,
1537 4224 1678 4276 viam
1701 4224 1843 4278 fece-

283 4293 358 4345 rit
384 4294 717 4348 revocationi
752 4293 819 4347 ad
853 4294 1131 4347 meliorem
1160 4294 1576 4348 resurrectionis
1615 4302 1839 4355 statum,

285 4363 498 4433 aliaque
527 4364 685 4418 nobis
713 4364 1006 4433 asportarit
1033 4365 1337 4426 commoda,
1369 4379 1490 4432 qua:
1513 4365 1631 4433 fuse
1653 4380 1681 4416 a
1716 4379 1844 4417 san-

285 4433 390 4504 etis
422 4431 676 4487 Patribus
715 4431 1077 4503 explicantur,
1117 4431 1461 4502 potissimum
1499 4449 1535 4504 ra
1581 4432 1843 4504 Gregorio

1943 3240 2208 3315 nunquam
2243 3245 2688 3315 profectoreorum
2725 3240 3256 3315 malitiaU/iniretur.
3305 3240 3508 3315 Rursus

1941 3312 2100 3369 etiam
2135 3312 2356 3384 cur'pro
2390 3314 2650 3368 malorum
2688 3312 3044 3384 vicissitudine
3078 3319 3309 3384 mortem
3324 3312 3509 3384 datam

1942 3402 2053 3439 esse
2086 3378 2324 3445 credam.
2370 3402 2489 3439 cum
2524 3384 2571 3437 si
2601 3384 2718 3453 quis
2759 3393 2960 3453 centum
3008 3382 3240 3435 homines
3285 3383 3390 3444 fere
3433 3378 3512 3433 vel

1944 3457 2169 3523 amplius
2204 3455 2485 3520 occiderit,
2526 3451 2678 3507 tot'et
2706 3454 2880 3523 tantis
2908 3451 3203 3523 homicidiis
3231 3467 3509 3521 cquuare

1944 3521 2146 3579 nullam
2180 3528 2349 3579 valeat
2373 3526 2661 3579 ultionem?
2696 3521 2815 3576 Non
2843 3524 3004 3593 igitur
3032 3521 3277 3591 malignis
3301 3532 3510 3593 tantum

1943 3595 2260 3659 hominibus,
2314 3597 2383 3648 ad
2432 3595 2704 3649 delendam
2753 3591 2933 3647 eorum
2989 3593 3324 3662 pravitatem.
3372 3591 3511 3644 bona

1945 3681 2085 3721 mors
2122 3682 2233 3719 esse
2270 3666 2486 3728 dicitur,
2519 3663 2607 3718 sed
2650 3665 2807 3716 etiam
2841 3662 3004 3731 justis
3050 3664 3216 3720 utilis.
3263 3662 3508 3731 Aliisquc

1942 3737 2191 3804 pluribus
2227 3735 2283 3790 in
2303 3736 2548 3791 eamdem
2581 3730 2908 3804 sententiam
2938 3732 3275 3803 interpositis
3313 3750 3327 3786 :
3362 3730 3509 3804 Mul-

1944 3802 2013 3859 tis
2046 3806 2207 3875 igitur
2247 3806 2464 3860 testibus
2509 3804 2679 3858 edocti
2710 3802 2847 3875 quod
2895 3819 3035 3875 mors
3071 3805 3176 3856 ista
3218 3802 3510 3875 communis

1943 3872 2088 3929 mala
2116 3893 2221 3929 non
2241 3879 2332 3941 sit,
2356 3876 2476 3945 jam
2515 3876 2662 3944 longe
2690 3872 2861 3926 valere
2881 3872 3123 3945 dicamus
3160 3874 3249 3945 qui
3282 3882 3509 3945 mortem

1944 3949 2143 4000 malam
2181 3943 2464 4016 appellant.
2500 3943 2773 4016 Hactenus
2797 3944 2963 4016 yerba
2988 3943 3169 3995 Ruﬁni
3204 3943 3507 4016 Palaestina:

1944 4012 2601 4087 provincise'presbyteri,
2618 4015 2757 4067 libro
2786 4013 2863 4066 De
2890 4012 3013 4087 fide,
3048 4015 3290 4067 auctoris
3314 4082 3324 4087 _
3347 4028 3509 4087 σείειν.

1944 4032 2235 4086 ριόνιηοιρο
2264 4032 2424 4087 presn
2464 4032 2587 4080 teri,
2618 4032 2757 4067 uoro
2786 4032 2863 4066 ue
2890 4032 3013 4081 nae,
3048 4032 3290 4067 aucwris
3347 4032 3509 4082 quem.

1941 4087 2144 4140 Jacobo
2188 4032 2481 4141 Sirmondo
2521 4084 2801 4145 debemus,
2826 4084 3031 4153 quique
3068 4099 3191 4153 cum
3224 4082 3509 4153 catholicis

1944 4156 2192 4219 aﬁirmat,
2223 4158 2428 4226 primos
2454 4155 2699 4209 homines
2722 4151 2989 4206 Adainum
3010 4151 3271 4226 et‘E‘vam,
3297 4152 3340 4214 si
3360 4167 3510 4204 man-

1941 4228 2126 4281 datum
2158 4220 2251 4281 Dei
2283 4232 2614 4287 servassent,
2649 4233 2872 4277 mortem
2904 4238 3015 4277 non
3053 4220 3222 4275 fuisse
3259 4229 3509 4287 gustatu-

1944 4312 2057 4357 ros,
2083 4310 2208 4350 cum
2233 4296 2503 4351 haereticis
2529 4308 2657 4348 vero
2676 4293 2881 4361 peccati
2906 4293 3185 4346 traducem
3206 4290 3505 4361 inﬁciatur,

1944 4362 2233 4436 impugnat“
2250 4383 2344 4422 eos
2373 4364 2468 4435 qui
2497 4360 2717 4436 propter
2744 4372 3036 4436 peccatum
3076 4360 3381 4436 Adzemmori
3423 4361 3503 4436 in-

1946 4429 2124 4492 larites
2168 4429 2457 4500 asserunt,
2497 4429 2692 4505 "aitque
2744 4429 3059 4505 lienochum
3111 4442 3165 4486 et
3218 4429 3388 4485 Eliam
3439 4431 3509 4483 ab

284 4500 551 4573 Nysseno,
576 4518 698 4583 cap.
722 4504 755 4557 8
778 4500 1350 4624 catecheticaimagnte
1372 4503 1655 4579 orationis,
1679 4500 1849 4574 Chry-
1878 4523 1921 4578 ι)
1947 4507 2140 4560 Adami
2174 4500 2619 4576 prmvaricationé
2647 4502 2949 4573 prohibitos
2977 4518 3089 4557 non
3119 4516 3263 4566 esse,
3295 4514 3509 4570 perma-

294 4579 558 4624 sostomo.
588 4570 701 4623 Lib.
728 4571 796 4624 ad
810 4588 895 4624 eos
921 4573 1010 4624 aui
1033 4573 1226 4624 sranda
1254 4574 1382 4624 izatt
1406 4581 1682 4624 sunt.can.
1708 4572 1759 4624 7.
1793 4581 1847 4624 et
1950 4592 2078 4624 nere
2098 4579 2451 4624 immortales-
2475 4576 2610 4624 Cor.

294 4570 558 4641 sostnnto,
588 4570 701 4623 Lib.
728 4571 796 4624 ad
810 4588 895 4625 eos
921 4573 1010 4641 qui
1033 4573 1226 4625 sranda

291 4640 599 4712 Ambrosio.
635 4656 795 4706 opere
840 4642 909 4695 De
936 4640 1078 4712 bona
1121 4645 1323 4697 mortis.
1361 4642 1558 4712 Lepide
1595 4640 1846 4712 Theodo-

288 4709 462 4783 ritus,
514 4719 705 4783 quiest.
759 4712 849 4773 40.
880 4713 958 4783 in
1003 4709 1278 4783 Genesim‘:
1304 4709 1553 4783 ν’ῐατρεία
1597 4710 1775 4766 τοίνυν
1813 4716 1844 4767 ὁ

288 4777 536 4842 θάνατος,
577 4779 636 4833 οὐ
689 4781 927 4853 τιμωρία
975 4783 1151 4835 ἐστίνι
1192 4777 1454 4835 Medicina
1491 4783 1652 4851 igitur
1700 4798 1843 4837 mors

283 4858 382 4921 est,
406 4865 511 4921 non
532 4865 701 4921 paena.
727 4853 917 4905 Caveri
943 4860 1119 4906 tamen
1145 4853 1302 4905 debet
1325 4868 1477 4906 error
1504 4867 1713 4912 eorum,
1746 4854 1841 4921 qui

286 4917 470 4973 nimiis
503 4920 751 4991 laudiluis
783 4934 1009 4975 mortem
1047 4923 1295 4983 eﬁ‘erunt,
1332 4924 1630 4991 noluntque
1668 4917 1841 4985 agno-

284 5001 439 5040 sccrc
462 4998 640 5061 ortum
662 4988 804 5061 illius
826 5006 854 5043 a
879 5003 1116 5055 peccato.
1140 4993 1326 5056 Qualis
1350 4988 1668 5045 Theodorus
1693 4992 1842 5061 Mop-

282 5066 598 5131 suestenus,
630 5059 681 5110 in
711 5057 1010 5131 Constituto
1046 5063 1222 5128 \‘igilii
1250 5078 1419 5131 papte,
1457 5064 1509 5117 in
1545 5057 1838 5117 collatione

277 5122 324 5203 1
348 5127 564 5203 concilii
586 5122 868 5203 generalis
904 5140 1051 5203 v,__et
1087 5122 1226 5201 apud
1253 5122 1516 5186 'Photium
1538 5131 1680 5203 cod.
1710 5131 1841 5203 177.

277 5191 470 5267 Qualis
495 5191 629 5267 cum
649 5195 932 5253 Theodoro
951 5191 1508 5267 Nestoiius,tradente
1534 5202 1680 5256 Mosc
1705 5200 1839 5255 Bar-

276 5261 464 5344 ςρριια
509 5266 646 5344 syri,
670 5269 722 5321 in
753 5277 994 5344 partem!
1018 5261 1651 5344 _t;nmmen_tariorum_de
1680 5288 1840 5344 para-

275 5333 421 5411 diso.
454 5333 574 5411 cap}
606 5340 658 5396 8.
691 5333 823 5411 tom.
862 5339 1245 5411 [Bibliotheca
1273 5342 1519 5397 Patrum.
1547 5342 1612 5396 Et
1649 5333 1840 5411 q'uales

287 5400 569 5485 [’elagiani
592 5408 905 5485 ,potissimi
940 5426 1009 5485 eo
1027 5413 1261 5468 nomine.
1292 5413 1439 5485 Deus
1476 5416 1637 5485 igitur
1659 5400 1850 5472 densu-

291 5473 402 5556 lens
433 5473 749 5556 nominibus,
781 5481 1085 5556 cum_sciret
1110 5499 1195 5535 eos
1231 5484 1299 5537 ad
1336 5473 1592 5538 malitiam
1620 5503 1844 5556 pronos,

286 5552 342 5621 et
370 5546 697 5621 voluptatum
720 5566 782 5602 ac
807 5550 1183 5605 desideriorum
1198 5557 1370 5609 carnis
1384 5546 1667 5621 amatores,
1682 5568 1730 5613 et
1744 5546 1848 5613 vel;

289 5614 364 5700 let
397 5616 466 5700 ad
493 5614 765 5700 honestam
789 5622 960 5700 potius
979 5638 1225 5700 revocare
1248 5626 1506 5700 virtutem.
1530 5614 1849 5700 sivit'gusque

287 5684 364 5769 ad
390 5696 589 5769 tempttf
610 5684 822 5769 aliquod
848 5691 1192 5769 dominationi
1223 5698 1403 5769 mortis
1434 5684 1626 5752 addici.
1651 5684 1848 5769 Quippe

287 5768 412 5808 cum
445 5757 578 5813 nihil
610 5757 757 5811 aliud
792 5770 964 5814 nosset
1007 5773 1116 5815 tam
1150 5764 1306 5832 facile
1344 5766 1573 5822 homines
1616 5757 1846 5825 cderc'ere

282 5838 445 5886 posse
473 5845 633 5899 quam
662 5840 899 5884 mortem.
931 5834 1009 5889 Ac
1043 5838 1202 5903 paulo
1229 5836 1517 5906 postzNon
1552 5840 1714 5908 igitur
1752 5842 1846 5894 ho-

529 5920 805 5986 ΡΑτιιοι..
855 5926 972 5990 Gn.
1022 5928 1071 5989 Ι.

1277 4574 1382 4626 zati
1406 4581 1682 4635 sunt,cap.
1708 4572 1759 4630 7,
1793 4572 1847 4627 et
1878 4572 1911 4578 '
1950 4592 2078 4631 nere
2098 4572 2451 4633 immortales.
2475 4576 2610 4630 Cor.

2020 4646 2131 4719 (15)
2176 4649 2304 4719 Ἂν.
2338 4647 2497 4703 Deest
2528 4648 2582 4699 in
2605 4646 2784 4719 altero
2806 4643 2928 4719 eod.
2960 4641 3126 4719 Cncn.

2018 4712 2132 4790 (16)
2183 4717 2285 4772 Ἐν
2305 4713 2880 4790 μεγαλοπόλεικιλυξ
2897 4715 3032 4790 huic
3049 4717 3173 4790 loco
3197 4730 3263 4769 ex
3294 4712 3509 4790 zonam

1948 4784 2319 4843 ad'canonem'
2338 4784 2655 4841 Trullanum
2692 4786 2750 4840 51
2779 4805 2793 4841 :
2828 4786 2915 4838 Ἐν
2941 4788 3060 4848 ταῖς
3089 4784 3275 4837 πόλεσι
3301 4784 3357 4836 δὲ
3388 4786 3509 4844 ταῖς

1950 4859 2230 4929 μεγίσταις
2257 4858 2419 4929 θηρία
2455 4857 2741 4929 ἐτρέφοντο
2778 4857 2986 4929 λέοντες
3011 4856 3120 4929 Δκαὶ.
3158 4856 3367 4929 ἄρκτοι,
3414 4852 3512 4929 κα).

1947 4922 2089 4981 κατά
2110 4946 2261 4991 τινας
2286 4922 2885 5000 καιροὺςέξῆγοντοείς
2910 4922 2990 5000 τᾶῄ
3006 4922 3228 5000 θέατρα,
3258 4924 3511 5000 καὶ-ποτὲ

1946 4999 2046 5120 {ev
2074 5000 2293 5072 ταύροις
2320 4995 2618 5071 ἐμάχοντο(
2633 4995 2763 5050 ποτὲ
2783 4997 2840 5050 δὲ
2858 4997 2950 5050 καὶ
2970 4995 3294 5069 ἀνθρώποις,
3317 4996 3509 5064 αἰχμα-

1977 5068 2134 5120 (bson:
2159 5070 2338 5120 τυνὸν.
2368 5070 2399 5120 ἢ
2430 5068 2794 5120 κατακοίτοις.
2839 5066 3027 5120 Verum
3058 5069 3114 5120 in
3138 5066 3384 5119 maximis
3415 5079 3507 5115 ur-

1977 5066 2401 5141 ώτοιςτυχὸν,’ἢ
2430 5066 2794 5141 κατακρίτοις.
2839 5066 3027 5141 Verum
3058 5066 3114 5120 in
3138 5066 3393 5141 maximis
3415 5079 3507 5115 ur-

1948 5139 2095 5193 bibus
2128 5136 2257 5210 ferte
2283 5136 2479 5205 bestiis,
2513 5136 2703 5210 leones,
2742 5138 3010 5210 nimirum,
3042 5139 3254 5210 ursique
3292 5136 3509 5210 aleban-

1949 5218 2074 5270 tur:
2104 5206 2154 5265 et
2188 5212 2341 5264 statis
2380 5209 2694 5278 temporibus
2722 5207 3237 5277 producebanturin
3268 5206 3506 5278 theatra,

1948 5288 2100 5343 atque
2120 5273 2491 5350 nonnunquam
2515 5295 2633 5333 cum
2663 5273 2852 5350 tauris,
2886 5292 3260 5350 nonnunquam
3282 5290 3401 5350 cum
3421 5273 3510 5327 lto-

1946 5350 2194 5474 Etinibus,
2215 5346 2599 5419 puta'captivis,
2619 5358 2711 5402 aut
2726 5348 2994 5403 damnatis
3017 5346 3504 5401 committebantur.

1993 5435 2081 5474 01'.

1993 5435 2081 5475 01'.

2017 5491 2066 5563 (1
2079 5491 2130 5563 7)
2173 5490 2561 5563 Ἀποκηρύξῃ.
2594 5488 2896 5563 Praaﬁgitur
2924 5489 2978 5543 in
3008 5488 3180 5543 altero
3212 5491 3270 5563 ἦ,
3296 5493 3388 5539 aut
3423 5501 3508 5540 re-

1946 5560 2146 5629 probet,
2178 5568 2239 5616 ut
2266 5562 2317 5614 in
2348 5562 2617 5616 versione.
2650 5560 2816 5616 Cum.

1994 5701 2007 5718 ν
2018 5631 2129 5754 £168)
2156 5629 2448 5757 μοιήσας.
2480 5631 2628 5686 Alter
2647 5630 2864 5684 καὶτῶν
2879 5628 3077 5684 λοιπῶν
3091 5626 3505 5691 κατασκευάσας

1994 5720 2015 5754 υ
2081 5720 2126 5757 ς.
2180 5719 2233 5757 ι).

1947 5718 2126 5765 αυτος.
2160 5718 2233 5757 ID.

2016 5773 2127 5843 (19)
2164 5771 2319 5841 Πρὸς
2368 5771 2432 5826 τὸ
2481 5770 2916 5842 κρεωστεῒσθαι.
2977 5772 3203 5843 Desunt,
3226 5770 3283 5825 in
3332 5768 3501 5823 altero

1946 5841 2059 5898 haec
2092 5841 2250 5900 verba
2266 5853 2319 5900 et
2344 5859 2495 5915 seqq.
2522 5858 2694 5914 usque
2712 5844 2781 5898 ad
2808 5843 3165 5898 ἀνάστασιν.
3194 5841 3274 5897 In.

3162 5934 3239 5992 2'1
