4064 6264
520 342 619 400 851

1365 340 1421 395 S.
1453 336 1844 395 CLEMENTIS
1877 339 1894 391 I
1934 336 2106 394 ROM.
2144 338 2343 396 PONT.
2381 341 2605 397 OPERA
2641 339 2867 396 DUB‘IA.

3642 341 3745 399 εει

515 463 683 522 ctus;
726 454 968 525 profecto
999 456 1163 510 etiam
1193 470 1288 527 per
1316 470 1438 509 eum
1469 462 1592 523 post
1627 460 1859 508 mortem
1890 462 2075 507 resur-

2180 457 2376 524 γαστόν
2404 457 2515 531 (45)
2548 475 2648 529 μου
2676 454 2813 511 εἶδον
2840 460 2889 511 oi
2942 456 3205 529 ὀφθαλμοί
3260 473 3377 521 σου,
3416 456 3510 510 καὶ
3553 458 3647 510 ἐπὶ
3686 458 3745 513 τδ

515 556 643 618 get;
673 556 754 601 ‘ut
794 548 880 602 vel
916 558 1209 603 coronetur
1238 560 1336 617 pro
1360 544 1677 608 virtutibus,
1706 545 1789 599 vel
1817 542 2078 612 puniatur

514 656 615 710 pro
643 639 874 696 delictis.
925 639 1080 706 Quod
1109 641 1152 694 si
1172 639 1385 709 justitia
1422 637 1651 707 judicat,
1673 644 1734 690 ut
1762 636 2075 706 legislator;

512 730 970 802 quemadmodum
1031 731 1187 801 punit
1237 729 1454 800 impios,
1516 728 1598 783 sic
1650 727 1837 783 fideles
1903 734 1957 782 et
1985 728 2079 797 qui

512 831 737 893 propter
774 839 900 879 eum
929 822 996 877 ab
1045 824 1356 878 hominibus
1404 829 1532 875 sunt
1580 820 1800 874 mactati
1832 828 2077 885 sanctos,

512 913 788 969 beneﬁcus
819 916 1027 983 salvat;
1058 916 1253 985 partim
1279 914 1421 968 sicut
1444 921 1591 967 astra
1609 910 1926 981 splendidos
1946 898 2079 966 red-

511 1003 667 1069 deus,
702 1006 903 1076 partim
964 1006 1111 1060 velut
1170 1005 1462 1058 luminaria
1522 1003 1882 1073 refulgentes,
1932 1002 2079 1072 quod

512 1094 725 1151 Danieli
778 1099 1098 1168 prolocutus
1152 1104 1235 1151 est
1283 1086 1503 1150 Gabriel
1543 1094 1609 1148 ⁸³.
1676 1094 1842 1162 Igitur
1894 1093 2077 1148 fideles

510 1202 725 1252 omnes,
753 1189 846 1258 qui
880 1188 1083 1243 Christi
1108 1202 1299 1243 sumus
1321 1186 1599 1258 discipuli,
1628 1186 1918 1256 promissis
1956 1186 2077 1255 ejus

510 1279 783 1333 credimus
816 1298 828 1333 :
859 1294 983 1333 nam
1038 1278 1130 1349 qui
1165 1278 1441 1349 promisit,
1463 1278 1683 1332 mentiri
1722 1294 1830 1332 non
1863 1285 2074 1346 potest:

511 1370 645 1424 dicit
694 1379 873 1424 autem
908 1371 1099 1425 beatus
1128 1369 1392 1440 propheta
1427 1368 1594 1423 David
1620 1388 1633 1423 :
1663 1366 1867 1421 Fidelis
1893 1367 2077 1420 Domi-

510 1479 608 1516 nus
638 1464 693 1515 in
748 1462 984 1516 omnibus
1015 1462 1183 1517 verbis
1213 1463 1345 1526 suis,
1391 1471 1441 1515 et
1493 1469 1705 1515 sanctus
1733 1462 1789 1513 in
1838 1458 2079 1512 omnibus

511 1555 750 1625 operibus
777 1556 886 1608 suis
914 1554 983 1610 ⁸³.
1029 1553 1189 1609 Certe
1230 1553 1326 1624 qui
1374 1552 1478 1608 sibi
1520 1567 1720 1621 corpus
1766 1566 1833 1605 ex
1860 1549 2081 1620 Virgine

498 1646 836 1711 construxit,
871 1646 917 1700 is
940 1653 993 1699 et
1014 1654 1336 1700 ceterorum
1369 1643 1652 1698 hominum
1678 1650 1764 1698 est
1793 1644 2076 1709 conditor;

509 1748 564 1793 et
596 1739 689 1809 qui
720 1753 779 1793 se
830 1753 861 1791 a
893 1739 1127 1793 mortuis
1174 1737 1456 1802 excitavit,
1497 1736 1642 1791 idem
1671 1743 1726 1791 et
1783 1750 1973 1790 omnes
2022 1736 2079 1788 in

508 1830 953 1901 mortejacentes
984 1829 1049 1884 ad
1083 1831 1253 1884 vitam
1279 1828 1468 1899 eriget.
1512 1827 1617 1893 Qui
1655 1827 1986 1883 frumentum
2010 1844 2077 1882 ex

509 1939 620 1979 uno
643 1938 814 1993 grano
844 1937 1201 1978 numerosum
1224 1939 1255 1977 e
1288 1930 1436 1977 terra
1467 1922 1651 1977 educit
1677 1940 1691 1988 ;
1724 1922 1819 1991 qui
1838 1923 2079 1976 excisam

509 2019 761 2073 arborem
783 2017 1116 2087 repullulare
1141 2015 1271 2070 facit
1295 2016 1349 2069 in
1381 2015 1695 2079 surculum;
1722 2015 1817 2084 qui
1845 2014 2080 2069 Aaronis

424 2169 429 2173 _
508 2111 718 2180 virgam
746 2109 860 2180 jam
919 2111 1205 2174 siccatam,
1239 2109 1291 2162 in
1337 2122 1559 2178 germen
1613 2107 1778 2176 jussit
1826 2121 2082 2176 prorum-

508 2218 640 2274 pere
663 2202 749 2257 *δε
804 2202 921 2272 ipse
951 2218 1050 2257 nos
1081 2216 1297 2271 quoque
1326 2200 1611 2256 suscitabit
1641 2201 1697 2255 in
1737 2200 1931 2270 gloria.
1975 2197 2080 2267 Qui

508 2290 874 2365 paralyticum
908 2309 1103 2347 sanum
1134 2293 1195 2365 in
1223 2292 1388 2362 pedes
1438 2292 1629 2346 statuit
1663 2291 1750 2357 ";
1797 2299 1851 2346 et
1880 2305 2078 2346 manus

510 2386 769 2440 ariditate
800 2384 1140 2439 laborantem
1183 2381 1514 2447 curavit“;
1556 2390 1610 2438 et
1658 2397 1805 2437 caeco
1863 2397 1893 2436 a
1931 2381 2080 2436 nati-

507 2479 700 2542 vitate,
754 2478 900 2548 quod
946 2476 1233 2532 deficiebat
1288 2476 1615 2540 membrum,
1649 2491 1745 2546 per
1779 2484 1978 2530 terram
2024 2483 2079 2530 et

511 2570 736 2626 salivam
791 2568 1025 2624 reddidit
1049 2568 1090 2599 ’⁵⁷
1122 2588 1133 2622 :
1166 2569 1211 2622 is
1244 2568 1359 2639 ipse
1394 2583 1496 2623 nos
1540 2584 1756 2638 quoque
1798 2567 1865 2622 ad
1914 2568 2081 2622 vitam

510 2663 809 2718 revocabit.
868 2661 971 2728 Qui
1003 2677 1069 2716 ex
1096 2662 1337 2731 quinque
1364 2661 1599 2731 panibus
1637 2669 1690 2716 et
1730 2661 1943 2715 duobus
1996 2661 2082 2731 pio

512 2755 701 2810 scibus
728 2754 969 2825 quinque
1014 2754 1184 2808 millia
1216 2756 1457 2807 virorum
1495 2753 1736 2817 satiavit,
1768 2753 1973 2806 faciens
2023 2761 2082 2806 ut

510 2847 797 2907 duodecim
829 2846 1049 2916 cophini
1098 2854 1451 2915 superessent
1477 2844 1523 2877 ⁸⁸
1552 2862 1566 2910 ;
1598 2852 1651 2899 et
1698 2859 1765 2898 ex
1810 2857 1951 2914 aqua
1992 2842 2078 2898 vi-

510 2953 645 2993 num
676 2938 912 2993 confecit
934 2938 1009 3004 ‘9;
1042 2947 1095 2992 et
1133 2952 1199 2992 ex
1229 2952 1324 2991 ore
1373 2936 1540 3006 piscis
1569 2942 1873 2990 extractum
1905 2940 2078 2989 state—

510 3047 628 3087 rem
658 3046 756 3102 per
786 3046 872 3085 me
896 3028 1115 3083 Petrum
1166 3028 1316 3083 misit
1362 3042 1564 3081 census
1612 3024 2026 3081 exactoribus"
2062 3044 2075 3078 :

2180 548 2380 619 βιϐλίον
2411 565 2503 601 σου
2556 549 2756 614 πάντες
2781 552 3169 622 γραφήσονται.
3210 568 3229 602 ι
3279 548 3438 603 Ἀλλά
3465 549 3561 603 καὶ
3587 551 3615 603 6
3655 550 3745 604 Ἠ-

2178 642 2335 704 σαῖας
2352 641 2499 709 λέγει
2517 642 2946 715 προσευχόμενος
2964 641 3131 713 αὐτῷ,
3153 644 3235 695 ὅτι
3269 661 3286 693 ι
3312 642 3499 713 Ἡμεῖς
3513 643 3541 694 6
3559 640 3744 711 πηλὸς,

2165 741 2273 799 ,καὶ
2302 738 2367 792 σὺ
2391 739 2419 792 6
2441 738 2682 810 πλάστης
2708 737 2863 809 ἡμῶν
2895 736 3026 807 (44).
3063 755 3081 787 ι
3116 737 3180 789 El
3227 734 3404 787 τοίνυν
3443 730 3607 786 αὑτοῦ
3645 731 3739 802 δη-

2179 826 2496 899 μιούργημα
2520 826 2549 878 ὁ
2579 825 2879 897 ἄνθρωπος,
2910 824 2998 877 διά
3029 821 3267 895 Χριστοῦ
3287 820 3593 892 γενόμενος,
3613 820 3744 872 πάνυ

2176 932 2283 979 τως
2309 902 2510 969 ὅτικαὶ
2536 913 2725 980 θανὼν,
2755 914 2820 967 δι’
2850 912 3013 966 αὑτοῦ
3044 912 3415 985 ἀναστήσεται·
3464 913 3558 965 ἐπὶ
3609 913 3687 984 τῷ
3712 913 3743 985 ἢ

2180 1007 2470 1079 στεφθῆναι
2499 1005 2609 1079 (45)
2640 1006 2733 1058 ἐπὶ
2758 1007 2870 1069 τοῖς
2897 1004 3333 1077 κατορθώμασιν,
3362 1005 3396 1075 ἢ
3426 1005 3744 1076 κολασθῆναι

2179 1102 2270 1155 ἐπὶ
2294 1103 2407 1163 τοῖς
2460 1098 2943 1170 πλημμελήμασιν.
2991 1098 3055 1151 El.
3093 1098 3149 1151 δὲ
3193 1097 3505 1168 δικαιοσύνῃ
3550 1095 3743 1168 κρίνει,

2179 1194 2254 1257 ὡς
2299 1192 2617 1263 νομοθέτης·
2652 1190 2839 1262 ὥσπερ
2868 1189 3083 1253 κολάζει
3125 1182 3251 1251 τοὺς
3298 1188 3531 1255 ἀσεϐεῖς,
3577 1187 3745 1252 οὕτως

2180 1283 2478 1357 εὐεργετῶν
2499 1282 2656 1347 σώζει
2682 1284 2805 1345 τοὺς
2832 1283 3074 1348 πιστοὺς,
3103 1282 3197 1334 κα)¹
3223 1281 3346 1342 τοὺς
3372 1281 3438 1333 δι’
3468 1279 3628 1333 αὐτὸν
3656 1280 3744 1333 ὑπ’

2178 1376 2475 1449 ἀνθρώπων
2497 1374 2797 1444 σφαγέντας
2825 1373 3026 1442 ἁγίους·
3053 1374 3180 1435 τοὺς
3210 1372 3305 1443 μὲν
3332 1371 3406 1436 ὡς
3433 1372 3603 1443 ἄστρα
3633 1389 3746 1440 φαι-

2179 1470 2407 1542 δρύνων,
2436 1471 2562 1532 τοὺς
2589 1467 2645 1521 δὲ
2671 1467 2747 1531 ὡς
2775 1467 3067 1537 φωστῆρας
3110 1464 3457 1536 λαμπρύνων·
3514 1462 3692 1526 καθὼς
3715 1466 3743 1518 ὁ

2180 1560 2420 1633 Γαϐριὴλ
2444 1560 2520 1631 τῷ
2548 1558 2743 1630 Δανιὴλ
2771 1557 2941 1625 ἔλεγε·
2962 1557 3211 1630 ’μαθηταὶ
3242 1553 3333 1609 οὖν
3354 1553 3589 1627 Χριστοῦ
3620 1554 3744 1608 πάν-

2180 1670 2270 1717 τες
2309 1651 2644 1724 ὑπάρχοντες
2680 1650 2730 1703 οι
2776 1651 2977 1714 πιστοὶ,
3032 1648 3356 1719 πιστεύομεν
3410 1646 3576 1701 αὑτοῦ
3629 1648 3743 1710 ταῖς

2182 1744 2549 1813 ἐπαγγελίαις·
2597 1740 2832 1813 ἀψευδὴς
2864 1740 2973 1811 γὰρ
3000 1743 3028 1794 6
3068 1738 3547 1809 ἐπαγγειλάμενος·
3596 1737 3742 1806 λέγει

2179 1835 2234 1890 δὲ
2259 1838 2287 1890 ὁ
2329 1833 2595 1905 μακάριος
2622 1832 2908 1904 προφήτης
2934 1830 3117 1895 Δαϐὶδ,
3146 1832 3227 1884 ὅτι
3263 1850 3281 1881 ι
3313 1828 3507 1892 Πιστὸς
3543 1827 3744 1899 Κύριος

2180 1929 2238 1982 έν
2266 1930 2397 1982 πᾶσι
2423 1930 2533 1990 τοῖς
2560 1926 2736 1995 λόγοις
2763 1923 2949 1987 αὑτοῦ,
2979 1924 3070 1977 καὶ
3096 1925 3239 1985 ὅσιος
3263 1920 3370 1994 (46)
3391 1922 3449 1974 ὲν
3474 1922 3608 1973 πᾶσι
3636 1924 3744 1983 τοῖς

2180 2018 2361 2091 ἔργοις
2416 2016 2603 2072 αὑτοῦ.
2626 2035 2645 2068 ι
2708 2017 2766 2070 '0
2800 2015 2909 2087 γάρ
2957 2017 3022 2069 ὲκ
3050 2013 3317 2085 παρθένου
3373 2011 3546 2083 ἐαυτῷ
3574 2028 3742 2065 κατα-

2181 2111 2448 2174 σκευάσας
2479 2108 2655 2180 σῶμα,
2684 2102 2838 2171 οὗτος
2864 2107 2958 2161 καὶ
2984 2106 3091 2159 τῶν
3119 2105 3288 2161 ἄλλων
3307 2103 3605 2175 ἀνθρώπων
3650 2103 3742 2175 δη-

2184 2202 2441 2274 μιουργός
2470 2203 2603 2255 ἐστι·
2636 2201 2728 2255 καὶ
2751 2198 2859 2271 (47)
2892 2198 3081 2252 ἑαυτὸν
3109 2198 3416 2267 ἀναστήσας
3436 2197 3500 2249 ὲκ
3526 2195 3633 2248 τῶν
3661 2212 3743 2249 νε-

2181 2294 2348 2366 κρῶν,
2402 2293 2564 2355 αὐτὸς
2598 2292 2691 2346 καὶ
2721 2280 2927 2353 πάντας
2952 2292 3078 2353 τοὺς
3119 2289 3403 2360 κειμένους
3431 2288 3737 2357 ἀναστήσει·

2180 2388 2208 2440 6
2234 2387 2323 2441 τὸν
2351 2385 2522 2458 πυρὸν
2550 2384 2611 2449 ἐξ
2636 2385 2755 2448 ένὸς
2780 2384 2980 2438 κόκκου
3003 2381 3266 2452 πολύχουν
3289 2382 3353 2434 ἐκ
3371 2381 3472 2450 γῆς
3489 2379 3738 2445 άνιστῶν,

2178 2483 2209 2535 6
2234 2480 2295 2533 τὸ
2322 2480 2553 2532 ὲκκοπὲν
2580 2478 2795 2548 δένδρον
2824 2479 2902 2539 εἰς
2925 2475 3191 2548 ράδαμνον
3222 2473 3556 2535 ἀναθάλλων,
3587 2474 3614 2525 6
3641 2471 3739 2541 τὴν

2193 2571 2398 2644 Ἀαρὼν
2430 2570 2622 2645 ῥάϐδον
2653 2568 2959 2641 ξηράνασαν
2989 2566 3098 2639 (48)
3121 2566 3361 2635 ἐκφύσας
3387 2566 3466 2627 είς
3495 2563 3736 2635 βλαστόν·

2180 2664 2340 2729 αὐτὸς
2367 2665 2462 2718 καὶ
2489 2663 2635 2735 ἡμᾶς
2663 2663 2844 2735 ἐγερεῖ
2869 2662 2927 2715 ὲν
2953 2658 3101 2733 δόξῃ.
3173 2660 3228 2713 ’0
3256 2658 3346 2712 τὸν
3378 2656 3736 2727 παραλυτικὸν

2180 2757 2318 2811 σῶον
2354 2757 2659 2827 ἀνεγείρας,
2700 2756 2795 2810 καὶ
2836 2755 2928 2808 τὸν
2970 2752 3366 2825 ἐξηραμμένην
3415 2751 3604 2821 ἔχοντα
3641 2750 3738 2820 τὴν

2179 2850 2336 2920 χεῖρα
2367 2848 2680 2919 ἰασάμενος,
2712 2848 2803 2901 κα)
2829 2846 2890 2899 τὸ
2914 2846 3097 2899 λεῖπον
3130 2844 3292 2915 μέρος
3318 2845 3376 2897 ὲν
3403 2842 3480 2914 τῷ
3507 2843 3572 2907 ἐκ
3595 2858 3739 2910 γενε-

2178 2941 2277 3013 τῆς
2304 2941 2463 3013 πηρῷ
2491 2942 2553 2993 ὲκ
2597 2941 2699 3010 γῆς
2741 2939 2834 2992 καί
2864 2938 3037 2991 σιέλου
3080 2936 3329 2999 ἀποδούς·
3376 2938 3405 2989 6
3450 2934 3609 2998 αὐτὸς
3646 2934 3737 2987 καὶ

2180 3033 2327 3104 ἡμᾶς
2345 3033 2608 3102 ἀνεγερεῖ.
2663 3032 2721 3083 '0
2748 3032 2813 3084 ὲκ
2840 3030 2998 3083 πέντε
3025 3030 3202 3101 ἀρτων
3256 3028 3350 3081 καὶ
3399 3027 3490 3080 δύο
3545 3026 3737 3096 ἰχθύων

512 3123 657 3178 idem
685 3130 736 3177 et
796 3128 971 3176 morte
1022 3120 1268 3175 sublatos
1312 3120 1435 3172 vitae
1466 3117 1675 3173 reddet.
1727 3116 1852 3170 Haec
1880 3116 2075 3186 quippe

2182 3124 2649 3195 πεντακισχιλίους
2693 3124 2942 3195 κορέσας,
2974 3124 3066 3177 καὶ
3124 3121 3485 3194 περισσεύσας
3535 3118 3737 3173 δώδεκα

510 3213 696 3269 omnia
723 3213 791 3267 de
836 3229 902 3267 eo
930 3220 1291 3278 attestamur;
1324 3210 1428 3263 alia
1476 3224 1607 3263 vero
1634 3209 1930 3279 prophetae.
1962 3207 2073 3263 Nos

510 3306 607 3375 qui
638 3320 760 3359 cum
781 3320 846 3359 eo
877 3302 1212 3357 comedimus
1240 3316 1305 3354 ac
1330 3300 1602 3367 bibimus;
1629 3310 1683 3356 et
1712 3299 2077 3371 spectavimus

512 3396 777 3452 miracula
805 3394 945 3464 ejus,
999 3395 1187 3459 vitam,
1238 3393 1732 3456 conversationem,
1767 3408 2071 3455 sermones,

512 3488 815 3559 passiones,
861 3494 1112 3549 mortem,
1146 3493 1308 3555 atque
1338 3499 1403 3537 ex
1435 3484 1669 3540 mortuis
1708 3486 2072 3538 resurrectio—

512 3587 760 3647 nem;et
792 3593 915 3631 cum
959 3592 1025 3632 eo
1064 3592 1162 3647 per
1206 3576 1567 3646 quadraginta
1625 3576 1743 3631 dies
1790 3584 2076 3645 postquam

514 3671 677 3727 rediit
728 3670 796 3724 ad
845 3670 1009 3723 vitam
1033 3668 1100 3733 ",
1134 3669 1332 3724 versati
1380 3683 1607 3734 sumus;
1655 3677 1709 3723 et
1756 3668 2076 3723 mandatum

515 3765 825 3835 accepimus
876 3763 945 3817 ab
973 3777 1060 3826 eo,
1098 3760 1430 3831 praedicandi
1480 3760 1829 3832 Evangelium
1860 3764 1917 3815 in
1949 3760 2075 3814 uni-

513 3872 672 3911 verso
691 3855 916 3917 mundo,
948 3854 1180 3909 docendi
1210 3868 1400 3908 omnes
1421 3862 1632 3924 gentes,
1669 3869 1732 3911 ac
1764 3852 2075 3923 baptizandi

513 3951 570 4004 in
607 3958 836 4005 mortem
875 3949 995 4019 ejus
1025 3947 1092 4012 ⁸²,
1125 3947 1179 4001 in
1233 3947 1557 4002 auctoritate
1585 3945 1681 4001 Dei
1713 3953 2074 4011 cunctorum;

512 4044 607 4113 qui
637 4049 721 4098 est
748 4040 911 4096 Pater
940 4041 1079 4111 ejus,
1123 4056 1224 4095 nec
1253 4055 1364 4096 non
1391 4039 1446 4094 in
1475 4038 1788 4093 testimonio
1817 4037 2074 4107 bpiritus,

511 4135 606 4206 qui
636 4141 719 4191 est
758 4133 1075 4190 Paracletus
1110 4152 1124 4188 :
1151 4149 1274 4197 nos,
1308 4133 1553 4201 inquam,
1572 4131 1687 4185 haec
1708 4131 1891 4185 omnia
1913 4130 2078 4186 doce-

504 4244 635 4283 .tnus
664 4242 761 4283 vos
787 4245 801 4294 ;
826 4242 947 4298 qua:
979 4241 1100 4281 cum
1149 4225 1413 4281 edixisset
1456 4224 1641 4289 nobis,
1676 4224 1730 4277 in
1779 4232 2075 4293 conspectu

512 4328 703 4376 nostro
722 4327 1034 4389 assumptus
1053 4327 1137 4375 est
1156 4318 1211 4371 in
1227 4316 1510 4383 cadum",
1543 4316 1609 4370 ad
1645 4332 1768 4371 eum
1786 4317 1878 4386 qui
1897 4318 2073 4387 ipsum

509 4414 756 4468 miserat.
794 4414 968 4482 Atque
1000 4412 1047 4466 si
1075 4410 1436 4473 credideritis,
1468 4410 1610 4465 beati
1642 4410 1795 4465 eritis
1824 4428 1839 4475 ;
1866 4410 1920 4463 si
1942 4424 2077 4463 con-

512 4514 598 4558 tra
642 4520 751 4560 non
797 4504 1159 4567 credideritis,
1204 4518 1304 4559 nos
1354 4503 1674 4558 innocentes
1721 4510 1774 4556 et
1815 4500 2004 4555 mundi
2042 4517 2072 4554 a

510 4604 692 4652 vestra
722 4597 1100 4651 incredulitate
1142 4596 1493 4665 reperiemur.

2180 3216 2446 3286 κοφίνους,
2476 3217 2570 3269 καὶ
2614 3214 2673 3280 ἐξ
2708 3214 2898 3279 ὓδατος
2923 3210 3061 3268 οἶνον
3101 3215 3485 3287 μεταποιήσας,
3527 3214 3621 3268 καὶ
3676 3215 3740 3267 ὲκ

2182 3309 2447 3380 στόματος
2477 3307 2654 3379 ἰχθύος
2683 3308 2921 3379 στατῆρα
2948 3307 3013 3360 δι’
3044 3306 3176 3379 ἐμοῦ
3206 3307 3410 3379 Πέτρου
3448 3308 3558 3369 τοῖς
3584 3306 3741 3359 άπαι-

2180 3399 2331 3453 τοῦσι
2353 3400 2547 3471 κῆνσον
2572 3400 2910 3463 ἀποστείλας·
2931 3393 3083 3463 οὗτος
3110 3400 3203 3454 καὶ
3229 3402 3354 3464 τοὺς
3381 3401 3605 3471 νεκροὺς
3618 3400 3739 3453 ἀνε-

2178 3494 2345 3565 γερεῖ.
2376 3491 2560 3546 Ταῦτα
2584 3491 2692 3565 γάρ
2737 3490 2949 3546 ἅπαντα
2975 3494 3132 3563 ἡμεῖς
3160 3493 3286 3564 περὶ
3338 3490 3499 3545 αὐτοῦ
3533 3508 3739 3563 μαρτυ-

2181 3585 2400 3657 ροῦμεν·
2429 3585 2498 3639 τά
2519 3585 2563 3638 δ’
2586 3584 2720 3640 ἄλλα
2744 3586 2793 3638 οἱ
2820 3583 3114 3657 προφῆται.
3141 3585 3328 3656 Ἡμεῖς
3353 3585 3404 3636 οἱ
3433 3583 3737 3655 συμφαγόν-

2177 3694 2268 3740 τες
2292 3677 2440 3749 αὐτῷ
2467 3679 2560 3730 καὶ
2589 3678 2932 3748 συμπιόντες·
2990 3678 3085 3731 καὶ
3113 3676 3301 3731 θεαταὶ
3326 3675 3604 3747 γενόμενοι
3632 3676 3736 3729 τῶν

2178 3768 2341 3823 αὑτοῦ
2367 3771 2684 3841 τεραστίων,
2729 3771 2822 3824 καὶ
2846 3771 2945 3841 τῆς
2995 3770 3157 3841 ζωῆς,
3211 3770 3303 3823 καὶ
3328 3770 3425 3841 τῆς
3446 3768 3736 3833 πολιτείας,

2177 3862 2272 3914 καὶ
2296 3861 2403 3915 τῶν
2430 3861 2621 3930 λόγων,
2652 3862 2745 3916 καὶ¹
2784 3862 2891 3915 τῶν
2921 3862 3276 3932 παθημάτων,
3306 3863 3400 3915 καὶ
3429 3862 3525 3915 τοῦ
3573 3862 3734 3916 θανά-

2174 3969 2293 4019 του,
2322 3951 2535 4024 καὶτῆς
2561 3953 2626 4005 ὲκ
2654 3951 2861 4024 νεκρῶν
2882 3951 3044 4005 αὑτοῦ
3072 3953 3439 4018 ἀναστάσεως,
3468 3953 3564 4007 καὶ
3585 3970 3736 4007 συνα-

2178 4042 2580 4115 ναστραφέντες
2605 4043 2753 4114 αὐτῷ
2781 4042 2993 4115 ἡμέρας
3020 4043 3426 4114 τεσσαράκοντα
3473 4043 3610 4116 μετά
3635 4046 3734 4116 τὴν

2177 4136 2391 4209 ἔγερσιν
2417 4134 2601 4190 αὐτοῦ·
2658 4137 2752 4189 καὶ
2805 4134 3058 4198 λαϐόντες
3110 4136 3330 4207 ἐντολὴν
3384 4138 3515 4209 παρ’
3571 4135 3734 4190 αὑτοῦ

2176 4226 2408 4300 κηρύξαι
2434 4228 2495 4281 τδ
2521 4227 2846 4296 Εὐαγγέλιον
2874 4228 2954 4291 είς
2981 4226 3099 4281 ὅλον
3127 4227 3218 4280 τὸν
3254 4228 3475 4299 κόσμον,
3507 4229 3601 4282 καὶ
3631 4246 3734 4299 μα-

2176 4319 2431 4393 θητεῦσαι
2461 4319 2634 4373 πάντα
2660 4318 2728 4372 τά
2756 4319 2901 4391 ἔθνη,
2932 4319 3025 4373 καὶ
3063 4318 3317 4389 βαπτίσαι
3346 4322 3424 4383 εἰς
3451 4320 3542 4374 τὸν
3569 4318 3733 4374 αὑτοῦ

2179 4411 2425 4479 θάνατον,
2453 4412 2546 4465 ἐπὶ
2572 4411 2821 4483 αὑθεντίᾳ
2847 4410 2940 4464 τοῦ
2968 4410 3103 4465 Θεοῦ
3131 4410 3237 4465 τῶν
3283 4411 3439 4479 ὅλων,
3485 4412 3544 4475 ὅς
3589 4413 3733 4466 ἐστιν

2178 4500 2344 4557 αὑτοῦ
2395 4503 2602 4575 Πατὴρ,
2631 4504 2724 4557 καὶ
2756 4503 3026 4575 μαρτυρίᾳ
3046 4502 3378 4574 Πνεύματος,
3408 4505 3466 4567 ὃς
3492 4504 3607 4558 ἐστι
3626 4503 3736 4558 Πας

2102 4583 2147 4637 Ῑ)
2178 4594 2461 4666 ράκλητος·
2492 4594 2814 4665 διδάσκομεν
2842 4595 2985 4665 ὑμᾶς
3011 4593 3184 4649 ταῦτα
3202 4597 3395 4664 πάντα,
3424 4597 3460 4652 δι
3487 4598 3732 4665 διαταξά·

514 4706 672 4759 μενος
697 4692 825 4761 ήμῖν
852 4688 1120 4760 ἀνελήφθη
1148 4688 1231 4739 ἐπ’
1264 4687 1385 4757 ὄψει
1412 4688 1565 4759 ἡμῶν
1605 4692 1683 4753 εἰς
1720 4692 1808 4743 τὸν
1836 4688 2061 4759 οὐρανὸν
2125 4686 2261 4759 πρὸς
2288 4689 2377 4741 τὸν
2422 4687 2811 4741 ἀποστείλαντα
2855 4688 3035 4742 αὐτόν.
3090 4688 3200 4741 Καὶ
3258 4688 3352 4743 ἐὰν
3392 4692 3487 4762 μὲν
3515 4694 3726 4749 πιστεύ-

511 4796 660 4850 σητε,
694 4778 946 4849 μακάριοι
976 4775 1285 4848 γενήσεσθε·
1323 4780 1371 4830 εί
1415 4778 1471 4830 δὲ
1502 4780 1576 4851 μὴ
1628 4779 2162 4851 πιστεύσητε,ἀθῶοι
2222 4781 2381 4850 ἡμεῖς
2440 4778 2847 4852 εὑρεθησόμεθα
2906 4781 2998 4833 καὶ
3060 4781 3291 4853 καθαροὶ
3326 4783 3425 4855 τῆς
3466 4784 3735 4857 ὑμετέρας

506 4868 840 4930 δυσπιστίας.

572 5004 617 5033 δ’
660 5002 791 5058 Dan.
822 5021 921 5061 xu.
947 5007 1001 5060 3.
1075 5007 1119 5038 “
1149 5008 1293 5061 Psal.
1324 5021 1502 5061 cxuv.
1528 5006 1614 5060 15.
1692 5005 1738 5036 ⁸⁸
1758 5005 2066 5069 Num.xvn,
2097 5006 2151 5061 8.
2224 5004 2269 5035 “
2298 5002 2489 5059 Matth.
2523 5019 2597 5067 Ix,
2651 5008 2701 5062 5.

1611 5077 1655 5107 ⁸ο
1686 5076 1872 5130 Matth.
1914 5092 2047 5142 xvn,

2247 5076 2288 5107 "
2324 5074 2444 5129 Act.
2503 5092 2541 5133 ι.
2573 5076 2628 5129 5.
2705 5074 2748 5105 ⁸³
2773 5071 2963 5130 Matth.
2988 5090 3180 5143 xxviii,
3216 5074 3302 5130 {8.
3380 5076 3426 5107 ⁸³
3449 5075 3571 5131 Act.
3605 5092 3645 5142 ι,
3680 5071 3733 5129 9.

509 5076 555 5104 ⁵⁸
585 5072 776 5129 Matth.
818 5092 927 5139 xw,
965 5082 1051 5136 20.
1130 5079 1175 5109 ’⁵ο
1198 5076 1354 5130 Joan.
1392 5091 1451 5140 ιι,
1484 5076 1537 5130 '5.

2801 5002 2846 5033 ⁵⁸
2876 5002 3043 5056 Marc.
3076 5020 3160 5067 ιιι,
3192 5005 3247 5060 5.
3317 5005 3361 5036 ⁸⁷
3388 5004 3550 5060 Joan.
3576 5021 3653 5068 ιι,
3684 5001 3731 5059 7.

1819 5208 2178 5266 VARIORUM
2211 5207 2443 5267 NOTIE.

596 5323 688 5396 45)
721 5326 789 5381 Τὸ
825 5328 1284 5397 ἀκατέργαστον.
1341 5326 1641 5397 Przefigitur
1676 5326 1729 5379 in
1760 5326 1928 5379 altero
1975 5326 2067 5378 καὶ

504 5391 682 5459 αὖθις,
712 5404 771 5449 ut
817 5399 872 5452 in
902 5391 1175 5462 veréione,
1205 5412 1306 5451 nec
1340 5391 1705 5453 male.'Ct.En.

574 5465 687 5537 (44)
720 5468 827 5529 Kal
853 5470 932 5523 σὺ
963 5473 994 5523 d
1027 5467 1301 5535 πλάστης
1326 5468 1513 5537 ἡμῶν.
1557 5465 1677 5521 Νοιι
1724 5466 1981 5521 abhorret
2034 5480 2066 5519 a

503 5551 654 5599 vero,
687 5547 810 5593 eSse
835 5541 997 5593 etiam
1025 5538 1130 5591 τῶν
1158 5540 1233 5599 Ο¹,
1267 5539 1392 5593 licet
1420 5537 1559 5607 apud
1600 5553 1696 5593 eos
1736 5537 2062 5607 jampridem

506 5620 615 5676 l_|0ll
638 5617 1007 5675 compareant,
1065 5616 1118 5663 et
1145 5612 1246 5662 sub
1269 5609 1533 5663 asterisco
1556 5608 1714 5676 quasi
1758 5608 1965 5676 Aquila:
2010 5615 2065 5661 et

506 5671 917 5747 '_I_'lieod_oti:onis,
948 5685 1219 5747 ponantur
1244 5679 1300 5730 in
1329 5671 1838 5746 editione—Procopii
1859 5692 1923 5731 ex
1956 5693 2059 5731 ms.

507 5740 703 5794 Ranati
734 5740 1011 5799 Marchali.
1060 5747 1142 5798 Ac
1162 5747 1305 5800 forte
1333 5748 1748 5801 continebantur
1767 5740 1839 5800 'in
1869 5748 2061 5801 codice

508 5825 616 5880 quo
645 5827 776 5868 usus
806 5813 909 5866 fuit
939 5813 1318 5869 Theodoritus.
1343 5814 1478 5870 Cor.

2242 5323 2352 5395 (45)
2396 5321 2759 5395 Στεφθῆναι.
2804 5323 2955 5395 Alter
3001 5323 3125 5378 cod.
3158 5322 3317 5378 Vind.
3350 5393 3363 5395 _
3388 5322 3727 5395 στεφανωθῆ-

2172 5392 2279 5457 ναι,
2312 5392 2499 5449 eadem
2531 5392 2821 5457 sententia,
2855 5394 2949 5448 sed
2979 5410 3109 5449 voce
3138 5395 3313 5465 paulo
3342 5393 3727 5463 frequentiore.

2243 5533 2352 5605 (46)
2400 5532 2726 5605 Καὶγὸςγιοςλ
2758 5550 2934 5603 usque
2962 5463 3522 5605 ad_a6toz7.clli::unt
3541 5532 3597 5587 in
3632 5546 3725 5585 an-

2172 5602 2403 5675 tiquiore
2441 5604 2535 5657 sed
2561 5603 2829 5675 deteriore
2846 5602 2981 5661 cod.
3033 5602 3111 5660 In.

2241 5673 2350 5817 (47)
2395 5677 2525 5728 Kal.
2579 5673 2719 5744 Lege
2749 5690 2813 5729 ex
2864 5678 3035 5730 altero
3064 5676 3185 5730 cod.
3217 5676 3325 5728 Καὶ
3365 5676 3413 5729 6.
3447 5673 3525 5728 In.

2241 5747 2326 5816 (48
2391 5743 2765 5814 Ξιῖράνασαν.
2814 5746 2961 5801 Alter
2994 5745 3353 5816 ξηραίνουσαν
3394 5747 3525 5817 ἐκφυ

2238 5743 2349 5817 (48)
2391 5743 2765 5814 Ξιῖράνασίαν.
2814 5746 2961 5801 Alter
2994 5745 3353 5816 ξηραίνουσαν
3394 5744 3722 5865 ἑκφιίσήσας.

3534 5829 3583 5865 υ-
3680 5826 3681 5829 η

3534 5826 3681 5867 υηη
