4080 6266
1222 370 1814 433 CONSTITUTIONES
1845 364 2521 423 APOSTOLICE.——LIB.
2562 361 2607 414 Υ

866 494 1252 552 ΚΕΦΔΛᾹῙΟΝ
1280 494 1360 546 Η’.

2562 472 2791 546 CAPUT
2827 473 2959 527 vui.

315 593 458 662 Περί
496 590 770 685 ἰακὼϐἓυ
795 591 902 644 τοῦ
930 586 1193 670 ἀρελφοῦ
1222 583 1596 685 τῇσξςῗρίου,
1624 581 1723 636 και
1750 583 1879 636 Στε-

1984 575 2051 629 De
2098 573 2319 637 Iacobo,
2374 571 2539 640 fratre
2598 569 2830 650 Domini,
2890 577 2939 621 et
2980 566 3262 635 Stephano,
3300 578 3533 638 martyre

2652 654 2841 685 nmmo-
3475 654 3481 661 ‘
3620 666 3621 669 π

664 660 859 730 φάνου
886 659 993 713 τοῦ
1021 654 1531 725 πρωτομάρτυρος.

2652 654 2842 707 primo.

290 388 418 445 853
1222 370 1814 433 CONSTITUTIONES
1845 364 2521 423 APOSTOLICE.-—LIB.
2562 361 2607 414 v
3437 356 3552 412 εει

388 754 590 827 Περίδὲ
617 753 730 806 τῶν
760 749 1048 823 μαρτύρων
1075 748 1301 818 λέγομεν
1337 745 1482 807 ὅπως
1501 745 1557 797 ἐν
1570 743 1718 816 πάσῃ
1745 745 1875 812 τιμῇ

314 843 420 902 ὦσι
451 848 578 917 παρ’
602 846 749 916 ὑμῖν,
772 844 848 906 ὡς
878 842 973 896 καὶ
1000 842 1125 912 παρ’
1153 841 1281 910 ἡμῖν
1310 836 1622 908 τετίμηνται
1646 836 1674 888 6
1705 833 1878 905 μακά-

323 956 434 1012 ριος
450 935 740 1000 Ἰάκωϐοςό
758 934 1072 1000 ἐπίσκοπος,
1094 932 1187 986 καὶ
1205 933 1234 984 6
1253 930 1406 1000 ἅγιος
1426 928 1582 1000 ὴμῶν
1598 924 1876 980 συνδιάκο-

319 1051 407 1096 νος
432 1030 719 1100 Στέφανος.
753 1021 913 1081 Οὗτοι
939 1025 1047 1096 γάρ
1074 1026 1178 1078 εἰσι
1208 1023 1301 1076 καὶ
1338 1021 1442 1075 ὑπὸ
1467 1019 1599 1073 Θεοῦ
1632 1034 1878 1089 μεμακα-

320 1124 586 1195 ρισμένοι,
616 1119 710 1175 καὶ
736 1119 842 1173 ὑπὸ
883 1117 1043 1172 ὀσίων
1078 1114 1285 1187 ἀνδρῶν
1313 1112 1683 1183 τετιμημένοι,
1714 1109 1877 1164 καθα-

320 1216 403 1287 ροὶ
446 1213 626 1284 πάσης
664 1208 1037 1283 πλημμελίας,
1083 1208 1337 1279 ἄτρεπτοι
1377 1203 1485 1278 (49)
1529 1202 1663 1275 πρὸς
1701 1203 1879 1273 ἀμαρ-

316 1307 459 1371 τίαν,
522 1300 903 1373 ἀμετάπειστοι
930 1300 1036 1352 τῶν
1090 1297 1291 1365 καλῶν,
1346 1294 1701 1350 ἀνενδοίαστοι
1743 1291 1879 1365 πρὸς

313 1395 588 1466 ἐγκώμια·
630 1395 758 1465 περὶ
806 1386 879 1446 ὧν
906 1393 998 1445 καὶ
1023 1393 1051 1445 6
1075 1389 1236 1444 Aa6l6
1271 1388 1436 1457 ἐλεγεο
1474 1406 1492 1439 ι
1511 1387 1700 1458 Τίμιος
1728 1387 1878 1439 ἐναν-

316 1489 427 1542 τίον
454 1486 658 1558 Κυρίου
677 1488 705 1538 6
734 1485 956 1547 Θάνατος
982 1482 1090 1537 τῶν
1118 1482 1275 1536 ὀσίων
1301 1478 1485 1535 αὑτοῦ·
1509 1499 1527 1532 ι
1544 1480 1638 1534 καὶ
1664 1482 1692 1533 6
1719 1477 1876 1532 Σολο-

2046 734 2121 790 De
2179 731 2513 804 martyribus
2558 745 2687 785 vero
2746 728 3092 802 praecipimus
3142 728 3330 794 vobis,
3374 738 3435 803 ut,
3480 731 3536 786 in

1978 827 2124 883 omni
2154 827 2360 881 honore
2390 825 2502 879 sint
2531 822 2674 893 apud
2704 838 2838 888 vos;
2873 821 3017 876 sicut
3044 818 3285 877 Iacobus
3322 824 3537 891 episco-

1979 934 2102 989 pus,
2143 925 2197 973 et
2239 923 2467 972 sanctus
2526 913 2847 984 Stephanus.
2897 913 3266 968 condiaconus
3321 923 3532 977 noster,

1978 1009 2121 1081 apud
2153 1025 2254 1065 nos
2290 1007 2543 1063 honorati
2574 1006 2815 1061 fuerunt.
2849 1004 2892 1061 Ii
2937 1006 3083 1061 enim
3119 1013 3246 1061 sunt
3267 1013 3322 1061 et
3362 1020 3393 1059 a
3426 1006 3536 1062 Deo

1977 1102 2313 1157 beatitudine
2340 1100 2551 1166 donati,
2572 1106 2627 1155 et
2642 1114 2672 1152 a
2701 1099 2909 1153 sanctis
2930 1098 3065 1154 viris
3094 1098 3301 1154 honore
3322 1099 3533 1168 affecti;

1979 1196 2099 1266 puri
2129 1194 2197 1249 ab
2214 1193 2363 1249 omni
2385 1192 2608 1255 delicto,
2642 1189 2973 1246 inﬂexibiles
2998 1191 3063 1245 ad
3096 1198 3401 1262 peccatum.
3432 1192 3535 1245 im-

1982 1272 2273 1341 mutabiles
2320 1300 2350 1339 a
2399 1285 2623 1348 virtute,
2670 1284 3046 1339 indubitanter
3076 1284 3407 1351 laudabiles;
3466 1285 3534 1340 de

1980 1377 2181 1447 quibus
2213 1375 2381 1430 David
2420 1376 2597 1430 dixit:
2627 1375 2871 1430 Pretiosa
2901 1376 2956 1429 in
3002 1386 3278 1445 conspectu
3322 1376 3534 1431 Domini

1979 1487 2121 1525 mors
2182 1477 2483 1523 sanctorum
2545 1467 2656 1536 ejus
2688 1467 2774 1534 “;
2839 1474 2893 1522 et
2939 1466 3196 1522 Salomon
3232 1466 3535 1522 :lfemoria

321 1578 453 1651 μῶν·
490 1597 509 1629 ι
544 1579 746 1649 Μνήμη
799 1576 1007 1630 δικαίου
1065 1576 1179 1646 μετ’
1236 1571 1529 1643 ὲγκωμίου·
1553 1590 1573 1623 ι
1618 1572 1749 1642 περί
1802 1563 1876 1624 ὧν

1984 1562 2107 1627 iusti
2149 1578 2271 1615 cum
2320 1559 2475 1613 laude
2499 1560 2544 1591 "
2581 1578 2595 1614 :
2629 1559 2697 1614 de
2747 1559 2953 1629 quibus
2996 1568 3051 1615 et
3096 1560 3357 1631 prOpheta
3405 1560 3530 1629 ait;

316 1671 411 1725 καὶ
436 1672 466 1724 6
496 1670 777 1741 προφήτης
805 1668 1008 1735 ἔλεγενο
1042 1685 1059 1716 ι
1100 1665 1323 1736 Ἄνδρες
1348 1663 1542 1718 δίκαιοι
1570 1663 1829 1734 αἴρονται.
1852 1681 1872 1714 ι

859 1758 1249 1812 ΚΕΦΑΛΑῙΟΝ
1277 1756 1354 1811 Θ’.

746 1849 884 1918 Περί
910 1847 1426 1918 ψευδομαρτύρων.

387 1943 577 2000 Ταῦτα
603 1944 660 1997 δὲ
691 1944 817 2014 περί
856 1942 964 1996 τῶν
1012 1940 1151 1995 κατὰ
1193 1940 1444 2011 ἀλήθειαν
1467 1939 1606 2011 ὑπὲρ
1641 1939 1876 2011 Χριστοῦ

320 2035 778 2109 μαρτυρησάντων
806 2035 1032 2104 εἴρηται,
1056 2033 1167 2086 ἀλλ’
1189 2032 1251 2085 οὐ
1279 2032 1407 2103 περὶ
1434 2030 1542 2083 τῶν
1582 2031 1879 2102 ψευδομαρ-

317 2129 515 2200 τύρων,
548 2127 678 2199 περὶ
718 2122 793 2180 ὧν
839 2125 901 2177 τὸ
926 2124 1105 2192 λόγιόν
1134 2139 1315 2194 φησιν·
1352 2140 1371 2173 ι
1411 2122 1621 2191 Ὀνομα
1657 2121 1715 2175 δὲ
1749 2121 1877 2174 ἀσε-

318 2220 430 2272 ϐῶν
462 2218 759 2272 σϐέννυται.
792 2216 1017 2286 Μάρτυς
1037 2214 1146 2285 (50)
1166 2214 1276 2285 γὰρ
1302 2213 1492 2277 πιστὸς
1518 2213 1579 2265 οὐ
1606 2211 1874 2282 ψεύδεται·

321 2311 534 2366 ἐκκαίει
560 2310 616 2363 δὲ
646 2308 814 2379 ψευδῆ
848 2307 1055 2378 μάρτυς
1080 2306 1281 2368 ἄδικος.
1318 2323 1338 2356 ι
1384 2305 1441 2357 'U
1470 2303 1576 2374 γὰρ
1603 2304 1659 2356 ὲν
1684 2320 1881 2375 μαρτυ-

324 2406 423 2477 ρίῳ
448 2400 674 2468 ἐξελθὼν
705 2398 950 2470 ἀψευδῶς
978 2398 1118 2469 ὑπὲρ
1145 2397 1244 2468 τῆς
1271 2396 1543 2469 ἀληθείας,
1574 2387 1882 2467 οὗτοςὰλη-

320 2494 465 2558 θινὸς
521 2493 749 2565 μάρτυς,
794 2490 1104 2556 ἀξιόπιστος
1164 2490 1220 2541 ὲν
1248 2484 1329 2552 οἷς
1371 2486 1771 2558 συνηγωνίσατο
1804 2485 1881 2558 τῷ

321 2586 463 2657 λόγῳ
487 2585 586 2655 τῆς
615 2582 893 2646 εὐσεϐείας
919 2580 1008 2647 διὰ
1038 2578 1131 2633 τοῦ
1159 2579 1358 2633 οἰκείου
1388 2580 1637 2650 αἵματος.

853 2758 1247 2817 ΚΕΦΑΛΑΙΟΝ
1274 2759 1331 2812 I'.
1370 2811 1410 2843 ,η

337 2854 541 2924 Ἠθικὴ
573 2855 926 2924 παραίνεσις
964 2852 1099 2923 (51),
1128 2851 1217 2924 ὅτι
1245 2849 1357 2905 δεῖ
1376 2849 1618 2924 gestirem:
1637 2863 1881 2924 ματαιο-

389 2918 616 2995 λογίας,
646 2918 1091 2993 αἰσχρολογωςῖ,
1120 2918 1529 2989 εὐτραπελίας,
1541 2918 1752 2989 μέθην,
1775 2922 1883 2973 λα-

389 2997 612 3064 γνείαν,
645 2996 886 3064 θρύψιν.

394 3087 662 3157 Παραινοῦ
672 3104 767 3158 μεν
798 3086 855 3139 δὲ
886 3086 1034 3156 ὑμῖν,
1072 3082 1288 3154 ἀδελφοί
1316 3082 1409 3137 καί
1436 3080 1725 3147 σύνδουλοι,
1752 3078 1882 3149 φεύ-

1987 1654 2099 1707 Viri
2118 1653 2257 1723 justi
2288 1652 2545 1708 tolluntur
2572 1652 2640 1707 ⁸⁸.
2704 1678 2708 1680 ~

2574 1741 2802 1798 CAPUT
2841 1742 2931 1798 IX.

2434 1836 2510 1890 De
2538 1836 2693 1905 falsis
2721 1834 3061 1905 martyribus.

2050 1927 2225 1998 Atque
2251 1928 2365 1983 haec
2396 1928 2543 1982 dicta
2575 1935 2703 1983 sunt
2723 1928 2790 1982 de
2819 1928 2906 1991 iis,
2930 1928 3022 1997 qui
3045 1942 3169 1983 vere
3195 1943 3289 1996 pro
3316 1926 3533 1983 Christo

1980 2022 2298 2092 martyrium
2339 2021 2623 2077 subierunt
2654 2038 2669 2075 :
2700 2036 2807 2074 non
2841 2028 3020 2075 autem
3050 2019 3118 2075 de
3154 2019 3307 2077 falsis
3334 2029 3535 2091 marty-

1979 2113 2169 2179 ribus';
2194 2111 2263 2167 de
2304 2112 2508 2183 quibus
2551 2112 2796 2167 divinum
2837 2112 3121 2167 oraculum
3168 2112 3531 2182 pronuntiat:

1982 2203 2187 2259 Nomen
2219 2213 2392 2260 autem
2408 2206 2689 2275 impiorum
2717 2205 3153 2276 exstinguitur".
3171 2204 3337 2260 Testis
3366 2206 3533 2270 enim,

1980 2313 2079 2353 seu
2124 2305 2335 2369 martyr
2385 2297 2559 2368 ﬁdelis
2613 2314 2717 2352 non
2762 2290 3050 2362 mentitur;
3091 2297 3327 2352 accendit
3360 2308 3538 2351 autem

1974 2388 2251 2443 mendacia
2280 2388 2423 2445 testis
2447 2390 2657 2460 iniquus
2692 2390 2760 2445 ⁸⁸.
2786 2388 2921 2444 Nam
2950 2390 3045 2459 qui
3068 2390 3122 2442 in
3144 2390 3404 2460 martyrio
3426 2404 3536 2443 non

1981 2480 2245 2537 fallaciter
2282 2496 2381 2552 pro
2416 2482 2645 2538 veritate
2673 2481 2932 2544 decessit.
2966 2480 3058 2536 hic
3078 2490 3164 2536 est
3204 2496 3366 2537 verus
3394 2494 3536 2534 mar—

1981 2579 2067 2643 tyr
2094 2587 2158 2627 ac
2183 2572 2361 2637 testis,
2412 2571 2516 2627 fide
2545 2572 2743 2645 dignus
2790 2574 2848 2627 in
2901 2572 3101 2643 quibus
3132 2589 3227 2643 per
3259 2574 3535 2644 praprium

1981 2663 2322 2734 sanguinem,
2347 2664 2574 2719 verbum
2597 2663 2816 2735 pietatis
2837 2704 2852 2727 ,
2878 2664 3141 2719 certando
3166 2665 3430 2736 adjuvit.-.

2594 2754 2820 2811 CAPUT
2845 2754 2913 2812 Χ.

1981 2846 2206 2901 Horalis
2236 2848 2557 2910 admonitio;
2587 2847 2726 2919 quod
2767 2855 3002 2916 oporteat
3024 2848 3201 2919 fugere
3235 2865 3394 2903 vanos
3424 2868 3536 2905 ser-

2055 2934 2251 2979 mones,
2289 2917 2641 2986 turpiloquia’,
2673 2917 2999 2984 dicacitates,
3028 2918 3354 2985 ebrietatem,
3380 2919 3539 2974 lasci-

2041 2988 2199 3050 viam,
2230 2996 2280 3041 et
2309 2987 2547 3042 delicias.

2053 3078 2335 3135 Honemus
2365 3089 2545 3134 autem
2568 3094 2689 3144 vos,
2724 3078 2918 3135 fratres
2962 3087 3017 3135 et
3047 3082 3297 3137 conversi
3321 3123 3335 3145 .
3363 3089 3423 3136 ut
3454 3083 3538 3136 fu-

320 3193 439 3249 γειν
469 3180 567 3243 τὰς
616 3178 1022 3251 ματαιολογίας,
1061 3177 1154 3230 καὶ
1199 3175 1299 3239 τὰς
1342 3174 1716 3247 αἰσχρολογίας
1744 3171 1878 3246 (52),

1984 3172 2143 3243 giatis
2160 3186 2439 3227 sermones
2459 3186 2649 3234 vanos,
2675 3178 2884 3242 turpes,
2912 3186 2975 3227 ac
2999 3175 3284 3238 scurriles;
3305 3177 3537 3231 ebrieta-

321 3271 537 3334 καὶτὰς
562 3270 939 3342 εὐτραπελίας,
975 3268 1161 3339 μέθας,
1195 3266 1475 3335 λαγνείας,
1513 3264 1757 3337 θρύψεις,
1787 3262 1882 3318 καὶ

320 3362 419 3426 τὰς
447 3363 713 3433 ἀμέτρους
742 3361 930 3433 ὀργὰς,
962 3362 1055 3414 σὺν
1081 3362 1201 3421 ταῖς
1240 3358 1615 3429 μωρολογίαις·
1652 3357 1734 3409 ὅτι
1763 3354 1885 3409 οὐδὲ

322 3457 380 3507 ἐν
408 3459 525 3516 ταῖς
540 3453 842 3524 Κυριακαῖς
871 3453 1102 3524 ἡμέραις
1151 3451 1259 3504 τῶν
1279 3449 1641 3519 εὐφροσυνῶν,
1669 3445 1885 3517 ἐπιτρέ-

324 3561 499 3612 πομεν
548 3547 670 3613 ὑμῖν
711 3544 941 3615 ᾶσεμνόν
975 3542 1087 3613 τιῆ
1136 3539 1489 3610 φθέγγεσθαι,
1530 3540 1563 3610 ἢ
1604 3539 1881 3609 πράττειν·

323 3636 471 3703 λέγει
499 3633 605 3704 γάρ
634 3651 733 3686 που
764 3636 797 3703 ὴ
841 3635 1049 3705 Γραφήί
1085 3650 1104 3683 ι
1138 3631 1467 3685 Δουλεύσατε
1504 3630 1580 3701 τῷ
1608 3628 1798 3701 Κυρίῳ
1828 3629 1886 3681 ἐν

325 3726 496 3797 φόϐῳ,
554 3725 649 3779 καὶ
701 3723 1023 3793 ἀγαλλιᾶσθε
1075 3723 1221 3794 αὐτῷ
1261 3723 1322 3776 ὲν
1358 3722 1561 3793 τρόμῳ.
1601 3738 1621 3772 ›
1654 3720 1765 3775 Kal.
1789 3718 1888 3783 τὰς

326 3816 668 3887 ὰγαλλιάσεις
718 3812 811 3869 οὖν
865 3815 1039 3886 ὑμῶν,
1076 3814 1211 3887 μετὰ
1247 3812 1411 3883 φόϐου
1450 3812 1542 3869 καὶ
1571 3811 1770 3884 τρόμου
1798 3810 1885 3879 γί-

326 3909 513 3962 νεσθαι
570 3908 695 3979 χρή.
742 3908 799 3959 Ὀ
830 3907 939 3978 γάρ
973 3924 1054 3960 τοι
1091 3906 1411 3979 Χριστιανὸς
1443 3907 1472 3958 6
1525 3892 1719 3967 πιστὸς
1765 3902 1886 3956 οὐδὲ

328 4000 471 4070 ᾠδὴν
517 3998 732 4069 ὲθνικὴν
777 3998 975 4067 ὀφείλει
1018 3998 1215 4067 λέγειν,
1264 3996 1386 4050 οὔτε
1430 3992 1581 4068 ᾆσμα
1612 3994 1882 4067 πορνικόνο

329 4092 449 4144 ἐπεὶ
482 4090 814 4162 συμϐήσεται
846 4090 1011 4161 αὐτῷ,
1042 4089 1127 4143 διὰ
1162 4089 1261 4160 τῆς
1297 4088 1458 4159 ᾠδῆς,
1495 4086 1723 4141 εἰδώλων
1757 4104 1889 4159 μνη-

334 4184 575 4255 μονεύειν
628 4183 864 4253 ὀνὸματα
916 4181 1221 4253 όαιμονικὰ,
1276 4180 1370 4235 καὶ
1424 4179 1544 4233 ἀντὶ
1586 4179 1679 4233 τοῦ
1730 4180 1884 4248 ἁγίου

331 4276 664 4348 Πνεύματος,
694 4275 974 4347 εἰσφρήσει
1002 4277 1058 4327 ὲν
1085 4273 1232 4345 αὐτῷ
1259 4270 1319 4327 τὸ
1346 4268 1594 4344 πονηρόν.
1678 4276 1686 4283 ’

851 4386 1243 4442 ΚΕΦΑΛΑΙΟΝ
1270 4388 1372 4439 IA'.

332 4482 692 4550 Παραίνεσις
736 4480 1103 4535 παιδεύουσα
1120 4549 1127 4550 7
1146 4479 1384 4547 φεύγειν
1426 4475 1534 4545 τῆς
1575 4476 1889 4531 εἰδωλολα-

854 4550 1047 4618 τρείας
1074 4549 1138 4602 τὸ
1161 4550 1374 4617 μύσος.

420 4643 733 4716 Ἀπείρηται
773 4643 830 4697 δὲ
858 4643 952 4697 καὶ
994 4642 1056 4695 τὸ
1099 4641 1316 4713 ὀμνύειν
1359 4640 1417 4692 ὲν
1451 4639 1651 4704 αὐτοῖς,
1693 4638 1786 4695 καὶ
1828 4640 1889 4693 τὸ

333 4733 420 4787 διὰ
445 4735 708 4806 στόματος
734 4733 911 4788 αὐτῶν
940 4733 1230 4805 προφέρειν
1274 4731 1344 4785 τὰ
1372 4728 1632 4801 βδελυκτὰ
1660 4728 1729 4783 τὰ
1770 4730 1886 4784 ὀνό-

339 4842 501 4895 ματα,
530 4827 564 4899 ἢ
611 4828 929 4897 προσκυνεῖν
983 4825 1183 4891 αὐτοῖς,
1212 4825 1245 4895 ἢ
1276 4822 1549 4893 φοϐεῖσθαι
1586 4824 1780 4899 αὐτοὺς
1813 4823 1887 4886 ὡς

338 4914 510 4979 θεούς.
547 4897 621 4970 Οὐ
648 4916 756 4987 γάρ
804 4919 909 4971 εἰσι
938 4915 1068 4983 θεοὶ,
1095 4916 1205 4969 ἀλλ’
1233 4915 1266 4986 ἢ
1298 4915 1523 4985 πονηροί
1556 4897 1824 4988 δαίμονές,
1854 4917 1886 4987 ἢ

342 5009 713 5080 μεμωκημένα
750 5009 906 5080 ἔργα.
951 5008 1110 5077 Λέγει
1142 5008 1250 5081 γάρ
1277 5023 1379 5059 που
1405 5008 1435 5060 6
1458 5005 1589 5071 Θεὸς
1629 5007 1756 5079 περί
1780 5008 1887 5061 τῶν

408 5184 454 5217 ³⁸
472 5184 758 5251 Psal.cxv,
792 5186 877 5242 i5.
951 5187 998 5220 ⁸⁸
1018 5185 1178 5242 Prov.
1207 5204 1262 5251 ι,
1287 5187 1337 5241 7.
1411 5187 1458 5219 ⁸⁵
1478 5186 1581 5244 Isa.
1604 5178 1743 5251 ‘Lvu,
1763 5188 1815 5252 ί,
1845 5189 1882 5242 ii

1984 5186 2078 5241 KX.
2152 5190 2195 5221 ⁸⁷
2225 5188 2384 5243 Prov.
2414 5206 2466 5253 ι,
2486 5193 2531 5244 7.

1985 3272 2088 3330 tes,
2138 3265 2421 3329 lascivias,
2499 3279 2682 3320 mores
2728 3265 3100 3332 effeminatos,
3154 3269 3538 3327 immoderatos

1985 3357 2239 3427 impetus,
2270 3372 2394 3411 cum
2424 3356 2777 3428 stultiloquiis
2803 3378 2814 3413 :
2845 3360 3101 3428 quoniam
3136 3377 3310 3431 neque
3350 3362 3403 3417 in
3434 3363 3537 3418 Do-

1984 3449 2200 3503 minicis
2230 3448 2443 3511 diebus,
2465 3448 2699 3523 quikdies
2726 3448 2926 3505 laetitiae
2956 3451 3213 3506 dicuntur
3232 3492 3246 3516 ,
3275 3454 3540 3523 permitti-

1985 3552 2108 3593 mus
2147 3537 2301 3593 vobis
2338 3520 2636 3609 quidquam
2674 3540 2948 3597 inhonesti
2989 3551 3082 3597 aut
3120 3520 3395 3614 loqui—aut
3458 3545 3539 3600 fa-

1986 3644 2149 3684 cere:
2177 3629 2252 3682 ait
2294 3630 2439 3685 enim
2481 3632 2683 3687 alicubi
2719 3631 2999 3704 Scriptura
3044 3654 3057 3690 :
3092 3635 3289 3691 Servite
3317 3637 3540 3697 Domino

1987 3721 2041 3775 in
2074 3714 2645 3785 timore;etexsultate
2687 3726 2735 3778 ei
2756 3726 2812 3778 in
2838 3735 3059 3781 tremore
3089 3728 3154 3782 ⁸⁸.
3189 3725 3413 3797 Oportet
3453 3746 3539 3784 cr-

1984 3828 2053 3883 go
2100 3814 2487 3869 exsultationes
2522 3824 2734 3873 vestras
2774 3832 2896 3871 cum
2954 3820 3151 3874 timore
3197 3836 3260 3874 ac
3308 3830 3542 3877 tremore

1988 3905 2190 3975 peragi.
2230 3903 2580 3962 Christianus
2622 3906 2826 3979 quippe
2868 3908 3060 3976 ﬁdelis,
3093 3926 3269 3981 neque
3312 3915 3539 3969 cantile-

1986 4010 2112 4049 nam
2149 3997 2421 4052 ethnicam
2451 3998 2610 4054 debet
2641 3998 2814 4064 effari,
2846 4016 3022 4069 neque
3065 4003 3338 4056 canticum
3367 4020 3540 4061 mere-

1985 4086 2204 4141 tricium
2224 4106 2239 4154 ;
2263 4088 2529 4159 siquidem
2554 4091 2830 4161 continget
2852 4092 2925 4153 ei,
2957 4099 3015 4145 ut
3045 4093 3187 4149 inter
3215 4095 3537 4152 cantilenam

1986 4187 2247 4233 memoret
2294 4180 2565 4235 diabolica
2599 4180 2866 4236 idolorum
2917 4185 3173 4252 nomina;
3210 4193 3262 4240 et
3300 4202 3397 4255 pro
3421 4186 3541 4258 Spi-

1986 4269 2094 4323 ritu
2125 4278 2346 4339 sancto,
2371 4272 2596 4341 spiritus
2628 4288 2860 4344 nequam
2892 4275 3112 4331 invadet
3147 4291 3292 4331 eum.

2594 4384 2822 4441 CAPUT
2848 4386 2940 4441 XI.

1990 4476 2313 4543 Admonitio,
2342 4479 2528 4534 docens
2554 4477 2853 4549 fugiendum
2878 4497 2988 4535 esse
3018 4480 3341 4537 idololatria:
3370 4485 3537 4539 scelus

2595 4549 2963 4605 abominabile.

2060 4641 2409 4697 lnterdictum
2458 4656 2675 4712 quoque
2718 4649 2802 4697 est
2840 4644 3026 4714 jurare
3062 4659 3158 4714 per
3178 4644 3341 4707 idola.
3367 4654 3422 4702 et
3448 4663 3539 4701 eo-

1994 4750 2111 4788 rum
2143 4733 2499 4790 exsecrabilia
2525 4735 2744 4789 nomina
2778 4750 2873 4790 ore
2896 4734 3139 4807 proferre
3154 4754 3175 4804 ;
3212 4744 3305 4791 aut
3324 4755 3387 4793 ea
3409 4738 3539 4793 ado-

1992 4842 2133 4889 rare,
2184 4836 2276 4881 aut
2315 4834 2374 4881 ut
2418 4827 2551 4883 deos
2579 4827 2774 4883 vereri.
2806 4827 2923 4883 Non
2952 4830 3096 4884 enim
3128 4831 3203 4884 dii
3250 4840 3413 4897 sunt;
3448 4829 3543 4890 sed

1992 4918 2074 4971 vel
2116 4917 2242 4972 mali
2273 4918 2577 4983 daimones,
2610 4920 2691 4973 vel
2718 4935 2880 4989 opera
2919 4936 3015 4990 per
3060 4921 3351 4977 ludibrium
3378 4923 3540 4978 facta.

1995 5007 2271 5079 Siquidem
2315 5009 2458 5066 Deus
2502 5011 2700 5066 alicubi
2742 5012 2809 5066 de
2845 5010 3103 5067 lsraelitis
3130 5014 3261 5069 dicit
3294 5034 3306 5068 :
3340 5014 3541 5071 Dent-ti.-

2608 5191 2653 5222 ⁸⁸
2682 5189 2837 5247 Prov.
2866 5207 2977 5255 xw,
3011 5194 3061 5248 5.
3129 5193 3174 5223 "
3200 5191 3341 5248 Psal.
3361 5207 3421 5259 ιι,
3457 5191 3536 5245 Η.

1626 5345 1989 5403 VARIORUM
2023 5348 2252 5404 ΝΟΤᾸΞ.

343 5588 383 5644 c
414 5520 525 5591 (49)
551 5523 877 5589 Ἀτρεπτοι.
906 5521 964 5577 In
994 5524 1161 5580 altero
1180 5526 1462 5593 ἀνένδοτοι,
1481 5529 1670 5584 eodem
1701 5542 1885 5583 sensu.

390 5606 510 5644 ιειι.

390 5606 510 5646 LER.

348 5662 810 5794 στὲξθὶυῐίίάρτυς.
840 5662 988 5717 Alter
1019 5664 1141 5719 cod.
1174 5665 1283 5720 Kal.
1329 5666 1487 5719 πάλιν
1549 5668 1756 5739 μάρτυς
1801 5687 1889 5721 πι-

413 5801 525 5869 (5!)
563 5802 765 5873 Ἡθικὴ
794 5804 1160 5873 παραίνεσις.
1192 5800 1395 5860 Desunt
1446 5807 1502 5862 in
1552 5806 1719 5863 altero
1769 5809 1889 5865 cod.

1996 5526 2230 5622 Y‘indiob.
2261 5547 2490 5599 quorum
2545 5541 2769 5622 uterque
2801 5542 2924 5622 pgst
2963 5531 3154 5622 baud/tv
3178 5531 3377 5622 habent
3404 5553 3414 5586 :
3448 5536 3539 5622 6p-

1996 5599 2764 5742 ξῶιξτςοὲἆιμὲξριὲλοῖἑαν,
2795 5599 2935 5673 ᾠδὴν
2972 5599 3188 5672 ἐθνικὴν
3208 5640 3222 5663 ,
3253 5599 3542 5672 ὀνομασίαν

1997 5738 2204 5863 εοὲὕῖ)
2235 5738 2345 5794 Kal
2398 5738 2500 5807 ἑὰς
2548 5743 2986 5812 αἰσχρολογίας.
3041 5741 3243 5799 Desunt
3274 5743 3329 5798 in
3373 5744 3547 5802 altera
