4080 6266
556 367 664 426 855
1400 370 1458 431 S.
1496 366 1883 426 CLEMENTIS
1916 368 1936 424 l
1975 368 2139 427 ROM.
2182 368 2382 426 PONT.
2420 368 2649 427 OPERA
2682 368 2907 427 DUBIA.
3686 368 3794 426 856

554 493 779 545 atterunt
804 501 904 551 me,
935 494 985 539 et
1007 488 1321 555 juraverunt
1356 488 1409 540 in
1440 486 1520 541 his
1545 487 1633 557 qui
1665 503 1769 540 non
1805 495 1930 540 sunt
1964 484 2042 539 dii
2059 486 2101 517 ⁸ο

2200 539 2203 545 ,
2244 485 2604 556 Ἰσραηλιτῶν·
2642 504 2660 537 ι
2714 482 3092 554 Ἐγκατέλιπόν
3127 498 3215 555 με,
3245 481 3339 537 καὶ
3366 478 3577 552 ὤμνυον
3604 483 3661 534 ὲν
3688 485 3797 550 τοῖς

552 588 608 634 et
639 579 818 633 adhuc
844 599 856 632 :
882 577 1137 647 Auferam
1161 580 1375 633 nomina
1393 578 1655 633 idolorum
1675 593 1739 632 ea:
1757 594 1846 633 ore
1858 588 2036 632 earum
2055 578 2095 608 ⁶¹

2226 577 2325 630 οὐκ
2355 572 2476 630 οὖσι
2506 577 2663 641 θεοῖς.
2704 596 2723 629 ι
2747 578 2858 631 Καὶ
2880 576 3004 648 ἑξῆς
3205 594 3222 628 ι
3273 573 3482 647 Ἐξαρῶ
3508 574 3580 628 τὰ
3604 574 3800 646 ὀνόμα-

552 670 769 740 alioque
792 670 851 724 in
877 670 1001 725 loco
1038 690 1050 724 :
1089 668 1202 739 Ipsi
1230 670 1297 723 ad
1324 670 1493 724 zelum
1531 687 1610 723 me
1634 678 2042 738 prouocauerunt
2066 670 2101 722 i1

2223 687 2291 722 τα
2321 668 2429 723 τῶν
2457 669 2690 724 εἰδώλων
2728 670 2792 723 ὲκ
2823 669 2917 724 τοῦ
2958 670 3223 741 στόματος
3255 669 3456 726 αὐτῶν.
3498 687 3517 721 ι
3560 668 3672 723 Καὶ
3708 669 3799 724 ἀλ-

551 780 658 815 non
690 762 837 826 diis;
868 771 917 815 et
950 763 1293 816 irritaverant
1338 781 1416 816 me
1459 764 1511 816 in
1536 761 1694 815 idolis
1716 763 1828 815 suis
1850 763 1913 817 ⁶².
1945 761 2101 831 Atqut

2222 762 2404 833 λαχοῦ·
2440 782 2461 814 ‹
2500 763 2662 817 Αὐτοὶ
2690 761 3079 835 παρεζήλωσάν
3110 780 3176 834 με
3199 764 3282 815 ἐπ’
3303 762 3363 816 ού
3390 763 3551 825 θεοῖς,
3575 760 3798 835 παρώρ-
3884 788 3889 793 ι

550 854 607 906 in
639 853 896 908 omnibus
927 851 1229 923 Scripturis
1250 856 1437 909 eadem
1470 871 1497 907 a
1533 854 1762 908 Domino
1800 853 1911 910 Deo
1935 857 2121 926 prohi-

548 945 767 1001 bentur.

2220 856 2380 924 γισάν
2432 873 2498 927 με
2542 856 2599 909 ὲν
2644 856 2756 919 τοῖς
2800 853 3037 919 εἰδώλοις
3080 856 3277 910 αὐτῶν.
3320 873 3339 908 ι
3373 855 3484 909 Καὶ
3510 856 3568 908 ὲν
3595 854 3794 921 πάσαις

2216 948 2274 1002 δὲ
2299 952 2417 1013 ταῖς
2443 950 2685 1021 Γραφαῖς
2713 949 3084 1022 ἀπηγόρευται
3111 949 3284 1004 ταῦτα
3329 948 3434 1003 ὑπὸ
3464 949 3671 1021 Κυρίου
3697 948 3789 1003 τοῦ

1142 1123 1371 1180 CAPUT
1405 1124 1522 1182 XII.

550 1217 703 1283 Quod
741 1235 845 1271 non
904 1217 1058 1271 liceat
1103 1219 1424 1271 cantilenam
1450 1219 1709 1272 ethnicam
1739 1228 1831 1272 aut
1878 1221 2115 1272 meretri-

619 1290 756 1341 ciam
778 1305 963 1342 canere
998 1290 1061 1319 ⁶²⁹
1083 1303 1101 1350 ;
1126 1305 1285 1357 neque
1314 1305 1403 1357 per
1430 1289 1629 1341 idolum
1647 1290 1833 1358 jurare
1856 1305 1872 1341 :
1896 1291 2113 1358 impium

619 1359 759 1412 enim
789 1359 842 1411 id
864 1375 994 1424 esse,
1024 1369 1073 1412 et
1109 1361 1391 1429 cognitioni
1423 1360 1519 1413 Dei
1542 1375 1861 1430 repugnans.

617 1449 735 1504 Non
759 1452 934 1505 solum
960 1459 1141 1506 autem
1176 1451 1478 1521 Scriptura}
1496 1460 1686 1507 vetant
1709 1452 1777 1506 de
1802 1452 1992 1518 idolis;
2018 1453 2113 1507 sed

545 1554 600 1597 et
654 1545 722 1598 de
771 1544 1156 1608 luminaribus,
1217 1546 1333 1615 lege
1390 1546 1497 1599 lata
1532 1554 1725 1601 cavent
1772 1561 1840 1600 ne
1875 1546 1999 1615 quis
2027 1546 2113 1600 vel

541 1637 689 1705 juret
718 1652 814 1706 per
838 1652 921 1698 ea,
954 1638 1035 1690 vel
1066 1638 1201 1706 ipsis
1226 1637 1447 1692 serviat.
1482 1635 1678 1691 Dicunt
1704 1637 1847 1692 enim
1877 1652 1890 1689 :
1930 1635 2012 1691 Ne
2033 1638 2111 1691 vi-

541 1728 670 1781 dens
728 1727 890 1781 solem
949 1739 998 1782 et
1052 1729 1233 1781 lunam
1289 1740 1337 1781 et
1384 1728 1589 1790 stellas,
1635 1746 1813 1783 errore
1869 1729 2109 1798 deceptus

2220 1041 2373 1094 Θεοῦ.

2736 1133 3135 1189 ΚΕΦΑΛΑΙΟΝ
3163 1133 3263 1187 ΙΒ¹.

2221 1224 2348 1295 Ὅτι
2370 1227 2455 1295 μὴ
2495 1223 2737 1291 καθήκει
2777 1225 2940 1294 ᾠδὴν
2983 1224 3229 1293 ἐθνικὴν
3268 1222 3306 1293 ἢ

2286 1294 2473 1362 ᾅδειν,
2487 1297 2622 1349 οὔτε
2645 1296 3014 1367 ἐξόμνυσθαι
3032 1295 3279 1367 εἴδωλον·
3296 1295 3425 1367 (55)·
3445 1294 3660 1361 ἀσεϐὲς
3680 1294 3789 1365 γὰρ

2285 1367 2482 1429 τοῦτο,
2513 1367 2611 1419 καὶ
2641 1365 2753 1435 τῆς
2788 1365 2934 1420 Θεοῦ
2959 1365 3232 1435 γνώσεως
3258 1365 3491 1433 ἐχθρόν.

2284 1458 2359 1510 Οὐ
2390 1457 2547 1529 μόνον
2566 1458 2624 1511 δὲ
2654 1459 2781 1529 περὶ
2799 1456 3029 1512 εἰδώλων
3055 1458 3503 1530 ἀπαγορεύουσιν,
3534 1456 3670 1511 ἀλλά
3696 1460 3789 1513 καὶ

2215 1552 2343 1621 περὶ
2373 1552 2694 1623 φωστήρων,
2709 1552 3124 1623 νομοθετοῦντες
3145 1551 3486 1624 παραινοῦσι,
3519 1552 3657 1622 μήτε
3684 1553 3785 1621 ὀμ-

2212 1645 2357 1696 νύειν
2383 1643 2575 1710 ταῦτα,
2610 1646 2745 1716 μήτε
2777 1646 2882 1716 μὴν
2910 1645 3190 1716 λατρεύειν
3229 1645 3430 1708 αὐτοῖς.
3470 1644 3604 1697 Φασὶ
3652 1644 3781 1715 γάρ·

2218 1756 2235 1787 ι
2273 1736 2364 1806 Μὴ
2396 1734 2516 1789 ἰδὼν
2545 1735 2634 1788 τὸν
2662 1735 2811 1806 ἥλιον
2838 1739 2930 1791 καὶ
2956 1739 3057 1809 τὴν
3086 1738 3316 1809 σελήνην
3344 1737 3441 1791 καὶ
3470 1738 3598 1801 τοὺς
3626 1736 3787 1791 ἀστέ-

3356 1222 3649 1297 ξεορνικὴν
3677 1186 3791 1297 (54)

542 1818 729 1873 adores
750 1835 811 1872 ea
833 1819 900 1883 ‘3;
941 1829 992 1875 et
1031 1820 1159 1873 alibi
1187 1840 1198 1873 :
1224 1818 1392 1872 Juxta
1422 1820 1533 1874 vias
1561 1822 1791 1891 gentium
1823 1822 1982 1876 nolite
2004 1822 2101 1876 dis-

2219 1844 2336 1900 ρας,
2372 1826 2661 1898 πλανηθεὶς
2687 1832 3070 1904 προσκυνήσῃς
3098 1831 3301 1894 αὐτοῖς.
3332 1849 3351 1882 ι
3392 1831 3501 1885 Καὶ
3527 1829 3781 1900 ἀλλαχοῦ·

538 1927 689 1973 cere;
728 1920 776 1964 et
808 1929 840 1963 a
875 1912 1041 1981 signis
1084 1912 1201 1965 ειείὶ
1234 1913 1394 1966 nolite
1423 1923 1647 1968 metuere
1677 1912 1743 1967 °‘.
1784 1913 1919 1968 Nam
1960 1923 2105 1970 astra

538 2012 592 2057 et
623 2004 913 2057 luminaria
944 2003 1071 2057 data
1117 2017 1245 2059 sunt
1273 2004 1610 2067 hominibus,
1641 2012 1700 2059 ut
1727 2007 1968 2071 luceant,
1997 2022 2107 2061 non

539 2106 721 2150 autem
762 2104 822 2148 ut
856 2096 1109 2150 colantur
1142 2112 1163 2145 ιλ
1192 2093 1257 2122 ⁵⁸⁵·
1294 2099 1420 2153 licet
1450 2100 1711 2155 Israelita:
1746 2114 1956 2155 morum
1990 2115 2109 2170 pra-

535 2191 729 2253 vitate,
755 2197 1065 2243 creaturam
1101 2205 1201 2259 pro
1232 2189 1491 2247 Creatore
1530 2192 1913 2258 adoraverint;
1946 2208 2108 2247 mun—

538 2282 593 2336 di
624 2283 843 2351 quidem
884 2280 1267 2338 fabricatore")
1306 2284 1638 2339 contumelia
1672 2282 1988 2346 allicientes,
2022 2282 2106 2336 ia-

535 2377 706 2432 bricae
751 2392 879 2430 vero
932 2378 1220 2446 plusquam
1263 2377 1505 2447 oportuit
1532 2377 1894 2434 admiratione
1918 2376 2102 2446 capti:

537 2478 592 2523 et
622 2470 915 2538 aliquando
956 2469 1175 2538 quidem
1226 2469 1456 2523 vitulum
1503 2468 1785 2532 facientes,
1832 2476 1892 2522 ut
1937 2468 1995 2522 in
2019 2468 2109 2522 de-

538 2571 687 2617 serto
712 2563 755 2594 ⁶⁵
779 2580 793 2629 ;
813 2562 1107 2633 aliquando
1120 2576 1249 2616 vero
1270 2561 1565 2616 adorantes
1589 2560 2010 2632 Beelphegorem
2029 2560 2105 2628 “;

537 2657 676 2711 alias
729 2663 907 2710 autem
963 2655 1176 2709 Baalem
1207 2656 1274 2718 ⁸⁷,
1303 2662 1357 2709 et
1381 2654 1776 2708 Thammuzum
1802 2697 1817 2719 ,
1858 2664 1912 2708 et
1942 2651 2105 2709 Sido-

535 2749 686 2817 niam
710 2748 970 2803 Astarten
992 2748 1058 2811 “,
1092 2762 1398 2817 rursusque
1426 2744 1734 2801 Molochum
1770 2760 1834 2799 ac
1875 2745 2107 2800 Chamo-

532 2816 691 2909 gum;
727 2850 782 2895 et
812 2840 1085 2895 interdum
1124 2816 1315 2902 solem,
1347 2845 1409 2892 ut
1430 2838 1573 2909 apud
1608 2837 1945 2893 Ezechielem
1969 2837 2108 2893 scri-

535 2945 689 3006 ptum
717 2942 803 2990 est
823 2935 868 2966 δ’
901 2954 912 2989 :
940 2936 1275 3003 insuperque
1302 2931 1562 2988 animalia
1584 2930 1816 2986 rationis
1834 2928 2103 3000 expertia,

536 3038 598 3082 ut
628 3026 773 3099 apud
803 3025 1068 3099 Egyptos
1097 3026 1278 3094 Apim,
1310 3032 1475 3090 atque
1499 3023 1710 3077 hircum
1736 3020 2103 3089 Mendesium;

532 3125 666 3178 item
720 3122 852 3176 deos
892 3126 1180 3190 argenteos
1235 3124 1397 3184 atque
1442 3128 1660 3178 aureos,
1704 3120 1764 3165 ut
1811 3110 1865 3166 in
1894 3109 2100 3166 Judzea.

2214 1940 2234 1973 ‹
2270 1920 2424 1975 Κατά
2450 1919 2547 1984 τὰς
2573 1921 2725 1986 ὁδοὺς
2751 1922 2857 1975 τῶν
2888 1923 3056 1978 ἐθνῶν
3088 1924 3162 1996 μὴ
3196 1924 3494 1995 μανθάνετε
3517 1922 3648 1994 (56),
3687 1922 3787 1977 καὶ

2211 2018 2319 2073 ἀπὸ
2340 2018 2449 2071 τῶν
2472 2018 2715 2089 σημείων
2749 2018 2843 2072 τοῦ
2866 2020 3095 2091 ούρανοῦ
3115 2020 3189 2091 μὴ
3228 2020 3496 2089 φοϐεῖσθε.
3519 2039 3537 2073 ι
3558 2020 3639 2075 Τά
3669 2022 3780 2093 γὰρ

2207 2112 2386 2183 ἄστρα
2400 2113 2494 2166 καὶ
2512 2114 2560 2166 οι
2579 2113 2861 2183 φωστῆρες
2880 2114 2958 2176 είς
2978 2114 3173 2183 φαῦσιν
3189 2112 3511 2184 ἀνθρώποις,
3539 2114 3654 2167 ἀλλ’
3677 2115 3779 2169 οὐκ

2204 2204 2285 2266 είς
2301 2203 2664 2275 προσκύνησιν
2695 2203 2968 2275 ἐδόθησαν·
2988 2208 3035 2259 εί
3051 2207 3143 2260 καὶ
3159 2207 3207 2258 οι
3233 2204 3555 2278 Ἰσραηλῖται
3574 2206 3782 2277 μοχθη-

2208 2292 2298 2364 ρίᾳ
2312 2293 2511 2364 τρόπου
2542 2294 2906 2365 προσεκύνουν
2925 2296 3044 2349 ἀντὶ
3074 2295 3168 2349 τοῦ
3191 2295 3419 2350 Κτίστου
3441 2296 3540 2368 τὴν
3567 2296 3775 2350 κτίσιν·

2202 2384 2295 2437 τὸν
2312 2385 2409 2454 μὲν
2424 2384 2746 2456 δημιουργὸν
2762 2385 3205 2457 καθυϐρίσαντες,
3217 2385 3315 2456 τὴν
3328 2385 3384 2438 δὲ
3401 2385 3575 2438 κτίσιν
3588 2384 3781 2439 πλεῖον

2201 2474 2236 2545 ἢ
2259 2474 2340 2527 δεῖ
2366 2474 2760 2546 θαυμάσαντες·
2791 2476 2885 2529 καὶ
2906 2476 3037 2529 ποτὲ
3070 2474 3167 2546 μὲν
3193 2474 3670 2545 μοσχοποιοῦντες,
3697 2475 3782 2539 ὡς

2210 2567 2269 2619 ὲν
2287 2567 2382 2637 ὲρή
2392 2582 2496 2637 μῳ·
2516 2567 2645 2623 ποτὲ
2671 2567 2726 2622 δὲ
2749 2569 2841 2622 τὸν
2856 2562 3173 2638 Βεελφὲγὼρ
3192 2565 3617 2637 προσκυνοῦντες
3631 2582 3645 2596 ·
3671 2566 3781 2620 ἀλ-

2202 2659 2320 2711 λοτε
2345 2658 2401 2711 δὲ
2425 2658 2516 2712 τὸν
2532 2659 2698 2725 Βαὰλ,
2716 2659 2811 2714 καὶ
2838 2661 2929 2714 τὸν
2958 2659 3238 2729 Θαμμοὺς,
3260 2658 3351 2710 καὶ
3377 2657 3474 2728 τὴν
3508 2656 3781 2713 Σιδωνίαν

2201 2751 2525 2821 Ἀστάρτην,
2544 2752 2635 2806 καὶ
2654 2751 2811 2805 πάλιν
2828 2750 2918 2805 τόν
2933 2748 3131 2819 Μολόχ,
3146 2748 3239 2803 καὶ
3254 2746 3462 2817 Χαμδς,
3475 2747 3565 2799 xa't
3575 2746 3777 2801 ἄλλοτε

2199 2841 2293 2896 τὸν
2308 2842 2475 2912 ήλιον,
2487 2842 2562 2906 ὡς
2578 2859 2653 2896 πα
2661 2843 2727 2913 ρά
2745 2841 2822 2912 τῷ
2849 2841 3106 2913 Ἰεζεκιὴλ
3122 2839 3431 2911 γέγραπται
3458 2837 3591 2908 (57).
3625 2837 3779 2909 Ἤδη

2199 2931 2256 2985 δὲ
2278 2933 2371 2987 καὶ
2400 2933 2566 3003 ἄλογα
2591 2932 2725 2997 ζῶα,
2759 2933 2836 2997 ὡς
2850 2934 2977 3005 παρ’
2999 2930 3315 3000 Αἰγυπτίοις
3336 2929 3426 2983 τὸν
3444 2930 3632 2992 Ἆπιν,
3676 2927 3783 2983 καὶ

2199 3021 2292 3077 τὸν
2313 3023 2608 3094 Μενδήσιον
2634 3024 2855 3095 τράγον,
2889 3023 2981 3077 καὶ
3013 3023 3179 3087 Θεοὺς
3208 3021 3481 3095 ἀργυροῦς
3511 3021 3603 3074 καὶ
3630 3039 3780 3095 χρυ-

2203 3112 2434 3178 σοῦς,ὠς
2448 3115 2507 3169 ὲν
2540 3115 2787 3186 Ἰουδαίᾳ.
2819 3117 2897 3168 Δι’
2917 3114 3057 3187 άπερ
3090 3114 3300 3169 ἅπαντα
3323 3112 3557 3167 ἀπειλῶν
3580 3113 3784 3178 αὐτοῖς

533 3216 766 3283 Propter
805 3227 925 3282 qua:
970 3209 1153 3264 orimia
1183 3209 1446 3263 minitans
1483 3207 1564 3261 eis
1596 3204 1860 3260 Dominus
1889 3205 1966 3259 ait
2006 3221 2101 3276 per

2201 3204 2353 3275 ελεγε
2375 3206 2464 3261 διὰ
2494 3206 2588 3261 τοῦ
2622 3207 2919 3277 προφήτου·
2944 3225 2963 3258 ι
2992 3204 3084 3278 Μὴ
3121 3205 3315 3278 μικρὸν
3339 3204 3496 3258 τοῦτο
3525 3203 3603 3274 τῷ
3635 3207 3783 3277 οἴκῳ

531 3306 893 3376 prophetam:
934 3298 1190 3370 Nunquid
1224 3315 1413 3368 parum
1463 3308 1541 3352 est
1571 3298 1665 3351 hoc
1701 3297 1881 3352 domui
1920 3296 2099 3365 ludas,

535 3398 715 3466 facere
761 3394 1179 3449 abominationes
1221 3393 1378 3455 istas,
1408 3408 1539 3462 quas
1564 3390 1797 3460 fecerunt
1820 3408 1840 3454 ;
1866 3392 1991 3461 quia
2017 3407 2102 3446 re—

531 3488 798 3556 pleverunt
824 3496 1016 3539 terram
1044 3485 1344 3555 iniquitate,
1363 3493 1419 3536 ut
1453 3484 1725 3536 irritarent
1748 3485 1870 3538 me?
1892 3481 1959 3537 Et
1987 3500 2103 3539 ecce

532 3581 637 3648 ipsi
677 3588 797 3632 sunt
831 3579 984 3648 quasi
1032 3576 1439 3631 subsannantes.
1491 3574 1559 3628 Et
1604 3592 1697 3646 ego
1740 3575 1937 3644 faciam
1982 3593 2101 3631 cum

533 3672 753 3739 furore;
781 3688 885 3725 non
928 3680 1104 3739 parcet
1155 3669 1337 3722 oculus
1363 3686 1528 3732 meus,
1567 3685 1728 3738 neque
1775 3669 2098 3725 miserebor:

530 3774 584 3817 et
632 3764 935 3819 clamabunt
965 3764 1022 3816 in
1052 3762 1270 3816 auribus
1314 3763 1441 3816 meis
1493 3778 1612 3815 voce
1654 3778 1847 3832 magna
1871 3803 1886 3826 ,
1918 3771 1967 3821 et
1995 3779 2099 3816 non

531 3860 817 3913 exaudiam
847 3874 934 3911 eos
961 3858 1028 3910 ⁷ο.
1068 3854 1276 3919 Videte,
1305 3854 1617 3910 charissimi
1640 3895 1655 3919 ,
1685 3863 1889 3925 quanta
1913 3854 2103 3910 adver-

532 3968 631 4007 sus
669 3952 1070 4014 idololatras,et
1089 3949 1222 4004 solis
1257 3963 1321 4002 ac
1345 3949 1487 4003 lunae
1514 3948 1755 4004 cultores
1783 3949 2099 4018 pronuntiet

533 4044 818 4099 Dominus.
868 4044 1048 4110 Quare
1102 4050 1318 4112 oportet
1367 4040 1461 4096 Dei
1493 4041 1790 4105 hominem,
1837 4048 2096 4111 tanquam

528 4136 929 4201 ChriStianum,
982 4152 1157 4206 neque
1203 4136 1389 4205 jurare
1433 4149 1532 4204 per
1561 4133 1728 4188 solem
1748 4174 1763 4197 ,
1794 4149 1970 4203 neque
1999 4148 2098 4204 per

2214 3296 2404 3363 Ἰούδα,
2422 3298 2512 3352 τοῦ
2530 3301 2700 3355 ποιεῖν
2717 3298 3060 3370 βδελύγματα
3091 3297 3279 3362 ταῦτα,
3302 3298 3338 3352 ἀ
3374 3296 3663 3368 ἐποίησαν,
3688 3299 3783 3351 ὅτι

2200 3378 2437 3462 ἔπλησαν
2458 3390 2555 3461 τήν
2576 3391 2677 3460 γῆν
2699 3392 2946 3462 ἀνομίας,
2963 3390 3055 3445 τοῦ
3075 3389 3402 3461 παροργίσαι
3422 3406 3518 3459 ps;
3539 3389 3642 3443 καὶ
3662 3390 3784 3444 ἰδοὺ

2197 3481 2348 3535 αὐτοι
2382 3483 2518 3536 εἰσιν
2549 3483 2624 3546 ὼς
2648 3483 3088 3555 μυκτηρίζοντες.
3124 3483 3231 3536 Καὶ
3252 3480 3360 3549 ἐγὼ
3387 3482 3596 3551 ποιήσω
3630 3480 3785 3551 μετά

2197 3569 2392 3642 θυμοῦ,
2411 3571 2472 3624 οὐ
2496 3571 2735 3641 φείσεται
2755 3574 2783 3626 ό
2800 3571 3073 3643 ὀφθαλμός
3090 3588 3211 3642 μου,
3229 3570 3335 3624 οὐδ’
3356 3569 3416 3622 ού
3438 3570 3510 3639 μή
3526 3568 3781 3641 ὲλεήσω·

2198 3661 2294 3715 καὶ
2316 3660 2671 3732 κεκράξονται
2704 3665 2762 3717 ὲν
2793 3666 2905 3727 τοῖς
2930 3664 3031 3718 ὠσί
3067 3681 3167 3735 μου
3207 3664 3356 3733 φωνῇ
3395 3660 3604 3734 μεγάλῃ
3626 3701 3644 3726 ,
3676 3661 3786 3716 καὶ

2196 3751 2296 3805 οὐκ
2343 3751 2951 3823 είσακούσομαιαύτῶν.
2991 3772 3012 3808 ι
3072 3754 3289 3824 Ὁρᾶτε,
3321 3752 3628 3822 ἀγαπητοὶ,
3672 3753 3786 3807 ὅσα

2200 3842 2344 3895 κατὰ
2368 3843 2478 3897 τῶν
2504 3843 2916 3914 είδωλολατρῶν,
2960 3844 3056 3898 καὶ
3100 3843 3207 3897 τῶν
3258 3841 3559 3913 σεόομένων
3614 3844 3788 3915 ἥλιον

2203 3934 2299 3987 καὶ
2353 3934 2578 4005 σελήνην
2629 3935 2985 4004 ἀποφαίνεται
3032 3939 3061 3990 ὁ
3118 3935 3338 4009 Κύριος.
3398 3934 3488 3987 Διὸ
3532 3935 3649 4009 χρὴ
3682 3936 3790 3990 τὸν

2198 4023 2295 4077 τοῦ
2337 4024 2469 4078 Θεοῦ
2536 4025 2851 4097 ἄνθρωπον,
2902 4025 2976 4089 ὡς
3024 4026 3371 4098 Χριστιανὸν,
3419 4026 3556 4096 μήτε
3613 4025 3789 4098 ἦλιον

2210 4115 2437 4186 ὀμνύναι
2486 4116 2631 4188 (58),
2687 4119 2822 4190 μήτε
2870 4119 3126 4192 σελήνην,
3176 4119 3310 4190 μήτε
3362 4116 3573 4188 ἄστρα,
3631 4119 3789 4191 μήτε

605 4278 648 4308 ⁸ο
678 4274 790 4330 Jer.
841 4292 895 4338 ν,
952 4275 1001 4327 7.
1080 4274 1119 4304 ⁶¹
1152 4268 1583 4343 Ζιιιιὶιηιιιιιηῖ.⁸
1635 4271 1680 4300 ⁸²
1716 4270 2082 4343 Βρυῑρ-γχιιιι,

2200 4286 2231 4330 L.
2320 4253 2393 4305 ⁴¹²ί
2420 4272 2543 4328 llaec
2574 4272 2639 4328 ad
2670 4288 2789 4343 cap.
2828 4280 3169 4341 inspectant.
3216 4268 3481 4343 fﬂDeut.
3535 4285 3622 4333 ιν,
3690 4271 3795 4328 19.

534 4352 579 4381 ⁸⁵
636 4345 747 4401 Jer.
804 4363 857 4407 ι,
913 4346 969 4398 2.

1059 4344 1125 4374 ιδ’
1194 4342 1405 4396 Laudat
1476 4339 1777 4395 Cedrenus.
1848 4340 2228 4398 VideTestim.
2286 4352 2395 4397 vet.

2492 4345 2537 4375 ⁶⁵
2585 4339 2754 4398 Exod:
2821 4339 3006 4408 xxxii,
3056 4344 3111 4397 4.
3209 4341 3254 4373 ⁸⁸
3292 4339 3449 4394 Νυιιι.
3529 4356 3677 4410 xxv,
3730 4343 3793 4398 3.

533 4419 577 4450 ⁸⁷
608 4416 785 4471 Judic.
820 4432 883 4480 ιι,
936 4416 1022 4469 15.
1095 4413 1138 4445 ⁸⁸
1176 4411 1240 4466 lll
1272 4409 1401 4481 Reg.
1438 4427 1513 4475 xl,
1546 4412 1598 4465 5.
1676 4410 1719 4443 "
1753 4410 1948 4466 Ezech.
1986 4428 2101 4475 vm,

2200 4413 2232 4467 ι.
2308 4415 2355 4447 ⁷ο
2398 4414 2590 4468 Ezech.
2621 4431 2739 4480 vm,
2777 4414 2860 4467 17.

1833 4546 2198 4604 VARIORUM
2232 4548 2461 4605 NOTIE.

603 4682 718 4760 (53)
748 4681 858 4760 Kal
878 4680 1047 4760 ἑξῆς.
1082 4680 1253 4760 Ambo
1298 4680 1465 4760 codd._
1491 4681 1725 4738 Vindob.
1768 4685 1879 4760 aut]:
1910 4684 2090 4749 πάλιν,

2200 4686 2265 4760 de
2292 4662 2621 4760 specialibus
2638 4686 2861 4760 legibus
2900 4702 3006 4760 non
3035 4692 3333 4760 assegutus‘
3354 4692 3439 4760 est
3461 4684 3793 4760 interpres.

530 4763 592 4805 nt
617 4752 777 4824 hahet
806 4759 859 4806 et
878 4752 1067 4806 Latina
1102 4753 1303 4814 versio,
1334 4754 1540 4809 rectius
1579 4769 1743 4822 quam
1790 4753 1934 4824 ἑξῆς,
1982 4771 2090 4824 quo

531 4822 872 4947 signiﬁcatur
898 4832 945 4875 et
976 4831 1188 4887 cwlera,
1220 4838 1342 4876 cum
1372 4824 1537 4878 etiam
1566 4824 1704 4879 alter
1725 4822 1881 4881 locus
1908 4822 2089 4896 profe-

532 4905 706 4947 ratur.
786 4907 907 4947 ιειι.

532 4905 706 4948 ratur.
740 4905 907 4948 ULER.

625 4963 714 5029 54)
754 4963 830 5016 ’Ἡ
854 4962 1165 5029 πορνικήν.
1202 4962 1360 5017 Deest
1391 4963 1444 5017 in
1472 4964 1644 5019 altero
1677 4962 1835 5019 Vind.
1870 4964 1944 5019 In.

625 4973 692 5016 54
756 4973 826 5016 "ﬂ
854 4973 1165 5029 πορνικην.
1202 4973 1360 5017 Deest
1391 4973 1444 5017 in
1472 4973 1644 5019 altero
1677 4973 1835 5019 Vind.
1870 4973 1944 5019 ID.

601 4973 714 5103 >55;
736 5031 1020 5103 Εἴδωλον.
1047 5030 1174 5103 Post
1223 5034 1364 5086 hanc
1406 5050 1590 5089 vocem
1630 5035 1766 5087 alter
1795 5037 1963 5089 codex
1993 5037 2088 5089 ad-

529 5102 617 5156 dit
630 5123 657 5176 τΔ
689 5102 811 5155 οὔτε
849 5103 1074 5176 οίωνρῖς,
1173 5103 1442 5176 κληδόσιν,
1473 5104 1506 5174 ἢ
1538 5105 1789 5176 παλμοῖς,
1833 5106 1867 5175 ἢ
1912 5123 2089 5176 παρα-

526 5174 821 5246 τηρήσεσιν
857 5162 1177 5246 ξιουδαῖκαῖς
1204 5162 1579 5246 προσανέχειν.
1615 5162 1720 5230 sed
1751 5162 1915 5229 triu'm
1942 5162 2090 5246 prio-

528 5242 665 5297 rum
680 5244 827 5296 nulla
857 5242 946 5296 hic
976 5244 1198 5297 mentio.
1231 5242 1306 5298 lo.

599 5314 711 5385 (56)
752 5312 1117 5385 Martidrete.
1177 5312 1415 5385 Uterque
1470 5316 1590 5371 cod.
1656 5314 1847 5380 addit.,
1886 5316 2085 5385 πορεύ-

528 5382 703 5445 εσθαι,
727 5382 914 5453 discite
942 5384 1197 5448 incedere,
1228 5382 1373 5453 quod
1405 5394 1459 5440 et
1486 5402 1612 5441 vere
1632 5385 1837 5441 deerat.
1872 5386 1950 5441 In.

622 5453 711 5525 57)
742 5452 821 5505 Γέ
896 5470 1094 5507 arctat.
1118 5453 1176 5507 ln
1202 5452 1433 5527 utroque
1466 5456 1783 5528 ἐμφέρεται.
1814 5457 1890 5511 lo.

599 5456 712 5592 E58)
744 5471 905 5588 Mra;
934 5524 1109 5590 ἥλιον
1129 5526 1637 5592 όμνύναι,θιο.Ρθι·
1669 5528 1889 5590 caelum,

586 5524 712 5601 .(58)
744 5524 905 5588 Μήτε
934 5524 1109 5590 ἥλιον
1129 5524 1516 5592 όμνύνιὶι,οιοζ
1534 5524 1637 5581 Per
1669 5528 1889 5590 caelum,
1921 5529 2086 5583 cmle-

530 5602 908 5667 stia,_terram,
924 5605 1149 5667 caeteras
1171 5605 1476 5667 creaturas,
1495 5613 1698 5667 perque
1727 5607 1890 5666 caput
1924 5615 2083 5653 suum

532 5663 925 5716 :nutcharorum
943 5664 1130 5732 jurare
1155 5663 1745 5731 solitiJudzei,—ethhici,
1767 5663 2083 5724 Christiani.

529 5732 659 5807 Quae
705 5732 1018 5807 jus-amenta
1063 5742 1349 5807 utramque
1400 5738 1660 5791 librorum
1703 5740 1953 5807 paginam
1986 5740 2087 5792 im-

534 5803 697 5869 plent.
724 5799 965 5856 Philonis
993 5803 1161 5856 Judaei
1194 5799 1490 5875 elegantem
1518 5799 1878 5863 locum'initio
1906 5808 2087 5878 operis

2212 4754 2647 4832 ’ᾼναγέγραπταί
2672 4754 2755 4832 τῖς
2775 4757 2973 4832 (inquit
3001 4757 3136 4832 alter
3164 4754 3341 4832 Plato)
3370 4757 3564 4832 évaoi’c
3586 4754 3800 4832 νόμοις

2191 4826 2303 4884 τῶν
2327 4825 2626 4896 ἀρχίγενῶν
2669 4829 2763 4880 καὶ
2786 4825 3382 4897 ’ὲπὶρσοφίᾳ-μάλιστα
3421 4825 3799 4896 θαυμασθένρ

2188 4914 2317 4971 των,
2347 4895 2513 4971 ὀμνὺς
2553 4897 2703 4971 κατάΔ
2741 4897 2834 4949 τοῦ
2863 4896 3026 4971 φόϐου
3052 4895 3411 4971 regem“,
3445 4895 3601 4971 ὑπὲρ
3638 4902 3800 4971 ὠφε-

2191 4966 2339 5029 λείας
2366 4962 2518 5037 ctua:
2546 4967 2651 5019 τῶν
2679 4962 2904 5038 ἔπειτα,
2937 4968 3031 5020 καὶ
3070 4962 3664 5038 διδαχῆξάναγκαίὰς,
3703 4962 3799 5030 ἳνα.

2190 5038 2317 5099 τοὺς
2344 5039 2520 5104 γονεῖς
2548 5038 2606 5090 ὃν
2650 5037 2766 5158 χρή
2797 5038 2997 5158 ⁸ἓρόττεον
3040 5037 3281 5126 τιμῶσι,
3324 5037 3669 5109 στέργοντες
3712 5046 3799 5109 ὡς

2192 5106 2502 5158 εὐεργέτας.
2535 5108 2629 5158 καὶ
2673 5108 2732 5158 εύ
2768 5124 2801 5158 α
2838 5108 3055 5158 ούιιενοι
3081 5124 3156 5158 ωε
3185 5107 3289 5158 ὑπὸ
3332 5107 3554 5158 φύσεως
3607 5130 3799 5158 κατα..

2192 5106 2502 5177 εὐεργέτας,
2535 5108 2629 5161 καὶ
2652 5106 3055 5177 εὐλαϐούμενοι
3081 5106 3156 5170 ὡς
3185 5107 3289 5161 ὑπὸ
3332 5106 3554 5177 φύσεως
3607 5106 3800 5167 καταζ

2190 5176 2999 5259 στιαιζθένταχςᾷρχοντας,καὶμὴ
3257 5176 3623 5259 ἐπιχειρῶσιν
3667 5185 3792 5237 ὀνο-

2193 5245 2387 5316 μάζειν
2416 5245 2663 5311 eaeam
2692 5256 2884 5303 caetera
2912 5245 2937 5301 ε’
2956 5245 3010 5301 in
3033 5245 3241 5315 quibus
3281 5245 3552 5319 permittit
3577 5251 3794 5319 jurare

2188 5331 2285 5385 per
2312 5324 2535 5382 terram,
2567 5319 2757 5382 solem,
2777 5327 2948 5382 astra,
2982 5319 3181 5372 caelum
3211 5327 3265 5374 et
3289 5317 3594 5376 mundum.
3619 5321 3793 5379 νει·ιί

2190 5387 2412 5441 debuit:
2446 5386 2511 5439 In
2550 5388 2749 5457 legibus
2787 5388 3060 5458 (Geneseos
3099 5405 3251 5451 xxxx,
3283 5388 3408 5457 53),
3441 5390 3686 5457 quidam
3722 5411 3795 5447 ea:

2188 5458 2373 5530 priscis
2401 5458 2532 5530 illis.
2564 5475 2886 5530 quorumque
2913 5461 3172 5530 sapientia
3197 5459 3486 5512 maximam
3519 5461 3795 5520 admira-

2190 5529 2382 5582 tionem
2412 5527 2555 5591 fecit,
2600 5527 2939 5596 perscribitur
2962 5527 3141 5599 iurare
3169 5545 3260 5598 per
3308 5530 3560 5583 timorem
3599 5539 3793 5600 patris

2186 5600 2311 5653 sui:
2338 5615 2449 5674 pro_
2482 5600 2714 5674 utilitate
2756 5600 2986 5671 (opinor)
3049 5611 3411 5674 posterorum,
3443 5611 3495 5652 et
3553 5617 3795 5674 propter

2192 5670 2540 5723 necessarium
2573 5668 2985 5746 documentum,
3018 5681 3075 5746 ut
3102 5670 3336 5723 homines
3371 5668 3757 5746 honorent-pa
3778 5708 3793 5719 ς

2192 5748 2360 5813 rentes
2390 5754 2509 5793 suos
2535 5756 2593 5793 eo
2619 5756 2719 5807 quo
2762 5744 2905 5794 decet
2954 5740 3106 5813 modo
3130 5780 3145 5804 ,
3190 5750 3362 5794 ament
3384 5756 3471 5792 eos
3504 5740 3792 5813 tauquam

2192 5807 2468 5876 beneﬁcos,
2508 5827 2570 5864 ac
2602 5821 2931 5864 rerereantur
2974 5810 3111 5864 velut
3150 5828 3181 5865 α
3213 5821 3404 5865 natura
3432 5807 3793 5876 constitutos
