2032 3132
134 139 231 182 ἀπ

639 150 941 180 CONS’I‘ITUTIONES
956 148 1296 177 APOSTOLICE.-——LIB.
1314 147 1348 175 γ.

1755 150 1805 180 874

176 217 257 246 μενος
273 209 320 236 καὶ
334 209 413 235 αὑτὸν
426 208 601 244 σωφρονίσαι,
619 209 665 235 καὶ
675 210 748 244 ἡμᾶς
757 209 899 235 παιδεῦσαι
911 209 955 243 (79

1018 207 1150 235 Dominus
1165 215 1226 234 eum
1244 207 1392 242 corrigere,
1408 210 1435 234 et
1448 214 1498 234 nos
1513 208 1713 242 pnescientiam
1728 216 1805 236 suam

174 256 223 291 τὴν
239 255 395 290 πρόγνωσιν
412 254 504 286 αὑτοῦ,
522 255 614 289 λέγει’
635 264 644 280 ‹
665 255 766 290 Ἀμὴν,
795 255 868 289 ἀμὴν
898 254 969 288 λέγω

175 302 250 336 ὑμῖν,
267 297 355 332 ὃτιείς
376 299 406 332 ἐξ
417 300 494 336 ὑμῶν
510 299 668 336 παραδώσει
686 309 720 336 με
731 309 737 316 ·
759 310 768 326 3
797 301 844 327 καὶ
853 301 968 328 ἑκάστου

174 347 253 382 ήμῶν
268 346 408 380 λέγοντος·
427 356 436 371 ι
451 347 523 382 Μήτι
539 346 610 381 ἐγώ,
629 357 637 373 ι
658 347 705 374 καὶ
715 347 762 373 τοῦ
778 346 881 382 Κυρίου
904 355 967 373 σιω-

174 393 290 424 πῶντος,
307 393 428 424 ἀναστὰς
442 393 507 427 ἐγὼ,
525 390 565 424 εἷς
576 394 608 419 ὲκ
623 393 677 420 τῶν
698 393 803 420 δώδεκα
814 413 822 425 ,
839 392 967 428 φιλούμε-

173 448 218 471 νος
234 439 326 465 πλεῖον
345 439 400 465 τῶν
421 439 507 466 ἄλλων
531 439 575 465 ὑπ’
587 439 686 471 αὑτοῦ,
706 439 948 474 ὲνστερνισάμενος
959 458 965 468 ,

174 485 254 511 αὑτὸν
275 484 331 520 (75)
353 484 472 511 ἱκέτευον
496 485 581 511 εἰπεῖν
597 485 638 516 τίς
653 484 686 511 ἂν
703 485 745 520 εἴη
765 486 779 511 ὁ
797 485 966 520 παραδώσων

173 531 268 557 αὐτόν·
286 531 333 557 καὶ
346 530 399 556 οὐδ’
415 530 501 562 οὓτως
519 531 586 565 ἡμῖν
609 531 719 566 εῐρηκεν
740 530 822 557 αὑτοῦ
836 530 867 556 τὸ
881 530 966 566 ὄνομα

173 578 187 603 ό
201 577 302 611 ἀγαθὸς
318 576 420 611 Κύριος
428 584 434 591 ·
454 576 520 602 ἀλλὰ
530 576 577 602 δύο
588 578 688 611 σημεῖα
699 576 746 602 τοῦ
760 576 890 612 προδότου
899 576 965 603 ἔδω-

173 631 234 650 κεν·
256 622 286 648 ἓν
297 622 357 657 μὲν,
372 622 470 648 εἰπών·
491 631 500 647 ι
521 622 549 648 '0
564 622 772 657 ἐμϐαπτόμενος
786 623 844 657 μετ’
859 622 926 657 ἐμοῦ
937 623 966 648 ὲν

172 669 211 704 τῷ
222 667 340 704 τρυϐλίῳ
353 676 359 682 ·
376 677 386 693 3
403 667 527 703 δεύτερον
543 667 571 693 δέ
584 676 591 682 ·
612 677 621 693 ‹
635 665 670 703 ⁷ῼ
686 667 741 701 ἐγὼ
760 667 848 702 βάψας
862 668 892 694 τὸ
908 668 965 702 ψω-

172 714 232 750 μίον
243 714 366 740 ἐπιδώσω
379 722 386 728 ·
406 723 414 739 3
441 713 486 740 καί
501 722 540 740 τοι
558 713 684 740 κάκείνου
702 713 825 748 λέγοντος
837 722 843 729 δ
870 724 878 740 ι
892 715 964 749 Μήτι

172 760 227 795 ἐγώ
241 761 308 795 εἰμι,
324 759 437 793 Ῥαϐϐί;
453 769 461 785 3
495 760 544 786 οὐκ
559 758 635 786 εἶπεν
657 760 672 785 ὁ
695 761 796 795 Κύριος
822 760 877 795 (74η)
892 779 899 792 ,
923 761 963 786 ὃτι

174 815 183 832 ι
197 807 260 838 Ναί,
277 816 285 831 3
303 806 358 833 ἀλλ’
373 807 414 833 ὅτι
433 816 441 831 ι
456 806 491 832 Σὺ
507 804 600 837 εἶπας·
613 816 622 832 3
635 807 682 833 καὶ
697 806 813 841 φοϐῆσαι
828 806 908 832 αὑτὸν
918 806 963 832 ἐπὶ

171 852 257 887 τούτῳ
267 852 416 887 βουληθεὶς,
429 852 510 887 φησίν
523 860 529 867 ·
550 862 559 877 ι
574 852 640 878 Οὐαὶ
651 851 690 886 τῷ
705 851 841 887 ἀνθρώπῳ
855 852 961 887 ἐκείνῳ,

1019 254 1129 286 docere,
1145 253 1232 280 dixit:
1252 263 1261 278 ι
1273 253 1372 286 Amen,
1387 260 1466 280 amen
1481 253 1544 282 dico
1559 255 1648 286 vobis.
1662 255 1725 290 quia
1735 264 1806 283 unus

1019 307 1053 327 ex
1061 300 1140 328 vobis
1148 299 1237 327 tradet
1250 307 1293 327 me
1302 309 1307 324 :
1316 309 1325 325 3
1336 304 1362 326 et
1373 307 1539 335 unoquoque
1545 305 1671 328 nostrum
1680 301 1804 329 dicente:

1022 346 1163 382 :Nunquid
1179 346 1249 381 ego?
1267 356 1276 372 3
1292 354 1324 373 ac
1337 346 1452 373 Domino
1474 351 1597 377 tacente:
1615 356 1730 383 surgens
1742 356 1804 383 ego,

1019 401 1090 420 unus
1107 400 1139 420 ex
1158 392 1315 424 duodecim,
1331 400 1412 427 quem
1427 393 1489 427 plus
1514 394 1621 420 ceteris
1648 394 1803 425 adamabat,

1017 442 1044 466 et
1055 439 1218 466 incumbens
1243 439 1270 465 in
1289 443 1385 474 pectus
1401 439 1479 473 ejus,
1500 440 1613 466 orabam
1637 444 1666 466 ut
1681 440 1803 470 diceret.

1017 487 1080 520 quis
1095 489 1181 517 esset,
1194 485 1240 520 qui
1267 493 1327 512 eum
1341 489 1401 512 erat
1416 486 1585 516 traditurus;
1601 489 1629 512 et
1656 494 1744 520 neque
1765 487 1804 513 sic

1017 540 1115 559 nomen
1128 531 1200 559 illius
1217 531 1297 558 nobis
1309 532 1416 566 aperuit
1428 531 1515 558 bonus
1524 531 1672 565 Dominus;
1688 532 1734 559 sed
1750 532 1805 559 duo

1017 577 1094 613 signa
1109 578 1256 612 proditoris
1268 577 1352 610 dedit;
1366 586 1450 604 unum
1461 578 1722 613 quidem,diceudo:
1736 578 1803 611 «Qui

1016 623 1127 658 intingit
1140 631 1244 650 mecum
1257 623 1283 650 in
1300 624 1403 657 catino;
1420 633 1429 649 3
1444 624 1558 651 alterum
1577 632 1652 656 vero,
1670 625 1801 653 dicendo:

1018 669 1082 696 «Cui
1094 677 1144 704 ego
1152 669 1264 696 tinctam
1277 669 1407 696 bucceam
1420 678 1569 705 porrexero
1579 680 1602 699 :3
1619 671 1673 698 imo
1684 671 1754 699 Juda
1766 673 1805 700 in-

1015 719 1187 750 terrogante:
1207 724 1216 740 ι
1231 714 1358 750 Nunquid
1370 723 1419 751 ego
1438 724 1508 749 sum,
1527 716 1626 744 Rabbi?
1642 727 1650 744 3
1678 726 1734 745 non
1758 727 1804 746 re-

1015 761 1125 796 spondit
1139 760 1280 794 Dominus,
1291 761 1422 795 iEtiamp
1436 761 1494 794 sed,
1507 762 1562 789 «Tu
1575 764 1682 791 dixisti:
1696 769 1741 792 3et
1753 774 1803 793 cu-

1015 808 1092 842 piens
1103 811 1205 835 metum
1217 807 1257 835 illi
1263 815 1296 835 ea
1305 807 1333 834 in
1344 816 1373 835 re
1382 808 1803 845 incutere,«Vze,inquit,homini

1015 853 1064 884 illi,
1074 861 1122 888 per
1132 851 1428 889 queml'ilitIshominis
1440 855 1573 889 tradetur;
1584 856 1684 883 bonum
1698 858 1800 889 eratei,

170 897 204 924 δι’
217 895 248 924 οὗ
263 897 348 928 όΥἱδς
369 898 415 924 τοῦ
439 896 581 933 ἀνθρώπου
599 898 793 933 παραδίδοται·
826 898 906 925 καλὸν
931 897 958 935 ἦν

1015 900 1037 926 si
1050 905 1131 927 natus
1142 908 1196 926 non
1209 899 1336 932 fuisset;3
1350 900 1449 935 quibus
1466 901 1568 928 auditis
1581 902 1658 934 abiit,
1677 902 1802 938 dixitque

170 943 256 978 αὐτῷ,
274 944 297 970 εί
313 943 362 970 οὐκ
377 943 526 978 ὲγεννήθη’
545 953 553 970 3
581 944 628 970 καὶ
649 944 735 970 ταῦτα
759 944 878 976 ἀκούσας
895 945 961 979 (75).

169 989 293 1016 ἀπελθὼν
309 987 369 1015 εἷπε
393 991 449 1020 τοῖς
473 989 600 1024 ίερεῦσιν·
618 1000 627 1015 ι
643 990 675 1016 Τί
697 990 788 1017 θέλετέ
803 991 960 1026 μοιδοῦναι,

170 1037 217 1062 καὶ
230 1035 286 1069 ὲγὼ
301 1036 365 1071 ὑμῖν
374 1036 454 1062 αὑτὸν
465 1036 636 1072 παραδώσω;
653 1046 662 1061 3
680 1037 705 1063 οἱ
719 1037 747 1063 δὲ
760 1037 876 1073 ἔστησαν
887 1038 961 1074 αὐτῷ

168 1082 315 1117 τριάκοντα
338 1081 458 1117 ἀργύρια
471 1090 477 1097 ’
494 1082 540 1108 καὶ
563 1082 707 1118 ἐπληρώθη
731 1084 748 1118 ἡ
769 1083 895 1120 Γραφὴὴ
917 1086 961 1111 λέ-

169 1136 270 1162 γουσα·
293 1137 302 1153 ι
316 1128 371 1155 Καὶ
385 1128 481 1155 ἔλαϐον
498 1128 554 1165 (76)
569 1128 603 1155 τὰ
617 1129 764 1165 τριάκοντα
780 1131 898 1167 ἀργύρια
911 1133 960 1169 τὴν

168 1174 251 1209 τιμὴν
278 1174 324 1200 τοῦ
353 1175 550 1210 τετιμημένου,
573 1175 603 1201 ὃν
630 1176 792 1211 ἐτιμήσαντο
817 1177 871 1204 ἀπὸ
896 1179 960 1205 υίῶν

180 1220 300 1256 Ἰσραὴλ,
308 1221 355 1247 καὶ
364 1221 466 1248 ἔδωκαν
477 1221 546 1248 αὐτὰ
555 1223 594 1253 είς
607 1222 652 1248 τὸν
662 1221 735 1249 οἷκον
747 1223 802 1258 (77)
812 1224 858 1250 τοῦ
876 1233 960 1260 κερα-

170 1266 277 1302 μέως-ι
304 1268 351 1293 καὶ
375 1269 408 1302 τῇ
434 1267 561 1304 πέμπτῃ,
591 1268 723 1302 φαγόντες
748 1270 813 1303 παρ’
830 1270 904 1305 αὺτῷ
929 1271 960 1298 τὸ

168 1312 273 1347 Πάσχα,
290 1313 425 1348 βάψαντος
445 1314 548 1340 ἐκείνου
565 1315 613 1350 τὴν
629 1316 706 1350 χεῖρα
729 1316 768 1347 είς
782 1316 812 1342 τὸ
823 1316 957 1351 τρυϐλίον,

168 1358 214 1384 καὶ
226 1358 256 1384 τὺ
271 1358 376 1394 ψωμίον
399 1359 541 1391 λαϐόντος,
554 1361 601 1386 καὶ
611 1360 763 1393 ἐξελθόντος
776 1363 881 1395 νυκτὸς,
893 1364 958 1399 ἡμῖν

168 1402 242 1430 εἶπεν
260 1405 274 1430 ὁ
288 1404 402 1440 Κύριος·
418 1415 426 1430 ι
445 1405 587 1441 Ἐλήλυθεν
598 1408 614 1441 ὴ
627 1406 695 1442 ὦρα,
709 1408 751 1433 ἵνα
763 1409 956 1445 σκορπισθῆτε,

168 1450 274 1485 καὶὲμὲ
290 1451 370 1485 μόνον
386 1452 483 1487 ἀφῆτε·
498 1463 507 1478 3
525 1453 571 1479 καὶ
588 1453 703 1479 ἕκαστοι)
723 1454 956 1490 διισχυριζομένου

169 1496 205 1532 μὴ
218 1497 414 1533 ὲγκαταλείψαι
431 1499 523 1530 αὑτὸν,
541 1499 608 1534 ἐμοῦ
633 1500 736 1535 Πέτρου
757 1501 958 1537 ἐπαγγελλομέ-

166 1550 211 1569 νου
228 1543 275 1569 nul.
291 1544 494 1577 συναποθανεῖν,
506 1543 594 1571 εἶπεν·
611 1555 620 1571 ι
641 1546 726 1581 Ἀμὴν
741 1546 811 1581 λέγω
824 1548 876 1580 σοὶ,
891 1549 955 1584 πρὶν
970 1561 990 1589 c

166 1588 298 1624 ἀλέκτορα
319 1590 451 1625 φωνῆσαι,
478 1592 537 1626 τρὶς
559 1591 704 1627 ἀπαρνήσῃ
722 1593 759 1628 μὴ
770 1594 870 1621 εἰδέναι
885 1603 928 1630 με.
943 1605 953 1621 3

166 1633 306 1669 Παραδοὺς
328 1636 356 1661 δὲ
371 1637 437 1671 ἡμῖν
454 1636 487 1663 τὰ
502 1637 634 1664 ἀντίτυπα
650 1640 785 1674 μυστήρια
803 1640 850 1666 τοῦ
866 1641 956 1675 τιμίου

167 1681 291 1716 σώματος
307 1682 390 1708 αὑτοῦ
404 1683 450 1709 καὶ
464 1683 578 1718 αἵματος
603 1684 670 1718 (78),
694 1684 778 1711 Ἰούδα
795 1685 832 1720 μὴ
846 1694 955 1721 συμπα-

167 1727 258 1762 ρόντος
279 1729 346 1763 ἡμῖν
364 1728 430 1764 (79),
444 1729 553 1764 ἐξῆλθεν
578 1731 617 1761 είς
641 1729 672 1755 τὸ
694 1730 755 1765 ὅρος
778 1731 831 1758 τῶν
858 1732 954 1759 ἐλαιῶν

166 1773 279 1808 πλησίον
295 1774 341 1800 τοῦ
357 1776 507 1811 χειμάρρου
523 1776 575 1801 τῶν
586 1776 706 1811 Κέδρων,
728 1776 792 1802 ὅπου
807 1775 841 1812 ἦν
855 1779 951 1813 κῆπος·

167 1821 286 1855 συνῆμεν
302 1821 330 1846 δὲ
341 1821 387 1847 καὶ
400 1823 489 1856 ἡμεῖς,
505 1822 550 1848 καὶ
566 1822 725 1857 ὑμνήσαμεν
743 1823 813 1849 κατὰ
837 1824 867 1849 τὸ
883 1824 953 1856 ἔθος·

165 1865 212 1892 καὶ
221 1866 365 1902 χωρισθεὶς
376 1867 464 1902 ἡμῶν,
476 1867 542 1894 πολὺ
554 1868 609 1903 (80)
622 1869 791 1904 προσηύχετο
806 1870 844 1905 τῷ
855 1871 952 1906 Πατρὶ,

165 1909 251 1945 λέγων
261 1921 268 1927 ’
296 1922 305 1938 α
318 1914 408 1949 Πάτερ
420 1933 427 1945 ,
447 1914 599 1949 παρένεγκε
614 1915 660 1941 ἀπ’
674 1915 741 1949 ἐμοῦ
758 1915 788 1941 τὸ
806 1917 932 1952 ποτήριον
944 1925 951 1931 ·

164 1956 234 1993 πλὴν
245 1959 282 1994 μὴ
297 1959 361 1994 ἐμὸν
376 1960 543 1995 (81)θέλημα
553 1961 682 1994 γενέσθω,
693 1961 760 1987 ἀλλὰ
773 1961 803 1987 τὸ
819 1963 874 1988 σόψ
887 1974 896 1988 3
905 1963 952 1989 καὶ

1012 946 1219 974 sacerdotibus:
1236 946 1321 978 «Quid
1333 947 1415 974 vultis
1437 947 1503 973 mihi
1527 948 1602 979 dare.
1618 953 1645 975 et
1658 956 1707 984 ego
1723 950 1802 977 vobis

1012 1000 1072 1018 eum
1082 992 1250 1019 tradam“?3
1264 992 1303 1018 illi
1315 993 1618 1020 veroconstitueruntei
1631 995 1741 1029 triginta
1754 1003 1801 1021 ar—

1012 1042 1136 1073 genteos;
1148 1042 1175 1065 et
1184 1038 1294 1072 impleta
1302 1042 1345 1065 est
1354 1038 1496 1073 Scriptura
1505 1047 1566 1073 quae
1576 1039 1642 1066 dicit
1653 1050 1674 1067 Zl
1681 1040 1714 1067 Et
1723 1049 1802 1069 acce-

1011 1088 1110 1118 perunt
1127 1084 1238 1119 triginta
1262 1089 1405 1119 argenteos
1424 1085 1540 1119 pretium
1554 1086 1800 1123 appretiati.quem

1011 1131 1238 1165 appretiaverunt
1251 1139 1266 1157 a
1283 1130 1345 1158 ﬁliis
1360 1131 1484 1164 lsraelis;
1504 1135 1532 1158 et
1552 1131 1687 1159 dederunt
1705 1141 1752 1161 eos
1772 1134 1799 1160 in

1010 1177 1120 1203 domum
1131 1176 1230 1211 ﬁguli“
1239 1187 1245 1203 ε
1254 1186 1262 1202 3
1274 1181 1301 1204 et
1310 1178 1405 1212 quinta
1414 1177 1491 1210 feria,
1500 1185 1562 1204 cum
1571 1179 1641 1213 apud
1649 1187 1710 1206 eum
1724 1187 1799 1207 com—

1010 1223 1163 1251 edissemus
1187 1223 1303 1256 Pascha,
1320 1228 1347 1251 et
1368 1223 1453 1251 Judas
1470 1231 1582 1250 manum
1597 1224 1755 1252 intinxisset
1769 1226 1797 1252 in

1010 1270 1112 1302 catino,
1129 1270 1260 1298 bucccam
1276 1271 1428 1306 accepisset
1445 1278 1477 1297 ac
1489 1274 1570 1298 nocte
1582 1271 1705 1304 exiisset,
1718 1273 1797 1300 nobis

1009 1316 1077 1343 dixit
1091 1317 1221 1345 Dominus
1232 1316 1343 1344 :«Venit
1356 1318 1434 1349 hora,
1451 1321 1481 1344 ut
1496 1317 1705 1352 dispergamini,
1716 1323 1743 1345 et
1755 1327 1798 1346 me

1009 1364 1096 1390 solum
1109 1364 1270 1399 relinquatis
1278 1364 1301 1379 ⁸⁵
1312 1374 1335 1391 :3
1350 1368 1377 1391 et
1389 1364 1505 1399 singulis
1513 1363 1714 1392 afﬁrmantibus
1723 1365 1796 1400 quod

1008 1418 1062 1437 non
1081 1410 1202 1437 relicturi
1219 1413 1395 1441 essenteum.
1413 1418 1510 1445 meque
1524 1409 1607 1437 Petro
1620 1411 1797 1444 promittente

1008 1456 1079 1491 quod
1091 1464 1153 1483 cum
1164 1464 1196 1483 eo
1202 1455 1272 1483 mori
1281 1459 1395 1491 plratus
1403 1464 1502 1488 essem,
1514 1456 1672 1491 respondit:
1694 1457 1795 1484 «Amen

1007 1502 1069 1529 dico
1085 1503 1145 1534 tibi,
1162 1503 1321 1538 priusquam
1336 1503 1424 1538 gallus
1446 1507 1548 1535 cantet,
1565 1507 1606 1530 ter
1620 1503 1734 1538 negabis
1751 1512 1796 1531 me

1008 1548 1055 1576 tibi
1071 1553 1164 1576 notum
1173 1557 1234 1577 esse
1243 1549 1293 1576 “.3
1305 1548 1372 1576 Cum
1389 1554 1478 1576 autem
1488 1549 1646 1577 tradidisset
1660 1551 1739 1578 nobis
1749 1558 1796 1577 an-

1008 1595 1094 1630 titypa
1108 1595 1238 1630 mysteria
1252 1595 1366 1630 pretiosi
1395 1596 1520 1630 corporis
1535 1603 1566 1622 ac
1578 1597 1722 1630 sanguinis
1738 1598 1792 1628 sui,

1005 1640 1075 1668 Juda
1092 1641 1236 1668 nobiscum
1256 1649 1311 1668 non
1334 1642 1521 1674 consistente,
1544 1649 1673 1677 egressus
1700 1647 1742 1670 est
1765 1643 1793 1670 in

1006 1691 1126 1715 montem
1138 1687 1278 1714 Olivarum
1295 1696 1380 1723 prope
1402 1692 1551 1715 torrentem
1567 1688 1729 1721 Cedrorum,
1747 1690 1793 1716 ubi

1005 1740 1065 1760 erat
1084 1734 1180 1761 hortus
1199 1733 1238 1761 "z
1256 1734 1401 1761 aderamus
1422 1738 1512 1761 autem
1525 1742 1588 1767 nos,
1606 1738 1633 1761 et
1649 1743 1724 1762 more
1743 1744 1794 1762 uo-

1005 1784 1063 1807 stro
1075 1780 1205 1815 hymnum
1222 1780 1341 1808 diximus
1357 1780 1381 1796 ⁸⁸
1395 1790 1401 1808 :
1425 1781 1470 1808 ille
1486 1788 1551 1808 vero
1566 1788 1581 1807 a
1609 1781 1689 1808 nobis
1704 1789 1793 1808 remo-

1004 1832 1059 1856 tus.
1076 1827 1191 1854 multum
1203 1827 1299 1855 orabat
1308 1826 1428 1859 Patrem,
1441 1827 1536 1855 dicens
1545 1827 1663 1861 :«Pater,
1673 1828 1792 1855 transfer

1007 1881 1022 1900 a
1036 1881 1079 1900 me
1091 1874 1221 1906 calicem;
1238 1878 1426 1901 verumtamen
1442 1882 1496 1900 non
1512 1882 1570 1901 mea
1585 1875 1711 1901 voluntas
1727 1874 1789 1906 ﬁat.

1003 1919 1050 1946 sed
1067 1924 1112 1946 tua
1130 1920 1167 1946 "2
1181 1929 1190 1945 3
1206 1919 1280 1954 quod
1294 1927 1357 1946 cum
1371 1920 1452 1946 tertio
1466 1919 1588 1951 fecisset.
1616 1928 1722 1955 nosque
1735 1928 1790 1954 pra:

1003 1966 1133 1992 mmstitia
1147 1966 1173 1992 in
1190 1973 1316 1993 somnum
1329 1965 1527 1992 decidissemus
1542 1966 1576 1998 ’°,
1592 1966 1727 1993 accedens
1746 1966 1789 1993 di—

197 2038 222 2053 ³³
238 2037 468 2078 Matth.__xx_v1.l5.
507 2039 530 2055 "
546 2038 642 2078 Matth.
651 2048 740 2078 xxv",
751 2040 778 2068 9.
815 2041 839 2057 "
854 2041 933 2078 Joan.
953 2052 1011 2076 xvi,
1037 2044 1089 2078 52;
1102 2044 1196 2071 Matth.
1208 2052 1286 2074 τινι.
1297 2045 1343 2072 5|.
1381 2044 1405 2060 “
1419 2043 1485 2071 Luc.
1500 2051 1570 2076 xxu.
1588 2044 1633 2072 56.
1670 2044 1694 2061 ⁸⁷
1705 2044 1786 2072 Joan.

165 2079 243 2106 xvm,
272 2075 285 2101 1
292 2093 299 2101 .

336 2074 458 2102 l“Matth.
475 2083 551 2109 nu,
568 2076 611 2103 30.
650 2075 673 2091 "
685 2075 751 2103 Luc.
768 2084 837 2110 xm,
848 2077 894 2105 42.
932 2079 955 2094 ³⁸

1008 2081 1066 2107 itth.
1082 2074 1156 2113 xm,
1173 2080 1220 2113 45,
1247 2080 1299 2113 Δις
1318 2079 1384 2107 Luc.
1398 2087 1468 2112 xxu,
1481 2079 1526 2107 ιδ.

818 2168 1001 2198 VARIORUM
1018 2169 1134 2198 NOT/E.

197 2252 253 2291 (ῃ)
270 2252 359 2291 [huic
369 2251 537 2291 παιδεῦσαι.
545 2249 665 2291 Uterque
676 2251 742 2291 ἡμῖν
757 2249 850 2283 δεῖξαι.
859 2250 945 2291 (ipsa.
958 2248 986 2279 D
998 2249 1020 2291 ρ

197 2284 253 2323 (75)
272 2284 677 2323 Ἐἰ-σὲειη-ιιγᾴμδεῃοςΠαὺιξόν·ἶ
688 2284 841 2323 ςυιειηυθτ
870 2286 947 2323 Ἑπι-

162 2319 252 2350 πεσὼν
264 2322 306 2384 ἰξῷ
320 2319 413 2359 στήθει
430 2319 524 2349 αὑτοῦ.
550 2320 628 2354 Quod
653 2319 761 2348 videtur
783 2319 851 2349 esse
873 2321 947 2356 glos-

162 2366 246 2384 sema.
277 2365 305 2384 D-

161 2366 246 2387 sema.
264 2365 305 2385 ID-

195 2394 329 2430 (πη-οὑκ
341 2392 427 2430 eluer-
441 2393 458 2419 ὀ
468 2392 583 2430 Κύριοςτ
600 2392 657 2421 Hoc
667 2391 794 2430 estquod
805 2391 947 2430 eleganter

161 2426 228 2457 dicit
243 2426 439 2456 'Tertultlanus
470 2428 498 2454 in
523 2426 630 2455 laudem
655 2426 790 2464 patientiae
819 2426 943 2454 Domini:

161 2464 251 2492 Etiam
263 2464 427 2499 proditorem
438 2471 518 2490 suum
537 2472 624 2490 secum
639 2463 742 2496 habuit,
756 2470 802 2489 nec
819 2466 946 2489 constan-

161 2505 199 2527 ter
215 2498 360 2527 denotavit.
376 2498 445 2526 Cor.

193 2534 250 2571 (75)
266 2533 324 2562 Kal
329 2533 430 2571 Ξαῦτα
444 2533 588 2571 unde“.
603 2534 660 2562 lmo
672 2539 817 2571 antequam
827 2532 943 2571 dixisset

160 2568 292 2597 Dominus
304 2579 309 2596 :
329 2568 375 2596 Vw
393 2570 495 2605 [camini
510 2569 563 2602 illi,
573 2577 619 2605 per
629 2578 704 2605 quem
714 2568 741 2605 Γ
743 2570 805 2596 ilius
815 2568 943 2605 ﬂaminis

160 2605 280 2639 tradetur
289 2625 296 2636 ,
310 2611 373 2639 cum
389 2603 490 2632 Judaais
500 2602 597 2639 pactus
608 2602 697 2633 fuerat
710 2604 805 2632 ludas.
815 2602 853 2630 In.

191 2638 248 2675 (Ἰβ)
266 2638 323 2675 καί
336 2638 457 2675 ἔλαϐον,
468 2638 525 2675 rete.
542 2639 605 2666 “me
616 2639 720 2675 omnia,
741 2647 830 2675 usque
843 2639 878 2667 ad
894 2646 943 2666 u-

150 2673 280 2707 ραμέως.
295 2674 394 2701 desunt
409 2674 437 2701 in
451 2674 536 2701 altero
550 2674 652 2702 codice.
668 2674 754 2701 Gesn.

157 2708 250 2771 ιι,(ῚἿ)
269 2708 324 2736 Ίὸν
333 2708 425 2735 οἶκον.
442 2707 537 2736 Melius
551 2708 578 2736 in
587 2713 703 2745 utroque
716 2709 777 2736 cod.
786 2707 832 2735 τδν
845 2709 939 2744 αγρόν.

193 2777 250 2814 (78)
269 2778 423 2814 Ἀντίςυπα
444 2777 595 2814 μυστήρια
615 2779 668 2806 τοῦ
684 2779 782 2814 τιμίου
805 2778 940 2814 σώματος

157 2812 251 2851 coegi;
264 2813 315 2851 κρζ
325 2813 458 2851 αἷματος.
470 2812 648 2851 Sag-amenta
658 2812 782 2851 corporis
793 2818 823 2851 et
831 2812 940 2851 sangui-

158 2849 202 2875 nis
211 2847 328 2876 Domini.
343 2847 372 2875 lu
387 2848 503 2875 Andreae
513 2847 653 2876 Cretensis
666 2847 790 2877 oratione
803 2849 841 2876 De
854 2847 938 2878 m'mis

158 2883 324 2918 palmarum:
346 2883 390 2910 Ἑν
404 2883 558 2914 ἀντιτύποις
584 2881 735 2918 συμϐόλοις.
762 2884 795 2910 Et
819 2889 892 2913 tomo
915 2885 937 2913 ΙΙ

321 2929 458 2959 ΡΑτιιοι.
474 2929 532 2959 Gn.
553 2928 578 2959 Ι.

999 2249 1116 2312 Ogemm
1125 2250 1154 2278 S.
1162 2250 1317 2294 Epiphanii.
1324 2254 1396 2290 orat.
1404 2249 1438 2278 In
1443 2249 1544 2278 Christi
1551 2252 1784 2294 resurrectionem:-

999 2286 1021 2312 T
1056 2286 1093 2322 μὴ
1109 2286 1295 2322 παλαιουμενα
1312 2294 1367 2322 κτον
1397 2286 1458 2312 νέου
1472 2286 1568 2321 Πάσχα
1590 2286 1650 2322 ἀντὶ.
1669 2287 1784 2315 παλαιου

1000 2321 1137 2383 μυστήρια
1151 2321 1294 2348 ἀντίτυπα.
1312 2321 1400 2363 Minus
1422 2328 1487 2356 ergo
1500 2326 1574 2349 recte
1599 2329 1615 2348 a
1635 2321 1782 2355 Salmasio,

999 2356 1068 2395 libro
1099 2356 1429 2395 etranuubstantmttone,
1438 2356 1507 2395 μμ
1516 2376 1523 2388 ,
1536 2356 1670 2384 ἀντίτυπα
1680 2360 1784 2395 μυστή-

998 2399 1044 2453 ρια
1061 2392 1193 2419 indictqu
1216 2400 1277 2419 esse
1292 2396 1405 2432 putatur
1425 2392 1607 2432 et_ineptum,
1624 2398 1707 2428 atque
1731 2392 1784 2421 hoc

1008 2434 1060 2453 oco
1070 2435 1102 2453 ex
1111 2427 1202 2453 ulossa
1214 2427 1255 2453 vel
1267 2435 1301 2453 ex
1310 2427 1520 2453 interpolatione
1528 2427 1692 2453 profectum.
1711 2427 1780 2453 Cor.

1008 2434 1060 2453 eeo
1070 2435 1102 2454 ex
1111 2427 1202 2462 glossa
1214 2427 1255 2454 vel
1267 2435 1301 2454 ex
1310 2426 1520 2461 interpolatione
1528 2426 1692 2462 profectum.
1711 2427 1780 2456 Cor.

1003 2461 1162 2489 Ἀντιτιίπα
1171 2462 1333 2496 μυστήρια.
1353 2462 1400 2490 Sic
1413 2462 1544 2489 dicuntur
1556 2463 1780 2497 panisetvinuui,

996 2504 1067 2533 quae,
1082 2497 1198 2533 mystica
1217 2498 1324 2525 ratione
1336 2517 1345 2531 ,
1368 2505 1468 2533 corpus
1491 2498 1552 2532 ejus
1571 2501 1599 2526 et
1618 2499 1781 2533 sanguinem

995 2532 1159 2560 referebant.
1173 2532 1258 2559 (ltus.

1030 2567 1087 2603 (79)
1109 2567 1202 2595 Ἰούδα
1205 2566 1248 2602 μὴ
1265 2568 1475 2602 συμπαρόντος
1484 2568 1565 2602 ἡμῖν.
1574 2567 1633 2595 Νοη
1642 2571 1685 2596 est
1697 2567 1732 2595 hu
1734 2568 1779 2603 jus

993 2602 1047 2630 loci
1060 2603 1213 2637 expendere
1225 2604 1294 2631 duas
1307 2603 1429 2630 celebres
1445 2603 1653 2638 contrariasque
1668 2602 1779 2631 senten-

993 2639 1058 2670 tias,
1074 2646 1137 2665 cum
1150 2642 1283 2674 veterum,
1307 2641 1365 2674 tum
1384 2638 1579 2674 recentiorum.
1602 2640 1676 2665 circa
1704 2647 1779 2674 qua:-

993 2674 1121 2703 stioncm.
1143 2672 1299 2709 adfueritne
1319 2672 1421 2709 iluda_s_.
1436 2673 1484 2709 rvel
1508 2673 1638 2704 abfuerit.
1666 2672 1777 2709 quando

991 2708 1158 2736 eucharistia
1174 2708 1300 2735 instituta
1314 2708 1376 2735 fuit.
1393 2707 1543 2736 Videantur
1557 2707 1700 2737 sacrorum
1719 2709 1777 2736 elo-

991 2744 1117 2778 quiorum
1129 2743 1303 2778 interpretes.
1314 2742 1383 2770 Cor.

989 2777 1083 2839 ᾇχειῖξ
1095 2779 1187 2805 Πολύ.
1200 2777 1320 2813 Uterque
1329 2779 1415 2806 codex
1427 2778 1460 2805 οὐ
1486 2777 1564 2811 πολύ,
1582 2778 1637 2806 hoc
1651 2784 1694 2807 est
1719 2787 1773 2807 nou

1009 2823 1046 2839 ιιι.
1077 2821 1147 2839 .ι,ει.

1009 2814 1046 2841 iu.
1063 2814 1147 2841 (Σιει.

1025 2849 1081 2884 (8|)
1100 2848 1195 2883 Ἐμόν.
1212 2847 1241 2875 In
1252 2848 1341 2876 altero
1358 2849 1390 2876 -οδ
1403 2848 1572 2884 ὲμόνηιιυοὰ
1595 2848 1694 2878 melius
1708 2858 1773 2879 con-

989 2883 1063 2912 venit
1072 2883 1138 2912 cum
1150 2883 1179 2911 τὸ
1196 2884 1241 2910 σόν
1252 2884 1324 2918 quod
1340 2883 1474 2919 sequitur.
1487 2883 1524 2911 lu.
