4064 6264
530 342 641 399 883

1380 343 1435 397 S.
1476 340 1864 397 CLEMENTIS
1896 341 1916 395 l
1952 341 2117 397 ROM.
2152 342 2353 399 PONT.
2391 343 2617 399 OPERA
2650 343 2875 400 DUBIA.

3655 345 3765 400 88$

527 462 671 517 enim
702 458 1230 529 comprehenderunt
1253 460 1309 512 in
1331 459 1447 529 ipsa
1469 459 1575 521 die,
1596 473 1701 527 qua
1725 456 1919 511 festum
1952 457 2094 511 cele-

2198 462 2456 530 μιουργοῦ
2496 463 2553 513 ὲν
2590 461 2736 531 αὑτῷ
2773 461 2852 513 ἔτι
2895 458 2999 513 ὑπὸ
3030 460 3132 530 γῆν
3162 459 3314 522 ὄντος
3349 472 3362 490 ·
3407 459 3464 511 ὲν
3496 457 3634 531 αὑτῇ
3662 459 3771 531 γὰρ

527 551 793 615 brabant;
822 557 882 603 ut
923 550 1054 603 illud
1090 549 1385 619 Scriptum
1424 550 1706 603 oraculum
1759 550 2096 619 impleretur,

524 640 671 703 quod
703 641 822 695 ait:
868 660 886 690 ‹
925 640 1232 695 Posuerunt
1280 642 1434 710 signa
1476 656 1574 694 sua
1632 640 1687 694 in
1732 641 1908 694 medio
1957 641 2100 695 sole--

527 735 771 792 Innitatis
800 749 947 799 suae;
984 742 1039 788 et
1064 748 1172 788 non
1196 740 1568 803 cognoverunt
1598 732 1695 787 η.»
1722 732 1945 802 Oportet
1965 748 2095 803 ergo

528 827 711 897 lugere
750 825 817 879 de
861 825 1015 894 ipsis,
1065 824 1209 895 quod
1239 840 1361 879 eum
1404 824 1666 879 Dominus
1698 825 1956 889 venisset,
1988 839 2099 878 non

524 917 875 971 crediderunt
903 917 975 981 ei,
1007 914 1101 969 sed
1125 915 1435 985 repulerunt
1459 916 1758 970 doctrinam
1787 917 1927 984 ejus,
1957 923 2011 970 et
2040 931 2099 970 se

526 1010 779 1080 indignos
811 1009 986 1064 salute
1010 1007 1349 1077 judicarunt.
1398 1006 1468 1063 At
1498 1022 1593 1062 vos
1634 1007 1777 1061 beati
1818 1008 1972 1070 estis,
2003 1007 2095 1077 qui

525 1098 821 1169 aliquando
861 1113 969 1156 non
1009 1098 1266 1168 populus,
1302 1112 1450 1151 nunc
1478 1112 1607 1152 vero
1642 1112 1776 1167 gens
1808 1106 1995 1151 sancta
2031 1098 2095 1162 ",

525 1193 753 1247 liberata
783 1191 851 1244 ab
876 1190 1146 1245 idolorum
1177 1204 1387 1253 errore,
1438 1190 1506 1244 ab
1540 1189 1867 1259 ignorantia,
1902 1190 1969 1243 ab
1996 1191 2101 1246 im-

524 1284 763 1353 pietate;
809 1283 902 1353 qui
946 1290 1075 1336 tunc
1126 1298 1233 1336 non
1295 1283 1579 1337 consecuti
1640 1282 2096 1345 misericordiam,

526 1388 674 1427 nunc
721 1384 903 1427 autem
941 1389 1060 1432 eam
1107 1374 1287 1444 adepti
1341 1373 1403 1437 ¹⁸,
1463 1381 1684 1444 propter
1736 1373 2097 1428 obedientiam

526 1465 710 1519 cordis
736 1465 902 1521 vestri
938 1484 950 1520 :
986 1465 1141 1519 vobis
1171 1467 1340 1528 enim,
1379 1464 1473 1534 qui
1503 1480 1568 1518 ex
1607 1465 1882 1534 gentibus.
1915 1474 2099 1535 aperta

523 1565 609 1611 est
636 1557 759 1611 vita:
777 1558 967 1625 janua,
996 1556 1089 1626 qui
1116 1556 1410 1625 aliquando
1436 1572 1544 1608 non
1568 1556 1777 1618 dilecti,
1810 1572 1953 1609 nunc
1973 1572 2100 1611 vero

526 1648 691 1703 amati
719 1667 732 1714 ;
773 1649 1005 1719 p0pulus
1032 1648 1086 1703 in
1119 1648 1537 1719 acquisitionem
1571 1648 1662 1703 Dei
1695 1649 2000 1711 ordinatus,
2032 1649 2098 1703 ad

527 1738 899 1812 prmdicandas
951 1738 1182 1794 virtutes
1238 1738 1396 1806 ejus;
1455 1735 1523 1793 de
1574 1738 1777 1808 quibus
1847 1737 2100 1794 Salvator

2200 549 2377 603 αὑτῶν
2410 554 2478 621 τῇ
2511 553 2670 621 ἐορτῇ
2703 551 2964 620 κατέσχον
2996 551 3089 603 τὸν
3121 550 3343 621 Κύριον,
3372 549 3521 613 ὅπως
3548 551 3770 622 πληρω-

2200 639 2266 711 θῇ
2297 642 2471 695 ὲκεῖνο
2496 642 2557 693 τὸ
2597 642 2803 710 φάσκον
2844 642 3023 710 λόγιον
3050 658 3065 672 '
3120 660 3139 692 ι
3190 641 3410 695 Ἐθεντο
3458 640 3530 693 τά
3572 644 3772 713 σημεῖα

2198 734 2378 788 αὑτῶν
2415 734 2490 806 (6)
2528 736 2585 788 έν
2618 735 2767 806 μέσῳ
2793 734 2892 804 τῆς
2920 734 3111 805 ἑορτῆς
3135 731 3334 796 αὑτῶν,
3368 734 3462 786 καὶ
3482 733 3582 785 οὑκ
3601 734 3771 800 ἐγνω-

2166 822 2168 825 ’
2200 845 2319 882 σαν.
2357 847 2375 879 ι
2417 830 2510 883 Δεί
2534 825 2626 880 οὖν
2656 826 2871 880 πενθεῖν
2906 826 3047 896 ὑπὲρ
3071 824 3269 889 αὑτῶν,
3299 825 3381 877 ὅτι
3404 824 3650 887 ἐλθόντος
3678 827 3772 879 τοῦ

2197 920 2405 992 Κυρίου
2434 920 2534 974 οὑκ
2575 920 2897 974 ἐπίστευσαν
2926 919 3095 990 αὑτῷ,
3135 918 3260 971 ἀλλ’
3290 918 3649 971 ἀπεσείσαντο
3676 918 3774 989 τὴν

2196 1011 2539 1065 διδασκαλίαν
2585 1011 2769 1076 αὑτοῦ,
2808 1010 3056 1075 ἀναξίους
3092 1011 3375 1082 κρίναντες
3405 1010 3633 1073 ἑαυτοὺς
3669 1027 3775 1062 σω-

2198 1104 2409 1175 τηρίας,
2442 1104 2629 1174 Ὑμεῖς
2676 1100 2769 1157 οῦν
2803 1103 3081 1174 μακάριοι,
3110 1103 3159 1156 οἱ
3188 1104 3316 1156 ποτὲ
3337 1103 3397 1155 οὑ
3428 1102 3574 1166 λαὸς,
3598 1101 3691 1155 νῦν
3717 1102 3773 1154 δὲ

2199 1196 2349 1259 ἔθνος
2361 1196 2535 1264 ἅγιον,
2562 1196 2753 1267 ρυσθὲν
2772 1197 2879 1249 ἀπὸ
2896 1195 3102 1266 πλάνης
3122 1195 3375 1257 εἰδώλων,
3396 1196 3505 1248 ἀπὸ
3526 1196 3769 1263 ἀγνοίας,

2199 1288 2304 1340 ἀπὸ
2315 1288 2647 1350 δυσσεὸείας·
2663 1289 2712 1340 οἱ
2726 1288 2824 1340 οὑκ
2841 1288 2971 1358 ὴλεη
2981 1288 3149 1358 μένοι,
3167 1285 3262 1339 νῦν
3283 1288 3340 1340 δὲ
3361 1286 3671 1357 ἐλεηθέντες
3686 1286 3773 1340 διὰ

2199 1381 2296 1452 τὴν
2313 1380 2558 1451 ὑπακοὴν
2590 1381 2689 1450 τῆς
2719 1380 2945 1451 καρδίας
2970 1379 3122 1449 ὑμῶν
3153 1397 3164 1409 ·
3201 1380 3327 1449 ὑμῖν
3364 1378 3473 1451 γάρ
3502 1378 3693 1448 ἠνοίγη
3736 1380 3771 1449 ἡ

2200 1471 2339 1541 πύλη
2366 1471 2464 1541 τῆς
2496 1470 2638 1542 ζωῆς
2669 1474 2780 1534 τοῖς
2802 1470 2860 1535 ἐξ
2887 1471 3075 1535 ἐθνῶν,
3105 1471 3321 1534 οἵτινές
3350 1489 3479 1524 ποτε
3509 1471 3609 1524 οὑκ
3634 1458 3770 1540 ⁴ἠγα-

2201 1563 2449 1632 πημένοι,
2480 1561 2574 1614 νῦν
2605 1562 2662 1615 δὲ
2704 1562 3093 1633 πεφιλημένον
3138 1563 3264 1625 λαὸς
3306 1564 3386 1624 είς
3428 1562 3772 1633 περιποίησιν

2200 1653 2331 1706 Θεοῦ
2358 1655 2705 1724 τεταγμένος,
2734 1653 2810 1724 τῷ
2839 1653 2937 1717 τὰς
2965 1653 3164 1724 ἀρετὰς
3192 1654 3354 1706 αὑτοῦ
3388 1653 3730 1722 ἐξαγγέλλειν
3750 1668 3767 1685 ο

2202 1746 2329 1817 περ).
2364 1739 2438 1799 ὧν
2468 1744 2615 1800 εἶπεν
2646 1748 2674 1799 ό
2708 1747 2896 1818 Σωτήρ
2934 1745 3046 1816 (7)·
3087 1765 3104 1797 ι
3144 1746 3387 1817 Εὑρέθην
3416 1749 3527 1809 τοῖς
3554 1746 3656 1816 ἐμὲ
3697 1746 3769 1818 μὴ

524 1830 661 1883 dixit
697 1850 711 1883 :
754 1848 773 1880 ι
825 1828 1084 1885 Inventus
1116 1845 1236 1889 sum
1270 1829 1450 1884 abhis
1483 1830 1573 1898 qui
1608 1845 1692 1884 me
1732 1846 1838 1883 non
1888 1846 2094 1900 quaere-

2200 1836 2451 1908 ζητοῦσιν
2482 1856 2495 1869 ο
2530 1839 2776 1909 ἐμφανὴς
2807 1838 3069 1909 ἐγενόμην
3096 1841 3207 1901 τοῖς
3236 1838 3334 1909 ἐμὲ
3369 1839 3442 1909 μὴ
3488 1838 3773 1910 ἐπερωτῶ-

526 1923 685 1987 bant;
717 1921 1041 1977 manifestus
1073 1920 1247 1976 factus
1281 1936 1400 1975 sum
1437 1920 1504 1976 iis
1549 1922 1638 1990 qui
1677 1936 1763 1976 me
1790 1938 1897 1977 non
1928 1922 2099 1976 inter-

524 2015 823 2085 rogabant;
862 2013 971 2068 dixi
1006 2012 1185 2071 :Ecce
1223 2028 1344 2082 ego,
1379 2013 1524 2083 genti
1550 2028 1668 2082 quae
1694 2029 1802 2069 non
1826 2014 2099 2069 invocavit

526 2143 722 2187 nomen
743 2141 922 2183 meum
950 2125 1011 2180 ".
1040 2136 1057 2167 ο
1086 2123 1222 2178 Cum
1255 2124 1397 2178 enim
1432 2139 1538 2177 non
1569 2124 1902 2192 quaesissetis
1947 2139 2093 2185 eum,

524 2231 659 2283 tunc
691 2220 758 2274 ab
785 2235 850 2274 eo
883 2216 1131 2288 inquisiti
1161 2216 1313 2273 estis.
1348 2215 1414 2271 Et
1444 2231 1540 2271 vos
1571 2216 1843 2273 credendo
1872 2216 1926 2271 in
1948 2232 2095 2282 eum,

524 2314 790 2373 obedistis
833 2309 1105 2365 vocationi
1155 2309 1297 2377 ejus,
1338 2309 1527 2363 relicto
1574 2324 1774 2363 vesano
1805 2309 2094 2363 multorum

523 2404 749 2457 deorum
779 2402 950 2465 cultu,
980 2408 1035 2455 et
1057 2400 1123 2453 ad
1147 2413 1326 2454 veram
1349 2400 1741 2461 monarchiam,
1769 2400 1871 2454 hoc
1894 2406 1997 2463 est,
2030 2399 2097 2454 ad

526 2511 693 2550 unum
721 2509 908 2549 verum
943 2492 1269 2565 principem,
1294 2491 1722 2560 omnipotentem
1757 2489 1947 2557 Deum,
1973 2505 2101 2545 con-

525 2586 816 2657 fugientes,
857 2600 954 2655 per
1000 2581 1184 2639 Jesum
1229 2581 1537 2649 Christum;
1587 2582 1761 2637 effecti
1817 2580 2098 2651 plenitudo

523 2693 713 2732 eorum
744 2678 978 2739 numeri,
1006 2676 1097 2741 qui
1140 2677 1275 2731 salvi
1309 2676 1443 2730 ﬁunt
1491 2693 1505 2729 :
1563 2693 1582 2726 ι
1635 2674 1782 2729 Dena
1820 2675 1985 2728 millia
2012 2675 2101 2729 de-

525 2784 656 2829 num
690 2769 939 2833 millium,
975 2777 1029 2823 et
1065 2768 1210 2823 mille
1243 2769 1410 2822 millia
1435 2768 1481 2799 ⁸⁸
1536 2787 1549 2822 :
1577 2788 1595 2819 ι
1637 2765 2094 2837 quemadmodum

523 2860 669 2930 apud
696 2859 950 2915 Davidem
977 2860 1241 2930 scriptum
1266 2866 1350 2915 est
1384 2878 1397 2914 :
1434 2877 1454 2911 ι
1495 2856 1706 2915 Cadent
1728 2872 1758 2915 a
1800 2858 1965 2912 latere
2002 2865 2098 2911 tuo

522 2952 692 3016 mille,
709 2939 965 3007 etdeeem
988 2952 1155 3006 millia
1186 2967 1215 3005 a
1243 2951 1449 3006 dextris
1478 2950 1590 3004 tuis
1617 2951 1657 2980 ¹¹
1686 2968 1731 3016 ςι
1765 2957 1819 3003 et
1840 2950 2035 3003 iterum
2077 2968 2093 3005 :

529 3063 547 3092 ι
582 3042 793 3098 Currus
843 3041 936 3097 Dei
967 3041 1152 3097 decem
1195 3041 1437 3095 millibus
1472 3040 1772 3108 multiplex,
1813 3039 1979 3091 millia
2008 3038 2099 3093 lm-

522 3136 757 3193 tantium
782 3136 882 3191 ".i
916 3134 996 3191 Ad
1020 3134 1270 3193 lsraelem
1299 3148 1426 3189 vero
1454 3132 1746 3194 inﬁdelem,
1781 3131 1858 3184 ait
1887 3151 1899 3185 :
1931 3129 2096 3185 «Tota

2202 1949 2283 1985 σιν
2315 1949 2328 1962 ·
2362 1929 2519 1987 εἶπα·
2564 1932 2692 1985 Ἰδού
2720 1933 2853 2001 είμι,
2903 1930 2979 2002 τῷ
3012 1930 3173 1995 έθνει,
3202 1932 3249 1983 οἳ
3289 1930 3388 1983 οὑκ
3421 1930 3685 1983 ἐκάλεσαν
3714 1928 3773 1983 τδ

2197 2024 2367 2095 ὄνομά
2394 2042 2512 2095 μου.
2552 2043 2569 2075 ι
2598 2024 2687 2094 Μὴ
2716 2023 3045 2095 ζητήσαντες
3076 2022 3185 2094 γὰρ
3213 2022 3372 2075 αὑτὸν
3396 2022 3517 2075 τότε
3552 2021 3625 2091 (8)
3651 2023 3774 2075 έπε-

2198 2113 2467 2186 ζητήθητε
2506 2118 2642 2187 παρ’
2675 2113 2859 2168 αὑτοῦ.
2912 2116 3023 2168 Καὶ
3068 2116 3225 2185 ὑμεῖς
3264 2113 3340 2186 (9)
3386 2115 3773 2179 πιστεύσαντες

2197 2208 2277 2270 είς
2305 2207 2485 2271 αὑτὸν,
2517 2207 2858 2279 ὑπηκούσατε
2894 2211 2960 2279 τῇ
2986 2208 3171 2279 κλήσει
3201 2207 3387 2271 αὑτοῦ,
3418 2207 3774 2277 καταλείψαν-

2196 2316 2287 2363 τες
2314 2301 2411 2371 τὴν
2452 2300 2707 2353 πολύθεΟν
2748 2300 2961 2371 μανίαν,
3008 2301 3100 2354 καὶ
3150 2303 3215 2371 τῇ
3264 2300 3454 2370 ἀληθεῖ
3506 2300 3773 2372 μοναρχίᾳ

2199 2392 2618 2462 προσφυγόντες,
2641 2392 2718 2462 τῷ
2748 2392 3143 2463 παντοκράτορι
3177 2392 3286 2462 (10)
3303 2392 3441 2463 Θεῷ,
3472 2391 3561 2445 διὰ
3599 2392 3771 2463 Ἰησοῦ

2198 2483 2431 2555 Χριστοῦ
2470 2501 2482 2514 ⁸
2520 2484 2789 2555 πλήρωμα
2815 2483 2908 2537 τοῦ
2940 2483 3171 2555 ἀριθμοῦ
3203 2484 3311 2536 τῶν
3338 2484 3659 2553 σωζομένων
3679 2502 3772 2552 γε·

2199 2577 2413 2647 νόμενοι
2443 2593 2455 2606 ·
2500 2595 2518 2627 ι
2555 2576 2762 2647 Μύριαι
2798 2577 3076 2647 μυριάδες,
3110 2578 3203 2630 καὶ
3230 2577 3395 2646 χίλιαι
3433 2577 3667 2647 χιλιάδες
3697 2596 3711 2609 ’
3746 2597 3766 2630 ι

2197 2668 2272 2728 ὡς
2297 2668 2354 2721 ὲν
2380 2667 2457 2739 τῷ
2486 2668 2649 2721 Δαόὶδ
2676 2669 2985 2740 γέγραπται
3016 2686 3028 2699 ’
3063 2689 3081 2720 ι
3120 2670 3370 2723 Πεσεῖται
3412 2670 3522 2739 (Η)
3568 2672 3633 2723 ἐκ
3678 2670 3771 2723 τοῦ

2197 2759 2411 2824 κλίτους
2443 2777 2534 2813 σου
2568 2760 2763 2830 χιλιὰς,
2797 2762 2891 2814 καὶ
2924 2761 3121 2833 μυριὰς
3146 2762 3210 2814 ἐκ
3235 2761 3422 2826 δεξιῶν
3452 2779 3544 2814 σου
3576 2778 3589 2791 ·
3635 2781 3653 2813 ι
3680 2763 3773 2815 καὶ

2198 2853 2389 2910 πάλιν
2433 2872 2451 2904 ι
2498 2854 2572 2907 Τὸ
2600 2854 2751 2924 ἀρμα
2797 2852 2891 2906 τοῦ
2922 2852 3055 2906 Θεοῦ
3094 2853 3500 2924 μυριοπλάσιον,
3540 2853 3772 2923 χιλιάδες

2196 2944 2561 3016 εὐθηνούντων
2611 2944 2742 3015 (12).
2795 2964 2814 2996 ι
2851 2945 2994 3016 Πρὸς
3030 2946 3087 2998 δὲ
3123 2945 3213 2998 τὸν
3254 2945 3489 3015 Ἰσραὴλ,
3532 2946 3621 2998 τὸν
3648 2946 3773 2999 ἀπι-

2199 3054 2322 3090 στον
2348 3037 2493 3105 λέγει
2525 3054 2538 3067 ·
2580 3056 2598 3087 ι
2632 3037 2797 3109 Ὅλην
2828 3037 2927 3107 τὴν
2956 3037 3166 3108 ἡμέραν
3188 3037 3285 3099 τὰς
3311 3037 3498 3108 χεῖράς
3529 3053 3629 3107 μου
3655 3034 3770 3100 ἐξε-

2198 3129 2409 3184 πέτασα
2437 3130 2572 3202 πρὸς
2600 3130 2726 3183 λαὸν
2763 3129 3106 3194 ἀπειθοῦντα,
3138 3130 3231 3183 καὶ
3267 3129 3632 3197 ἀντιλέγοντα,
3662 3130 3772 3192 τοῖς

522 3227 611 3282 die
636 3226 871 3297 expandi
900 3241 1095 3281 manus
1132 3240 1283 3280 meas
1329 3224 1396 3277 ad
1430 3223 1686 3294 populum
1731 3222 2092 3290 incredulnm,

2200 3221 2580 3293 πορευομένοις
2611 3224 2669 3274 έν
2689 3221 2790 3293 ὁδῷ
2817 3221 2878 3274 οὑ
2906 3221 3065 3293 καλῇ,
3096 3221 3219 3290 ἀλλ”
3257 3221 3430 3273 ὀπίσω
3456 3220 3565 3273 τῶν
3594 3220 3772 3291 ἀμαρτ-

522 3328 577 3373 et
602 3318 1085 3381 contradicentem,
1129 3317 1222 3388 qui
1264 3316 1541 3370 ambulant
1577 3315 1630 3368 in
1661 3316 1747 3368 via
1780 3331 1889 3369 non
1914 3316 2076 3381 bona,

2184 3314 2313 3368 τιῶν
2352 3312 2552 3379 αὑτῶν,
2584 3314 2709 3367 λαὸν
2742 3312 3117 3385 παροξύναντά
3150 3330 3216 3384 με
3245 3311 3471 3367 ἐνώπιόν
3500 3328 3620 3382 μου.
3661 3332 3679 3363 ι

524 3408 619 3466 sed
644 3418 765 3480 post
793 3414 1013 3479 peccata
1062 3422 1189 3473 sua;
1218 3405 1472 3475 populum
1524 3405 1938 3460 exacerbantem
1983 3420 2069 3461 me
2115 3408 2171 3461 in
2206 3414 2500 3475 conspectu
2530 3420 2650 3460 meo
2678 3404 2743 3459 ’³.
2786 3424 2804 3457 ι

1096 3515 1323 3571 CAPUT
1368 3513 1506 3569 XVI.

526 3613 873 3676 Enumeratio
902 3609 1321 3679 propheticarum
1359 3606 1902 3679 pra’dictionumiqua:
1939 3608 2095 3663 Chri-

592 3695 731 3738 stum
761 3676 1083 3751 pradicant;
1129 3676 1366 3751 quarunt?
1384 3687 1618 3731 eventum
1666 3676 1844 3751 Judaei
1884 3680 2085 3751 intuiti,

592 3746 802 3825 propter
838 3746 1290 3825 _m_alevolentiant_
1319 3748 1503 3803 Jesum
1541 3764 1652 3825 esse
1694 3746 1962 3825 Christum
1997 3748 2093 3825 l)_ei

592 3817 698 3881 iwu
725 3822 1079 3887 crediderunt,
1123 3830 1172 3874 et
1222 3821 1291 3879 ad
1334 3834 1540 3874 crucem
1586 3817 1869 3871 Dominum
1908 3820 2093 3888 gloria:

591 3895 1079 3955 coudcnmaverunt.

598 3988 782 4047 Videte
798 4002 905 4057 quo
928 3985 1089 4043 modo
1112 3985 1340 4055 populus
1355 3984 1757 4041 exacerbaverit
1778 3982 2087 4047 Dominum,

596 4146 635 4174 “‘
663 4143 807 4197 Psal.
844 4156 1037 4199 Lxxm,
1070 4142 1120 4194 4.
1230 4138 1311 4189 "l
1346 4139 1486 4195 Petr.
1521 4158 1580 4200 ιι,
1605 4142 1689 4195 l0.

520 4213 733 4269 "Psnl.
770 4229 939 4267 vau.
978 4214 1065 4264 l8.
1144 4212 1189 4243 ’³
1228 4210 1332 4263 lsa.
1372 4227 1498 4273 va,
1532 4212 1583 4265 ι).

1797 4140 1837 4170 ³⁸
1863 4139 2018 4193 Roin.
2047 4155 2120 4199 Ix,
2151 4139 2240 4195 ‘25.

2704 3517 3097 3571 ΚΕΦΑΛΑΙΟΝ
3136 3519 3252 3584 ις’.

2215 3609 2639 3679 Ἀπαρίθμησις
2673 3610 3052 3680 προφητικῶν·
3079 3609 3464 3678 προρῤήσεων
3490 3610 3596 3664 τὲν
3637 3613 3770 3680 Χρι-

2269 3682 2419 3733 στὸν
2455 3677 2904 3747 ὀιηρυττουοέῶν,
2935 3677 3021 3732 ὧν
3073 3677 3341 3733 Ἰουδαῖοι
3371 3680 3485 3747 τὴν
3524 3677 3771 3734 ἑκϐασιν

2273 3749 2646 3819 θεασάμενοι,
2664 3750 2731 3801 ἐκ
2750 3750 3078 3819 ,κακονοίας
3099 3750 3449 3817 ἠπίστησαν
3474 3751 3659 3803 αὐτὸν
3687 3750 3768 3802 εἷο

2268 3836 2363 3873 ναι
2402 3818 2506 3872 τόν
2550 3818 2805 3886 Χριστὸν
2850 3820 2955 3873 τοῦ
2994 3820 3160 3885 Θεοῦ,
3198 3820 3295 3875 καὶ
3323 3819 3560 3888 σταυρῷ
3600 3820 3771 3874 ωτέο

2271 3906 2478 3957 κρίνειν
2514 3889 2618 3943 τὸν
2650 3888 2758 3956 τῆς
2785 3888 2966 3957 δόξης
2992 3892 3226 3958 Κύριον.

2269 3981 2499 4037 Βλέπετε
2549 3982 2665 4045 πῶς
2710 3981 3023 4054 παρώξυνεν
3069 3984 3096 4035 ὁ
3149 3982 3275 4045 λαὸς
3306 3981 3395 4036 τὸν
3434 3980 3655 4053 Κύριον,
3694 3978 3768 4051 μὴ

2344 4142 2383 4171 ‘9
2409 4139 2509 4194 Isa.
2540 4156 2661 4202 va,
2693 4139 2741 4194 l.
2818 4141 2862 4171 ¹⁰
2897 4138 3027 4194 Dan.
3053 4156 3148 4201 vn,
3180 4138 3242 4191 10
3338 4138 3376 4167 ²¹
3412 4135 3556 4192 Psal.
3583 4153 3668 4203 xc,
3714 4135 3764 4194 7.

1810 4362 2172 4419 VARIORUM
2206 4361 2436 4417 NOTAE.

573 4552 669 4673 ‘(GI
706 4553 826 4634 Ai):

520 4620 641 4674 Vim
672 4663 684 4677 .
731 4623 827 4676 LL.

591 4692 667 4757 (7)
706 4691 925 4757 Σωτήρ.
959 4687 1015 4742 In
1049 4688 1219 4741 altero
1240 4684 1362 4739 cod.
1388 4682 1550 4757 Vind.
1585 4684 1805 4757 Κύριος.
1838 4682 1911 4739 In.

591 4693 645 4755 (7
706 4693 925 4757 Σωτήρ.
960 4693 1015 4742 In
1049 4693 1219 4741 altero
1240 4693 1362 4739 cod.
1395 4693 1550 4739 Vind.
1586 4693 1805 4755 Κύριος.
1838 4693 1911 4739 ιι).

591 4693 667 4833 (8i
713 4762 865 4815 Τότε.
916 4759 1081 4821 Ποτέ,
1138 4754 2089 4833 uterque_codex..lionjungendnm

516 4824 956 4900 miin'negatione
978 4845 1099 4897 qua:
1121 4824 1436 4900 antecessit,
1467 4824 1624 4900 quasi
1658 4831 1814 4900 esset
1836 4827 2042 4895 μήποτε
2060 4841 2087 4900 _'

516 4918 638 4957 cum
680 4893 949 4970 nu'nquam
986 4893 1305 4968 quwsissetis
1347 4911 1487 4959 eum,
1537 4893 1600 4947 ab
1634 4910 1691 4947 eo
1716 4893 1846 4949 estis
1872 4893 2091 5017 linventi.

1896 4981 1947 5017 ι).

1896 4981 1947 5019 D.

589 5042 667 5112 (9)
710 5041 924 5109 Ὑμεῖς.
959 5038 1117 5095 Deest
1140 5036 1194 5095 in
1224 5035 1516 5092 cod.Vind.
1549 5044 1601 5090 et
1630 5034 1853 5156 quideilrli)
1872 5038 2087 5090 melius.

1826 5122 1879 5157 Ι).

420 5224 427 5251 ί
462 5174 469 5178 ⁷
591 5182 704 5251 (10)
765 5179 848 5245 Τῷ
892 5177 1341 5251 παντοκρᾴτορι.
1390 5174 1580 5232 Melius
1620 5176 1742 5231 cod.
1782 5174 1945 5229 Vind.
1986 5174 2092 5227 Τοῦ

428 5294 432 5298 ι
518 5248 957 5323 παντοκράτορος
985 5248 1137 5304 Θεοῦ.
1174 5248 1248 5302 lo.

589 5323 703 5393 (Η)
733 5314 1034 5393 Ἠεοῇεῖται,
1063 5328 1197 5383 etc.,
1230 5318 1295 5372 ad
1340 5316 1771 5382 εὐθηνούντων.
1807 5315 2009 5369 Desunt
2040 5314 2094 5367 in

521 5392 753 5447 utrouue
773 5392 894 5445 cod.

592 5408 1180 5531 (Ἃῗέἵὲὶξνούντων.
1230 5457 1643 5531 Abundantium.
1667 5454 2089 5531 Aliigbliupotivm

517 5526 645 5587 των.
666 5526 857 5586 Caeteri
880 5526 1260 5583 εὐθυνούντων.
1304 5528 1449 5587 Psal.
1473 5543 1637 5587 van.
1663 5528 1745 5581 l8.
1775 5526 1942 5579 Multo
1966 5533 2087 5593 post

521 5601 637 5659 lucc
664 5602 807 5670 typis
839 5602 1124 5670 mandata,
1152 5614 1278 5652 cum
1310 5599 1541 5670 legerem
1571 5596 1848 5670 _Theodoti
1897 5594 2082 5665 Ancy—

521 5618 637 5659 nzec
664 5618 685 5654 ι
724 5618 807 5670 pls
839 5618 1112 5661 mandata,
1152 5618 1278 5652 cum
1311 5618 1541 5668 legerem
1592 5618 1848 5651 meouou
1897 5618 2081 5665 micy-

520 5673 640 5729 rani
680 5618 1083 5739 Expositionem
1115 5669 1169 5722 in
1213 5669 1523 5739 symbolum
1566 5667 1869 5739 Niczenum,
1918 5681 2081 5731 quam

519 5739 736 5795 duobus
764 5737 847 5795 ab
891 5740 1015 5791 hinc
1060 5739 1219 5791 annis
1248 5737 1367 5791 orbi
1397 5737 1709 5789 Christiano
1739 5737 1967 5801 largitus
1997 5745 2080 5788 est

517 5807 983 5868 eminentissimus
1029 5806 1319 5861 cardinalis
1356 5806 1677 5861 Franciscus
1704 5804 2074 5869 'Barbcrinns,

706 4548 911 4605 Αὐτῶν
939 4556 993 4603 et
1037 4563 1188 4616 seqq.
1238 4544 1305 4600 ad
1339 4544 1557 4600 αὐτῶν.
1599 4544 1804 4601 Desunt
1849 4544 1903 4598 in
1961 4547 2085 4601 cod.
2122 4550 2164 4606 D
2194 4545 2499 4598 litterarum
2536 4545 2714 4599 l'autor
2737 4544 2989 4607 eximius,
3014 4546 3232 4616 perveni
3268 4547 3331 4601 ad
3361 4549 3539 4603 locum
3572 4552 3762 4616 istum,

2196 4633 2253 4689 p._
2283 4616 2351 4669 86
2372 4634 2397 4689 _:
2431 4615 2639 4689 Tbjdtp
2670 4616 2884 4671 πάντων
2928 4616 3054 4689 τοὺς
3099 4615 3287 4689 λόγους
3323 4619 3566 4689 ἐρευνᾷν,
3608 4615 3767 4675 κατα-

2195 4686 2339 4756 λύειν
2368 4686 2482 4738 έστὶ
2512 4685 2765 4756 θαύματα
2801 4702 2813 4714 ’
2850 4685 2959 4756 ᾐκαὶ
2997 4685 3363 4756 παροργίςειν
3389 4685 3519 4741 Θεὸν
3556 4691 3614 4743 έν
3648 4694 3767 4753 ταῖς

2196 4754 2657 4837 θαυματουργίαις
2711 4754 2875 4835 αὑτοῦ
2932 4754 3086 4826 παρ*
3130 4754 3284 4837 ἡμῶν
3340 4757 3760 4829 εὑΟυμούμενον.

2199 4824 2339 4878 Nam
2392 4824 2622 4879 rationes
2679 4825 2908 4878 omnium
2965 4824 3330 4894 pertestigare,
3373 4824 3764 4883 est—miracula

2195 4894 2495 4958 dissolvere,
2527 4906 2574 4949 et
2613 4896 2777 4950 Deum
2826 4896 2878 4947 in
2911 4897 3020 4949 suis
3056 4912 3178 4964 erga
3211 4913 3302 4949 nos
3327 4899 3612 4952 miraculis
3657 4915 3764 4953 sese

2196 4966 2538 5022 obiectantem
2583 4967 2650 5019 ad
2701 4968 2836 5019 iram
2886 4980 3182 5031 provocare.
3213 4966 3314 5032 Qui
3355 4967 3572 5035 quidem
3614 4969 3763 5023 locus

2196 5036 2326 5090 milii
2370 5037 2519 5108 visus
2571 5043 2654 5091 est
2698 5045 3028 5108 corruptus;
3072 5036 3427 5108 Corrigendus
3457 5046 3636 5092 autem
3671 5055 3763 5108 per

2198 5106 2551 5177 mutationem
2577 5105 2846 5175 participii
2883 5104 3281 5177 εὑΟυμούμενον
3311 5109 3364 5159 in
3416 5104 3759 5177 participium

2200 5174 2674 5245 εὐθυνόμενονζὴιι
2702 5184 2759 5229 ιιι
2780 5191 2974 5230 sensus
3004 5175 3074 5228 sit
3096 5194 3109 5229 :
3130 5174 3135 5175 7
3156 5186 3205 5229 et
3233 5177 3300 5229 ad
3321 5174 3459 5245 iram.
3483 5174 3761 5238 provocare

2200 5244 2455 5307 Deum,’a
2489 5246 2635 5300 nobis
2667 5248 2724 5299 iu
2755 5246 2864 5298 suis
2894 5246 3163 5298 miraculis
3248 5244 3508 5297 rationem
3580 5258 3761 5314 postu—

2202 5324 2390 5378 ,atum,
2436 5332 2596 5385 seuia
2636 5333 2735 5385 quo
2771 5317 2825 5368 in
2855 5316 2963 5367 suis
2992 5316 3264 5369 miraculis
3337 5318 3595 5373 rationem
3673 5331 3761 5370 e1:-

2203 5401 2499 5450 puscamus.
2537 5384 2665 5457 Pag.
2714 5387 2803 5447 ὅθ,
2845 5386 2905 5457 5|
2944 5403 2955 5437 :
3012 5385 3575 5457 ’.ἁπάσης-περιέργου
3606 5386 3761 5457 ζητή-

2192 5471 2329 5526 σεως
2384 5454 2658 5518 παντελῶς
2703 5456 3024 5526 ἀπεχόμενοι
3055 5471 3076 5526 '7
3119 5455 3179 5507 οὑ
3212 5454 3326 5526 γὰρ
3359 5454 3670 5525 εὐθύνομεν
3692 5454 3759 5513 τὰ

2189 5524 2293 5596 ὑπὸ
2320 5526 2568 5596 πατέρων
2599 5524 3030 5595 πεπιστευμένα,
3064 5525 3170 5596 hoc
3215 5524 3344 5580 est:
3378 5525 3454 5578 Ab
3494 5524 3636 5579 muni
3670 5540 3757 5577 cu»-

2187 5595 2330 5648 riosa
2374 5594 2738 5665 disquisitione
2770 5594 2981 5665 (penitus
3008 5594 3333 5665 abstinentes
3370 5610 3389 5648 :
3430 5611 3592 5665 neque
3620 5595 3754 5648 enim

2185 5665 2238 5716 in
2267 5680 2335 5735 ea,
2369 5664 2485 5735 qua:
2522 5682 2553 5717 a
2606 5664 2855 5719 Patribus
2895 5664 3095 5718 credita
3134 5664 3383 5735 (fuerunt,
3420 5664 3759 5735 inquirimus.

2187 5734 2341 5799 Quod
2364 5733 2542 5789 autem
2564 5735 2916 5789 doctissimus
2941 5736 3101 5795 homo
3127 5734 3346 5789 Samuel
3374 5733 3677 5789 Bochartus
3698 5733 3754 5789 in

2190 5805 2520 5873 Hierozoico,
2554 5821 2605 5877 p.
2651 5805 2771 5879 l,'l.
2818 5823 2877 5873 ιι,
2912 5824 2960 5861 c.
2994 5805 3084 5871 65,
3118 5806 3390 5878 corrigere
3429 5806 3623 5867 nititur
3650 5804 3752 5876 Cyv
