2040 3133
200 157 253 184 885

656 155 955 183 CONSTITUTIONES
971 155 1310 184 APOSTOLlGE.———LIB.
1331 158 1361 185 V.

1769 160 1821 188 886

197 214 342 245 πιστεύσας
363 212 436 248 αὐτῷ
451 221 458 231 ν
482 213 522 240 διδ
544 212 618 248 λέγει
634 221 640 228 ·
660 211 826 249 Παρώξυναν
846 212 876 238 τὸ
900 212 982 239 Πνεῦ-

1104 214 1219 242 credens
1233 215 1258 242 ei
1275 224 1281 241 :
1298 218 1464 250 quapropter
1477 215 1515 242 ait
1532 225 1537 242 :
1555 224 1563 240 ι
1581 215 1822 244 Exacerbavcrunt

197 269 236 295 μα
249 260 279 286 τὺ
301 259 387 293 ἅγιον,
403 260 449 286 καὶ
463 259 585 295 ἐστράφη
607 260 698 291 αὐτοῖς
711 261 752 291 εἰς
766 259 875 294 ἔχθραν.
895 259 985 285 Ἀὂλε-

194 305 245 340 ψία
259 306 312 340 γὰρ
327 305 417 337 αὐτοῖς
432 305 566 341 κατεχύθη
584 305 629 332 διὰ
650 306 699 340 τὴν
719 306 861 332 κακόνοιαν
885 305 983 337 αὐτῶν,

195 352 235 378 an
256 351 398 386 βλέποντες
414 351 459 378 τὸν
478 351 582 387 Ἰησοῦν
596 352 646 378 οὐκ
659 352 799 378 ἐπίστευον
818 352 898 378 αὐτὸν
917 350 985 378 εἶναι

195 398 241 424 τὸν
255 397 370 432 Χριστὸν
383 397 430 424 τοῦ
454 398 532 430 Θεοῦ,
551 399 597 424 τὸν
616 399 669 434 πρὸ
692 399 799 425 πάντων
823 398 928 424 αἰώνων
955 397 985 429 ἐξ

195 444 277 472 αὑτοῦ
291 445 452 479 γεννηθέντα
467 445 533 479 (15),
558 445 621 472 Υἰὸν
636 446 778 480 μονογενῆ,
797 445 883 478 Λόγον
907 443 983 476 Θεὸν,

310 490 469 525 ἐπέγνωσαν
494 491 548 526 (14)
567 492 601 518 δι’
616 492 754 523 ἀπιστίαν,
779 491 840 517 οὔτε
865 490 909 517 διὰ
929 490 984 517 τῶν

181 534 338 571 λδνιργειῶν
361 536 454 568 αὺτοῦ,
473 536 535 563 οὔτε
562 538 614 572 μὴν
636 537 680 563 διὰ
693 538 747 564 τῶν
767 538 831 572 περὶ
843 537 925 563 αὐτοῦ
937 546 984 571 γε-

194 581 360 617 γραμμένων
380 583 560 618 προφητειῶν.
580 584 639 610 ’Ὁτι
658 583 712 618 γὰρ
735 583 767 610 ὲκ
790 584 923 619 παρθένου
940 592 985 618 γε-

195 631 316 662 νήσεται,
327 629 506 662 ἀνεγίνωσκον
517 630 556 655 τό·
567 639 575 654 ι
594 629 658 655 Ἰδοὺ
673 629 689 663 ή
702 629 835 664 παρθένος
849 630 877 655 ὲν
887 630 985 665 γαστρὶ

195 673 317 708 λήψεται,
332 674 378 700 καὶ
387 674 491 706 τέξεται
503 674 569 706 υίὺν,
585 675 631 700 καὶ
644 674 786 701 καλέσουσι
800 675 830 701 τὸ
843 675 928 711 ὄνομα
941 676 985 702 αὑ-

195 719 242 745 τοῦ
260 719 431 755 Ἐμμανουήλ
455 728 462 735 ⁸
482 720 522 746 ὅτι
545 720 650 747 παιδίον
671 721 800 756 ἐγεννήθη
828 722 893 757 ἡμῖν
917 722 983 757 (15),

196 765 253 796 υίὸς
268 765 314 791 καὶ
330 765 407 801 ἐδόοη
423 767 498 800 ἡμῖν,
514 762 544 792 οὗ
559 767 575 801 ἡ
589 766 660 801 ἀρχὴ
676 766 722 792 ἐπὶ
737 767 783 793 τοῦ
801 766 876 802 ῶμου
891 768 983 801 αὐτοῦ,

196 811 243 837 καὶ
254 811 375 838 καλεῖται
390 812 420 838 τὸ
435 812 520 846 ὄνομα
532 812 624 843 αὐτοῦ,
640 812 761 847 μεγάλης
779 812 877 848 βουλῆς
900 814 984 847 ἅγγε-

194 859 249 888 λος,
265 856 428 892 θαυμαστὸς,
445 857 603 893 σύμϐουλος,
619 859 694 890 Θεὸς,
711 859 819 894 ἰσχυρὸς
834 859 900 895 (16),
914 859 985 892 £500-

1029 251 1169 294 es'plritum
1186 263 1329 292 sanctum;
1348 263 1375 286 et
1388 266 1535 287 conversus
1549 265 1591 288 est
1604 261 1644 288 eis
1658 260 1686 287 in
1703 260 1821 288 inimici-

1035 306 1100 332 tiam
1108 305 1158 333 “.1
1176 306 1291 333 Caecitas
1308 307 1381 334 enim
1394 306 1434 334 eis
1448 305 1534 333 olIusa
1548 310 1599 336 cst.
1612 309 1723 341 propter
1737 307 1821 333 animi

1036 353 1077 379 sui
1097 352 1257 388 pravitatem
1269 372 1277 383 .
1298 353 1370 387 quod
1390 356 1534 380 cernentes
1550 351 1652 385 Jesum,
1675 352 1821 379 noluerunt

1035 397 1146 425 credere
1160 406 1221 425 eum
1235 406 1296 425 esse
1308 397 1447 425 Christum
1464 397 1521 429 Dei,
1540 401 1603 424 ante
1613 397 1704 424 omnia
1719 397 1820 425 szecula

1036 443 1070 469 ab
1083 442 1144 477 ipso
1155 444 1285 478 genitum,
1296 442 1394 470 Filium
1406 443 1586 477 unigenitum,
1596 441 1714 469 Verbum
1725 442 1821 476 Deum;

1036 489 1110 515 hunc
1129 490 1163 516 ob
1182 489 1368 516 infidelitatem
1392 497 1447 516 non
1469 493 1655 523 agnoverunt,
1682 496 1770 523 neque
1789 496 1822 515 ex

1036 535 1165 569 operibus
1179 536 1250 569 ejus,
1268 543 1357 570 neque
1372 542 1406 562 ex
1425 534 1576 570 prophetiis
1595 534 1628 561 de
1647 541 1680 561 eo
1699 533 1821 568 scriptis.

1036 581 1114 613 Quod
1125 581 1196 607 enim
1208 588 1241 608 ex
1253 581 1359 615 virgine
1371 580 1447 607 nasci
1463 580 1584 610 deberet.
1599 579 1726 614 legebant
1738 579 1819 605 illud:

1038 635 1047 650 ι
1063 627 1132 653 hcce
1146 626 1221 660 virgo
1240 626 1268 652 in
1283 629 1361 653 utero
1378 625 1526 660 concipiet,
1542 628 1568 652 ct
1584 625 1670 659 pariet
1687 624 1783 655 tilium,
1795 628 1823 650 et

1036 672 1173 699 vocabunt
1187 679 1285 699 nomen
1301 672 1360 706 ejus
1374 671 1532 698 Emmanuel
1545 671 1567 686 "
1581 692 1587 697 .
1611 670 1746 703 Quoniam
1760 677 1823 704 par-

1035 716 1115 743 vulus
1130 720 1209 742 natus
1221 719 1262 742 est
1278 716 1368 748 nobis,
1384 715 1455 743 ﬁlius
1471 720 1497 743 et
1512 715 1592 743 datus
1606 719 1648 742 est
1662 715 1751 746 nobis,
1772 722 1821 742 cu-

1033 762 1079 797 jus
1093 761 1262 796 principatus
1278 769 1360 796 super
1386 762 1529 788 humerum
1553 762 1633 795 ejus;
1657 765 1684 788 et
1708 765 1822 788 vocatur

1037 814 1135 834 nomen
1158 807 1218 842 ejus
1247 807 1337 842 magni
1362 807 1469 834 consilii
1490 807 1620 841 Angelus,
1641 806 1820 839 admirabilis,

1035 853 1221 883 consiliarius,
1245 852 1325 884 Deus,
1351 852 1441 885 fortis,
1460 857 1566 887 potens.
1588 853 1716 888 princeps
1734 854 1820 887 pacis,

196 903 318 939 σιαστὴς,
342 904 432 939 ἄρχων
453 905 572 939 εἰρήνης,
596 904 686 939 πατὴρ
699 904 745 931 τοῦ
766 905 907 940 μέλλοντος
918 897 982 931 α,ίῶ-

1036 902 1112 934 pater
1122 898 1205 926 futuri
1222 898 1314 926 saeculi
1326 898 1358 925 ".
1375 908 1384 924 ι
1393 898 1471 931 Quod
1485 906 1547 926 vero
1559 906 1607 934 per
1619 906 1753 926 summam
1764 906 1821 925 ma-

193 958 248 981 νος.
268 959 278 975 ι
300 950 359 976 Ὀτι
373 950 401 976 δὲ
411 949 455 976 διὰ
468 950 566 976 κακίαν
582 950 801 985 ὑπερόἁλλουσαν
820 951 983 987 ἀπειθήσου-

194 1003 237 1021 σιν
251 995 335 1030 αὖτῷ,
350 995 433 1029 λέγει·
449 1005 457 1021 ι
475 996 576 1031 Κύριος
587 996 653 1031 (17),
665 996 706 1028 τίς
715 996 858 1023 ἐπίστευσε
872 998 904 1033 τῇ
914 997 982 1033 ἀκοῇ

194 1041 287 1077 ὴμῶν;
308 1042 384 1068 καὶὸ
409 1042 527 1077 βραχίων
547 1042 650 1077 Κυρίου
673 1042 726 1069 τίνι
749 1042 944 1078 ἀπεκαλύφθη;
971 1052 981 1068 ι

194 1087 250 1113 Καὶ
263 1087 325 1122 ἑξῆς
337 1095 343 1102 ·
363 1097 372 1112 ι
393 1088 472 1122 Ἀκοῇ
488 1087 629 1119 ἀκούσετε,
645 1088 692 1114 καὶ
705 1088 735 1114 οὐ
752 1088 789 1123 μὴ
805 1089 902 1123 συνῆτε
913 1096 920 1103 -
936 1087 984 1114 καὶ

196 1132 338 1167 βλέποντες
353 1133 473 1168 βλέψιτε,
490 1133 537 1159 καὶ
559 1133 589 1159 οὺ
606 1134 642 1168 μὴ
664 1133 736 1168 ἴδητε
753 1142 759 1148 ·
776 1133 913 1169 ἐπαχύνθη
929 1134 983 1169 γὰρ

194 1179 211 1213 ἡ
226 1178 324 1213 καρδία
334 1178 381 1205 τοῦ
395 1179 459 1205 λαοῦ
474 1179 577 1205 τούτου.
599 1189 608 1204 ι
634 1179 679 1205 Διὸ
698 1179 767 1214 ἤρθη
788 1180 839 1205 ἀπ’
854 1179 943 1205 αὐτῶν
966 1179 982 1214 ή

194 1223 305 1258 γνῶσις,
330 1224 371 1250 ὅτι
396 1224 493 1256 ἰδόντες
517 1225 653 1260 παρεῖδον,
679 1225 726 1251 καὶ
748 1225 912 1256 ἀκούσαντες
933 1225 983 1251 οὐκ

195 1269 313 1304 ἥκουσαν
329 1278 336 1284 ·
353 1271 416 1305 ὑμῖν
430 1270 469 1302 δὲ,
488 1272 544 1301 τοῖς
559 1270 588 1302 ἐξ
603 1270 696 1303 ἐθνῶν,
713 1270 789 1306 ὲδόθη
814 1271 830 1305 ὴ
851 1270 981 1305 βασιλεία,

195 1316 235 1342 ὅτι
250 1316 287 1351 μὴ
299 1315 476 1350 γινώσκοντες
490 1316 564 1348 Θεὸν,
576 1316 619 1342 διὰ
628 1315 674 1342 τοῦ
688 1316 864 1351 κηρύγματος
878 1315 985 1342 πιστεύ-

197 1370 290 1394 σαντες
305 1362 403 1396 ἕγνωτε
423 1362 513 1393 αὑτὸν,
532 1362 630 1397 μᾶλλον
644 1362 672 1388 δὲ
687 1361 841 1397 ὲγνὼσθητε
856 1362 909 1388 ὑπ’
934 1362 984 1388 αὺ-

195 1407 252 1440 τοῦ,
269 1408 314 1435 διὰ
334 1408 419 1444 Ἰησοῦ
434 1408 480 1435 τοῦ
499 1409 624 1444 Σωτῆρος
639 1409 686 1435 καὶ
708 1408 845 1444 λυτρωτοῦ
860 1408 915 1434 τῶν
938 1408 982 1434 ὲλ-

196 1453 328 1486 πιζόντων
343 1455 389 1481 ἐπ’
404 1455 493 1481 αὐτόν.
515 1455 689 1487 Μεταὸάντες
702 1455 757 1491 γὰρ
771 1455 824 1481 ἀπὸ
846 1455 896 1489 τῆς
914 1463 983 1490 προ-

195 1500 277 1536 τέρας
292 1501 472 1536 ματαιοπόνου
487 1501 541 1536 (18)
558 1501 712 1536 συνηθείας,
739 1501 786 1528 καὶ
803 1500 857 1527 τῶν
872 1500 983 1535 ἀψύχων

195 1545 310 1572 εἰδώλων
325 1547 505 1582 ὐπεριδὸντες,
521 1547 632 1573 καὶτῶν
649 1548 678 1574 ἐν
703 1548 791 1574 σκότει
814 1546 869 1581 (19)
888 1546 983 1581 δαιμό-

194 1601 248 1619 νων
262 1594 523 1628 καταφρονήσαντες,
538 1594 754 1629 προσδραμόντες
768 1602 797 1619 τε
811 1593 848 1628 τῷ
863 1593 932 1627 φωτὶ
944 1591 983 1628 τῷ

194 1637 323 1673 ἀληθινῷ,
343 1636 389 1664 καὶ
408 1638 563 1672 ἐπιγνόντες
577 1639 610 1665 δι’
625 1639 706 1665 αὑτοῦ
721 1639 766 1665 τὸν
780 1639 828 1665 ἕνα
842 1639 889 1665 καὶ
906 1639 985 1674 μόνον

194 1684 320 1718 ἀληθινὸν
344 1684 408 1710 Θεὸν
429 1685 475 1710 καὶ
496 1684 620 1719 Πατέρα,
644 1684 805 1720 κληρονόμοι
826 1685 876 1720 τῆς
903 1684 984 1712 αὐτοῦ

198 1728 334 1762 βασιλείας
348 1730 507 1766 ἀνεφάνητε.
530 1730 727 1761 Βαπτισθέντες
740 1730 795 1765 γὰρ
813 1730 867 1766 (Ξο)
882 1732 922 1762 εἰς
939 1731 985 1758 τὸν

197 1774 244 1800 τοῦ
263 1775 364 1810 Κυρίου
387 1776 509 1808 θάνατον,
530 1776 577 1803 καὶ
598 1777 636 1807 είς
655 1776 704 1811 τὴν
718 1776 864 1802 ἀνάστασιν
887 1777 979 1809 αὑτοῦ,

197 1820 235 1852 ὼς
249 1821 376 1856 ὰρτιγενῆ
392 1821 477 1857 βρέφη
488 1822 656 1857 ἀνενέργητα
669 1822 737 1857 πρὸς
748 1822 837 1848 πᾶσαν
847 1822 981 1857 ἁμαρτίαν

196 1867 315 1900 ὀφείλετε
330 1865 407 1899 εἶναι,
423 1868 453 1894 οὺ
467 1868 521 1903 γάρ
535 1868 596 1894 ἐστε
611 1868 724 1900 ἑαυτῶν,
740 1868 808 1895 ἀλλὰ
820 1867 867 1894 τοῦ
882 1869 982 1903 ἀγορά-

198 1921 293 1945 σαντος
307 1914 378 1949 ὑμᾶς
391 1914 429 1949 τῷ
444 1914 539 1941 ἑαυτοῦ
558 1914 663 1949 αἵματι.
685 1915 752 1950 Περὶ
774 1914 828 1950 γὰρ
847 1914 893 1940 τοῦ
918 1922 982 1940 ποτε

203 1959 320 1995 Ἰσραὴλ,
339 1958 414 1987 εἶπεν
432 1961 446 1987 ὁ
465 1960 574 1996 Κύριος,
598 1960 642 1987 διὰ
665 1960 713 1996 τὴν
736 1961 862 1987 ἀπιστίαν
882 1960 980 1992 αὐτῶν,

197 2005 238 2032 ὅτι
251 2006 396 2041 ἀρθήσεται
412 2007 462 2033 ἀπ’
475 2006 563 2033 αὐτῶν
586 2007 602 2041 ἡ
623 2006 743 2042 βασιλεία
765 2006 811 2033 τοῦ
836 2006 913 2038 Θεοῦ,
935 2006 982 2032 καὶ

196 2051 338 2086 δοθήσεται
347 2052 416 2079 ἔθνει
428 2052 614 2084 ποιοῦντιτοὺς
628 2053 749 2088 καρποὺς
763 2053 856 2088 αὐτῆς·
871 2053 981 2088 δηλαδὴ,

196 2096 237 2123 ὅτι
252 2097 307 2132 (21)
324 2098 396 2132 ὑμῖν,
410 2100 466 2129 τοῖς
487 2099 544 2125 ποτ’
566 2096 641 2125 οὖσιν
664 2098 877 2134 ἁπεξενωμένοις
899 2098 981 2125 αὑτοῦ

199 2142 316 2178 μακρὰν,
331 2143 392 2175 δοὺς
405 2144 453 2179 τὴν
469 2144 614 2179 βασιλείαν,
635 2145 772 2180 ἐκδέχεται
791 2146 853 2177 τοὺς
873 2146 922 2181 τῆς
936 2145 981 2171 εὐ-

251 2222 335 2249 "lsa.
361 2230 437 2254 anl,
457 2221 500 2248 10.
538 2222 626 2249 "lsa.
653 2230 702 2254 vn,
725 2223 774 2255 H;
799 2221 892 2249 Matth.
921 2230 941 2254 ι,
965 2221 1010 2248 25.
1054 2220 1139 2247 "lsa.
1168 2228 1205 2250 Ix,
1231 2219 1257 2246 6.

854 2258 874 2273 ³¹
888 2252 967 2284 Rom.

1061 2256 1088 2283 5.
1126 2255 1169 2281 ³¹Ι
1193 2255 1265 2282 Petr.
1298 2262 1329 2286 ιι,
1342 2258 1369 2281 ‘2.
1409 2252 1431 2268 ³³
1447 2253 1456 2278 Ι
1472 2253 1534 2279 Cor.
1551 2260 1588 2283 vr,
1605 2253 1650 2281 19.
1687 2252 1709 2268 ⁸⁸
1723 2252 1816 2279 Matth.

199 2255 221 2270 "
235 2255 294 2284 Gal.
323 2265 358 2285 Iv,
387 2257 413 2283 9.
452 2256 572 2283 "1mm.
601 2257 669 2288 I.9;
696 2266 764 2290 xvn,
788 2257 815 2285 5.

199 2299 254 2326 itan,
265 2291 308 2319 45.
346 2292 367 2308 ³⁵
383 2291 479 2319 Matth.
501 2299 559 2324 xxI,
575 2291 620 2319 28.

1033 943 1118 971 litiam
1132 948 1224 971 essent
1235 944 1259 972 ei
1276 944 1402 976 diiiisuri,
1412 944 1449 971 ait
1462 954 1468 971 :
1486 953 1495 969 ε
1514 944 1638 976 Domine,
1654 944 1717 979 quis
1732 945 1822 972 credi-

1033 989 1072 1017 dit
1096 989 1201 1016 auditui
1220 991 1332 1018 nostro?
1352 994 1380 1018 et
1400 989 1542 1017 brachium
1568 990 1673 1018 Domini
1689 991 1732 1018 cui
1746 999 1822 1018 reve-

1033 1035 1117 1062 latum
1131 1039 1174 1063 est
1186 1035 1224 1062 '7?
1239 1046 1247 1062 ι
1262 1035 1295 1062 Ει
1306 1035 1395 1063 adhuc
1408 1045 1415 1064 :
1433 1045 1442 1061 ‹
1462 1035 1564 1063 Auditu
1581 1036 1709 1067 audietis.
1726 1040 1753 1064 et
1764 1044 1819 1063 non

1033 1092 1210 1128 intelligetis;
1237 1097 1264 1121 et
1278 1093 1401 1121 videntes
1421 1092 1559 1124 videbitis.
1583 1097 1610 1120 et
1631 1101 1685 1121 non
1705 1093 1819 1122 scietis:

1035 1139 1220 1166 incrassatum
1233 1139 1304 1166 enim
1317 1142 1360 1166 est
1374 1146 1421 1165 cor
1433 1139 1524 1174 populi
1536 1138 1657 1173 hujus".
1666 1148 1675 1164 ι
1684 1138 1776 1171 Quare
1788 1139 1822 1166 ab

1035 1185 1070 1212 iis
1082 1185 1189 1212 sublata
1201 1189 1244 1212 est
1257 1185 1389 1220 cognitio,
1410 1185 1475 1219 quia
1492 1192 1555 1212 cum
1573 1184 1755 1220 aspexissent,
1774 1185 1822 1212 de-

1033 1234 1190 1264 spexerunt,
1210 1234 1237 1257 et
1253 1238 1314 1257 cum
1334 1230 1484 1261 audissent,
1501 1238 1555 1257 non
1571 1230 1732 1258 obedierunt
1750 1241 1756 1258 :
1774 1239 1821 1258 vo-

1033 1275 1075 1302 bis
1093 1283 1167 1306 vero.
1190 1276 1235 1310 qui
1255 1276 1370 1311 gentiles
1395 1275 1498 1307 fuistis,
1517 1275 1610 1302 datum
1627 1279 1669 1303 est
1691 1283 1820 1311 regnum;

1033 1321 1172 1355 quoniam,
1198 1329 1259 1348 eum
1286 1328 1339 1348 non
1370 1322 1571 1356 coguosceretis
1592 1321 1687 1353 Deum.
1710 1326 1822 1356 accepta

1034 1367 1224 1401 praedicatione
1241 1367 1407 1398 credidistis,
1429 1370 1455 1394 et
1482 1374 1544 1394 eum
1565 1367 1744 1402 cognovistis,
1767 1367 1822 1394 imo

1033 1420 1099 1440 vero
1114 1413 1215 1448 cogniti
1234 1413 1301 1440 estis
1314 1413 1348 1440 ab
1363 1421 1406 1445 eo,
1426 1420 1474 1448 per
1488 1411 1581 1440 Jesum
1598 1412 1768 1440 Salvatorem
1792 1419 1820 1440 et

1034 1459 1233 1494 redemptorem
1249 1459 1418 1494 spcrantium
1431 1459 1458 1485 in
1474 1460 1564 1494 ipsum
1581 1459 1614 1485 '9.
1627 1458 1731 1486 Relicta
1748 1459 1820 1486 enim

1035 1505 1117 1539 priori
1131 1505 1337 1536 consuetudine,
1356 1504 1418 1531 vani
1438 1505 1541 1532 laboris
1563 1504 1653 1539 plena.
1674 1508 1701 1532 et
1722 1505 1820 1540 despc-

1035 1551 1087 1578 ctis
1098 1550 1178 1578 idolis
1189 1552 1278 1577 anima
1296 1551 1464 1583 carentibus,
1483 1554 1510 1578 et
1526 1551 1625 1585 spretis
1639 1550 1820 1582 daemonibus.

1035 1597 1081 1631 qui
1095 1596 1122 1623 in
1136 1596 1257 1623 tenebris
1271 1599 1431 1629 versantur;
1445 1600 1621 1623 accurrentes
1640 1604 1704 1623 vero
1722 1597 1755 1623 ad
1775 1604 1821 1623 ve-

1036 1650 1095 1669 rum
1111 1643 1213 1673 lumen.
1230 1649 1262 1669 ac
1276 1650 1324 1677 per
1344 1642 1410 1668 illud
1425 1647 1604 1677 agnoscentes
1621 1650 1704 1669 unum
1729 1649 1761 1668 ac
1777 1650 1821 1669 so-

1036 1690 1091 1716 lum
1105 1697 1197 1716 verum
1216 1688 1299 1716 Deuln
1311 1692 1337 1715 et
1348 1687 1457 1715 Patrem
1474 1688 1511 1721 '°;
1527 1688 1660 1723 designati
1676 1688 1744 1715 estis
1766 1688 1822 1714 lue--

1035 1735 1115 1763 redes
1131 1734 1207 1770 regni
1221 1735 1291 1768 ejus.
1305 1733 1373 1759 Nam
1386 1733 1516 1768 baptizati
1530 1733 1557 1759 in
1574 1737 1686 1760 mortem
1702 1733 1820 1763 Domini,

1033 1785 1060 1807 et
1073 1781 1098 1806 in
1110 1780 1336 1807 resurrectionem
1347 1779 1406 1813 ejus
1419 1778 1451 1811 ³¹,
1466 1782 1593 1813 tanquam
1606 1779 1725 1806 infantes
1740 1779 1820 1805 modo

1034 1825 1117 1861 geniti
1132 1824 1237 1852 debetis
1251 1831 1312 1851 esse
1327 1824 1360 1851 ad
1371 1831 1451 1850 omne
1464 1827 1604 1858 peccatum
1616 1822 1766 1851 inefﬁcaces
1776 1823 1797 1838 ³¹
1811 1833 1818 1848 τ

1035 1871 1097 1906 quia
1113 1877 1166 1896 non
1177 1869 1260 1897 vestri
1270 1869 1346 1899 estis,
1360 1869 1406 1895 sed
1423 1868 1483 1902 ejus
1493 1868 1540 1903 qui
1555 1876 1603 1895 vos
1618 1868 1750 1904 sanguine
1770 1875 1820 1895 suo

1035 1917 1101 1944 emit
1112 1916 1145 1943 ³³.
1160 1915 1299 1950 Siquidem
1314 1914 1347 1941 de
1363 1913 1475 1948 antiquo
1488 1912 1586 1940 lsraele
1597 1912 1665 1939 dixit
1677 1912 1819 1945 Dominus,

1036 1962 1072 1989 ob
1093 1961 1279 1989 inﬁdelitatem
1297 1967 1404 1991 eorum,
1422 1959 1494 1994 quod
1516 1958 1655 1986 auferetur
1670 1959 1705 1986 ab
1719 1959 1758 1986 eis
1778 1967 1821 1986 re-

1035 2015 1117 2042 gnum
1135 2006 1193 2037 Dei,
1205 2010 1231 2033 et
1244 2005 1354 2032 dabitur
1367 2003 1439 2039 genti
1456 2003 1564 2030 facienti
1581 2002 1687 2030 fructus
1701 2003 1762 2038 ejus
1776 2004 1799 2019 “
1811 2013 1818 2030 :

1036 2053 1150 2084 scilicet,
1166 2060 1278 2086 regnum
1294 2050 1384 2078 dando
1409 2049 1496 2080 vobis,
1518 2049 1564 2083 qui
1581 2049 1727 2083 aliquando
1741 2049 1821 2084 longe

1035 2098 1069 2125 ab
1082 2105 1114 2125 eo
1129 2098 1213 2125 eratis
1236 2096 1316 2123 alieni
1341 2100 1368 2123 et
1386 2094 1513 2129 ablegati,
1530 2094 1626 2129 recipit
1649 2094 1717 2129 grati
1736 2094 1819 2121 animi

1035 2143 1150 2170 fructus.
1168 2143 1190 2159 ³³
1207 2141 1261 2169 Vos
1275 2141 1375 2176 quippe
1385 2140 1461 2174 estis,
1477 2139 1524 2175 qui
1539 2139 1686 2174 aliquando
1698 2139 1774 2167 missi
1785 2139 1820 2166 ad

1312 2218 1402 2246 "lsa.
1433 2224 1493 2249 LIII,
1523 2217 1548 2244 1.
1607 2218 1697 2245 "lsa.
1723 2225 1760 2248 vi,
1790 2217 1816 2243 9.

846 2356 1028 2385 VABIORUM
1044 2356 1158 2385 NOTAE.

197 2450 287 2485 rillutn
303 2448 514 2485 Alerandritium
533 2447 566 2485 ad
578 2446 662 2485 _Micl_i.
676 2448 753 2477 1,“,
774 2444 887 2485 legendo
901 2444 977 2480 εὐθη-
993 2458 1015 2485 D

196 2484 303 2515 νοῦσαν,
326 2483 372 2509 ubi
394 2483 508 2509 habetur
525 2481 702 2508 εὑσθενοῦσαν
721 2491 727 2508 :
745 2481 810 2507 mihi
826 2481 870 2507 illa
885 2488 978 2508 emen-

196 2519 270 2546 datio
287 2526 340 2545 non
356 2518 495 2552 probatur,
513 2517 575 2551 quia
595 2517 735 2552 subjungit
755 2515 882 2552 rCyriIlus
901 2523 907 2541 :
930 2515 979 2541 Εὑ-

197 2554 275 2587 σθενῆ
286 2562 327 2585 τε,
337 2550 377 2579 ὃτι
386 2553 432 2578 καὶ
442 2553 510 2578 πίων
556 2550 704 2587 χώραίκερ
718 2550 977 2587 ληῖοιςκατᾲκορος,

197 2563 243 2580 συε
286 2563 327 2585 τε,
337 2563 377 2579 οτι
386 2563 432 2578 και
442 2563 510 2578 πίων
525 2563 541 2587 η
556 2563 641 2587 χωρα,
658 2563 704 2579 και
719 2563 802 2585 Αηιοις
818 2563 977 2585 χατυικυρυς,

196 2563 341 2620 πῶέτὲστιν
355 2587 532 2622 ἀμφιϐαλεῖν;
549 2592 575 2614 et
594 2587 657 2621 quia
679 2583 938 2622 Tlteodoritirillud,
956 2585 978 2622 _1‘)

153 2650 155 2652 .
194 2619 250 2659 τῶν
262 2623 368 2659 χωρίων
376 2619 525 2656 ἀσφάλεια,
541 2622 575 2649 ad
590 2619 767 2648 εὖσθενοῠσαν
786 2621 919 2655 pertinere
938 2619 979 2645 vi-

194 2658 283 2686 detur.
298 2658 365 2685 Cor.

230 2694 286 2728 (13)
307 2692 425 2720 Αιώνων
449 2692 483 2725 ἐξ
504 2692 598 2719 αὐτοῦ
626 2691 815 2728 γεννηθέντα.
839 2690 869 2728 _ln
893 2689 979 2728 altero

1029 2445 1142 2473 criticus
1154 2445 1291 2473 addidisse
1301 2445 1407 2471 videtur
1419 2444 1448 2476 ἐξ
1462 2443 1554 2475 αὑτοῦ,
1567 2450 1630 2470 cum
1644 2442 1738 2469 Ariani
1752 2450 1818 2469 con-

1030 2480 1173 2508 tenderent
1185 2481 1283 2508 F'ilium
1293 2487 1354 2507 esse
1369 2480 1401 2506 ἐκ
1414 2480 1467 2506 τῶν
1484 2479 1521 2514 μὴ
1535 2479 1620 2505 ὄντων
1634 2478 1754 2513 genitum
1769 2486 1817 2505 seu

1031 2520 1163 2543 creatum.
1181 2517 1264 2543 Cum.

1068 2549 1124 2583 (14)
1150 2551 1345 2585 Ἐπέγνωσαν.
1362 2549 1436 2576 Alter
1450 2550 1510 2576 cod.
1529 2548 1660 2585 ἔγνωσαν.
1678 2547 1715 2575 In.

1070 2585 1125 2619 (15)
1150 2583 1238 2621 Ἠμῗιλ.
1256 2585 1334 2621 Deest
1353 2585 1378 2611 in
1393 2585 1480 2621 altero
1490 2584 1555 2621 cod:
1570 2583 1606 2610 In.

1069 2617 1125 2655 (16)
1148 2617 1286 2655 Ἰὰχυρός.
1305 2619 1385 2647 Deest
1399 2620 1426 2655 in
1439 2620 1533 2645 altero.
1547 2617 1584 2645 In.

1083 2656 1125 2689 17)
1144 2657 1259 2689 Κύριος.
1276 2655 1350 2682 Alter
1364 2654 1459 2689 Κύριε,
1473 2654 1577 2681 melius.
1596 2654 1633 2681 In.

1069 2688 1125 2725 (18)
1142 2688 1357 2718 Μῖίτιιιθπόνου,
1381 2689 1455 2715 Alter
1479 2690 1540 2715 cod.
1561 2688 1814 2724 πατροπαραδότου.

194 2725 256 2757 cod.
278 2725 438 2755 'Vindobou.
468 2728 545 2754 deest
571 2725 676 2754 tantum
699 2726 814 2757 αἰώνων,
838 2726 865 2752 in
893 2726 977 2751 altero
1027 2725 1066 2752 lu.

194 2764 275 2800 etiam
304 2766 446 2800 sequentia
470 2763 552 2800 verba
582 2772 588 2789 :
624 2762 667 2800 Ἐξ
694 2761 781 2800 ατ)τοῦ-
803 2759 974 2800 γεννηθέντα.

194 2799 313 2825 Arianus
324 2795 452 2832 scriptor.
469 2801 516 2823 aut
535 2798 711 2832 interpolator
736 2796 817 2830 hujus
837 2795 913 2832 libri,
936 2795 977 2821 vi—

194 2835 273 2861 detur
288 2830 390 2860 tantum
406 2833 551 2866 scripsisse
567 2842 573 2859 :
597 2830 653 2866 Πρὸ
671 2832 777 2858 πάντων
799 2830 912 2860 αἰώνων,
929 2837 978 2856 ne-

194 2877 247 2903 que
259 2868 331 2896 enim
346 2865 479 2902 negabant
490 2867 581 2894 Ariani
603 2865 732 2903 Filiumn
749 2865 838 2903 Putre,
856 2870 915 2903 ante
929 2873 976 2890 sw-

195 2900 436 2939 Eula,generatimt.
454 2903 505 2931 Sed
523 2903 623 2930 rectius
641 2902 760 2929 sentiens
773 2900 911 2933 librarius,
929 2904 974 2926 aut

1065 2760 1120 2795 (l9)
1150 2762 1196 2787 ‘Er
1210 2761 1318 2787 σκότει.
1337 2759 1416 2795 D_eest
1430 2759 1456 2784 in
1471 2759 1566 2795 altero.
1578 2758 1620 2795 1οἒ

1065 2793 1121 2831 (ΞΘ)
1141 2796 1214 2830 Γὰρ,
1228 2796 1323 2823 Melius
1337 2793 1383 2831 οὖν
1395 2795 1420 2831 in
1437 2793 1497 2831 cod.
1514 2793 1594 2831 Vind.
1612 2793 1648 2820 lo.

1063 2829 1119 2865 (21)
1143 2829 1272 2865 Δηζῖηδὶι,
1289 2831 1340 2857 ὅτι.
1356 2829 1439 2865 Δῆλον
1462 2829 1501 2855 ὅτι
1522 2830 1617 2857 melius
1645 2830 1671 2856 in
1698 2833 1814 2863 utroque

1027 2867 1087 2894 cod.
1102 2866 1180 2894 Vind.
1198 2866 1233 2893 lu.
