4080 6266
414 335 523 393 895

1251 333 1309 391 S.
1345 335 1735 392 CLEMENTLS
1765 338 1786 391 1
1818 339 1985 395 ROM.
2021 340 2221 396 PONT.
2256 338 2482 395 OPERA
2515 339 2740 396 DUBIA.

3535 344 3641 399 896

415 455 548 510 Post
577 452 697 510 dies
723 468 851 508 vero
871 459 1015 517 octo,
1057 450 1128 507 sit
1155 452 1309 506 vobis
1343 468 1534 508 rursus
1568 451 1765 506 festum
1801 453 1975 507 bono-

2075 451 2212 505 ἔστω
2242 453 2367 523 ὑμῖν
2398 454 2564 507 πάλιν
2613 456 2770 528 ἑορτὴ
2817 453 3003 527 τιμὶα,
3054 454 3190 525 αὐτὴ
3217 456 3250 525 ἡ
3282 454 3468 527 ὀγδόην
3520 459 3578 511 ὲν

416 546 648 601 randum
701 552 929 599 octavus
977 544 1134 607 dies,
1183 542 1236 597 in
1296 560 1407 613 quo
1457 559 1543 598 me
1591 543 1855 598 Thomam
1908 546 1976 601 de

419 638 821 695 resurrectione
869 636 957 690 vix
1015 650 1078 689 ac
1116 650 1185 689 ne
1232 635 1319 689 vix
1370 636 1588 705 quidem
1631 635 1973 701 credentem,

415 732 691 795 convicit,
732 728 1027 785 ostendens
1075 728 1208 782 mihi
1246 728 1521 781 clavorum
1548 728 1772 799 vestigia
1795 768 1808 790 ,
1847 730 1976 782 item

417 826 620 880 lanceae
649 825 847 878 vulnus
874 823 925 875 in
952 821 1196 875 latere“.
1218 819 1283 873 Et
1308 821 1524 883 iterum,
1550 836 1578 873 a
1602 821 1776 889 prima
1804 820 1979 875 Domi-

416 933 538 972 nlca
581 914 882 970 numeratis
921 912 1282 983 quadraginta
1327 912 1520 965 diebus
1551 912 1616 975 ⁸⁷,
1647 921 1769 981 post
1792 911 1978 966 Domi.

417 1009 600 1063 nicum
631 1006 773 1061 diem
808 1021 902 1060 seu
935 1004 1285 1058 hebdomadas
1316 1002 1451 1058 feria
1491 1004 1679 1073 quinta
1708 1005 1978 1059 celebrate

417 1101 615 1153 festum
658 1097 1060 1167 Assumptionis
1104 1096 1319 1150 Domini
1353 1097 1418 1160 ⁸³,
1457 1096 1512 1148 ἰιι
1546 1111 1653 1163 quo
1690 1096 1798 1159 die,
1826 1111 1975 1150 com-

416 1194 561 1263 picta
595 1191 740 1247 omni
769 1168 1265 1258 diSpensatione.et
1292 1188 1699 1250 constitutione,
1732 1188 1978 1244 ascendit

417 1285 486 1337 ad
520 1282 686 1336 Deum
713 1297 776 1334 ac
794 1279 1011 1334 Patrem
1034 1281 1101 1342 ",
1131 1280 1447 1333 emissorem
1486 1295 1643 1333 suum
1662 1280 1727 1342 ⁷ο,
1753 1289 1805 1334 et
1827 1281 1979 1334 sedet

416 1390 449 1429 a
487 1374 691 1428 dextris
723 1372 942 1426 virtutis
975 1373 1044 1432 τί,
1074 1380 1463 1441 exspectatque
1490 1370 1662 1425 donec
1702 1381 1977 1441 ponantur

417 1465 627 1521 inimici
663 1465 783 1535 ejus
822 1465 924 1519 sub
968 1465 1087 1534 ejus
1140 1464 1367 1535 pedibus
1398 1464 1479 1531 7’;
1535 1464 1627 1534 qui
1652 1473 1704 1519 et
1741 1465 1793 1519 in
1840 1481 1976 1521 con-

418 1560 781 1615 summatione
822 1558 1004 1613 saaculi
1038 1557 1212 1611 veniet
1237 1572 1361 1611 cum
1393 1563 1662 1627 potestate
1708 1574 1771 1612 ac
1807 1560 1976 1629 gloria

418 1653 587 1706 multa
627 1652 694 1715 ⁷³,
738 1650 804 1704 ad
852 1649 1210 1718 judi‘candum
1241 1648 1394 1705 vivos
1432 1656 1488 1704 et
1532 1658 1777 1706 mortuos
1816 1652 1886 1717 ⁷⁸,
1924 1660 1978 1707 et

2079 543 2474 598 δυσπιστοῦντα
2510 547 2611 617 ἐμὲ
2654 548 2853 618 Θωμᾶν
2876 548 2967 600 ἐπὶ
2994 550 3060 618 τῇ
3103 548 3432 608 ἀναστάσει,
3472 547 3643 620 ἐπλη-

2081 635 2376 707 ροφόρησε,
2407 637 2585 703 δείξας
2617 656 2706 709 μοι
2733 640 2859 701 τοὺς
2883 639 3085 702 τύπους
3109 639 3216 692 τῶν
3244 638 3407 710 ἥλων,
3432 640 3526 693 καὶ
3544 641 3647 711 τῆς

2075 725 2273 797 λόγχης
2302 731 2359 781 ὲν
2389 733 2454 800 τῇ
2502 731 2713 803 πλευρᾷ
2748 733 2845 803 τὴν
2882 732 3101 803 τρῶσιν.
3149 733 3260 785 Καὶ
3298 731 3456 785 πάλιν
3480 774 3494 796 ,
3536 733 3648 786 ἀπὸ

2077 819 2177 889 τῆς
2206 819 2429 892 πρώτης
2466 824 2754 894 Κυριακῆς
2791 823 3193 895 ἀριθμήσαντες
3236 823 3647 895 τεσσαράκοντα

2074 912 2305 983 ἡμέρας,
2336 914 2443 966 ἀπὸ
2489 914 2775 986 Κυριακῆς
2820 915 2979 986 μέχρι
3030 915 3315 985 πέμπτης,
3359 911 3645 984 έορτάζετε

2075 1006 2174 1075 τὴν
2221 1006 2411 1076 ἑορτὴν
2457 1005 2557 1075 τῆς
2599 1005 2944 1075 Ἀναλήψεως
2990 1005 3083 1057 τοῦ
3130 1006 3363 1075 Κυρίου,
3413 1004 3533 1057 καθ’
3578 1006 3646 1072 ἢν

2077 1096 2371 1167 πληρώσας
2417 1099 2597 1151 πᾶσαν
2642 1097 2950 1168 οἰκονομίαν
2997 1097 3091 1150 καὶ
3135 1096 3397 1162 διάταξιν,
3447 1095 3644 1166 ἀνῆλθε

2078 1189 2213 1263 πρὸς
2248 1192 2339 1245 τὸν
2391 1190 2787 1245 ἀποστείλαντα
2840 1189 3001 1242 αὐτὸν
3058 1188 3191 1243 Θεὸν
3246 1192 3340 1243 καὶ
3396 1189 3641 1261 Πατέρα,

2077 1283 2305 1347 καθίσας
2350 1285 2413 1337 ὲκ
2468 1282 2655 1347 δεξιῶν
2699 1283 2801 1352 τῆς
2842 1281 3148 1352 δυνάμεως,
3197 1282 3292 1334 καὶ
3338 1281 3644 1352 περιμένων

2076 1375 2180 1440 ἕως
2208 1376 2274 1430 ἂν
2300 1375 2526 1428 τεθῶσιν
2545 1377 2593 1429 oi
2623 1377 2804 1447 ἐχθροὶ
2830 1374 2992 1427 αὑτοῦ
3014 1373 3117 1426 ὑπὸ
3130 1374 3255 1437 τοὺς
3275 1373 3439 1436 πόδας
3456 1372 3638 1427 αὑτοῦ·

2077 1468 2136 1531 ὃς
2184 1470 2277 1523 καὶ
2337 1469 2611 1524 ἐλεύσεται
2668 1470 2760 1523 ἐπὶ
2802 1467 3083 1539 συντελείᾳ
3126 1466 3219 1519 τοῦ
3266 1465 3459 1528 αἰῶνος
3508 1464 3646 1536 μετά

2075 1561 2354 1633 δυνάμεως
2410 1562 2501 1615 καὶ
2554 1561 2711 1632 δόξης
2766 1558 2993 1628 πολλῆς,
3053 1561 3233 1629 κρῖναι
3289 1554 3496 1618 ζῶντας
3550 1556 3646 1610 καὶ

2077 1656 2321 1727 νεκροὺς,
2356 1655 2446 1707 καὶ
2473 1652 2762 1707 ἀποδοῦναι
2795 1652 3009 1722 έκάστῳ
3037 1652 3177 1705 κατά
3204 1648 3272 1701 τά
3300 1648 3433 1719 ἔργα
3458 1646 3641 1703 αὐτοῦ.

417 1742 484 1797 ad
518 1742 850 1798 reddendum
895 1742 1124 1812 singulis
1174 1740 1473 1797 secundum
1519 1756 1583 1796 ea
1631 1757 1751 1812 qua:
1793 1757 1975 1812 gesse-

2079 1748 2189 1800 Καὶ
2214 1747 2335 1800 τότε
2373 1747 2587 1817 ὄψονται
2632 1746 2722 1798 τὸν
2762 1743 3043 1813 ἀγαπητὴν
3082 1742 3208 1795 Υίὸν
3244 1739 3338 1794 τοῦ
3380 1740 3544 1807 Θεοῦ,
3585 1740 3645 1793 όν

418 1836 526 1891 rint
574 1836 641 1891 ⁷⁸.
697 1834 957 1904 Tuncque
1003 1832 1264 1887 videbunt
1312 1832 1570 1907 dilectum
1621 1831 1717 1887 Dei
1753 1832 1975 1899 Filium,

416 1944 577 2000 quem
601 1933 1037 1998 compunxerunt
1063 1943 1077 1990 ;
1123 1933 1177 1979 ει
1207 1935 1600 1996 cognoscentes
1644 1941 1789 1993 eum,
1822 1928 1980 1998 plan-

417 2030 544 2091 gent
570 2035 734 2089 super
757 2020 989 2089 seipsos,
1027 2018 1205 2073 tribus
1229 2017 1297 2073 ad
1326 2018 1528 2073 tribum
1548 2057 1564 2085 ,
1614 2033 1680 2074 ac
1721 2022 1980 2076 mulieres

415 2127 603 2168 eorum
631 2112 920 2181 separatim
949 2112 1013 2166 ".

1047 2197 1277 2254 CAPUT
1306 2198 1423 2253 XX.

666 2290 953 2346 Prwdictio
991 2291 1273 2360 prophetia:
1311 2292 1375 2345 de
1401 2289 1613 2345 Christo
1649 2288 1798 2344 Iesu.

490 2440 699 2496 Etenim
742 2458 888 2497 nunc
939 2459 1193 2513 quoque,
1246 2444 1459 2500 decima
1501 2444 1706 2499 mensis
1744 2444 1979 2516 Gorpiazi

417 2533 537 2595 die,
600 2531 771 2587 Judazi
827 2535 1183 2605 congregati,
1242 2533 1689 2591 Lamentationes
1730 2535 1981 2594 Ieremia:

418 2624 624 2693 legunt,
656 2625 708 2679 in
747 2626 946 2695 quibus
974 2626 1205 2680 habetur
1240 2643 1254 2679 :
1283 2643 1300 2676 ι
1332 2624 1573 2695 Spiritus
1614 2636 1739 2683 ante
1781 2628 1978 2686 faciem

418 2725 659 2771 nostram
700 2715 950 2772 Christus
1005 2716 1268 2773 Dominus
1306 2726 1500 2788 captus
1525 2729 1608 2774 est
1652 2719 1708 2774 in
1748 2736 1981 2795 corrup-

417 2809 659 2864 tionibus
680 2825 866 2864 eorum
890 2811 956 2875 "',
988 2832 1005 2862 ι
1044 2819 1098 2865 et
1128 2810 1459 2875 Baruchum,
1495 2811 1547 2865 in
1579 2828 1687 2882 quo
1713 2815 1977 2885 scriptum

414 2907 499 2956 est
530 2920 544 2956 :
584 2920 601 2951 ι
643 2900 741 2955 Hic
768 2911 851 2957 est
885 2900 1026 2957 Deus
1055 2911 1267 2969 noster;
1299 2918 1407 2958 non
1452 2904 1815 2960 aastimabitur
1840 2907 1979 2963 alius

416 2993 484 3046 ad
516 3009 673 3060 eum;
706 2994 981 3048 adinvenit
1005 3010 1216 3049 onmem
1240 2995 1382 3048 viam
1407 2996 1670 3060 scientiae,
1704 3003 1757 3051 et
1787 3006 1977 3052 osten-

416 3083 493 3136 dit
519 3083 664 3136 illam
696 3083 901 3138 Jacobo
928 3100 1099 3153 puero
1127 3100 1228 3139 suo
1248 3123 1264 3148 ,
1298 3094 1351 3140 et
1380 3084 1566 3141 lsraeli
1605 3086 1806 3141 dilecto
1848 3090 1973 3146 sibi.

414 3173 545 3229 Post
576 3176 677 3229 hoc
723 3176 778 3229 in
824 3177 985 3230 terris
1030 3179 1181 3231 visus
1231 3183 1337 3242 est,
1392 3184 1446 3231 et
1488 3194 1612 3232 cum
1664 3181 1976 3239 hominibus

414 3275 771 3321 conversatus
801 3271 954 3327 est".
994 3264 1095 3322 »Ει
1133 3266 1275 3321 inter
1299 3267 1585 3338 legendum
1618 3270 1885 3341 plangunt
1911 3290 1977 3329 ac

415 3357 815 3423 lamentantur,
859 3365 918 3411 ut
947 3358 1050 3428 ipsi
1076 3358 1291 3427 quidem
1334 3367 1557 3426 putant,
1607 3363 1915 3418 vastitatem
1945 3381 1977 3421 a

412 3448 950 3505 Nabuchodonosoro
1002 3449 1314 3516 inductam;
1355 3459 1409 3505 at
1454 3468 1642 3507 revera
1689 3456 1975 3511 exordium

414 3541 595 3595 luctus
625 3542 1073 3609 comprehensuri
1113 3558 1231 3604 eos,
1265 3544 1418 3597 inviti
1451 3544 1677 3599 faciunt.
1702 3547 1972 3603 Caeterum

412 3641 535 3703 post
565 3632 749 3687 decem
772 3632 891 3687 dies
932 3635 1001 3687 ab
1030 3634 1367 3691 Ascensione
1388 3676 1404 3699 ,
1448 3652 1544 3691 seu
1580 3638 1974 3711 quinquagesi-

412 3739 501 3777 mo
532 3731 652 3793 post
674 3725 899 3793 primam
930 3723 1265 3780 Dominicam
1296 3727 1405 3790 die,
1444 3743 1699 3798 magnum
1725 3731 1797 3784 sit
1818 3732 1976 3787 vobis

411 3812 609 3869 festum
666 3814 1024 3871 Pentecostes
1059 3818 1146 3884 ”;
1209 3819 1265 3872 in
1314 3833 1379 3873 eo
1413 3820 1615 3890 quippe
1659 3821 1747 3876 die
1791 3820 1976 3877 Domi-

411 3923 516 3962 nus
540 3905 703 3965 Jesns
732 3908 799 3962 ad
828 3925 929 3963 nos
961 3910 1094 3964 hora
1125 3912 1282 3965 tertia
1326 3912 1476 3967 misit
1500 3912 1704 3967 donum
1736 3912 1973 3984 Spiritus

409 4002 621 4067 sancti;
652 4015 716 4055 ac
744 4001 930 4070 repleti
958 4017 1148 4058 sumus
1189 4003 1309 4073 ejus
1350 4003 1629 4072 efﬁcacia;
1668 4013 1724 4060 et
1768 4007 1970 4077 linguis

408 4092 566 4149 novis
593 4093 761 4147 locuti
791 4109 1001 4160 sumus,
1028 4102 1188 4164 prout
1212 4096 1352 4151 idem
1387 4095 1624 4166 Spiritus
1652 4098 1811 4154 nobis
1841 4115 1971 4170 sug-

408 4185 627 4253 gerebat
656 4184 737 4250 8°;
784 4192 837 4240 et
886 4186 1304 4256 prmdicavimus
1333 4184 1536 4242 Iudaeis
1581 4195 1743 4256 atque
1796 4191 1972 4258 genti-

2080 1839 2464 1911 ἐξεκέντησαν,
2515 1838 2611 1892 καὶ
2656 1837 2977 1904 ἐπιγνόντες
3019 1835 3209 1900 αὐτὸν,
3254 1833 3510 1902 κόψονται
3559 1834 3645 1902 ἐφ’

2080 1934 2308 1997 ἑαυτοῖς,
2336 1932 2473 2001 φυλὴ
2505 1928 2644 1983 κατά
2671 1928 2860 1998 φυλὴν,
2892 1927 2984 1979 καὶ
3013 1926 3068 1978 αἱ
3104 1928 3357 1995 γυναῖκες
3404 1922 3516 1993 (45)
3545 1923 3645 1977 αὑ-

2078 2024 2186 2077 τῶν
2216 2026 2333 2077 κατ’
2370 2023 2524 2076 ἰδίαν.

2606 2184 3008 2239 ΚΕΦΔΚΑΙΟΝ
3045 2185 3128 2239 Κ¹.

2189 2280 2526 2352 Πρόρῤησις
2574 2279 2938 2352 προφητείας
2957 2278 3118 2352 ’περὶ
3155 2277 3409 2348 Χριστοῦ
3439 2276 3547 2332 τοῦ

2690 2297 2937 2370 gannitu;
2986 2297 3053 2331 πε

2702 2352 2887 2415 Ιησου
2922 2348 3053 2418 (46).

2148 2441 2258 2494 Καὶ
2292 2438 2399 2510 γὰρ
2426 2437 2520 2491 καὶ
2550 2439 2643 2491 νῦν
2671 2436 2870 2507 δεκάτη
2905 2435 2998 2488 τοῦ
3026 2432 3190 2506 μηνὸς
3208 2432 3498 2503 Γορπιαίου
3532 2431 3645 2503 (47)

2081 2529 2579 2603 συναθροιζόμενοι,
2618 2528 2744 2591 τοὺς
2801 2528 3043 2599 Θρήνους
3085 2524 3344 2596 Ἰερεμίου
3384 2521 3645 2591 ἀναγινώ·

2082 2642 2329 2690 σκουσιν,
2377 2625 2432 2675 έν
2477 2616 2559 2684 οἷς
2603 2622 2833 2691 εἴρηται*
2870 2639 2887 2670 ι
2927 2617 3147 2687 Πνεῦμα
3199 2613 3304 2686 πρὸ
3352 2612 3642 2685 προσώπου

2077 2724 2109 2792 ή
2120 2720 2234 2791 μῶν
2263 2717 2493 2788 Χριστὸς
2524 2714 2727 2785 Κύριος
2755 2709 3055 2781 συνελήφθη
3095 2710 3151 2761 ὲν
3177 2711 3295 2772 ταῖς
3329 2706 3644 2792 διαφθοραῖς

2077 2789 2273 2865 αὗτῶν·
2313 2829 2331 2860 ι
2367 2807 2459 2861 καὶ⁹
2486 2806 2578 2860 τὸν
2608 2805 2817 2876 Βαροῦχ
2841 2844 2855 2868 ,
2887 2803 2945 2855 ὲν
2981 2795 3024 2867 ᾧ
3052 2800 3377 2870 γέγραπταιο
3418 2818 3435 2848 ι
3476 2789 3645 2861 Οὗτος

2080 2905 2107 2955 ὁ
2133 2902 2264 2964 Θεὸς
2301 2899 2479 2971 ήμῶν,
2528 2898 2587 2950 οὐ
2637 2895 3011 2965 λογισθήσεται
3046 2892 3231 2963 ἕτερος
3277 2890 3413 2963 πρὸς
3458 2890 3638 2944 αὐτόν’

2076 2991 2262 3063 ἐξεῦρε
2292 2993 2467 3043 πᾶσαν
2495 2989 2611 3041 ὁδὸν
2640 2987 2966 3057 ἐπιστήμης,
2984 2985 3075 3037 καὶ
3107 2982 3304 3046 ἔδειξεν
3337 2981 3445 3051 (48)
3474 2982 3643 3051 αὐτὴν

2078 3083 2272 3137 Ἰακὼό
2300 3082 2377 3152 τῷ
2408 3082 2553 3134 παιδὶ
2582 3078 2766 3142 αὑτοῦ,
2797 3075 2891 3130 καὶ
2935 3075 3151 3148 Ἰσραὴλ
3186 3075 3264 3144 τῷ
3303 3073 3643 3144 ἠγαπημένῳ

2078 3176 2168 3227 ὑπ’
2195 3173 2378 3227 αὑτοῦ.
2413 3170 2565 3227 Μετά
2592 3168 2749 3223 τοῦτο
2774 3168 2865 3221 ἐπὶ
2906 3167 3007 3236 τῆς
3054 3167 3157 3238 γῆς
3187 3165 3362 3238 ὤφθη,
3404 3167 3497 3221 καὶ
3531 3169 3644 3228 τοῖς

2078 3264 2381 3338 ἀνθρώποις
2429 3261 2855 3333 συνανεστράφη.
2896 3259 3005 3311 Καὶ
3033 3258 3159 3311 ὅταν
3201 3257 3503 3326 ἀναγνῶσι,
3547 3257 3639 3309 κό-

2078 3373 2300 3410 πτονται
2331 3357 2424 3408 καὶ
2453 3353 2759 3424 θρηνοῦσιν,
2790 3351 2865 3414 ὡς
2896 3349 2992 3420 μὲν
3039 3349 3191 3401 αὐτοὶ
3220 3348 3513 3419 νομίζουσι,
3543 3348 3642 3418 τὴν

2076 3446 2309 3520 ἐρημίαν
2336 3445 2433 3517 τὴν
2461 3445 2565 3497 ὑπὸ
2609 3440 3071 3512 Ναϐουχοδονόσορ
3107 3441 3423 3511 γενομένην,
3472 3439 3547 3502 ὼς
3582 3438 3639 3491 δὲ

2073 3544 2107 3612 ἡ
2140 3540 2360 3612 ἀλήθεια
2387 3537 2518 3607 ἔχει,
2551 3535 2812 3607 προοίμια
2840 3533 3112 3586 ποιοῦνται
3141 3533 3362 3595 ἄκοντες
3385 3530 3479 3583 τοῦ
3513 3530 3642 3601 μέλ-

2075 3633 2255 3695 λοντος
2282 3629 2476 3691 αὐτοὺς
2505 3626 2940 3697 καταλαμϐάνειν
2968 3622 3214 3687 πένθους.
3246 3622 3399 3676 Μετά
3426 3621 3481 3674 δὲ
3508 3621 3640 3674 δέκα

2074 3724 2285 3796 ἡμέρας
2313 3722 2411 3791 τῆς
2443 3719 2784 3790 Ἀναλήψεως
2824 3717 2955 3788 (49),
2988 3718 3111 3788 ἦτις
3150 3715 3260 3770 ἀπὸ
3287 3714 3387 3784 τῆς
3416 3712 3640 3785 πρώτης

2074 3814 2358 3886 Κυριακῆς
2402 3809 2744 3882 πεντηκοστὴ
2789 3808 3015 3878 γίνεται,
3046 3806 3205 3881 ἑορτὴ
3254 3804 3460 3877 μεγάλη
3510 3805 3640 3875 ὑμῖν
3744 3868 3747 3869 ν

2073 3907 2230 3961 ἔστω·
2259 3908 2316 3961 ὲν
2341 3905 2475 3975 αὐτῇ
2494 3902 2621 3974 γὰρ,
2652 3901 2770 3973 ὥρᾳ
2796 3900 2951 3971 τρίτῃ
2980 3898 3295 3952 ἀπέστειλεν
3325 3900 3404 3961 είς
3430 3897 3579 3968 ἡμᾶς
3607 3898 3637 3949 ό

2074 3999 2276 4070 Κύριος
2296 3996 2502 4068 Ἰησοῦς
2531 3994 2627 4065 τὴν
2654 3991 2860 4064 δωρεὰν
2886 3991 2980 4045 τοῦ
3012 3992 3166 4059 ἁγίου
3186 3990 3519 4061 Πνεύματος,
3544 3988 3638 4042 καὶ

2075 4091 2419 4162 ὲπλήσθημεν
2447 4084 2609 4140 αὑτοῦ
2636 4085 2737 4154 τῆς
2770 4084 3068 4156 ἐνεργείας,
3098 4083 3193 4136 καὶ
3219 4082 3485 4151 γλώσσαις
3515 4097 3635 4133 και-

2069 4188 2187 4247 ναῖς
2206 4182 2567 4251 έλαλήσαμεν,
2607 4176 2785 4239 καθὼς
2823 4177 2996 4229 ἐκεῖνο
3039 4176 3235 4247 ὑπήχει
3273 4176 3331 4227 ὲν
3358 4177 3507 4245 ἡμῖν·
3539 4171 3634 4223 καὶ

408 4274 532 4340 bus,
574 4274 760 4333 Jesum
802 4293 923 4333 esse
962 4277 1239 4333 Christum
1284 4276 1414 4342 Dei,
1464 4286 1516 4333 et
1555 4281 1911 4334 constitutum
1939 4295 1968 4334 a

2075 4275 2409 4348 ἐκηρύξαμεν
2436 4269 2707 4333 Ἰουδαίοις
2743 4285 2803 4321 τε
2831 4270 2925 4322 καὶ
2950 4267 3176 4335 ἔθνεσιν,
3200 4267 3359 4320 αὑτὸν
3378 4260 3512 4318 εἶναι
3540 4262 3631 4315 τὸν

479 4388 524 4419 ⁸⁸
552 4386 710 4444 Joan.
742 4406 833 4453 xx,
869 4388 963 4447 27.
1037 4390 1080 4421 ’⁷
1113 4388 1232 4444 Act.
1262 4405 1301 4450 ι,
1333 4390 1385 4444 5.
1463 4389 1508 4420 ⁸⁸
1536 4389 1725 4446 Anast.
1778 4392 1909 4447 ibid.
1985 4392 2029 4425 ”
2058 4390 2225 4445 Marc.
2283 4403 2396 4450 va,
2432 4385 2520 4441 l9.
2593 4386 2639 4418 "
2669 4385 2706 4440 l.
2748 4382 2922 4453 ignat.
2970 4382 3223 4453 interpol.
3266 4380 3332 4453 ad
3365 4378 3623 4453 _Magnes.

408 4457 496 4529 il,
534 4457 599 4511 ad
630 4458 743 4529 Sm.
776 4448 830 4514 5.
903 4462 945 4491 ⁷¹
978 4448 1363 4529 Μοῑιίιηιιινι,
1394 4457 1483 4514 δι.
1560 4462 1603 4492 ⁷³
1638 4460 1767 4516 Heb.
1820 4464 1970 4522 x,15

2075 4463 2112 4493 ’³
2143 4460 2308 4513 Marc.
2354 4448 2473 4529 χιιι,
2532 4455 2618 4509 26.
2695 4456 2741 4486 ⁷⁵
2761 4448 2982 4529 ῌΑΤίιῃΑ.
3016 4448 3196 4529 ἰνίί.
3273 4451 3321 4529 '_'
3365 4448 3528 4529 Rom.
3564 4463 3627 4513 ιι,

407 4519 490 4579 6(
535 4530 581 4558 ⁷⁶
627 4526 793 4585 Zach.
847 4544 944 4591 xu,
1013 4530 1118 4593 l0;
1171 4519 1502 4595 Joanfxu,
1560 4532 1649 4587 57.
1724 4519 1975 4587 "Thren

2079 4548 2129 4596 v,
2176 4530 2269 4584 20.
2344 4529 2391 4559 ⁷⁸
2436 4528 2560 4582 Bar.
2625 4539 2708 4592 ιιι,
2760 4525 2850 4580 56.
2931 4524 2975 4557 ⁷⁸
3016 4522 3245 4577 Laudat.
3280 4519 3626 4585 Anastasius,

406 4606 600 4669 quaest.
637 4599 726 4653 64.
805 4600 850 4630 ⁸⁸
881 4597 1001 4654 Act.
1030 4614 1091 4663 ιι,
1125 4600 1179 4655 4.

1696 4708 2062 4766 VARIORUM
2096 4706 2326 4763 NOTAE.

403 4896 521 4957 post
556 4886 665 4957 dies
711 4894 849 4957 octo,
892 4884 959 4939 de
1001 4884 1100 4957 _die
1143 4892 1357 4957 octava,
1406 4898 1514 4936 non
1560 4892 1773 4957 ιιιιῑοιιιΔ
1798 4899 1960 4957 nona.
1998 4887 2042 4945 υ
2068 4881 2472 4957 Εξιρίοιίοιιιιιη,
2505 4896 2609 4957 qua
2639 4878 2849 4957 Iudaeis
2869 4878 3080 4933 animas
3111 4894 3240 4957 suas
3266 4877 3500 4948 allligere
3520 4898 3625 4957 seu

404 4949 563 5013 Unde
606 4955 775 5009 Gratei
819 4956 957 5008 hanc
1001 4954 1338 5007 Dominicam
1385 4962 1701 5007 octavarum
1746 4952 1964 5008 Pascha:
2060 4949 2311 5020 jejunare
2360 4949 2692 5021 praecipitur,
2725 4949 2897 5005 Levit.
2971 4964 3083 5011 xw,
3111 4949 3228 5021 _29;
3292 4967 3449 5021 x_x_m,
3515 4952 3624 5021 27;

404 5033 724 5096 ntmcupant
771 5025 1052 5096 Κυριακὴν
1086 5024 1179 5077 τοῦ
1210 5024 1399 5096 Θωμᾶ.
1441 5022 1571 5096 Quae
1620 5024 1774 5096 ipsis,
1800 5025 1961 5096 etiam

2075 5017 2296 5096 Numer.
2324 5017 2476 5096 xm,
2526 5017 2694 5096 ‘7.Aln
2735 5034 2811 5096 ea_
2829 5026 3075 5088 poterant
3103 5017 3273 5073 Judaii
3316 5017 3627 5080 Hellenistaé

403 5108 486 5151 est
514 5088 672 5167 καίνὴ
707 5088 981 5167 Κυριακὴ,
1010 5088 1065 5149 et
1107 5088 1429 5167 ἀντέπασχα.
1472 5088 1592 5167 Nos
1628 5088 1963 5167 Dominicam

2075 5094 2235 5167 etiam
2263 5091 2570 5146 Barucbum
2592 5088 2777 5144 Graece
2800 5090 2995 5159 legere,
3014 5105 3110 5160 per
3144 5105 3449 5163 synagogas
3472 5107 3621 5150 suas.

406 5168 460 5219 in
495 5161 1045 5231 Albis'appellanius,
1097 5173 1153 5217 et
1196 5161 1404 5218 Pascha
1451 5166 1720 5221 clausum.
1773 5164 1854 5217 vel
1908 5171 1966 5215 nt
2061 5161 2200 5217 Cor.

406 5237 600 5301 legitur
629 5236 682 5287 in
729 5227 932 5304 Regula
978 5234 1377 5304 Chrodogangi,
1428 5248 1546 5304 cap.
1592 5233 1683 5297 56,
1711 5231 1868 5289 Tom.
1918 5231 1961 5297 Ι,

2140 5230 2250 5304 (48)
2281 5230 2569 5304 Ἐδειξεγ,
2600 5227 2839 5304 Uterque
2865 5230 2987 5304 cod.
3016 5230 3231 5304 ἔδωκεν,
3261 5229 3358 5286 CL.

404 5299 688 5373 spici/e955,
723 5299 979 5360 Clavusnm
1012 5299 1397 5358 Paschalco'r.
1495 5299 1509 5304 ’
1924 5372 1935 5373 γ

2075 5370 2103 5373 _
2142 5299 2252 5373 (49)
2294 5300 2454 5373 Μετὰ
2505 5299 2573 5353 δὲ
2624 5299 2768 5373 δέιια
2794 5299 3016 5373 ἡμέρας
3064 5300 3178 5373 τῆς
3218 5302 3618 5373 lmine-aec-

331 5432 344 5446 .
476 5372 724 5447 (ιιὸγΚαὶ
765 5378 823 5447 αέ
862 5375 1161 5444 γυναῖκες,
1199 5385 1305 5430 etc.
1346 5372 1473 5428 Haec
1526 5374 1581 5427 in
1632 5373 1803 5429 altero
1837 5372 1963 5428 cod.

402 5444 749 5500 omittuntur.
782 5444 878 5498 CL.

473 5515 581 5583 (46)
616 5515 723 5567 Τοῦ
751 5513 973 5580 Ἰησοῦ.
1005 5513 1293 5568 Adduntur
1339 5513 1450 5568 haec
1484 5514 1539 5568 in
1572 5513 1731 5567 codd.
1752 5512 1913 5569 Vind.
1952 5538 1962 5571 :

400 5584 467 5704 ἓν
494 5583 1182 5705 Ἰουδαῖοιιάναγινώσκουσι
1205 5584 1402 5655 δεκάτη
1417 5583 1804 5655 Σεπτεμϐρίου,
1844 5585 1961 5653 ήτοι

443 5669 705 5705 comam».
758 5669 808 5705 n.

443 5669 705 5707 οοπιαιου.
736 5669 808 5707 ID.

471 5703 828 5791 (amasti;
858 5724 962 5777 τοῦ
985 5724 1177 5792 μηνὸς
1203 5724 1547 5790 Γορπιαίου.
1576 5724 1790 5777 Decima
1822 5722 1959 5792 Sep—

402 5793 656 5856 tembris,
710 5795 912 5850 mensis
957 5795 1170 5864 soptimi
1198 5831 1212 5859 ,
1266 5795 1353 5849 die
1395 5806 1583 5847 sancta
1628 5804 1681 5849 et
1725 5795 1959 5851 solemni

2072 5370 2432 5441 ReCuperabit
2460 5385 2581 5440 qua;
2608 5370 2792 5441 amisit
2822 5371 3168 5431 Anastasius,
3213 5374 3258 5425 si
3302 5379 3497 5439 quaest.
3528 5372 3618 5435 64.

2065 5459 2121 5512 p.
2150 5440 2276 5505 428,
2307 5440 2429 5512 l._7,
2468 5448 2590 5510 post
2633 5440 2838 5512 κυρίου
2883 5441 3130 5512 posueris
3166 5441 3618 5512 quemadmodum

2065 5459 2121 5512 p.
2150 5456 2276 5505 ηδ,
2307 5456 2343 5495 ι.
2379 5456 2429 5503 τι,
2468 5456 2590 5510 ροει
2634 5456 2838 5510 nuptae
2883 5456 3130 5507 posueris
3166 5456 3618 5565 quemaumoaum

2065 5515 2120 5567 in
2152 5512 2305 5565 libris
2349 5509 2553 5582 Regiis,
2589 5516 2644 5582 et
2690 5510 2744 5582 in
2775 5509 2967 5582 Τειρὶεο
3036 5510 3167 5582 l‘ol._
3210 5513 3298 5573 55,
3338 5513 3431 5564 καὶ
3486 5510 3622 5581 μετά

2065 5582 2278 5653 ἡμέρας
2293 5579 2543 5653 δέκατῇς
2587 5579 2945 5651 Ἀναλήψεως.
2982 5580 3429 5653 constitutionum
3458 5579 3620 5648 porro

2066 5650 2241 5706 locum
2265 5654 2407 5705 hunc
2430 5650 2672 5720 aliOsque
2699 5650 2897 5705 multos
2920 5650 3163 5703 continet
3186 5650 3408 5704 Niconis
3433 5663 3620 5720 mona-

2063 5722 2150 5775 chi
2175 5721 2513 5791 Pandectes;
2544 5717 2639 5791 qui
2676 5721 2813 5778 liber
2849 5726 3099 5777 servatur
3128 5720 3185 5775 in
3216 5720 3411 5777 forulis
3438 5717 3618 5791 Regia

2065 5792 2431 5850 Bibliotheca.
2461 5790 2599 5849 Cof.
