4080 6266
460 361 585 419 ’89⁸7
1386 354 1984 414 CONSTITUTIONES
2016 350 2698 411 APOSTOLICAE.—LIB.
2737 350 2804 407 ν.
3596 359 3708 416 893

476 475 712 547 Χριστὸν
725 469 820 525 τοῦ
840 468 995 535 Θεοῦ,
1013 469 1103 524 τὺν
1121 470 1420 543 ὡρισμένον
1436 472 1525 524 ὑπ’
1540 468 1701 523 αὑτοῦ
1721 468 1911 540 κριτὴν
1926 468 2011 540 (50

2143 466 2256 522 Deo
2298 466 2552 547 judicem
2611 470 2858 522 vivorum
2906 481 2971 521 ac
3027 476 3365 524 mortuorum
3420 470 3485 526 ⁸¹.
3564 470 3701 527 Huic

475 542 693 634 ζῶντων
722 567 813 620 καὶ
836 564 1060 637 νεκρῶν.
1087 542 1271 636 Τούτῳ
1293 564 1497 634 Μωσῆς
1521 562 1811 636 μαρτυρῶν
1835 563 2011 631 ἔλεγεν

2136 542 2360 616 Cbrisio
2432 560 2646 632 Moyses
2705 561 3078 616 testimonium
3135 563 3416 631 praebens,
3474 563 3699 622 aiebat:

480 678 501 711 ι
545 659 741 714 Ἐλασε
790 659 990 729 Κύριος
1035 658 1145 730 πῦρ
1182 658 1333 729 παρὰ
1360 658 1596 729 Κυρίου,
1647 657 1743 710 xui
1779 655 1984 727 ἔϐρεξε.

2142 670 2161 704 ‹
2199 653 2425 723 Accepit
2455 653 2719 708 Dominus
2755 654 2933 724 ignem
2968 668 2998 706 a
3038 653 3290 719 Domino,
3323 662 3377 709 et
3408 656 3544 726 pluit
3571 657 3637 711 ".
3674 675 3695 710 ι

472 752 671 806 Τοῦτον
690 747 829 804 εῐδεν
855 750 1049 803 Ἰακὼὸ
1079 752 1154 814 ὡς
1171 751 1472 822 ἄνθρωπον,
1504 750 1599 803 καὶ
1626 745 1794 802 εἶπεν·
1830 767 1847 799 ι
1884 745 2011 801 Εἶδοε

2135 742 2292 799 Hunc
2316 744 2560 800 'Jacobus
2608 754 2866 814 tanquam
2914 746 3189 801 hominem
3217 747 3375 811 vidit,
3416 755 3475 802 et
3510 748 3646 803 dixit
3680 766 3696 804 :

471 844 603 897 Θεὸν
649 842 936 912 πρόσωπον
973 842 1109 913 πρὸς
1153 842 1462 913 πρόσωπον,
1509 842 1603 895 xui
1644 840 1819 912 ἐσώθη
1854 858 1954 910 μου
1998 844 2011 893 1'

2138 853 2159 887 ι
2189 834 2311 889 Vidi
2369 835 2536 890 Deum
2581 836 2719 891 facie
2765 835 2832 890 ad
2880 836 3096 903 faciem,
3125 845 3180 892 ct
3221 838 3372 893 salva
3425 837 3565 892 facta
3613 846 3700 896 est

468 935 633 1006 ψυχή.
650 953 667 987 ι
697 933 895 987 Τοῦτον
923 934 1173 1005 Ἀϐραὰμ
1194 933 1761 1006 ξενοὼχὴσας,κριτὴν
1772 934 2033 1005 ὡμολόγει

467 1026 561 1078 xui
599 1025 793 1079 ἑαυτοῦ
834 1025 1053 1097 Κύριον.
1106 1025 1305 1079 Τοῦτον
1358 1026 1562 1096 Μωσῆς
1610 1025 1704 1079 ἐπὶ
1740 1025 1841 1095 τῆς
1870 1024 2031 1095 βάτου

463 1115 732 1170 τεθέαταν
750 1118 875 1188 περὶ
895 1117 1081 1170 τούτου
1104 1118 1160 1170 ὲν
1177 1116 1574 1189 Δευτερονομίῳ
1591 1116 1761 1185 ἔλεγεο
1785 1134 1803 1167 α
1822 1117 2031 1187 Προφή-

463 1222 563 1275 την
585 1208 713 1276 ὑμῖν
753 1207 1042 1278 ἀναστήσει
1065 1208 1267 1274 Κύριος
1293 1209 1322 1261 6
1348 1208 1480 1272 Θεὸς
1521 1210 1585 1261 ὲκ
1630 1208 1738 1261 τῶν
1787 1209 2029 1279 ἀδελφῶν

464 1296 496 1349 ὑ
503 1296 617 1367 μῶν
640 1298 715 1361 ὼς
747 1298 864 1369 ἐμέο
882 1300 1042 1352 αὑτοῦ
1057 1299 1351 1353 ἀκούσεσθε
1391 1300 1531 1355 κατά
1552 1300 1728 1354 πάντα
1744 1301 1843 1354 ὅσα
1860 1301 1925 1355 ἂν
1944 1302 2031 1356 λα-

462 1386 600 1461 λήσῃ
617 1391 752 1462 πρὸς
764 1392 925 1463 ὑμᾶς.
944 1393 1133 1446 Ἔσται
1147 1393 1222 1460 δὲ,
1238 1394 1386 1447 πᾶσα
1398 1394 1543 1468 ψυχὴ
1555 1396 1675 1466 ἥτις
1694 1394 1758 1448 ἂν
1774 1398 1847 1468 μὴ
1871 1396 2029 1449 ἀκού-

466 1497 532 1552 σῃ
547 1482 639 1535 τοῦ
671 1484 946 1555 προφήτου
961 1484 1192 1550 ἐκείνου,
1206 1483 1383 1549 ὲξολοθ
1392 1486 1706 1558 ρευθήσεται
1717 1488 1782 1541 ὲκ
1791 1487 1884 1541 τοῦ
1898 1487 2024 1542 λαοῦ

462 1571 651 1643 αὐτῆς.
668 1593 686 1623 ι
705 1573 905 1629 Τοῦτον
934 1570 1070 1629 εἶδεν
1088 1576 1293 1647 Ἰησοῦς
1317 1578 1346 1630 6
1370 1575 1463 1630 τοῦ
1493 1558 1652 1649 Ναυῆ
1682 1580 2024 1652 στρατάρχην

460 1664 562 1735 τῆς
588 1666 869 1737 δυνάμεως
889 1666 1116 1738 Κυρίου,
1145 1667 1609 1739 καθωπλισμένον,
1635 1668 1919 1740 σύμμαχον
1945 1672 2025 1735 είς

2133 928 2317 982 anima
2343 943 2463 983 mea
2494 927 2558 983 ⁸³.
2600 947 2619 979 ι
2672 927 2829 982 llunc
2885 929 3228 984 Abrahamus
3270 928 3508 998 hospitio
3538 944 3699 985 cxce-

2132 1027 2307 1088 ptum,
2337 1018 2700 1074 conﬁtebatur
2736 1020 2977 1089 judicem
3010 1037 3074 1075 ac
3107 1020 3393 1075 Dominum
3437 1038 3595 1078 suum
3626 1022 3693 1079 ⁸³.

2133 1110 2289 1165 Ηυηο
2322 1109 2533 1182 Moyses
2555 1112 2609 1165 in
2642 1112 2778 1166 rubo
2799 1112 3033 1166 vidit”:
3062 1121 3115 1167 et
3144 1112 3211 1168 de
3249 1113 3439 1168 eodem
3470 1115 3529 1167 in
3555 1113 3695 1168 Deu-

2127 1203 2436 1257 teronomio
2477 1203 2616 1257 dixit
2669 1222 2682 1257 :
2743 1222 2762 1254 ι
2816 1203 3144 1274 Prophetam
3196 1204 3488 1259 suscitabit
3540 1205 3696 1261 vobis

2128 1291 2398 1349 Dominus
2462 1292 2607 1350 Deus
2669 1310 2737 1351 ex
2793 1294 3058 1351 fratribus
3114 1297 3314 1351 vestris
3372 1298 3515 1351 sicut
3570 1311 3692 1364 me;

2128 1384 2305 1454 ipsum
2355 1386 2632 1451 audietis,
2700 1390 3006 1442 secundum
3057 1389 3241 1443 omnia
3300 1403 3423 1459 qua!
3476 1389 3694 1443 locutus

2127 1477 2293 1532 fuerit
2352 1478 2542 1545 vobis;
2609 1486 2665 1533 et
2721 1481 2867 1544 erit,
2918 1480 3099 1534 omnis
3152 1478 3365 1543 anima,
3412 1495 3533 1549 qua:
3581 1494 3690 1535 non

2124 1569 2363 1624 audierit
2400 1569 2726 1639 Prophetam
2766 1571 2940 1635 illum,
2971 1571 3426 1626 exterminabitur
3475 1570 3543 1625 de
3592 1585 3691 1639 ρο-

2125 1664 2251 1732 pulo
2280 1678 2381 1718 suo
2408 1662 2475 1718 ⁸⁸.
2513 1681 2532 1714 ι
2578 1663 2735 1717 Ηιιηο
2767 1664 2900 1717 vidit
2928 1662 3089 1718 Jesus
3121 1662 3264 1718 Illius
3296 1662 3458 1717 Navae
3494 1663 3689 1718 ducem

471 1756 709 1829 'leptxdr
742 1754 787 1827 ᾧ
814 1759 908 1813 xui
939 1758 1117 1813 πεσὼν
1140 1760 1541 1833 προσεκύνησεν
1570 1760 1709 1833 (51),
1740 1763 1816 1825 ὡς
1841 1761 2011 1827 δοῦλος

2122 1756 2398 1810 exercitus
2444 1770 2509 1810 ac
2559 1756 2777 1810 virtutis
2820 1755 3056 1822 Domini,
3105 1765 3399 1818 armatum,
3430 1764 3484 1811 et
3507 1756 3690 1811 subsi-

462 1814 771 1921 δειιῖτκεὲνιτινιν.⁹
805 1850 1005 1904 Τοῦτον
1064 1814 1313 1923 Σαμουὴλ
1365 1814 1518 1917 εἰδὼς
1564 1814 1813 1925 Κρίστὸν’

2122 1847 2356 1902 diarium
2420 1848 2475 1902 in
2531 1848 2882 1919 expeditione
2940 1849 3391 1913 Hierichuntina;
3445 1864 3604 1918 quem
3634 1857 3690 1903 et

455 1940 583 2004 τοὺς
626 1943 790 2013 ἱερεῖς
831 1944 923 1995 xui
960 1943 1086 2006 τοὺς
1139 1942 1408 2013 βασιλεῖς,
1452 1946 1706 2015 χριστοὺς
1750 1944 2015 2016 ὠνόμαζε.

456 2031 657 2085 Τοῦτον
697 2032 849 2097 είδὼς
874 2034 1053 2098 Δαόὶδ,
1087 2034 1280 2104 ἔψαλλε
1319 2037 1417 2108 τὴν
1463 2036 1601 2107 ὑπὲρ
1644 2035 1809 2089 αὑτοῦ
1852 2037 2017 2109 ᾠδὴν,

461 2123 647 2191 λέγων*
684 2143 703 2177 ‹
744 2126 864 2197 ᾮδὴ
894 2127 1031 2198 ὑπὲρ
1068 2126 1162 2179 τοῦ
1204 2126 1506 2199 ἀγαπητοῦ·
1535 2146 1554 2178 ι
1599 2128 1693 2181 xui
1745 2128 2019 2202 ἐπιφέρων

455 2215 536 2276 είς
589 2215 875 2286 πρόσωπον
929 2217 1128 2282 αὐτοῦ,
1177 2218 1444 2288 ἔφασκεν·
1498 2219 1851 2291 «Περίζωσαι
1917 2222 2018 2294 τὴν

457 2306 726 2376 ῥομφαίαν
757 2324 849 2360 σου
877 2309 969 2363 ἐπὶ
995 2308 1086 2361 τὸν
1132 2310 1302 2381 μηρόν
1332 2327 1445 2374 σου,
1474 2310 1685 2375 δυνατὲ,
1714 2315 1780 2383 τῇ
1820 2311 2019 2384 ὡραιό-

450 2396 573 2466 τητί
604 2413 716 2461 σου,
747 2399 839 2451 xui
864 2398 943 2469 τῷ
985 2399 1167 2453 κάλλει
1199 2417 1313 2465 σου,
1344 2402 1438 2455 xui
1483 2402 1734 2467 ἕντεινον,
1765 2406 1858 2459 xui
1887 2424 2017 2460 κατ-

449 2486 655 2552 ευοδοῦ,
716 2490 809 2543 καὶ
838 2490 1108 2560 βασίλευε,
1138 2492 1320 2546 ἕνεκεν
1348 2493 1622 2563 ἀληθείας,
1654 2496 1747 2549 xui
1775 2497 2015 2569 πραότη-

447 2593 539 2641 τος
566 2580 660 2633 xui
685 2580 1043 2655 δικαιοσύνης·
1078 2585 1169 2638 καὶ
1209 2585 1460 2656 ὁδηγήσει
1506 2603 1565 2639 σε
1610 2586 1935 2658 θαυμαστῶς
1978 2592 2011 2662 ἡ

446 2670 595 2736 δεξιά
623 2690 736 2727 σου.
767 2674 846 2727 Τά
876 2674 1003 2746 βέλη
1036 2692 1128 2729 σου
1156 2677 1485 2748 ἠκονημένα,
1515 2679 1702 2732 δυνατὲ
1732 2681 1864 2752 (52),
1894 2682 2015 2735 λαοὶ

448 2762 705 2818 ὑποκάτω
743 2782 834 2819 σου
865 2766 1154 2821 πεσοῦνται
1181 2769 1239 2822 ὲν
1281 2769 1475 2841 καρδίᾳ
1514 2771 1621 2825 τῶν
1665 2771 1874 2846 ἐχθρῶν
1918 2774 2014 2829 τοῦ

448 2852 710 2925 βασιλέως
920 2859 1019 2913 Διά
1062 2858 1220 2921 τοῦτο
1273 2860 1455 2933 ἔχρισέ
1496 2880 1555 2915 σε
1581 2867 1609 2916 6
1636 2863 1785 2929 Θεὸς,
1814 2868 1843 2919 6
1881 2867 2014 2932 Θεός

450 2962 541 3002 σου
567 2948 748 3004 ἔλαιον
792 2951 1179 3019 ἀγαλλιάσεως,
1213 2953 1363 3025 παρά
1387 2955 1513 3018 τοὺς
1554 2956 1811 3027 μετόχους
1842 2975 1955 3011 σου.
1987 2978 2006 3010 ι

448 3039 582 3112 Περὶ
626 3042 789 3096 αὐτοῦ
820 3045 912 3098 xui
938 3048 966 3099 6
993 3045 1243 3116 Σολομὼν
1288 3046 1467 3116 ἔλεγεν
1495 3048 1570 3112 ὡς
1615 3050 1679 3102 ἐκ
1720 3051 2010 3120 προσώπου

2121 1941 2410 2009 procidens
2456 1940 2725 2003 adoravit,
2772 1948 2833 1994 ut
2876 1957 3070 1997 servus
3120 1940 3403 1995 dominum
3433 1940 3497 1993 ⁸⁷.
3534 1938 3689 1995 llunc

2122 2029 2340 2086 Samuel
2386 2031 2689 2101 respiciens
2731 2031 3008 2087 Christum
3050 2031 3144 2086 Dei
3176 2031 3246 2096 ⁸⁸,
3289 2030 3606 2085 sacerdotes
3634 2039 3689 2085 et

2116 2137 2295 2193 reges,
2347 2124 2584 2179 christos
2634 2124 2958 2180 nominavit.
3013 2123 3167 2178 Hunc
3220 2123 3387 2177 David
3420 2139 3679 2189 cernens,

2116 2218 2387 2271 canticum
2419 2218 2485 2271 de
2532 2232 2598 2273 eo
2635 2218 2920 2288 psallebat,
2969 2218 3313 2272 inscribens:
3353 2235 3371 2266 ι
3400 2215 3684 2271 Canticum

2116 2323 2216 2378 pro
2244 2310 2445 2363 dilecto
2458 2310 2504 2341 “
2531 2333 2543 2366 :
2569 2329 2587 2362 ι
2625 2319 2788 2379 atque
2818 2312 2932 2365 haec
2961 2310 3126 2364 verba
3155 2309 3222 2364 de
3254 2324 3488 2379 persona
3512 2308 3688 2379 ipsius

2116 2401 2493 2470 subjungens:
2536 2420 2554 2452 ι
2586 2403 2887 2473 Accingere
2927 2402 3108 2472 gladio
3152 2410 3245 2455 tuo
3297 2415 3462 2469 super
3507 2400 3685 2454 fernur

2115 2498 2289 2555 tuum,
2320 2494 2713 2563 potentissime,
2739 2494 2919 2564 specie
2942 2503 3033 2547 tua
3055 2503 3108 2548 et
3136 2493 3541 2564 pulchritudine
3566 2503 3681 2556 tua,

2113 2592 2167 2639 et
2193 2583 2438 2653 int'ende;
2469 2595 2522 2641 et
2557 2602 2816 2657 prospere
2845 2589 3105 2656 procede,
3138 2594 3193 2641 et
3233 2601 3418 2656 regna,
3463 2595 3683 2658 propter

2114 2680 2421 2745 veritatem,
2463 2688 2516 2734 et
2559 2682 3055 2744 mansuetudinem.
3085 2690 3137 2735 et
3165 2680 3468 2750 justitiam;
3501 2689 3557 2735 et
3587 2682 3683 2735 de-

2114 2772 2274 2827 ducet
2303 2784 2353 2828 te
2385 2773 2705 2828 mirabiliter
2727 2774 2949 2828 dextera
2975 2782 3087 2829 tua.
3118 2773 3339 2845 Sagitue
3360 2784 3464 2829 tua:
3486 2782 3678 2839 acutae,

2112 2865 2522 2935 potentissime;
2555 2866 2737 2936 populi
2771 2867 2872 2921 sub
2900 2876 2954 2920 te
2980 2868 3197 2932 cadent,
3223 2868 3277 2923 in
3306 2867 3469 2922 corde
3501 2868 3681 2921 inimi—

2113 2974 2303 3014 corum
2353 2958 2520 3029 regis.
2552 2958 2844 3030 Propterea
2889 2960 3042 3013 unxit
3083 2968 3134 3014 te
3167 2958 3328 3023 Deus,
3364 2960 3504 3015 Deus
3552 2968 3680 3016 tuus

2112 3055 2233 3108 oleo
2261 3053 2665 3117 exsultationis,
2692 3068 2802 3123 pra:
2838 3053 3196 3123 participibus
3228 3054 3340 3108 tuis
3363 3054 3432 3109 '°.
3462 3074 3481 3106 ι
3523 3052 3598 3107 De
3614 3069 3679 3108 eo

446 3132 628 3185 αὐτοῦ·
682 3134 925 3206 «Κύριος
983 3135 1161 3190 ἔκτισε
1208 3155 1272 3208 με
1313 3140 1486 3211 ἀρχὴν
1544 3139 1677 3193 ὁδῶν
1717 3141 1880 3194 αὐτοῦ
1935 3146 2011 3207 είς

2115 3149 2298 3210 etiam,
2330 3154 2385 3200 et
2414 3162 2477 3201 ex
2509 3147 2629 3215 ejus
2659 3161 2911 3216 persona,
2942 3147 3158 3201 dicebat
3189 3145 3444 3201 Salomon
3471 3166 3483 3200 :
3522 3164 3542 3197 ι
3576 3144 3678 3199 Do-

445 3222 580 3296 ἔργα
608 3228 791 3281 αὐτοῦ’
818 3228 921 3301 πρὸ
948 3229 1040 3281 τοῦ
1071 3228 1263 3293 αἰῶνος
1279 3230 1603 3302 ἐθεμελίωσέ
1634 3250 1721 3303 με,
1751 3234 1808 3287 ὲν
1840 3236 2003 3308 ἀρχῇ,

443 3316 549 3387 πρὸ
575 3317 667 3370 τοῦ
696 3318 795 3390 τὴν
822 3319 923 3390 γῆν
961 3321 1200 3391 ποιῆσαι,
1234 3321 1338 3393 πρὸ
1379 3321 1473 3375 τοῦ
1521 3324 1693 3377 ἐλθεῖν
1751 3327 1861 3400 (54)
1904 3328 2003 3393 τὰς

442 3408 623 3477 πηγὰς
649 3411 755 3463 τῶν
784 3412 1007 3475 ὑδάτων,
1040 3413 1145 3483 πρὸ
1172 3412 1265 3466 τοῦ
1309 3415 1409 3486 ὅρη
1439 3416 1786 3488 ἑδρασθῆναι,
1817 3420 1924 3490 πρὸ
1950 3420 2005 3473 δὲ

443 3500 658 3551 πάντων
690 3501 888 3569 βουνῶν
934 3506 1096 3575 γεννᾷ
1127 3521 1213 3575 με·
1242 3524 1261 3555 ι
1308 3506 1402 3558 xui
1447 3506 1625 3559 πάλιν·
1679 3527 1697 3560 ι
1738 3509 1803 3562 Ἡ
1846 3512 2006 3579 σοφία

440 3587 783 3661 ᾠκοδόμησεν
813 3594 975 3666 ἑαυτῇ
1015 3591 1177 3648 οἷκον.
1199 3616 1217 3647 ι
1268 3597 1401 3667 Περὶ
1441 3597 1606 3651 αὐτοῦ
1651 3600 1744 3653 xui
1783 3601 2006 3665 Ἡσαΐας

440 3677 643 3746 ἔλεγεν·
681 3700 699 3732 ‹
742 3683 1106 3747 Ἐξελεύσεται
1137 3688 1328 3759 ῥάϐδος
1355 3690 1421 3742 ὲκ
1462 3689 1563 3759 τῆς
1591 3687 1746 3762 ῥίζης
1788 3692 2002 3757 Ἰεσσαὶ,

442 3770 535 3822 xui
562 3770 719 3835 ἄνθος
746 3774 809 3828 ὲκ
836 3776 933 3847 τῆς
964 3778 1119 3851 ῥίζης
1136 3780 1615 3851 ἀναδήσεται.Καὶ
1643 3781 1847 3854 ἕσταιή
1879 3782 2003 3854 ῥίζα

449 3859 533 3913 εοῦ
570 3861 779 3928 Ἰεσσαὶ,
812 3869 904 3920 xui
943 3871 971 3921 6
988 3871 1360 3941 ἀνιστάμενος,
1379 3873 1563 3943 ἄρχειν
1588 3873 1774 3927 ἐθνῶν·
1796 3875 1882 3927 ἐπ’
1907 3877 2005 3929 αύ-

440 3952 516 4023 τῷ
545 3954 670 4027 ἔθνη
736 3958 1001 4015 ὲλπιοῦσι.
1032 3983 1048 4013 ι
1081 3966 1354 4036 Ζαχαρίας
1381 3967 1456 4018 δέ’
1494 3986 1512 4016 1
1551 3967 1680 4020 Ἰδοὺ
1851 3970 1879 4021 ὁ
1909 3968 2002 4038 βα-

441 4045 617 4105 σιλεύς
647 4065 739 4104 σου
780 4052 993 4124 ἔρχεται
1017 4054 1221 4120 δίκαιος
1249 4058 1340 4111 xui
1379 4057 1585 4122 σώζων,
1615 4060 1777 4124 αὐτὸς
1804 4064 1997 4132 πρᾶος,

438 4138 532 4192 καὶ
577 4142 918 4216 ἐπιϐεϐηκὼς
962 4148 1054 4201 ἐπὶ
1098 4148 1239 4215 ὄνον,
1283 4151 1375 4205 xui
1422 4151 1597 4205 πῶλον
1643 4153 1756 4207 υίὺν
1800 4153 2000 4217 ὑποζυ-

437 4229 612 4296 γίου.)
645 4234 843 4289 Τοῦτον
862 4238 1059 4311 Δανιὴλ
1077 4241 1187 4294 υἱὸν
1217 4242 1500 4314 ἀνθρώπου
1530 4243 1675 4312 λέγει
1702 4241 1838 4299 εἶναι
1867 4246 1998 4317 (56),

2112 3240 2294 3295 minus
2333 3239 2577 3293 condidit
2604 3253 2692 3292 me
2733 3238 3061 3307 principium
3109 3237 3320 3290 viarum
3362 3252 3584 3292 suarum
3622 3238 3677 3290 in

2110 3346 2275 3401 Opera
2299 3346 2397 3386 sua
2426 3350 2438 3384 :
2468 3337 2593 3384 ante
2619 3331 2874 3385 saeculum
2904 3328 3147 3382 fundavit
3177 3344 3283 3393 me,
3307 3329 3360 3382 in
3387 3329 3673 3397 principio,

2111 3434 2398 3493 antequam
2419 3430 2618 3478 terram
2642 3423 2864 3485 faceret,
2890 3426 3174 3489 antequam
3195 3419 3476 3488 prodirent
3499 3419 3678 3475 fontes

2111 3531 2377 3585 aquarum
2397 3554 2412 3579 ,
2461 3522 2752 3583 antequam
2806 3521 3017 3567 montes
3043 3513 3433 3575 'tirmarentur,
3462 3519 3517 3566 et
3552 3518 3677 3566 ante

2109 3620 2298 3660 omnes
2321 3607 2488 3660 colles
2512 3612 2733 3676 generat
2756 3619 2841 3658 me
2858 3605 2900 3635 "
2919 3621 2933 3668 ;
2955 3623 2973 3654 ι
3002 3610 3055 3659 et
3086 3604 3279 3659 iterum
3307 3622 3320 3658 :
3349 3621 3368 3655 ι
3399 3601 3675 3672 Sapientia

2108 3698 2393 3752 aediﬁcavit
2423 3697 2526 3750 sibi
2555 3696 2777 3749 domum
2799 3696 2899 3749 ⁸⁸.»
2931 3695 3005 3752 De
3034 3712 3098 3752 eo
3120 3704 3172 3751 et
3198 3694 3368 3751 Isaias
3391 3696 3632 3751 aiebat”
3658 3715 3670 3751 :

2113 3807 2131 3840 ι
2157 3788 2474 3859 Egredietur
2505 3789 2652 3857 virga
2683 3786 2750 3841 de
2776 3787 2959 3842 radice
2982 3787 3171 3852 Jessae,
3198 3797 3252 3844 et
3281 3787 3378 3843 llos
3400 3788 3465 3842 de
3493 3787 3675 3843 radice

2108 3882 2385 3935 ascendet.
2420 3880 2483 3933 Et
2512 3881 2617 3935 erit
2649 3881 2801 3934 radix
2852 3878 3040 3944 Jessae,
3070 3890 3125 3935 et
3152 3882 3246 3951 qui
3276 3883 3580 3952 consurgit,
3616 3888 3674 3934 ut

2110 3974 2360 4042 princeps
2391 3973 2460 4026 sit
2488 3972 2749 4042 gentium,
2782 3972 2837 4047 in
2868 3973 2987 4040 ipso
3015 3983 3202 4042 gentes
3231 3974 3527 4042 sperabunt
3555 3973 3618 4027 “.
3648 3992 3666 4023 ι

2108 4064 2402 4119 Zacharias
2450 4079 2620 4118 vero:
2667 4082 2684 4113 ι
2714 4062 2855 4118 Ecce
2902 4081 2992 4119 rex
3032 4074 3159 4119 tuus
3192 4066 3343 4120 venit
3386 4066 3571 4134 justus
3617 4073 3672 4120 et

2108 4158 2346 4222 salvans,
2380 4156 2493 4228 ipse
2524 4156 2694 4221 mitis,
2718 4166 2772 4211 et
2801 4155 2997 4214 sedens
3023 4173 3188 4227 super
3216 4158 3446 4221 asinam,
3475 4166 3528 4212 et
3556 4159 3672 4228 pul-

2108 4249 2217 4301 lum
2250 4247 2418 4302 ﬁlium
2461 4248 2766 4318 subjugalis
2789 4248 2855 4303 ".
2884 4267 2904 4300 ι
2953 4247 3109 4303 llunc
3162 4247 3349 4304 Daniel
3377 4250 3510 4304 dicit
3548 4266 3672 4305 esse

508 4366 866 4453 "'Act.x.4_?_.
943 4374 1141 4453 {{Cen.
1170 4380 1385 4443 καλά.
1421 4452 1427 4453 γ
1462 4382 1960 4450 "Gen.xxxn,50.
2037 4388 2083 4420 “
2099 4388 2512 4453 Gcn.xvm,25,
2535 4388 2623 4442 27.
2701 4387 3101 4451 "Exod.m,2.
3174 4372 3666 4453 ’"Deut.xvm,15.

439 4434 486 4517 ξῖ
512 4436 626 4517 llos.
683 4458 737 4503 v,
787 4444 876 4517 l5.
951 4444 1209 4517 “1‘ch.

1262 4452 1470 4523 “1,75.
1549 4456 1594 4486 ⁸⁸
1620 4454 1763 4511 Psal.
1809 4474 1952 4523 xuv,
2003 4459 2053 4512 l.

439 4506 487 4536 ’³
524 4509 558 4561 ι.
594 4508 762 4579 lgnat.
816 4514 1069 4585 interpol.
1119 4506 1188 4573 ad
1222 4506 1435 4577 Sm.'2.
1513 4506 2011 4595 ’διεῄοίῄῖιῘῙ-,Ἶη

2121 4529 2167 4560 οι
2197 4506 2379 4585 Ζὲἑςίἶῖ
2400 4506 2559 4594 ιχ’,’9.

2131 4458 2176 4491 °°
2220 4461 2379 4525 ibid.,
2431 4460 2488 4512 4.
2603 4458 2643 4488 ⁹¹
2677 4457 2836 4513 Prov.
2877 4474 2993 4525 vin,
3053 4459 3145 4513 22.
3235 4458 3282 4489 θ’
3317 4457 3476 4513 Prov.
3511 4461 3667 4525 1x,l.

1739 4683 2101 4744 VARIORUM
2133 4688 2365 4743 ΝΟΤΛΕ.

516 4844 891 4937 (ξθλιξρξεῄγ.
926 4849 1157 4937 Additur
1185 4847 1322 4937 εἶναι
1363 4853 1417 4909 in
1456 4856 1627 4937 altero
1657 4858 1869 4937 codice,
1901 4877 1998 4937 pa-

2115 4880 2231 4937 num
2262 4884 2276 4921 :
2309 4864 2532 4936 Sagitta:
2560 4880 2729 4924 acuta:
2753 4870 3149 4937 potentissimas.
3180 4869 3316 4925 Vide
3362 4880 3522 4927 etiam
3555 4871 3662 4928 Pa-

443 4928 913 5013 ξξξξιὲκξξξξξριικί
929 4928 1207 5013 c‘umja'm
1231 4928 1630 5013 antecesserit;
1657 4928 1713 4982 In
1741 4928 1997 5013 [margine
2040 4928 2043 4929 ⁷
2104 4928 2406 5013 εοίιιεεὶιιιηῖ
2443 4937 2583 5013 Malo
2616 4928 2794 5013 autem
2817 4943 3075 5013 exemplo
3110 4940 3318 5013 factum
3354 4942 3423 5013 ab
3467 4942 3533 4998 iis
3570 4945 3663 5013 qui

441 4985 773 5066 adsfriptmn
808 5007 821 5039 :
847 4991 975 5066 περὶ
1004 4985 1101 5066 τοῧ
1131 4994 1335 5065 Κυρίου
1364 5000 1703 5066 προφητεῖαι.
1739 4998 1833 5054 CL.

512 5050 641 5133 (δυ’
662 5050 736 5125 *ρ
766 5058 874 5133 καὶΔ
921 5050 1130 5133 Ξτεσὼν
1188 5050 1664 5133 σὲροσενὶὐνὴονεν.
1696 5050 2000 5125 Deﬁnulln

2102 5004 2789 5081 praefuerunteditionibus
2811 5010 2867 5066 S.
2896 5004 3366 5081 Augustini,quod
3402 5027 3509 5066 non
3539 5004 3662 5070 sus-

2100 5077 2325 5129 tulerint
2372 5080 2597 5134 evidens
2649 5082 2903 5135 mendum
2935 5077 3003 5135 ad
3034 5081 3179 5135 hunc
3210 5077 3523 5138 Psalmum:
3561 5084 3661 5139 Sa-

440 5130 764 5214 saqctoruqr
777 5127 1022 5214 refertur
1051 5132 1105 5185 in
1136 5127 1292 5214 sacra
1317 5127 1623 5214 Scriptura,
1652 5142 1796 5214 quod
1832 5140 1997 5214 Deum

2115 5127 2402 5214 quem“
2419 5127 2626 5214 32.1753,
2650 5127 3178 5214 ’ξρἴίᾶἦῧεῖιῆετῖἷ
3213 5127 3653 5214 eimagis?

439 5193 641 5266 cadens
670 5196 978 5254 adoraverit
1002 5219 1016 5266 ;
1062 5204 1156 5257 sed

1233 5206 1507 5276 uicunque
1550 5208 1739 5262 illicita
1778 5212 1992 5276 adorat,

438 5264 643 5320 cadens
675 5266 877 5320 dicitur
905 5264 1155 5327 adorare.

1255 5274 1526 5330 bservatio
1573 5286 1656 5333 est
1704 5279 1759 5333 S.
1802 5274 1995 5335 Hiero-

2095 5203 2391 5273 inicientes.
2430 5203 2739 5286 Prmsertim
2759 5225 2881 5263 ch
2907 5220 3197 5286 cernerent
3224 5203 3379 5286 mpr
3403 5203 3458 5268 Ὁ
3487 5224 3651 5286 sagit-

2091 5283 2198 5327 tam
2231 5285 2442 5328 aculam
2466 5278 2877 5355 potentissimum
2897 5280 2923 5355 ,ζ
2960 5278 3113 5338 Unde
3151 5284 3420 5355 corrigere
3452 5278 3652 5339 debite-

437 5336 586 5417 ει,γωί
630 5336 696 5417 ad
721 5340 1258 5417 ca_pu_t_m_Danielis.
1300 5344 1620 5417 Quanquam
1666 5348 1719 5402 in
1761 5349 1992 5405 Matthari

2119 5357 2229 5408 aut.
2265 5355 2442 5399 acuue
2466 5336 2869 5413 potentissima
2906 5349 2985 5404 lo.

438 5402 729 5484 Evangelii)
757 5402 825 5465 de
858 5410 1025 5484 Magis
1059 5402 1690 5484 legimusfproc'identcs
1730 5402 1992 5476 infantem

433 5471 618 5531 Iesum
650 5479 931 5535 adorasse.
944 5471 1095 5535 "Cor.

474 5546 619 5626 ,(βὲ)
674 5548 1060 5626 Ἡκονημένα,
1105 5550 1340 5626 durare.
1367 5554 1613 5611 Notanda
1660 5558 1716 5612 in
1763 5559 1864 5614 hoc
1899 5558 1995 5614 Da-

434 5616 577 5696 vidis
602 5616 755 5696 textu
784 5616 1006 5696 varians
1039 5622 1468 5696 Ιεοιξοηδυνατά,
1501 5637 1612 5681 tum
1647 5633 1787 5696 apud
1825 5631 1993 5684 Euse-

436 5685 584 5765 bium
605 5687 906 5765 Demens”.
924 5685 1520 5765 Evangel.r.'iib;v,cap.
1536 5699 1589 5759 5,
1605 5685 1716 5751 tum
1738 5716 1801 5754 ex
1823 5699 1992 5754 Meta-

435 5754 615 5830 plirasi
645 5759 995 5830 Apollinaris.
1025 5754 1249 5816 Arnobii
1283 5754 1688 5830 Commentario,
1712 5778 1764 5823 et
1787 5771 1992 5826 Catena

439 5825 525 5880 hic
558 5842 611 5896 p.
637 5825 758 5884 926.
794 5829 1061 5886 Firmicus
1084 5833 1156 5887 De
1181 5848 1367 5887 errore
1397 5825 1744 5905 profanarum
1777 5842 1993 5910 religio-

2095 5703 2270 5777 aitct'o
2293 5705 2416 5777 cod.
2437 5723 2449 5759 :
2470 5706 2639 5777 Xujpe
2669 5704 2796 5774 σφόδ

2172 5424 2307 5493 (55)
2360 5425 2682 5491 Βασιλέως.
2751 5425 2983 5481 Additur
3044 5426 3099 5481 in
3166 5428 3290 5482 cod.
3347 5425 3510 5483 Vind.
3570 5432 3662 5485 xui

2094 5492 2236 5564 ἑξῆς.
2262 5492 2347 5564 Ct.

2167 5535 2585 5637 (ξξξίΓῗίίζλθᾳςῒνἑ
2607 5563 2895 5637 Προελθεῖν
2926 5565 2979 5637 in
3011 5573 3244 5636 utraque
3273 5567 3395 5622 cod.
3424 5565 3500 5623 in.

2166 5634 2280 5699 (55)
2332 5634 2512 5725 'Ildod‘;
2555 5634 2875 5725 Praicedpnt
2923 5636 3070 5725 banc
3122 5634 3389 5725 vo‘culam‘
3424 5637 3559 5705 haec,
3603 5638 3657 5697 in

2168 5719 2267 5757 ero
2293 5705 2416 5759 cod.
2437 5723 2449 5759 :
2470 5706 2639 5777 Χαῖρε
2669 5704 2888 5777 σφόδρα,
2922 5704 3156 5778 θύγατερ
3182 5706 3338 5762 Σιών.
3372 5704 3447 5763 ID.

2168 5773 2279 5844 (56)
2319 5775 2505 5830 Εἶναι.
2539 5774 2697 5831 Deest
2725 5776 2778 5829 in
2811 5778 3001 5831 altero.
3036 5775 3111 5832 In.
