4064 6264
515 313 620 370 909

1397 311 2000 371 CONSTITUTIONES
2030 315 2709 374 APOSTOLICE.—LIB.
2746 317 2833 373 VI.

3649 322 3755 380 910

512 433 581 484 κ’.
617 426 713 493 Τίς
748 429 782 480 ὁ
828 428 1084 496 φυσικὸς
1130 429 1312 499 νόμος
1334 473 1349 498 ,
1379 432 1480 486 καὶ
1523 434 1616 500 τίς
1643 437 1675 487 ό
1711 434 2075 500 ἐπείσακτος,

2187 435 2304 493 XX.
2333 437 2464 502 Qua:
2481 438 2550 491 sit
2580 437 2662 490 lea:
2684 436 2967 500 naturalis,
2991 445 3046 490 .et
3073 452 3190 506 qua:
3211 438 3496 506 inuectitia,
3524 447 3574 493 et
3595 455 3752 510 quam

581 517 679 572 καὶ
707 517 781 570 δι’
798 517 879 585 ἢν
904 518 1100 573 αἰτίαν
1126 521 1478 591 ἐπεισήχθη.

511 619 629 666 κω.
661 612 781 665 Ὅτι
824 612 940 668 ὑπὸ
981 608 1158 682 χάριν
1201 613 1406 684 ἐσμὲν,
1457 615 1593 670 ἀλλ’
1623 619 1737 686 οὐχ
1783 617 1899 671 ὑπὸ
1947 616 2084 670 δου-

577 691 753 756 λείαν
776 703 883 757 τοῦ
913 704 1270 759 ἐπεισάκτου
1298 708 1506 776 νόμου,
1525 711 1579 761 οἱ
1605 711 1692 774 εὶς
1719 708 1975 777 Χριστὸν
2003 723 2087 760 πι-

579 795 915 862 στεύοντες.

509 886 616 940 κδ’.
651 887 769 941 Ὅτι
797 888 1157 958 ἐπείσακτος
1185 897 1218 946 ό
1246 892 1344 945 ἐπὶ
1383 892 1610 948 θυσιῶν
1645 896 1847 964 νόμος,
1879 892 1951 947 ὃν
1980 909 2082 947 πε-

568 979 758 1047 ριεῖλε
786 982 1046 1049 Χριστὸς
1077 986 1572 1056 παραγενόμενος.

509 1077 614 1140 κτλ
652 1071 786 1138 Πῶς
834 1074 1153 1142 πληρωτὴς
1197 1076 1299 1129 τοῦ
1346 1078 1534 1146 νόμου
1574 1078 1822 1146 γέγονεν
1869 1080 1901 1131 ό
1947 1079 2085 1145 Χρι-

576 1163 750 1229 στός·
781 1165 879 1217 καὶ
906 1166 1040 1219 τίνα
1082 1168 1295 1221 τούτου
1323 1169 1622 1235 ἔπαυσεν,
1653 1168 1690 1237 ἢ
1722 1168 2079 1235 ἐνήλλαξεν,

574 1252 614 1322 ἢ
640 1255 983 1325 μετέθηκεν.

507 1345 612 1400 κδ’.
649 1349 768 1400 ’Ότι
811 1348 909 1402 καὶ
948 1348 1046 1403 διὰ
1103 1351 1405 1422 Ῥωμαίων
1448 1353 1782 1421 εὐδόκησεν
1810 1356 1842 1407 ό
1869 1354 2083 1422 Κύριος

577 1438 681 1492 τὸν
707 1440 817 1508 τῆς
845 1441 1234 1512 δικαιοσύνης
1261 1446 1448 1514 νόμον
1474 1446 1936 1500 ἐπιδείκνυσθαι.

506 1535 608 1585 κε’.
651 1532 743 1598 Ὡς
773 1534 914 1598 Θεὸς
941 1535 1274 1603 Ἰουδαίους,
1297 1537 1392 1591 διὰ
1419 1538 1534 1605 τὴν
1559 1540 1645 1604 εἰς
1670 1537 1924 1606 Χριστὸν
1951 1537 2083 1592 άσέ-

579 1625 761 1691 θείαν,
794 1626 1206 1695 αἰχμαλώτους
1250 1629 1681 1700 ποιησάμενος,
1725 1629 1841 1685 ὑπὸ
1895 1631 2080 1699 φόρον

577 1715 967 1786 κατέστησεν.

2259 529 2320 583 ob
2349 546 2566 583 causam
2592 530 2791 584 inrecta
2813 528 2934 597 fuit.

2187 620 2328 676 XXI.
2365 619 2516 686 Quod
2547 622 2712 674 simus
2748 619 2842 674 sub
2881 619 3077 689 gratia,
3109 635 3212 672 non
3256 630 3430 674 autem
3459 620 3554 675 sub
3593 622 3754 676 serui‘

2257 722 2364 766 tute
2393 713 2518 781 legis
2547 711 2795 776 inductaz,
2827 712 2917 782 qui
2947 712 3001 766 in
3032 710 3301 766 Christum
3329 712 3611 770 credimus.

2186 885 2349 943 XXII.
2384 889 2537 962 Quod
2583 889 2818 942 ascititia
2862 898 2975 942 erat
3024 890 3108 942 lea:
3152 887 3215 942 de
3257 891 3556 960 sacriﬁciis,
3593 909 3752 962 quam

2255 981 2500 1036 Christus
2530 982 2808 1036 adveniens
2837 982 3071 1036 sustulit.

2184 1072 2374 1126 XXIII.
2409 1074 2523 1139 Quo
2551 1073 2704 1126 modo
2741 1072 2985 1126 Christus
3017 1073 3179 1141 fuerit
3216 1073 3476 1143 perfector
3506 1075 3671 1145 legis;
3701 1088 3752 1131 et

2253 1183 2495 1236 quamam
2522 1182 2585 1220 ea:
2615 1183 2676 1219 ea
2715 1165 3017 1231 aboleverit,
3049 1177 3140 1219 aut
3173 1169 3412 1232 mutarit,
3439 1179 3532 1223 aut
3573 1181 3752 1227 trans-

2256 1260 2454 1316 tulerit.

2182 1351 2372 1407 XXIV.
2414 1353 2567 1419 Quod
2608 1354 2806 1421 placuit
2846 1353 3103 1417 Domino,
3143 1355 3303 1407 etiam
3340 1371 3431 1425 per
3460 1355 3747 1422 Romanos,

2254 1448 2414 1516 legem
2435 1447 2660 1515 justititc
2681 1447 3048 1502 demonstrari.

2182 1537 2347 1592 XXV.
2389 1538 2541 1604 Quod
2584 1538 2722 1592 Deus
2767 1538 2982 1593 Judrvos
3009 1579 3023 1601 ,
3073 1541 3649 1609 propterimpietatem
3696 1544 3751 1597 in

2253 1632 2542 1696 Christum,
2583 1633 2656 1686 ad
2683 1634 3036 1701 captivitatem
3070 1632 3329 1700 redactos,
3360 1635 3555 1689 tributo
3577 1637 3750 1707 subje-

2250 1728 2397 1780 cerit.

508 1814 626 1871 εις-³.
661 1809 777 1861 Ὅτι
805 1809 920 1879 χρὴ
951 1813 1194 1882 φεύγειν
1217 1813 1358 1880 τοὺς
1383 1813 1840 1883 αἱρεσιώτας,ὡς
1865 1815 2075 1884 ψυχῶν

2180 1818 2370 1873 XXVI.
2403 1820 2555 1886 Quod
2585 1830 2819 1890 oporteat
2840 1823 3018 1891 fugere
3045 1823 3338 1888 hwreticos,
3372 1834 3428 1876 ut
3451 1824 3748 1877 animarum

576 1901 846 1968 φθορὲας.
1688 1968 1700 1977 _

507 1989 587 2052 κζ
603 2032 616 2045 .
648 1993 790 2061 Περὶ
819 1997 1328 2065 παρατηρημάτων
1369 1998 1697 2053 Ἰουδαϊκῶν
1737 1999 1834 2052 καὶ
1873 1999 2080 2068 Eun-

575 2103 774 2140 νίκων.

505 2183 615 2244 κη’.
645 2179 786 2246 Περὶ
843 2179 1285 2248 παιδεραστίας,
1336 2184 1606 2252 μοιχείας
1663 2201 1728 2238 τε
1786 2185 1885 2238 καὶ
1940 2198 2080 2254 πορ-

581 2272 752 2338 νείας.

503 2367 610 2418 κον.
646 2366 833 2432 Ὅπως
861 2367 974 2436 χρὴ
1005 2368 1112 2434 τὰς
1153 2369 1440 2438 γυναῖκας
1467 2369 1917 2425 ὑποτάσσεσθαι
1952 2368 2077 2437 τοῖς

576 2458 745 2526 ίδίοις
769 2459 1040 2528 ἀνδράσι,
1071 2460 1170 2514 καὶ
1215 2460 1355 2526 τοὺς
1395 2459 1617 2529 ἄνδρας
1659 2460 1929 2530 στέργειν
1969 2460 2075 2527 τὰς

573 2549 801 2604 ἑαυτῶν
825 2553 1100 2620 γαμετάς.

502 2643 576 2695 λ’.
609 2643 727 2695 Ὅτι
768 2643 904 2709 ἕθος
945 2643 1241 2711 Ἰουδαίοις
1284 2663 1348 2699 τε
1393 2645 1492 2700 καὶ
1522 2647 1796 2713 Ἕλλησι,
1840 2660 2076 2715 συμπα-

567 2737 947 2804 ρατηρεῖσθαι
993 2737 1099 2803 τὰς
1145 2738 1408 2807 φυσικὰς
1447 2737 1784 2805 καθάρσεις,
1815 2737 1914 2791 καὶ
1955 2735 2074 2790 τῶν

2249 1912 2554 1981 perditores.

2180 2003 2391 2059 XXVII.
2425 2004 2501 2058 De
2533 2007 2974 2063 observationibus
2997 2007 3238 2063 Judaicis
3271 2027 3331 2062 ac
3367 2009 3604 2064 etlmicis.

2180 2158 2417 2217 XXVIII.
2449 2162 2523 2216 De
2563 2163 2791 2232 nefando
2835 2182 3013 2220 amore
3052 2182 3367 2235 puerorum,
3407 2167 3667 2224 adulterio
3697 2179 3750 2223 et

2251 2256 2620 2322 fornicatione.

2181 2347 2371 2403 XXIX.
2405 2349 2520 2416 Quo
2568 2349 2721 2402 modo
2761 2359 2995 2420 oporteat
3042 2353 3286 2406 mulieres
3333 2353 3594 2424 subjectus
3637 2368 3750 2408 esse

2253 2442 2376 2496 uiris
2401 2442 2532 2506 suis,
2572 2451 2622 2495 et
2649 2442 2786 2497 uiros
2809 2442 3028 2514 diligere
3052 2459 3242 2499 uxores
3268 2461 3412 2499 suas.

2183 2642 2347 2697 XXX.
2376 2642 2528 2708 Quod
2550 2641 2754 2697 Judazis
2789 2653 2836 2697 et
2858 2643 3138 2714 gentilibus
3171 2643 3491 2698 consuetudo
3519 2646 3610 2712 sit,
3639 2662 3748 2701 una

2234 2735 2520 2790 'observare
2577 2735 2846 2789 naturales
2894 2737 3271 2806 purgationes,
3323 2744 3372 2790 et
3418 2748 3746 2793 mortuorum

574 2827 904 2882 τεθνεώτων
958 2829 1030 2884 τὰ
1079 2831 1342 2899 λείψανα
1403 2831 1847 2886 Βδελύσσεσθαι
1864 2847 1878 2860 ο
1929 2831 2071 2898 Χρι-

2243 2828 2492 2899 reliquias
2548 2827 2882 2891 abominari;
2946 2843 2978 2880 a
3043 2825 3362 2881 Christianis
3431 2845 3547 2884 vero
3615 2831 3748 2886 alte-

570 2921 830 2976 στιανῶν
856 2921 925 2974 δὲ
951 2923 1286 2991 ἀλλότριον.

837 3149 1276 3238 ΒΙΒΛΙΟΝ
1327 3154 1754 3240 ΕΚΤΟΝ..

899 3322 1079 3377 ΠΕΡΙ
1105 3324 1369 3378 ΣΧΙΣΜΑ
1382 3327 1520 3379 ΤΩΝ
1542 3323 1670 3397 (et).

1037 3537 1431 3592 ΚΕΦΑΛΑΙΟΝ
1467 3539 1538 3595 A'.

506 3649 668 3716 Τίνες
691 3649 996 3719 σχίσματα
1022 3650 1212 3738 ποιεῖν
1237 3652 1667 3740 τολμῄσαντες,
1697 3655 1768 3709 οὐ
1794 3654 2076 3729 διέφυγον

1059 3738 1174 3789 την
1201 3738 1502 3790 τιμωρίαν.

570 3812 684 3884 Πρὸ
713 3813 927 3867 πάντων
973 3811 1342 3883 φυλάσσεσθε,
1387 3809 1431 3869 ὦ
1472 3816 1757 3872 ἐπίσκοποι
1800 3818 1931 3892 (65),
1974 3821 2076 3886 τὰς

499 3905 678 3972 δεινὰς
706 3905 798 3958 καὶ
853 3905 1094 3976 χαλεπὰς
1123 3908 1216 3961 καὶ
1247 3909 1586 3974 ἀθεωτάτους
1629 3913 1869 3984 αἱρέσεις
1891 3956 1907 3983 ,
1939 3916 2072 3986 φεύ-

498 4017 686 4070 γοντες
724 3997 892 4063 αὑτὰς
933 3999 1118 4071 ὥσπερ
1161 4000 1300 4072 πῦρ,
1347 4002 1541 4071 φλέγον
1577 4004 1704 4068 τοὺς
1741 4007 1889 4078 αὐτῷ
1933 4008 2073 4082 πλη-

2232 2937 2374 2980 num.

2502 3153 2857 3241 LIBER
2934 3151 3429 3244 SEXTUS.

2608 3325 2704 3379 DE
2753 3323 3327 3382 SCHISMATIBUS.

2931 3468 2996 3484 ρ-

2679 3541 2902 3598 CAPUT
2945 3540 3237 3596 PRIMUM.

2184 3655 2414 3723 Quinam
2444 3656 2730 3730 schismata
2750 3656 2869 3710 ausi
2889 3656 3080 3738 facere,
3105 3669 3208 3709 non
3236 3652 3528 3724 e/fugerunt
3548 3651 3748 3721 supplio

2879 3743 3038 3782 crum.

2247 3820 2387 3878 Ante
2417 3822 2600 3877 omnia
2631 3826 2840 3883 cavete,
2867 3818 3132 3889 episcopi,
3172 3819 3544 3886 importunas,
3574 3832 3746 3874 saevas

2176 3921 2230 3970 et
2256 3915 2612 3986 impiissimas
2643 3914 2906 3976 haereses,
2938 3919 2992 3966 et
3038 3911 3209 3981 fugite
3247 3927 3340 3967 eas
3365 3910 3539 3966 instar
3565 3910 3744 3981 ignis,

2176 4008 2270 4077 qui
2319 4007 2642 4063 accedentes
2672 4007 2802 4060 urit.
2837 4004 3019 4059 Vitate
3073 4004 3237 4058 etiam
3283 4002 3598 4057 schismata.
3638 4001 3747 4058 Nec

501 4095 803 4159 σιάζοντας.
846 4091 1079 4161 Φεύγετε
1120 4092 1175 4145 δὲ
1217 4095 1309 4147 καὶ
1345 4094 1414 4148 τὰ
1458 4097 1751 4167 σχίσματα·
1800 4076 1922 4154 οὕτε
1963 4076 2072 4176 γάρ

2179 4076 2319 4154 enim
2348 4099 2432 4153 fas
2454 4107 2539 4153 est
2563 4103 2796 4153 mentem
2819 4097 2886 4152 ad
2905 4094 3162 4166 profanas
3185 4086 3420 4150 haereses
3434 4093 3744 4154 declinare:

499 4188 636 4260 πρὸς
673 4187 921 4250 ἀνοσίους
963 4186 1202 4258 αἱρέσεις
1244 4186 1462 4257 θεμιτὸν
1510 4189 1751 4244 ἐκκλῖναι
1795 4192 1884 4246 τὸν
1925 4193 2068 4263 νοῦν,

497 4283 620 4336 οὔτε
647 4281 754 4335 τῶν
781 4281 1172 4351 ὁμογνωμόνων
1199 4281 1520 4352 χωρίζεσθαι
1555 4283 1771 4353 Θεμιτὺν
1788 4287 1876 4341 διὰ
1891 4288 2074 4362 φιλαρ-

497 4375 637 4445 χίαν.
670 4373 852 4427 Ταῦτα
889 4372 996 4444 γὰρ
1035 4375 1127 4426 καὶ
1166 4374 1226 4426 τὸ
1265 4373 1488 4428 παλαιόν
1529 4393 1674 4442 τινες
1711 4379 2074 4453 τολμήσαντες

499 4467 861 4538 ἐπιχειρῆσαι,
900 4467 961 4519 οὐ
999 4463 1250 4535 διέφυγον
1284 4466 1382 4538 τὴν
1421 4469 1707 4541 τιμωρίαν.
1751 4473 1925 4528 Δαθὰν
1965 4476 2074 4548 γὰρ

500 4564 592 4616 καὶ
634 4560 888 4634 Ἀϐειρὼν
917 4560 1321 4632 ἀντιπρόσωποι
1363 4561 1642 4633 γενόμενοι
1670 4565 1878 4632 Μωσεῖ,
1912 4583 2073 4620 κατε-

504 4657 739 4729 πόθησαν
768 4658 848 4720 εἰς
877 4655 978 4726 γῆν
997 4672 1011 4685 ο
1046 4654 1192 4725 Κορὲ
1211 4653 1268 4706 δὲ
1301 4655 1394 4707 καὶ
1412 4655 1462 4706 οί
1494 4656 1608 4725 μετ’
1629 4656 1792 4709 αὐτοῦ
1810 4657 2072 4712 διακόσιοι

498 4753 847 4823 πεντήκοντα,
880 4749 956 4821 τῷ
998 4747 1204 4818 Ἀαρὼν
1226 4746 1334 4817 (66)
1363 4747 1858 4816 διαστασιάσαντες,
1899 4751 2072 4822 πυρὸς

487 4834 870 4916 ’παρανάλωμα
897 4843 1171 4912 γεγόνασι.
1192 4838 1379 4912 Μαρία
1393 4838 1450 4892 δὲ
1473 4840 1516 4871 ¹²
1544 4839 1844 4895 ὀνειδίσασα
1872 4839 2066 4913 Μωσῆ,

499 4933 604 4999 ἔξω
626 4933 730 5007 ’τῆς
758 4935 1105 5007 παρεμϐολῆς
1131 4933 1409 5006 ἀπεϐλήθη
1447 4932 1587 4991 ἐπτὰ
1614 4934 1843 5006 ἡμέρας.
1879 4935 2070 5005 Ἔλεγε

497 5026 642 5099 γάρ·
678 5045 698 5078 ι
736 5028 856 5080 Ὅτι
888 5030 1120 5096 γυναῖκα
1145 5026 1386 5098 Μωῦσῆς
1412 5026 1765 5080 Αἰθιόπισσαν
1795 5026 2006 5081 ἐλαϐεν.
2046 5047 2065 5080 ι

2179 4207 2353 4262 neque
2384 4191 2509 4246 licet
2537 4205 2567 4244 a
2589 4189 2956 4246 concordibus
2979 4203 3074 4258 per
3098 4185 3447 4240 ambitionem
3475 4185 3742 4255 separari.

2180 4283 2305 4339 Haec
2334 4298 2570 4353 namque
2590 4297 2713 4337 cum
2745 4282 2874 4335 olim
2905 4279 3155 4335 nonnulli
3199 4284 3414 4332 tentare
3441 4276 3561 4330 ausi
3609 4275 3746 4330 fuis-

2180 4385 2320 4443 sent,
2355 4391 2464 4432 non
2485 4375 2790 4446 en'ugerunt
2820 4369 3173 4444 supplicium.
3214 4369 3427 4424 Dathan
3449 4368 3652 4440 quippe
3689 4377 3744 4423 et

2178 4469 2408 4534 Abiron,
2437 4469 2564 4540 quia
2596 4466 2732 4522 Mosi
2773 4467 2828 4520 in
2860 4482 2923 4522 os
2953 4463 3294 4526 restiterunt,
3343 4462 3585 4532 absorpti
3616 4472 3747 4517 sunt

2179 4571 2338 4619 terrae
2365 4563 2511 4617 hiatu
2543 4561 2586 4594 "
2611 4577 2623 4612 :
2651 4560 2694 4592 "
2715 4558 2855 4615 Core
2880 4566 3059 4614 autem
3084 4565 3138 4612 et
3158 4556 3251 4628 qui
3277 4570 3401 4610 cum
3432 4569 3496 4609 eo
3525 4554 3746 4609 ducenti

2177 4657 2596 4727 quinquaginta,
2628 4655 2755 4725 quia
2780 4659 2974 4708 contra
3005 4651 3276 4705 Aaronem
3316 4647 3560 4704 seditiosi
3584 4647 3749 4702 exsti-

2177 4757 2382 4815 terunt,
2412 4748 2554 4819 ignis
2574 4748 2828 4819 pabulum
2860 4745 2987 4801 facti
3013 4752 3160 4801 sunt.
3188 4741 3253 4797 Et
3284 4741 3452 4796 Maria
3479 4756 3602 4800 cum
3632 4739 3746 4794 Mo-

2177 4858 2291 4900 sem
2344 4851 2605 4912 tanquam
2648 4840 2882 4896 elhnica‘:
2919 4839 3333 4896 concubitorem
3367 4833 3742 4905 increpasset,

2177 4935 2376 4992 castris
2397 4935 2620 4990 exclusa
2651 4941 2736 4990 est
2756 4951 2865 5005 per-
2883 4941 3089 5004 septem
3121 4931 3268 4994 dies;
3313 4929 3528 4984 dixerat
3555 4926 3698 4982 enim
3729 4943 3742 4979 :

2176 5026 2386 5099 Moyses
2411 5041 2628 5080 uxorem
2658 5022 3041 5095 Ethiopissam
3089 5022 3240 5078 duxit
3266 5020 3329 5075 ¹⁸.
3359 5019 3668 5086 Quinetiam
3703 5015 3746 5048 “

574 5161 617 5192 ¹²
645 5159 1198 5234 al._ch;§)._k_qvoxol;11v
1219 5162 1344 5219 add.
1421 5162 1465 5194 ¹³
1485 5161 1647 5216 Num.
1683 5178 1793 5230 xvt,
1819 5163 1907 5218 51.
1988 5163 2030 5194 ³⁵
2062 5161 2075 5216 1

2179 5171 2236 5216 ιι.
2267 5163 2522 5234 interpol.
2548 5163 2615 5218 ad
2644 5161 2822 5233 Magn.
2845 5159 2899 5216 5.
2975 5159 3021 5191 ⁸⁵
3046 5157 3206 5212 Num.
3242 5169 3340 5221 xu,
3371 5154 3422 5208 1.
3499 5151 3544 5184 ¹⁸
3571 5153 3742 5224 Ignat.

502 5230 758 5300 interpol.
784 5232 851 5286 ad
876 5230 1053 5302 magn.
1080 5233 1132 5286 5.

1837 5383 2203 5442 VARIORUM
2233 5382 2466 5442 NOTIE.

581 5504 691 5576 (64)
723 5502 864 5576 Περὶ
876 5502 1254 5576 exta-udum.
1269 5503 1328 5558 In
1340 5511 1571 5574 utroque
1581 5501 1869 5576 codJLind.
1885 5503 1967 5576 sic
1977 5519 2078 5558 ex-

507 5567 766 5645 primitur
794 5567 970 5645 hujus
1000 5567 1122 5645 lihri
1158 5567 1536 5645 argumentum
1566 5591 1578 5625 :
1613 5573 1699 5628 Ἐν
1725 5567 1769 5641 ᾧ
1796 5574 1924 5645 περὶ
1958 5591 2080 5645 cxi-—

509 5642 755 5726 ξςμάῖων,
780 5644 875 5726 κει).
902 5642 1135 5726 ὅτιῆοῠτε
1151 5642 1414 5726 βασιλεία,
1437 5643 1839 5726 οὕτεὶερωσύνῃ
1861 5642 2074 5714 Θεμιτὸν

507 5713 927 5777 ἐπανίστασθαι,
986 5713 1124 5785 βαρὺ
1156 5713 1264 5784 γὰρ
1298 5715 1462 5786 τοῦτο,
1483 5715 1575 5768 καὶ
1613 5713 1875 5785 μεγίστης
1902 5713 2072 5785 τιμω-

510 5787 631 5854 ρίας
656 5785 822 5852 ἄξιον.
847 5784 1006 5840 Cum.

2251 5502 2361 5574 (65)
2415 5501 2819 5574 Ἆθεῳτάτους.
2843 5498 3188 5574 ΔἈθεμίιτους,
3233 5506 3466 5569 uterque
3487 5495 3656 5552 codex
3688 5501 3746 5552 et

2179 5569 2395 5644 quidem
2428 5573 2642 5644 melius,
2665 5578 2736 5644 ut
2771 5569 3008 5644 ridetur.
3045 5569 3120 5626 In.

2195 5638 2493 5769 ’.ἐϐἶυῖῷ
2510 5641 2748 5726 Ἀαρών.
2777 5640 2941 5700 Deest
2967 5641 3022 5697 in
3072 5641 3260 5699 codice
3289 5638 3524 5697 Vindoh.
3557 5650 3745 5719 perpe-

2176 5730 2204 5769 r
2302 5755 2315 5768 .
2409 5754 2422 5768 .
