4064 6264
521 353 626 408 913

1060 464 1454 518 ΚΕΦΑΛΛΙΟΝ
1494 465 1566 517 Γ¹.

523 553 658 622 Περὶ
687 551 796 620 τῆς
823 555 1120 620 Μωῦσέως
1137 553 1370 621 ἀρετ-ῆς,
1393 555 1487 607 καὶ
1505 556 1785 620 ἀπιστίας
1806 555 1922 608 τῶν
1960 557 2094 610 ’Ῑου-

588 621 772 676 δαίων
797 624 1030 689 ἔθνους,
1062 624 1159 677 καὶ
1185 623 1268 678 ὧν
1306 627 1339 680 ό
1386 625 1527 691 Θεὸς
1573 625 2095 694 ἐθαυματούργησε

582 691 876 747 διἀῠτῶν
904 693 972 745 ³⁸.

590 785 699 838 Καὶ
727 783 1100 854 ἐπανέστησαν
1131 785 1319 838 Misce!
1350 785 1426 856 τῷ
1466 785 1559 839 τοῦ
1589 785 1723 838 Θεοῦ
1768 785 2057 856 θεράποντι
2077 827 2091 851 ,

519 876 595 948 τῷ
622 875 775 948 παρὰ
805 875 1011 939 πάντας
1039 876 1348 947 πραοτάτῳ,
1381 879 1474 930 ml
1516 878 1720 948 πιστῷ,
1761 878 1855 931 καὶ
1898 879 2096 949 ὴτίμη-

522 985 618 1022 σαν
646 969 758 1039 (75)
789 968 880 1022 τὸν
907 968 1221 1038 τηλικοῦτον
1248 969 1413 1040 ἄνδρα
1443 971 1490 1022 οί
1519 970 1932 1040 ἀχαριστότατοι
1955 988 1970 1000 '
2003 971 2093 1024 τὸν

519 1059 831 1131 νομοθέτην,
863 1059 952 1112 τὸν
1009 1059 1243 1127 φύλακα,
1291 1061 1383 1112 τὸν
1413 1061 1670 1132 ἀρχιερέα
1703 1063 1795 1114 ml
1829 1061 2051 1131 βασιλέα
2075 1104 2090 1128 ,

519 1156 607 1208 τὸν
639 1154 846 1224 μύστην
891 1151 1000 1205 τῶν
1047 1151 1225 1218 θείων,
1269 1152 1360 1204 τὸν
1389 1152 1464 1215 ὡς
1505 1152 1833 1222 δημιουργὸν
1874 1153 1972 1216 τὰς
1999 1152 2092 1205 τοῦ

514 1243 848 1317 δημιουργοῦ
877 1242 1282 1312 ἐπιδειξάμενον
1312 1243 1591 1314 ἐνεργείας
1609 1260 1621 1273 ·
1651 1245 1741 1296 τὸν
1763 1245 2089 1314 πραότατον,

519 1337 608 1388 τὸν
627 1333 990 1404 ἀτυφότατονο
1027 1334 1116 1387 τὸν
1149 1335 1492 1406 καρτερικὸν,
1523 1336 1613 1389 τὸν
1644 1336 2090 1407 φιλανθρωπότα-

519 1444 608 1480 τον
626 1444 639 1457 ’
685 1427 772 1478 τὸν
801 1425 1011 1480 πολλῶν
1038 1425 1296 1479 κινδύνων
1329 1427 1523 1490 αὐτοὺς
1551 1428 1952 1494 ἀπαλλάξαντα,
1995 1429 2089 1481 καὶ

518 1519 786 1589 διαφόρων
815 1517 1061 1570 θανάτων
1077 1519 1272 1580 αὐτοὺς
1296 1519 1616 1590 ῥυσάμενον,
1657 1523 1724 1590 τῇ
1757 1523 1882 1592 παρ’
1901 1520 2092 1573 ἑαυτοῦ

519 1613 755 1682 ὁσιότητι
774 1627 786 1641 ·
818 1611 907 1662 τὸν
939 1609 1174 1663 τοσαῦτα
1202 1610 1355 1681 παρὰ
1379 1611 1513 1664 Θεοῦ
1545 1616 1744 1683 σημεῖα
1773 1615 1865 1666 καὶ
1891 1613 2094 1684 τέρατα

521 1703 596 1774 τῷ
634 1704 745 1774 λαῷ
787 1703 1123 1775 πεποιηκότα
1145 1721 1158 1734 ⁸
1197 1704 1288 1756 τὸν
1327 1703 1395 1757 τὰ
1436 1702 1619 1769 ἔνδοξα
1666 1707 1759 1758 ml
1807 1705 2095 1776 θαυμαστὰ

1397 344 2002 406 CONS’I‘ITUTIONES
2029 309 2706 404 arﬁsfrOLic.t;...—LIB.
2745 349 2831 404 Vl.
2893 400 2908 418 ,

2127 472 2172 527 Α

3658 353 3762 406 υιι

2796 462 3025 520 CAPUT
3069 463 3156 520 lll.

2197 552 2271 605 De
2295 553 2482 629 virtute
2505 553 2724 629 dloysis,
2753 563 2804 608 et
2833 555 2897 607 de
2915 556 3224 629 inﬁdelitate
3243 561 3409 629 gentis
3428 559 3689 629 Iudaicae,
3712 576 3764 619 et

2369 623 2432 675 de
2460 624 2730 677 miraculis
2761 641 2876 694 qua:
2917 624 3057 679 Deus
3081 641 3171 694 per
3203 623 3355 682 illum
3391 629 3578 684 edidit.

2265 775 2332 829 Et
2357 778 2756 833 rebellaverunt
2776 780 3039 836 adversus
3058 781 3261 839 Mosem
3294 784 3388 839 Dei
3409 785 3670 844 famulum
3693 793 3761 854 “,

2195 870 2442 922 omnium
2471 872 2976 926 mansuetissimam
3005 874 3302 941 hominem,
3337 893 3399 931 ac
3429 878 3678 948 ﬁdelem,
3711 892 3766 938 et

2197 962 2553 1033 ingratissimi
2610 971 2819 1017 tantum
2854 964 3034 1019 virum
3065 965 3522 1036 inhonestarunt;
3551 972 3770 1041 legisla-

2195 1063 2392 1117 torem,
2417 1055 2722 1118 custodem,
2742 1057 3055 1125 pontiﬁcem
3081 1073 3145 1112 ac
3171 1073 3375 1129 regem,
3413 1061 3765 1139 interpretem

2195 1145 2508 1201 divinorum
2536 1148 2954 1216 mySteriorum;
2981 1149 3034 1202 in
3058 1150 3278 1204 modum
3295 1152 3620 1218 conditoris,
3638 1170 3770 1224 ope-

2195 1255 2314 1292 rum
2342 1238 2622 1294 Creatoris
2652 1247 3106 1308 monstratorem;
3137 1242 3510 1308 mitissimum,
3545 1245 3770 1302 minime

2196 1330 2577 1395 ambitiosum,
2615 1332 2934 1400 patientem,
2992 1332 3486 1402 humanissimum;
3543 1339 3763 1407 quieos

2195 1423 2382 1477 multis
2412 1422 2668 1491 periculis
2692 1422 3039 1485 liberaverat,
3071 1433 3125 1478 et
3147 1440 3212 1478 ex
3242 1427 3530 1495 multiplici
3580 1431 3769 1485 mortis

2195 1529 2391 1583 genere
2412 1513 2686 1582 eripuerat
2719 1515 3006 1568 sanctitate
3036 1530 3167 1581 sua;
3190 1517 3282 1585 qui
3301 1524 3381 1568 tot
3409 1518 3591 1571 divina
3617 1519 3768 1586 signa

2194 1613 2247 1659 et
2269 1605 2514 1675 prodigia
2551 1605 2750 1674 populo
2783 1606 3057 1672 ediderat;
3095 1608 3186 1676 qui
3221 1609 3481 1678 praeclara
3517 1619 3570 1664 et
3605 1611 3770 1665 mira-

2195 1697 2322 1750 bilia
2366 1711 2531 1766 Opera
2579 1697 2634 1749 in
2669 1711 2857 1750 eorum
2889 1698 3208 1752 benelicium
3246 1714 3310 1753 ac
3338 1701 3764 1755 emolumentum

522 1795 655 1866 ἔργα
675 1798 754 1858 είς
781 1781 1302 1888 εὐεργιῄμύτῶν
1329 1795 1645 1848 τετελεκότα
1664 1813 1677 1825 ο
1707 1796 1796 1849 τὸν
1826 1797 1910 1848 ἐπ’
1927 1797 2088 1864 Αἰγυ-

2197 1789 2534 1857 perfecerat;
2585 1789 2678 1858 qui
2714 1789 2982 1860 Egyptiis
3016 1791 3202 1846 decem
3238 1793 3359 1847 illas
3403 1793 3590 1863 plagas
3619 1795 3764 1850 intu-

522 1887 707 1949 πτίους
717 1875 1460 1958 δεκάπληγοιῖῗπεπληρωκότα
1478 1885 1702 1957 (74),τὸν
1717 1887 1812 1957 τὴν
1827 1885 2092 1957 Ἐρυθρὰν

519 1978 793 2036 θάλασσαν
837 1978 1153 2052 διῃρηκότα,
1199 1977 1291 2031 καὶ
1318 1977 1394 2040 ὼς
1421 1981 1597 2047 τεῖχος
1637 1977 1704 2030 τὰ
1733 1977 1899 2030 ὕδατα
1945 1976 2092 2030 ἔνθεν

515 2071 616 2141 ,ω
643 2069 792 2122 ἔνθεν
819 2069 1210 2141 διαστήσαντα,
1265 2071 1357 2122 καὶ
1386 2069 1461 2132 ὡς
1490 2069 1778 2141 δι’ὲρήμου
1800 2069 1968 2141 ξηρᾶς
2002 2069 2093 2122 τὸν

515 2125 518 2128 _
605 2137 608 2140 _
643 2071 792 2122 ἔνθεν
819 2071 1210 2141 διαστήσαντα,
1265 2071 1357 2122 καὶ
1386 2071 1461 2132 ὡς
1490 2071 1778 2141 δι’ὲρήμου
1800 2071 1968 2141 ξηρᾶς
2002 2071 2093 2122 τὸν

493 2071 952 2308 ᾕάγηοχότα,
983 2161 1076 2213 ml
1107 2159 1396 2230 βυθίσαντα
1423 2161 1622 2232 Φαραὼ
1651 2163 1745 2214 καὶ
1779 2164 1904 2226 τοὺς
1931 2164 2093 2230 Αἰγυ-

515 2267 520 2272 ’
595 2305 602 2308 _
645 2269 709 2308 υς
735 2252 830 2304 ml
859 2251 1064 2308 πάντας
1095 2253 1219 2308 τοὺς
1250 2253 1379 2308 παρ’
1397 2251 1574 2304 αὐτῶν
1606 2255 1720 2308 μετ’
1741 2254 1916 2306 αὐτῶν
1947 2253 2086 2308 (75l'

515 2251 709 2316 mu;
735 2252 830 2304 ml
859 2251 1064 2315 πάντας
1095 2253 1219 2314 τοὺς
1250 2253 1379 2322 παρ’
1397 2251 1574 2304 αὐτῶν
1606 2255 1720 2322 μετ’
1741 2254 1916 2306 αὐτῶν
1947 2253 2056 2325 (75)
2074 2269 2086 2283 ⁸

519 2343 609 2396 τὸν
635 2343 974 2412 γλυκάναντα
1005 2343 1185 2414 πηγὴν
1225 2343 1405 2406 αὐτοῖς
1432 2342 1521 2396 διὰ
1553 2341 1737 2409 ξύλου,
1779 2345 1873 2397 καὶ
1900 2346 1963 2396 ὲκ
1993 2343 2091 2396 πέ-

519 2453 653 2506 τρας
681 2435 986 2506 ἀκροτόμου
1009 2435 1191 2496 αὐτοῖς
1215 2435 1596 2504 προαγαγόντα
1613 2433 1976 2507 ῦδωρδιψῶσι·
2000 2435 2090 2488 τὸν

521 2525 580 2589 ἐξ
597 2524 823 2597 ούρανοῦ
844 2524 1305 2596 μαννοδοτήσαντα
1331 2525 1532 2590 αὐτοῖς,
1553 2526 1647 2578 ml.
1668 2524 1725 2592 ἐξ
1745 2527 1902 2597 ἀέρος
1921 2543 2092 2598 κρεω-

519 2615 822 2688 λογήσαντα
843 2618 887 2648 ³⁸
906 2635 920 2648 ·
950 2617 1040 2670 τὸν
1063 2616 1250 2670 στῦλον
1268 2617 1437 2689 πυρὸς
1457 2619 1514 2670 έν
1537 2619 1691 2670 νυκτὶ
1717 2621 1795 2681 εἰς
1814 2617 2090 2689 φωτισμὸν

519 2709 615 2762 καὶ
626 2709 847 2780 όδηγίαν
860 2709 1228 2780 παρεχόμενον
1248 2709 1446 2775 αὐτοῖς,
1466 2709 1559 2762 καὶ
1573 2708 1761 2763 στῦλον
1776 2711 2001 2781 νεφέλης
2012 2711 2090 2772 εὶς

522 2800 1008 2872 σκιασμὸνήμέρας
1035 2799 1120 2853 διὰ
1141 2800 1231 2853 τὸν
1261 2798 1319 2864 ἐξ
1348 2800 1495 2872 ἡλίου
1513 2801 1773 2871 φλογμόνο
1806 2801 1896 2853 τὸν
1926 2801 2088 2872 νόμον

519 2891 652 2944 Θεοῦ
666 2895 729 2945 ὲκ
751 2893 1013 2962 στόματος
1031 2894 1314 2966 καίχειρὸς
1344 2894 1662 2964 καὶγραφῆς
1675 2893 1806 2946 Θεοῦ
1839 2895 1896 2947 ὲν
1927 2892 2088 2959 πλαξὶ

519 2982 743 3047 λιθίναις
772 2983 1173 3056 κεκολαμμένον
1191 2987 1600 3056 παρασχόμενον
1621 2987 1821 3051 αὐτοῖς,
1880 2989 2083 3041 τελείου

517 3073 749 3146 ἀριθμοῦ
781 3076 1101 3145 Λεκάλογον’
1145 3071 1188 3146 ᾧ
1213 3081 1240 3131 ό
1264 3078 1392 3141 Θεὸς
1415 3077 1642 3142 ἐνώπιος
1671 3078 1884 3149 ὲνωπίῳ
1913 3080 2088 3150 ὁμιλεῖ

2195 1880 2362 1946 lerat;
2397 1880 2490 1949 qui
2522 1895 2672 1934 mare
2692 1878 2939 1934 Rubrum
2983 1881 3278 1949 diviserat,
3310 1893 3363 1938 et
3403 1885 3578 1940 instar
3623 1888 3766 1940 inuri

2195 1985 2366 2040 aquas
2389 1971 2518 2025 hinc
2552 1970 2680 2024 inde
2711 1971 3060 2036 distraxerat,
3086 1982 3140 2029 et
3176 1975 3434 2044 populum
3463 1991 3558 2044 per
3591 1977 3765 2031 undas

2191 2061 2348 2131 quasi
2376 2078 2472 2131 per
2497 2062 2848 2117 solitudinem
2872 2064 3073 2118 siccam
3095 2064 3410 2129 duxerat,et
3428 2066 3764 2122 Pharaonem

2194 2167 2257 2205 ac
2287 2151 2574 2224 Εεῖβῑίοε
2595 2161 2958 2224 caeteramque
2979 2157 3196 2210 turbam
3215 2171 3320 2210 una
3349 2157 3764 2228 demerserat";

2192 2244 2283 2313 qui
2317 2259 2413 2314 per
2437 2245 2643 2314 lignum
2676 2245 2756 2301 eis
2780 2246 2983 2302 fontem
3007 2247 3320 2302 reddiderat
3349 2249 3584 2311 dulcem,
3617 2262 3670 2303 et
3698 2265 3764 2305 ex

2192 2341 2342 2404 petra
2364 2335 2501 2389 dura
2536 2337 2846 2392 sitientibus
2873 2339 3134 2393 elicuerat
3161 2354 3356 2409 aquam
3385 2340 3471 2406 ”;
3504 2341 3596 2411 qui
3630 2342 3765 2411 ipsis

2192 2441 2447 2480 mannam
2479 2443 2508 2482 e
2539 2428 2681 2482 coelo
2705 2427 2950 2494 dederat,
2975 2437 3028 2483 et
3052 2445 3118 2484 ex
3146 2446 3270 2486 aere
3295 2446 3491 2486 carnes
3523 2433 3762 2503 college-

2190 2519 2352 2585 rat“;
2373 2520 2463 2589 qui
2483 2519 2753 2574 tribuerat
2775 2521 2883 2576 illis
2912 2520 2980 2576 de
3005 2529 3166 2576 nocte
3201 2522 3508 2578 columnam
3539 2525 3680 2593 ignis
3697 2523 3764 2594 ³⁵,

2189 2609 2244 2662 in
2267 2611 2720 2665 illuminationem
2749 2626 2812 2665 ac
2841 2611 3248 2677 deductionem,
3278 2621 3334 2668 et
3357 2614 3422 2669 de
3444 2614 3531 2669 die
3555 2616 3766 2671 colum-

2188 2717 2313 2755 nam
2345 2702 2530 2765 nubis,
2577 2703 2629 2755 in
2684 2698 3063 2756 umbraculum
3108 2705 3370 2760 adversus
3417 2707 3549 2762 solis
3605 2709 3767 2760 ardo-

2188 2809 2301 2848 rem
2327 2793 2409 2860 ";
2433 2794 2524 2864 qui
2557 2795 2726 2864 legem
2762 2794 2857 2849 Dei
2885 2810 2952 2850 ex
2984 2811 3079 2850 ore
3125 2804 3178 2850 et
3207 2811 3370 2851 manu
3396 2807 3452 2852 et
3489 2800 3764 2870 scriptura

2189 2883 2280 2963 Dei
2305 2885 2359 2939 in
2385 2887 2584 2941 tabulis
2616 2888 2843 2957 lapideis
2867 2888 3136 2959 sculptam
3166 2890 3247 2944 eis
3283 2890 3610 2959 praebuerat,
3641 2907 3758 2963 per-

2187 2961 2310 3032 fecti
2342 2981 2556 3033 numeri
2586 2979 2915 3051 Decalogum
2935 2981 2984 3012 ⁸⁸
3013 2996 3026 3033 :
3069 2997 3194 3036 cum
3219 2998 3328 3053 quo
3358 2981 3501 3038 Deus
3533 2983 3671 3039 facie
3693 2986 3764 3041 ad

2188 3069 2384 3126 faciem
2419 3072 2856 3142 colloquebatur,
2911 3073 3057 3128 sicut
3108 3074 3306 3144 aliquis
3357 3076 3674 3145 loqueretur
3693 3078 3762 3132 ad

518 3165 832 3239 [Lanam],
856 3168 984 3221 ὡσεί
1012 3186 1096 3232 τις
1123 3169 1350 3241 λαλῆσαι
1381 3171 1517 3242 πρὸς
1545 3170 1738 3224 ἑαυτοῦ
1756 3171 1925 3240 φίλον·
1955 3176 2083 3246 περὶ

2190 3164 2419 3218 amicum
2453 3181 2610 3220 suum
2643 3165 2802 3232 ”;ac
2826 3164 2894 3219 de
2914 3181 3023 3235 quo
3051 3165 3187 3220 dixit
3219 3185 3232 3220 :
3256 3186 3274 3218 ι
3300 3165 3365 3220 Ει
3395 3182 3502 3220 non
3525 3169 3764 3223 surrexit

515 3251 576 3308 οὗ
589 3254 754 3310 εἶπεν·
769 3279 785 3309 ι
799 3261 907 3312 Καὶ
922 3261 1020 3314 οὐκ
1032 3260 1226 3332 ἀνέστη
1244 3265 1492 3333 προφήτη
1504 3281 1530 3326 ς
1548 3264 1623 3326 ὡς
1635 3256 1857 3334 Μωσῆς.
1875 3265 2084 3336 »Τούτῳ

519 3349 888 3420 ἐπανέστησαν
917 3352 964 3402 οἱ
993 3354 1250 3423 Κορεῖται
1275 3354 1368 3405 καὶ
1388 3355 1436 3405 οἱ
1466 3354 1804 3425 Ῥουϐηνῖται
1825 3358 1998 3420 ⁸³,καὶ
2017 3357 2086 3409 λί-

517 3437 643 3502 θυυς
666 3439 883 3494 ἔϐαλλον
897 3444 1036 3495 κατὰ
1048 3444 1140 3495 τοῦ
1154 3445 1397 3507 Μωσέως
1410 3444 1521 3516 (76)
1537 3449 1972 3518 προσευχομένου
1992 3452 2086 3504 καὶ

516 3528 782 3597 λέγοντος·
819 3551 837 3583 ‹
867 3535 956 3604 Μὴ
985 3535 1226 3606 πρόσχῃς
1257 3538 1335 3598 είς
1360 3535 1455 3606 τὴν
1491 3535 1678 3590 θυσίαν
1713 3539 1908 3593 αὐτῶν.
1943 3543 2087 3596 »Καὶ

518 3620 738 3688 ὀφθεῖσα
766 3625 798 3693 ή
822 3624 948 3688 δόξα
967 3626 1060 3678 τοῦ
1099 3626 1393 3690 Θεοῦ,τοὺς
1417 3627 1514 3696 μὲν
1527 3630 1605 3690 εἰς
1629 3628 1734 3698 γῆν
1756 3632 2082 3700 κατήνεγκε,

517 3712 642 3774 τοὺς
665 3712 720 3765 δὲ
744 3715 875 3784 πυρὶ
904 3716 1195 3784 κατέφλεξε
1214 3734 1226 3746 ·
1253 3717 1343 3771 ml
1375 3716 1516 3770 οὕτω
1546 3720 1671 3782 τοὺς
1687 3721 1962 3792 ἀρχηγοὺς
1991 3723 2087 3794 τῆς

519 3803 726 3873 πλάνης
751 3805 843 3856 τοῦ
879 3806 1174 3876 σχίσματος
1193 3851 1206 3874 ,
1229 3809 1536 3878 -λέγονταςο
1579 3830 1596 3860 ι
1629 3812 1817 3882 Δῶμεν
1847 3813 2086 3884 ἀρχηγὸν

518 3894 747 3956 ἑαυτοῖς·
788 3915 806 3944 ι
842 3896 1049 3966 ἤνοιξεν
1085 3901 1116 3968 ἡ
1150 3901 1218 3970 γῆ
1246 3900 1308 3952 τὸ
1331 3902 1502 3973 στόμα
1532 3903 1700 3974 αὐτῆς
1721 3906 1813 3958 ml
1830 3907 2086 3960 κατέπιεν

518 3985 733 4050 αὐτοὺς,
757 3989 848 4039 ml
879 3987 977 4050 τὰς
1019 3991 1221 4060 σκηνὰς
1262 3992 1460 4059 αὐτῶν,
1501 3995 1591 4047 ml
1632 3997 1729 4068 τὴν
1775 3998 2084 4071 ἀποσκευὴν

519 4076 714 4141 αὐτῶν,
738 4079 827 4131 ml
857 4080 1119 4150 κατῆλθον
1148 4085 1228 4146 εἰς
1258 4083 1384 4154 ᾅδου
1415 4083 1641 4149 ζῶντες·
1665 4089 1792 4151 τοὺς
1818 4089 1874 4142 δὲ
1905 4092 2090 4162 Κορεί-

518 4184 614 4232 τας
632 4168 879 4223 ἀπώλεσε
908 4171 996 4224 διὰ
1014 4175 1202 4245 πυρός.

1057 4289 1450 4344 ΚΕΦΑΛΛΙΟΝ
1489 4294 1562 4346 Δ’.

521 4371 636 4426 Ὅτι
652 4376 977 4455 ἀποσχίζεί,
992 4382 1102 4455 οὐχ
1119 4384 1153 4433 ό
1171 4375 1938 4455 τῲοάσεόῶννχωριζόμενος,
1953 4387 2089 4444 ἀλλ’

835 4452 868 4501 ό
891 4448 1008 4501 τῶν
1033 4451 1298 4515 εὐσεὸζῶν
1317 4448 1736 4522 ἀφιστάῂεᾶβος.

585 4537 646 4590 El
667 4535 758 4591 οῦν
787 4543 900 4603 τοῖς
925 4539 1013 4594 διὰ
1042 4542 1329 4614 φιλαρχίαν
1358 4545 1740 4614 ἀποσχίσασιν,
1771 4547 2084 4617 παραυτίκα

513 4623 642 4690 Θεὸς
695 4630 941 4701 ἐπήγαγε
999 4633 1097 4704 τὴν
1150 4634 1417 4706 τιμωρίαν
1443 4677 1458 4700 ,
1517 4636 1671 4707 πόσῳ
1721 4638 1917 4708 μᾶλλον
1972 4641 2084 4702 τοῖς

2121 4500 2164 4554 D

2187 3257 2447 3326 prepheta
2472 3257 2614 3310 sicut
2643 3255 2891 3312 Moses“.
2916 3276 2934 3308 ι
2972 3257 3246 3315 Adversus
3277 3259 3423 3313 hunc
3454 3259 3764 3316 insurrexe-

2186 3355 2314 3400 runt
2350 3348 2553 3401 Coritaa
2595 3357 2650 3402 et
2697 3347 3016 3416 Rubenitze;
3064 3358 3118 3404 et
3169 3350 3375 3420 lapides
3420 3350 3676 3421 jecerunt
3705 3353 3760 3406 in

2187 3439 2388 3494 Moscm
2405 3439 2452 3470 ἠ
2480 3448 2724 3493 orantem
2754 3456 2818 3495 ac
2839 3441 3106 3496 dicentem
3129 3461 3144 3497 :
3173 3461 3191 3492 ι
3211 3441 3288 3498 Ne
3308 3444 3554 3498 attendas
3579 3444 3645 3498 ad
3676 3461 3766 3500 sa-

2186 3532 2448 3586 criﬁcium
2494 3533 2744 3587 eorum“
2773 3553 2791 3584 ι
2837 3551 2849 3584 :
2893 3543 2947 3589 et
2995 3535 3168 3606 gloria
3211 3535 3303 3591 Dei
3345 3552 3465 3607 quae
3491 3537 3760 3607 apparuit,

2187 3625 2322 3678 alios
2351 3624 2571 3693 quidem
2602 3626 2654 3678 in
2685 3632 2886 3680 terram
2925 3627 3133 3690 intulit,
3168 3628 3307 3683 alios
3337 3645 3464 3683 vero
3487 3629 3756 3700 ignecon-

2188 3716 2421 3785 sumpsit
2454 3734 2467 3770 :
2519 3723 2680 3788 atque
2729 3717 2804 3770 ita
2834 3718 3041 3774 erroris
3076 3719 3414 3776 schismatici
3470 3721 3760 3792 magistros

2188 3821 2252 3860 ac
2277 3806 2658 3878 ductoras,qui
2687 3809 2934 3864 dixerant
2961 3827 2973 3862 :
3005 3830 3026 3863 ι
3051 3810 3458 3867 Constituamus
3481 3813 3635 3867 nobis
3658 3815 3756 3866 du-

2190 3900 2372 3952 cem“
2393 3942 2406 3966 ,
2431 3918 2448 3949 ι
2479 3907 2646 3963 terra,
2681 3908 2869 3970 aperto
2899 3902 3020 3956 sinu
3052 3919 3153 3958 suo
3176 3903 3472 3965 devoravit,
3506 3920 3608 3957 una
3631 3920 3754 3958 cum

2190 3989 2562 4046 tabernaculis
2609 4006 2672 4045 ac
2721 3993 3056 4062 supellectile
3084 4009 3296 4057 eorum,
3327 3994 3756 4049 descenderunt-

2189 4098 2294 4151 que
2325 4083 2378 4135 in
2410 4082 2682 4138 infernum
2711 4084 2859 4138 vivi:
2893 4083 3111 4140 Coritas
3140 4101 3268 4148 vero
3291 4102 3388 4155 per
3415 4086 3588 4156 ignem
3613 4085 3754 4143 Deus

2190 4188 2407 4242 pessum
2427 4174 2594 4228 dedit.

2783 4286 3013 4342 CAPUT
3053 4286 3142 4343 1V.

2192 4378 2343 4445 Quod
2365 4379 2591 4434 schisma
2619 4380 2766 4448 facit,
2795 4396 2898 4433 non
2925 4380 3012 4449 qui
3038 4391 3248 4450 separat
3273 4397 3327 4434 se
3359 4380 3422 4433 ab
3446 4382 3641 4450 impiis,
3664 4384 3752 4437 sed

2699 4452 2784 4519 qui
2816 4471 2846 4502 α
2879 4451 2980 4518 piis
3011 4448 3261 4505 abscedit.

2260 4539 2317 4595 Si
2349 4557 2478 4612 ergo
2524 4542 2762 4597 schisma
2821 4557 2917 4611 per
2966 4540 3315 4596 ambitionem
3365 4541 3752 4610 conﬁantibus,

2191 4632 2332 4688 Deus
2359 4633 2646 4688 confestim
2689 4633 3018 4704 supplicium
3075 4633 3290 4701 intulit;
3345 4644 3550 4705 quanto
3582 4639 3754 4708 magis

514 4716 774 4786 αἱρέσεων
801 4723 1010 4776 ἀσεϐῶν
1056 4725 1564 4797 καθηγησαμένοιςς
1599 4729 1672 4781 Ού
1720 4729 2083 4800 σφοδροτέραν

2191 4725 2476 4780 liceresium
2509 4727 2796 4796 impiarum
2843 4725 3194 4782 auctoribus?
3229 4726 3417 4784 Nonne
3461 4728 3756 4783 vehemen-

513 4805 701 4874 ἐπάξει
727 4814 827 4883 τὴν
853 4814 993 4868 τίσιν
1023 4815 1431 4888 βλασφημοῦσιν
1451 4819 1612 4872 αὐτοῦ
1636 4820 1888 4891 πρόνοιαν
1918 4821 1950 4891 ἢ
1983 4821 2084 4892 τὴν

2190 4820 2381 4874 liorem
2414 4820 2632 4874 inducet
2662 4819 2960 4873 vindictam
3002 4820 3056 4873 in
3086 4831 3183 4874 eos
3228 4819 3320 4888 qui
3353 4819 3752 4889 providentiam

586 4990 630 5024 ³ο
657 4993 726 5065 a_l_.
757 4995 821 5047 δι’
865 4998 1045 5051 αὐτόν.
1123 5001 1164 5031 ³¹
1185 4999 1466 5065 Num.xn,
1499 5000 1551 5053 5.
1629 4999 1672 5030 ³³
1695 4997 1865 5052 Exod.
1893 5013 1992 5061 vn,
2025 4999 2077 5053 8.

2190 5000 2196 5028 '
2229 4997 2399 5050 Exod.
2451 5015 2538 5059 xv,

518 5059 603 5112 Η.
679 5062 722 5092 ⁸⁸
742 5066 811 5118 al.
845 5069 1304 5141 κρεωδοτὴσαντα,
1355 5059 1535 5124 εἰούι
1574 5069 1709 5123 alter
1751 5069 1875 5124 cod.
1916 5059 2077 5125 Vind.

518 5143 723 5188 XXXIII.
787 5137 871 5188 Il.
975 5137 1018 5168 ’⁸ο
1052 5139 1204 5188 Deut.
1259 5156 1444 5188 xuiv-
1486 5140 1573 5188 10.
1648 5139 1782 5188 “al-
1826 5139 2077 5188 Ῥουϐηλί

516 5143 723 5193 XXXIII,
787 5143 871 5188 Il.

519 5213 637 5264 le,
664 5202 716 5256 4.

975 5137 1018 5168 ’⁵ο
1052 5135 1204 5194 Deut.
1259 5156 1456 5206 xxxw,
1486 5140 1573 5194 10.
1648 5139 1782 5192 "al.
1826 5139 2196 5210 Ῥουϐηλίται.
2257 5140 2300 5170 ⁸³
2336 5135 2496 5190 N'u.n.
2551 5154 2656 5201 .viv,
2717 5138 2798 5192 10.

2570 4997 2638 5031 ε>“ἰ

2575 5021 2660 5049 In).

2765 4995 3001 5049 "Exod.
3051 5011 3163 5061 va,
3213 4997 3264 5049 4.
3343 4997 3385 5029 ³⁸
3415 4995 3585 5050 Exod.
3633 5013 3746 5058 xvi,

2825 5068 2870 5098 ³⁸
2901 5065 3068 5119 Exod.
3116 5083 3266 5126 xxxi,
3305 5068 3391 5121 18.
3498 5068 3541 5100 ³⁸
3578 5066 3746 5120 Εἰοό.

2901 5137 2945 5166 ⁸³
2972 5135 3132 5190 Nam.
3163 5151 3274 5201 τινι,
3302 5138 3388 5192 15.
3497 5137 3540 5168 ⁸³
3575 5135 3744 5191 Nam.

2187 5069 2232 5103 ³⁷
2258 5067 2428 5120 Exod.
2463 5083 2584 5129 XIII,
2641 5067 2730 5120 21.

1849 5314 2206 5372 VARIORUM
2239 5318 2469 5374 ΝΟΤᾸΕ.

589 5448 696 5519 (75)
734 5447 846 5520 Kal
867 5447 1190 5520 ᾑτίμηοὴαν.
1235 5448 1358 5520 Haec
1381 5459 1436 5505 et
1485 5456 1972 5520 qtiaegsequuntur,
2010 5449 2075 5502 ad
2181 5465 2303 5505 esse
2333 5451 2533 5520 prioris
2563 5451 2894 5506 emendatio.
2919 5450 3057 5506 Co'r.

516 5517 630 5590 haec
651 5517 814 5590 verba
831 5532 843 5565 :
859 5517 940 5590 :l‘ﬁ
970 5519 1098 5587 παρ’
1120 5519 1311 5570 ἑαυτοῦ
1331 5522 1585 5590 ὁσιότητιο
1607 5518 1803 5574 desunt
1827 5519 1882 5572 in
1906 5519 2076 5573 altero

513 5588 635 5642 cod.
656 5585 816 5641 Vind.
850 5584 1016 5639 cum.

2251 5519 2360 5605 (76)
2401 5520 2740 5605 Καί-λίθους
2768 5523 3030 5605 ἕϐαέλιρς
3052 5522 3348 5605 κατεῖλε-τοῦ
3679 5519 3738 5605 in

2171 5591 2431 5663 Jusepbo,
2481 5591 2590 5663 lib._
2617 5606 2671 5642 ινι
2713 5605 2832 5663 eap.
2874 5591 2952 5645 2:
2991 5593 3097 5663 καὶ
3144 5591 3356 5663 βάλλειν
3401 5593 3490 5663 τὸν
3538 5593 3741 5663 Mr

587 5657 847 5732 (74)]61-
872 5655 964 5732 ἐπί
986 5655 1340 5732 Αἰγυπτίους
1359 5657 1736 5732 δεκάπνίηγον
1763 5661 2067 5726 πεπληρω-

2190 5655 2522 5732 ὒρμήκεσαν.
2551 5659 2694 5732 Tunc
2722 5655 2895 5732 inique
2916 5655 3186 5732 populus,
3207 5663 3282 5714 ait
3305 5661 3536 5716 Ruﬁnus
3572 5655 3741 5716 mmi-

514 5729 675 5779 mlm.
711 5727 914 5780 Desunt
947 5727 998 5778 in
1030 5727 1204 5779 altero
1229 5729 1348 5779 cod.
1381 5726 1536 5781 Vind.
1563 5730 1635 5783 Ιι).

587 5797 696 5865 (7’5)
735 5794 1088 5864 ΙΙαί)“αὺτῶν
1108 5795 1234 5865 μετ’
1263 5795 1472 5851 αὐτῶν.
1527 5796 1804 5854 Posterius
1861 5799 2076 5854 videtur

2176 5728 2398 5798 prem:
2420 5731 2579 5784 etiam
2607 5728 2793 5784 Mosen
2830 5728 3488 5801 lapidaretuggrcasusest'.
3523 5733 3598 5786 In.
