4080 6266
393 401 503 463 915

1212 384 1287 441 ’8.
1322 377 1709 441 CLEMENTIS
1740 375 1760 431 ι
1794 372 1960 431 ΡιΟΜ.
1996 371 2200 428 ΡΟΝΤ.
2235 370 2462 428 OPERA
2500 368 2703 426 DUBlA

3516 354 3621 412 9l6

397 519 520 588 ejus
542 518 635 568 aut
654 506 983 564 creationem
1009 494 1505 570 blaspliemant?At
1525 507 1645 551 vos.
1665 489 1880 549 fratres.
1897 500 1961 538 ex

2075 481 2459 554 δημιουργίαν;
2517 481 2652 533 Ἀλλ’
2675 479 2852 548 ὑμεῖς,
2902 457 3135 544 ἀδελφοὶ,
3164 472 3228 526 ἐκ
3270 471 3367 543 τῆς
3404 470 3626 542 Γραφῆς

2167 577 2190 588 -
2269 576 2281 588 .
2552 573 2609 588 ..
2755 570 2781 588 ι.
2889 568 2914 588 ,ι
2948 570 3110 588 ,ωερη
3139 563 3205 588 ,ι
3241 563 3506 588 ...ι-.----
3530 562 3626 588 _.-.-

403 580 687 677 Scriptura
729 597 950 660 eruditi,
984 602 1170 649 cavete
1206 605 1273 645 ne
1319 587 1635 658 opinionum
1667 580 1964 637 schismata

404 670 640 762 faciatis,
696 705 874 760 neque
896 701 1027 742 vero
1056 682 1285 739 unitatis
1306 687 1499 735 vestra:
1529 697 1541 731 :
1575 673 1833 745 quoniam
1871 670 1964 739 qui

405 789 627 847 nefariae
671 781 915 853 opinioni
941 777 1215 848 principes
1244 789 1303 828 se
1339 770 1707 841 praebuerunt,
1749 763 1966 834 p0pulis

404 883 774 955 speculatores
805 875 872 929 ad
902 871 1260 944 perditionem
1302 867 1736 921 constituuntur.
1762 856 1964 911 Simili-

403 952 487 1031 ter
505 980 558 1029 et
576 988 695 1035 vos,
715 968 863 1029 laici,
884 966 952 1020 iis
966 964 1057 1033 qui
1075 961 1353 1016 contraria
1366 958 1462 1012 Dei
1482 954 1729 1010 consiliis
1744 952 1968 1005 tradunt

403 1068 656 1137 dogmata
681 1078 751 1118 ne
797 1058 1089 1119 accedalis,
1126 1069 1225 1109 nec
1274 1048 1570 1121 impietatis
1607 1061 1795 1102 eorum
1825 1043 1967 1099 tiatis

403 1158 728 1230 participes;
766 1153 841 1206 ait
857 1147 1156 1207 enimDeus
1184 1161 1237 1200 ιι
1263 1141 1645 1213 Disjungimini
1688 1138 1755 1194 de
1792 1137 1968 1192 medio

403 1253 598 1305 horum
626 1248 969 1304 virorum.ne
998 1255 1121 1295 cum
1150 1239 1230 1293 eis
1260 1237 1493 1308 pereatis
1508 1235 1584 1295 “;
1614 1254 1631 1284 ι
1650 1240 1703 1287 et
1732 1233 1926 1285 iterum
1951 1251 1962 1284 :

411 1346 596 1400 «Exite
609 1342 675 1397 de
688 1340 867 1395 medio
878 1350 1088 1403 eorum,
1107 1328 1455 1401 separamini,
1470 1327 1602 1381 dicit
1616 1324 1896 1387 Dominus;
1917 1328 1970 1376 et

406 1434 744 1492 immundum
769 1446 838 1485 ne
870 1426 1185 1498 tetigeritis;
1220 1432 1273 1477 et
1293 1436 1393 1491 ego
1433 1419 1689 1488 recipiam
1725 1431 1821 1471 vos
1845 1415 1912 1467 ⁸⁸.
1945 1432 1963 1465 ι

1019 1513 1245 1571 CAPUT
1293 1512 1355 1567 V.

406 1621 525 1688 Qua
571 1617 635 1671 de
680 1630 842 1688 causa
886 1610 1104 1688 rejectus
1158 1606 1337 1676 fuerit,
1375 1604 1463 1688 qui
1486 1602 1623 1684 [also
1672 1604 1972 1688 nominatur

476 1688 681 1750 Israel,
720 1673 1096 1738 demonstratio
1153 1673 1218 1731 ea:
1272 1673 1583 1743 propheticis
1637 1673 1971 1741 praedicatio-

474 1759 649 1815 nibus.

2065 576 2456 645 παιδευόμενοι,
2478 570 2813 642 φυλάσσεσθε
2848 568 2920 641 μὴ
2941 570 3110 621 ποιεῖν
3137 563 3206 619 τὰ
3239 563 3511 633 σχίσματα
3530 562 3629 635 τῆς

2064 667 2287 739 γνώμης
2315 667 2446 738 (77),
2481 667 2614 736 μήτε
2646 664 2748 734 μὴν
2767 662 2865 733 τῆς
2893 659 3136 721 ένὼσεως
3169 655 3353 727 ὑμῶν·
3386 654 3466 707 ὅτι
3501 670 3629 706 σκο-

2066 764 2160 814 ποὶ
2187 759 2460 822 ἀπωλείας
2486 759 2534 810 οἱ
2549 757 2705 826 δόξης
2721 754 2981 825 ἀθεμίτου
2998 750 3259 823 ἄρξαντες
3274 747 3630 802 καθίστανται

2065 857 2178 917 τοῖς
2194 854 2360 916 λαοῖς.
2397 851 2627 921 Ὁμοίως
2649 849 2743 901 καὶ
2777 848 2825 900 oi
2863 846 3059 910 λαῖκοὶ,
3085 846 3197 906 τοῖς
3226 845 3291 913 τῇ
3310 838 3507 911 γνώμῃ
3534 836 3629 891 τοῦ

2067 946 2198 999 Θεοῦ
2227 944 2440 998 ἐναντία
2466 942 2823 1013 δογματίσασι
2854 940 2926 1010 μὴ
2965 936 3308 1008 πλησιάζετε,
3345 933 3479 1004 μηδὲ
3513 948 3630 984 κοι-

2067 1039 2222 1091 νωνοὶ
2245 1039 2343 1107 τῆς
2372 1034 2622 1098 ἀσεϐείας
2650 1032 2826 1087 αὐτῶν
2857 1029 3096 1100 γίνεσθεο
3114 1028 3263 1096 λέγει
3282 1025 3390 1096 γὰρ
3415 1029 3443 1078 ὁ
3464 1023 3595 1087 Θεός
3612 1040 3627 1055 ο

2052 1129 2467 1200 «Ἀποσχίσθητε
2512 1128 2577 1180 ἐκ
2610 1126 2773 1197 μέσου
2803 1124 2909 1177 τῶν
2938 1121 3145 1193 ἀνδρῶν
3170 1119 3393 1192 τούτων,
3426 1118 3513 1170 ἵνα
3555 1116 3630 1187 μὴ

2071 1222 2436 1293 συναπόλησθε
2466 1221 2665 1282 αὐτοῖς·
2683 1238 2699 1269 ι
2725 1219 2819 1272 καὶ
2837 1216 3046 1271 πάλιν·‹
3072 1213 3340 1280 Ἐξέλθετε
3370 1212 3433 1264 ὲκ
3465 1211 3630 1281 μέσου

2069 1315 2266 1383 αὐτῶν,
2286 1313 2634 1386 ἀφορίσθητε,
2665 1312 2809 1380 λέγει
2836 1309 3058 1381 Κύριος,
3089 1307 3182 1361 καὶ
3224 1304 3532 1376 ἀκαθάρτου
3556 1302 3631 1372 μὴ

2071 1409 2304 1463 ἅπτεσθε
2323 1451 2337 1476 ,
2369 1406 2523 1476 κάγὼ
2550 1404 2853 1476 εἰσδέξομαι
2873 1404 3033 1474 ὑμᾶς.
3078 1420 3096 1453 ι

2590 1495 2980 1553 ΚΕΦΑΛΑΙΟΝ
3020 1493 3097 1547 E'.

2077 1595 2265 1666 Τίνοςί
2285 1592 2464 1666 χάριν.
2509 1589 2813 1666 ἀπεϐλήθη
2860 1592 2892 1643 o'
2933 1585 3323 1666 '95-'svt3cbrt'ch
3365 1579 3631 1651 Ἰσραὴλ»

2235 1655 2536 1729 ἀᾶόδειξις
2562 1663 2629 1715 ἐκ
2656 1655 3032 1729 προφητικῶν
3058 1655 3458 1725 προρρήσεων.

477 1810 617 1906 θοι-ο
636 1810 795 1903 enim
824 1842 1065 1915 fugiendi
1096 1848 1246 1906 sunt,
1285 1837 1379 1910 qui
1410 1832 1542 1893 Deo
1577 1835 1967 1905 blasphemiam

2137 1825 2417 1876 Φευκταίοι
2446 1821 2553 1894 γάρ
2582 1823 2717 1874 εἰσιν
2743 1820 2817 1883 ὡς
2859 1819 3070 1890 ἀληθῶς
3111 1819 3160 1871 οί
3200 1810 3637 1886 βλασφημοῦντες

404 1941 666 2000 inferunt.
716 1937 995 2007 Siquidem
1056 1933 1347 2002 impiorum
1411 1928 1820 1999 quamplurimi,
1876 1926 1970 1981 Dei

405 2032 711 2104 ignorantia
735 2036 990 2083 tenentur
1021 2045 1034 2080 :
1073 2033 1127 2077 at
1154 2024 1209 2076 hi
1240 2023 1396 2076 malae
1435 2021 1632 2074 mentis
1659 2020 1793 2074 vitio
1822 2019 1973 2072 labo-

404 2130 550 2185 rant,
578 2130 835 2190 tanquam
863 2118 955 2172 Dei
985 2117 1192 2170 hostes.
1229 2113 1365 2166 Nam
1406 2128 1473 2167 ex
1518 2111 1723 2165 malitia
1758 2110 1971 2164 haereti-

408 2228 605 2270 corum
638 2230 655 2263 ι
689 2224 906 2281 egressa
935 2215 1017 2261 est
1041 2206 1266 2277 pollutio
1292 2205 1344 2261 in
1368 2218 1581 2259 omnem
1605 2209 1827 2266 terram,
1869 2221 1886 2254 ι
1916 2208 1973 2254 ut

404 2306 482 2362 ait
510 2302 772 2361 Jeremias
796 2299 1056 2371 propheta
1088 2297 1153 2341 δτι
1185 2294 1432 2365 lmproba
1462 2295 1659 2365 quippe
1691 2291 1974 2362 Synagoga

405 2396 689 2472 repudiata
721 2409 751 2448 a
778 2392 1007 2447 Domino
1039 2389 1173 2454 Deo,
1205 2397 1258 2443 et
1290 2387 1501 2457 abiecta
1543 2386 1611 2439 ab
1656 2387 1847 2440 eodem
1877 2385 1975 2439 do-

406 2506 497 2547 mo
519 2490 597 2555 M’;
627 2483 1084 2561 quemadmodum
1116 2481 1351 2551 quodam
1381 2480 1434 2533 in
1467 2480 1588 2534 loco
1613 2476 1746 2531 dicit
1778 2497 1790 2531 :
1828 2497 1847 2527 ι
1877 2476 1979 2533 Re-

406 2582 543 2652 liqui
567 2581 789 2635 domum
818 2591 1016 2640 meam,
1042 2574 1222 2629 dimisi
1250 2573 1620 2628 luereditatem
1650 2586 1824 2625 meam
1843 2571 1918 2636 ‘9;
1952 2590 1971 2623 ι

406 2682 462 2731 et
491 2675 689 2730 iterum
746 2670 953 2728 Isaias:
996 2686 1013 2718 ι
1053 2667 1307 2723 Deseram
1346 2666 1556 2720 vineam
1588 2680 1761 2720 meam
1794 2673 1977 2720 etnon

407 2766 709 2842 putabitur,
735 2778 914 2833 neque
944 2760 1213 2826 fodictur;
1254 2767 1307 2814 et
1348 2759 1604 2814 ascendet
1632 2758 1688 2813 in
1715 2772 1834 2812 eam
1854 2765 1979 2811 tan-

407 2874 573 2930 quam
606 2857 661 2912 iu
694 2863 896 2912 terram
927 2853 1190 2907 incultam
1231 2850 1420 2920 spina;
1449 2856 1505 2904 et
1549 2848 1784 2903 nubibus
1824 2863 1977 2902 man-

408 2951 575 3015 dabo,
604 2965 673 3004 ne
703 2949 894 3019 pluant
926 2946 979 3000 in
1010 2960 1129 3000 eam
1164 2944 1393 2997 imbrem
1423 2942 1501 3008 5°;
1536 2960 1555 2992 ι
1590 2940 1866 3003 derelicto,
1896 2939 1979 2995 in-

406 3058 595 3114 quam,
640 3041 862 3113 populo,
899 3039 1073 3093 instar
1118 3035 1456 3090 tabernaculi
1488 3034 1544 3088 in
1591 3032 1769 3099 vinea,
1798 3039 1852 3086 et
1896 3032 1980 3087 in-

408 3146 524 3192 star
546 3133 775 3204 pomarii
808 3132 863 3187 in
892 3128 1288 3190 cucumerario,
1320 3134 1373 3181 et
1402 3127 1577 3180 instar
1609 3125 1845 3180 civitatis
1881 3124 1979 3178 ob-

2070 1913 2217 1967 Θεόν.
2274 1914 2338 1967 Οἱ
2394 1914 2490 1985 μὲν
2546 1911 2654 1985 γὰρ
2705 1912 2941 1965 πλεῖστοι
2992 1910 3099 1963 τῶν
3152 1906 3361 1962 ἀσεϐῶν
3418 1905 3637 1972 ἄγνοιαν

2070 2007 2249 2081 ἔχουσι
2293 2006 2447 2059 Θεοῦο
2491 1998 2633 2061 οὗτοι
2678 2005 2732 2058 δὲ
2761 2005 3043 2061 κακόνοιαν
3072 2002 3147 2065 ὡς
3175 1998 3428 2070 θεομάχοι
3457 1993 3657 2059 νοσοῦε

2074 2117 2175 2152 σιν.
2212 2100 2305 2152 Ἐκ
2331 2098 2437 2171 γὰρ
2463 2098 2563 2167 τῆς
2582 2098 2777 2160 κακίας
2795 2097 2900 2149 τῶν
2920 2093 3252 2167 αίρεσιωτῶν
3271 2090 3381 2162 (78)
3408 2110 3425 2139 ‹
3451 2087 3640 2158 ἐξῆλθε

2076 2192 2321 2263 μόλυσμα
2348 2193 2441 2246 ἐπὶ
2471 2193 2648 2243 πᾶσαν
2676 2190 2772 2262 τὴν
2802 2189 2926 2263 γῆν,
2966 2208 2983 2239 ι
3017 2187 3090 2250 ὥς
3120 2201 3282 2256 φησιν
3321 2181 3586 2253 Ἱερεμίας
3610 2180 3641 2231 ὁ

2074 2286 2373 2356 προφήτης.
2429 2282 2847 2353 Ἀποϐληοείσης
2890 2280 2998 2352 γὰρ
3037 2280 3137 2350 τῆς
3174 2276 3499 2345 Συναγωγῆς
3540 2273 3642 2343 τῆς

2076 2377 2314 2448 πονηρᾶς
2344 2377 2447 2430 ὑπὸ
2475 2376 2679 2447 Κυρίου
2706 2374 2799 2427 τοῦ
2845 2372 2999 2434 Θεοῦ,
3031 2373 3124 2425 καὶ
3163 2368 3257 2423 τοῦ
3294 2371 3441 2422 οἴκου
3472 2368 3643 2437 ἀπορ-

2079 2469 2321 2544 ριφέντος
2350 2469 2438 2521 ὑπ’
2484 2465 2668 2530 αὐτοῦ,
2698 2464 2881 2527 καθώς
2919 2463 3019 2516 πού
3060 2479 3239 2535 φησιν·
3278 2481 3295 2512 ι
3321 2459 3643 2527 Ἑγκαταλέο

2076 2562 2236 2614 λοιπα
2286 2561 2375 2614 τὸν
2403 2556 2546 2613 οἶκόν
2591 2577 2711 2631 μου,
2756 2557 2941 2628 ἀφῆκα
2985 2556 3091 2627 (79)
3138 2556 3235 2627 τὴν
3280 2552 3641 2623 κληρονομίαν

2082 2671 2199 2725 μου·
2259 2672 2276 2703 ι
2321 2653 2415 2705 καὶ
2453 2651 2612 2704 πάλιν
2653 2650 2894 2712 Ἠσαίας·
2945 2667 2963 2700 ι
2989 2649 3192 2718 ’Λνήσω
3219 2646 3308 2699 τὸν
3346 2642 3645 2715 ἁμπελῶνά

2083 2762 2205 2816 μου,
2235 2744 2329 2797 καὶ
2358 2743 2417 2797 οὐ
2451 2743 2523 2815 μὴ
2553 2741 2730 2813 τμηθῇ
2765 2780 2779 2805 ,
2808 2740 2912 2793 οὐδ’
2942 2740 3001 2793 οὐ
3036 2739 3109 2812 μὴ
3155 2740 3352 2808 σκαφῇ·
3388 2737 3480 2790 καὶ
3508 2737 3641 2789 ἀνα-

2080 2837 2300 2909 ϐήσεται
2328 2837 2405 2899 είς
2450 2835 2610 2888 αὐτὸν
2652 2834 2726 2897 ὼς
2766 2835 2846 2896 είς
2892 2832 3081 2905 χέρσον
3121 2830 3345 2885 ἄκανθα·
3396 2831 3490 2882 καὶ
3525 2831 3644 2893 ταῖς

2080 2928 2323 2998 νεφέλαις
2336 2926 2544 2981 ὲντελοῦ
2552 2944 2647 2997 μαι
2658 2924 2750 2978 τοῦ
2767 2925 2840 2996 μὴ
2860 2923 3041 2996 βρέξαι
3057 2926 3134 2986 εἰς
3149 2922 3309 2978 αὑτὸν
3329 2922 3497 2974 ὑετόν·
3514 2940 3530 2971 ›
3550 2921 3642 2988 ἑγ-

2080 3018 2390 3073 καταλιπὼν
2435 3014 2527 3071 οῦν
2554 3017 2644 3070 τὸν
2684 3017 2832 3082 λαὸν,
2878 3017 2954 3079 ὠς
2995 3016 3196 3089 σκηνὴν
3242 3015 3299 3067 tv
3342 3012 3641 3085 ἀμπελῶνι,

2081 3111 2174 3164 καὶ
2201 3109 2275 3173 ὼς
2302 3108 2739 3181 ὀπωροφυλάκιον
2769 3109 2825 3161 tv
2855 3107 3136 3179 συκηλάτῳ
3167 3107 3298 3178 (80),
3328 3107 3419 3159 καὶ
3449 3106 3522 3169 ὡς
3550 3106 3646 3159 πό-

409 3179 579 3282 σαιεὲ
603 3225 681 3290 δίς
712 3224 1067 3291 detractoque
1098 3220 1179 3275 eis
1224 3218 1433 3288 Spiritu
1480 3224 1673 3272 sancto
1715 3232 1778 3271 ac
1808 3215 1976 3271 imbre

2080 3203 2160 3256 λιν
2190 3200 2664 3273 πολιορκουμένην,
2696 3199 2957 3273 περιελὼν
2986 3199 3041 3255 δὲ
3069 3201 3161 3253 ἀπ’
3192 3200 3301 3271 (81)
3347 3197 3524 3251 αὐτῶν
3553 3199 3647 3252 καὶ

409 3316 750 3387 prophetico.
784 3314 1029 3382 implevit
1069 3310 1367 3365 Ecclesiam
1416 3323 1571 3363 suam
1611 3308 1787 3377 gratia
1819 3307 1979 3376 spiri-

409 3407 565 3469 tuali,
597 3406 746 3461 velut
775 3404 995 3460 ﬂuvium
1043 3402 1261 3473 Egypti
1295 3402 1346 3455 in
1379 3400 1573 3454 diebus
1613 3414 1875 3452 novorum
1908 3398 1975 3459 δ’,

408 3507 463 3554 et
490 3496 645 3552 valde
674 3496 932 3552 exaltavit
974 3511 1115 3557 eam,
1149 3494 1293 3549 sicut
1322 3492 1543 3545 domum
1577 3491 1629 3545 in
1678 3500 1859 3546 monte
1905 3489 1979 3543 si-

412 3590 632 3655 tam,vel
658 3589 799 3645 sicut
824 3597 1060 3643 montem
1088 3587 1387 3646 excelsum,
1422 3584 1567 3639 sicut
1594 3589 1829 3637 montem
1859 3597 1979 3637 coa-

410 3681 657 3750 gulatum
688 3688 741 3735 et
773 3691 1008 3734 montem
1062 3680 1347 3751 pinguem;
1396 3695 1414 3728 ι
1453 3677 1506 3730 in
1552 3690 1661 3747 quo
1718 3675 1977 3744 benepla-

413 3775 579 3829 citum
606 3783 687 3828 est
718 3772 831 3827 Deo
868 3772 1114 3826 habitare
1150 3772 1205 3825 in
1234 3786 1298 3825 eo
1330 3790 1345 3825 :
1376 3770 1577 3825 etenim
1609 3768 1871 3822 Dominus
1902 3768 1979 3823 in-

409 3864 677 3924 habitabit
707 3864 760 3918 in
787 3865 945 3919 tinem
977 3863 1048 3929 l‘3;
1090 3883 1106 3913 ι
1142 3870 1195 3917 et
1220 3863 1272 3915 in
1296 3860 1527 3919 Jercmia
1555 3859 1726 3917 dicit:
1760 3879 1777 3910 ι
1812 3858 1980 3913 Thro-

410 3970 517 4017 ειυς
545 3956 730 4027 gloriae
759 3956 1036 4018 elevatus,
1069 3953 1442 4009 sanctuarium
1475 3959 1723 4007 nostrum
1757 3951 1829 4017 δίς
1872 3972 1889 4002 ι
1925 3958 1979 4005 et

418 4051 474 4105 in
523 4049 697 4104 Isaia:
739 4067 756 4099 ι
800 4047 868 4104 Et
914 4050 1047 4109 erit,
1096 4050 1293 4120 inquit,
1340 4052 1393 4104 in
1441 4052 1754 4107 novissimis
1796 4052 1989 4107 diebus

416 4138 742 4195 manifestus
786 4156 945 4195 mons
996 4139 1233 4201 Domini.
1284 4151 1335 4196 et
1377 4143 1575 4198 domus
1621 4142 1721 4197 Dei
1766 4143 1819 4197 in
1868 4159 1988 4197 ver-

416 4231 526 4287 tice
571 4233 840 4287 montium
875 4243 926 4290 et
957 4236 1257 4291 elevabitur
1293 4252 1459 4306 super
1488 4237 1657 4291 colles
1687 4236 1754 4291 5'.
1796 4256 1812 4286 ι
1848 4235 1986 4302 Quia

418 4337 550 4392 ergo
569 4332 622 4378 et
655 4325 917 4395 populum
951 4327 1189 4397 reliquit,
1209 4343 1272 4381 ac
1301 4329 1563 4397 templum
1592 4328 1803 4386 dimisit
1831 4331 1990 4385 deso-

421 4415 617 4483 latum,
649 4418 769 4472 velo
804 4418 990 4488 templi
1024 4419 1220 4485 scisso,
1256 4420 1549 4489 ablatoque
1582 4421 1651 4475 ab
1686 4420 1752 4476 iis
1783 4419 1986 4490 Spiritu

2078 3282 2139 3351 τὺ
2167 3294 2388 3366 Πνεῦμα
2415 3294 2474 3348 τὸ
2502 3295 2652 3363 ἆγιον
2682 3296 2775 3347 καὶ
2800 3294 2889 3347 τὸν
2920 3294 3251 3365 προφητικὸν
3279 3292 3450 3356 ὑετὸν,
3482 3291 3647 3363 ἐπλή-

2083 3407 2222 3464 ρωσε
2265 3389 2364 3461 τὴν
2406 3387 2569 3441 αὑτοῦ
2613 3386 2932 3458 Ἐκκλησίαν
2988 3386 3355 3459 πνευματικῆς
3404 3385 3644 3456 χάριτος,

2079 3483 2155 3545 ὡς
2184 3481 2423 3553 ποταμὸν
2450 3479 2723 3557 Αἰγύπτου
2769 3480 2825 3531 ὲν
2865 3478 3099 3552 ἡμέραις
3139 3478 3295 3543 νέων,
3326 3479 3419 3531 καὶ
3449 3477 3649 3548 ὑπερύο-

2078 3572 2254 3644 ψωσεν
2283 3573 2449 3648 αὐτὴν
2491 3572 2566 3635 ὼς
2606 3569 2749 3625 οἷκον
2797 3572 2880 3623 ἐπ’
2911 3569 3087 3641 ὅρους,
3129 3570 3162 3641 ἢ
3205 3570 3281 3633 ὡς
3320 3570 3443 3640 ὅρος
3483 3571 3649 3639 ὑπερε-

2080 3666 2241 3736 φερὲς
2272 3705 2286 3730 ,
2319 3665 2393 3728 ὡς
2421 3663 2543 3737 ὅρος
2568 3664 2957 3735 τετυρωμένον,
2988 3664 3081 3715 καὶ
3109 3662 3232 3732 ὅρος
3271 3666 3407 3715 πῖον·
3465 3681 3481 3712 ι
3519 3662 3576 3713 tv
3605 3657 3650 3729 ᾧ

2080 3760 2363 3831 εὐδόκησεν
2389 3760 2417 3810 ὁ
2446 3759 2576 3823 Θεὸς
2611 3762 2879 3815 κατοικεῖν
2925 3760 2982 3811 tv
3027 3756 3194 3827 αὐτῷ’
3231 3758 3323 3811 καὶ
3351 3756 3458 3828 γὰρ
3485 3758 3512 3809 ὁ
3540 3756 3650 3809 Κύ-

2081 3871 2192 3927 ριος
2237 3852 2645 3924 κατασκηνώσει
2686 3854 2765 3915 εἰς
2796 3852 2945 3915 τέλος
2990 3851 3119 3921 (82)·
3163 3870 3181 3901 ι
3218 3851 3311 3903 καὶ
3355 3851 3412 3903 tv
3440 3849 3517 3920 τῷ
3556 3850 3651 3902 Ἰε-

2082 3945 2244 4019 ρεμίᾳ
2290 3944 2450 4014 λέγει·
2497 3963 2514 3995 ι
2571 3943 2768 4016 Θρόνος
2821 3942 2976 4014 δόξης
3033 3942 3340 4012 ὑψωμένος,
3404 3942 3650 4011 ἀγίασμα

2076 4037 2233 4109 ἡμῶν
2272 4036 2402 4108 (85)·
2436 4056 2453 4086 ι
2477 4037 2569 4089 καὶ
2598 4038 2653 4089 tv
2680 4036 2875 4105 Ἡσαΐᾳ
2904 4034 3065 4102 λέγει’
3095 4052 3113 4084 ι
3139 4036 3248 4087 Καὶ
3269 4033 3418 4085 ἔσται
3447 4033 3503 4084 tv
3532 4034 3652 4095 ταῖς

2079 4128 2577 4200 ἐσχάταιςήμέραις
2602 4128 2839 4198 ἐμφανὲς
2866 4126 2925 4179 τὸ
2937 4126 3059 4197 ὅρος
3088 4126 3314 4196 Κυρίου,
3332 4126 3425 4178 καὶ
3452 4126 3479 4176 ὁ
3506 4120 3651 4187 οἶκος

2077 4221 2170 4274 τοῦ
2186 4220 2318 4274 Θεοῦ
2330 4223 2413 4274 ἐπ’
2426 4221 2607 4292 ἄκρων
2622 4219 2728 4273 τῶν
2744 4220 2930 4292 ὁρέων,
2946 4220 3037 4271 καὶ
3049 4218 3385 4290 ὑψωθήσεται
3399 4216 3651 4287 ὑπεράνω

2077 4314 2184 4367 τῶν
2214 4314 2429 4384 βουνῶν.
2458 4334 2475 4365 ι
2510 4315 2659 4366 Ἐπεὶ
2686 4309 2776 4366 οῦν
2806 4314 2899 4366 κα)⁸
2926 4311 3015 4365 τὸν
3046 4312 3170 4364 λαὸν
3199 4310 3539 4379 ἐγκατέλιπε,
3557 4310 3651 4365 καὶ

2078 4407 2167 4461 τὸν
2194 4407 2320 4462 ναὸν
2349 4407 2556 4479 ἀφῆκεν
2589 4406 2811 4479 ἔρημον,
2837 4405 3023 4476 σχίσας
3051 4404 3111 4456 τὸ
3144 4403 3534 4471 καταπέτασμα
3553 4398 3648 4451 τοῦ

417 4516 650 4565 sancto:
703 4527 721 4559 ι
779 4508 918 4565 Ecce
967 4510 1148 4575 enim,
1198 4511 1396 4581 inquit,
1448 4513 1786 4583 relinquetur
1832 4514 1976 4569 vobis

2078 4498 2206 4552 ναοῦ
2225 4498 2455 4571 (84),καὶ
2482 4497 2659 4551 λαϐὼν
2699 4500 2791 4552 ἀπ’
2822 4497 2999 4550 αὐτῶν
3036 4496 3094 4549 τὸ
3122 4493 3343 4565 Πνεῦμα
3370 4492 3430 4545 τὸ
3472 4491 3646 4559 ἆγιοψ

410 4598 619 4655 domus
652 4608 833 4655 vestra
863 4601 1077 4657 deserta
1105 4602 1193 4669 ης
1232 4621 1251 4653 ι
1287 4612 1341 4657 et
1370 4603 1519 4661 dedit
1541 4606 1715 4670 vobis,
1742 4606 1835 4675 qui
1859 4606 1991 4665 estis

2091 4615 2107 4645 ι
2133 4595 2260 4651 Ἰδοὺ
2277 4594 2406 4667 γὰρ,
2421 4594 2605 4665 φησὶν,
2623 4593 2837 4661 ἀφίεται
2855 4593 2981 4663 ὑμῖν
2997 4590 3024 4642 ὁ
3041 4587 3186 4652 οἶκος
3206 4590 3234 4641 ὑ
3243 4587 3356 4660 μῶν
3378 4586 3473 4657 ἔρη
3483 4601 3597 4656 μος·
3626 4602 3643 4633 ι

485 4732 530 4812 ξ’
556 4730 719 4812 Num;
751 4729 981 4812 xv_t_,_2l.
1057 4729 1105 4812 ιζ
1129 4730 1172 4783 ll
1196 4729 1325 4812 (lor.
1361 4745 1434 4812 vi,
1466 4728 1553 4781 i7.
1628 4728 2007 4812 ‘zulerxyim,
2038 4738 2124 4791 15.
2202 4736 2455 4812 “lgnat.
2501 4735 2758 4812 _|nterpo|.
2800 4734 2866 4812 ad
2890 4732 3098 4812 Philad.
3125 4730 3179 4784 2.
3256 4726 3436 4812 inter;
3455 4722 3647 4812 31:1,].

412 4804 460 4835 ³ο
486 4801 663 4874 lsa.],
687 4800 741 4856 6.
811 4793 854 4834 εί
878 4798 982 4856 lsa.
1012 4815 1051 4866 ι,
1074 4799 1128 4855 8.
1203 4800 1248 4831 ⁵³
1273 4798 1440 4855 Eccli.
1477 4814 1625 4863 mv,
1652 4801 1740 4857 55.
1818 4801 1861 4832 ⁸³
1886 4802 1976 4860 Psa

2075 4824 2228 4874 txvu,
2252 4793 2338 4861 i6:
2414 4810 2458 4839 “
2488 4806 2600 4861 Jer.
2629 4793 2765 4869 πίνη,
2800 4805 2887 4860 12.
2964 4804 3007 4836 ⁵⁵
3039 4802 3143 4858 lsa.
3177 4816 3239 4865 ιι,
3264 4799 3317 4852 2.
3394 4793 3645 4847 “Matth.

416 4887 571 4937 xm],
592 4870 683 4927 '58.

1751 5026 2107 5084 VARIORUM
2143 5029 2369 5087 ΝΟΤᾹΞ.

484 5170 597 5241 (77)
640 5167 755 5241 Τῆς
784 5167 1046 5241 γνώμης.
1083 5166 1231 5241 Alter
1253 5165 1376 5221 cod.
1422 5163 1585 5219 Vind.
1615 5168 1712 5238 τῆς
1742 5168 1983 5231 ένώσεως

411 5237 588 5314 ὑμῶν,
610 5238 828 5314 omissis
851 5239 1094 5314 reliquis:
1126 5237 1292 5314 Uttan.

484 5311 595 5383 (78)
634 5306 1019 5383 ᾼιρεονιωτῶίρ.
1052 5306 1333 5383 Natalibus
1359 5306 1521 5383 hujus
1550 5309 1699 5383 vocis
1723 5307 1983 5363 interfue-

412 5378 523 5436 rint
544 5378 686 5435 decti
701 5378 800 5432 viri
827 5386 1038 5449 oportet
1065 5398 1078 5433 :
1117 5378 1253 5433 adeo
1272 5389 1468 5449 negant
1497 5378 1702 5448 lgnatio
1732 5394 1826 5447 per
1847 5387 1983 5433 tem-

488 5467 545 5506 ra
578 5450 800 5518 licuisse
828 5448 947 5504 eam
977 5464 1263 5518 usurpare.
1298 5448 1535 5517 Usurpat
1563 5449 1707 5503 enim
1738 5448 1829 5518 qui
1866 5464 1972 5501 non

401 5516 499 5590 diu
536 5527 658 5590 post
690 5516 952 5590 lgnatium
985 5516 1209 5590 scripsit
1239 5516 1490 5572 Justinus
1511 5519 1568 5590 in
1592 5589 1596 5590 ί
1620 5516 1844 5590 Dialogo
1868 5537 1987 5573 cum

413 5586 711 5671 Z‘ryphone.
738 5587 973 5671 p..§06._.
994 5586 1204 5671 Sed’net
1226 5591 1427 5671 multas
1478 5588 1676 5671 similis
1707 5586 1990 5671 Atei-mina-

409 5659 846 5740 tinnis_agnoscit
865 5659 1090 5740 antiqua
1110 5659 1315 5740 Graecia
1338 5679 1350 5713 :
1376 5659 1680 5740 ’ίκιλικιίιῦται2
1705 5661 1985 5725 θιασῶται,

400 5730 754 5803 πατριῶται,
785 5730 1071 5801 νησιῶται,
1105 5730 1419 5797 στασιῶται,
1454 5731 1814 5801 στρατιῶται,
1859 5741 1987 5799 ctc.,

2091 5171 2235 5240 quod
2270 5185 2375 5222 non
2406 5169 2708 5240 debuerunt
2729 5168 2998 5240 ignorare.
3023 5164 3158 5240 Cor.

2314 5239 2561 5317 ᾉρῆκει.
2592 5233 2887 5317 Αιῐετὀρό.
2920 5237 3011 5288 καὶ
3038 5234 3243 5317 ἀφῆκα.

2181 5304 2269 5375 80)
2306 5304 2644 5375 Σιῖκῄλάτῳ.
2678 5307 2898 5361 Rectius
2928 5304 3411 5375 σικυηλάτῳηϐοτ.

2183 5373 2270 5433 81)
2326 5373 2467 5433 Ἀπ’.
2506 5380 2662 5432 Deest
2690 5379 2744 5430 in
2776 5391 2885 5429 uno
2905 5377 3025 5429 cod.
3054 5373 3214 5429 Vind.
3249 5374 3321 5429 lo.

2183 5388 2241 5433 81
2326 5388 2467 5433 Ἀπ’.
2506 5388 2662 5432 Deest
2690 5394 2744 5430 In
2776 5391 2885 5429 uno
2905 5388 3025 5429 ceu.
3061 5388 3214 5429 Vlnu.
3249 5388 3321 5429 ιι).

2159 5388 2574 5573 (ὃὲξῐίῗᾶιὶ
2608 5463 2779 5517 usque
2814 5447 2880 5499 ad
2922 5445 3112 5510 τέλος.
3147 5444 3351 5500 Desunt
3385 5444 3438 5498 in
3477 5444 3647 5498 altero

2081 5519 2205 5575 cod.
2244 5519 2401 5573 Vind.
2432 5520 2595 5572 (lu-1n.

2084 5658 2116 5712 ὁ
2154 5590 2272 5711 (8'5)l
2303 5590 2523 5656 Θρόνος
2551 5596 2604 5642 et
2634 5588 2912 5657 sequentia
2946 5584 3013 5639 ad
3055 5586 3172 5640 καί.
3222 5585 3425 5642 Desunt
3458 5587 3511 5640 in
3549 5597 3646 5638 eoo

2120 5676 2225 5712 em.
2279 5675 2330 5712 ι).

2120 5676 2225 5714 em.
2257 5675 2330 5713 ID.

2156 5729 2266 5801 (8i)
2308 5729 2415 5783 Τοῦ
2446 5728 2611 5782 ναοῦ.
2644 5727 2804 5785 Deest
2835 5728 2889 5783 in
2922 5725 3082 5781 Vind.
3116 5724 3189 5781 lo.
