4044 6254
383 358 490 415 957

1270 391 1272 393 -
1304 359 1905 418 CONSTITUTKONES
1937 363 2414 420 APOSTOLICE.
2449 394 2518 404 —
2551 363 2677 422 LIB.
2715 353 2822 420 VL.

3517 367 3622 424 958

382 477 566 548 μάτων
581 474 691 546 (47)
705 476 952 546 ποιητὴν,
967 475 1061 528 ἕνα
1075 475 1137 545 δη
1147 491 1269 544 μιου
1276 474 1424 546 ργὸν,
1448 474 1704 546 διαφόρου
1718 477 1947 540 κτίσεως

2049 478 2316 533 Paracleti
2347 493 2446 548 per
2474 476 2757 531 Christum
2781 515 2794 537 ,
2837 473 3068 530 aliorum
3100 477 3354 532 ordinum
3399 478 3628 536 euecto-

375 569 466 624 διὰ
493 567 730 640 Χριστοῦ
762 568 1011 638 ποιητὴν,
1041 566 1132 619 τὸν
1161 565 1323 620 αὑτὸν
1351 567 1658 638 προνοητὴν
1677 607 1692 631 ,
1721 567 1946 638 νομοθέ-

375 677 476 733 την
503 659 783 714 δι’.αὑτοῦ’
817 659 1164 720 ἀναστάσεως
1190 657 1382 723 αἴτιον,
1433 658 1527 711 καὶ
1575 658 1825 730 κρίσεως,
1857 661 1950 713 καὶ

375 751 811 817 ἀνταποδόσεως,
860 751 927 804 δι’
975 749 1142 805 αὐτοῦ
1200 750 1521 822 γινομένωνο
1553 751 1742 805 τοῦτον
1787 752 1950 807 αὐτὸν

378 843 490 917 (48)
519 845 612 898 καὶ
638 844 921 916 ἄνθρωπον
950 844 1317 914 εὐδοκήσαντα
1343 843 1618 912 γενέσθαι,
1667 845 1763 898 καὶ
1800 845 1951 898 πολι-

373 935 704 1006 τευσάμενον
756 937 883 990 ἄνευ
932 936 1226 1008 ἁμαρτίας,
1266 937 1359 988 καὶ
1388 937 1654 1002 παθόντα,
1697 938 1790 991 καὶ
1817 938 1949 992 ἀνα-

376 1028 576 1082 στάντα
604 1029 668 1081 ὲκ
695 1028 904 1101 νεκρῶν
923 1070 938 1094 ,
969 1029 1064 1082 καὶ
1090 1027 1382 1082 ἀνελθόντα
1412 1029 1548 1100 πρὸς
1576 1030 1666 1082 τὸν
1697 1031 1951 1085 ἀποστεί-

373 1117 561 1173 λανταο
594 1121 688 1173 καὶ
714 1121 823 1192 πᾶν
853 1119 1058 1190 κτίσμα
1085 1120 1219 1173 Θεοῦ
1249 1121 1412 1174 καλόν
1443 1138 1645 1192 φαμεν,
1676 1123 1770 1175 καὶ
1797 1122 1949 1175 οὐδὲν

375 1211 678 1283 βδελυκτόν·
715 1215 821 1266 πᾶν
849 1211 910 1264 τὸ
943 1212 1076 1283 πρὸς
1108 1211 1364 1266 σύστασιν
1393 1213 1614 1277 δικαίως
1644 1212 1754 1284 (49)
1787 1229 1951 1284 μετα-

372 1303 804 1375 λαμϐανόμενον,
851 1303 1092 1374 ἄριστονο
1122 1305 1298 1357 πάντα
1327 1304 1436 1376 γὰρ
1461 1345 1476 1370 ,
1507 1304 1651 1358 κατά
1679 1306 1777 1378 τὴν
1804 1306 1949 1378 Γρα-

373 1396 502 1466 φὴν,
533 1394 674 1448 καλά
719 1393 859 1448 λίαν.
920 1395 1100 1466 Γάμον
1137 1396 1367 1467 νόμιμον
1393 1439 1406 1463 ,
1439 1397 1533 1450 καὶ
1561 1397 1766 1452 παίδων
1794 1397 1950 1467 γένε-

375 1505 458 1542 σιν
490 1488 670 1559 τίμιον
701 1497 794 1541 καὶ
821 1488 1120 1559 ὰμόλυντον
1147 1485 1285 1542 εἶναι
1305 1489 1653 1561 πιστεύομεν
1686 1491 1773 1544 ἐπ’
1794 1490 1952 1563 αὐξή-

375 1596 456 1634 σει
484 1580 592 1651 γὰρ
617 1578 713 1633 τοῦ
741 1580 932 1649 γένους
958 1580 1065 1634 τῶν
1097 1581 1397 1653 ἀνθρώπων
1415 1625 1430 1648 ,
1461 1582 1692 1654 διαφορὰ
1734 1584 1950 1655 σχημά-

370 1689 478 1726 των
509 1673 619 1743 (50)
665 1672 958 1744 διεπλάσθη
998 1673 1056 1725 ἐν
1095 1672 1172 1744 τῷ
1215 1673 1386 1745 Ἀδὰμ
1429 1675 1524 1728 καὶ
1556 1678 1623 1746 τῇ
1655 1673 1787 1748 Εὔα.
1829 1676 1950 1728 Ψυ-

271 1766 275 1769 ’
370 1763 472 1837 χὴν
493 1763 782 1835 ἀσώματον
802 1766 859 1818 ὲν
881 1765 1010 1836 ἡμῖν
1041 1766 1134 1818 καὶ
1154 1764 1420 1818 ἀθάνατον
1432 1767 1820 1838 ὁμολογοῦμεν,
1837 1767 1949 1821 ἀλλ’

2051 586 2187 630 rem,
2220 585 2387 622 unum
2412 568 2596 622 mundi
2632 567 3017 622 fabricatorem
3043 586 3056 635 ;
3086 568 3349 624 factorem
3382 571 3629 628 diversa-

2051 677 2170 714 rum
2202 669 2577 715 creaturarum
2601 701 2616 725 ,
2641 676 2735 730 per
2763 661 3070 724 Christum,
3105 661 3231 715 item
3253 663 3586 731 provisorem
3609 685 3624 734 ;

2049 755 2416 825 legislaturcm
2446 793 2461 814 ,
2493 769 2589 822 per
2621 754 2872 808 eumdem
2925 753 3206 808 Christum
3225 755 3304 821 8";
3345 764 3624 811 auctorem

2050 846 2488 908 resurrectionis,
2508 845 2722 914 judicii,
2755 861 2816 899 ac
2843 846 3322 908 remunerationis,
3353 862 3475 917 quae
3531 857 3628 910 per

2047 939 2296 994 eumdem
2335 938 2488 991 ﬁunt.
2519 932 2561 966 ⁸⁷
2581 937 2719 991 Huic
2747 938 2846 1007 ipsi
2882 936 3021 991 Filio
3045 938 3319 1007 placuisse
3349 939 3622 994 hominem

2049 1047 2108 1086 se
2141 1031 2352 1091 facere,
2392 1030 2789 1099 prtedicamus;
2837 1046 3071 1099 eumque
3123 1031 3242 1085 sine
3273 1040 3500 1100 peccato
3541 1034 3626 1084 vi-

2049 1124 2219 1182 xisse.
2255 1130 2370 1176 tum
2405 1137 2630 1191 passum
2658 1137 2802 1184 esse.
2835 1130 2889 1175 et
2922 1138 2961 1173 ι’(
2983 1123 3290 1177 surrexisse
3313 1138 3342 1175 a
3365 1124 3620 1187 mortuis,

2045 1223 2102 1267 et
2137 1215 2455 1269 ascendisse
2515 1213 2584 1266 ad
2631 1214 2784 1267 illum
2823 1231 2850 1264 a
2888 1229 2997 1283 quo
3034 1214 3238 1269 missus
3292 1215 3490 1276 fuerat.
3533 1215 3626 1268 Di-

2048 1305 2224 1361 cimus
2247 1321 2463 1376 quoque
2491 1320 2708 1358 omnem
2744 1303 2839 1360 Dei
2877 1313 3189 1359 creaturam
3221 1321 3344 1360 esse
3385 1306 3622 1374 bonam;

2047 1399 2182 1452 nihil
2226 1398 2529 1452 abominari
2573 1405 2865 1467 oportere;
2895 1396 3160 1466 quidquid
3201 1397 3268 1450 ad
3308 1406 3626 1453 sustentan-

2047 1490 2149 1546 dos
2204 1507 2306 1546 nos
2359 1490 2631 1544 sumimus
2679 1489 2851 1559 juste.
2909 1491 3180 1560 optimum
3219 1506 3392 1546 esse:
3438 1492 3626 1544 omnia

2047 1584 2191 1638 enim
2213 1623 2228 1645 ,
2279 1583 2578 1639 secundum
2612 1578 2951 1651 Scripturam
2974 1621 2990 1644 ,
3025 1581 3182 1636 valde
3229 1583 3370 1636 bona
3396 1594 3526 1638 sunt
3554 1583 3622 1638 ⁸⁸.

2047 1675 2335 1730 Credimus
2351 1674 2655 1746 legitimum
2679 1670 3090 1729 matrimonium
3114 1683 3169 1729 et
3184 1675 3478 1730 liberorum
3497 1692 3627 1746 pro-

2047 1769 2382 1823 creationem
2404 1808 2418 1830 ,
2453 1767 2714 1822 honorem
2740 1768 2974 1834 mereri,
3007 1775 3172 1837 atque
3207 1767 3624 1838 inquinamento

370 1857 431 1908 οὐ
463 1855 706 1928 φθαρτὴν
727 1856 803 1920 ὡς
821 1855 890 1910 τὰ
913 1855 1162 1927 σώματα,
1188 1857 1300 1910 ἀλλ’
1318 1858 1615 1924 ἀθάνατον,
1632 1859 1707 1924 ὡς
1721 1859 1946 1933 λογικὴν

2052 1875 2244 1916 vacare
2269 1860 2314 1892 ”
2343 1879 2356 1914 :
2392 1859 2460 1913 ad
2483 1867 2836 1929 augmentum
2859 1860 3007 1914 enim
3035 1859 3259 1920 humani
3293 1861 3532 1930 generis,
3566 1859 3625 1914 in

370 1948 466 2003 καὶ
480 1947 840 2012 αὐτεξούσιον·
867 1950 1044 2002 πᾶσαν
1063 1949 1208 2019 μίξιν
1229 1969 1304 2003 πα
1311 1950 1663 2021 ράνομον,κα“ι
1677 1952 1777 2024 τὴν
1792 1951 1946 2022 παρά

371 2040 531 2112 φύσιν
568 2041 856 2111 γινομένην
893 2040 998 2093 ὐπό
1034 2056 1194 2093 τινων
1220 2083 1236 2107 ,
1268 2040 1667 2113 βδελυσσόμεθα
1695 2042 1771 2107 ὼς
1823 2043 1946 2096 ἀθέ-

372 2149 524 2203 μιτον
555 2134 647 2186 καὶ
676 2134 920 2187 ἀνοσίαν.
939 2134 1259 2187 ’Δνάστασιν
1287 2133 1544 2202 γενέσθαι
1571 2134 1945 2207 ὁμολογοῦμεν

369 2225 587 2281 δικαίων
603 2243 663 2279 τε
693 2227 786 2280 καὶ
813 2226 1038 2290 ἀδίκων,
1067 2227 1161 2279 καὶ
1193 2225 1641 2297 μισθαποδοσίαν.
1676 2227 1782 2280 Τὸν
1811 2229 1945 2299 Χρι-

371 2320 494 2373 στὸν
523 2319 583 2373 οὑ
613 2319 766 2389 ψιλὸν
793 2318 1079 2389 ἄνθρωπον
1107 2317 1496 2389 ὁμολογοῦμεν,
1523 2317 1660 2370 ἀλλά
1679 2317 1810 2370 Θεὸν
1839 2319 1943 2371 Λό-

366 2429 464 2484 γον
495 2413 588 2465 καὶ
616 2411 922 2484 ἄνθρωπον,
955 2411 1182 2482 μεσίτην
1209 2408 1346 2464 Θεοῦ
1375 2411 1472 2463 καὶ
1491 2409 1824 2482 ἀνθρώπων,
1853 2411 1950 2482 ἀρ·

372 2505 558 2578 χιερέα
584 2504 677 2558 τοῦ
706 2504 938 2576 Πατρός.
975 2503 1112 2558 Οὔτε
1154 2505 1261 2575 μὴν
1309 2503 1447 2575 μετά
1489 2503 1759 2558 Ἰουδαίων
1788 2521 1946 2575 περι-

370 2597 707 2669 τεμνόμεθα,
735 2581 968 2663 εἰδότες,
999 2599 1082 2650 ὅτι
1121 2597 1400 2668 ἐλήλυθεν,
1429 2591 1473 2663 ᾧ
1519 2596 1777 2649 ἀπέκειτο
1807 2595 1940 2667 (51),

370 2689 465 2743 καὶ
493 2689 557 2742 δι’
579 2688 636 2743 ὃν
665 2688 996 2758 ἐφυλάσσετο
1022 2688 1092 2742 τὰ
1116 2690 1247 2760 γένη
1278 2688 1411 2760 (52),
1441 2689 1476 2760 ἡ
1510 2689 1806 2760 προσδοκία
1833 2689 1941 2743 τῶν

370 2781 558 2847 ἐθνῶν,
602 2782 805 2854 Ἰησοῦς
848 2783 876 2836 ὁ
904 2781 1170 2854 Χριστὸς,
1200 2784 1229 2835 ό
1271 2780 1330 2845 ἐξ
1378 2780 1544 2834 Ἰούδα
1573 2780 1941 2845 ἀνατείλας,ιὸ

369 2872 437 2926 ὲκ
466 2871 692 2943 βλαστοῦ
719 2870 854 2941 υίὸς,
890 2873 952 2927 τὸ
979 2873 1040 2938 ἐξ
1081 2873 1276 2927 Ἰεσσαὶ
1304 2871 1482 2936 ἄνθοςο
1515 2865 1577 2925 οὗ
1607 2870 1641 2942 ή
1669 2873 1812 2944 ἀρχὴ
1848 2873 1939 2924 ἐπὶ

369 2963 464 3018 τοῦ
493 2963 664 3035 ὤμου.

2048 1951 2257 2007 Adamo
2287 1967 2351 2007 ac
2379 1951 2491 2006 Eva
2520 1952 2814 2006 diversitas
2837 1967 3064 2006 sexuum
3090 1952 3323 2006 formata
3345 1953 3464 2006 fuit.
3485 1951 3623 2005 Ani-

2049 2060 2194 2100 mam
2230 2052 2475 2100 nostram
2505 2044 2884 2113 incorpoream
2916 2052 2972 2098 et
2999 2044 3363 2098 immortalem
3393 2044 3624 2098 conﬁte-

2050 2152 2206 2200 mur,
2258 2153 2365 2190 uon
2407 2144 2588 2191 autem
2645 2136 2888 2190 interitui
2939 2135 3229 2189 obnoxiam
3261 2145 3322 2189 ut
3363 2152 3620 2206 corpora,

2047 2229 2160 2282 imo
2208 2229 2404 2284 mortis
2447 2237 2757 2298 expertem,
2793 2236 2986 2296 utpote
3018 2227 3346 2281 rationalem
3385 2245 3450 2283 ac
3493 2228 3625 2282 libe-

2047 2337 2122 2377 rte
2170 2321 2479 2392 potestatis.
2521 2319 2751 2376 Omnem
2793 2320 3149 2374 concubitum
3185 2319 3394 2389 legibus
3428 2319 3624 2373 adver-

2045 2430 2191 2476 sum,
2224 2431 2331 2468 una
2371 2429 2493 2468 cum
2536 2429 2604 2468 eo
2632 2427 2793 2482 quem
2841 2419 3035 2466 contra
3067 2420 3324 2464 naturam
3366 2411 3623 2465 nonnulli

2044 2514 2344 2576 usurpant,
2379 2514 2641 2575 tanquam
2681 2502 2976 2558 nefandum
3008 2511 3064 2558 et
3095 2502 3321 2573 impium
3364 2519 3622 2558 exsecra-

2043 2613 2185 2652 mur.
2227 2597 2490 2651 Futuram
2533 2597 2812 2665 justorum
2857 2609 2921 2648 ac
2966 2594 3300 2663 injustorum
3334 2607 3621 2649 resurrec-

2046 2691 2282 2753 tionem,
2332 2697 2496 2758 atque
2552 2677 2820 2744 mercedis
2883 2687 3214 2743 solutionem
3269 2687 3616 2742 conﬁtemur.

2043 2781 2326 2837 Christum
2380 2797 2488 2836 non
2531 2779 2912 2834 tantummodo
2952 2767 3226 2833 hominem
3273 2779 3617 2847 proﬁtemur,

2043 2874 2139 2930 sed
2171 2874 2337 2929 Deum
2366 2870 2626 2939 Verbum,
2648 2881 2705 2928 et
2731 2872 3028 2932 hominem,
3055 2871 3413 2926 mediatorem
3443 2870 3536 2926 Dei
3561 2882 3620 2926 et

2047 2967 2366 3030 hominum,
2411 2967 2726 3036 pontiﬁcem
2763 2965 2946 3020 Patris
2988 2949 3059 3020 "’I.
3081 2964 3270 3035 Neque
3319 2981 3450 3020 vero
3490 2980 3618 3018 cum

369 3053 571 3112 Iudaeis
618 3057 1094 3126 circumcidimur;
1141 3061 1379 3116 scientes
1417 3062 1564 3131 quod
1602 3058 1817 3114 venerit
1861 3059 1908 3112 is
1939 3100 1953 3123 ,
2014 3062 2104 3116 cui
2155 3061 2456 3130 repositum
2522 3069 2676 3122 erat,
2718 3068 2776 3114 et
2837 3069 3058 3130 propter
3111 3073 3274 3128 quem
3320 3059 3620 3113 servaban-

441 3189 487 3221 "
520 3190 556 3244 l.
588 3188 760 3260 ignat.
799 3189 1138 3262 interpul.ad
1168 3192 1379 3247 Philad.
1406 3193 1458 3248 9.
1536 3193 1579 3226 ⁸⁷
1613 3194 1649 3248 1.
1677 3193 1850 3264 lgnat.
1887 3196 2142 3262 interpol.
2191 3194 2259 3247 ad
2290 3193 2532 3292 Ma$nes.
2571 3195 2657 3260 11,
2694 3195 2760 3248 ad
2789 3193 2956 3248 Trall.
2993 3194 3046 3258 9,
3075 3201 3130 3246 et
3165 3193 3251 3256 ιο,
3291 3193 3357 3247 ad
3385 3191 3611 3263 Smyrn.

457 3260 489 3292 1
587 3261 633 3292 88
655 3259 766 3292 Ωιι-ι
828 3276 842 3292 1
894 3263 952 3292 αι
1056 3263 1102 3292 ιο
1133 3261 1276 3292 αλιι...
1333 3279 1430 3292 ν...
1495 3263 1514 3292 Ι
1615 3264 1662 3292 eo
1716 3265 1729 3292 I
1768 3264 1886 3292 'I‘:..-.
1951 3280 1986 3292 ι.
2050 3266 2078 3292 βξ

377 3259 426 3326 1,
457 3260 508 3316 5.
587 3259 633 3294 ⁸⁸
655 3259 789 3316 Gen.
826 3276 867 3326 ι,
893 3259 982 3317 51.
1056 3263 1102 3295 ⁸⁸
1130 3261 1296 3318 Hebr.
1333 3279 1454 3327 xm,
1487 3263 1541 3318 4.
1615 3264 1662 3296 ³ο
1703 3259 1732 3318 Ῑ
1768 3264 1910 3320 Tim.
1951 3280 2011 3327 ιι,
2036 3259 2098 3319 Β.

1667 3424 2023 3481 νΑιιιοῐιωι
2063 3423 2299 3479 ΝΟΤᾸΞ..

373 3535 504 3650 dum
550 3580 713 3643 atque
760 3573 1074 3650 fugiendum
1114 3586 1243 3632 nota
1274 3579 1562 3650 marginali
1591 3581 1894 3650 proscribit
1925 3599 1939 3636 :
1972 3586 2015 3645 C

374 3646 498 3714 cum
525 3651 728 3705 tamen,
750 3646 795 3698 si
824 3649 1048 3701 mutilus
1078 3665 1186 3702 non
1209 3658 1313 3714 est,
1335 3646 1669 3705 obscuritate
1693 3651 1945 3706 laborare

379 3713 656 3782 videatur,
687 3729 796 3769 non
822 3731 1032 3772 errore.
1060 3719 1198 3773 Cor.

442 3825 554 3906 (47)
588 3827 690 3906 Ald
716 3829 990 3906 Χριοςτοῦ.
1013 3828 1092 3884 Id.
1117 3832 1374 3906 cdeXp.
1402 3833 1687 3906 προϐολέα,
1717 3853 1767 3906 κ.
1792 3853 1841 3888 τ.
1868 3836 1941 3899 λ.,

367 3895 1021 3992 Ἦζηιιι-ξειὲεξριιίοειιιι·
1074 3895 1617 3992 τοῦηξῖαρακλήτου,
1661 3905 1758 3958 -διά
1809 3895 1946 3992 Χριὲ

372 3967 521 4032 στοῦ,
559 3967 878 4038 προδολεὺς,
909 3971 1002 4024 καὶ
1033 3971 1139 4024 τῶν
1161 3967 1333 4054 ἄλλων
1365 3967 1662 4053 ταγμάτων
1693 3967 1940 4048 ποιητῆς.

370 4035 666 4118 Εεῐειιιιθιη
684 4037 919 4118 προδολή
954 4041 1096 4118 quod
1130 4044 1194 4118 ὲξι
1217 4061 1316 4113 της
1344 4059 1436 4096 του
1470 4043 1781 4118 προθολέως
1816 4050 1946 4118 sub-

370 4109 571 4184 stantia
611 4109 876 4184 erumpit;
910 4109 1029 4184 sed
1086 4109 1319 4184 ποίημα,
1375 4122 1469 4167 aut
1515 4109 1734 4184 ’κτίσις,
1771 4117 1941 4184 quod,

358 4180 618 4233 Creatore
657 4179 896 4250 volente,
939 4180 1005 4233 ὲκ
1045 4182 1154 4234 τῶν
1190 4179 1264 4250 μὴ
1296 4183 1463 4236 ὄντων
1507 4185 1585 4239 lit.
1614 4183 1730 4249 Qua
1779 4179 1844 4240 de
1886 4202 1945 4241 re

369 4247 742 4324 consulendus
775 4247 998 4324 Dionys.
1033 4247 1287 4324 Petavius
1316 4254 1370 4324 in
1401 4247 1655 4324 Dogmat:
1677 4253 1857 4316 theol.,
1900 4264 1942 4312 t.

369 4315 530 4398 l,.l)e~
564 4315 840 4372 Trinitate.
878 4315 1146 4398 Itineodem
1187 4322 1310 4377 cod.
1337 4315 1501 4378 deest'
1519 4325 1779 4395 ποιητήν,
1804 4315 1856 4380 et
1877 4326 1944 4379 δι’

369 4387 532 4441 αὑτοῦ
564 4405 725 4443 versu
751 4405 904 4458 seqq.
927 4387 1096 4445 Cum.

366 4480 552 4602 τάμε)
597 4481 815 4535 Τοῦτον
835 4483 1038 4536 αὐτόν.
1077 4482 1268 4539 Melius
1311 4485 1436 4540 cod.
1488 4483 1652 4541 Vind.
1702 4488 1797 4542 τὸν
1846 4489 1944 4543 αὑ-

425 4570 475 4602 ν.
533 4567 584 4602 o.

425 4570 475 4602 ν.
510 4567 584 4605 ιο.

437 4640 550 4712 (49)
589 4643 856 4711 Δικαίως.
892 4644 1055 4701 Deest
1083 4647 1140 4700 in
1171 4647 1366 4702 altero.
1403 4645 1480 4702 lo.

405 4803 416 4815 .
435 4735 549 4815 (ὅθ)
588 4738 846 4815 Διαφορᾲ
873 4738 1368 4815 οςχημάτων.Ριιι·ἰ
1393 4743 1555 4797 modo
1585 4743 1769 4814 σχῆμα
1792 4744 1941 4815 acci-

365 4805 622 4926 Riendum
654 4805 788 4878 puto
812 4809 866 4862 in
897 4805 1050 4864 Isaiae
1078 4811 1366 4880 prophetia
1394 4828 1515 4882 cap.
1545 4805 1802 4872 "ﬁas.
1831 4813 1938 4869 i7:

420 4877 477 4927 αὶ
507 4877 829 4930 ταπεινώσει
871 4880 900 4932 ὁ
929 4879 1061 4934 Θεὸς
1091 4879 1365 4934 ἀογούσας
1419 4882 1725 4934 θυγατέρας
1759 4883 1896 4934 Σιών
1920 4902 1935 4915 ο

420 4884 829 4964 αὶυταπεινιὺσει
869 4884 1376 4964 (δέξεὸςάρχηούσας.
1419 4884 1725 4964 θυγατέρας
1759 4884 1896 4964 Etth

2045 3577 2173 3642 548,
2201 3585 2432 3630 utuntur
2451 3575 2714 3647 Origenes
2736 3617 2750 3640 ,
2779 3575 3068 3634 Eusebius.
3101 3577 3459 3642 Athanasius,
3494 3576 3613 3647 Ru-

2052 3647 2226 3709 ﬁnus,
2257 3646 2600 3716 Augustinus
2632 3657 2686 3716 et
2734 3647 2971 3716 Cyrillus
3018 3647 3441 3703 Alexandrinus.
3479 3646 3614 3703 Ali'e

2045 3707 2308 3788 lectiones
2321 3707 2450 3772 sunt
2469 3736 2565 3770 ε-
2580 3717 2618 3773 1.
2631 3711 2756 3788 ᾧτά
2769 3707 3122 3788 ἀποκείμενα.
3144 3717 3476 3788 Epiphanius
3503 3719 3615 3771 ha:-

2046 3785 2156 3841 resi
2182 3787 2274 3848 9-0,
2323 3803 2377 3840 ιι.
2417 3788 2442 3841 1
2474 3807 2486 3840 :
2518 3781 2660 3851 Ἕως
2713 3787 2778 3840 ἂν
2822 3781 3036 3854 ἐλθῃ’ᾧ
3075 3781 3356 3854 ἀπόὶιεὶιται
3383 3807 3396 3819 ο
3443 3789 3518 3851 ὡς
3553 3790 3612 3842 δὲ

2046 3856 2158 3929 ἔχει
2188 3857 2257 3929 τὰ
2285 3857 2771 3929 ἄλλαᾼάντίγραφα,
2804 3851 3064 3929 ἕωςέλθη
3167 3858 3234 3911 τὰ
3255 3857 3607 3929 ἀποκείμενα.

2046 3876 2158 3927 εχει
2188 3876 2257 3909 τα
2285 3876 2418 3911 αΛΑα
2446 3876 2601 3927 αντιγ
2641 3876 2771 3927 cupa,
2805 3876 2908 3919 εως
2941 3876 3064 3929 εΑυῃ
3100 3876 3143 3924 ῳ
3167 3876 3234 3911 τα
3255 3876 3607 3928 αποκειμενα.

2046 3925 2173 3997 Leg.
2191 3928 2388 3982 haeres.
2413 3927 2504 3997 εν,
2529 3945 2585 3982 n.
2603 3876 2670 3994 ἐς
2702 3929 2830 3980 hair.
2851 3927 2939 3988 42,
2957 3943 3007 3995 p.
3027 3928 3149 3988 559..
3169 3923 3612 3995 1).-11.ᾦάπό-

2047 3996 2290 4063 κεινται;
2322 3999 2374 4050 in
2405 3996 2604 4053 Justini
2635 3999 2850 4067 dialogo
2872 4013 2926 4066 p.
2959 3997 3084 4057 549,
3127 4000 3223 4067 1.71.
3251 3997 3612 4054 Vetuslnter-

2043 4083 2168 4137 pres
2198 4068 2442 4137 epistolae
2465 4065 2804 4137 interpolatte
2833 4065 3019 4137 [gnatii
3059 4068 3124 4122 ad
3154 4066 3610 4137 Philadelphenos

2048 4136 2170 4205 i-ap.
2199 4136 2254 4196 9⁷,
2290 4137 2344 4190 in
2381 4139 2569 4192 codice
2594 4136 2910 4206 Petaviano,
2940 4136 3116 4191 Donec
3146 4140 3316 4191 veniat
3342 4136 3426 4190 cui
3460 4155 3610 4206 repo-

2045 4208 2152 4259 sita
2180 4215 2322 4270 sunt,
2352 4214 2514 4275 atque
2543 4208 2614 4260 ita
2639 4208 2779 4276 apud
2801 4206 2857 4259 S.
2879 4205 3111 4260 Leonem
3143 4223 3305 4261 serm.
3343 4208 3375 4260 5
3405 4207 3457 4260 in
3483 4205 3610 4277 Epi-

2045 4277 2281 4344 phania;
2325 4285 2382 4329 at
2409 4291 2576 4331 serm.
2615 4277 2648 4330 ὅ
2679 4279 2731 4330 in
2776 4277 2962 4330 eadem
3006 4277 3373 4344 solemnitate.
3405 4279 3489 4330 cui
3525 4296 3609 4332 re-

2042 4343 2270 4414 positum
2293 4355 2392 4416 est.
2417 4345 2585 4400 ——lll.
2607 4348 2671 4398 Ὃ
2689 4346 3140 4416 ἀπόκειταιίτψιιά
3158 4343 3422 4416 lgnatium
3439 4357 3609 4402 1nter~

2084 4417 2287 4488 clatum
2321 4415 2442 4488 loco
2483 4417 2922 4488 citatio,icx‘nis.
2966 4415 3211 4488 Joliano’;
3241 4415 3515 4488 Justinum
3549 4436 3604 4488 p.

2044 4432 2287 4540 palatum
2321 4432 2442 4469 loco
2483 4432 2688 4477 eitato,
2721 4433 2784 4470 ex
2821 4433 2922 4470 nis.
2966 4432 3211 4482 Jouano;
3241 4432 3515 4470 Jusunum
3549 4436 3602 4488 p.

2080 4488 2112 4540 5
2136 4495 2190 4540 et
2216 4485 2305 4545 89,
2337 4487 2392 4540 in
2418 4487 2711 4555 exemplari
2731 4502 2744 4548 ;
2767 4484 3050 4555 Origenem
3069 4487 3136 4539 ad
3165 4487 3352 4541 Matth.
3385 4503 3497 4548 xw,
3533 4489 3602 4553 5;

2045 4555 2406 4627 Epiphanium
2454 4557 2647 4609 haeresi
2680 4556 2748 4609 66
2771 4597 2785 4616 ,
2824 4573 2879 4610 ιι.
2913 4556 3013 4620 ’ἵὸς
3046 4555 3365 4626 Gregorium
3406 4556 3606 4627 Nysse—

2042 4641 2174 4681 num
2203 4626 2257 4679 in
2285 4627 2426 4682 libro
2458 4627 2933 4690 Testimoniorum,
2967 4635 3098 4681 tom.
3127 4627 3193 4691 ll,
3230 4629 3362 4683 edit.
3403 4626 3603 4691 Paris.,

2045 4710 2175 4767 ann.
2212 4696 2373 4761 1658,
2403 4713 2456 4767 p.
2496 4696 2632 4762 £54;
2661 4695 3051 4767 Theodoritum
3106 4697 3174 4751 ad
3207 4698 3354 4751 hunc
3401 4695 3600 4753 Genes.

2044 4766 2259 4839 locum_._
2287 4767 2342 4820 in
2377 4765 2481 4821 nis.
2515 4775 2654 4821 teste
2688 4766 2934 4839 Nobilio;
2963 4765 3290 4839 Hesychium
3314 4768 3601 4839 presbyte-

2043 4851 2165 4908 rum
2199 4835 2586 4908 Hierosolyma}
2607 4851 2770 4891 serm.
2797 4837 2848 4897 1,
2879 4837 2949 4891 De
2980 4835 3234 4906 Deipara,
3269 4835 3372 4908 sub
3403 4835 3601 4902 ﬁnem;

2043 4905 2347 4978 Cedrenum
2379 4905 2511 4978 edit.
2552 4907 2712 4978 Basil.
2745 4923 2797 4977 p.
2824 4908 2944 4972 151,
2977 4908 3013 4961 Ι.
3045 4905 3120 4961 xii
3141 4926 3156 4973 ;
3177 4917 3232 4964 et
3256 4907 3604 4978 Gregentium

365 4945 1027 5049 ξαὶὴκύριοςέζίκαλύψει
1045 4951 1105 5049 τὶς
1123 4943 1302 5022 mea
1321 4943 1517 5049 αὐτῶν,
1538 4961 1596 5034 ut
1604 4943 1937 5049 respondeat

2045 4943 2528 5049 E_‘is,”}3f"2'_f_°_"iif.
2547 4975 2602 5031 Si
2627 4943 2944 5049 Ξένέἱιιῖἶῖιέἰ
2963 4943 3017 5031 ἑὶ
3036 4943 3601 5049 ηὸἱῖιῖἑιῖἶιὶῗζὲὲἱῖἓῖῖ

363 5011 634 5088 ljebi'ai'co
672 5027 830 5088 mna.
865 5011 1043 5088 Atque
1073 5022 1140 5076 de
1157 5011 1302 5076 'sé'xu
1334 5011 1516 5077 locum
1542 5011 1936 5080 intellexerunt

366 5082 539 5154 Syrus
587 5098 640 5141 et
678 5082 872 5144 'Arabs
899 5082 1244 5160 interpretes.
1278 5091 1418 5146 Cor.

437 5169 659 5265 (5,1)",0,
688 5178 978 5235 ἀπέκειτο.
1010 5181 1214 5265 Eteap.
1355 5182 1744 5265 LegebatGen.
1775 5202 1928 5251 nix,

365 5245 455 5308 10,
483 5245 867 5324 ἀπόκειται,
894 5267 1015 5324 quae
1038 5261 1121 5308 est
1163 5245 1518 5309 'verisimili'or
1545 5256 1842 5324 scriptura,
1874 5245 1930 5313 et

365 5317 510 5398 apud
549 5326 764 5373 veteres
786 5317 1208 5398 us_itatior_,_nec
1254 5341 1362 5378 non
1391 5317 1781 5398 ad__Christum
1813 5317 1928 5381 ma-

360 5391 508 5464 xime
543 5391 956 5464 accommodata
985 5432 999 5454 ,
1046 5392 1276 5464 ideoque
1319 5411 1348 5447 a
1395 5393 1614 5449 Juliano
1657 5402 1926 5464 Apostata

359 5459 504 5525 apud
532 5458 796 5528 Cyrillum
815 5461 911 5515 lib.
949 5479 1042 5515 VIII
1074 5458 1266 5518 contra
1289 5480 1436 5527 eum,
1465 5465 1641 5519 fraudi
1665 5458 1931 5521 Christia-

361 5539 556 5605 norum
583 5531 847 5605 ascripta.
877 5531 1056 5605 N_olim
1087 5542 1269 5589 tamen
1308 5534 1534 5603 rejicere
1581 5537 1800 5605 penitus
1821 5553 1928 5591 ca:-

359 5602 530 5676 teras,
554 5601 858 5676 praesertim
901 5600 1236 5676 frequentem
1251 5600 1474 5676 quoque
1503 5607 1556 5659 in
1580 5600 1804 5676 :scriptis
1824 5606 1924 5663 SS.

357 5662 582 5750 Patrum
602 5707 618 5732 ,
648 5669 738 5750 τά-
759 5662 1314 5750 ἀποκείμενα-αὐτῷ,
1350 5662 1773 5750 licetaJudtéis
1797 5662 1926 5750 prta

361 5735 780 5816 videriﬁpossit,
825 5757 894 5796 ex
922 5735 1124 5816 Justini
1160 5735 1419 5816 martyris
1450 5745 1666 5816 dialogo
1698 5763 1750 5815 p.
1796 5748 1924 5812 548,

359 5804 485 5867 διε).
521 5804 681 5865 Certe
709 5818 943 5880 utraque
969 5813 1142 5866 utitur
1169 5804 1422 5871 Justinus
1445 5820 1561 5884 ipse
1678 5804 1763 5884 7'3,
1795 5804 1920 5882 271,

708 5903 980 5964 PATROL.
1029 5903 1146 5964 Gn.
1191 5904 1239 5965 l.

2044 5043 2266 5117 citatur,
2293 5043 2352 5102 οῦ
2381 5049 2530 5114 scr-ct;
2585 5047 2724 5101 infra
2754 5043 3195 5101 Clementinorufn
3227 5049 3322 5102 lib.
3363 5063 3447 5108 ιιι,
3479 5063 3602 5117 cap.

2040 5116 2129 5188 49.
2184 5117 2425 5188 Denique
2448 5117 2613 5174 simili
2644 5117 2824 5188 modo,
2857 5118 2914 5180 ὃς
2945 5118 3123 5188 έστινς
3169 5126 3262 5170 aut
3291 5121 3319 5172 ὃ
3358 5120 3509 5183 sort;
3547 5116 3602 5172 in

2038 5186 2413 5255 Disputatione
2444 5188 2689 5242 Archelai
2729 5187 2977 5257 adversus
3009 5186 3362 5242 Manichmum
3384 5229 3398 5250 ,
3436 5204 3600 5257 quam

2038 5257 2107 5309 ad
2138 5259 2342 5313 calcem
2393 5258 2640 5312 Socratis
2680 5266 2736 5312 et
2775 5256 3060 5312 Sozomeni
3089 5260 3354 5312 edendam
3387 5256 3603 5311 curavit

2035 5327 2378 5384 clarissimus
2412 5327 2684 5390 Valesius,
2720 5345 2772 5396 p.
2804 5329 2930 5392 202,
2961 5329 3065 5382 col.
3094 5328 3129 5382 2
3157 5349 3168 5382 :
3206 5331 3294 5381 Ait
3318 5331 3492 5390 enim,
3518 5327 3601 5380 in-

2035 5398 2244 5470 tellige:
2280 5397 2402 5470 Non
2433 5399 2641 5468 deﬁciet
2669 5399 2906 5467 princeps
2929 5399 2991 5452 de
3017 5398 3182 5462 Juda,
3216 5415 3376 5470 neque
3404 5399 3514 5451 dua:
3535 5399 3600 5451 de

2035 5466 2386 5550 femoreejus,
2421 5466 2684 5590 ιιεᾲαεῖυο
2725 5470 2894 5523 veniat
2919 5471 3008 5539 qui
3034 5481 3133 5535 est,
3157 5479 3205 5524 et
3230 5466 3338 5539 ipse
3368 5471 3469 5523 erit
3503 5483 3598 5521 ex-

2035 5549 2282 5590 spectatio
2303 5551 2554 5590 dentium.
2613 5557 2666 5590 Ι).

2031 5539 2282 5606 spectatio
2302 5541 2554 5609 gentium.
2590 5539 2666 5593 Ιι).

2107 5610 2218 5678 (52)
2263 5607 2678 5679 Ἑφυλάσσετο
2726 5609 2799 5664 τὰ
2828 5609 2996 5678 γένη.
3037 5609 3312 5679 Josephus
3362 5609 3430 5664 de
3480 5608 3595 5663 vita

2030 5694 2150 5742 sua,
2182 5681 2303 5748 ipso
2345 5679 2529 5734 statim
2561 5678 2683 5732 libri
2707 5681 2932 5735 exordio
2952 5723 2966 5745 ,
3005 5687 3060 5736 et
3093 5684 3116 5736 1
3152 5678 3402 5736 adversus
3433 5680 3598 5748 Apio-

2030 5767 2167 5823 igrm,
2197 5750 2358 5819 paulo
2376 5757 2498 5823 post
2522 5748 2778 5823 initium_:
2805 5750 3100 5823 Africanus
3117 5752 3261 5823 apud
3277 5750 3596 5816 Eusebium,

2031 5818 2176 5895 Hist.
2200 5818 2486 5886 ’eccl.,’lib.
2523 5834 2561 5885 ι,
2592 5835 2713 5890 cap.
2744 5820 2793 5876 7.
2825 5820 2960 5877 Cor.

3167 5915 3247 5975 30
