4064 6264
444 349 550 407 939

1343 348 1401 405 S.
1438 344 1877 403 CLEMENTISI
1912 343 2075 402 ROM.
2112 344 2311 399 PONT.
2348 340 2575 397 ΟῘἛΙῖᾹ
2606 331 2852 396 ΒΗΜΛ(

3577 328 3681 384 ΜΟ

437 496 527 542 tur
559 484 880 558 progenies,
910 487 1003 556 qui
1039 495 1158 542 erat
1208 487 1547 556 exspectatio
1600 486 1868 555 gentium,
1912 483 2071 537 Jesus
2118 482 2406 542 Christus,
2465 479 2557 549 qui
2606 494 2669 531 ex
2723 476 2858 531 Juda
2898 470 3162 543 originem
3208 464 3397 528 dum,
3444 461 3585 518 filias
3619 478 3681 516 ex

434 581 706 654 germine,
734 579 835 635 flos
856 595 919 635 cx
945 577 1099 635 Jesse
1128 579 1173 664 ’f
1202 599 1215 635 :
1251 598 1270 629 σ
1299 579 1471 650 Cujus
1502 579 1839 649 principatus
1871 592 2035 645 super
2067 576 2349 629 humerum
2369 573 2436 626 9'.
2482 593 2499 622 ι

1037 715 1266 772 CAPUT
1309 696 1431 770 xu.‘

2620 700 3015 756 ΚΕΦΛΛΑΙΟΝ
3050 698 3148 751 lB'.

439 808 645 866 Canta
669 826 756 865 eos
775 806 1201 880 quiChristigna:
1235 808 1479 878 religioni
1503 824 1620 880 cum
1653 807 2042 865 assentiuntur.

2151 798 2274 866 ίρὸς
2311 797 2452 860 τοὺς
2481 792 2929 880 ὀλωλογοῦοςτας
2959 789 3092 859 (55),
3153 781 3464 841 ἰουδαΐζειν
3499 778 3567 831 δὲ
3597 777 3687 831 θέ-

664 878 845 935 volunt
871 890 1046 934 tamen
1067 879 1324 934 Iudaicos
1355 881 1491 934 ritus
1521 878 1818 931 observare.

513 994 717 1051 Verum
753 995 882 1065 quia
906 1003 1040 1048 tunc
1068 1010 1131 1049 ea
1154 993 1378 1048 haeresis
1409 993 1473 1048 ad
1509 992 1756 1048 fraudem
1788 992 2020 1047 validior

445 1089 567 1145 visa
593 1096 701 1150 est,
735 1098 790 1144 et
821 1087 1078 1141 universa
1119 1085 1365 1141 Ecclesia
1406 1086 1856 1156 periclitabatur;
1887 1101 2023 1139 con—

448 1179 658 1250 gregati
690 1178 1084 1251 Hierosolymis
1114 1194 1215 1232 nos
1243 1178 1532 1232 duodecim
1582 1179 1729 1247 (nam
1754 1178 1876 1231 loco
1897 1176 2025 1230 l'ro-

449 1272 650 1327 ditoris
701 1271 959 1329 Matthias
1007 1272 1219 1326 electus
1253 1271 1376 1335 fuit,
1432 1278 1493 1324 ut
1551 1272 1834 1325 nobiscum
1877 1278 2024 1324 esset

451 1365 757 1435 apostolus,
791 1372 1015 1435 accepta
1048 1373 1197 1420 sorte
1232 1361 1385 1417 Judte
1415 1362 1461 1395 "
1486 1380 1500 1430 ;
1529 1363 1673 1419 sicut
1703 1362 1843 1416 dixit
1874 1360 2026 1415 Scri-

453 1465 618 1526 ptura
652 1476 665 1515 :
702 1475 722 1507 ‹
748 1456 1136 1527 Episcopatum
1169 1456 1289 1525 ejus
1314 1455 1547 1524 accipiat
1572 1452 1835 1520 alter").t
1856 1453 2027 1523 dispi-

452 1550 738 1605 ciebamus
766 1564 874 1604 una
912 1565 1037 1604 cum
1060 1549 1267 1603 Iacobo
1299 1548 1468 1603 fratre
1495 1548 1728 1613 Domini,
1755 1546 1887 1616 quid
1912 1546 2027 1602 ﬁeri

454 1650 735 1713 oporteret
772 1662 785 1696 :
820 1642 1140 1712 placuitque
1198 1642 1277 1695 illi
1323 1656 1388 1696 ac
1441 1639 1797 1711 presbyteris,
1852 1648 1912 1693 ut
1962 1639 2030 1693 de

457 1734 805 1789 sermonibus
833 1735 1105 1789 doctrinae
1127 1734 1395 1789 allocutio
1433 1734 1731 1787 haberetur
1752 1732 1817 1785 ad
1856 1746 2030 1801 μορυ-

456 1826 593 1881 lum.
612 1824 826 1881 Etenim
851 1826 1073 1897 quidam
1096 1842 1160 1881 ex
1182 1826 1368 1881 Judaza
1386 1825 1734 1879 Antiochiam
1757 1824 2028 1895 degressi,

455 1917 729 1973 docebant
754 1917 956 1974 fratres
978 1919 1051 1973 ibi
1082 1921 1478 1980 consistentes,
1511 1918 1599 1971 his
1633 1917 1848 1971 verbis:
1875 1934 1892 1965 ι
1915 1915 2031 1970 Nisi

458 2011 929 2066 circumcidamini
958 2014 1069 2067 ritu
1088 2012 1349 2075 Mosaico,
1370 2023 1425 2067 et
1442 2013 1497 2066 in
1522 2013 1645 2067 aliis
1671 2011 1871 2065 ritibus
1893 2025 2032 2079 quos

459 2105 605 2161 idem
657 2105 948 2159 constituit
1002 2106 1309 2173 incedatis,
1338 2122 1446 2160 non
1485 2105 1719 2175 potestis
1764 2104 1901 2158 salvi
1938 2102 2035 2158 ﬁe-

462 2197 513 2251 ri
543 2196 611 2251 ⁹⁸.
644 2216 663 2248 ι
700 2195 834 2252 Orta
878 2198 1048 2269 igitur
1078 2199 1436 2253 contentione
1477 2207 1531 2253 et
1586 2198 1892 2267 quaestione
1924 2210 2035 2249 non

463 2303 663 2361 parva,
721 2290 1129 2350 Antiochenscs
1160 2290 1363 2349 fratres
1401 2291 1668 2345 certiores
1718 2288 1850 2344 facti
1887 2287 2037 2358 quod

461 2402 654 2441 omnes
682 2403 746 2442 ea
783 2389 852 2443 de
880 2405 940 2444 re
969 2387 1322 2459 disquisituri
1354 2399 1795 2440 conveneramus
1816 2423 1830 2446 ,
1866 2383 2036 2437 mise-

462 2489 597 2536 runt
638 2482 799 2536 nobis
833 2482 983 2537 viros
1021 2482 1209 2538 fideles
1238 2498 1302 2537 ac
1340 2480 1753 2551 Scripturarum
1789 2477 2035 2546 peritos,

463 2582 528 2627 nt
553 2572 621 2628 de
660 2573 762 2629 hac
799 2576 1103 2645 quaestione
1141 2575 1503 2630 edocerentur
1535 2588 1550 2627 :
1585 2578 1641 2624 at
1670 2570 1745 2623 illi
1778 2568 2038 2623 Hieroso-

468 2666 671 2735 lymam
702 2665 1051 2723 advenientes
1073 2706 1088 2730 ,
1122 2668 1510 2722 nuntiaverunt
1551 2663 1711 2720 nobis
1737 2678 1801 2717 ea
1833 2677 1955 2732 qua:
1984 2663 2040 2716 in

467 2754 712 2814 Ecclesia
743 2774 961 2829 quoque
990 2759 1329 2815 Antiochena
1346 2758 1788 2829 disputabantur,
1809 2755 2035 2820 scilicet,

470 2849 617 2920 quod
656 2851 878 2921 quidam
909 2852 1188 2917 dicerent,
1214 2860 1465 2922 oportere
1496 2848 1839 2913 circumcidi,
1874 2855 1930 2902 et
1956 2863 2046 2903 re-

466 2944 652 3015 liquas
676 2941 1032 3001 caeremonias
1061 2960 1125 2999 ac
1148 2944 1540 3001 sanctimonias
1563 2943 1698 3014 legis
1727 2944 2042 2998 observare.

472 3038 720 3109 Cumque
766 3038 915 3094 aliud
959 3039 1050 3092 alii
1088 3036 1413 3109 proferrent,
1441 3051 1543 3106 ego
1577 3034 1777 3089 Petrus
1813 3048 2047 3103 surgens

473 3131 590 3186 dixi
616 3133 683 3186 ad
717 3147 812 3188 eos
842 3150 855 3186 :
902 3149 921 3183 ι
958 3128 1075 3185 Viri
1106 3130 1338 3193 fratres,
1365 3144 1464 3184 vos
1494 3128 1670 3194 scitis,
1696 3126 1954 3197 quoniam
1980 3126 2049 3179 ab

478 3224 721 3294 antiquis
753 3225 969 3288 diebus,
991 3222 1133 3278 Deus
1160 3223 1213 3276 in
1236 3222 1393 3277 vobis
1424 3220 1607 3291 elegit,
1644 3234 1741 3289 per
1770 3233 1834 3272 os
1866 3232 2048 3272 meum

476 3317 671 3376 audire
700 3324 891 3387 gentes
937 3316 1160 3371 verbum
1211 3313 1509 3384 Evangelii,
1549 3319 1603 3367 et
1646 3311 1871 3367 credere
1896 3309 1972 3377 ⁹⁶;
1996 3317 2051 3363 et

2783 866 3025 926 λοντας.

2205 1003 2340 1055 Ἀλλ’
2390 1001 2512 1054 ἐπεὶ
2554 1000 2673 1052 τότε
2717 996 2856 1065 αὕτη
2899 997 2932 1064 ἡ
2961 994 3169 1064 αἵρεσις
3202 985 3522 1058 ἰσχυροτέρα
3555 982 3692 1054 πρὸς

2124 1096 2334 1164 πλάνην
2365 1092 2540 1158 ἔδοξεν
2569 1088 2728 1155 εἶναι,
2758 1088 2970 1158 καὶτῆς
3023 1081 3342 1151 Ἑκκλησίας
3361 1077 3488 1149 ὅλης
3513 1076 3694 1129 κινδυ-

2123 1204 2412 1259 νευούσης,
2445 1188 2604 1256 ἡμεῖς
2632 1185 2681 1236 οί
2718 1181 2944 1245 δώδεκα,
2993 1175 3336 1234 συνελθόντες
3374 1173 3454 1234 είς
3494 1169 3693 1240 Ἰερου-

2127 1281 2309 1351 σαλὴμ
2353 1277 2507 1351 (ἀντὶ
2540 1277 2649 1348 γὰρ
2689 1275 2782 1328 τοῦ
2832 1271 3091 1343 προδότου
3138 1265 3386 1327 Ματθίας
3437 1264 3533 1315 σὺν
3565 1261 3696 1351 ἡμῖν

2127 1349 2502 1441 κατεψηφίσθη
2534 1366 2828 1428 ἀπόστολος
2858 1361 3015 1427 εἶναι,
3048 1358 3227 1413 λαϐὼν
3252 1359 3311 1409 τὸ
3330 1356 3528 1426 κλῆρον
3570 1349 3700 1405 Ἰούσ-

2127 1465 2214 1531 δα,
2258 1465 2334 1527 ὡς
2375 1463 2609 1535 εἴρηται·
2652 1480 2670 1510 ι
2701 1459 2810 1529 Τὴν
2852 1455 3155 1525 ἐπισκοπὴν
3189 1450 3353 1504 αὐτοῦ
3389 1448 3542 1502 λάϐοι
3581 1446 3699 1498 ἐτε-

2133 1552 2741 1633 ρος»),ἐπεσκεπτόμεθα
2790 1550 2905 1621 ἅμα
2968 1546 3205 1616 Ἰακώϐῳ
3244 1542 3322 1613 τῷ
3370 1541 3461 1593 τοῦ
3494 1537 3699 1633 Κυρίου

2132 1630 2365 1721 ἀδελφῷ,
2421 1648 2475 1700 τί
2538 1646 2783 1716 γένηταιο
2844 1641 2937 1695 καί⁵
2971 1638 3145 1704 ἔδοξεν
3191 1634 3337 1704 αύτῷ
3378 1649 3436 1684 τε
3469 1630 3703 1689 καὶτοῖς

2133 1719 2550 1814 πρεσϐυτέροις,
2584 1736 2774 1804 λόγους
2831 1728 3177 1791 διδασκαλίας
3220 1724 3586 1797 προσλαλῆσαι
3626 1719 3704 1789 τῷ

2131 1836 2266 1905 λαῷ.
2311 1833 2422 1886 Καὶ
2448 1830 2556 1902 γὰρ
2589 1829 2681 1883 καί
2711 1844 2858 1889 τινες
2898 1822 3245 1883 κατελθόντες
3299 1817 3407 1871 ἀπὸ
3431 1816 3530 1885 τῆς
3574 1814 3706 1905 Ἰουο

2132 1904 2289 1990 δαίας
2332 1930 2412 1987 εἰς
2452 1922 2779 1991 Ἀντιόχειαν
2811 1918 3088 1970 ἐδίδασκον
3115 1912 3240 1974 τοὺς
3279 1912 3396 1963 ἐκεῖ
3425 1904 3707 1973 ἀδελφοὺς,

2134 2021 2400 2089 λέγοντες·
2427 2018 2509 2070 ὃτι
2546 2034 2564 2066 ι
2605 2014 2728 2067 Ἐὰν
2754 2013 2825 2084 μὴ
2876 2006 3244 2080 περιτμηθῆτε
3280 2002 3358 2073 τῷ
3400 2000 3509 2053 ἔθει
3545 1999 3711 2051 Moab-

2139 2112 2297 2175 σέως,
2336 2110 2430 2162 καὶ
2465 2110 2576 2170 τοῖς
2625 2106 2804 2167 ἄλλοις
2841 2102 3016 2155 ἔθεσιν
3050 2098 3160 2169 (54)
3199 2091 3280 2159 οἷς
3309 2090 3588 2154 διετάξατο
3612 2104 3713 2139 πε-

2141 2202 2433 2275 ριπατῆτε,
2479 2200 2541 2252 οὺ
2573 2196 2799 2251 δύνασθε
2847 2186 3441 2271 σωθῆναι.»[“ενομένης
3464 2180 3556 2235 οὖν
3586 2179 3715 2232 στά-

2142 2270 2279 2357 σεως
2307 2270 2401 2346 καὶ
2435 2292 2715 2363 ζητήσεως
2742 2288 2839 2340 οὐκ
2863 2284 3068 2353 ὀλίγης,
3090 2282 3139 2334 οἱ
3159 2281 3214 2331 ἐν
3248 2273 3543 2345 Ἀντιοχείᾳ
3570 2270 3716 2324 ἀδελ-

2142 2389 2251 2459 φοὶ,
2283 2386 2501 2456 γνόντες
2531 2385 2612 2436 ὅτι
2661 2376 3095 2449 συνεληλύθαμεν
3139 2373 3337 2433 πάντες
3371 2368 3499 2438 περὶ⁵
3525 2366 3713 2419 τούτου

2142 2457 2473 2552 ζητήσαντες
2527 2475 2659 2546 (55),
2712 2467 3096 2538 ἐξαπέστειλαν
3145 2464 3280 2536 πρὸς
3330 2462 3476 2532 ἡμᾶς
3518 2457 3716 2552 ἄνδρας

2142 2546 2368 2634 πίστοὺς
2402 2570 2494 2623 καὶ
2520 2567 2628 2619 τῶν
2655 2562 2886 2635 Γραφῶν
2908 2560 3216 2633 είδήμονας,
3242 2555 3430 2627 μαθεῖν
3464 2550 3590 2622 περὶ
3618 2546 3715 2600 τοῦ

2145 2663 2457 2739 ζητήματος
2491 2659 2705 2715 τούτου’
2742 2657 2791 2709 οἱ
2822 2654 2900 2721 δὲ,
2931 2650 3363 2725 παραγενόμενοι
3400 2646 3480 2707 εἰς
3518 2643 3719 2739 Ἰερου-

2384 2750 2709 2826 ἁνήγγειλαν
2736 2750 2867 2820 ἡμῖν
2892 2746 2963 2800 τὰ
2987 2743 3286 2817 ζητηθέντα
3306 2740 3398 2793 καὶ
3419 2739 3474 2790 ἐν
3502 2738 3570 2807 τῇ
3597 2728 3721 2786 Ἀν-

2148 2844 2706 2923 τιοχέωνἘκκλησία,
2728 2842 2803 2905 ὡς
2820 2842 2903 2893 ὅτι
2936 2838 3081 2901 τινὲς
3112 2836 3317 2903 ἔλεγον,
3344 2833 3426 2885 ὅτι
3456 2830 3535 2883 δεῖ
3559 2843 3719 2897 περι-

2148 2921 2462 3017 τέμνεσθαι,
2521 2938 2615 2992 καὶ
2656 2934 2755 2998 τὰς
2790 2932 2954 2995 ἄλλας
2996 2928 3219 2998 ἁγνείας
3253 2921 3717 3017 παραφυλάττειν.

2154 3008 2365 3092 ’Δλλων
2390 3035 2448 3089 δέ
2479 3030 2607 3087 ἄλλο
2621 3045 2673 3082 τι
2704 3027 2987 3095 λεγόντων,
3021 3020 3133 3091 ἐγὼ
3156 3019 3361 3092 Πέτρος
3378 3011 3616 3075 ἀναστὰς
3644 3008 3722 3063 εἷ-

2151 3148 2251 3184 πον
2285 3128 2420 3200 πρὸς
2445 3125 2656 3186 αὐτούς’
2694 3119 2955 3192 (Ἄνδρες
2974 3112 3382 3184 ἀδελφοὶ,ὐμεῖς
3410 3104 3723 3200 ἐπίστασθε,

2151 3224 2235 3277 ὅτι
2282 3198 2374 3291 ἀέρ’
2408 3215 2630 3291 ἡμερῶν
2676 3211 2940 3285 ἀρχαίων,
2973 3210 3030 3262 ἐν
3063 3209 3191 3277 ὑμῖν
3238 3203 3348 3276 (56)
3389 3198 3666 3291 ἐξελέξατο
3682 3198 3727 3291 ,ὁ

2153 3313 2305 3380 Θεὸς,
2335 3289 2548 3366 διὰ-τοῦ
2582 3305 2848 3379 στόματός
2881 3320 2980 3375 μου
3011 3298 3239 3355 ἀκοῦσαι
3267 3297 3334 3350 τὰ
3364 3295 3490 3363 έθνη
3512 3291 3603 3344 τὸν
3632 3289 3727 3342 λό-

481 3408 577 3477 qui
604 3380 754 3462 novit
776 3408 941 3463 corda
972 3406 1140 3472 Deus,
1175 3380 1547 3462 testimonium
1574 3403 1850 3475 perhibuit
1868 3398 2045 3470 ipsis.i

2154 3424 2249 3478 γον
2278 3404 2375 3459 τοῦ
2399 3401 2754 3471 Εὐαγγελίου,
2779 3397 2874 3451 καὶ
2902 3394 3210 3449 πιστεῦσαι·
3235 3391 3327 3445 καὶ
3356 3392 3383 3442 ὁ
3405 3380 3729 3478 καρδιογνιῦ-

481 3500 737 3557 Cornelio
761 3503 909 3557 enim
929 3502 997 3567 ’⁷,
1021 3501 1115 3571 qui
1142 3508 1260 3556 erat
1286 3498 1514 3553 Romani
1538 3497 1749 3568 imperii
1768 3495 2050 3558 Centurio,

484 3594 723 3665 Angelus
748 3593 959 3648 Domini
993 3594 1274 3665 apparuit;
1299 3602 1353 3647 et
1373 3592 1441 3647 de
1474 3607 1561 3647 me
1590 3592 1728 3646 dixit
1756 3590 1806 3644 ei
1830 3628 1847 3653 ,
1873 3595 1935 3643 ut
1965 3603 2056 3641 ar-

479 3693 728 3742 cesseret
755 3702 864 3752 me,
886 3693 941 3742 et
967 3702 1034 3741 ex
1063 3702 1158 3741 ore
1201 3700 1324 3741 meo
1373 3685 1587 3740 audiret
1634 3682 1863 3738 verbum
1906 3680 2052 3736 vitm.

482 3780 582 3835 Ille
600 3796 731 3835 vero
760 3781 1049 3835 accersivit
1078 3795 1164 3835 me
1194 3795 1224 3834 a
1253 3779 1424 3850 Joppe
1453 3779 1509 3834 in
1549 3776 1861 3833 Cwsaream
1902 3774 2058 3829 Stra-

490 3875 661 3929 tonis.
684 3874 823 3929 Cum
849 3882 1035 3929 autem
1066 3874 1134 3930 ad
1157 3888 1281 3930 eum
1332 3888 1510 3927 essem
1541 3877 1904 3942 perventurus
1926 3908 1940 3932 ,
1962 3882 2062 3920 vo-

491 3966 570 4022 ἰαὶ
621 3967 801 4022 cibum
855 3982 1086 4035 capere;
1140 3981 1302 4037 quem
1336 3965 1465 4020 dum
1497 3969 1792 4036 pararent,
1822 3976 1976 4017 eram
2004 3960 2061 4014 in

486 4061 778 4116 cmnaculo
818 4075 1019 4125 orans;
1051 4065 1107 4114 et
1148 4059 1305 4114 video
1340 4059 1540 4113 cmlum
1581 4063 1866 4127 apertum;
1901 4061 2065 4123 atque

493 4161 733 4223 quatuor
768 4152 941 4207 initiis
972 4152 1241 4223 illigatum
1290 4164 1385 4206 vas
1430 4149 1725 4221 quoddam,
1772 4147 1918 4202 velut
1959 4146 2065 4199 lin-

495 4254 642 4301 teum
666 4245 1012 4315 splendidum
1034 4285 1048 4306 ,
1081 4246 1135 4299 in
1162 4251 1362 4300 terram
1409 4241 1645 4305 demitti,
1685 4240 1741 4294 in
1770 4254 1879 4310 quo
1908 4246 2067 4294 erant

495 4340 682 4393 omnia
729 4338 1124 4410 quadrupedia,
1181 4345 1235 4392 et
1263 4345 1425 4391 terra:
1454 4335 1691 4406 reptilia,
1725 4343 1779 4389 et
1827 4330 2067 4387 volatilia

496 4432 993 4503 cmli.Exstititque
1025 4448 1128 4487 vox
1157 4447 1187 4487 e
1232 4431 1372 4487 ccelo
1403 4430 1471 4485 ad
1503 4446 1589 4485 me
1611 4430 1799 4485 dicens
1827 4447 1840 4482 :
1873 4445 1891 4477 ‹
1929 4425 2066 4479 Sur-

498 4540 587 4596 ge,
621 4524 803 4591 Petre,
835 4524 1047 4589 occide,
1077 4533 1133 4580 et
1151 4525 1423 4578 manduca
1439 4525 1511 4579 ".
1570 4539 1589 4574 ›
1617 4520 1730 4591 Ego
1761 4528 1942 4575 autem
1982 4533 2070 4572 re-

500 4618 699 4690 spondi
733 4638 749 4674 :
785 4637 805 4670 ‹
841 4618 1194 4689 Nequaquam
1220 4658 1236 4683 ,
1300 4616 1558 4682 Domine;
1625 4614 1752 4685 quia
1793 4626 2069 4682 nunquam

2158 3474 2290 3571 στης
2360 3497 2495 3561 Θεὸς
2549 3492 2927 3567 ἐμαρτύρησεν
2990 3488 3191 3551 αὐτοῖς.
3224 3478 3556 3571 »Κορνηλίῳ
3618 3474 3730 3571 γάρ

2158 3567 2288 3646 ποτε
2329 3588 2699 3660 ἑκατοντάρχῃ
2751 3581 3062 3655 Ῥωμαῖκῆς
3100 3577 3273 3649 ἀρχῆς
3312 3572 3466 3642 ὤφθη
3504 3567 3732 3660 ἄγγελφῖ

2158 3684 2388 3756 Κυρίου,
2429 3682 2524 3735 καὶ
2569 3659 2698 3752 περὶ
2723 3676 2858 3749 ἐμοῦ
2890 3671 3043 3727 εἶπεν
3071 3670 3239 3740 αὐτῷ,
3265 3668 3413 3728 ὅπως
3449 3659 3731 3735 μεταστεί-

2159 3752 2318 3847 ληταί
2354 3793 2443 3846 με,
2501 3774 2595 3827 καὶ
2641 3769 2849 3841 ἀκούσῃ
2883 3769 3031 3840 ῥῆμα
3074 3763 3219 3833 ζωῆς
3246 3762 3310 3812 ἐκ
3336 3756 3430 3810 τοῦ
3471 3752 3736 3847 στόματός

2166 3889 2288 3942 μου.
2333 3870 2391 3922 Ὁ
2421 3868 2499 3933 δέ,
2538 3860 2925 3938 μετεπέμψατό
2976 3874 3042 3930 με
3082 3854 3190 3907 ἀπὸ
3231 3852 3452 3942 Ἰόππης
3481 3848 3562 3942 εἰς
3594 3846 3734 3942 Και-

2166 3936 2392 4035 σάρειαν
2422 3959 2521 4031 τὴν
2542 3936 2879 4029 Στράτωνος.
2916 3950 3107 4005 Ὀπότε
3139 3946 3196 3999 δὲ
3224 3941 3444 4014 ἔμελλον
3473 3936 3736 4035 πρὸςραύ-

2166 4029 2258 4109 τὸν
2314 4029 2731 4125 ἐκπορεύεσθαι,
2787 4042 3087 4116 ἐϐουλήθην
3144 4037 3348 4111 τροφῆς
3396 4029 3732 4105 μεταλαϐεῖν

2168 4149 2261 4202 καὶ
2290 4140 2844 4217 παρασκευαζόντων,
2871 4138 3016 4209 ἥμην
3044 4136 3101 4186 ἐν
3130 4132 3208 4201 τῷ
3234 4126 3465 4199 ὑπερὼῳ
3505 4137 3738 4194 προσευ-

2168 4212 2417 4312 χόμενος·
2453 4238 2548 4291 καὶ
2593 4233 2785 4305 θεωρῶ
2810 4231 2899 4284 τὸν
2932 4225 3159 4298 οὐρανὸν
3180 4219 3474 4292 ἀνεῳγότα,
3500 4212 3741 4312 καὶ-τέσ-

2171 4304 2365 4403 σαρσιν
2412 4330 2608 4401 ἀρχαῖς
2640 4304 2920 4396 δεδεμένον
2964 4317 3156 4379 σκεῦός
3181 4333 3255 4381 τι,
3274 4313 3360 4403 ~tia;
3388 4309 3572 4375 ὀθόνην
3596 4304 3738 4403 λαμ-

2172 4398 2336 4497 πραν,
2354 4398 2793 4491 καὶ-καθιέμενον
2809 4416 2901 4469 ἐπὶ
2917 4414 3016 4484 τῆς
3041 4412 3166 4482 γῆς,
3189 4410 3246 4460 ἐν
3264 4400 3308 4475 ᾧ
3333 4404 3541 4497 ὑπῆρχε
3560 4398 3744 4497 πάντα

2169 4490 2238 4570 τά
2275 4515 2609 4587 τετράποδα,
2640 4490 2736 4565 καὶ
2770 4507 2976 4582 ἑρπετὰ
3011 4506 3110 4577 τῆς
3137 4503 3238 4574 γῆς
3257 4544 3272 4569 ,
3303 4498 3397 4552 καὶ
3424 4495 3493 4548 τὰ
3520 4490 3745 4587 πετεινὰ

2170 4609 2265 4663 τοῦ
2288 4583 2536 4680 ούρανοῦ.
2572 4606 2683 4660 Καὶ
2711 4604 2925 4673 ἐγένετο
2961 4597 3112 4669 φωνὴ
3143 4598 3207 4650 ἐκ
3232 4592 3326 4647 τοῦ
3359 4586 3587 4680 ούρανού
3607 4583 3745 4655 πρός

502 4711 830 4767 manducavi
877 4712 1176 4782 quidquam
1224 4722 1514 4765 commune
1553 4715 1607 4763 et
1646 4705 2010 4759 immundum.
2044 4749 2045 4754 η

2178 4720 2244 4773 με
2292 4679 2543 4770 λέγουσα*
2590 4718 2607 4750 ι
2633 4696 2914 4761 Ἀναστὰς,
2948 4693 3143 4763 Πέτρε,
3183 4688 3364 4751 θῦσον,
3399 4683 3494 4738 καὶ
3524 4679 3683 4782 (gave.
3720 4694 3741 4726 ι

504 4806 643 4862 Tum
671 4822 777 4862 vox
830 4766 1072 4862 secundo
1106 4804 1253 4859 edita
1298 4810 1402 4870 est,
1448 4800 1674 4855 dicens:
1706 4817 1725 4850 ι
1762 4797 1893 4863 Quae
1927 4794 2038 4850 Deu

2178 4766 2349 4865 ίζάγὼ
2366 4766 2888 4864 ἐἷπον-«Μηδαμῶς,
2914 4787 3116 4857 Κύριε,
3147 4782 3231 4837 ὅτι
3258 4779 3511 4834 οὐδέποτε
3547 4772 3748 4870 ἔφαγον

504 4898 834 4971 puriﬁcavit,
860 4908 919 4954 tu
955 4897 1267 4955 communia
1303 4911 1373 4950 ne
1407 4900 1597 4965 putato
1620 4892 1720 4946 ".i
1754 4890 1870 4944 Hoc
1892 4896 2073 4942 autem

506 4992 712 5050 factum
762 4999 843 5048 est
875 4999 958 5048 ter
991 5011 1004 5047 :
1034 5000 1089 5046 et
1139 4997 1417 5059 receptum
1479 4993 1565 5041 est
1614 4999 1709 5039 vas
1754 4984 1810 5037 in
1851 4981 2073 5038 ccelum.

580 5138 622 5177 ἰ
654 5133 791 5191 Gen.
821 5151 970 5199 nix,
1005 5136 1108 5202 {0;
1138 5133 1194 5197 9,
1226 5132 1280 5203 in
1314 5126 1822 5203 ;_lsa._xt_,_l..
1846 5123 2026 5203 ’fjsa.
2060 5137 2137 5186 Ix,
2304 5121 2350 5152 "
2383 5120 2503 5176 Act.
2541 5136 2578 5174 ι.

510 5208 556 5239 κ
584 5207 720 5263 Ibid.
756 5207 807 5262 7.
881 5194 1568 5262 "Act.'x.'"1bid.15.
1644 5194 1958 5251 ’°lbid.l5.

2181 4862 2290 4943 πᾶν
2316 4888 2491 4941 κοινὸν
2523 4888 2615 4941 καὶ
2651 4862 2976 4955 ἀκάθαρτον.
3020 4899 3038 4931 ι
3069 4878 3179 4932 Καὶ
3211 4874 3423 4944 ἐγένετο
3453 4867 3601 4938 φωνὴ
3634 4862 3746 4936 (57)

2180 4982 2250 5034 ἐκ
2276 4980 2550 5052 δευτέρου,
2583 4978 2834 5047 λέγουσω
2875 4993 2895 5026 ι
2926 4974 2993 5025 Ἀ
3021 4973 3051 5024 ὁ
3083 4970 3216 5031 Θεὸς
3235 4963 3548 5035 ἐκαθάρισε,
3584 4958 3646 5009 σὺ
3671 4956 3749 5025 μὴ

2673 5118 2718 5150 ’⁸
2748 5115 2894 5171 Psal.
2943 5128 3097 5177 cvm,
3133 5112 3184 5166 l.
3260 5110 3308 5142 "
3339 5106 3462 5161 Act.
3493 5118 3583 5161 xv,
3624 5100 3677 5155 5.

1811 5324 2181 5382 VARIOBUM
2214 5322 2447 5379 NOTAE.

588 5465 880 5543 (55)ch
909 5462 1071 5528 τούς,
1125 5467 1234 5513 etc.
1292 5455 1455 5510 Deest
1516 5448 1806 5519 inscriptio
1854 5440 1909 5500 in
1955 5442 2083 5499 cod.

524 5536 962 5597 “adauctu.
1038 5600 1057 5603 Α
1274 5596 1286 5603 _
1445 5592 1460 5603 .
1526 5589 1587 5603 ...

614 5586 1001 5665 ΕΤδεῖιῐςὲὶέρ.
1034 5600 1243 5655 Ἀπασι
1273 5596 1329 5651 in
1358 5592 1486 5649 cod.
1526 5586 1691 5646 Vind.
1716 5588 1886 5644 Cum.

616 5610 707 5751 55‘;
741 5676 1140 5751 anigamc.
1173 5668 1271 5722 Vir
1299 5667 1494 5720 doctus
1530 5660 1771 5721 Joannes
1812 5658 1885 5710 Da

741 5656 1140 5747 ἱηῖτξάάι-τες.
1173 5668 1271 5722 Vir
1299 5667 1494 5720 doctus
1530 5660 1771 5721 Joannes
1812 5656 2044 5711 Dallams
2067 5698 2084 5723 ,

523 5746 869 5823 ζητήέονῖεςο
901 5746 1037 5823 €303-
1089 5811 1127 5823 ._
1842 5797 1986 5823 -..ηε

601 5798 1045 5888 ὑμῖν.
1089 5811 1167 5868 lta
1210 5803 1607 5862 Alexandrinus
1641 5798 1810 5854 codex
1840 5798 2084 5853 omnium

2190 5440 2540 5496 veterrimus.
2563 5437 2646 5492 ita
2673 5436 2911 5492 lrenams
2946 5433 3044 5488 lib.
3070 5445 3156 5488 ιη.
3182 5423 3427 5503 cap._l2_.
3455 5421 3548 5477 Sic
3570 5422 3756 5503 “etiam

2184 5490 2648 5581 ὸῐῖτξέὸξὶόέιίιὶέέ
2663 5490 2747 5581 ex
2764 5490 2880 5581 quo
2910 5490 3542 5581 corrigendae-editiones
3566 5490 3759 5545 OEcu-

2190 5574 2355 5635 medii
2384 5588 2438 5634 et
2472 5574 2889 5649 Theophylacti.
2914 5574 2989 5649 In.

2261 5629 2745 5732 lg§)‘&ftdtf_7l,:€3t§:
2796 5629 2855 5699 in
2880 5629 3077 5699 altero
3106 5640 3231 5697 cod.
3255 5646 3358 5702 est,
3414 5633 3574 5687 πάλιν
3604 5629 3761 5701 φωνὴ

2187 5724 2253 5777 ἐκ
2271 5717 2375 5775 ’τοῦ
2407 5719 2657 5793 ούρανοῦ.
2700 5717 2847 5772 Cum
