4044 6254
380 295 475 352 96!

1319 313 1924 377 CONSTITUTIONES
1958 324 2439 391 APOSTOLICAZ.
2467 366 2518 378 -—
2563 338 2690 398 LIB.
2728 340 2816 401 Vl.

3524 360 3628 418 942

379 406 581 462 κοίνου.
617 427 636 461 ι
671 410 841 466 Τοῦτο
860 413 916 469 δὲ
938 417 1154 486 ἐγένετο
1174 421 1267 475 ἐπὶ
1294 425 1433 496 τρίςι
1468 429 1562 481 καὶ
1592 431 1866 507 ἀνελήφθη
1890 455 1920 489 τ

379 498 574 538 meo-mp
596 502 675 538 οτι·
692 504 781 538 θλυ
812 506 1038 538 λίνω-..λη
1093 511 1181 538 οη-
1202 514 1253 538 τοι
1279 516 1352 538 βω
1373 519 1433 538 -ι
1485 537 1490 538 ,
1651 524 1664 538 1
1696 524 1718 538 .-
1815 528 1837 538 ..

2056 440 2301 515 Dumque
2332 448 2663 520 haesitarcm,
2700 456 2831 526 quid
2867 459 2970 515 sibi
3013 464 3177 518 vellet
3222 463 3357 523 illud
3411 472 3623 538 visum,

379 498 574 563 σκεῦος
596 502 675 565 εις
692 504 781 557 τὸν
812 506 1057 579 οὐρανόν.
1093 511 1181 576 Ὠς
1198 514 1254 567 δὲ
1274 516 1588 591 διηπόρουν,
1610 524 1664 576 τί
1691 498 1867 599 alea;
1893 529 1954 582 τὸ

375 589 578 664 ὅραμα,
608 591 729 649 εἶπέ
764 615 852 667 μοι
883 599 945 653 τὸ
982 603 1226 675 Πνεῦμω
1263 627 1282 658 ‹
1339 589 1467 664 Ίδοῦ
1510 614 1703 686 ἄνδρες
1731 589 1952 689 ζητοῦσί

377 699 459 737 σε’
488 685 623 739 ἀλλὰ
643 688 881 754 ἀναστὰς
926 695 1220 769 πορεύθητι
1255 702 1352 755 σὺν
1387 704 1571 768 αὐτοῖς
1590 685 1618 773 ,ί
1643 685 1809 778 μηδὲν
1836 710 1952 764 δια-

373 776 719 861 κρινόμενος,
752 781 885 835 διότι
918 785 1026 854 ἐγὼ
1056 789 1349 847 ἀπέστειλα
1393 797 1608 861 αὐτούς.
1644 776 1670 849 ἡ»
1707 776 1865 855 Οὗτοι
1891 803 1949 855 δὲ

370 860 510 935 ἦσαν
542 869 590 921 οἱ
638 872 785 942 παρὰ
815 875 910 928 τοῦ
945 880 1361 955 ἑκατοντάρχου.
1410 888 1520 942 Καί
1552 889 1723 955 οὕτως
1760 893 1950 947 ἀναλολ

368 958 679 1030 τισάμενος,
715 963 884 1029 ἔγνων
914 969 974 1021 τὸ
1000 974 1150 1043 ῥῆμα
1174 976 1377 1049 Κυρίου
1403 980 1513 1053 (58)
1546 983 1607 1037 τὸ
1632 990 1947 1059 γεγραμμέ-

369 1068 457 1104 νον
480 1095 493 1117 ,
524 1054 605 1106 ὅτι
644 1075 661 1106 ι
699 1058 885 1125 Πᾶςὸς
911 1062 974 1116 ἂν
1006 1067 1395 1143 ἐπικαλέσηται
1423 1075 1483 1128 τὸ
1511 1075 1681 1148 ὄνομα
1709 1054 1941 1152 Κυρίου,

369 1145 692 1217 σωθήσεται·
729 1171 746 1201 ι
772 1155 864 1207 καὶ
887 1157 1067 1211 πάλιν·
1099 1179 1116 1210 ι
1147 1163 1551 1237 Μνησθήσεται,
1577 1170 1671 1223 καὶ
1692 1173 1946 1245 ἐπιστρα-

368 1240 596 1309 φήσεται
634 1245 775 1315 πρὸς
806 1247 1006 1320 Κύριον
1039 1252 1215 1307 πάντα
1245 1256 1312 1310 τὰ
1344 1259 1554 1330 πέρατα
1579 1264 1677 1335 τῆς
1698 1265 1819 1336 γῆς,
1848 1240 1942 1321 καὶ

367 1335 829 1406 προσκυνήσουσιν
861 1339 1090 1396 ἐνώπιον
1119 1345 1281 1400 αὐτοῦ
1316 1351 1484 1404 πᾶσαι
1506 1354 1561 1405 αἱ
1582 1358 1806 1427 πατριαὶ
1832 1359 1941 1411 τῶν

364 1423 553 1478 ἐθνῶν’
589 1428 668 1481 ὅτι
701 1430 793 1483 τοῦ
827 1433 1089 1507 Κυρίουή
1129 1437 1399 1508 βασιλεία,
1432 1445 1526 1497 καὶ
1555 1423 1717 1511 αὐτὸς
1746 1449 1940 1504 δεσπό-

363 1514 445 1579 ζει
490 1518 598 1571 τῶν
656 1520 846 1575 ἐθνῶν.
891 1543 909 1576 ›
946 1526 1057 1580 Καὶ
1090 1529 1166 1592 ὡς
1197 1534 1470 1603 πανταχοῦ
1517 1543 1643 1609 περὶ
1671 1540 1770 1611 τῆς
1805 1542 1938 1614 κλή-

364 1625 500 1671 σεως
525 1611 633 1664 τῶν
662 1612 828 1668 ἐθνῶν
867 1617 1101 1690 εἴρηται,
1138 1623 1415 1695 ἐννοήσας,
1447 1629 1684 1693 ἀναστὰς
1710 1611 1938 1706 ἐπορεῦ-

361 1699 461 1771 θην
504 1703 600 1756 σὺν
646 1706 846 1773 αὐτοῖς,
882 1710 977 1762 καὶ
1023 1714 1268 1783 εἰσῆλθον
1313 1720 1394 1782 είς
1422 1719 1512 1772 τὸν
1545 1718 1691 1776 οἷκον
1712 1726 1807 1779 τοῦ
1840 1729 1933 1781 ἁν-

358 1791 501 1862 δρὸς·
539 1795 632 1848 καὶ
661 1796 741 1849 ἐτι
782 1817 884 1870 μου
918 1801 1326 1872 διαγγέλλοντος
1354 1810 1444 1862 τὸν
1476 1812 1651 1882 λόγον,
1686 1815 1847 1870 ἔπεσε
1872 1820 1931 1873 τὸ

359 1884 582 1956 Πνεῦμα
629 1888 689 1940 τὸ
727 1889 881 1958 ἅγιον
925 1895 1011 1946 ἐπ’
1044 1896 1206 1949 αὑτὸν
1243 1901 1335 1953 καὶ
1370 1903 1461 1954 ἐπὶ
1500 1905 1627 1969 τοὺς
1661 1908 1931 1978 παρόντας

360 1976 455 2028 σὺν
497 1978 681 2050 αὐτῷ,
712 1982 890 2047 καθὼς
920 1986 1014 2039 και
1055 1988 1139 2057 ἐφ’
1171 1989 1317 2060 ἡμᾶς
1348 1993 1406 2044 ἐν
1431 1994 1616 2067 ἀρχῇ,
1652 1976 1753 2051 και
1777 2001 1929 2055 οὐδὲν

354 2067 589 2142 διέκρινε
622 2075 822 2143 μεταξὺ
866 2079 1021 2149 ήμῶν
1047 2098 1107 2133 τε
1137 2084 1231 2136 καὶ
1263 2086 1443 2140 αὐτῶν
1466 2131 1481 2153 ,
1512 2093 1577 2161 τῇ
1612 2092 1793 2146 πίστει
1823 2112 1926 2147 κα-

355 2161 584 2233 θαρίσας
614 2164 723 2236 (59)
752 2168 850 2233 τὰς
881 2173 1107 2243 καρδίας
1130 2176 1330 2231 αὐτῶν.
1376 2181 1483 2233 Καὶ
1512 2183 1682 2252 ἔγνων
1713 2186 1823 2256 ἐγὼ
1846 2189 1926 2242 ὃτι

352 2255 453 2307 οὐκ
482 2254 593 2311 ἐστι
629 2264 1099 2339 προσωπολήπτης
1129 2270 1157 2321 6
1182 2270 1330 2337 Θεὸς,
1358 2272 1472 2325 ἀλλ’
1502 2274 1561 2326 ἐν
1593 2254 1762 2331 παντὶή
1783 2280 1925 2334 ἔθνει

350 2350 379 2401 ὁ
407 2348 733 2422 φοϐούμενος
785 2357 944 2435 αὐτὸν
992 2362 1085 2413 καὶ
1134 2363 1499 2435 ἐργαζόμενος
1546 2368 1919 2445 δικαιοσύνην,

349 2441 536 2506 δεκτὸς
565 2445 713 2517 αὐτῷ
744 2432 895 2503 ἔσται
928 2451 1058 2523 (60)·
1090 2432 1385 2529 ἐξέστησαν
1411 2459 1468 2512 δὲ
1508 2461 1600 2514 ἐπὶ
1632 2463 1806 2536 τούτῳ
1829 2432 1923 2520 καί

348 2536 398 2587 οἱ
435 2536 498 2589 ἐκ
538 2543 836 2614 περιτομῆς
887 2545 1081 2598 πιστοί.
1140 2547 1255 2601 Νῦν
1294 2546 1386 2604 οῦν
1423 2552 1476 2604 τί
1517 2555 1804 2626 πειράζετε
1832 2558 1921 2611 τὸν

349 2625 509 2695 Θεὸν,
560 2631 822 2687 ἐπιθεῖναι
855 2633 1016 2704 ζυγὸν
1052 2637 1222 2711 βαρὺν
1254 2642 1345 2694 ἐπὶ
1375 2643 1467 2698 τὸν
1502 2625 1772 2718 τράχηλον
1808 2651 1920 2704 τῶν

352 2720 623 2792 μαθητῶν,
645 2723 704 2776 δν
724 2724 845 2779 οὔτε
860 2728 1037 2798 ἡμεῖς,
1053 2730 1175 2784 οὔτε
1189 2734 1237 2787 oi
1266 2736 1499 2806 πατέρες
1518 2740 1673 2809 ἡμῶν
1697 2742 1919 2812 ἰσχύσα-

350 2830 450 2881 μεν
464 2813 727 2883 βαστάσαι
743 2834 757 2883 ;
771 2819 907 2874 ἀλλὰ
917 2822 1005 2875 διὰ
1016 2823 1113 2894 τῆς
1124 2825 1345 2897 χάριτος
1354 2829 1446 2881 τοῦ
1461 2832 1665 2902 Κυρίου
1679 2834 1922 2890 πιστεύο-

351 2924 448 2974 μεν
463 2908 716 2978 σωθῆναι,
733 2911 924 2965 καθ’ὃν
955 2916 1154 2986 τρόπον
1181 2920 1444 2974 κάκεῖνοι·
1466 2922 1624 2977 ἔλυσε
1644 2926 1752 2998 γάρ
1772 2929 1919 2999 ἡμᾶς

344 3001 375 3051 6
400 3001 603 3070 Κύριος
625 3005 687 3057 ἐκ
711 3004 819 3058 τῶν
839 3005 1074 3078 δεσμῶν,
1102 3012 1195 3065 καὶ
1230 3012 1505 3085 ἡλάφρυνε
1530 3016 1591 3069 τὸ
1611 3019 1827 3089 φορτίον
1853 3024 1918 3093 ή-

2055 533 2189 588 dixit
2221 539 2351 594 mihi
2377 540 2613 611 Spiritus
2648 567 2660 602 :
2701 567 2719 599 ‹
2757 549 2896 605 Ecce
2926 554 3029 607 viri
3066 568 3317 626 quaarunt
3348 571 3420 619 te.
3453 533 3627 639 Surge

2054 624 2238 697 itaque
2289 641 2344 686 et
2387 634 2523 690 vade
2556 653 2679 692 cum
2711 642 2812 704 eis,
2866 644 3004 702 nihil
3042 624 3330 719 dubitans;
3366 656 3492 725 quia
3522 624 3625 730 ego

2053 719 2176 773 misi
2210 720 2333 778 illos
2364 724 2453 780 ¹⁰⁰.
2497 746 2515 779 ι
2544 728 2584 782 li
2620 739 2800 787 autem
2827 744 2987 791 erant
3016 739 3093 792 illi
3125 743 3215 810 qui
3243 759 3271 796 a
3302 750 3624 808 centurione

2050 812 2357 870 veniebant.
2378 817 2553 889 Atque
2583 821 2654 875 ita
2689 840 2900 881 mecura
2918 841 3199 900 reputans,
3222 836 3465 895 intellexi
3494 858 3622 897 ver-

2048 903 2177 957 bum
2235 905 2446 964 Domini
2500 914 2645 983 quod
2675 919 2942 987 scriptum
2974 931 3057 978 est
3085 945 3096 979 :
3130 945 3148 977 ι
3186 926 3376 985 Omnis
3411 936 3502 1002 qui
3531 934 3618 988 in-

2047 998 2320 1053 vocaverit
2374 1017 2571 1058 nomen
2621 1006 2858 1073 Domini,
2914 1016 3099 1071 salvus
3150 1019 3325 1088 erit';
3370 1041 3387 1074 ι
3421 1033 3473 1078 et
3518 1027 3618 1079 ite-

2046 1100 2168 1140 rum
2202 1107 2215 1143 :
2254 1108 2272 1141 ι
2302 1090 2780 1165 Reminiscentur,
2813 1110 2868 1156 et
2911 1117 3302 1165 convertentur
3330 1114 3398 1167 ad
3430 1115 3617 1171 Donu-

2045 1194 2175 1233 num
2206 1196 2397 1239 omnes
2423 1185 2557 1241 fines
2588 1196 2779 1251 terrae,
2802 1204 2856 1248 et
2896 1197 3203 1255 adorabunt
3235 1204 3289 1257 in
3315 1218 3613 1277 conspectu

2043 1269 2162 1338 ejus
2195 1275 2461 1332 universa:
2502 1280 2722 1338 familia:
2774 1289 3050 1356 gentium;
3096 1298 3352 1363 quoniam
3398 1298 3611 1355 Domini

2042 1372 2126 1415 est
2173 1380 2400 1434 regnum
2444 1378 2497 1425 et
2553 1373 2666 1441 ipse
2718 1377 3093 1437 dominabitur
3132 1389 3450 1456 gentibus'.
3490 1411 3509 1445 ι
3546 1392 3613 1448 Et

2040 1456 2306 1525 cogitans,
2337 1462 2539 1532 ubique
2567 1466 2635 1521 de
2664 1472 2951 1529 vocatione
2992 1479 3233 1545 gentium
3280 1485 3610 1540 mentionem

2041 1546 2177 1608 ﬁeri,
2205 1554 2440 1614 surrexi,
2475 1570 2537 1609 ac
2561 1558 2630 1612 ivi
2656 1576 2779 1614 cum
2810 1566 2925 1631 eis;
2960 1576 3013 1623 et
3057 1569 3252 1625 intravi
3299 1575 3350 1627 in
3387 1575 3608 1631 domum

2036 1638 2209 1706 viri';
2247 1658 2481 1715 cumque
2503 1649 2680 1707 adhuc
2714 1657 2938 1711 verbum
2964 1664 3340 1719 annuntiarem
3362 1706 3376 1726 .
3410 1670 3610 1723 Cecidit

2039 1730 2274 1801 Spiritus
2303 1748 2529 1796 sanctus
2569 1743 2620 1796 in
2654 1760 2778 1799 eum
2810 1759 2975 1817 atque
3008 1753 3061 1805 in
3105 1754 3228 1809 illos
3257 1760 3346 1825 qui
3378 1774 3501 1811 cum
3539 1776 3606 1813 eo

2032 1824 2278 1893 aderant,
2319 1833 2777 1898 quemadmodum
2834 1840 2886 1894 in
2936 1858 3036 1897 nos
3074 1845 3230 1900 initio
3258 1847 3315 1914 ‘;
3359 1849 3605 1919 nihilque

2029 1918 2287 1976 discrevit
2340 1926 2483 1978 inter
2535 1944 2638 1982 nos
2678 1946 2741 1985 ac
2774 1932 2928 1993 illos.
2965 1934 3067 1991 fide
3103 1939 3403 2006 puriﬁcans
3435 1943 3603 1997 corda

2031 2013 2248 2068 illorum
2280 2018 2321 2072 ³.
2379 2018 2443 2071 Ει
2466 2036 2566 2090 ego
2595 2024 2787 2092 agnovi
2831 2026 2975 2095 quod
3009 2027 3149 2083 Deus
3180 2046 3289 2084 non
3324 2041 3410 2086 est
3438 2048 3601 2088 acce-

2027 2115 2150 2175 ptor
2196 2114 2620 2179 personarum“;
2658 2117 2753 2170 sed
2799 2119 2853 2171 in
2909 2122 3056 2174 omni
3105 2131 3287 2193 gente,
3324 2126 3415 2194 qui
3449 2126 3604 2181 timet

2024 2215 2170 2262 eurn,
2202 2216 2267 2254 ac
2307 2211 2566 2272 operatur
2606 2207 2880 2274 justitiam
2904 2251 2919 2273 ,
2959 2225 3220 2284 acceptus
3246 2216 3351 2271 erit
3388 2218 3466 2270 illi
3496 2236 3509 2270 :
3548 2229 3603 2273 et

2024 2290 2090 2344 de
2119 2293 2223 2347 hoc
2258 2296 2668 2367 obstupuerunt
2706 2301 2870 2354 etiam
2918 2304 3009 2373 qui
3066 2321 3131 2359 ex
3180 2307 3602 2387 eircumeisione

2023 2382 2209 2439 ﬁdeles
2246 2387 2287 2441 ".
2333 2388 2489 2445 Nunc
2531 2407 2662 2462 ergo
2721 2394 2850 2464 quid
2898 2399 3120 2453 tentatis
3164 2382 3370 2464 Deum,
3423 2402 3598 2471 impo-

2022 2477 2348 2548 nerejugum
2361 2497 2524 2551 grave
2542 2499 2709 2554 super
2742 2487 2984 2543 cervices
3015 2490 3431 2560 discipulorum,
3451 2496 3597 2562 quod

2020 2583 2195 2638 neque
2208 2587 2309 2627 nos
2338 2589 2513 2644 neque
2530 2583 2714 2644 patres
2734 2580 2904 2633 nostri
2931 2589 3151 2650 portare
3172 2585 3595 2653 potuimus?sed

2020 2663 2354 2730 pergratiam
2374 2663 2885 2725 Dominieredimus
2911 2673 3133 2734 salvari,
3158 2675 3307 2730 sicut
3336 2685 3390 2731 et
3427 2678 3506 2731 illi
3527 2678 3548 2708 ⁸
3574 2698 3587 2732 :

2020 2752 2182 2805 solvit
2216 2755 2360 2808 enim
2402 2772 2504 2813 nos
2529 2758 2794 2816 DominUs
2827 2778 2893 2815 ex
2925 2764 3193 2827 vinculis,
3229 2775 3281 2820 et
3317 2783 3459 2822 onus
3490 2784 3592 2822 no-

2018 2848 2190 2898 strum
2214 2847 2330 2904 leve
2354 2850 2553 2914 effecit,
2581 2862 2633 2907 et
2657 2856 2845 2926 jugum
2884 2858 3169 2927 gravitatis
3215 2874 3278 2913 ac
3329 2861 3592 2916 molestiae

2017 2937 2269 2992 dissolvit
2315 2956 2345 2994 a
2399 2945 2558 3000 nobis
2590 2947 2811 3004 lenitate
2844 2966 2963 3005 sua.
2997 2971 3016 3002 ι
3059 2950 3181 3007 Haec
3214 2969 3300 3007 me
3353 2955 3587 3017 dicente,

2018 3030 2273 3085 universa
2306 3036 2597 3092 multitudo
2624 3038 2900 3094 silentium
2955 3044 3148 3097 tenuit.
3202 3044 3379 3114 Atque
3428 3045 3591 3101 Jaco-

349 3092 483 3160 μῶν,
521 3096 613 3147 καὶ
643 3096 732 3149 τὸν
756 3096 916 3166 ζυγὸν
947 3101 1039 3154 τοῦ
1074 3102 1271 3174 βάρους
1305 3108 1571 3179 πραότητι
1605 3110 1790 3165 ἔλυσεν
1822 3092 1912 3182 ἀφ’

2025 3122 2118 3177 bus
2150 3122 2316 3178 frater
2340 3123 2553 3181 Domini
2587 3131 2893 3198 respondit,
2918 3132 3138 3189 dicens:
3173 3154 3190 3184 ι
3223 3135 3336 3189 Viri
3368 3120 3587 3203 fratre’s,

344 3184 554 3253 ἡμῶν.»
587 3188 766 3242 Ταῦτα
792 3191 849 3245 δέ
906 3210 1004 3265 μου
1056 3197 1318 3262 εἰπόντος,
1379 3200 1633 3272 ἐσίγησεν
1684 3204 1828 3258 ἅπαν
1854 3206 1914 3261 τὸ

346 3275 547 3347 πλῆθος
567 3297 578 3310 ·
632 3281 903 3355 ἀπεκρίθη
942 3285 999 3339 δὲ
1066 3288 1316 3354 Ἰάκωϐος
1345 3292 1373 3343 ὁ
1401 3293 1493 3346 τοῦ
1534 3294 1737 3365 Κυρίου
1763 3299 1915 3352 ἀδελ-

344 3369 463 3436 φὸς,
500 3370 669 3441 λέγων
695 3388 708 3404 ⁸
754 3395 773 3426 ‹
804 3377 1030 3450 Ἄνδρες
1059 3380 1296 3450 ἀδελφοὶ,
1355 3384 1643 3440 ἀκούσατε.
1692 3390 1912 3460 Συμεὼν

340 3459 666 3533 ἐξηγήσατο,
700 3466 880 3532 καθὼς
908 3470 1122 3540 πρῶτον
1146 3474 1174 3525 6
1201 3473 1331 3537 Θεὸς
1360 3475 1698 3547 ἐπεσκέψατο
1730 3459 1913 3535 λαϐεῖν

341 3552 403 3616 ἐξ
434 3553 599 3607 ἐθνῶν
642 3556 768 3610 λαὸν
822 3559 896 3630 τῷ
925 3561 1150 3633 ὀνόματι
1206 3566 1370 3618 αὑτοῦ
1406 3565 1545 3638 (61)·
1607 3572 1701 3624 καὶ
1737 3572 1911 3646 τούτῳ

344 3647 721 3716 συμφωνοῦσιν
752 3652 799 3703 ol
828 3652 973 3722 λόγοι
1000 3655 1107 3708 τῶν
1138 3659 1451 3729 προφητῶν,
1486 3661 1668 3726 καθὼς
1704 3663 1908 3736 γέγρα-

339 3742 738 3796 πταιο-Μετὰ
784 3745 955 3800 ταῦτα
986 3749 1454 3821 ἀναστρέψω,,καὶ
1507 3754 1910 3830 ἀνοικοδομήσω

337 3833 437 3904 τὴν
466 3835 670 3907 σκηνὴν
692 3837 857 3890 Δαόὶδ
883 3840 981 3911 τὴν
1001 3847 1373 3907 πεπτωκυῖαν,
1396 3846 1576 3900 καὶτὰ
1596 3866 1909 3922 κατεσκαμ-

341 3927 478 3997 μένα
529 3929 700 4000 αὐτῆς
745 3931 1169 4004 ἀνοικοδομήσω,
1220 3936 1315 3988 κα.)⁸
1368 3937 1659 4009 ἀνορθώσω
1716 3941 1904 4013 αὐτὴν.

337 4019 484 4083 ὅπως
519 4019 583 4073 ἂν
616 4021 986 4094 ἐκζητήσωσιν
1034 4026 1085 4077 οἱ
1135 4027 1451 4082 κατάλοιποι
1471 4030 1577 4083 τῶν
1606 4030 1906 4104 ἀνθρώπων

334 4110 426 4164 τὸν
450 4112 670 4185 Κύριον,
704 4115 797 4168 καὶ
828 4116 1003 4169 πάντα
1034 4116 1100 4170 τὰ
1130 4117 1278 4190 ἔθνη,
1312 4120 1398 4189 ἐφ’
1426 4120 1521 4185 οὓς
1550 4122 1905 4195 ἐπικέκληται

334 4204 397 4257 τὸ
434 4205 603 4277 δνομά
654 4224 767 4283 μου
804 4209 889 4261 ἐπ’
938 4211 1156 4273 αὐτοὺς,
1214 4210 1358 4280 λέγει
1403 4213 1607 4285 Κύριος
1659 4216 1688 4267 6
1736 4217 1904 4270 ποιῶν

333 4297 815 4354 ταῦταρ-Γνωστὰ
857 4301 951 4354 ἀπ’
988 4302 1180 4366 αἰῶνός
1208 4304 1323 4356 ἐστι
1350 4305 1428 4374 τῷ
1474 4306 1592 4374 Θεῷ
1632 4307 1813 4362 πάντα·
1836 4309 1905 4363 τά

2017 3213 2201 3266 audite
2235 3229 2342 3268 me.
2401 3215 2591 3271 Simon
2648 3221 2917 3284 narravit,
2974 3224 3436 3292 quemadmodum
3477 3232 3591 3298 pri-

2016 3318 2163 3357 mum
2196 3303 2341 3360 Deus
2376 3307 2618 3361 visitavit
2661 3326 2877 3366 sumere
2923 3328 2989 3367 ex
3042 3313 3295 3384 gentibus
3327 3320 3587 3389 populum

2014 3395 2221 3449 nomini
2273 3411 2376 3451 suo
2407 3416 2422 3453 :
2456 3409 2511 3453 et
2568 3400 2696 3455 huic
2727 3405 3069 3460 concordant
3100 3409 3268 3463 verba
3295 3412 3589 3482 propheta-

2017 3499 2172 3549 rum;
2203 3485 2344 3540 sicut
2372 3488 2633 3558 scriptum
2668 3494 2790 3546 est’
2819 3510 2831 3545 :
2858 3522 2923 3530 —
2954 3492 3087 3549 Post
3112 3496 3228 3551 haac
3250 3511 3508 3563 revertar,
3535 3513 3592 3558 et

2018 3574 2358 3635 reaedilicabo,
2380 3578 2787 3636 tabernaculum
2823 3582 3060 3650 Davidis,
3090 3589 3235 3659 quod
3269 3589 3504 3659 decidit,
3535 3604 3591 3648 et

2014 3667 2195 3722 diruta
2227 3670 2345 3739 ejus
2385 3672 2749 3739 reaedificabo,
2803 3688 2855 3732 et
2880 3682 3085 3750 erigam
3118 3682 3278 3750 illud;
3315 3694 3373 3739 ut
3402 3689 3590 3757 requi-

2014 3771 2139 3816 rant
2168 3763 2346 3817 ueteri
2377 3764 2658 3821 hominum
2699 3768 3020 3837 Dominum;
3049 3782 3101 3827 et
3146 3790 3337 3830 omnes
3376 3787 3585 3848 gentes,

2012 3868 2178 3923 super
2206 3871 2345 3926 quas
2372 3857 2678 3915 invocatum
2703 3872 2785 3917 est
2820 3880 3015 3920 nomen
3050 3883 3229 3922 meum
3251 3911 3266 3930 .
3306 3869 3441 3925 dicit
3482 3871 3587 3926 Do-

2012 3948 2215 4013 minus,
2248 3950 2455 4007 faciens
2483 3953 2853 4009 hiem—Nota
2881 3973 2911 4010 a
2949 3958 3148 4014 saaculo
3189 3971 3318 4016 sunt
3350 3962 3585 4018 Domino

2006 4037 2187 4092 omnia
2217 4053 2379 4108 opera
2403 4054 2520 4094 sua.
2553 4039 2780 4110 Propter
2825 4043 2971 4112 quod
3017 4060 3117 4116 ego
3160 4046 3433 4116 judicavi,
3471 4069 3582 4107 non

2006 4115 2394 4200 inquietandos
2437 4147 2533 4187 eos
2559 4133 2653 4203 qui
2702 4150 2766 4189 ex
2808 4115 3064 4205 gentibus
3086 4115 3482 4197 convertuntur
3511 4146 3581 4202 ad

2008 4220 2205 4286 Deum;
2239 4220 2334 4277 sed
2364 4223 2715 4278 scribendum
2762 4225 2829 4279 ad
2879 4242 2996 4289 eos,
3030 4236 3091 4282 ut
3122 4231 3433 4287 abstineant
3462 4251 3520 4290 se
3549 4253 3580 4291 a

2005 4312 2564 4368 contaminationibus
2589 4316 2809 4385 gentilis
2844 4317 3156 4391 idolothyti,
3191 4328 3245 4376 et
3291 4327 3577 4396 sanguine,

334 4386 468 4460 ἔργα
500 4392 682 4445 αὐτοῦ.
734 4392 825 4445 Διὸ
878 4393 993 4463 ἐγὼ
1044 4394 1231 4466 ἐκρινα
1262 4394 1371 4469 (62)
1431 4396 1503 4468 μὴ
1552 4400 1900 4471 παρενοχλεῖν

2025 4412 2056 4457 et
2080 4404 2378 4469 suffocatis,
2411 4413 2465 4461 et
2522 4406 2887 4464 fornicatione
2923 4411 3035 4476 ⁸ος»
3059 4386 3192 4483 quae
3241 4415 3404 4470 etiam
3434 4419 3581 4473 anti-

331 4484 444 4545 τοῖς
470 4483 576 4536 ἀπὸ
627 4484 735 4539 τῶν
783 4486 949 4540 ἐθνῶν
994 4488 1405 4560 ἐπιστρέφουσιν
1454 4490 1545 4543 ἐπὶ
1590 4491 1681 4546 τὸν
1737 4494 1889 4547 Θεόν·

2025 4499 2121 4567 {uis
2150 4499 2276 4565 illis,
2305 4500 2398 4570 qui
2426 4507 2552 4555 ante
2582 4500 2752 4571 legem
2812 4503 3117 4559 secundum
3147 4516 3399 4562 naturam
3429 4511 3580 4566 vive-

332 4574 445 4627 ἀλλ’
482 4576 591 4649 (65)
631 4579 929 4632 ἐπιστεῖλαι
971 4580 1155 4643 αὐτοῖς
1203 4580 1297 4633 τοῦ
1341 4581 1638 4651 ἀπέχεσθαι
1660 4583 1767 4637 ἀπὸ
1786 4586 1894 4640 τῶν

2025 4602 2149 4657 lant,
2181 4595 2388 4649 sancita
2414 4594 2648 4659 fuerant,
2688 4595 2893 4658 Enoso,
2943 4596 3225 4669 Henocho,
3258 4600 3408 4667 Noae,
3441 4603 3577 4660 Mel-

331 4667 713 4741 ἀλισγημάτων
746 4671 853 4725 τῶν
881 4672 1046 4726 ἐθνῶν
1096 4672 1464 4737 εἰδωλοθύτου,
1509 4677 1604 4729 καὶ
1640 4678 1889 4750 αἵματος,

2025 4686 2317 4747 :hisedeco,
2381 4684 2541 4750 Joho,
2576 4697 2629 4742 et
2657 4687 2703 4743 si
2731 4690 2854 4759 quis
2877 4667 3217 4759 hujusmodiv
3244 4691 3365 4748 fuit.
3422 4691 3579 4751 Tunc

330 4760 426 4814 καὶ
453 4763 695 4827 πνικτοῦ,
742 4764 837 4817 καὶ
885 4763 1361 4837 πορνείαςοιᾶπερ
1413 4768 1506 4821 καὶ
1556 4772 1668 4832 τοῖς
1726 4770 1893 4826 πάλαι

2025 4778 2204 4833 placuit
2251 4779 2408 4834 nobis
2434 4780 2719 4850 apostolis,
2752 4788 2808 4836 et
2862 4782 3122 4852 episcopo
3153 4781 3382 4851 Iacobo,
3410 4796 3466 4841 et
3494 4804 3577 4846 se-

401 4942 629 5035 '|°.°Ilbid’.
656 4946 740 5035 ιζ.
773 5016 791 5035 Δ
818 4947 833 4978 ¹
863 4945 997 5002 Joel.
1027 4949 1219 5035 ιιλόἓλ
1253 4949 1463 5035 "Psal.
1497 4954 1772 5035 xxi,_?.8._
1857 4958 1974 5014 Act.
1995 4962 2194 5035 τμη.
2271 4963 2290 4993 ⁸
2318 4962 2437 5018 Act.
2465 4980 2539 5027 ιι,
2579 4964 2664 5019 15.
2743 4965 2764 4995 ⁵
2798 4965 2917 5021 Act.
2949 4982 3039 5030 xv,
3070 4966 3124 5021 9.
3200 4965 3221 4996 ‘
3250 4964 3374 5022 Act.
3407 4970 3571 5035 x,36.

329 5013 351 5047 ν
382 5014 517 5071 Ibid.
544 5016 635 5072 45.
698 5016 731 5048 ’⁸
761 5016 881 5072 Act.
914 5034 1004 5081 xv,
1040 5020 1122 5073 lO.
1198 5018 1425 5076 ’Amos.
1465 5038 1537 5087 Ix,
1570 5013 1652 5080 ll.
1732 5027 1774 5058 ¹⁰
1798 5026 1919 5083 Act.
1960 5013 2159 5095 $1,152

1629 5206 1992 5262 VARIORUM
2026 5208 2255 5265 ΝΟΤᾸΞ.

545 5354 785 5451 Ιὲνυεὶοιί.
815 5357 921 5411 Τοῦ
945 5360 1170 5451 Κὶυρίου.
1202 5363 1390 5451 ριειιλ
1477 5435 1489 5451 1
1691 5446 1702 5451 _
1812 5440 1833 5451 _

2025 5386 2163 5451 nque
2199 5371 2749 5451 forsan_(Iicumeni_o
2799 5377 3112 5442 reddenda;
3160 5379 3570 5451 Theophylacto

400 5421 919 5520 ςὲθζιξξαθαιρίςαςζ
941 5421 1094 5485 Alter
1118 5433 1266 5500 cod.,
1290 5435 1611 5507 καθαρίσαν,
1650 5446 1709 5491 ιιι
1746 5440 1889 5496 refe-
1993 5421 2178 5520 autem
2200 5421 2593 5520 inveni-forsan,
2629 5447 2722 5500 sed
2749 5451 3021 5520 _omnino,
3079 5423 3225 5518 quod
3285 5421 3350 5507 ei;
3390 5442 3569 5520 ipsius

330 5499 484 5565 ratur
504 5493 571 5546 ad
601 5494 844 5565 πνεῦμα.
871 5497 946 5553 In.

399 5562 511 5630 (60)
557 5562 787 5619 Ἔσταὶ.
822 5568 880 5621 ln
905 5568 1077 5624 altero
1108 5572 1232 5628 cod.
1257 5574 1393 5627 ἐστί.
1414 5576 1489 5630 in.

398 5629 509 5699 (6|)
535 5631 699 5685 Λαὸν
720 5633 799 5697 τῷ
821 5634 1064 5710 ὀνόματι
1084 5635 1291 5690 αὐτοῦ.
1320 5629 1502 5693 Lectio
1532 5640 1893 5710 quorumdam

329 5698 1099 5775 interpretum,quoruindam
1121 5721 1279 5767 mss.,
1304 5698 1663 5775 quarumdam
1695 5714 1894 5765 editio-

331 5784 483 5833 num,
506 5773 895 5828 nonnullorum
939 5774 1179 5839 Patrum,
1208 5776 1261 5828 in
1296 5773 1377 5830 his
1409 5779 1467 5831 Β.
1492 5779 1891 5849 Chrysostomi,

1994 5511 2705 5604 erpositioge'manifestum
2842 5511 3206 5604 Aliaslhujus
3245 5511 3442 5592 capitis
3474 5539 3567 5604 va-

1998 5584 2229 5671 riantes"
2263 5581 2578 5671 Scripturas
2632 5586 2882 5643 similiter
2937 5581 3130 5644 nota;
3192 5581 3368 5663 neque
3422 5594 3565 5647 enim

2000 5653 2262 5719 exemplis
2291 5654 2650 5710 carent.Cor.
3281 5653 3289 5663 ’

2226 5725 2492 5801 ’[Εκρξι-νᾳ.
2529 5726 2585 5779 In
2617 5726 2941 5801 alterae-od.
2974 5731 3161 5801 κρίνω.
3192 5729 3289 5788 CL.

2076 5786 2187 5859 (63)
2240 5786 2422 5850 Ἀλλ’.
2448 5796 2505 5849 In
2536 5798 2725 5851 eodem
2755 5798 2869 5851 ἀλλ’
2898 5800 2956 5866 ιι,
2991 5786 3112 5856 uisi.
3131 5799 3209 5858 In.
