4044 6254
455 385 560 449 943

1326 388 1381 444 S.
1420 387 1810 444 CLEMENTIS
1841 386 1862 440 Ι
1896 387 2060 445 ROM.
2098 386 2298 442 PONT.
2333 384 2564 443 OPERA
2598 386 2829 457 DUBIA.

3590 390 3695 446 9M

455 505 707 563 nioribus
733 522 856 563 cum
882 508 1031 564 omni
1068 506 1332 571 Ecclesia,
1351 506 1552 575 eligere
1578 505 1726 558 viros
1747 520 1814 559 ex
1835 504 2018 570 nobis,

2130 502 2507 573 νενομοθέτητο
2560 502 2669 574 (64)
2713 506 2829 567 τοῖς
2894 505 2999 576 πρὸ
3054 502 3149 556 τοῦ
3203 501 3369 573 νόμου
3427 508 3697 575 φυσικοῖς,

455 604 509 650 et
539 595 755 651 mittere
783 612 908 651 cum
957 597 1226 661 Barnaba,
1271 603 1325 650 et
1378 611 1503 648 cum
1559 594 1731 649 Paulo
1781 596 2023 665 gentium

2142 595 2326 659 Ἐνὼς,
2382 595 2571 667 Ἑνὼχ,
2603 596 2747 660 Νῶε,
2799 595 3153 667 Μελχισεδὲκ,
3220 594 3362 658 Ἰὼϐ,
3418 596 3514 649 καὶ
3539 598 3702 661 εἴτις

455 689 703 757 apostolo
731 704 795 742 ac
825 687 1105 753 Tarsensi,
1155 688 1349 743 Judam
1384 687 1476 757 qui
1524 696 1752 741 vocatur
1792 687 2025 743 Barsab-

2130 689 2367 752 τοιοῦτος
2414 688 2682 757 ἐγεγόνει·
2724 688 2845 741 τότε
2901 687 3078 752 ἔδοξεν
3122 689 3255 758 ἡμῖν
3294 686 3404 757 (65)
3427 689 3540 750 τοῖς
3568 687 3701 740 ἀπο-

454 779 574 842 bas,
603 790 655 835 et
692 779 883 845 Silam,
912 782 1059 838 viros
1085 781 1382 853 primarios
1424 781 1480 834 in
1534 779 1821 846 fratribus,
1855 791 2021 853 atque

451 872 692 927 scribere
722 887 819 942 per
846 889 1043 929 manus
1072 888 1264 928 eorum
1293 872 1409 926 hzec
1435 890 1447 924 :
1503 888 1521 920 ι
1552 872 1795 941 Apostoli
1849 880 1903 928 et
1939 890 2027 929 se-

452 963 658 1027 niores,
688 974 740 1018 et
767 963 995 1030 fratres,
1027 965 1113 1020 his
1143 966 1234 1035 qui
1290 969 1419 1018 sunt
1451 962 1753 1018 Antiochia:
1776 973 1827 1018 et
1855 965 2026 1035 Syriae

452 1063 507 1109 et
527 1053 732 1109 Cilicize
770 1055 1031 1111 fratribus
1060 1073 1126 1111 ex
1154 1057 1430 1127 gentibus,
1470 1056 1725 1111 salutem.
1751 1056 2022 1123 Quoniam

454 1144 762 1200 audivimus
784 1148 927 1215 quod
984 1147 1209 1217 quidam
1242 1164 1305 1203 ex
1352 1151 1511 1205 nobis
1539 1150 1901 1203 turbaverunt
1927 1164 2025 1204 vos

452 1236 656 1298 verbis.
719 1244 1029 1294 evertentes
1084 1240 1297 1296 animas
1336 1249 1583 1307 vestras;
1656 1241 1861 1311 quibus
1912 1257 2022 1295 non

452 1328 876 1396 mandavimus;
903 1330 1107 1400 placuit
1128 1332 1377 1389 collectis
1409 1334 1462 1386 in
1501 1349 1689 1394 unum,
1719 1334 1919 1403 eligere
1944 1333 2018 1385 vi-

452 1434 569 1484 ros,
591 1431 643 1475 et
668 1422 882 1477 mittere
904 1424 968 1476 ad
1000 1439 1094 1479 vos
1125 1439 1249 1479 cum
1277 1425 1623 1481 cbarissimis
1655 1427 1858 1481 nostris
1893 1424 2026 1479 Bar-

450 1513 592 1567 naba
625 1522 679 1567 et
708 1512 904 1580 Paulo,
960 1515 1279 1571 hominibus
1308 1517 1401 1588 qui
1442 1518 1783 1573 tradiderunt
1812 1519 2023 1571 animas

452 1618 581 1660 suas
615 1622 714 1676 pro
769 1605 1000 1660 Domino
1052 1616 1244 1664 nostro
1291 1607 1420 1665 Jesu
1458 1609 1701 1668 Christo.
1758 1624 1855 1679 per
1882 1623 2022 1678 quos

452 1697 771 1768 scripsistis.
803 1697 1047 1754 Misimus
1075 1713 1254 1754 autem
1287 1715 1410 1755 cum
1440 1699 1574 1770 ipsis
1608 1698 1803 1753 Iudam
1834 1707 1887 1754 et
1936 1697 2025 1752 Si-

452 1789 583 1851 lam,
615 1790 708 1859 qui
733 1797 788 1845 et
833 1791 938 1861 ipsi
966 1793 1149 1847 verbis
1196 1792 1434 1846 referent
1461 1791 1671 1846 eadem.
1713 1788 1906 1845 Visum
1936 1798 2023 1845 est

2130 779 2354 843 στόλοις,
2388 781 2482 833 xui
2534 779 2613 850 τῷ
2656 779 2939 851 ἐπισκόπῳ
2979 778 3239 850 Ἰακώϐῳ,
3282 780 3376 832 xui
3428 782 3542 842 τοῖς
3567 796 3702 850 πρε·

2128 869 2411 943 σϐυτέροις
2428 872 2524 925 σὺν
2546 871 2642 943 ὅλῃ
2666 873 2732 943 τῇ
2750 869 3472 942 Ἐκκλησία,,ἐκλεξαμένους
3500 870 3704 942 ἄνδρας

2125 961 2183 1029 ἐξ
2225 962 2383 1034 ἡμῶν
2432 961 2540 1033 (66)
2571 962 2747 1016 αὐτῶν
2779 963 2990 1033 πέμψαι
3045 964 3141 1016 σὺν
3168 965 3281 1025 τοῖς
3314 962 3443 1033 περὶ
3489 962 3700 1034 Βαρνά-

2126 1052 2246 1116 ϐαν,
2276 1055 2368 1107 xui
2384 1052 2615 1117 Παῦλον,
2645 1054 2739 1106 τὸν
2766 1054 2874 1106 τῶν
2896 1052 3067 1105 ἐθνῶν
3094 1053 3411 1115 ἀπόστολον,
3439 1052 3530 1106 τὸν
3555 1054 3700 1124 Ταρ-

2127 1146 2245 1209 σέα,
2285 1148 2380 1199 xui
2440 1146 2639 1199 Ἰούδαν
2682 1146 2774 1198 τὸν
2818 1146 3150 1217 καλούμενον
3202 1143 3547 1216 Βαρσαϐϐᾶν,
3602 1145 3700 1198 xui.

2126 1236 2305 1300 Σίλαν,
2358 1236 2557 1309 ἄνδρας
2606 1238 2942 1308 ἡγουμένους
2996 1239 3053 1289 ἐν
3107 1240 3219 1300 τοῖς
3262 1236 3531 1306 ἀδελφοῖς,
3570 1236 3702 1307 γρά-

2123 1326 2322 1396 ψαντες
2342 1328 2430 1381 διὰ
2461 1329 2640 1401 χειρὸς
2669 1330 2845 1383 αὐτῶν
2891 1329 3016 1382 τάδε
3038 1346 3052 1358 ·
3088 1347 3106 1378 ι
3129 1330 3191 1381 Oi
3222 1327 3507 1381 ἀπόστολοι
3534 1328 3627 1380 xui
3648 1327 3700 1379 οἱ

2124 1420 2488 1494 πρεσϐύτεροι
2514 1422 2607 1474 xui
2648 1422 2698 1474 οἱ
2754 1419 2990 1489 ἀδελφοὶ,
3020 1422 3133 1483 τοῖς
3184 1418 3325 1473 κατά
3371 1419 3467 1489 τὴν
3501 1418 3700 1470 Ἀντιόα

2123 1530 2274 1583 χειαν
2330 1515 2424 1566 καὶ
2476 1513 2676 1584 Συρίαν
2721 1514 2813 1566 xui.
2876 1512 3126 1565 Κιλικίαν
3175 1511 3424 1580 ἀδελφοῖς
3473 1513 3587 1573 τοῖς
3640 1508 3699 1574 ἐξ

2122 1605 2313 1671 ὲθνῶν,
2369 1607 2599 1677 χαίρειν.
2669 1604 2885 1675 Ἐπειδὴ
2954 1604 3263 1673 ἠκούσαμεν
3313 1604 3394 1653 ὅτι
3445 1600 3587 1663 τινὲς
3639 1599 3697 1666 ἐξ

2122 1699 2279 1770 ἡμῶν
2328 1697 2598 1771 ἐτάραξαν
2649 1699 2793 1769 ὑμᾶς
2848 1697 3047 1765 λόγοις,
3100 1695 3559 1759 ἀνασκευάζοντες
3601 1694 3699 1755 τὰς

2123 1791 2302 1862 ψυχὰς
2332 1793 2508 1862 ὑμῶν,
2542 1787 2623 1856 οἷς
2654 1793 2716 1845 ού
2737 1790 3178 1861 διεστειλάμεθα·
3214 1790 3390 1855 ἔδοξεν
3418 1786 3526 1859 (67)
3549 1802 3699 1854 γενο-

416 1916 421 1923 ι
450 1880 595 1934 enim
622 1878 848 1951 Spiritui
874 1892 1067 1939 sancto
1096 1894 1151 1938 et
1174 1884 1352 1947 nobis,
1383 1884 1517 1938 nihil
1555 1885 1696 1938 ultra
1744 1885 2025 1953 imponere

2130 1883 2311 1954 μένοις
2334 1884 2693 1955 ὁμοθυμαδὸν,
2746 1884 3136 1954 ἐκλεξαμένους
3188 1881 3386 1952 ἄνδρας
3420 1878 3698 1948 ἐκπέμψαι

449 1973 607 2028 vobis
634 1976 839 2037 oneris,
872 1990 1033 2045 quam
1060 1977 1174 2031 haec
1208 1978 1553 2042 necessaria;
1590 1986 1649 2030 ut
1698 1977 2022 2031 abstineatis

2130 1977 2263 2050 πρὸς
2293 1978 2456 2049 ὑμᾶς,
2480 1979 2579 2030 σὺν
2617 1980 2730 2041 τοῖς
2779 1978 3081 2047 ἀγαπητοῖς
3107 1974 3264 2047 ἡμῶν
3318 1969 3570 2043 Βαρνάϐᾳ
3604 1968 3701 2022 καὶ

448 2077 550 2117 vos
598 2062 668 2116 ab
724 2064 1021 2119 immolatis
1060 2065 1506 2129 simulacrorum,
1556 2073 1611 2119 et
1655 2066 1941 2135 sanguine,
1969 2077 2024 2121 et

2130 2069 2345 2140 Παύλῳ,
2369 2067 2674 2139 ἀνθρώποις
2722 2068 3127 2139 παραδεδωκόσι
3169 2066 3268 2129 τὰς
3314 2064 3490 2136 ψυχὰς
3519 2061 3701 2117 αὐτῶν

451 2154 741 2219 suﬂocato,
771 2165 831 2211 et.
879 2156 1271 2226 fornicatione;
1329 2174 1360 2212 a
1407 2157 1606 2229 quibus
1649 2158 2023 2212 custodientes

2130 2160 2267 2231 ὑπὲρ
2292 2160 2386 2213 τοῦ
2417 2160 2624 2232 Κυρίου
2665 2163 2696 2231 ἡ
2708 2160 2822 2231 μῶν
2887 2160 3058 2231 Ἰησοῦ
3091 2159 3347 2231 Χριστοῦ,
3375 2158 3440 2210 δι’
3472 2150 3545 2209 ὧν
3575 2157 3692 2207 ἐπε-

450 2259 572 2307 vos,
596 2244 735 2301 bene
764 2247 958 2318 agetis.
995 2246 1182 2304 Valete
1215 2249 1313 2303 “.i
1350 2247 1501 2303 Hanc
1544 2248 1709 2318 igitur
1736 2246 2020 2317 epistolam

2130 2251 2389 2305 στείλατε.
2436 2252 2880 2323 Ἀπεστάλκαμεν
2933 2253 2989 2305 δὲ
3020 2254 3133 2323 μετ’
3160 2251 3339 2304 αὐτῶν
3380 2248 3577 2302 Ἰούδαν
3607 2246 3703 2301 καὶ

453 2336 745 2406 misimus;
776 2339 878 2410 ipsi
907 2351 1086 2395 autem
1116 2349 1201 2395 sat
1225 2327 1412 2396 multis
1439 2340 1631 2395 diebus
1655 2340 2022 2396 remansimus

2130 2343 2306 2407 Σίλαν,
2342 2345 2436 2397 xui.
2456 2345 2652 2407 αὐτοὺς
2680 2343 2766 2397 διὰ
2793 2344 2950 2414 λόγου
2980 2344 3413 2413 ἀπαγγέλλοντας
3442 2341 3510 2393 τά
3539 2338 3698 2393 αὑτά.

456 2426 876 2502 Hierosolymis,
912 2449 1019 2487 una
1063 2434 1452 2504 conquirentes
1501 2448 1622 2502 quae
1664 2432 1731 2486 ad
1776 2446 2025 2487 commu-

2130 2436 2314 2503 Ἔδοξε
2341 2436 2449 2508 γὰρ
2475 2436 2553 2506 τῷ
2583 2438 2720 2507 ἁγίῳ
2741 2437 3013 2508 Πνεύματι
3043 2439 3137 2490 καί
3162 2439 3315 2507 ἡμῖν,
3344 2434 3512 2506 μηθὲν
3542 2432 3702 2484 πλέον

453 2535 575 2575 nem
601 2520 888 2579 utilitatem
916 2533 970 2579 et
996 2525 1062 2579 ad
1107 2540 1397 2580 censuram
1423 2525 1778 2593 pertinerent.

2130 2527 2462 2581 ἐπιτίθεσθαι
2494 2528 2621 2597 ὑμῖν
2653 2526 2836 2599 βάρος,
2886 2527 3023 2598 πλὴν
3058 2527 3262 2580 τούτων
3292 2526 3399 2578 τῶν
3420 2526 3504 2576 ἐπ’
3531 2522 3701 2589 ἀνάγ·

452 2631 597 2677 καις,
654 2616 950 2689 ἀπέχεσθαι
988 2617 1388 2680 εἰδωλοθύτων,
1444 2618 1540 2671 καὶ
1600 2618 1860 2687 αἵματος,
1922 2620 2016 2673 καὶ
2048 2622 2308 2685 πνικτοῦ,
2356 2623 2449 2675 xui
2482 2621 2752 2692 πορνείας.
2801 2620 2889 2685 Ἐξ
2916 2615 2988 2674 ὧν
3041 2618 3417 2690 διατηροῦντες
3449 2617 3692 2680 ἑαυτοὺς.

454 2703 514 2759 εὖ
563 2707 817 2778 πράξετε,
879 2708 1181 2780 Ἔρρωσθε.
1218 2728 1235 2760 ι
1306 2709 1418 2780 Τὴν
1494 2708 1592 2779 μὲν
1641 2706 1735 2763 οὖν
1790 2710 2077 2782 ἐπιστολὴν
2133 2710 2624 2781 ἐξαπεστείλαμεν·
2662 2712 2812 2764 αὐτοὶ
2866 2710 2922 2764 δὲ
2977 2713 3035 2765 ἐν
3093 2711 3301 2775 ἱκαναῖς
3353 2710 3589 2782 ἡμέραις
3643 2713 3702 2764 ἐν

465 2795 858 2873 Ἱεροσολύμοις
888 2802 1253 2874 ἐπεμείναμεν
1284 2801 1399 2872 ἅμα
1431 2799 1788 2869 συζητοῦντες
1808 2801 1945 2874 πρδς
1972 2801 2033 2855 τὸ
2065 2802 2391 2873 κοινωφελὲς
2419 2803 2499 2864 είς
2528 2800 2827 2873 διόρθωσιν.

1035 2936 1265 2995 CAPUT
1293 2934 1431 2992 XIII.

637 3054 911 3121 Quomodo
940 3063 1175 3123 oporteat
1202 3053 1442 3120 separari
1476 3052 1541 3105 ab
1581 3051 1862 3106 hcet-elicis.

2649 2931 3039 2987 ΚΕΦΑΛΑΙΟΝ
3070 2932 3171 2985 II".

2311 3047 2509 3113 Ὅπως
2538 3045 2655 3116 χρὴ
2688 3046 3027 3116 χωρίζεσθαι
3056 3046 3173 3100 τῶν
3201 3047 3527 3115 αἰρετικῶν.

524 3167 657 3223 Post
684 3182 815 3220 vero
849 3167 984 3221 satis
1009 3167 1229 3235 longum
1273 3172 1511 3233 tempus,
1534 3164 1877 3231 visitavimus
1904 3162 2020 3219 fra-

2194 3160 2348 3216 Μετά
2376 3161 2431 3215 δὲ
2463 3162 2651 3233 χρόνον
2708 3161 2888 3215 ἱκανὸν
2932 3162 3354 3233 ἐπισκεψάμενοι
3398 3165 3523 3225 τοὺς
3550 3163 3702 3217 ἀδελ-

457 3266 591 3322 tres,
618 3267 673 3312 et
699 3257 1146 3312 confirmavimus
1177 3271 1273 3310 eos
1314 3255 1479 3309 verbo
1526 3255 1764 3324 pietatis,
1797 3263 1851 3310 et
1892 3256 2022 3310 hor-

454 3350 551 3403 tati
594 3364 785 3404 sumus
819 3355 881 3402 ut
932 3347 1220 3402 hereticos
1250 3345 1520 3417 fugerent,
1567 3346 1659 3416 qui
1700 3346 1754 3401 in
1805 3348 2024 3403 nomine

454 3440 659 3496 Christi
684 3454 749 3494 ac
780 3440 967 3503 Mosis,
999 3453 1125 3494 cum
1177 3438 1399 3494 Christo
1433 3453 1497 3492 ac
1522 3438 1668 3494 Mose
1716 3439 1940 3507 bellant,
1973 3451 2028 3497 et

460 3545 517 3586 tn
545 3531 728 3585 ovium
761 3531 901 3600 pelle
927 3531 1115 3601 lupum
1138 3531 1417 3585 occulunt.
1456 3529 1500 3560 “
1524 3529 1589 3584 Hi
1620 3546 1855 3601 namque
1899 3540 2029 3587 sunt

458 3622 887 3692 pseudochristi,
930 3630 985 3678 et
1047 3621 1557 3693 pseudOprophetre,
1602 3630 1656 3677 et
1684 3623 2030 3696 pseudoapo-

458 3714 607 3776 stoli,
640 3713 864 3770 fallaces
917 3722 972 3770 et
1015 3723 1409 3785 corruptores;
1439 3715 1682 3784 vulpium
1738 3724 1941 3786 partes,
1975 3724 2028 3771 et

460 3807 739 3860 vinearum
773 3807 1124 3862 humiliorum
1155 3814 1460 3862 vastatores
1492 3807 1535 3839 “
1562 3824 1577 3873 ;
1603 3822 1700 3876 per
1720 3823 1859 3877 quos
1890 3826 1910 3859 ι
1945 3823 2031 3863 re-

460 3899 713 3972 frigescet
761 3900 1001 3956 charitas
1037 3902 1365 3968 multorum;
1430 3900 1522 3970 qui
1562 3908 1745 3955 autem
1781 3916 2032 3970 perseve-

460 3993 662 4047 raverit
684 4008 859 4062 usque
881 3994 935 4047 in
965 3992 1125 4049 tinem
1166 4011 1185 4045 ι
1219 3993 1525 4049 indeflexus
1553 3994 1631 4054 ⁸⁵,
1672 4010 1691 4043 ι
1724 3992 1813 4046 hic
1844 3994 2029 4049 salvus

459 4085 563 4137 erit
594 4084 693 4138 ⁸⁸.»
740 4083 814 4139 De
861 4085 1051 4140 iisdem
1093 4084 1356 4139 Dominus
1384 4099 1489 4139 nos
1534 4092 1724 4139 cautos
1771 4084 2027 4150 reddens,

460 4174 567 4230 ista
612 4174 992 4231 denuntiavit:
1050 4195 1069 4228 ι
1099 4175 1329 4231 Venient
1372 4175 1441 4229 ad
1493 4191 1592 4231 vos
1632 4176 1734 4231 viri
1776 4176 1831 4230 in
1862 4184 2032 4232 vesti-

460 4267 663 4321 mentis
699 4269 914 4334 ovium;
946 4270 1281 4325 intrinsecus
1328 4276 1507 4323 autem
1561 4276 1690 4322 sunt
1719 4267 1831 4338 lupi
1870 4282 2031 4337 rapa«

2130 3257 2285 3325 φοὺς,
2317 3254 2411 3307 xui
2432 3254 2778 3326 στηρίξαντες
2804 3256 3000 3318 αὐτοὺς
3016 3255 3093 3326 τῷ
3119 3255 3261 3327 λόγῳ
3286 3255 3386 3325 τῆς
3404 3256 3701 3322 εὐσεϐείας,

2133 3347 2227 3400 xui
2253 3348 2769 3420 παρεγγυησάμενοι
2814 3347 3033 3417 φεύγειν
3057 3350 3274 3413 αὐτοὺς,
3349 3349 3399 3402 οἶ
3474 3351 3558 3401 ἐπ’
3588 3350 3703 3403 ὀνό-

2139 3437 2268 3510 ματι
2297 3439 2531 3511 Χριστοῦ
2562 3440 2654 3493 xui
2681 3441 2942 3504 Μωσέως,
2998 3440 3291 3511 πολεμοῦσι
3336 3441 3553 3513 Χριστῷ
3607 3442 3705 3497 καὶ

2132 3531 2339 3593 Μωσεί,
2396 3531 2490 3584 xui
2531 3532 2588 3585 ἐν
2618 3531 2751 3604 δορᾷ
2796 3532 3080 3603 προϐάτων
3107 3532 3197 3585 τὸν
3225 3532 3387 3587 λύκον
3431 3532 3705 3605 κατακρύ-

2132 3639 2376 3676 πτουσιν.
2409 3617 2568 3679 Οὗτοι
2620 3623 2729 3695 γάρ
2784 3624 2889 3676 είσι
2940 3624 3331 3695 ψευδόχριστοι,
3380 3625 3473 3679 xui
3517 3625 3705 3695 ψευδο-

2132 3715 2427 3787 προφῆται,
2459 3718 2555 3770 xui
2602 3717 3040 3787 ψευδαπόστολοι,
3100 3718 3290 3771 πλάνοι
3320 3717 3412 3771 xui
3463 3716 3703 3788 φθορεῖς,

2131 3808 2431 3863 ἀλωπέκων
2501 3810 2716 3881 μερίδες
2788 3809 2883 3863 καὶ
2953 3809 3302 3882 χαμαιζήλων
3373 3808 3703 3879 ἀμπελώνων

2134 3901 2455 3970 ἀφανισταί·
2510 3901 2575 3954 δι’
2629 3900 2724 3965 οὒς
2783 3919 2802 3953 ι
2852 3901 3185 3973 ψυχθήσεται
3237 3905 3270 3974 ἠ
3328 3901 3436 3954 τῶν
3494 3900 3702 3954 πολλῶν

2134 3993 2353 4065 ἀγάπη·
2384 3996 2413 4046 ό
2440 3994 2496 4047 δὲ
2527 3994 2821 4065 ὑπομείνας
2852 3996 2933 4057 εἰς
2961 3994 3112 4057 τέλος
3139 3994 3521 4066 ἀδιάστροφος,
3550 3986 3703 4055 οὗτος

2136 4084 2466 4157 σωθήσεται·
2498 4104 2516 4137 ι
2542 4088 2669 4157 περὶ
2695 4078 2768 4139 ὧν
2795 4085 3220 4157 ἀσφαλιζόμενος
3248 4089 3280 4157 ἡ
3291 4088 3395 4156 μᾶς
3422 4087 3450 4137 ὁ
3479 4083 3701 4155 Κύριος,

2135 4177 2516 4247 παρήγγειλεν·
2538 4197 2557 4229 ι
2591 4177 2948 4241 Ἐλεύσονται,
2964 4196 2981 4229 ι
3002 4177 3172 4247 λέγων
3192 4217 3208 4239 ,
3245 4197 3263 4228 ι
3287 4176 3423 4249 πρὸς
3451 4178 3480 4229 ὑ
3488 4178 3594 4246 μᾶς
3620 4177 3705 4230 ἄν·

2136 4266 2344 4337 θρωποι
2370 4270 2427 4321 ἐν
2455 4269 2712 4340 ἐνδύμασι
2740 4268 3050 4342 προϐάτων·
3096 4268 3294 4322 ἔσωθεν
3326 4268 3383 4321 δέ
3416 4270 3518 4320 είσι
3550 4266 3703 4320 λύκοι

461 4373 554 4413 ces
580 4377 593 4413 :
620 4374 650 4413 a
706 4359 974 4417 fructibus
1005 4376 1194 4416 corum
1240 4358 1581 4428 cognoscetis
1614 4374 1709 4414 eos
1732 4378 1745 4413 :
1771 4360 2025 4416 attendite

2134 4359 2383 4431 ἅρπαγες
2408 4380 2423 4393 ·
2492 4362 2600 4415 ἀπὸ
2659 4362 2767 4415 τῶν
2818 4361 3048 4434 καρπῶν
3103 4360 3282 4414 αὐτῶν
3336 4356 3702 4426 ἐπιγνώσεσθε

536 4549 575 4578 ¹¹
603 4547 722 4601 Act.
756 4564 845 4611 xv,
880 4547 971 4601 25.
1051 4547 1092 4576 "
1130 4544 1301 4614 lgnat.
1340 4539 1592 4614 interpol.
1624 4537 1691 4593 ad
1722 4537 1890 4595 Trall.
1924 4539 1978 4594 6.
2058 4544 2100 4575 ¹³
2122 4543 2268 4599 Psal.
2295 4558 2429 4607 Lm,
2464 4544 2561 4610 II;
2600 4542 2759 4599 Cant.
2820 4557 2883 4608 tl,
2939 4542 3022 4596 15.
3104 4540 3146 4572 ¹⁶
3168 4542 3204 4595 Ι.
3237 4536 3405 4609 Ignat.
3444 4535 3697 4608 intcrpol.

463 4617 530 4672 ad
564 4616 771 4672 Philad.
800 4619 851 4671 5.
930 4618 973 4649 η
999 4612 1188 4671 Matth.
1222 4629 1369 4683 xxiv,
1406 4612 1493 4666 12.

1762 4769 2123 4827 VARIORUM
2155 4768 2387 4828 NOTAE.

536 4958 646 5032 (64)
688 4962 873 5026 Ἀπερ
928 4956 1027 5010 καὶ
1073 4953 1197 5032 τοῖς
1227 4952 1412 5032 πᾴειαι
1452 4948 1895 5032 νενομοθέτητο.
1959 4946 2029 5003 Ut

464 5020 712 5086 homines
745 5020 967 5083 sanctos
995 5026 1087 5095 qui
1126 5035 1250 5078 ante
1281 5022 1503 5093 Moysen
1559 5020 1836 5095 vixerunt,
1865 5034 2025 5095 nemo

461 5103 663 5157 dixerit
692 5088 1028 5170 comedisse'
1057 5088 1385 5164 idolothyta,
1432 5098 1524 5144 aut
1555 5089 1738 5170 fuisse
1792 5088 2027 5170 fornica-

462 5181 643 5238 tores;
681 5173 753 5225 ita
787 5185 894 5223 non
926 5167 1183 5221 abhorret
1210 5159 1669 5238 a_vero,_eosdem_
1690 5159 2022 5238 abstinuisse

463 5228 731 5310 sanguine
781 5247 835 5295 et
893 5238 1178 5310 suffocato.
1243 5231 1520 5303 Siquidem
1569 5236 1710 5310 _ante
1761 5228 2024 5310 diluvium

461 5299 747 5369 vescenda‘.
794 5299 1537 5389 carnisncopiamunonnes'se
1566 5299 2027 5389 factajmldocetur

464 5367 861 5439 ai'I‘ertulliano
888 5396 940 5435 Iv
976 5379 1049 5432 De
1080 5367 1337 5445 iejuniis;
1381 5369 1618 5445 (Origene
1662 5368 1731 5422 ad
1774 5367 1957 5445 Cenes.
1986 5385 2025 5432 ι,

462 5456 561 5521 29;
586 5455 810 5514 Basilio,
856 5460 995 5505 orat.
1031 5439 1195 5521 1⁷129
1217 5444 1452 5514 jejunio;
1484 5439 2029 5521 Ch_rysostomo,.h.o-

464 5508 705 5587 ἶιιὶῘςΞἸ,
738 5508 809 5577 ἱη’
832 5521 1103 5583 Genesim;
1134 5508 1465 5585 Hieronymo
1503 5508 1758 5587 adv'er_sus
1789 5508 2031 5587 Iovinia-

466 5579 589 5649 num
627 5579 722 5651 lib.
759 5611 797 5657 ι,
827 5608 947 5662 cap.
984 5579 1221 5662 l0;¥lib.
1251 5579 1483 5662 tt_,'cap.
1514 5579 1939 5662 tO;HTheodoro
1965 5594 2030 5633 ac

464 5648 796 5721 Theodorito
826 5666 880 5717 in
900 5648 1082 5730 'hujus'
1098 5648 1571 5730 Quwstionibusjn
1599 5648 1857 5730 Genesim,
1872 5663 2023 5730 nuntii:

465 5720 678 5794 59.51.
712 5736 799 5789 55.
828 5733 895 5787 Et
934 5720 1058 5801 post
1087 5720 1352 5782 diluvium
1385 5721 1675 5801 audierunt
1702 5720 1813 5801 Noe
1835 5736 1898 5801 ac
1930 5720 2023 5801 filii

464 5786 585 5875 331;:
609 5786 803 5859 'a'béd;
832 5786 1058 5858 Car'nem
1084 5815 1201 5853 cum
1229 5794 1481 5864 sanguine
1505 5808 1607 5846 non
1637 5789 1935 5847 comedetis.
1961 5786 2021 5843 In

2137 4946 2521 5002 interdictione
2569 4954 2749 5000 autem
2780 4941 3059 5013 sanguinis
3111 4938 3425 5013 continetur
3471 4935 3701 5013 interdi-

2137 5027 2283 5073 ctum
2342 5017 2612 5079 sulincati,
2641 5015 2791 5084 juxta
2830 5007 2976 5084 illud
3003 5010 3380 5084 Chrysostomi
3414 5010 3534 5062 loco
3570 5007 3704 5084 _lau-

2133 5090 2297 5143 dato:
2348 5088 2413 5139 Τί
2436 5090 2549 5140 ἐστι
2590 5077 2758 5152 κρέας
2806 5086 2863 5136 ἐν
2919 5077 3371 5152 αἵματι’ψυχῆς;
3410 5077 3699 5152 -τουτέστι,

2132 5158 2383 5212 πνικτόν·
2440 5157 2533 5210 τοῦ
2589 5145 2697 5226 γάρ
2739 5145 3026 5226 ἀλόγου
3066 5145 3333 5226 ψυχὴ
3376 5145 3515 5226 αἷμα
3568 5160 3702 5212 τυγ-

2130 5229 2303 5300 χάνει.
2351 5217 3101 5300 Τετιιιιιίξξηιίε-Αρόίοθείίεῖ.
3443 5217 3701 5300 Propter:

2131 5291 2193 5354 ἔα
2251 5315 2449 5369 quoque
2500 5291 2814 5369 stt/focalia:
2845 5304 2895 5347 et
2930 5291 3237 5369 'mortt'cin‘is
3268 5291 3609 5369 abstiuemus,
3642 5294 3699 5337 ut

2133 5388 2235 5440 quo
2263 5361 2535 5442 'sauguine
2565 5361 3025 5442 ἐοηειιηιὶηιξηιςιι·3
3076 5363 3152 5442 vel
3182 5364 3323 5442 intra
3376 5361 3576 5442 viscera
3607 5371 3701 5442 fo-

2133 5432 2300 5509 imlto.
2332 5432 2700 5495 Consulautur
2726 5452 2846 5509 qua:
2870 5435 3098 5490 inferius
3124 5435 3179 5487 in
3213 5432 3478 5501 Rccognit.
3514 5444 3553 5492 ι,
3607 5432 3697 5481 50.

2131 5511 2269 5566 Cor.

2226 5582 2314 5654 65)
2364 5584 2547 5654 Ἡμῖν.
2582 5583 2739 5654 Deest
2760 5582 2813 5637 in
2850 5583 3041 5654 altero.
3074 5581 3242 5654 Cum.

2223 5647 2310 5725 66)
2602 5653 2947 5725 Deestetiam
2988 5653 3042 5706 in
3084 5652 3296 5725 eodem:
3321 5647 3397 5725 ln_.

2200 5718 2308 5796 (67)
2370 5718 2634 5789 Ἕδοξεν.
2665 5724 2829 5780 Addit
2850 5724 2987 5779 alter
3024 5722 3147 5778 cod.
3178 5722 3331 5791 ἡμῖν.
3362 5718 3437 5772 In.
