4064 6264
394 362 500 421 948

1266 360 1868 419 CONSTlTUTlONES
1902 361 2377 418 APOSTOLICIE.
2414 394 2481 403 —
2516 362 2645 416 LIB.
2684 360 2774 415 Vl.

3523 364 3626 421 966

391 475 609 539 αὐτούς.
653 476 954 547 Προσέχετε
984 548 985 551 η
1012 476 1107 530 ἀπ’
1133 475 1332 530 αὐτῶν.
1408 478 1826 549 Ἀναστήσονται
1857 478 1960 549 γάρ

2068 480 2137 534 ab
2166 479 2245 534 eis
2284 479 2345 539 ",
2373 477 2680 547 Exsurgent
2701 476 2845 530 enim
2877 478 3298 547 pseudochristi,
3327 488 3381 535 et
3411 482 3645 552 pseudo-

389 568 761 640 ψευδόχριστοι
814 570 907 622 καὶ
955 569 1439 640 ψευδοπροφῆται,
1490 572 1584 623 καὶ
1633 571 1968 643 πλανήσουσι

390 661 638 726 πολλούς.
665 680 684 713 ι

915 754 1307 807 ΚΕΦΑΛΜΘΝ
1344 755 1439 807 1Δ’.

400 848 561 913 Τίνες
581 848 636 900 ot
664 845 1036 913 κηρύξαντες
1060 844 1172 912 τὴν
1191 844 1521 913 καθολικὴν
1548 844 1968 911 διδασκαλίαν,

593 916 692 969 καί
718 918 855 969 τίνα
880 916 953 969 τὰ
992 915 1065 969 δι’
1090 913 1289 969 αὐτῶν
1314 916 1793 985 παραγγέλματα.

465 1011 540 1064 Δι’
567 1008 661 1072 οὒς
690 1008 781 1061 καί
807 1010 970 1079 ἡμεῖς
1015 1006 1111 1061 νῦν
1160 1008 1251 1060 ὲπί
1281 1006 1341 1059 τὸ
1370 1005 1503 1059 αὐτὸ
1532 1006 1832 1076 γενόμενοι,
1863 1006 1971 1059 Πέ-

391 1120 519 1175 τρος
548 1102 642 1156 καὶ
683 1100 952 1172 Ἀνδρέας,
998 1099 1253 1163 Ἰάκωϐος
1305 1100 1398 1152 καὶ
1460 1100 1710 1171 Ἰωάννης
1738 1102 1843 1154 υἱοὶ
1871 1103 1969 1154 Ζε-

392 1193 638 1257 ϐεδαίου,
697 1191 963 1255 Φίλιππος
1015 1191 1111 1245 καὶ
1156 1190 1577 1261 Βαρθολομαῖος,
1621 1192 1817 1263 Θωμᾶς
1876 1193 1971 1247 καὶ

392 1285 687 1348 Ματθαῖος,
714 1283 967 1348 Ἰάκωϐος
991 1283 1241 1352 Ἁλφαίου
1274 1282 1370 1336 καὶ
1396 1283 1659 1348 Λεϐϐαῖος
1688 1286 1716 1337 6
1746 1284 1971 1357 ἐπικλη-

393 1381 507 1443 θεὶς
534 1379 809 1443 Θαδδαῖος,
842 1377 934 1433 καὶ
962 1377 1144 1447 Σίμων
1172 1376 1201 1427 6
1229 1376 1558 1445 Κανανίτης,
1598 1377 1692 1429 καὶ
1722 1376 1971 1443 Ματθίας

392 1474 423 1525 6
442 1472 561 1526 ἀντὶ
604 1471 769 1525 Ἰούδα
796 1468 1232 1540 καταψηφισθεὶς
1284 1470 1418 1538 ἡμῖν
1444 1469 1530 1500 η’*
1574 1468 1827 1533 Ἰάκωϐος
1856 1488 1915 1523 τε
1941 1472 1969 1524 6

391 1563 487 1617 τοῦ
516 1563 718 1635 Κυρίου
772 1562 1000 1631 ἀδελφὸς
1057 1561 1155 1615 καὶ
1223 1558 1608 1631 Ἱεροσολύμων
1654 1561 1968 1626 ἐπίσκοπος,

391 1655 487 1709 καὶ
518 1653 727 1717 Παῦλος
753 1656 782 1707 6
810 1653 919 1707 τῶν
948 1653 1120 1707 ἐθνῶν
1171 1652 1510 1717 διδάσκαλος,
1563 1652 1624 1706 τὸ
1652 1654 1843 1720 σκεῦος
1868 1656 1970 1727 τῆς

390 1746 639 1817 ἐκλογῆς,
694 1746 810 1816 ἅμα
855 1745 1057 1808 πάντες
1111 1744 1206 1797 καὶ
1261 1744 1354 1797 ἐπὶ
1398 1745 1459 1799 τὺ
1503 1746 1634 1799 αὐτὸ
1663 1746 1965 1818 γενόμενοι,

389 1838 705 1909 ἐγράψαμεν
761 1838 889 1909 ύμῖν
914 1837 1013 1909 τὴν
1046 1836 1337 1908 καθολικὴν
1365 1836 1567 1908 ταύτην
1597 1838 1966 1905 διδασκαλίαν,

388 1931 469 1993 είς
496 1930 892 2001 ὲπιστηριγμον
925 1927 1099 1999 ὑμῶν,
1132 1929 1238 1981 τῶν
1276 1928 1373 1999 τὴν
1406 1929 1635 1982 καθόλου
1664 1931 1969 2003 ἐπισκοπὴν

390 2022 500 2094 (68)
541 2021 1032 2092 πεπιστευμένωνο
1089 2020 1149 2073 ὲν
1204 2013 1238 2092 ᾖ
1294 2018 1563 2091 δηλοῦμεν
1616 2022 1777 2091 ὑμῖν,
1837 2022 1969 2077 Θεὸν

390 2114 803 2186 παντοκράτορα
864 2112 961 2165 ἕνα
1010 2111 1167 2182 μόνον
1215 2111 1511 2182 ὑπάρχειν,
1551 2114 1683 2184 παρ’
1710 2113 1769 2165 ὃν
1812 2113 1969 2178 ἄλλος

386 2208 487 2260 οὐκ
514 2206 655 2259 ἔστι·
687 2206 781 2259 καὶ¹
809 2205 971 2259 αὐτὸν
1004 2204 1162 2274 μόνον
1188 2202 1364 2255 σέϐειν
1396 2204 1488 2256 καὶ
1516 2204 1968 2274 προσκυνεῖν,διὰ

400 2297 574 2368 Ἰησοῦ
603 2296 837 2369 Χριστοῦ
892 2295 985 2349 τοῦ
1021 2294 1130 2365 (69)
1164 2295 1371 2366 Κυρίου
1426 2295 1606 2365 ἡμῶν,
1639 2295 1696 2347 ἐν
1722 2295 1800 2365 τῷ
1840 2313 1969 2350 παν-

387 2389 527 2458 αγίῳ
573 2388 878 2459 Πνεύματιο
936 2388 1028 2441 καὶ
1056 2390 1177 2449 ταῖς
1216 2387 1385 2458 ἱεραῖς
1438 2387 1479 2439 Γ
1483 2389 1682 2459 ραφαῖς
1708 2387 1965 2459 χρῆσθαι,

386 2479 536 2551 νόμῳ
562 2481 656 2534 καὶ
682 2480 1018 2551 προφήταις·
1040 2481 1218 2546 γονεῖς
1249 2480 1434 2549 τιμᾷν·
1462 2478 1678 2532 ἃπασαν
1697 2478 1967 2551 ἔκθεσμον

386 2573 584 2644 πρᾶξιν
601 2572 822 2642 φεύγειν
841 2589 854 2602 ·
873 2571 1170 2626 ἀνάστασιν
1202 2571 1498 2637 πιστεύειν,
1523 2573 1617 2626 καὶ
1644 2572 1847 2644 κρίσιν’
1872 2573 1968 2627 καὶ

386 2665 735 2719 ἀνταπόδοσιν
752 2664 1057 2737 προσδοκᾷν
1073 2681 1087 2695 ⁶
1108 2665 1333 2728 καὶτοῖς
1361 2665 1653 2736 κτίσμασιν
1677 2664 1840 2719 αὑτοῦ
1868 2666 1967 2719 πᾶ-

387 2775 472 2812 σιν
502 2759 837 2829 εὐχαρίστως
883 2756 1301 2829 προσέρχεσθαι,
1325 2758 1402 2821 ὡς
1425 2757 1558 2810 Θεοῦ
1589 2757 1773 2829 ἔργοις
1795 2798 1811 2821 ,
1871 2759 1966 2813 καὶ

390 2851 555 2921 μηδὲν
608 2854 665 2903 ὲν
715 2853 927 2914 ἑαυτοῖς
982 2850 1168 2920 ἔχουσι
1197 2849 1415 2918 φαῦλοψ
1465 2849 1560 2901 καὶ
1588 2852 1786 2919 γαμεῖν
1813 2850 1966 2920 νομί-

388 2958 524 3013 μως,
581 2942 866 3013 ἄμεμπτος
920 2942 1028 3013 γὰρ
1082 2941 1112 2994 6
1168 2942 1411 3003 τοιοῦτος
1463 2939 1676 3009 γάμος·
1734 2941 1818 2993 ὅτι
1872 2941 1966 2995 καὶ

391 3051 411 3084 ι
431 3032 579 3104 παρὰ
610 3032 814 3103 Κυρίου
862 3031 1162 3105 ἁρμόζεται
1217 3032 1354 3102 γυνὴ
1383 3030 1566 3103 ἀνδρία
1607 3050 1625 3082 ι
1667 3032 1763 3085 καὶ
1790 3033 1819 3084 6
1848 3031 1964 3085 Κύ-

2071 571 2369 642 prophctte,
2400 579 2454 624 et
2482 569 2743 624 seducent
2770 570 2971 623 multos
3005 571 3067 624 ".
3094 590 3113 621 9

2646 765 2872 820 CAPUT
2916 764 3056 822 XIV.

2073 856 2177 922 Qui
2195 857 2537 926 pra’dicarint
2590 857 2908 932 catholicam
2954 858 3268 925 doctrinam,
3318 871 3365 915 et
3393 878 3509 932 qua;
3538 863 3645 917 sint

2582 927 2798 980 illorum
2834 939 3114 997 praecepta.

2142 1015 2370 1087 Propter
2417 1024 2575 1088 quos,
2636 1035 2782 1074 nunc
2831 1021 2887 1075 in
2944 1037 3110 1075 unum
3169 1024 3481 1093 congregati
3520 1039 3643 1090 nos,

2072 1105 2266 1163 Petrus
2298 1117 2351 1163 et
2391 1110 2657 1173 Andreas,
2709 1109 2949 1166 Jacohus
2976 1119 3030 1167 et
3076 1112 3317 1169 Joannes
3349 1114 3443 1169 filii
3474 1116 3647 1174 Zebe~

2072 1198 2195 1263 ἀίει,
2254 1199 2537 1272 Philippus
2566 1212 2621 1258 et
2676 1202 3131 1268 Bartholomteus,
3161 1204 3397 1263 Thomas
3427 1216 3482 1263 et
3510 1208 3647 1263 Mat-

2074 1293 2275 1357 tbaeus,
2330 1292 2569 1349 Jacobus
2608 1295 2813 1365 Alphaei
2868 1305 2921 1350 et
2970 1295 3232 1353 Lebbzcus
3288 1310 3648 1369 cognomento

2072 1384 2400 1451 Thaddzeus,
2432 1403 2493 1441 ac
2517 1386 2705 1442 Simon
2736 1388 3079 1457 Chananmus
3102 1390 3143 1427 ⁸⁸
3190 1400 3242 1446 et
3256 1390 3511 1448 Matthias
3526 1394 3647 1448 loco

2070 1476 2225 1532 Iudae
2251 1485 2644 1535 annumeratus
2674 1480 2959 1535 nobiscum
2996 1482 3076 1547 ‘9;
3112 1482 3239 1536 item
3270 1481 3512 1541 Jacobus
3534 1486 3649 1539 fra-

2071 1576 2155 1623 ter
2192 1568 2442 1633 Domini,
2475 1570 2765 1640 episcopus
2797 1568 3353 1643 llierosolymitanus,
3384 1590 3487 1629 nec
3535 1590 3647 1629 non

2069 1657 2273 1714 Paulus
2310 1661 2550 1730 gentium
2606 1660 2796 1715 doctor
2825 1659 2894 1725 '°,
2943 1675 3040 1715 vas
3090 1661 3374 1719 electionis
3412 1664 3479 1729 “,
3539 1678 3647 1717 una

2071 1764 2261 1806 omnes
2289 1751 2625 1822 congregati,
2652 1752 2793 1805 hanc
2819 1750 3145 1806 catholicam
3176 1754 3479 1807 doctrinam
3510 1756 3649 1810 scri-

2000 1819 2042 1876 B
2072 1842 2283 1911 psimus
2315 1843 2491 1908 vobis,
2551 1843 2619 1896 ad
2670 1842 3073 1899 confirmandos
3124 1854 3177 1899 et
3210 1844 3647 1903 corroborandos

2069 1947 2189 1996 vos,
2222 1931 2422 2001 quibus
2455 1932 2782 1987 universalis
2832 1933 3179 2003 episc0patus
3217 1932 3462 1989 creditus
3509 1942 3595 1989 est
3628 1954 3643 1988 :

2071 2024 2125 2077 in
2184 2039 2289 2093 qua
2340 2023 2714 2094 significamus
2770 2024 2944 2087 vobis,
2999 2023 3167 2080 Deum
3219 2025 3645 2095 omnipotentem

2067 2130 2238 2170 unum
2290 2116 2555 2169 duntaxat
2630 2115 2886 2177 existere,
2944 2123 3142 2185 prazter
3199 2132 3359 2186 quem
3410 2132 3517 2171 non
3575 2117 3648 2172 sit

2067 2208 2249 2273 alius;
2310 2207 2457 2261 hunc
2489 2206 2667 2262 solum
2717 2206 3009 2261 colendum
3064 2221 3127 2260 ac
3156 2206 3521 2269 adorandum,
3552 2223 3648 2279 per

2065 2297 2251 2353 Jesum
2278 2298 2557 2354 Christum
2597 2296 2888 2352 Dominum
2910 2305 3182 2362 nostrum,
3215 2297 3270 2352 in
3294 2298 3646 2353 sanctissimo

2069 2389 2314 2461 Spiritu;
2345 2393 2606 2446 utendum
2658 2390 2833 2446 sacris
2867 2389 3191 2461 Scripturis,
3246 2391 3364 2461 lege
3422 2405 3486 2443 ac
3516 2406 3647 2460 pro-

2065 2483 2279 2554 phetis;
2330 2481 2678 2537 honorandos
2722 2488 3012 2549 parentes;
3065 2481 3377 2551 fugiendam
3425 2496 3643 2536 omnem

2065 2577 2340 2632 actionem
2386 2576 2626 2645 iniquam
2655 2591 2669 2639 ;
2701 2574 3037 2629 credendum
3090 2573 3549 2630 resurrectionem
3578 2586 3645 2627 ac

2061 2668 2328 2739 judicium
2361 2666 2508 2732 fore;
2544 2664 2965 2735 exspectandam
3016 2664 3465 2731 retributionem;
3517 2679 3643 2717 cum

2064 2761 2359 2830 gratiarum
2418 2758 2637 2813 actione
2692 2757 2956 2813 utendum
3011 2758 3068 2813 in
3121 2757 3247 2812 cibo
3274 2757 3492 2813 cunctis
3547 2754 3642 2812 Dei

2065 2853 2352 2913 creaturis,
2387 2859 2576 2921 utpote
2602 2866 2632 2905 a
2656 2849 2767 2907 Deo
2799 2850 2979 2913 factis,
3018 2849 3266 2921 nihilque
3304 2850 3455 2920 pravi
3488 2849 3544 2903 in
3582 2866 3644 2904 se

2066 2944 2395 2998 habentibus
2422 2961 2435 3007 ;
2464 2942 2873 2996 matrimonium
2902 2941 3143 3010 legitime
3168 2941 3639 3006 contrahendum;

2064 3035 2172 3090 tale
2201 3034 2345 3089 enim
2375 3034 2536 3104 culpa
2564 3040 2760 3100 vacat;
2793 3033 2919 3103 quia
2949 3039 3005 3087 et
3040 3051 3058 3084 ι
3090 3048 3119 3086 a
3152 3031 3383 3088 Domino
3422 3041 3645 3103 aptatur

388 3142 504 3194 ριος
530 3124 715 3193 λέγει’
752 3144 771 3176 ι
814 3125 870 3178 '0
898 3127 1128 3196 ποιήσας
1157 3125 1253 3178 ἀπ’
1286 3124 1484 3195 ἀρχῆς,
1516 3124 1682 3196 ἄρσεν
1710 3125 1803 3179 καὶ
1831 3125 1960 3197 θῆλυ

2067 3143 2203 3182 uxor
2234 3128 2351 3182 viro
2383 3128 2460 3193 “;
2488 3146 2507 3179 ι
2533 3134 2588 3182 et
2604 3126 2869 3182 Dominus
2896 3127 3004 3180 ait:
3042 3144 3060 3178 ι
3083 3124 3188 3193 Qui
3221 3125 3347 3181 fecit
3371 3126 3439 3179 ab
3462 3126 3637 3192 initio,

387 3218 638 3288 ἐποίησεν
675 3219 892 3281 αὐτοὺς,
931 3217 1026 3270 καὶ
1059 3211 1211 3269 εἶπεν
1236 3231 1251 3246 ο
1303 3216 1525 3268 Ἕνεκεν
1562 3214 1753 3269 τούτου
1795 3234 1960 3270 κατα-

2067 3217 2373 3273 masculum
2405 3225 2461 3271 et
2509 3215 2767 3271 feminam
2797 3215 3060 3279 feciteos,
3104 3222 3159 3269 et
3185 3214 3362 3269 dixit:
3410 3213 3641 3287 Propter

385 3307 558 3379 λείψει
584 3309 870 3380 ἄνθρωπος
899 3309 991 3361 τὸν
1040 3308 1254 3380 πατέρα
1282 3305 1446 3359 αὐτοῦ
1477 3307 1573 3360 καὶ
1601 3307 1698 3378 τὴν
1731 3308 1965 3379 μητέρα,

386 3402 481 3454 καὶ
512 3400 1043 3472 προσκολληθήσεται
1072 3402 1137 3470 τῇ
1167 3398 1388 3466 γυναικὶ
1416 3397 1603 3461 αὐτοῦ,
1635 3398 1727 3452 καὶ
1755 3399 1966 3453 ἔσονται

384 3494 435 3546 oi
464 3492 558 3546 δύο
582 3493 664 3556 είς
691 3492 871 3564 σάρκα
904 3492 1051 3562 μίαν.
1068 3510 1086 3541 ι
1113 3491 1265 3560 Μήτε
1289 3487 1393 3559 μὴν
1416 3488 1550 3556 μετὰ
1568 3489 1743 3559 γάμον
1772 3490 1967 3544 ἐκϐάλ-

385 3585 496 3638 λειν
523 3585 941 3653 ἀκατάγνωστον
969 3581 1191 3646 ἐξέστω.
1229 3598 1248 3631 ι
1276 3577 1489 3649 Φυλάξῃ
1517 3577 1646 3650 γάρ,
1678 3580 1832 3650 φησὶ,
1886 3581 1966 3653 τῷ

384 3678 654 3748 πνεύματί
689 3693 813 3729 σου’
873 3674 972 3728 καὶ
995 3676 1231 3743 γυναῖκα
1285 3670 1534 3741 νεότητός
1574 3687 1667 3723 σου
1698 3669 1773 3742 μὴ
1802 3673 1967 3742 ἐγκα-

384 3770 615 3840 ταλίπῃς
629 3786 642 3801 ·
663 3771 744 3822 ὅτι
765 3767 902 3839 αὐτὴ
916 3764 1405 3835 κοινωνὸς(70)βίου
1420 3781 1536 3828 σου,
1549 3762 1643 3817 καὶ
1657 3763 1965 3837 ὑπόλειμμα

382 3863 452 3895 ³³·
480 3860 783 3932 πνεύματός
813 3877 904 3912 σου
933 3859 1057 3912 ’καὶ
1083 3856 1193 3926 ἐγὼ
1222 3855 1473 3926 ἐποίησα,
1503 3855 1597 3909 καὶ
1623 3856 1723 3909 οὐκ
1750 3855 1957 3920 ἄλλος.»

383 3953 584 4005 Φάσκει
611 3952 719 4024 γὰρ
745 3954 773 4004 6
801 3952 1032 4023 Κύριος,
1066 3952 1171 4015 ὅτι,
1206 3968 1223 4001 ι
1241 3949 1308 4002 Ἀ
1337 3949 1366 4003 6
1394 3947 1527 4012 Θεὸς
1568 3947 1784 4014 ἔζευξεν
1828 3947 1960 4020 (71),

384 4044 666 4115 ἅνθρωπος
698 4044 771 4115 μὴ
802 4043 1131 4114 χωριζέτω.)
1168 4042 1232 4094 Ἡ
1263 4041 1371 4113 γὰρ
1396 4039 1532 4111 γυνὴ
1560 4039 1815 4104 κοινωνός
1844 4042 1961 4094 ἐστι

387 4136 524 4206 βίου,
553 4136 814 4206 ὲνουμένη
843 4136 922 4197 είς
952 4134 1010 4187 ἒν
1043 4134 1199 4204 σῶμα
1228 4135 1293 4186 ὲκ
1320 4133 1412 4187 δύο
1441 4132 1591 4202 παρὰ
1620 4131 1731 4203 (72)
1783 4131 1918 4185 Θεοῦ
1944 4152 1957 4165 ο

383 4231 414 4282 6
439 4230 495 4282 δὲ
524 4229 584 4282 τὸ
613 4228 670 4281 ἓν
698 4227 965 4282 ἀνάπαλιν
990 4225 1213 4298 διαιρῶν
1239 4226 1321 4289 εἰς
1349 4224 1462 4289 δύο,
1489 4225 1683 4297 ἐχθρὸς
1707 4226 1963 4299 δημιουρ-

384 4320 509 4389 γίας
563 4318 721 4384 Θεοῦ,
778 4319 871 4373 καὶ
922 4319 1177 4391 προνοίας
1225 4317 1327 4388 τῆς
1380 4317 1588 4371 ἐκείνου
1644 4316 1955 4381 ἀντίπαλος.

396 4413 667 4476 Ὡσαύτως
684 4414 712 4465 6
732 4412 976 4481 κατέχων
1002 4411 1100 4483 τὴν
1131 4409 1578 4482 παραφθαρεῖσαν
1600 4410 1730 4481 (75),
1745 4409 1959 4479 φύσεως

2065 3309 2170 3365 hoc
2208 3309 2482 3378 relinquet
2511 3306 2674 3362 homo
2712 3314 2921 3377 patrem
2964 3320 3127 3361 suum
3182 3320 3246 3359 ac
3294 3312 3555 3370 matrem,
3586 3315 3642 3362 et

2064 3400 2358 3456 adhaarebit
2429 3398 2589 3454 uxori
2637 3411 2789 3466 suae;
2870 3406 2923 3454 et
2975 3404 3138 3452 erunt
3197 3397 3307 3451 duo
3359 3396 3413 3451 in
3470 3412 3640 3454 carne

2067 3508 2174 3548 una
2227 3492 2325 3546 ⁵⁸³.»
2383 3490 2502 3549 Non
2527 3505 2679 3562 ergo,
2706 3499 2832 3560 post
2868 3488 3088 3560 nuptias
3131 3489 3292 3543 liceat
3333 3486 3532 3558 ejicere
3559 3490 3640 3545 in-

2064 3585 2358 3654 culpatam.
2396 3602 2414 3634 ι
2443 3580 2737 3639 Custodies
2761 3581 2929 3645 enim,
2957 3581 3155 3653 inquit,
3182 3580 3435 3650 Spiritum
3460 3587 3635 3647 tuum;

2062 3684 2117 3729 et
2152 3688 2377 3728 uxorem
2415 3672 2798 3728 adolescentiae
2826 3680 2932 3726 tua!
2972 3688 3039 3727 ne
3064 3671 3441 3742 derelinquas;
3499 3687 3638 3741 quo-

2064 3768 2208 3820 niam
2242 3764 2357 3820 hare
2402 3764 2678 3835 particeps
2720 3770 2827 3819 tua:
2856 3763 3001 3830 vitaz,
3052 3771 3108 3819 et
3139 3763 3383 3833 reliquiae
3410 3762 3637 3833 spiritus

2062 3858 2170 3924 tui;
2196 3865 2250 3911 et
2278 3870 2379 3927 ego
2401 3855 2526 3918 feci,
2551 3863 2605 3909 et
2634 3870 2742 3910 non
2774 3856 2913 3910 alius
2945 3854 3043 3907 ³⁵.»
3080 3852 3216 3907 Nam
3258 3852 3523 3908 Dominus
3552 3855 3639 3908 di-

2061 3951 2174 4004 cit:
2234 3966 2254 4002 ι
2284 3948 2415 4015 Quae
2460 3947 2604 4002 Deus
2648 3946 2854 4016 junxit,
2904 3944 3070 3999 homo
3124 3962 3234 3999 non
3286 3955 3502 4015 separet
3532 3946 3631 4001 ⁸⁸.»

2063 4041 2213 4097 Uxor
2234 4040 2457 4112 quippe,
2488 4054 2718 4094 consors
2744 4045 2827 4093 est
2865 4037 3009 4100 vitae,
3046 4053 3113 4090 ex
3140 4035 3354 4091 duobus
3384 4037 3440 4090 in
3466 4050 3633 4090 unum

2060 4149 2262 4204 corpus
2284 4148 2315 4186 a
2348 4132 2457 4186 Deo
2487 4132 2722 4186 adunata
2748 4148 2762 4184 :
2790 4130 2885 4200 qui
2937 4136 3118 4183 autem
3153 4144 3319 4182 unum
3353 4143 3545 4182 rursus
3577 4126 3634 4181 in

2062 4226 2173 4280 duo
2198 4224 2428 4287 dirimit,
2468 4221 2644 4278 hostis
2698 4231 2783 4278 est
2831 4221 3128 4276 creationis
3157 4218 3274 4283 Dei,
3332 4228 3386 4275 et
3436 4217 3634 4276 divinas

2059 4315 2413 4388 providentiae
2441 4312 2808 4377 adversarius.
2868 4309 3129 4364 Similiter
3174 4309 3269 4379 qui
3315 4313 3630 4377 corruptam

2060 4406 2280 4469 retinet,
2312 4411 2520 4459 naturae
2547 4403 2719 4472 legem
2771 4400 2973 4466 violat;
3018 4396 3455 4468 quandoquidem
3484 4413 3504 4447 ι
3534 4395 3630 4465 qui

385 4505 583 4577 θεσμοῦ
611 4506 925 4579 παράνομος
956 4502 1069 4575 (74)
1091 4520 1104 4534 ο
1164 4502 1392 4573 ἐπείπερ
1449 4521 1468 4554 ι
1502 4503 1531 4553 6
1559 4501 1804 4572 κατέχων
1833 4519 1954 4573 μοι-

2061 4498 2256 4552 retinet
2286 4495 2605 4549 adulteram.
2632 4490 2833 4545 stultus
2853 4495 2938 4543 est
2978 4496 3032 4542 et
3058 4487 3257 4552 impius
3276 4486 3338 4540 “.
3358 4484 3630 4538 Abscinde

456 4643 500 4673 ¹⁶
533 4642 720 4697 Matth.
744 4655 840 4705 vtt,
877 4638 1012 4693 15."
1042 4636 1228 4691 Matth.
1264 4653 1412 4700 xxiv,
1445 4636 1534 4690 24.
1628 4637 1671 4668 ¹⁸
1704 4635 1893 4690 Matth.
1931 4652 1960 4689 ιι

2066 4677 2079 4689 .
2158 4631 2204 4705 ’ᾗ
2229 4632 2450 4705 Act.__l,
2499 4626 2590 4681 26.
2668 4626 2735 4705 ης
2762 4625 2833 4705 al.
2867 4625 2962 4677 σὺν
2987 4624 3174 4705 infixi."
3197 4619 3275 4705 ’ξι
3309 4619 3622 4705 Τίιιιίίιη

386 4712 427 4743 ¹¹
478 4712 596 4768 Act.
647 4711 842 4777 Ix,15.
948 4707 997 4777 ’ξ
1021 4705 1431 4777 Prov.xtx,l4.

384 4783 428 4814 ¹⁶
456 4783 642 4838 Matth.
676 4775 787 4841 xix.
819 4780 873 4832 6.
952 4775 1001 4809 “
1024 4775 1185 4835 Prov.
1218 4792 1375 4841 xvm,
1414 4776 1504 4830 22.

1509 4708 1553 4737 ’³
1586 4705 1775 4761 Matth.
1800 4721 1912 4771 xtx,
1947 4705 2001 4759 ι.

2141 4703 2209 4735 ’³⁸
2251 4700 2322 4755 al.
2363 4697 2555 4768 λῆμμα
2587 4711 2686 4767 pro
2712 4694 2937 4767 λεῖμμα.
3009 4690 3095 4723 ’⁷³⁵
3125 4690 3250 4746 Mal.
3289 4707 3349 4757 ιι,
3400 4690 3491 4755 15,
3535 4690 3621 4744 14.

1727 4924 2091 4983 VARIORUM
2126 4923 2362 4981 ΝΟΤᾸΞ.

452 5050 561 5114 (68)
604 5050 721 5121 Τὴν
748 5061 1006 5115 καθόλου
1038 5045 1394 5121 ἐπισκοπήτ.
1427 5044 1494 5121 In
1507 5045 1943 5121 liturgiris,etiam

375 5111 677 5178 Clementis
700 5111 1069 5193 ἱιιιίτιξπάσης
1092 5111 1420 5193 ἐπισκοπῆς.
1452 5111 1594 5179 Quia
1619 5111 1949 5193 episcopatus

380 5210 516 5248 unus
577 5202 654 5247 est
714 5186 865 5262 atque
908 5186 1198 5256 indiuisus,
1247 5191 1608 5260 episcoporum
1661 5186 1952 5262 multorum

381 5264 627 5318 concordi
658 5258 1027 5316 numerositate
1049 5258 1284 5330 cii/fusus
1312 5271 1360 5313 et
1397 5274 1557 5312 unum
1596 5271 1690 5325 per
1718 5258 1950 5312 diversos

383 5336 650 5388 antistites
676 5332 1052 5385 sacerdotium.
1078 5332 1248 5385 CLen.

455 5403 562 5475 (69)
604 5402 704 5453 Διὰ
731 5399 858 5475 τοῦ,
889 5410 991 5452 etc.
1016 5400 1110 5475 §ic
1140 5399 1283 5468 loqui
1309 5399 1553 5475 solebant
1584 5394 1794 5475 Ariani,
1814 5409 1936 5475 eum

378 5464 622 5531 dicerent
658 5487 715 5525 se
743 5470 969 5523 adorare
1016 5464 1250 5530 Patroni,
1310 5485 1403 5538 per
1455 5466 1731 5538 Filinm_et
1764 5464 1934 5538 Spiri-

377 5554 492 5600 tum
525 5548 774 5597 sanctum
797 5580 810 5601 ,
843 5547 901 5589 ιιι
929 5538 1095 5591 veluti
1120 5536 1407 5592 manerent
1431 5554 1534 5590 nun
1568 5536 1757 5589 eodem
1781 5536 1932 5589 cultu

377 5631 503 5672 cum
533 5613 691 5667 Patre
714 5611 819 5663 coli
853 5605 1046 5660 Filium
1096 5618 1149 5660 et
1188 5608 1280 5676 Sp.
1322 5606 1376 5663 S.
1406 5607 1661 5676 Ideoque,
1721 5614 1778 5659 ut
1831 5606 1934 5676 hoc

375 5685 635 5743 librarius
652 5681 985 5737 emendaret.
1001 5676 1217 5745 scripsit
1232 5674 1285 5730 in
1308 5680 1475 5732 altero
1490 5674 1759 5730 cod.Vind
1771 5695 1806 5729 .:
1824 5675 1935 5729 Kal.

373 5758 463 5811 τὸν
500 5754 702 5824 Κύριον
742 5748 946 5824 Ἰησοῦν
988 5744 1218 5824 Χριστὸν
1255 5748 1346 5824 καὶ
1387 5744 1933 5824 τὸιπανάγιονῌνεῦ-

379 5844 473 5897 μα.
500 5815 707 5897 Vereor
732 5815 1137 5897 pe'orthodeiI,
1164 5817 1343 5869 studio
1370 5816 1721 5897 ot-tliodoxiif,
1749 5817 1802 5869 in
1837 5830 1934 5871 an-

378 5883 703 5969 iiquissimis
729 5889 985 5959 Patribus
1010 5886 1178 5940 multa
1206 5886 1635 5965 emendaret-int.
1655 5883 1824 5963 ῼιειι.

2120 5042 2231 5113 (70)
2275 5044 2404 5113 Ὅτι
2427 5039 2580 5113 αὑτὴ
2608 5037 2912 5113 κοινωνός.
2930 5032 3071 5113 llaec
3094 5040 3146 5113 et
3175 5048 3325 5103 seqq.
3362 5032 3619 5100 usquead

2047 5100 2239 5178 ἆλίλοξ-
2260 5112 2458 5166 desunt
2490 5112 2543 5164 in
2566 5100 2898 5178 ‘alterocod.
2930 5100 3201 5178 Vind._ln.

2143 5169 2232 5245 7i)
2276 5180 2574 5245 Ἔζευξεν.
2605 5173 2949 5241 Συνέζευξεν,
2979 5175 3034 5228 in
3066 5174 3238 5245 altero
3262 5169 3474 5245 cod_.lu.

2121 5185 2201 5253 (7i
2276 5185 2574 5245 Ἔζευξεν.
2605 5185 2949 5241 Συνέςευςεν,
2979 5190 3034 5250 ιιι
3066 5185 3238 5253 ιιιιειο
3262 5185 3474 5250 (δουπιυ.

2111 5185 2452 5377 ἓῚΞᾸΠαρά.
2508 5249 2661 5310 Ὑπό,
2715 5246 2932 5308 melius,
2976 5252 3033 5298 ut
3064 5243 3315 5307 Videtur,
3362 5256 3414 5294 ιιι
3446 5241 3619 5295 altero

2042 5339 2163 5378 COG.
2198 5339 2272 5377 ID.

2136 5394 2222 5461 75)
2252 5388 2765 5461 Παραφθαρεῒσαιί.
2809 5384 2962 5461 Alter
2995 5383 3165 5439 codex
3196 5380 3503 5461 μοιχαλίδα.
3534 5382 3616 5437 lo.

2136 5394 2202 5447 75
2252 5393 2765 5460 Παραφθαρεῖσαν.
2809 5393 2962 5439 Alter
2995 5393 3165 5439 codex
3195 5393 3503 5507 gemant“.
3535 5393 3610 5437 In.

2109 5393 2222 5534 (74;
2259 5464 2500 5534 Φύσεως
2529 5456 2752 5534 θεσμρῦ
2793 5452 3185 5534 παρανομρς..
3238 5454 3499 5534 ιιιιγιιιιιιιξ
3525 5468 3610 5534 Ira:

2039 5521 2148 5599 tio‘;
2198 5521 2342 5604 quod
2360 5521 2623 5604 adultera
2634 5521 2713 5582 'sit
2734 5521 2903 5604 etiam
2921 5521 3248 5604 insidiatrix,
3271 5531 3412 5604 etut
3436 5521 3615 5604 aiebat

2039 5592 2148 5667 ille,
2202 5592 2461 5658 venefica.
2511 5598 2664 5653 Addo
2712 5611 2779 5650 ex
2837 5594 3076 5667 Isidoro
3115 5592 3388 5667 Pelusiota
3444 5592 3609 5667 epist.

2041 5662 2249 5735 76,'|ib.
2310 5688 2372 5725 ιιι
2399 5691 2410 5725 :
2466 5670 2530 5723 Ἠ
2564 5666 2775 5739 μοιχεία
2827 5665 3003 5739 πάντα
3033 5665 3123 5739 τδν
3155 5663 3290 5739 βίον.
3318 5662 3610 5739 ἀνατρέπει

2041 5679 2129 5735 76,
2157 5679 2249 5728 lib.
2310 5688 2410 5725 ut:
2467 5679 2530 5723 Ἠ
2564 5679 2775 5739 μοιχεια
2827 5679 3003 5718 πάντα
3033 5679 3123 5718 τον
3155 5679 3266 5733 ριον
3318 5679 3610 5785 ανατρεπει

2039 5746 2130 5815 τὸν
2156 5743 2511 5815 ἀνθρῴπινον.
2546 5737 3027 5815 Creterasnperius
3042 5734 3219 5809 (Patr.
3249 5731 3344 5789 Gr.
3382 5738 3423 5787 t.
3476 5731 3514 5803 I)
3543 5728 3615 5786 ad

2042 5808 2453 5893 Hermee'Mand.
2498 5828 2570 5879 ιν,
2606 5822 2727 5881 cap.
2754 5808 2805 5863 l.
2835 5808 2973 5864 Cor.
