4044 6254
448 386 556 448 θιτ

1335 388 1390 445 S.
1428 386 1821 447 CLEMENTIS
1854 393 1874 446 ι
1909 390 2074 449 [{OM.
2110 388 2314 448 ΡΟΝΤ.
2357 391 2583 446 OPERA
2619 390 2843 448 DUBIA.

3585 399 3689 458 948

446 512 590 566 enim
629 524 770 572 eam,
800 506 993 577 inquit,
1039 524 1071 561 a
1124 511 1387 567 carnibus
1419 512 1528 567 tuis
1557 513 1657 568 ⁸⁷.»
1699 512 1834 566 Nam
1858 511 1998 580 adju-

2118 510 2328 580 χαλίδα,
2374 512 2562 583 ἄφρων
2616 513 2709 565 καὶ
2764 514 2983 585 ἀσεϐής.
3052 514 3315 585 Ἀπότεμε
3371 529 3481 586 γαρ
3507 517 3698 588 αὐτὴν,

446 603 557 657 trix
585 618 693 656 non
723 610 828 664 est,
870 602 963 657 sed
994 602 1328 668 insidiatrix,
1360 623 1481 677 quae
1506 614 1741 662 mentem
1766 607 1832 660 ad
1851 607 2018 660 alium

2125 603 2308 672 φησὶν,
2341 597 2449 655 ἀπὸ
2478 602 2587 655 τῶν
2617 602 2731 677 (15)
2761 605 2981 676 σαρκῶν
3018 622 3129 658 σου.
3147 625 3165 658 ›
3199 607 3273 659 Ού
3302 606 3410 677 γάρ
3433 608 3546 659 ἐστι
3574 606 3701 677 βοηο·

447 694 753 750 declinarit.
786 693 1169 765 Signilicamus
1204 697 1368 751 etiam
1384 714 1605 753 carnem
1630 715 1739 753 non
1770 708 1998 769 oportere

2122 692 2232 757 θος,
2280 693 2394 746 ἀλλ’
2453 693 2756 759 ἐπίϐουλος,
2817 696 2956 767 πρὸς
3012 697 3169 751 ἀλλον
3226 698 3567 751 ἀποκλίνασα
3600 698 3698 770 τὴν

444 785 783 846 circumcidi,
821 785 915 839 sed
961 784 1213 842 ﬁdelibus
1241 788 1492 845 Suliicere
1542 791 2019 845 circumcisionem

442 878 626 931 cordis
658 877 710 930 in
750 877 947 945 spiritu
979 878 1045 933 ³⁸.
1086 878 1586 935 (Οἰτουιιιοὶἀίιηίιιί
1617 881 1784 944 enim,
1818 880 2016 950 inquit,

443 965 554 1021 Deo
583 973 764 1021 vestro
786 1005 799 1028 ,
829 974 882 1019 et
912 964 1292 1023 circumcidite
1332 970 1661 1039 praeputium
1710 968 1895 1024 cordis
1924 983 2018 1022 ve-

442 1058 542 1113 stri
566 1058 628 1111 ".
647 1079 665 1108 ι

1021 1233 1249 1293 (ΙΑΡΗΤ
1290 1237 1404 1294 XV.

438 1327 590 1394 Quod
622 1344 709 1380 nec
738 1340 971 1399 oporteat
1016 1330 1374 1397 rebaptizare;
1411 1346 1500 1386 nec
1536 1331 1760 1398 recipere
1810 1326 2013 1399 baptis-

508 1412 648 1470 mum
691 1398 755 1449 ab
791 1396 969 1467 impiis
1012 1396 1300 1462 coiltitum,
1335 1404 1423 1469 qui
1468 1396 1674 1455 nonest
1719 1396 2011 1470 baptiSntus

506 1485 595 1521 seu
620 1469 836 1531 lavatio,
872 1471 959 1523 sed
990 1472 1463 1541 inquinamentum.

505 1560 693 1613 Itidem
747 1570 1036 1617 contentos
1065 1579 1187 1617 esse
1209 1563 1406 1618 debere
1432 1580 1540 1618 uno
1567 1565 1839 1634 baptismo
1869 1565 2006 1629 solo,

432 1652 488 1705 in
535 1662 763 1707 mortem
818 1652 1027 1706 Domini
1055 1654 1287 1709 traditos
1320 1656 1402 1720 '°,
1449 1671 1558 1711 non
1603 1656 1697 1708 illo
1725 1670 1887 1723 quem
1931 1655 2012 1709 in-

431 1748 598 1801 fausti
644 1747 917 1811 lieeretici,
962 1748 1056 1801 sed
1088 1764 1248 1817 quem
1286 1748 1650 1819 irrepreliensi
1695 1748 2008 1804 sacerdotes

2117 786 2374 839 διάνοιαν.
2433 787 2587 857 Μήτε
2619 786 2677 839 δὲ
2731 788 3151 858 περιτέμνεσθαι
3206 788 3306 862 τὴν
3362 790 3561 862 σάρκα,
3593 791 3697 863 ἀρ-

2118 877 2327 932 κεῖσθαι
2375 877 2430 931 δὲ
2459 880 2670 942 πιστοῖς
2724 878 2823 949 τὴν
2878 874 2980 949 τῆς
3015 880 3240 953 καρδίας
3290 882 3590 954 περιτομὴν
3637 884 3699 938 ὲν

2117 969 2410 1040 πνεύματι.
2441 989 2459 1020 ι
2495 969 2875 1042 Περιτμηθητε
2896 969 3026 1042 γὰρ,
3074 971 3227 1041 φησὶ,
3257 972 3335 1042 τῷ
3364 972 3482 1044 Θεῷ
3519 974 3695 1044 ὑμῶν,

2116 1061 2210 1113 καὶ
2263 1060 2653 1133 περιτέμνεσθε
2725 1060 2825 1132 τὴν
2877 1059 3245 1134 ἀκροϐυστίαν
3306 1060 3407 1133 τῆς
3469 1061 3697 1137 καρδίας

2117 1171 2287 1223 υμων.
2311 1175 2329 1204 ι

2628 1245 3027 1298 ΚΕΦΑΛΑΙΟΝ
3067 1245 3167 1297 ιΕσ-

2115 1336 2241 1390 Ὅτι
2269 1338 2405 1390 οὔτε
2432 1334 2845 1407 ἁναϐαπτζζειν
2875 1335 3012 1407 χρὴ,
3048 1337 3185 1407 οὔτε
3210 1336 3338 1405 μὴν
3364 1338 3693 1407 παραδέχε-

2181 1410 2320 1460 σθαι
2361 1407 2425 1460 τὸ
2456 1416 2615 1473 παρα
2654 1405 2774 1459 τῶν
2812 1405 3049 1459 ἀσεϐῶν
3073 1406 3389 1476 βάπτισμα
3416 1405 3626 1474 δοθὲν,
3657 1409 3692 1465 ὃ

2180 1479 2291 1531 οὐκ
2323 1477 2457 1531 ἐστι
2479 1476 2817 1545 βάπτισμα,
2848 1476 3009 1529 ἀλλὰ
3030 1478 3338 1545 μόλυσμα.

2110 1574 2136 1589 ⁸
2193 1568 2423 1638 Ὁμοίως
2459 1569 2553 1621 καὶ
2600 1567 2934 1639 βαπτίσματι
2963 1568 3044 1621 ἐνὶ
3088 1568 3374 1639 ἀρκεῖσθαι
3409 1569 3582 1640 μόνῳ,
3612 1571 3692 1644 τῷ

2108 1658 2189 1725 είς
2230 1661 2321 1714 τὸν
2361 1659 2457 1713 τοῦ
2502 1659 2703 1730 Κυρίου
2736 1659 2962 1713 θάνατον
3007 1658 3295 1731 δεδομένων
3344 1661 3405 1713 ού
3433 1660 3511 1731 τῷ
3540 1664 3693 1734 παρὰ

2108 1753 2216 1808 τῶν
2244 1752 2451 1807 δυσωνύ
2461 1770 2574 1823 μων
2603 1750 2913 1822 αἱρετικῶν,
2934 1752 3068 1805 ἀλλά
3096 1752 3174 1824 τῷ
3205 1752 3354 1824 παρά
3372 1753 3479 1807 τῶν
3508 1756 3691 1826 ἀμέμ-

431 1840 725 1894 conferunt
776 1841 829 1893 in
880 1842 1099 1895 nomine
1146 1840 1327 1900 Patris
1378 1849 1433 1895 et
1482 1839 1607 1895 Filii
1662 1849 1716 1895 et
1770 1839 1998 1911 Spiritus

2111 1861 2260 1899 πτων
2293 1845 2480 1915 ἱερέων
2515 1843 2783 1914 δεδομένῳ
2827 1846 2906 1907 είς
2933 1845 2993 1897 τὸ
3037 1844 3209 1915 ὄνομα
3238 1845 3331 1897 τοῦ
3360 1846 3570 1918 Πατρδς
3597 1848 3693 1900 καὶ

431 1937 628 1987 sancti.
660 1932 841 2001 Neque
870 1933 1054 2001 igitur,
1088 1934 1156 1987 ab
1187 1934 1369 2002 impiis
1398 1933 1593 1991 datus.
1622 1933 1774 1987 vobis
1812 1934 2005 2002 probe-

428 2031 552 2088 tur;
588 2040 761 2093 neque
786 2041 814 2076 ει
848 2025 1054 2078 sanctis
1085 2040 1413 2085 concessus,
1448 2040 1542 2093 per
1577 2024 1874 2079 secundum
1906 2026 2003 2078 ba-

428 2118 689 2186 ptismum
727 2116 1051 2170 infiriuetur.
1102 2117 1256 2169 Sicut
1297 2119 1441 2170 enim
1474 2133 1615 2171 unus
1646 2116 1787 2171 Deus
1816 2125 1901 2170 est
1923 2117 1965 2147 ⁸¹
1986 2156 2001 2180 ,

429 2226 574 2265 unus
605 2209 896 2271 Christus,
946 2218 999 2263 et
1054 2224 1194 2263 unus
1249 2208 1591 2268 Paracletus.
1639 2222 1745 2261 una
1790 2222 2007 2276 quoque

427 2320 578 2358 mors
609 2302 822 2358 Domini
857 2302 912 2355 in
942 2317 1205 2370 corpore;
1241 2302 1314 2354 ita
1342 2308 1396 2355 et
1430 2315 1597 2354 unum
1632 2300 1701 2355 sit
1732 2300 2004 2369 baptisma

428 2397 484 2449 in
516 2412 635 2451 eam
674 2401 904 2451 mortem
943 2394 1150 2448 datum.
1196 2394 1300 2459 Qui
1341 2401 1523 2447 autem
1569 2393 1638 2448 ab
1681 2393 1865 2463 impiis
1897 2392 2005 2447 illis

428 2487 905 2559 inquinamentum
937 2486 1232 2555 accipiunt,
1250 2486 1544 2555 participes
1567 2500 1753 2539 eorum
1780 2487 2007 2540 damna-

425 2580 599 2635 tionis
640 2579 791 2633 fient.
838 2578 917 2632 illi
957 2579 1101 2631 enim
1155 2594 1261 2631 non
1313 2586 1442 2633 sunt
1484 2578 1816 2633 sacerdotes.
1868 2577 2006 2633 Dicit

426 2674 628 2743 quippe
653 2671 910 2725 Dominus
940 2669 1006 2723 ad
1029 2685 1124 2725 eos
1152 2690 1164 2723 :
1200 2689 1215 2719 ι
1248 2669 1514 2735 Quoniam
1546 2679 1599 2723 et
1627 2677 1683 2721 tu
1720 2670 2003 2724 scientiam

424 2766 694 2836 repulisti,
729 2765 988 2833 repellam
1020 2773 1074 2818 et
1094 2780 1193 2833 ego
1222 2772 1296 2824 te,
1331 2780 1399 2818 ne
1422 2763 1726 2819 sacerdotio
1756 2761 2005 2832 fungaris

423 2859 559 2912 mihi
577 2860 643 2912 ³⁸.
672 2879 689 2908 ι
718 2856 828 2910 Nec
863 2872 991 2910 vero
1014 2857 1106 2925 qui
1140 2857 1206 2909 ab
1238 2856 1305 2909 iis
1338 2855 1599 2924 baptizati
1622 2864 1770 2918 sunt,
1804 2854 2001 2908 initiati

422 2956 668 3018 fuerunt,
712 2950 804 3005 sed
843 2947 971 3005 sunt
1006 2949 1312 3018 inquinati,
1359 2948 1741 3017 accipiuntque
1772 2962 1877 3000 non
1920 2962 2005 3000 re-

424 3045 742 3099 missionem
799 3050 1181 3111 peccatorum,
1235 3041 1327 3093 sed
1360 3040 1634 3093 vinculum
1687 3039 2000 3107 impietatis.

422 3138 611 3207 Neque
644 3137 746 3190 hoc
780 3138 955 3190 solum
981 3174 995 3195 ,
1035 3149 1222 3186 verum
1254 3132 1417 3185 etiam
1451 3133 1541 3200 qui
1582 3132 1851 3201 baptismo
1891 3131 1999 3183 iiii-

2105 1935 2200 1989 τοῦ
2219 1935 2349 1989 Υἱοῦ
2379 1936 2470 1990 καὶ
2496 1934 2591 1987 τοῦ
2630 1935 2785 2003 ἁγίου
2821 1935 3155 2006 Πνεύματος.
3189 1937 3347 2007 Μήτε
3371 1937 3427 1989 δὲ
3450 1936 3512 1989 τὸ
3543 1936 3693 2008 παρὰ

2104 2029 2212 2082 τῶν
2240 2027 2481 2094 ἀσεϐῶν,
2510 2027 2696 2081 δεκτὸν
2725 2028 2853 2097 ὑμῖν
2898 2027 3055 2081 ἔστω
3110 2029 3247 2099 μήτε
3286 2029 3347 2081 τὸ
3393 2029 3543 2101 παρὰ
3581 2028 3691 2083 τῶν

2105 2122 2268 2174 ὁσίων
2307 2120 2628 2191 ἀκυρούσθω
2673 2119 2760 2172 διὰ
2806 2120 3079 2191 δευτέρου.
3123 2119 3209 2183 Ὠς
3238 2120 3346 2192 γὰρ
3374 2118 3454 2184 εἷς
3480 2124 3508 2174 6
3535 2120 3689 2188 Θεὸς,

2106 2209 2185 2277 εἷς
2213 2215 2241 2265 6
2270 2213 2523 2284 Χριστὸς,
2544 2213 2637 2265 καὶ
2664 2206 2745 2275 εἷς
2771 2213 2800 2264 6
2824 2212 3200 2283 Παράκλητος,
3225 2207 3304 2274 εἷς
3331 2212 3388 2265 δὲ
3416 2214 3510 2266 καὶ
3538 2215 3565 2264 6
3594 2210 3690 2265 τοῦ

2105 2305 2311 2376 Κυρίου
2341 2307 2398 2357 ὲν
2429 2303 2640 2375 σώματι
2669 2303 2914 2368 θάνατος·
2961 2304 3133 2367 οὕτως
3160 2304 3217 2357 ἓν
3246 2304 3384 2356 ἔστω
3413 2305 3506 2358 καὶ
3532 2304 3593 2358 τὸ
3612 2308 3693 2369 είς

2105 2398 2265 2451 αὑτὸν
2291 2395 2565 2465 διδόμενον
2596 2395 2895 2466 βάπτισμα.
2928 2397 2991 2449 Οἱ
3017 2395 3074 2448 δὲ
3104 2394 3254 2467 παρὰ
3302 2396 3512 2448 ἀσεϐῶν
3540 2395 3692 2465 δεχό-

2110 2506 2258 2560 μενοι
2290 2488 2558 2559 μόλυσμα,
2581 2488 2826 2540 κοινωνοὶ
2852 2487 2953 2557 τῆς
2974 2485 3196 2557 γνώμης
3226 2486 3405 2539 αὐτῶν
3436 2489 3691 2559 γενήσον-

2104 2598 2211 2634 ται.
2247 2582 2322 2633 Ού
2349 2580 2458 2650 γάρ
2487 2581 2623 2632 εἰσιν
2654 2580 2851 2631 ἐκεῖνοι
2883 2579 3046 2650 ἱερεῖς
3068 2577 3199 2649 (76).
3232 2578 3393 2645 Λέγει
3413 2577 3521 2650 γάρ
3552 2579 3689 2650 πρὸς

2105 2675 2300 2736 αὐτοὺς
2329 2674 2359 2725 6
2385 2672 2534 2735 Θεόςο
2580 2692 2598 2723 ι
2640 2672 2790 2724 Ἐπεὶ
2814 2672 2907 2724 καὶ
2932 2672 2995 2723 σὺ
3028 2669 3232 2722 ἀπώσω
3264 2670 3463 2739 γνῶσιν
3484 2710 3498 2734 ,
3536 2670 3685 2723 άπώιο

2107 2765 2270 2836 σομαί
2314 2782 2373 2817 σε
2423 2763 2578 2833 κάγὼ
2626 2763 2721 2816 τοῦ
2756 2762 3052 2834 ἱερατεύειν
3108 2779 3215 2833 μοι.
3247 2781 3265 2814 ι
3324 2761 3459 2815 Ούτε
3497 2762 3600 2833 μὴν
3634 2765 3685 2816 oi

2107 2856 2486 2928 βαπτισθέντες
2525 2856 2644 2909 ὑπ’“
2674 2855 2891 2919 αὐτῶν,
2943 2856 3283 2926 μεμύηνται,
3333 2854 3467 2907 ἀλλὰ
3513 2872 3683 2925 μεμο-

2103 2948 2358 3020 λυσμένοι
2386 2948 2749 3019 ὑπάρχουσιν,
2789 2947 2892 3000 οὐκ
2920 2949 3112 3016 ἄφεσιν
3151 2946 3443 3018 αμαρτιῶν
3468 2946 3683 3017 λαμϐά-

2104 3059 2286 3105 νοντες
2304 3081 2319 3104 ,
2362 3040 2497 3094 ἀλλά
2520 3040 2718 3110 δεσμὸν
2746 3037 3000 3101 ἀσεϐείας
3055 3039 3130 3092 Οὑ
3174 3037 3279 3108 μὴν
3306 3038 3363 3090 δὲ
3381 3079 3395 3102 ,
3427 3036 3560 3090 ἀλλὰ
3592 3038 3685 3090 καὶ

2103 3136 2228 3197 τοὺς
2249 3133 2650 3204 μεμυημένους,
2668 3132 2731 3183 ἐκ
2754 3130 3006 3202 δευτέρου
3029 3129 3310 3200 βαπτίζειν
3332 3127 3679 3200 πειρώμενοι,

420 3232 590 3284 tiatos
624 3228 863 3284 secundo
886 3228 1133 3279 nituntur
1153 3224 1456 3294 baptizare,
1478 3224 1671 3276 iterum
1705 3221 1993 3276 Dominum

2103 3225 2495 3296 ἀνασταυροῦσι
2534 3224 2626 3276 τδν
2654 3222 2858 3295 Κύριον
2881 3265 2895 3288 ,
2927 3221 3243 3294 ἀναιροῦσιν
3277 3221 3390 3292 (77)
3425 3220 3585 3273 αὑτὸν
3617 3220 3682 3271 ἐκ

422 3322 750 3390 cruciligunt
770 3320 835 3381 ³³,
868 3321 1060 3372 iterum
1094 3332 1219 3371 eum
1251 3316 1584 3370 interliciunt
1606 3355 1620 3378 ,
1654 3314 1833 3369 divina
1872 3316 1995 3369 irri-

422 3416 575 3476 dent,
607 3410 871 3466 deludunt
921 3417 1110 3462 sancta
1131 3449 1145 3470 ,
1175 3407 1506 3461 contumelia
1538 3405 1778 3461 alliciunt
1824 3403 1999 3475 Spiri-

420 3518 561 3568 tum,
613 3511 862 3558 sanetum
898 3502 1048 3554 illum
1084 3500 1405 3570 sanguinem
1436 3506 1495 3552 ut
1544 3513 1885 3553 communem
1914 3500 1997 3551 iii-

426 3601 752 3662 lionestant;
795 3594 958 3662 impie
986 3601 1154 3662 agunt
1185 3592 1237 3645 in
1271 3606 1395 3645 eum
1428 3595 1520 3660 qui
1566 3591 1742 3651 misit,
1792 3592 1845 3643 in
1874 3608 1997 3644 cuni

422 3690 514 3757 qui
546 3702 743 3758 passus
776 3692 888 3745 est.
922 3686 975 3737 in
1011 3700 1134 3738 eum
1165 3683 1258 3752 qui
1289 3682 1660 3737 testimonium
1701 3683 1993 3752 perhibuit.

418 3778 730 3846 Quinetiam
769 3777 858 3846 qui
888 3786 1104 3845 propter
1130 3781 1500 3844 contemptum
1543 3773 1777 3828 noluerit
1820 3773 1996 3842 bapti-

421 3871 557 3933 zari,
594 3876 852 3937 tanquam
882 3867 1113 3921 inﬁdelis
1136 3865 1608 3927 condemnabitur,
1642 3874 1693 3919 et
1737 3866 1993 3933 probrum

422 3964 559 4016 l'eret
594 3969 852 4030 tanquam
900 3962 1145 4028 ingratus
1188 3972 1251 4010 ac
1304 3957 1628 4026 incogitans.
1671 3954 1809 4010 Dicit
1845 3956 1991 4011 enim

421 4050 723 4107 Dominus:
755 4069 774 4101 ι
806 4048 922 4105 Nisi
971 4048 1097 4120 quis
1141 4048 1451 4118 baptizatus
1483 4047 1647 4102 fuerit
1674 4064 1739 4101 ex
1770 4064 1910 4118 aqua
1938 4056 1992 4102 et

422 4144 669 4215 Spiritu,
713 4158 822 4197 non
858 4140 1193 4213 ingredietur
1223 4141 1278 4193 in
1309 4155 1533 4209 regnum
1574 4140 1931 4206 caelorum“;
1967 4160 1986 4192 ι

419 4244 474 4290 rt
513 4248 744 4291 rursus:
790 4255 806 4286 ι
837 4235 942 4302 Qui
975 4233 1303 4294 crediderit,
1355 4241 1409 4287 et
1440 4233 1743 4302 baptizatus
1794 4236 1991 4300 fuerit,

416 4328 606 4385 salvus
650 4329 754 4384 erit
781 4343 795 4378 :
819 4330 911 4399 qui
940 4341 1065 4382 vero
1098 4341 1204 4379 non
1253 4324 1580 4389 crediderit,
1614 4327 1996 4382 condemnabi-

489 4484 532 4514 ¹⁷
565 4481 730 4537 Eccli.
763 4498 890 4544 xxv,
920 4481 1008 4535 56.
1085 4482 1129 4512 ’⁸
1154 4480 1308 4535 lioni.
1347 4496 1408 4541 ii,
1434 4482 1522 4535 29.

416 4550 465 4585 ³³
495 4551 657 4607 Hebr.
715 4569 789 4615 νι,
825 4552 877 4606 6.
955 4550 1003 4582 “
1037 4549 1196 4605 Joan.
1247 4565 1331 4615 ιιι,
1362 4551 1417 4604 5.

1630 4482 1673 4513 ¹⁹
1706 4481 1818 4536 Jer.
1853 4496 1926 4545 iv,
1961 4482 2014 4536 4.

2097 3318 2379 3389 δευτέρου,
2430 3315 2726 3386 γελῶσιτά
2774 3315 2923 3379 θεῖα,
2977 3313 3368 3385 μυκτηρίζουσι
3411 3311 3480 3364 τά
3526 3312 3679 3379 ἆγια,

2099 3411 2165 3464 ύϐ
2178 3410 2384 3483 ρίςουσι
2413 3410 2478 3462 τὸ
2506 3408 2729 3479 Πνεῦμα
2755 3405 2889 3477 (78),
2927 3407 2989 3458 τὸ
3015 3400 3153 3475 αἷμα
3178 3406 3239 3457 τὸ
3266 3404 3419 3471 ἅγιον
3450 3403 3525 3465 ὼς
3562 3420 3679 3455 κοι-

2099 3501 2188 3553 νὸν
2218 3499 2597 3571 ἀτιμάζουσιν,
2625 3498 2915 3553 ἀσεϐοῦσιν
2935 3499 3014 3561 εἰς
3043 3499 3134 3550 τὸν
3158 3495 3574 3557 ἀποστείλαντα,
3600 3496 3680 3558 εἰς

2099 3591 2191 3644 τὸν
2217 3592 2486 3655 παθόντα,
2526 3593 2605 3654 εἰς
2630 3590 2721 3643 τὸν
2757 3591 3199 3662 μαρτυρήσαντα·
3251 3586 3386 3641 άλλά
3434 3588 3527 3639 καὶ
3558 3587 3586 3638 6
3614 3589 3679 3641 ὲκ

2102 3685 2559 3755 καταφρονήσεως
2588 3682 2699 3754 (79)
2733 3681 2806 3753 μὴ
2837 3680 3159 3751 βουλόμενος
3194 3678 3574 3749 βαπτισθῆναι,
3600 3678 3677 3740 ὼς

2100 3776 2324 3838 ἄπιστος
2350 3774 2829 3846 κατακριθήσεται,
2865 3773 2959 3826 καὶ
2988 3771 3411 3843 ὀνειδισθήσεται
3440 3771 3514 3833 ὡς
3542 3770 3676 3840 ἀχά-

2102 3884 2283 3937 ριστος
2323 3867 2417 3919 καὶ
2473 3865 2761 3936 ἀγνώμων·
2808 3866 2956 3933 λέγει
3001 3864 3109 3935 γὰρ
3151 3864 3179 3916 ὁ
3222 3863 3443 3934 Κύριος·
3490 3882 3508 3914 ι
3550 3862 3674 3915 Ἐὰν

2104 3963 2176 4032 μή
2202 3977 2284 4022 τις
2300 3959 2567 4030 βαπτισθῇ
2597 3957 2706 4028 (80)
2730 3957 2789 4022 ἐξ
2818 3956 3007 4019 ὕδατος
3034 3956 3128 4009 καὶ
3149 3954 3486 4025 Πνεύματος,
3514 3952 3575 4005 ού
3600 3952 3674 4024 μὴ

2098 4050 2312 4125 είσέλθῃ
2339 4054 2417 4114 είς
2442 4050 2539 4121 τὴν
2570 4049 2844 4120 βασιλείαν
2862 4048 2971 4101 τῶν
2997 4048 3261 4120 οὐρανῶν.
3290 4068 3308 4101 ›
3343 4047 3452 4099 Καὶ¹
3490 4045 3668 4099 πάλιν·

2105 4164 2122 4195 ι
2160 4144 2217 4197 Ὀ
2260 4142 2589 4206 πιστεύσας,
2636 4142 2731 4196 καὶ
2777 4140 3122 4211 βαπτισθεὶς,
3156 4140 3457 4211 σωθήσεται
3482 4154 3496 4168 °
3546 4139 3575 4190 6
3617 4136 3674 4190 δὲ

2099 4236 2424 4305 ἀπιστήσας,
2440 4233 2923 4305 κατακριθήσεται.
2940 4254 2957 4285 i
2979 4235 3034 4287 '0
3051 4234 3107 4286 δὲ
3134 4233 3329 4303 λέγων,
3360 4234 3439 4286 ὅτι
3461 4252 3478 4283 ι
3507 4235 3670 4287 Ὅταν

2096 4327 2350 4390 τελευτῶ,
2381 4324 2709 4397 βαπτίζομαι
2741 4326 2873 4398 (81),
2894 4328 2982 4380 ῖνα
3016 4326 3090 4398 μὴ
3113 4328 3431 4398 άμαρτήσω,
3460 4324 3553 4378 καὶ
3582 4327 3674 4395 ρυ·

2144 4484 2187 4513 ³⁰
2219 4482 2377 4537 lieni.
2413 4497 2485 4546 Vl,
2536 4483 2589 4536 4.
2690 4483 2732 4514 ³⁸
2768 4482 2964 4553 Ephcs.
3005 4497 3088 4547 iv,
3124 4482 3177 4537 5.
3275 4482 3317 4513 ³¹
3346 4479 3473 4537 Ose.
3510 4497 3581 4544 Iv,
3610 4480 3667 4541 6.

1694 4701 2058 4758 VARIORUM
2093 4703 2326 4759 NOT/E.

488 4819 598 4893 (76‘)
652 4819 790 4871 Ἀπὸ
819 4816 981 4893 τῶνη
1008 4818 1148 4872 Ante
1181 4817 1295 4871 haec
1345 4817 1509 4870 habet
1562 4818 1700 4870 alter
1738 4817 1862 4893 cod.
1890 4820 1989 4889 τὴν

2103 4828 2282 4893 postea
2331 4820 2584 4893 ἀντὶ-τοῦ
2632 4822 3032 4893 ἅγιον-Ιεείιυ-ι·
3075 4822 3276 4893 τίμιον.
3326 4822 3458 4889 Quae
3506 4823 3667 4878 lectio

412 4888 671 4961 καρδίαν,
690 4905 865 4961 reseca
897 4891 1037 4942 enim
1065 4904 1201 4961 eam,
1226 4903 1343 4961 quq:
1360 4896 1437 4941 est
1457 4903 1547 4940 cor
1568 4888 1768 4959 (tuum)
1800 4906 1832 4941 a
1862 4888 1984 4942 car—

414 4956 724 5037 nilitts‘tuis.
761 4957 868 5037 Nec
906 4974 1039 5037 sane
1067 4958 1269 5037 inepte.
1296 4956 1395 5037 (ξι.

485 5030 597 5100 (76)
641 5031 722 5081 Οὐ
746 5027 859 5097 γάρ
891 5031 1050 5082 εἰσιν
1073 5026 1288 5100 ἐκεῖνοι
1317 5026 1508 5100 ἱερεῖς.
1558 5026 1621 5100 Et
1649 5042 1774 5081 can.
1802 5037 1981 5100 apost.

412 5097 503 5155 47.
533 5097 765 5155 Basilius
788 5139 801 5156 .
853 5114 978 5152 can.
1013 5100 1034 5151 1
1075 5113 1087 5149 :
1121 5097 1285 5168 0i6é
1327 5097 1760 5168 ἀπορραγέντες,
1807 5098 1987 5150 λα’ίκοὶ

409 5169 710 5240 γενόμενοι,
745 5168 883 5240 οὔτε
909 5168 1002 5221 τοῦ
1033 5166 1330 5240 βαπτίζειν,
1359 5165 1487 5219 οὔτε
1524 5166 1617 5240 τοῦ
1664 5168 1986 5237 χειροτονεῖν

409 5236 565 5311 eixmi
582 5240 679 5310 τὴν
707 5238 984 5311 ἐξουσίαν,
1014 5236 1067 5294 et
1097 5238 1304 5311 reliqua
1329 5277 1343 5298 ,
1372 5252 1493 5311 quae
1531 5237 1673 5311 lege,
1708 5236 1768 5311 ut
1799 5246 1979 5311 etno-

409 5308 522 5364 tata
558 5308 647 5364 hic
677 5326 862 5379 supra.
893 5308 1287 5379 Praetermitto,
1334 5324 1400 5361 ne
1442 5308 1653 5376 longior
1694 5308 1832 5371 sini,
1861 5310 1979 5362 loca

409 5382 581 5435 multa
624 5378 903 5441 veterum,
955 5382 1009 5433 in
1045 5378 1243 5450 quibus
1294 5388 1387 5431 aut
1430 5379 1754 5448 generaliter
1805 5379 1981 5449 bapti-

409 5467 565 5506 snius
598 5452 974 5505 luci-elicorum
1020 5451 1391 5519 impugnatur,
1424 5458 1519 5519 aut
1546 5450 1610 5501 de
1635 5465 1700 5502 eo
1732 5450 1876 5502 velut
1914 5450 1981 5501 de

409 5536 469 5577 re
501 5520 878 5575 tantummodo
907 5517 1211 5590 disciplinae
1250 5519 1444 5587 agitur.
1480 5517 1642 5572 Pauci
1674 5520 1874 5588 quippe
1915 5519 1982 5570 ad

411 5595 520 5645 ima
557 5592 839 5660 profundae
867 5591 1185 5660 quaestionis
1230 5598 1615 5660 penetrarunt,
1669 5591 1813 5659 quod
1848 5591 1984 5643 mira

412 5659 633 5717 s'olertia
665 5662 790 5715 fecit
818 5659 1259 5731 BIAugustinus.
1291 5659 1426 5713 Cor.

485 5732 595 5800 (77)
649 5729 1040 5798 ’Araapoﬁmi‘.
1090 5732 1146 5784 In
1173 5729 1345 5782 altero
1373 5729 1496 5783 cod.
1532 5731 1831 5800 prtciigitur
1871 5730 1980 5783 καί.

412 5802 508 5859 ει..

482 5872 593 5943 (78)
638 5867 1001 5942 Τὸᾙνεῦμα.
1053 5869 1110 5923 in
1136 5870 1325 5924 eodem
1372 5869 1589 5924 additur
1639 5869 1697 5923 τὸ
1726 5869 1898 5935 ἅγιον,
1937 5879 1990 5924 et

2092 4891 2430 4961 praeferenda
2462 4890 2702 4960 Vulgata:
2731 4890 2963 4947 videtur.
2991 4890 3066 4946 In.

2158 4960 2268 5030 (79)
2320 4960 2382 5013 '0
2427 4962 2495 5015 ἐκ
2542 4961 3034 5030 καταφρονήσεως
3053 5001 3066 5024 ,
3098 4969 3207 5019 etc.
3237 4962 3295 5016 ln
3321 4961 3511 5016 eodem
3535 4963 3661 5019 cod.

2085 5029 2249 5101 Vind.
2284 5030 2658 5100 πληθυντικῶς
2678 5029 2813 5101 haec
2853 5033 3237 5101 exprimuntur
3261 5052 3274 5088 :
3298 5033 3373 5101 Ol
3400 5033 3466 5085 ἐκ
3493 5050 3662 5087 κατα-

2087 5099 2397 5173 φρονήσεως
2430 5101 2502 5172 μὴ
2534 5099 2864 5173 βουλόμενοι,
2896 5099 2988 5155 καὶ
3016 5101 3083 5154 τά
3112 5102 3256 5173 ἑξῆς.
3290 5100 3367 5173 In.

2160 5120 2397 5173 ιονησεως
2430 5120 2502 5172 μη
2534 5120 2864 5180 βουλομενοι,
2896 5120 2988 5155 και
3016 5120 3083 5154 τα
3112 5120 3256 5225 8.73;.
3290 5120 3367 5156 ID.

2160 5171 2270 5244 (ξω)
2309 5174 2645 5244 panico“.
2680 5173 3175 5244 Al_ter_cod.xswq
3215 5176 3273 5244 ﬁ.
3304 5171 3377 5226 In.

2155 5240 2265 5312 (8i)
2307 5242 2491 5312 Ὅταν
2520 5240 2794 5305 τελευτῶ,
2819 5240 3192 5311 βαπτίζομαι.
3221 5240 3313 5296 "in
3340 5243 3661 5298 dilationem

2084 5317 2200 5383 tuin
2232 5311 2519 5383 baptismi,
2570 5322 2681 5365 tum
2714 5314 3043 5382 ptenitentiie
3083 5313 3150 5367 ad
3203 5322 3433 5366 mortem
3466 5328 3660 5383 usque,

2089 5379 2420 5453 SS._Patr_es
2467 5383 2669 5450 passim
2709 5379 3074 5453 invehuntur;
3129 5398 3252 5435 cum
3282 5384 3483 5452 quibus
3520 5379 3652 5453 jun-

2089 5450 2297 5521 gendus
2342 5449 2710 5507 Tertullianus
2737 5452 2812 5505 De
2841 5454 3164 5520 pwnitemia,
3191 5449 3314 5521 cap:
3342 5453 3374 5507 6
3398 5493 3413 5515 ,
3445 5449 3569 5508 licet
3598 5454 3664 5507 li-

2092 5521 2188 5593 bro
2214 5520 2291 5593 De
2316 5521 2573 5593 baptismo
2595 5564 2609 5585 ,
2642 5539 2761 5593 cap.
2782 5524 2885 5593 7l8,
2919 5525 3190 5577 utiliorem
3223 5520 3345 5577 esse
3376 5531 3527 5593 putet
3565 5524 3664 5578 ba-

2090 5591 2275 5659 ptismi
2306 5591 2728 5662 cunctationem.
2778 5592 2916 5646 llinc
2960 5595 3208 5656 clinicus,
3253 5609 3346 5647 Scu
3377 5591 3566 5662 πει-οε
3605 5595 3661 5647 in

2091 5663 2231 5714 lecto
2262 5661 2509 5731 perfusos
2542 5662 2947 5731 baptizatosque
2967 5703 2980 5725 ,
3014 5666 3079 5718 ad
3111 5664 3474 5718 sacerdotium
3500 5671 3555 5716 et
3592 5662 3660 5716 ad

2091 5730 2295 5785 cicruiii
2342 5749 2448 5784 non
2479 5730 2723 5783 solebant
2756 5730 3107 5799 promovere,
3146 5732 3221 5785 uti
3270 5738 3528 5787 iloccmur
3567 5748 3662 5800 per

2092 5818 2354 5874 cntionem
2394 5801 2456 5874 12
2479 5801 2669 5874 synodi
2716 5800 3190 5874 Neoczesariensls,
3224 5818 3427 5874 perque
3454 5803 3659 5874 episto-

2095 5871 2199 5927 lam
2220 5873 2453 5929 Cornelii
2478 5873 2531 5927 in
2556 5871 2807 5940 Eusebio,
2841 5873 2935 5928 lib.
2964 5890 3033 5939 \‘l,
3061 5888 3178 5944 cap.
3228 5872 3306 5927 45.
3344 5872 3481 5930 Cor.
