4044 6254
450 360 558 417 959

1294 354 1356 411 8.
1391 353 1779 415 CLEMENTIS
1811 354 1832 409 Ι
1863 352 2031 411 ROM.
2064 352 2265 410 PONT.
2303 352 2528 409 OPERA
2563 354 2792 411 DUBIA.

3581 360 3688 416 960

452 474 631 540 gionls
677 473 889 531 docete,
939 481 1002 522 ac
1038 474 1229 539 postea
1268 465 1560 535 baptizate.
1607 463 1808 535 lmpios
1849 466 2017 522 haere-

2125 463 2448 535 χειὼσαντες
2478 465 2791 535 βαπτίσατε.
2826 466 2963 532 Τοὺς
2989 466 3180 532 ἀθέους
3205 468 3530 541 αἰρεσιώτας
3558 474 3698 545 ἀμε-

452 566 593 619 ticos
623 562 949 632 resipiscere
987 561 1237 615 nolentes
1278 557 1556 621 diducite,
1601 564 1656 611 et
1694 572 1724 610 a
1770 557 2019 614 lldelibus

454 661 726 725 separate.
767 661 822 707 et
865 651 1112 706 Ecclesia
1155 649 1251 706 Dei
1293 650 1471 720 palam
1512 649 1794 718 expellite;
1828 648 2022 704 simul-

426 762 558 816 .quc
584 745 900 800 denuntiate
925 742 1176 797 lidelibus
1196 786 1211 808 ,
1240 751 1297 795 ut
1323 756 1420 796 eos
1444 739 1704 803 devitent,
1737 755 1872 795 neve
1895 755 2019 794 cum

452 840 533 895 eis
560 839 645 893 vel
675 838 728 891 in
760 850 1042 897 sermone,
1083 834 1169 889 vel
1210 834 1266 887 in
1308 832 1559 903 precibus
1601 831 1833 885 habeant
1872 846 2023 885 com-

420 931 787 985 -munionem.
844 925 911 981 lli
959 918 1102 983 ehim
1154 932 1283 980 sunt
1333 922 1634 978 adversarii
1686 931 1741 977 et
1793 922 2022 1003 insidia-

453 1033 602 1078 tores
629 1021 905 1083 Ecclesiaa,
934 1025 1286 1087 corruptores
1309 1016 1511 1086 gregis,
1539 1014 1870 1069 haereditatis
1891 1030 2023 1068 con-

454 1116 847 1175 taminatores,
880 1111 1136 1180 opinione
1175 1124 1273 1164 sua
1304 1108 1611 1177 sapientes,
1652 1114 1706 1161 et
1762 1106 1910 1160 omni
1953 1122 2020 1161 ex

454 1216 611 1278 parte
664 1204 929 1274 improbi;
975 1202 1041 1256 de
1092 1201 1290 1272 quibus
1341 1200 1557 1269 sapiens
1615 1196 1870 1252 Salomon
1911 1198 2024 1253 aie-

456 1300 550 1351 bat
573 1336 589 1361 ,
617 1296 765 1367 quod
805 1310 928 1349 cum
972 1292 1124 1361 impii
1156 1291 1305 1355 sint,
1344 1291 1595 1361 pietatem
1642 1289 1820 1343 colere
1854 1290 2024 1343 simu-

454 1385 591 1441 lant.
632 1405 652 1438 ι
688 1385 785 1439 Est
833 1386 1011 1449 enim,
1066 1384 1280 1455 inquit,
1333 1385 1457 1448 via,
1510 1399 1631 1453 qua:
1660 1383 1872 1437 videtur
1903 1380 2023 1451 qui-

422 1526 427 1529 .
462 1479 692 1533 busdam
725 1489 869 1532 recta
893 1492 1044 1541 esse;
1086 1485 1328 1530 extrema
1368 1489 1497 1529 vero
1542 1473 1661 1543 ejus
1694 1469 2030 1541 spcctantad

454 1569 784 1640 profundum
810 1567 1003 1621 inferni
1019 1567 1163 1621 “5-”.
1178 1584 1196 1616 ›
1218 1563 1282 1618 Hi
1308 1566 1532 1629 sunt,de
1549 1567 1747 1636 quibus
1766 1564 2026 1620 Dominus

453 1661 650 1716 acerbe
678 1676 742 1715 ac
771 1659 941 1730 rigide
968 1659 1358 1728 pronuntiavit,
1382 1658 1571 1711 dicens
1604 1673 1697 1712 eos
1724 1672 1845 1712 esse
1875 1672 2027 1727 pseu-

452 1754 763 1808 dochristos
788 1760 842 1807 et
878 1750 1044 1807 falsos
1063 1750 1314 1805 doctores
1345 1751 1389 1781 5°
1412 1768 1426 1805 :
1452 1750 1543 1820 qui
1562 1749 1809 1818 spiritum
1840 1748 2027 1818 gratiae

451 1847 785 1916 blasphemia
816 1843 1133 1905 aﬂ‘ecerunt,
1164 1843 1389 1913 ejusque
1418 1843 1616 1897 donum
1641 1849 1763 1912 post
1792 1842 2020 1911 gratiam

451 1946 932 2009 contempserunt;
963 1936 1162 2005 quibus
1183 1950 1292 1988 non
1322 1936 1625 1988 remittetur
1644 1949 1819 2003 neque
1846 1934 1898 1986 in
1921 1933 2022 1987 hoc

449 2036 670 2096 seculo,
706 2046 878 2101 neque
925 2034 980 2084 in
1030 2028 1214 2083 l‘uturo
1257 2028 1301 2059 "
1335 2046 1351 2081 :
1383 2028 1475 2097 qui
1522 2027 1693 2097 magis
1735 2027 2022 2098 irreligiosi

451 2138 753 2196 suntquam
780 2124 971 2187 Judaei,
1004 2133 1057 2178 et
1078 2122 1250 2191 magis
1276 2121 1426 2189 impii
1456 2135 1519 2172 ac
1536 2120 1679 2174 athei
1704 2134 1863 2191 quam
1894 2136 2023 2189 gen-

449 2221 615 2274 tiles:
675 2218 767 2288 qui
807 2217 972 2271 Deum
1009 2229 1173 2284 super
1214 2212 1395 2266 omnia
1437 2212 1756 2266 existenlem
1793 2211 2021 2266 maledi-

450 2312 554 2367 ctis
577 2314 857 2380 appetunt,
883 2315 937 2362 et
968 2306 1163 2360 Filium
1195 2306 1314 2375 ejus
1337 2304 1678 2365 conculcant,
1704 2311 1756 2358 et
1788 2303 2022 2374 Spiritus

449 2405 757 2459 doctrinam
784 2401 1057 2468 despuunt
1083 2415 1097 2453 ι
1129 2397 1220 2466 qui
1251 2396 1465 2450 divinos
1496 2410 1773 2449 sermones
1802 2402 2019 2465 negant,

450 2507 543 2550 aut
567 2512 660 2565 per
692 2492 1091 2548 simulationem
1114 2488 1354 2558 recipere
1371 2504 1429 2543 se
1455 2488 1791 2557 prolitentur,
1823 2487 1875 2541 in
1899 2504 2025 2542 con-

449 2589 729 2643 tumeliam
763 2585 880 2648 Dei,
909 2600 972 2638 ac
1002 2582 1243 2637 fraudem
1276 2582 1342 2636 ad
1369 2596 1464 2636 eos
1492 2580 1899 2647 accedentium;
1929 2580 2023 2650 qui

450 2694 637 2734 sacras
667 2677 976 2748 Scripturas
1006 2673 1395 2729 contumeliose
1434 2681 1692 2733 tractant.
1727 2682 1778 2727 et
1810 2672 2023 2741 justitia

450 2771 583 2842 quid
636 2771 707 2825 sit
758 2770 1042 2839 ignorant;
1091 2765 1182 2836 qui
1235 2764 1325 2819 Dei
1375 2763 1672 2821 Ecclesiam
1718 2763 2020 2827 devastant,

449 2866 592 2918 sicut
615 2877 793 2933 parvae
824 2861 1012 2930 vulpes
1031 2858 1242 2912 vineam
1271 2856 1353 2923 5';
1402 2871 1539 2925 quos
1569 2864 1624 2908 ut
1659 2855 1875 2924 fugiatis
1899 2855 2025 2907 hor-

451 2969 651 3017 tamur,
678 2970 746 3007 ne
768 2952 1052 3006 animabus
1079 2949 1273 3003 vestris
1300 2948 1521 3017 laqueos
1544 2946 1872 3015 injiciatis”.
1891 2945 2024 2999 Nam

454 3066 473 3099 ι
510 3048 602 3117 qui
651 3062 775 3101 cum
817 3042 1158 3114 sapientibus
1186 3039 1453 3110 graditur,
1500 3037 1719 3107 sapiens
1761 3036 1897 3101 erit;
1932 3029 2026 3104 qui

2120 559 2395 628 τανοήτως
2449 558 2670 629 ἔχοντας
2724 558 3115 623 διαστείλαντες
3146 599 3161 624 ,
3217 560 3514 634 ἀφορίσατε
3589 566 3699 621 ἀπὺ

2120 650 2229 704 τῶν
2244 651 2469 716 πιστῶν,
2487 651 2581 704 κα)⁵
2599 651 2700 721 τῆς
2733 651 3054 722 Ἐκκλησίας
3067 651 3161 704 τοῦ
3178 651 3312 705 Θεοῦ
3330 653 3700 726 ἐκκηρύκτους

2121 744 2382 813 ποιήσατε
2403 780 2420 805 ,
2445 743 2540 796 καὶ
2586 743 2990 814 παραγγείλατε
3030 746 3143 807 τοῖς
3185 748 3395 808 πιστοῖς
3431 749 3701 815 παντοίως

2121 835 2299 890 αὐτῶν
2334 834 2650 905 ἀπέχεσθαι,
2682 835 2776 887 καὶ
2808 835 2942 904 μήτε
2970 833 3145 903 λόγοις
3168 834 3265 906 (2),
3300 837 3435 908 μήτε
3464 853 3700 909 προσευ-

2122 928 2244 995 χαῖς
2269 928 2538 979 κοινωνεῖν
2577 927 2777 990 αὐτοῖς·
2831 919 2975 980 οὗτοι
3012 927 3120 998 γάρ
3148 930 3285 983 είσιν
3312 930 3570 985 ἀντίδικοι
3606 934 3701 988 καὶ

2122 1018 2394 1071 ἐπίϐουλοι
2423 1018 2523 1087 τῆς
2563 1017 2902 1088 Ἐκκλησίας,
2945 1019 2995 1070 οἱ
3036 1018 3435 1091 διαφθείροντες
3474 1023 3535 1076 τὸ
3580 1040 3702 1079 ποι-

2126 1108 2299 1181 μνίον,
2346 1109 2440 1161 καὶ
2484 1109 2799 1179 μολύνοντες
2838 1109 2935 1181 τὴν
2977 1109 3356 1183 κληρονομίαν,
3400 1114 3450 1166 οἱ
3492 1113 3700 1180 δοξόσο-

2125 1219 2248 1271 φοι,
2283 1201 2377 1253 καὶ
2406 1201 2773 1272 παμπόνηροι·
2819 1202 2946 1273 περὶ
2977 1194 3051 1256 ὧν
3086 1202 3237 1271 ἔλεγε
3279 1203 3524 1275 Σολομὼν
3554 1207 3581 1258 6
3613 1224 3699 1261 σο-

2125 1291 2242 1362 φὸς,
2272 1293 2354 1345 ὅτι
2380 1291 2765 1356 δυσσεϐοῦντες
2794 1294 3177 1363 ὑποκρίνονται
3204 1295 3464 1349 εὐσεϐεῖν.
3495 1316 3512 1347 ι
3541 1299 3697 1352 Ἔστι

2124 1382 2252 1454 γὰρ,
2274 1382 2458 1453 φησὶν,
2485 1383 2601 1446 ὁδὸς
2626 1383 2824 1455 ἧδοκεῖ
2840 1402 2980 1438 τισιν
2997 1384 3129 1457 ὀρθὴ
3160 1382 3317 1452 εἶναι,
3345 1387 3413 1440 τὰ
3438 1388 3495 1440 δὲ
3520 1389 3700 1442 τελευ-

2123 1478 2247 1529 ταία
2296 1475 2463 1547 αὐτῆς
2507 1474 2691 1545 βλέπει
2740 1478 2818 1539 είς
2864 1476 3114 1547 πυθμένα
3155 1477 3301 1549 ᾅδου.
3358 1496 3377 1530 ι
3417 1472 3575 1533 Οὗτοί
3616 1479 3696 1553 (3)

2126 1569 2230 1620 είσι
2256 1566 2382 1637 περὶ
2414 1560 2488 1620 ὧν
2511 1568 2539 1620 6
2566 1566 2766 1639 Κύριος
2802 1568 3013 1639 πικρῶς
3042 1569 3136 1622 καὶ
3172 1567 3458 1634 ἀποτόμως
3485 1573 3701 1643 ἀπεφή-

2127 1676 2274 1724 νατο,
2313 1659 2484 1727 λέγων
2517 1659 2597 1712 ὅτι
2627 1660 2732 1712 είσὶ
2760 1659 3131 1732 ψευδόχριστοι
3163 1661 3256 1715 καὶ
3283 1661 3699 1732 ψευδοδιδάσκα-

2126 1750 2235 1805 λοι·
2267 1752 2316 1805 οἱ
2342 1752 2825 1823 βλασφημήσαντες
2859 1752 2920 1806 τὸ
2952 1752 3173 1823 Πνεῦμα
3208 1754 3304 1825 τῆς
3338 1754 3574 1826 χάριτος,
3604 1758 3699 1810 καὶ

2124 1842 2532 1907 ἀποπτύσαντες
2562 1844 2660 1915 τὴν
2690 1845 2818 1915 παρ’
2859 1844 3022 1897 αὐτοῦ
3058 1845 3265 1917 δωρεὰν
3300 1846 3438 1916 μετά
3473 1847 3571 1919 τὴν
3598 1847 3697 1917 χάο-

2124 1949 2235 2004 ριν·
2273 1927 2353 1997 οἷς
2403 1934 2501 1988 οὐκ
2543 1934 2871 2006 ἀφεθήσεται
2916 1934 3037 1989 οὔτε
3085 1938 3139 1989 ἐν
3186 1937 3265 2008 τῷ
3298 1937 3453 1991 αἰῶνι
3500 1939 3693 2010 τούτῳ,

2121 2024 2241 2078 οὔτε
2265 2026 2321 2077 ἐν
2341 2025 2419 2097 τῷ
2451 2026 2725 2096 μέλλοντι·
2756 2030 2804 2080 οἱ
2840 2027 2934 2080 καὶ
2975 2029 3237 2083 Ἰουδαίων
3266 2030 3694 2103 δυσσεϐέστεροι,

2120 2117 2215 2170 κα)⁸
2256 2117 2516 2189 Ἐλλήνων
2540 2118 2831 2189 ἀθεώτεροι
2861 2119 2935 2191 (4)
2954 2137 2966 2150 ·
2998 2122 3046 2173 oi
3072 2121 3203 2175 Θεὸν
3232 2122 3322 2175 τὸν
3354 2124 3444 2176 ἐπὶ
3482 2124 3697 2178 πάντων

2123 2207 2592 2279 βλασφημοῦντες,
2635 2212 2728 2263 καὶ
2762 2212 2852 2264 τὸν
2888 2212 3016 2265 Υίὸν
3048 2212 3211 2269 αὑτοῦ
3241 2215 3693 2280 καταπατοῦντες,

2123 2301 2216 2354 καὶ
2241 2301 2341 2373 τὴν
2386 2302 2729 2356 διδασκαλίαν
2756 2303 2850 2356 τοῦ
2890 2303 3201 2375 Πνεύματος
3232 2307 3578 2371 διαπτύοντες
3600 2324 3615 2338 ·
3644 2310 3697 2361 oi.

2120 2393 2248 2455 τοὺς
2294 2391 2469 2455 θείους
2513 2394 2702 2462 λόγους
2740 2394 3077 2466 ἀρνούμενοι,
3112 2397 3144 2467 ἢ
3208 2397 3325 2467 μεθ’
3355 2399 3697 2471 ὑποκρίσεως

2122 2484 2573 2556 προσποιούμενοι
2601 2486 2865 2556 δέχεσθαι,
2903 2490 2986 2556 ἐφ’
3023 2487 3176 2559 ὕϐρει
3220 2489 3352 2542 Θεοῦ
3384 2491 3475 2543 καὶ
3512 2491 3698 2564 ἀπάτῃ

2122 2577 2229 2629 τῶν
2251 2577 2430 2641 αὐτοῖς
2460 2579 2789 2649 προσιόντων
2810 2596 2822 2608 ·
2847 2581 2896 2632 οἱ
2927 2580 3025 2643 τὰς
3057 2579 3205 2651 ἱερὰς
3230 2580 3450 2651 Γραφάς
3484 2581 3697 2652 ἐνυϐρί-

2124 2666 2324 2733 ζοντες,
2356 2669 2449 2723 καὶ
2479 2670 2579 2742 τὴν
2614 2671 2955 2743 δικαιοσύνην
2982 2673 3009 2724 ὅ
3027 2690 3079 2724 τι
3114 2672 3242 2724 ποτέ
3270 2674 3416 2726 ἐστιν
3442 2672 3697 2741 ἀγνοοῦν-

2123 2777 2241 2823 τες·
2272 2763 2320 2813 οἱ
2345 2764 2444 2834 τὴν
2490 2762 2808 2833 Ἐκκλησίαν
2836 2761 2968 2815 Θεοῦ
3011 2763 3424 2833 διαφθείροντες,
3454 2764 3529 2828 ὡς
3555 2763 3695 2817 ἀλὼο

2125 2870 2290 2917 πεκες
2320 2854 2503 2926 μικροὶ
2525 2855 2815 2924 ἀμπελῶνα
2842 2853 2949 2925 (5)·
2982 2853 3073 2917 οὓς
3109 2853 3325 2923 φεύγειν
3344 2856 3494 2925 ὑμᾶς
3519 2873 3694 2927 παρα·

2118 2945 2414 3015 καλοῦμεν,
2437 2947 2523 2999 ἵνα
2551 2950 2622 3019 μὴ
2646 2947 2844 3019 λάὅητε
2870 2946 3093 3018 βρόχους
3110 2950 3228 3011 ταῖς
3253 2947 3456 3000 ἑαυτῶν
3474 2947 3690 3018 ψυχαῖς.

2133 3056 2151 3088 ι
2196 3039 2252 3090 '0
2282 3039 2751 3111 ωμπορευὸμενος
2783 3041 2879 3111 μὲν
2908 3040 2982 3112 (6)
3026 3043 3222 3108 σοφοῖς,
3268 3039 3424 3108 σοφὸς
3459 3040 3627 3106 ἔσται,
3663 3042 3692 3094 6

447 3155 578 3193 vero
617 3138 863 3207 graditur
909 3149 1031 3189 cum
1084 3130 1488 3200 insipientibus,
1540 3134 1867 3198 agnoscetur
1896 3128 1961 3183 ‘°.
1998 3146 2017 3180 ι

2126 3129 2181 3182 δέ
2205 3130 2673 3201 συμπορευόμενος
2704 3132 2919 3203 ἄφροσι,
2953 3132 3340 3203 γνωσθήσεται.
3378 3152 3395 3182 ι
3430 3132 3563 3185 Οὔτε
3583 3131 3691 3204 γὰρ

448 3231 635 3298 Neque
662 3230 807 3283 enim
838 3233 1050 3296 oportet
1094 3240 1215 3279 cum
1267 3222 1384 3276 fure
1413 3236 1655 3282 currere,
1689 3235 1863 3289 neque
1894 3235 2018 3274 cum

449 3323 697 3376 adultero
752 3320 1051 3389 portionem
1104 3329 1304 3386 ponere
1331 3314 1407 3376 οι,
1452 3310 1888 3382 quandoquidem
1967 3319 2021 3366 et

450 3420 674 3467 sanctus
702 3410 867 3464 David
897 3409 971 3461 ait
990 3408 1032 3439 “
1060 3426 1073 3462 :
1111 3424 1129 3457 ι
1170 3404 1414 3468 Domine,
1437 3419 1533 3459 eos
1562 3403 1657 3473 qui
1687 3414 1739 3458 te
1767 3402 2020 3470 oderunt,

448 3504 574 3557 odio
606 3501 769 3555 habui
793 3520 806 3565 ;
838 3508 892 3555 et
917 3514 1080 3569 super
1102 3496 1351 3551 inimicos
1375 3505 1500 3551 tuos
1515 3495 1877 3561 tabescebam,
1900 3510 2022 3567 per-

450 3595 591 3649 fecto
620 3594 743 3648 odio
766 3592 985 3647 oderam
1015 3590 1172 3656 illos;
1206 3588 1412 3643 inimici
1443 3587 1570 3641 facti
1595 3594 1721 3642 sunt
1752 3587 1884 3641 mihi
1907 3587 1971 3641 ⁶⁸.
1994 3606 2013 3639 ι

447 3686 514 3740 Et
540 3685 834 3755 Josaphato
862 3683 1003 3738 Deus
1022 3682 1331 3752 exprobrat,
1360 3681 1429 3735 ob
1456 3679 1752 3734 amicitiam
1781 3688 1836 3735 et
1869 3694 2020 3733 com-

447 3778 698 3832 militium
722 3791 845 3831 cum
876 3774 1100 3829 Achabo
1121 3780 1176 3829 et
1198 3771 1457 3836 Ochozia,
1487 3772 1674 3827 dicens
1703 3787 1798 3841 per
1822 3769 2016 3826 Jehum

449 3870 616 3925 lilium
644 3869 905 3931 Hananis,
939 3867 1255 3940 prophetam
1283 3884 1296 3921 :
1335 3884 1353 3919 ι
1389 3864 1540 3922 Tune
1573 3880 1695 3921 cum
1730 3872 2017 3936 peccatore

2124 3220 2332 3294 κλέπτῃ
2350 3222 2430 3275 δεῖ
2454 3223 2779 3294 συντρέχειν,
2809 3223 2930 3277 οὺδέ
2963 3223 3100 3295 μετά
3134 3224 3320 3295 μοιχοῦ
3350 3224 3449 3296 τὴν
3476 3224 3551 3297 (7)
3595 3243 3687 3295 με-

2125 3312 2244 3385 ρίδα
2282 3314 2549 3367 τίθεσθαι·
2584 3316 2811 3387 ἐπείπερ
2849 3316 2942 3370 καὶ
2974 3319 3001 3370 6
3032 3316 3176 3379 ὅσιός
3207 3317 3282 3387 (8)
3320 3334 3451 3388 φησι
3493 3318 3685 3371 Δαϐίδ·

2128 3424 2147 3458 ι
2188 3404 2377 3478 Κύριε,
2415 3408 2540 3471 τοὺς
2581 3407 2867 3479 μισοῦντας
2909 3424 2968 3460 σε
3010 3408 3265 3479 ἐμίσησα,
3305 3409 3396 3461 καὶ
3433 3408 3526 3461 ἐπὶ
3565 3409 3687 3472 τοὺς

2120 3496 2347 3569 ἐχθρούς
2390 3514 2482 3550 σου
2513 3497 2865 3569 ἐξετηκόμην,
2904 3499 3106 3552 τέλειον
3157 3504 3310 3570 μῖσος
3339 3501 3558 3571 ἐμίσουν
3595 3502 3677 3554 αὐ-

2120 3591 2264 3654 τοὺς,
2290 3592 2369 3653 είς
2388 3589 2611 3661 ἐχθροὺς
2640 3590 2881 3659 ἐγένοντό
2912 3609 3019 3661 μοι.
3049 3611 3067 3642 ι
3093 3593 3201 3646 Καὶ
3225 3592 3301 3663 τῷ
3327 3593 3590 3662 Ἰωσαφὰτ
3611 3593 3686 3664 (9)

2122 3682 2151 3734 6
2199 3680 2329 3746 Θεὸς
2374 3680 2618 3746 ὀνειδίζει
2658 3682 2746 3736 διὰ
2798 3684 3079 3756 τὴνπρὺς
3124 3684 3324 3755 Ἀχαάὅ
3371 3685 3548 3754 φιλίαν
3594 3688 3683 3739 καὶ

2125 3775 2458 3845 συμμαχίαν,
2497 3775 2593 3829 καὶ
2630 3775 2675 3807 ⁸⁸
2728 3775 2827 3846 τὴν
2888 3775 3024 3846 πρὸς
3065 3777 3326 3847 Ὀχοζίαν,
3377 3777 3547 3846 λέγων
3600 3778 3685 3831 διὰ

2132 3864 2337 3919 Ἱωνᾶ⁶⁸
2352 3865 2460 3938 (10)
2482 3865 2575 3921 τοῦ
2589 3868 2881 3939 προφήτου·
2894 3886 2911 3919 ι
2923 3868 2985 3920 Ei
2999 3868 3302 3939 ἀμαρτωλῷ
3324 3869 3387 3922 σὺ
3400 3869 3683 3937 φιλιάξεις,

519 4028 642 4067 ιιι-⁸⁸
666 4026 830 4081 Prov.
862 4041 977 4087 xlv,
1011 4024 1095 4095 [2.
1173 4022 1219 4054 "
1244 4020 1446 4095 Matth.
1469 4037 1623 4095 xxiv,
1648 4020 1740 4095 ξι.
1766 4091 1779 4095 _
1817 4020 1859 4053 ³⁷
1898 4020 2017 4074 Matt

2128 4036 2234 4095 xu._
2280 4021 2370 4095 ζ’ξὲ.
2428 4022 2508 4095 *⁸⁸
2558 4022 2715 4078 Cant.
2740 4040 2811 4095 ru,
2862 4024 2947 4079 15.
3012 4025 3057 4057 ⁵⁸
3101 4025 3137 4080 Ι.
3184 4025 3351 4095 lgnat.
3428 4024 3679 4095 interpol.

449 4098 517 4152 ad
565 4097 775 4152 Philad.
831 4097 885 4151 ’5.
960 4095 1004 4126 ⁶⁶
1039 4092 1197 4147 Prov.
1236 4106 1355 4155 xm,
1385 4092 1474 4146 20.

1587 4091 1628 4121 “
1656 4089 1805 4147 Psal.
1872 4106 2020 4153 χιιι,
2054 4092 2140 4147 18.
2217 4093 2260 4123 θ’
2293 4090 2571 4147 Laudatur
2598 4094 2666 4147 ab
2720 4089 3032 4159 Anastasio,
3068 4089 3261 4167 quaest.
3299 4095 3388 4149 52.
3467 4089 3678 4150 “P'sal.

1587 4159 1745 4201 Annal
1841 4162 1891 4192 ⁸⁸
1918 4161 1965 4201 al
2046 4162 2193 4201 Ἰωήλ
2235 4162 2391 4201 Annal
2460 4163 2679 4201 ’Πκητηιι
3674 4174 3699 4201 ο

442 4182 704 4231 cxxxvtu,
757 4167 847 4221 2|.
926 4166 970 4197 “
999 4164 1117 4219 Non
1164 4162 1433 4217 habentur
1480 4160 1534 4214 in
1574 4159 1765 4217 Anast.
1841 4162 1891 4192 “
1917 4161 1988 4216 al.

2119 4162 2198 4234 ›ήλ
2227 4162 2417 4219 Anast.
2460 4163 2699 4219 Ἡσαΐου.

1747 4340 2120 4399 VARIOBUM
2151 4342 2384 4400 NOTJE.

536 4502 591 4576 ‘2)
621 4502 847 4576 ᾼότοις.
879 4500 1027 4555 Alter
1055 4496 1218 4552 Vind.
1250 4497 1374 4553 cod.
1400 4496 1563 4569 λόγῳ,
1598 4495 1743 4568 quod
1773 4504 1856 4553 est
1884 4513 2009 4569 per-

2119 4497 2356 4576 proxilne
2389 4497 2483 4576 xui
2521 4498 2820 4576 ἀλωπέκων
2892 4500 3107 4576 μερίδες
3153 4499 3446 4576 γενόμενοι,
3481 4503 3678 4576 quibus

440 4572 591 4631 inde.
619 4572 787 4627 Cum.

459 4716 485 4718 ᾼ
515 4645 591 4718 (5)
626 4640 906 4718 οὓτω-1η
931 4637 1346 4718 margineyind.
1384 4636 1505 4718 co_d.
1550 4639 1847 4718 ascriptum
1876 4647 1958 4718 est
1989 4657 2003 4693 :

437 4706 599 4777 Τινὲς
626 4712 760 4765 είσὶν
783 4708 863 4775 οἷς
902 4712 1001 4764 οὐκ
1030 4706 1378 4780 ἀφεθήσεται,
1407 4706 1526 4760 οὔτε
1550 4708 1606 4760 ἐν
1632 4706 1713 4780 τῷ
1740 4708 1853 4773 νῦν,
1882 4708 2005 4763 οὔτε

436 4786 501 4839 ἐν
524 4784 589 4837 τ’
702 4782 875 4834 λλοντι
906 4777 1088 4834 αἰῶνι.
1114 4777 1188 4833 In.

514 4846 591 4925 (4)
630 4846 937 4925 Ἐλλῄγιιηρ
978 4847 1307 4925 ἁθεώζεροι.
1344 4846 1603 4925 llaneob
1634 4848 1911 4925 rationein
1938 4864 2003 4925 ex

440 4922 501 4980 B.
521 4917 740 4977 'lrenzeo
772 4921 866 4975 lib.
904 4936 962 4983 ιι,
989 4934 1109 4989 cap.
1139 4917 1194 4981 9,
1218 4919 1344 4989 quia
1370 4919 1567 4989 ethnici
1600 4920 1830 4989 primum
1858 4918 2000 4973 divi-

437 4993 629 5049 nitatis
683 4993 861 5046 locum
914 4987 1540 5053 attribuunt’Creatori;
1594 4987 1828 5042 haeretici
1880 5004 2006 5043 vero

438 5065 726 5135 (majorem
786 5067 1023 5135 partem_
1038 5060 1331 5128 primarum
1362 5128 1371 5135 _
1396 5058 1669 5135 hazreseon
1724 5057 2004 5135 intellige)

436 5127 604 5188 alium
633 5127 965 5200 superiorem
992 5127 1156 5200 Deum
1180 5128 1683 5200 comminiscuntur.
1714 5127 2005 5200 llwreticos

434 5202 674 5275 gentibus
705 5198 829 5275 esse
874 5199 1072 5275 pejores
1114 5198 1319 5275 dubitat
1366 5214 1535 5275 nemo.
1592 5198 1857 5275 Primum,
1883 5198 2007 5267 quia

434 5266 651 5346 bentiles
672 5289 763 5343 per
782 5266 1132 5346 ignorantium
1158 5267 1422 5346 Christum
1445 5266 2005 5346 blasphemaullluurg.

436 5337 529 5397 Iici
560 5337 733 5397 autem
763 5337 979 5394 scientes
1007 5339 1202 5393 Christi
1236 5337 1439 5390 laniant
1468 5338 1755 5392 veritatem.
1787 5338 2003 5400 Deinde,

433 5416 563 5480 quia
593 5415 647 5465 in
677 5413 794 5482 illis
813 5412 886 5465 vel
912 5424 1023 5478 spes
1054 5408 1117 5482 [l'.
1152 5406 1367 5478 species]
1399 5406 1521 5476 ﬁdei
1551 5417 1650 5482 est,
1684 5410 1736 5461 in
1767 5410 1881 5482 istis
1908 5424 2006 5461 att-

369 5488 394 5516 “
431 5493 536 5535 tem
570 5480 900 5535 incessabili:
926 5480 1101 5551 pugn'a
1132 5493 1182 5535 et
1225 5483 1520 5537 discordia.
1565 5481 1769 5535 Auctor
1818 5481 2003 5548 Operi:

431 5553 725 5622 imperfecti
748 5554 804 5606 in
835 5551 1170 5618 Mattha’um,
1202 5552 1270 5608 ad
1295 5568 1415 5622 cap.
1446 5568 1544 5615 xu,
1567 5566 1711 5606 vers.
1866 5551 2001 5606 (lor.

438 5620 614 5676 Verba
650 5632 830 5693 tamen
883 5623 1007 5693 haec
1036 5622 1237 5693 despuit
1288 5624 1342 5678 in
1368 5620 1557 5693 altero
1601 5622 1721 5677 cod.
1774 5620 2003 5678 Vindob.

432 5702 705 5761 quaesout
736 5688 1107 5761 hyperbolice.
1129 5686 1221 5761 CL.

503 5760 584 5832 (5)
644 5754 1009 5831 ’Λμὲἐλῶνιι
1072 5756 1295 5811 Rectius
1350 5756 1693 5827 ἀμπελῶνας.
1746 5754 2002 5826 Sequitur

2112 4568 2292 4621 verbis
2315 4584 2420 4621 non
2450 4568 2764 4636 deceptores
2788 4568 3190 4633 describuntur,
3216 4568 3309 4625 sed
3334 4568 3563 4636 decep—ti.
3596 4574 3673 4631 In.

2178 4636 2255 4707 (6)
2284 4637 2428 4711 pler.
2464 4637 2556 4690 Est
2584 4640 2646 4711 in
2690 4640 2861 4711 altero
2884 4638 3044 4709 Vind.
3071 4640 3200 4711 γάρ,
3237 4657 3344 4694 non
3381 4636 3521 4699 male
3560 4652 3677 4698 tra-

2107 4706 2257 4777 ditur
2285 4706 2374 4777 hic
2411 4712 2551 4763 ratio
2578 4709 2732 4777 fugae.
2768 4710 2844 4763 In.

2178 4775 2254 4848 (7)
2287 4776 2422 4844 Τήν.
2473 4775 2730 4848 Deest—in
2792 4780 2964 4833 altero
3009 4778 3131 4833 cod.
3166 4778 3421 4846 Vindob.,
3456 4783 3672 4840 melius.

2107 4845 2280 4924 Habet
2308 4848 2451 4924 enim
2483 4847 2570 4903 hic
2594 4848 2858 4924 articulus
2901 4850 3352 4924 vim-quamdam
3376 4845 3673 4924 δεικτικήν,

2107 4918 2216 4993 oui
2246 4918 2428 4971 nullus
2451 4927 2546 4993 est
2591 4918 2703 4993 hic.
2727 4918 3248 4993 locus;_vult’e_ni_m
3303 4922 3407 4993 hic“
3438 4918 3677 4993 scriptor

2106 4986 2310 5040 nullam
2351 4989 2663 5110 so'cietatem
2698 4988 2839 5041 'cum
2880 4987 3149 5057 ejusmodi
3194 4988 3504 5048 hominibus
3552 4986 3676 5049 csse

2106 5064 2376 5110 ooortere.
2429 5073 2483 5110 ι).
3096 5084 3097 5087 η

2106 5064 2376 5113 onortere.
2409 5064 2483 5113 In.
3096 5084 3097 5087 ‘

2144 5073 2376 5126 ponere.
2410 5073 2483 5113 ID.
3096 5084 3097 5087 ‘

2178 5124 2256 5195 (8)
2286 5127 2508 5194 Ὅσιος.
2541 5129 2688 5180 Alter
2716 5125 2877 5181 Vind.
2904 5126 3061 5190 θεῖος.
3095 5128 3171 5183 In.

2176 5195 2253 5265 (9)
2284 5195 2395 5249 Καὶ
2418 5197 2495 5262 τῷ
2533 5196 2841 5265 Ἰωσαφάτ,
2883 5206 2987 5252 etc.
3025 5198 3234 5253 Excuso
3264 5199 3352 5253 hic
3387 5208 3442 5255 et
3472 5217 3674 5257 accuso

2105 5266 2387 5341 catholica:
2417 5269 2679 5341 doctrina:
2709 5279 2936 5341 patrem.
2972 5267 3183 5341 Excuso
3215 5270 3269 5323 in
3299 5272 3517 5327 nomine
3546 5288 3673 5341 pro-

2106 5336 2311 5413 phetae;
2343 5339 2727 5413 quiaarbitror
2757 5339 2990 5413 positum
3025 5340 3193 5413 fuisse
3223 5342 3490 5413 primitus
3530 5336 3671 5413 ’ἰηοὺ

2119 5405 2317 5477 Ἀνανί,
2350 5407 2442 5461 sed
2480 5408 2528 5461 id
2572 5405 2769 5477 postea
2788 5410 2858 5462 ob
2892 5410 3030 5462 lectu
3076 5405 3343 5465 dillicilem
3387 5421 3481 5464 aut
3518 5405 3672 5464 coin-

2103 5476 2417 5550 peltdiosam
2444 5479 2769 5550 scripturam
2796 5487 3070 5550 mutatum
3106 5481 3174 5533 ab
3204 5480 3468 5550 imperitis
3505 5481 3672 5533 libra-

2104 5546 2201 5600 riis
2226 5547 2279 5620 in
2316 5546 2503 5620 Ἰωνᾶ,
2530 5548 2681 5620 Ἰωήλ
2707 5556 2761 5620 et
2793 5548 3036 5603 Ἡσαΐου.
3069 5546 3297 5605 Αοουεό
3328 5558 3504 5605 autem
3524 5551 3669 5620 quod

2103 5617 2393 5739 proruetas
2410 5618 2609 5695 etim-a
2638 5617 2932 5701 Scriptura:
2950 5620 3276 5702 confuderit.
3311 5621 3447 5702 Cur.
3541 5617 3584 5701 ⁷.

2175 5686 2190 5755 (
2232 5686 2287 5755 0)
2347 5691 2516 5742 Ιωνιι.
2552 5687 2607 5741 ln
2653 5704 2756 5742 ms.
2794 5688 2949 5743 de.
2997 5707 3097 5744 ιου.
3149 5691 3345 5747 lineola
3392 5698 3644 5755 imposita

2378 5704 2516 5742 ωνα.
2552 5704 2607 5741 In
2653 5704 2756 5742 IIIS.
2801 5704 2949 5743 uno.
2997 5707 3097 5744 ιου.
3149 5704 3345 5745 ιιηοοῑθ
3392 5705 3587 5745 ΙΙΙΙΒυΜ

2175 5686 2287 5757 (l0)
2333 5686 2516 5742 Ἰωνᾶ.
2552 5687 2607 5741 ln
2653 5686 2771 5742 ms.
2794 5688 2949 5743 Vind.
2997 5707 3097 5744 ιου.
3149 5691 3345 5747 lineola
3392 5689 3670 5762 imposita,

2105 5772 2204 5829 pro
2246 5757 2398 5825 Ἱεοῧ,
2429 5757 2687 5815 llebraice
2712 5767 2795 5819 τιν
2815 5758 3007 5817 ΙεΙιυιι.
3040 5761 3140 5816 αι..
3648 5780 3654 5787 ·
