4062 6258
354 373 454 432 961

1234 367 1837 426 CONSTITUTIONES
1870 363 2428 425 APOSTOLICJE..—
2462 368 2588 426 LIB.
2625 368 2713 423 Vl.

3504 363 3609 422 96$

352 488 389 563 ἢ
422 489 733 560 μισουμινῳ
772 488 877 542 ὑπὸ
919 487 1126 560 Κυρίου
1158 487 1409 559 βοηθεῖς;
1455 486 1554 540 Διά
1590 486 1747 540 τοῦτο
1789 487 1933 551 ἐξαί-

2044 487 2327 541 amicitiam
2351 487 2558 557 jungis,
2590 487 2676 542 vel
2703 485 2751 540 ei
2774 488 2868 555 qui
2892 484 3017 538 odio
3044 483 3274 538 habetur
3296 497 3329 536 a
3353 481 3607 544 Domino,

354 598 494 653 φνης
518 582 654 654 ὀργὴ
686 580 893 653 Κυρίου
939 581 1152 651 ἐγένετο
1183 580 1275 633 ἐπὶ
1316 580 1397 645 σὲ,
1435 581 1483 632 εί
1518 579 1590 651 μὴ
1623 579 1703 631 ὅτι
1734 577 1929 649 εὑρέθη

353 675 390 747 ή
421 673 617 746 καρδία
649 689 741 726 σου
770 672 947 725 τελεία
982 672 1118 746 πρὸς
1147 671 1349 744 Κύριον
1379 671 1451 703 ⁸⁸·
1477 672 1566 725 διὰ
1591 670 1747 725 τοῦτο
1789 671 1934 740 ἐφεί-

356 765 486 821 σατό
515 783 609 818 σου
638 765 867 836 Κύριος·
904 764 1044 836 πλὴν
1071 765 1152 817 ὅτι
1179 763 1400 836 διεκόπη
1431 762 1501 817 τά
1536 763 1673 835 ἔργα
1697 781 1812 828 σου,
1839 763 1934 817 καὶ

358 857 751 930 συνετρίϐησαν
781 857 837 910 αί
861 856 986 927 νῆές
1014 873 1128 909 σου.
1171 874 1189 907 ι
1225 855 1455 924 Φεύγετε
1482 850 1575 909 οῦν
1617 854 1717 925 τῆς
1745 871 1937 908 κοινω-

357 951 477 1013 νίας
505 949 704 1013 αὑτῶν,
737 950 829 1002 καὶ
864 949 963 1019 τῆς
996 948 1133 1021 πρὸς
1176 949 1370 1013 αὐτοὺς
1410 950 1631 1020 εἰρήνης
1666 949 1934 1019 ἀλλότριοι

357 1043 651 1113 τυγχάνετε
670 1058 683 1071 ·
732 1041 860 1112 περὶ
890 1040 1068 1094 αὐτῶν
1096 1039 1206 1113 γὰρ
1237 1041 1267 1094 ό
1295 1042 1579 1113 προφήτης
1622 1041 1937 1111 ἀπεφήνατο

357 1130 553 1199 λέγων,
583 1132 664 1184 ὅτι
694 1148 714 1182 ι
751 1130 862 1183 Οὑκ
886 1128 999 1182 ἔστι
1024 1129 1236 1200 χαίρειν
1255 1131 1367 1191 τοῖς
1390 1129 1629 1194 ἀσεϐέσι,
1651 1129 1797 1197 λέγει
1822 1128 1934 1183 Κύ-

366 1238 501 1295 ριος.
539 1242 557 1274 ›
595 1216 754 1276 Οὗτοι
787 1220 893 1293 γάρ
923 1223 1059 1274 εἰσιν
1092 1221 1140 1273 οί
1183 1219 1403 1291 κρύφιοι
1429 1220 1622 1286 λύκοι,
1671 1223 1720 1274 οί
1765 1221 1934 1275 ὲννεοὶ

360 1313 540 1378 κύνες,
578 1316 624 1366 oi
649 1314 707 1365 οὑ
735 1313 1021 1384 δυνάμενοι
1049 1312 1322 1379 ὑλακτεῖν,
1350 1312 1399 1365 οἳ
1420 1311 1515 1365 νῦν
1550 1312 1648 1383 μέν
1677 1314 1814 1367 εἰσιν
1834 1313 1934 1367 όλί-

360 1423 469 1477 τοι,
505 1404 875 1477 προκόψαντος
898 1403 955 1457 δὲ
984 1403 1077 1457 τοῦ
1111 1403 1324 1475 χρόνου,
1358 1404 1452 1457 καὶ
1488 1407 1586 1475 τῆς
1630 1405 1935 1471 συντελείας

364 1496 707 1567 ἐγγιζούσης,
742 1495 983 1558 πλείονες
1014 1496 1109 1548 καὶ
1132 1495 1498 1566 χαλεπώτεροι
1540 1496 1777 1548 ἔσονταιο
1811 1497 1939 1568 περὶ

364 1581 451 1641 ὤν’
471 1591 499 1641 ὁ
523 1588 727 1659 Κύριος
752 1588 958 1656 ἔλεγεν,
980 1588 1062 1641 ὅτι
1082 1605 1095 1618 ·
1119 1584 1295 1659 ιτΑρα
1323 1589 1351 1641 ό
1378 1588 1507 1651 Υἱὸς
1525 1587 1618 1641 τοῦ
1651 1588 1937 1660 ἀνθρώπου

364 1674 533 1729 ἐλθὼν
561 1671 779 1747 εὑρήσει
806 1676 904 1747 τὴν
936 1678 1118 1730 πίστιν
1162 1678 1255 1731 ἐπὶ
1298 1678 1397 1749 τῆς
1447 1679 1586 1751 γῆς;
1614 1680 1724 1734 Καὶ
1753 1680 1843 1735 διὰ
1879 1682 1942 1735 τὸ

364 1767 732 1839 πληθυνθῆναι
768 1769 867 1840 τὴν
911 1770 1159 1841 ἀνομίαν,
1197 1770 1500 1843 ψυγήσεται
1537 1774 1570 1845 ή
1614 1774 1799 1848 ἀγάπη
1831 1778 1941 1831 τῶν

361 1831 591 1913 πολλῶν,
630 1831 741 1913 Καὶ
778 1831 1084 1916 ἐλεύσονται
1120 1831 1489 1937 ᾦεύδόχριστοι
1521 1831 1614 1921 καὶ
1643 1831 1941 1943 ᾧευδόπρο-
1970 1831 2013 1887 Β

359 1950 549 2021 φῆται,
582 1952 676 2004 καὶ
694 1950 921 2030 δώσουσι
951 1957 1150 2025 σημεῖα
1178 1957 1235 2008 ὲν
1254 1958 1486 2029 οὐρανῷ,
1518 1958 1678 2025 ὥστε,
1706 1962 1755 2014 ει
1782 1961 1942 2016 δύνα-

360 2041 472 2105 τὸν,
504 2042 599 2095 καὶ
637 2044 764 2106 τοὺς
806 2044 1091 2109 ἐκλεκτοὺς
1139 2048 1447 2119 ἀπατῆσαι·
1489 2070 1507 2101 ι
1558 2046 1632 2104 ὧν
1670 2053 1771 2124 τῆς
1799 2054 1943 2107 ἀπάκ-

360 2148 463 2202 της
492 2132 710 2204 ῥύσεται
738 2136 883 2206 ἡμᾶς
902 2139 931 2189 ὁ
959 2136 1089 2200 Θεὸς
1127 2138 1216 2191 διὰ
1249 2140 1422 2210 Ἰησοῦ
1444 2144 1697 2214 Χριστοῦ,
1729 2147 1828 2217 τῆς
1856 2146 1943 2199 ὲλ-

364 2224 516 2287 πίδος
540 2225 716 2296 ήμῶν.
739 2228 849 2281 Καὶ
877 2228 984 2300 γὰρ
1014 2232 1107 2283 καὶ
1134 2232 1293 2302 ἡμεῖς
1317 2233 1651 2305 διερχόμενοι
1692 2238 1762 2291 τά
1791 2239 1938 2311 ἔθνη,

364 2317 460 2369 καὶ
482 2318 916 2390 ἐπιστηρίζοντες
941 2321 1039 2385 τὰς
1061 2324 1372 2395 ἐκκλησίας,
1401 2328 1526 2390 τοὺς
1558 2328 1654 2399 μὲν
1688 2332 1745 2383 ὲν
1773 2333 1939 2404 πολλῇ

363 2408 614 2481 νουθεσίᾳ
645 2412 738 2465 καὶ
755 2411 895 2481 λόγῳ
917 2414 1104 2484 ίατικῷ
1136 2415 1478 2483 ὑγιάσαντες,
1503 2420 1939 2493 ὲπανηγάγομεν,

369 2501 661 2571 μέλλοντας
680 2504 800 2557 ὅσον
822 2506 1031 2560 οὐδέπω
1054 2509 1305 2579 θνήσκειν
1332 2512 1514 2585 ἀπάτῃ
1535 2529 1549 2544 ⁸
1579 2517 1704 2578 τοὺς
1723 2516 1780 2569 δὲ
1800 2516 1946 2569 ἀνιά-

367 2608 476 2656 τως
503 2592 740 2663 ἔχοντας,
782 2597 1104 2667 ἐξεϐάλομεν
1144 2601 1252 2653 ἀπὸ
1299 2603 1397 2674 τῆς
1442 2606 1694 2678 ποίμνης,
1737 2608 1824 2661 ἵνα
1868 2611 1941 2681 μὴ

367 2682 654 2755 ψωραλέας
694 2687 846 2740 νόσου
900 2690 1165 2758 μεταδῶσι
1204 2693 1297 2746 καὶ
1334 2697 1443 2758 τοῖς
1482 2697 1808 2764 ὑγιαίνουσιν
1840 2702 1943 2772 ἀρ-

369 2776 522 2840 νίοις,
552 2778 687 2831 ἀλλά
705 2779 920 2852 καθαρά
943 2783 1036 2834 καὶ
1062 2782 1322 2853 ἄχραντα,
1347 2786 1475 2854 ὑγιᾶ
1500 2789 1591 2841 καὶ
1612 2790 1812 2844 ἀσπιλα
1839 2792 1946 2846 δια-

375 2869 534 2941 μείνῃ
558 2872 746 2942 Κυρίῳ
771 2872 848 2944 τῷ
875 2873 1012 2944 Θεῷ.
1054 2876 1163 2929 Καὶ
1192 2877 1363 2931 ταῦτα
1393 2880 1535 2933 κατὰ
1563 2882 1715 2935 πόλιν
1744 2902 1946 2939 παντα-

371 2959 469 3031 χοῦ
498 2964 575 3023 είς
595 2963 721 3035 ὅλην
740 2965 838 3036 τήν
859 2968 1180 3040 οἰκουμένην
1204 2970 1295 3023 τοῦ
1320 2971 1522 3043 κόσμου
1546 2978 1941 3048 πεποιήκαμεν,

372 3052 756 3119 καταλιπόντες
787 3057 913 3128 ὑμῖν
957 3062 1067 3123 τοῖς
1108 3062 1440 3128 ἐπισκόποις,
1494 3066 1586 3118 καὶ
1627 3066 1830 3132 λοιποῖς
1873 3071 1948 3122 ίε-

2033 579 2350 635 auxiliaris?
2378 578 2586 633 ldcirco
2614 577 2900 633 confestim
2925 578 3006 631 ira
3036 575 3247 629 Domini
3290 576 3433 628 facta
3468 583 3612 629 essu

2033 688 2198 743 super
2240 680 2321 735 te,
2365 673 2471 727 nisi
2515 671 2662 742 quod
2706 670 2986 724 inventum
3032 677 3117 722 est
3168 665 3472 738 perfectum
3514 680 3610 719 cor

2034 770 2185 817 tuum
2214 778 2340 833 erga
2368 762 2655 817 Dominum
2683 781 2699 818 τ
2730 771 2950 833 propter
2972 761 3076 814 hoc
3106 761 3346 831 pepercit
3373 759 3474 814 tibi
3504 757 3611 812 Do-

2033 855 2216 911 minus
2246 855 2724 911 ":verumtamen
2767 854 3066 923 interrupta
3110 859 3238 907 sunt
3284 866 3449 921 opera
3493 858 3610 914 tua,

2033 955 2088 1001 et
2116 947 2365 1001 contritae
2383 956 2511 1003 sunt
2532 963 2698 1003 naves
2722 954 2826 1000 tuae
2847 946 2911 1001 ⁸⁸.
2945 966 2964 998 ι
2995 945 3187 1015 Fugite
3209 959 3337 1013 ergo
3366 957 3614 997 commu-

2035 1039 2253 1093 nionem
2280 1038 2681 1101 haereticorum,
2706 1045 2761 1093 et
2787 1053 2856 1092 ne
2884 1038 3096 1091 faciatis
3119 1050 3306 1106 pacem
3329 1050 3452 1088 cum
3481 1034 3611 1089 illis.

2036 1129 2172 1185 Nam
2224 1131 2292 1186 de
2332 1131 2466 1202 ipsis
2514 1132 2776 1201 propheta
2815 1129 3118 1185 enuntiavit
3161 1128 3349 1181 dicens
3387 1145 3400 1181 ε
3439 1145 3457 1177 ι
3494 1124 3615 1180 Non

2036 1232 2120 1280 est
2151 1225 2385 1295 gaudere
2414 1224 2615 1294 impiis,
2644 1224 2778 1277 dicit
2805 1222 3066 1276 Dominus
3094 1222 3159 1275 ‘9.
3186 1239 3204 1272 ι
3228 1218 3292 1273 Hi
3319 1218 3463 1272 enim
3486 1225 3616 1273 sunt

2038 1316 2237 1370 occulti
2278 1316 2421 1385 lupi,
2476 1331 2640 1370 canes
2683 1315 2818 1368 muti
2856 1329 2963 1368 non
3012 1313 3257 1367 valentes
3296 1310 3497 1365 latrare
3523 1309 3611 1362 τοι

2038 1409 2130 1478 qui
2158 1425 2303 1463 nunc
2326 1408 2542 1478 quidem
2574 1408 2732 1477 pauci
2768 1415 2894 1462 sunt
2917 1423 2931 1472 ;
2973 1404 3298 1475 procedente
3326 1417 3456 1456 vero
3481 1410 3616 1455 tem-

2041 1515 2191 1570 pore,
2211 1509 2265 1555 et
2286 1499 2473 1553 mundi
2500 1498 2970 1554 consummatione
2994 1496 3482 1565 appropinquante,
3503 1496 3619 1564 plu-

2038 1607 2127 1647 res
2149 1607 2213 1647 ac
2236 1593 2577 1646 molestiores
2595 1598 2775 1645 erunt.
2795 1589 2869 1645 De
2889 1589 3089 1658 quibus
3108 1587 3369 1643 Dominus
3392 1590 3570 1644 aiebat
3599 1606 3612 1642 :

2046 1702 2066 1737 ι
2096 1685 2261 1741 Putas
2315 1684 2486 1739 Filius
2529 1684 2767 1739 hominis
2821 1683 3047 1737 veniens
3088 1681 3327 1736 inveniet
3357 1682 3515 1736 fidem
3560 1683 3615 1735 in

2040 1788 2187 1836 terra
2209 1780 2289 1833 7’?
2309 1779 2375 1833 Et
2403 1780 2661 1849 quoniam
2681 1780 2979 1833 abundabit
2995 1779 3276 1849 iniquitas,
3300 1776 3616 1845 refrigescet

2038 1874 2281 1929 Charitas
2302 1872 2622 1926 multorum.
2643 1870 2708 1924 Et
2733 1870 2953 1924 venient
2966 1868 3362 1939 pseudochristi
3379 1876 3432 1921 et
3454 1882 3584 1936 pseu
3598 1893 3618 1907 -

2041 1966 2491 2035 doprophetaa;et
2520 1964 2727 2017 dahuut
2759 1962 2910 2032 signa
2935 1961 2986 2014 in
3011 1962 3168 2024 caelo,
3203 1960 3277 2012 ita
3304 1967 3383 2019 ut,
3420 1958 3465 2010 si
3500 1956 3614 2010 fieri

2041 2066 2239 2128 potest,
2257 2055 2418 2109 etiam
2438 2055 2593 2109 electi
2612 2054 2952 2123 decipiantur
2968 2054 3045 2117 7';
3072 2073 3088 2103 ι
3112 2070 3140 2106 a
3161 2066 3394 2121 quorum
3426 2050 3617 2103 fraude

2041 2147 2235 2216 eripiet
2255 2162 2356 2200 nos
2370 2144 2511 2199 Deus
2535 2160 2628 2213 per
2646 2142 2831 2198 Jesum
2849 2143 3155 2205 Christum,
3171 2157 3321 2210 spem
3348 2150 3615 2194 nostram.
3716 2188 3725 2205 κ

2044 2235 2254 2292 Etenim
2304 2256 2405 2293 nos
2459 2255 2678 2309 quoque
2722 2255 2847 2293 cum
2896 2254 2991 2308 per
3023 2248 3209 2308 gentes
3243 2234 3619 2305 proﬁciscere-

2045 2346 2169 2385 mur
2190 2331 2262 2395 ",
2288 2340 2342 2385 et
2375 2331 2646 2385 Ecclesias
2674 2330 3127 2384 confirmaremus
3160 2328 3303 2393 73-",
3326 2328 3463 2381 alios
3499 2323 3621 2393 qui-

2044 2422 2165 2477 dem
2192 2423 2247 2477 in
2266 2423 2436 2476 multa
2463 2423 2836 2476 admonitione
2859 2430 2912 2475 et
2934 2436 3186 2475 sermone
3209 2418 3413 2474 salubri
3442 2417 3506 2470 ad
3534 2432 3621 2470 sa-

2048 2514 2274 2569 nitatem
2303 2515 2699 2580 revocavitnus,
2736 2525 2899 2584 atque
2923 2514 3111 2569 fraude
3140 2528 3264 2567 mox
3302 2510 3619 2564 interiturus

2041 2605 2415 2669 restituimus;
2450 2602 2585 2657 ali‘os
2620 2618 2749 2656 vero
2776 2603 2867 2671 qui
2898 2603 3282 2657 immedicabili
3323 2604 3512 2657 morbo
3544 2605 3620 2656 la-

2041 2697 2326 2759 borabant,
2360 2710 2390 2748 a
2419 2711 2577 2765 grege
2615 2694 2897 2765 ejecimus,
2942 2710 3010 2749 ne
3054 2710 3224 2765 agnos
3270 2712 3399 2750 suos
3439 2695 3623 2751 scabie

2043 2789 2357 2858 contagiosa
2388 2787 2691 2849 inlicerent,
2720 2795 2885 2856 utque
2926 2787 3048 2856 agni
3090 2789 3231 2857 puri,
3262 2787 3617 2849 immaculati,

2045 2883 2162 2936 sani
2187 2888 2239 2935 et
2269 2880 2458 2933 illibati
2498 2878 2724 2934 Domino
2757 2877 2866 2932 Deo
2913 2888 3280 2933 servarentur.
3305 2879 3479 2947 Atque
3511 2878 3623 2931 haec

2045 2990 2142 3047 per
2179 2974 2427 3029 civitates
2467 2973 2519 3026 in
2566 2980 2681 3026 toto
2719 2972 2851 3026 orbe
2905 2980 3171 3026 terrarum
3218 2974 3520 3041 gessimus;
3571 2979 3624 3024 et

2044 3067 2200 3122 vobis
2230 3066 2501 3136 episcopis
2529 3067 2850 3136 caaterisque
2880 3064 3255 3120 sacerdotibus
3300 3065 3505 3117 hancce
3525 3062 3624 3116 do-

375 3145 529 3215 ρεῦσι
556 3147 711 3218 τήνδε
735 3148 833 3220 τὴν
854 3150 1143 3223 καθολικὴν
1170 3154 1534 3222 διδασκαλίαν,
1569 3159 1734 3224 ἀξίως
1758 3163 1851 3215 καὶ
1871 3163 1944 3215 δι-

2049 3158 2281 3212 ctrinam
2312 3158 2634 3212 catholicam
2682 3158 3020 3227 reliquimus.
3063 3157 3256 3211 merito
3284 3165 3335 3211 et
3364 3157 3531 3224 juste,
3568 3155 3622 3209 in

373 3237 562 3303 καίως,
593 3241 671 3303 είς
703 3241 1041 3312 μνημόσυνον
1073 3245 1470 3318 ὲπιστηριγμοῦ
1504 3253 1617 3313 τοῖς
1654 3269 1945 3306 πεπιστευ-

373 3331 494 3384 κόσι
549 3331 695 3403 Θεῷ’
755 3333 1187 3407 διαπεμψάμενοι
1236 3338 1325 3392 διὰ
1385 3341 1477 3395 τοῦ
1535 3344 1945 3418 συλλειτουργοῦ

372 3422 530 3493 ήμῶν
552 3424 863 3495 Κλήμεντος
882 3428 975 3480 τοῦ
998 3430 1315 3482 πιστοτάτου
1343 3433 1435 3485 καὶ
1457 3436 1728 3507 όμοψύχου
1758 3439 1945 3495 τέκνου

372 3514 528 3610 ήμῶν
558 3517 613 3569 ὲν
642 3519 851 3610 Κυρίῳ,
885 3520 999 3590 ἅμα
1028 3522 1121 3573 καὶ
1149 3522 1421 3595 Βαρνάϐᾳ,
1454 3529 1547 3580 καὶ
1586 3530 1833 3610 Τιμοθέῳ
1870 3535 1947 3605 τῷ

373 3607 733 3681 ποθεινοτάτῳ
761 3613 880 3682 υίῷ,
905 3613 997 3665 καὶ
1025 3613 1236 3686 Μάρκῳ
1262 3616 1339 3687 τῷ
1372 3620 1597 3690 γνησίῳ,
1630 3607 1724 3676 σῦν
1752 3623 1831 3688 οἷς
1855 3628 1947 3679 καὶ

372 3698 529 3751 Τῖτον
561 3701 687 3771 ὑμῖν
724 3703 1078 3774 γνωρίζομεν,
1115 3706 1208 3759 καὶ⁹
1248 3707 1479 3775 Λουκᾶν,
1534 3712 1741 3767 Ἰάσονὰ
1760 3733 1818 3768 τε
1854 3719 1947 3771 καὶ

372 3790 619 3856 Λούκιον,
655 3794 749 3846 καὶ
779 3796 1125 3869 Σωσίπατρον
1145 3816 1157 3829 ·
1188 3800 1254 3853 δι’
1293 3794 1367 3855 ὧν
1396 3805 1489 3857 καὶ
1527 3808 1947 3880 παρακαλοῦμεν

374 3882 520 3952 ὑμᾶς
567 3885 624 3936 ὲν
671 3887 888 3958 Κυρίῳ,
925 3889 1224 3961 ἀπέχεσθαι
1252 3894 1485 3959 παλαιᾶς
1515 3898 1819 3970 συνηθείας,
1863 3902 1949 3954 δε-

376 3973 529 4044 σμῶν
552 3977 796 4045 ματαίων
816 4019 830 4043 ,
872 3980 1209 4054 ἀφορισμῶν,
1243 3990 1694 4060 παρατηρήσεων,
1722 3992 1947 4065 βρῶμά--

373 4082 481 4118 των
549 4066 856 4139 διορισμοῦ,
922 4071 1309 4146 βαπτισμάτων
1368 4078 1478 4152 (11)
1546 4081 1943 4155 καθημερινῶν.

380 4175 399 4208 ι
447 4157 527 4211 Τὰ
558 4160 760 4232 ἀρχαῖα
796 4162 904 4236 γὰρ
940 4166 1213 4237 παρῆλθεν
1237 4185 1253 4199 ο
1305 4170 1414 4224 ίδοὺ
1460 4171 1651 4242 γέγονε
1685 4175 1846 4229 καινά
1880 4177 1951 4231 τὰ

375 4250 573 4306 πάντα.
623 4271 643 4305 ι

891 4350 1285 4406 ΚΕΦΑΛΔΙΟΝ
1320 4353 1421 4409 ῙΘ.

611 4439 766 4508 Πρὸς
792 4437 904 4511 (12)
932 4441 1324 4511 φαυλίζοντας
1359 4446 1465 4500 τὸν
1504 4449 1709 4519 νόμον.

2049 3262 2454 3306 monumentum
2486 3250 2945 3304 corroborationis
2997 3267 3184 3305 eorum
3225 3252 3315 3319 qui
3368 3250 3475 3303 Deo
3504 3264 3623 3303 cre-

2048 3345 2303 3399 diderunt
2339 3363 2351 3397 :
2396 3359 2556 3412 quam
2606 3340 2858 3397 misimus
2911 3358 3007 3412 per
3053 3342 3482 3397 comministrum
3526 3354 3625 3394 no-

2048 3447 2218 3490 strum
2243 3436 2573 3489 Clementem
2608 3433 2979 3488 fidelissimum
3008 3450 3070 3487 ac
3113 3435 3421 3487 unanimem
3456 3432 3625 3486 ﬁlium

2049 3538 2293 3582 nostrum
2320 3528 2372 3579 in
2400 3526 2649 3589 Domino,
2678 3541 2783 3579 una
2812 3542 2933 3579 cum
2967 3525 3229 3589 Barnaba,
3254 3533 3306 3579 et
3329 3526 3625 3594 exoptatis-

2049 3621 2188 3674 simo
2220 3620 2326 3672 lilio
2358 3617 2664 3679 Timotheo,
2697 3625 2750 3671 et
2790 3617 2970 3672 Marco
3004 3627 3228 3683 nostro;
3263 3632 3386 3671 cum
3426 3618 3624 3686 quibus

2048 3721 2207 3766 notos
2243 3726 2306 3764 ac
2334 3710 2741 3765 commendatos
2782 3712 2936 3765 vobis
2963 3727 3083 3765 esse
3121 3712 3389 3773 volumus,
3417 3709 3623 3772 Titum,

2049 3804 2272 3867 Lucam,
2323 3801 2600 3865 Iasonem,
2660 3801 2885 3857 Lucium
2933 3811 2986 3857 et
3033 3802 3369 3871 Sosipatrum
3409 3802 3483 3866 7‘;
3532 3818 3628 3870 per

2047 3912 2187 3968 quos
2212 3904 2264 3950 et
2293 3896 2576 3948 hortamur
2606 3910 2700 3949 vos
2733 3897 2785 3948 in
2818 3893 3069 3957 Domino,
3098 3903 3153 3948 ut
3186 3895 3501 3947 abstineatis
3534 3911 3627 3947 ve-

2047 3997 2162 4044 tere
2209 3988 2622 4047 consuetudine,
2664 3989 2819 4042 vanis
2875 3987 3129 4050 vinculis,
3164 3986 3623 4053 separationibus,

2046 4081 2539 4148 observationibus,
2587 4080 2833 4135 ciborum
2869 4080 3235 4141 distinctione,
3280 4079 3623 4152 baptismati-

2047 4174 2150 4229 bus
2188 4173 2538 4244 quotidianis.
2592 4171 2725 4225 Nam
2782 4191 2800 4222 ι
2850 4179 3030 4227 vetera
3078 4170 3450 4236 transierunt;
3497 4184 3631 4224 ecce

2049 4264 2189 4321 facta
2220 4273 2349 4321 sunt
2373 4265 2556 4319 omnia
2584 4280 2720 4318 nova
2743 4263 2811 4319 τ’.
2852 4283 2869 4314 ι

2631 4353 2859 4411 CAPUT
2901 4351 3043 4409 XIX.

2438 4448 2637 4504 Contra
2666 4447 3016 4515 improbante:
3058 4446 3237 4516 legem.

446 4530 668 4595 Γνόντες
691 4531 800 4605 γάρ
823 4533 954 4588 Θεὸν
982 4535 1071 4588 διὰ
1098 4536 1272 4609 Ἰησοῦ
1293 4539 1550 4611 Χριστοῦ,
1578 4542 1670 4596 καὶ
1690 4542 1790 4616 τὴν
1820 4544 1944 4617 σύμ-

2128 4541 2296 4599 Deum
2322 4542 2467 4599 enim
2499 4558 2594 4612 per
2614 4540 2797 4595 Iesum
2826 4540 3100 4594 Christum
3130 4539 3484 4608 cognovistis,
3509 4554 3630 4592 om-

378 4639 556 4677 πασαν
597 4623 758 4678 αὑτοῦ
802 4626 1108 4697 οἰκονομίαν
1157 4628 1393 4701 ἀρχῆθεν
1432 4634 1822 4708 γεγενημένην,
1869 4638 1949 4691 ὅτι

375 4712 603 4769 δέδωκεν
622 4716 783 4786 νόμον
804 4716 1005 4771 ἁπλοῦν
1030 4720 1108 4782 είς
1133 4718 1380 4791 βοήθειαν
1401 4724 1494 4776 τοῦ
1517 4726 1763 4792 φυσικοῦ,
1782 4728 1951 4781 καθα-

380 4805 492 4877 ρὸν,
525 4809 808 4880 σωτήριον,
840 4810 1010 4877 ἅγιον,
1036 4809 1093 4862 ὲν
1121 4804 1164 4879 ᾧ
1192 4811 1284 4864 καὶ
1310 4812 1370 4865 τὸ
1395 4812 1524 4868 ἴδιον
1550 4815 1720 4887 ὄνομα
1754 4819 1953 4887 ἐγκατ-

480 4946 526 5031 ⁸⁴έ
552 4947 607 5000 in
651 4947 1183 5031 Anastasio_additur
1210 4954 1303 5006 καὶ
1346 4952 1492 5031 λόγοι
1526 4956 1694 5031 ’καλοὶ
1730 4958 1944 5031 εὑρέθη(

2044 4960 2116 5031 ,ὲν
2155 4959 2299 5031 σοίε-
2331 4957 2442 5031 ⁶⁷λ11
2472 4956 2650 5012 Parali

1526 5027 1571 5093 ΪῩ
1594 5092 1599 5093 ν
1624 5026 1750 5082 Luc.
1800 5026 1971 5093 'xvn't,
2023 5028 2076 5083 8.

1246 5091 1376 5132 ἰδ-τ’
1406 5088 1475 5145 ad
1505 5088 1718 5148 Philad.
1750 5094 1806 5162 5,
1834 5098 1900 5151 ad
1936 5088 2055 5155 Sm.
2093 5098 2144 5153 7.

380 5014 729 5083 "__|§a._LvII.
780 5019 868 5074 2|.
945 5019 1121 5074 "lsa.
1174 5037 1284 5083 LVI,
1343 5014 1431 5077 1οξ

377 5073 443 5127 ad
474 5073 671 5158 Ephes.
712 5073 865 5158 9,]ξᾴ
890 5073 1066 5158 Magn.
1093 5088 1149 5147 9.

378 5158 494 5209 vm,
526 5147 596 5202 20
624 5151 677 5203 in
712 5150 871 5206 LXX.

2056 4650 2291 4705 nemque
2343 4634 2463 4704 ejus
2508 4632 2968 4702 dispensationem
3017 4646 3046 4684 a
3091 4630 3357 4700 principio
3405 4630 3625 4696 factam,

2056 4726 2509 4796 quemadmodum
2546 4725 2843 4794 simplicem
2900 4723 3069 4793 legem
3117 4721 3325 4776 dederit
3354 4723 3407 4774 in
3447 4723 3621 4776 subsi-

2057 4819 2205 4872 dium
2233 4818 2369 4887 legis
2398 4817 2684 4882 naturalis,
2704 4830 2920 4886 puram,
2951 4815 3267 4877 salutarem,
3299 4815 3623 4877 sanctam”,

2659 4971 2865 5026 pana,
2895 4954 2950 5010 2.
3019 4953 3351 5026 fallAParal.
3394 4970 3485 5016 xx,
3532 4954 3622 5009 '57.

2177 5031 2223 5061 "
2249 5028 2439 5083 Matth.
2477 5044 2627 5093 ulv,
2661 5023 2775 5093 ’12,
2808 5024 2900 5081 24.
3010 5023 3058 5057 ’⁸
3087 5025 3123 5081 l.
3163 5024 3332 5094 lgnat.
3364 5026 3620 5092 int-‘rpol.

2246 5099 2294 5130 ’⁸
2334 5098 2494 5154 lium.
2530 5115 2639 5154 xw.
2676 5098 2765 5154 21.
2869 5103 2913 5133 ⁷⁷
2940 5101 2981 5157 ll
3008 5101 3138 5157 Cor.
3166 5115 3220 5165 ν,
3248 5097 3336 5155 l7.
3442 5100 3490 5132 ⁷⁸
3524 5102 3630 5156 lsa.

1693 5291 2056 5350 VARIORUM
2093 5292 2327 5355 NOTAE.

338 5379 363 5413 ³
458 5415 570 5498 (ιι.)
589 5419 1043 5498 βαπτισμᾴςων.
1078 5422 1193 5498 Una
1220 5427 1395 5482 littera
1424 5428 1603 5481 minus
1632 5428 1795 5485 habet
1816 5429 1949 5485 Grc—

386 5489 554 5564 gentii
586 5489 739 5564 Locus
766 5491 831 5564 in
863 5490 1251 5564 _I)isputatione
1288 5514 1411 5552 cum
1442 5498 1712 5561 Herbano,
1755 5500 1794 5556 f.
1832 5503 1954 5564 l5l,

384 5557 442 5682 ἒ.
472 5558 506 5609 2
531 5574 546 5611 :
586 5557 699 5630 Πρὸ
730 5561 827 5630 τῆς
860 5557 1127 5633 ἐξωτέρας
1166 5566 1294 5618 ναοῦ
1334 5568 1673 5638 Σολομῶντος
1702 5557 1960 5658 λουτῆρες

424 5644 573 5682 φετοι
617 5629 980 5682 ὲγοτιιιάτιζον
1026 5633 1287 5682 πάντοτε·
1323 5637 1498 5682 νόησε
1529 5638 1586 5682 δὲ
1637 5640 1826 5682 Enim
1876 5659 1957 5682 tua

383 5700 413 5752 ό

2050 5435 2303 5526 ῗῖἔφτίῖἶ
2322 5436 2895 5526 ἔφυᾼέιπῖἔιθάμεενθςε.
2911 5439 3072 5526 κέιτά.
3099 5440 3276 5526 4'?le
3315 5441 3631 5526 εατθευοεὶςε

2063 5504 2205 5558 οὑτω
2233 5504 2414 5559 λοιπὸν
2445 5508 2523 5570 είς
2553 5507 2643 5559 τὸν
2676 5504 2801 5561 ναὸν
2831 5510 3001 5574 ἀδεῶς
3028 5504 3369 5575 είσὲλξίύνων,
3404 5504 3637 5569 ἐπιτελεῗ

2063 5575 2162 5639 τὰς
2193 5576 2446 5646 λατρείας
2478 5577 2661 5631 αὑτοῦ.
2698 5577 2833 5644 Quis
2864 5596 2969 5635 non
3018 5580 3162 5637 videt
3209 5592 3411 5638 certam
3447 5584 3633 5637 lectio-

424 5629 980 5717 sxpnué‘rtgov
1026 5629 1253 5717 πάντοτε
1275 5652 1287 5665 ·
1323 5629 1604 5717 νόμοςκβὲ-
1637 5629 1960 5717 ἔκειτο,’ὶ’να
2066 5629 2808 5717 ιιοίηγάπολουόμενοςῖ-Οδί

444 5699 891 5782 ἀμαρτάνωνέπί
912 5717 1017 5782 τινι
1048 5703 1349 5782 πράγματι,
1378 5699 1474 5782 καῖ
1493 5707 1770 5782 βουληθεὶς
1799 5699 1962 5781 μετα-

2134 5716 2247 5804 (12)
2271 5716 2780 5804 ηρόςιτούς,
2813 5720 2918 5777 hoc
2941 5728 3045 5792 est,
3069 5723 3212 5778 circa
3237 5739 3349 5789 eos,
3373 5722 3465 5796 qui
3496 5738 3603 5781 con
3620 5750 3635 5770 ι

384 5767 706 5890 μεληθῆναι,
738 5769 882 5850 λέχει
910 5773 1021 5834 τοῖς
1050 5767 1272 5841 ίέρεῦσι,
1322 5767 1573 5848 καὶπρὸς
1615 5767 1678 5831 τῖ)
1719 5767 1944 5890 πταῖσμα

424 5839 698 5890 ωοιίζεται
720 5857 814 5890 του
842 5840 922 5890 είς
948 5841 1040 5890 τὸν
1079 5841 1205 5890 ναὸν
1235 5846 1486 5890 εἰσιέναι·
1520 5849 1610 5890 καὶ
1648 5849 1870 5890 clamne
1902 5870 1930 5890 υ

2066 5767 2615 5858 tedhﬁ’uii"té§éxii.“d
2623 5767 2673 5844 ι...

1875 5870 1960 5904 εν-

424 5830 700 5908 φορίζὲται
720 5830 821 5894 τοῦ
842 5840 922 5903 είς
948 5830 1040 5896 τδν
1079 5830 1205 5896 νάὸν
1235 5830 1455 5900 εἰσιέναι
1472 5830 1495 5879 θ’
1520 5830 1610 5901 καὶ
1648 5830 1870 5922 emisti
