4044 6254
390 303 499 360 965

1273 302 1874 363 CONSTITUTIONES
1913 302 2468 363 APOSTOLICIE.—
2506 305 2635 363 LIB.
2672 305 2761 363 Vl.

3525 315 3638 373 966

390 418 467 472 οὐ
494 416 603 489 γὰρ
624 416 823 471 θυσιῶν
844 416 1020 470 δέεται
1039 415 1190 472 Θεὸς.
1212 416 1464 490 ἀνενδεὴς
1482 417 1743 488 ὑπάρχων
1774 420 1840 489 τῇ
1864 419 1946 488 φύ

2066 419 2250 473 libera:
2284 421 2351 475 “.
2384 418 2502 474 Non
2536 421 2682 475 enim
2723 420 3008 478 sacriﬁciis
3054 430 3175 493 eget
3206 422 3370 487 Deus,
3408 427 3501 496 qui
3534 443 3634 481 na-

394 525 496 562 σει·
531 508 669 562 ἀλλὰ
714 507 1017 577 γινώσκων,
1053 507 1302 578 καθάπερ
1332 509 1426 561 καὶ
1443 508 1542 580 ἢδη
1566 509 1677 579 (20)
1702 511 1963 583 πρότερον

388 602 481 656 τὸν
510 601 751 673 φιλόθεον
784 600 968 658 Ἅϐελ.
1005 602 1097 654 καὶ
1127 600 1248 653 Νῶε
1280 600 1413 670 (21),
1444 602 1534 654 καὶ
1566 601 1835 673 Ἀϐραὰμ,
1870 605 1964 657 καὶ

389 694 519 756 τοὺς
547 692 802 763 καθεξῆς,
839 692 938 744 οὐκ
982 692 1323 764 αἰτηθέντας,
1362 692 1574 763 φυσικῷ
1608 694 1665 746 δὲ
1698 694 1847 765 νόμῳ
1877 712 1961 747 κι-

390 784 653 854 νηθένταςι
677 785 777 854 ἀφ’
812 784 1040 847 ἑαυτῶν,
1084 784 1445 855 προσενέγκαι
1479 784 1666 837 θυσίαν
1705 785 1823 855 Θεῷ
1855 786 1963 839 ἀπὸ

387 874 611 946 γνώμης
638 876 980 948 εὐχαρίστου,
1012 875 1294 947 ἐπιτρέπει
1316 877 1410 929 καί
1437 875 1530 929 νῦν
1576 876 1862 949 Ἑϐραίοις,
1899 879 1960 931 οὑ

389 968 773 1035 προστάσσων,
819 968 932 1020 ἀλλ’
967 970 1013 1020 εἰ
1049 967 1381 1037 βουληθῶσι,
1424 969 1719 1039 συγχωρῶν
1744 1007 1759 1032 ,
1794 970 1887 1022 καί
1913 972 1960 1022 εἰ

386 1059 494 1112 ἀπὸ
540 1060 709 1132 ὀρθῆς
754 1060 1081 1132 προσοίσωσι
1270 1059 1522 1131 γνώμης,
1590 1060 1822 1114 εὐδοκιῖΝ
1869 1063 1961 1114 ἐπὶ

385 1154 504 1214 ταῖς
536 1152 749 1215 θυσίαις
780 1153 978 1205 αὐτῶν.
1010 1152 1107 1205 Διά
1141 1153 1297 1204 τοῦτό
1338 1170 1521 1222 φησιν·
1562 1154 1622 1205 Εἰ
1662 1153 1810 1205 θύειν
1845 1152 1956 1223 (25)

385 1243 690 1314 ἐπιθυμεῖς,
726 1244 786 1297 ού
816 1244 1051 1314 δεομένῳ
1082 1261 1169 1314 μοι
1200 1243 1292 1296 θύε
1317 1260 1329 1273 ⁸
1361 1243 1571 1306 οὐδενὸς
1590 1244 1697 1315 γὰρ
1717 1245 1773 1296 ἐν
1802 1244 1960 1315 χρείᾳ

385 1337 735 1406 καθέστηκα*
794 1356 811 1386 ι
841 1337 977 1406 Ἑμὴ
1017 1337 1125 1406 γάρ
1171 1338 1317 1389 ἐστιν
1360 1338 1392 1407 ἡ
1429 1336 1720 1406 οἰκουμένη
1764 1338 1857 1388 καὶ
1900 1337 1959 1390 τὸ

383 1428 657 1499 πλήρωμα
717 1429 904 1498 αὐτῆς.
950 1448 967 1479 ι
1040 1429 1227 1482 Ὁπότε
1266 1428 1322 1481 δὲ
1363 1429 1412 1480 οἰ
1459 1428 1552 1480 τοῦ
1595 1427 1722 1481 λαοῦ
1769 1429 1956 1481 τούτου

384 1522 495 1590 (24)
523 1522 833 1591 ἀμνήμονες
866 1520 1132 1591 ὑπῆρξαν,
1166 1520 1260 1573 καὶ
1295 1519 1491 1590 μόσχον
1521 1519 1639 1571 ἁντί
1671 1519 1805 1572 Θεοῦ
1840 1520 1959 1573 θεὸν

382 1613 796 1675 ἐπεκαλέσαντο,
821 1614 913 1666 καὶ
940 1614 1113 1683 τούτῳ
1134 1614 1232 1684 τὴν
1262 1612 1439 1665 αἰτίαν
1468 1612 1566 1681 τῆς
1599 1611 1658 1675 ἐξ
1685 1610 1956 1678 Αἰγύπτου

384 1706 607 1777 πορείας
652 1704 985 1776 ἐπέγραψαν,
1035 1704 1318 1773 λέγοντες·
1354 1697 1550 1759 «Οὗτοι
1581 1706 1632 1757 οἰ
1678 1704 1788 1757 θεοί
1839 1721 1955 1766 σου,

2064 517 2186 563 tura
2215 525 2314 564 sua
2360 511 2567 566 nullius
2607 511 2684 566 rei
2734 519 2819 567 est
2850 512 3141 584 indiguus;
3175 515 3272 569 sed
3300 532 3426 570 cum
3469 520 3638 574 sciret

2062 601 2208 671 quod
2233 602 2344 671 jam
2377 610 2537 657 antea
2565 601 2657 658 Dei
2686 620 2878 659 amans
2901 604 3035 659 Abel
3061 644 3076 668 ,
3112 614 3168 660 et
3193 605 3306 661 Noe'
3329 646 3344 671 ,
3376 614 3430 662 et
3460 608 3631 664 Abra-

2064 693 2208 754 ham,
2244 688 2419 748 et'alii
2462 694 2741 764 deinceps,
2768 712 2876 749 non
2913 695 3077 765 jussi,
3112 698 3207 752 sed
3251 700 3488 753 naturali
3520 701 3636 769 lege

2063 786 2230 848 nioti,
2263 794 2458 855 sponte
2497 786 2606 842 Deo
2643 788 2957 842 obtulerant
2996 789 3326 844 sacrificium
3364 806 3428 845 ex
3478 802 3634 863 grato

2061 878 2280 944 animo;
2313 877 2503 933 eodem
2534 882 2695 934 modo
2723 889 2777 934 et
2803 897 2952 935 nunc
2980 882 3032 935 id
3057 884 3320 952 permittit
3354 884 3632 946 Hebreis:

2062 986 2169 1024 non
2200 972 2523 1041 praecipiens
2548 1014 2564 1036 ,
2613 974 2707 1027 sed
2753 972 2797 1028 si
2832 975 3131 1039 voluerint,
3165 977 3511 1042 concedens;
3545 985 3630 1031 at-

2060 1081 2167 1133 que
2200 1066 2242 1119 si
2274 1074 2421 1119 recto
2445 1066 2627 1119 animo
2657 1068 2975 1130 obtulerint,
3009 1078 3304 1138 acceptans
3330 1083 3518 1124 eorum
3543 1086 3635 1124 sa-

2061 1156 2285 1210 criﬁcia.
2313 1155 2437 1211 Ideo
2469 1159 2544 1210 ait
2573 1178 2584 1213 :
2621 1157 2677 1212 Si
2703 1159 3017 1214 sacrificare
3046 1161 3227 1229 cupis,
3254 1162 3385 1215 mihi
3410 1178 3516 1216 non
3551 1165 3635 1218 in-

2060 1247 2259 1316 digenti
2293 1246 2541 1301 sacriﬁca
2571 1263 2585 1310 ;
2630 1248 2683 1300 in
2725 1249 2931 1303 nullius
2969 1249 3168 1319 quippe
3198 1250 3274 1303 rei
3300 1250 3481 1320 inopia
3512 1267 3632 1305 smn

2060 1340 2398 1393 constitutus
2432 1354 2444 1389 :
2480 1358 2497 1387 ι
2528 1338 2681 1393 Meus
2712 1341 2856 1393 enim
2881 1348 2966 1394 est
2989 1341 3141 1394 orbis
3164 1349 3344 1403 teme,
3384 1349 3437 1395 et
3459 1343 3634 1412 pleni--

2060 1431 2190 1483 tudo
2222 1431 2342 1499 ejus
2366 1431 2431 1485 θ’.
2472 1451 2490 1481 ι
2529 1430 2821 1500 Postquam
2866 1449 2992 1485 vero
3032 1432 3195 1501 hujus
3221 1434 3297 1488 rei
3346 1435 3634 1489 immemor

2062 1522 2159 1575 fuit
2186 1524 2450 1592 populus;
2482 1531 2536 1577 et
2560 1540 2656 1592 pro
2688 1523 2795 1577 Deo
2811 1526 3037 1577 vitulum
3070 1534 3405 1579 vocaverunt
3438 1525 3628 1590 Deum,

2057 1616 2215 1683 eique
2264 1630 2484 1668 causam
2544 1617 2877 1684 egressionis
2938 1632 3003 1669 ex
3054 1615 3290 1687 Egypto
3361 1618 3632 1687 ascripsc-
3686 1647 3690 1651 ε

2060 1709 2208 1762 runt,
2241 1702 2486 1756 dicentes
2518 1718 2531 1753 :
2572 1721 2590 1753 ι
2618 1703 2683 1756 Hi
2724 1704 2797 1758 dii
2834 1707 2935 1766 tui,
2980 1704 3179 1768 Israel,
3206 1707 3299 1776 qui
3333 1720 3383 1761 te
3424 1708 3629 1762 eduxe-

380 1797 619 1869 Ἰσραὴλ,
655 1799 704 1850 οἰ
734 1797 1089 1866 ἐξαγαγόντες
1120 1813 1176 1849 σε
1208 1799 1272 1849 ἐκ
1299 1797 1419 1866 ,γῆς
1455 1796 1762 1865 Αἰγύπτου·
1800 1816 1816 1847 ι
1856 1798 1946 1849 καὶ

2054 1802 2181 1847 runt
2218 1792 2285 1848 de
2313 1802 2456 1848 terra
2491 1794 2807 1867 Egypti”;
2845 1817 2863 1848 ›
2913 1807 2965 1849 et
2994 1799 3160 1868 impie
3184 1799 3411 1852 adorato
3451 1801 3626 1854 simu-

378 1889 806 1959 δυσσεδήσαντες
825 1891 902 1953 εἰς
930 1890 1179 1959 ὁμοίωμα
1212 1889 1409 1959 μόσχου
1441 1889 1709 1951 ἐσθίοντος
1740 1889 1951 1959 χόρτον,

380 1979 758 2049 ἐπηρνήσαντο
804 1979 917 2048 (25)
944 1977 1094 2041 Θεὸν,
1128 1978 1218 2032 τὸν
1250 1980 1335 2032 διὰ
1376 1982 1617 2045 Μωσέως
1653 1983 1946 2052 ἐπισκεψᾶο

381 2085 539 2139 μενον
578 2069 773 2133 αὐτοὺς
803 2071 859 2121 ἐν
878 2072 943 2140 τῇ
972 2069 1147 2139 θλίψει
1169 2070 1347 2123 αὐτῶν
1367 2088 1380 2100 ·
1416 2072 1506 2124 τὸν
1533 2073 1603 2126 τὰ
1635 2078 1830 2144 σημεῖα
1856 2075 1949 2127 ἐπὶ

379 2162 565 2232 χειρὸς
585 2161 678 2214 καὶ
706 2160 898 2232 ῥάϐδου
930 2162 1314 2233 ποιησάμενον,
1353 2166 1589 2228 καὶτοὺς
1622 2167 1949 2233 Αἰγυπτίους

376 2253 701 2324 δεκαπληγῳ
726 2252 1036 2317 πατάξαντα
1055 2271 1068 2284 ⁶
1090 2255 1181 2309 τὸν
1202 2254 1299 2325 τὴν
1325 2255 1588 2326 Ἐρυθρὰν
1602 2255 1841 2310 διελόντα
1861 2256 1950 2313 θά-

374 2341 579 2398 λασσαν
600 2348 680 2409 εἰς
712 2346 1006 2419 διαιρέσεις
1027 2346 1255 2400 ὑδάτων·
1285 2346 1376 2398 τὸν
1408 2346 1735 2414 διαγαγόντα
1754 2347 1949 2409 αὐτοὺς

374 2437 432 2488 ἐν
459 2438 608 2509 μέσῳ
639 2438 852 2503 ὓδατος,
887 2440 962 2503 ὼς
979 2440 1144 2492 ἵππον
1166 2441 1224 2492 ἐν
1246 2439 1415 2509 πεδίῳ
1436 2456 1449 2468 ·
1474 2439 1564 2491 τὸν
1581 2440 1813 2509 τοὺςέχθ
1824 2441 1947 2510 ροὺς

374 2530 551 2584 αὐτῶν
572 2532 667 2584 κα)⁸
688 2533 1005 2596 ἐπιϐούλους
1028 2533 1321 2603 βυθίσαντα
1344 2550 1356 2561 ·
1380 2532 1471 2585 τὸν
1491 2535 1568 2595 εἰς
1589 2532 1812 2603 Μεῤῥὰν
1835 2532 1943 2603 (26)

370 2623 471 2693 τὴν
500 2624 702 2696 πικρὰν
736 2627 917 2699 πηγὴν
945 2626 1289 2694 γλυκάναντα
1312 2643 1324 2654 ·
1357 2624 1447 2677 τὸν
1466 2626 1529 2676 ἐκ
1558 2624 1762 2694 πέτρας
1790 2626 1946 2694 ἀκρο-

370 2716 536 2787 τόμου
570 2719 946 2788 καταγαγόντα
969 2718 1113 2790 ὕδωρ
1145 2722 1223 2781 εἰς
1257 2717 1573 2787 πλησμονήν
1596 2733 1609 2746 ο
1641 2717 1731 2768 τὸν
1769 2716 1944 2787 σσύλῳ

370 2809 597 2881 νεφέλης
623 2812 715 2864 καί
749 2811 923 2882 στύλῳ
959 2812 1129 2883 πυρὸς
1163 2810 1449 2874 σκιάζοντα
1474 2811 1656 2873 αὐτοῖς
1688 2809 1776 2862 διὰ
1818 2810 1943 2863 θάλ-

371 2917 471 2965 πος
498 2903 753 2975 ἄμετρον,
785 2905 878 2957 καὶ
911 2904 1209 2974 φωτίζοντα
1239 2904 1332 2955 καὶ
1364 2901 1658 2972 ὁδηγοῦντα
1690 2903 1814 2964 τοὺς
1845 2902 1941 2954 οὐκ

370 2994 578 3061 εἰδότας
606 2997 737 3050 ὅπου
775 2997 1077 3069 πορευθῶσι
1100 3015 1112 3027 σ
1146 2996 1236 3049 τὸν
1267 2996 1327 3060 ἐξ
1346 2994 1575 3067 ούρανοῦ
1610 2994 1939 3066 μαννοδοτή-

368 3103 539 3141 σαντα
562 3089 766 3153 αὐτοῖς,
801 3090 893 3142 καί⁴
919 3090 982 3142 ἐκ
1013 3088 1286 3159 θαλάσσης
1320 3088 1762 3159 κρεωδοτήσαντα
1790 3088 1941 3159 ὀρτυ-

366 3182 671 3252 γομήτραν·
706 3181 798 3234 τὸν
830 3181 887 3233 ἐν
918 3180 997 3251 τῷ
1033 3180 1146 3252 ὄρει
1180 3180 1611 3250 νομοθετήσαντα
1649 3173 1936 3244 αὑτοῖς·οὖ

365 3269 466 3340 τῆς
504 3272 687 3342 φωνῆς
727 3270 1033 3344 ἠξιώθησαν
1091 3271 1389 3324 ἐπακοῦσαι
1414 3288 1427 3301 ⁸
1463 3273 1650 3325 τοῦτον
1691 3274 1941 3347 ἀπηρνή-

368 3377 548 3427 σαντο,
580 3364 820 3428 εἰπόντες
859 3364 938 3435 τῷ
975 3362 1183 3435 Ἀαρών
1209 3380 1221 3393 ·
1266 3384 1283 3414 ι
1311 3364 1543 3434 Ποίησον
1588 3367 1719 3436 ἡμῖν
1761 3366 1936 3430 θεοὺς,

364 3454 414 3506 οἳ
462 3457 922 3528 προπορεύσονται
962 3459 1147 3530 ἡμῶν·
1184 3478 1202 3509 ›
1251 3459 1342 3510 κα)⁸
1369 3460 1799 3529 ἐμοσχοποίησαν
1828 3478 1937 3529 χω-

365 3548 570 3611 νευτὸν,
604 3551 696 3602 καὶ
718 3549 912 3603 ἔθυσαν
943 3550 1021 3619 τῷ
1050 3548 1253 3620 εἰδώλῳ
1276 3566 1288 3578 ·
1323 3549 1443 3601 τότε
1475 3549 1585 3620 (27)
1609 3549 1878 3621 ὀργισθεὶς
1909 3551 1938 3601 ὁ

366 3638 519 3703 Θεὸς,
569 3641 664 3694 ἅτε
705 3642 1087 3713 ἀχαριστηθεὶς
1129 3642 1234 3694 ὑπ’
1270 3640 1467 3703 αὐτῶν,
1506 3640 1690 3711 ἔδησεν
1740 3642 1935 3704 αὐτοὺς

368 3731 589 3803 δεσμοῖς
626 3733 841 3796 ἀλύτοις
886 3734 953 3796 ⁹⁹,
988 3732 1241 3785 στιὸὡσει
1295 3732 1404 3803 (28)
1459 3733 1781 3805 φορτισμοῦ,
1840 3735 1935 3786 καὶ

365 3823 691 3896 σκληρότητι
720 3825 899 3879 κλοιοῦ
925 3843 938 3855 ο
962 3826 1054 3878 καὶ
1073 3826 1253 3879 οὐκέτι
1285 3822 1435 3878 εἶπεν
1457 3842 1470 3855 ’
1508 3826 1634 3879 Ἐὰν
1666 3826 1724 3878 δὲ
1753 3828 1933 3897 ποιῇς,

362 3916 517 3981 ἀλλὰ,
558 3938 577 3970 ι
608 3919 838 3989 Ποίησον
873 3918 1274 3989 θυσιαστήριον,
1316 3918 1408 3971 καὶ
1458 3917 1549 3971 θύε
1598 3918 1882 3990 διηνεκῶςο
1912 3938 1930 3969 ι

362 4009 682 4082 ἐπιλήσμων
710 4011 818 4082 γὰρ
845 4011 1130 4080 τυγχάνεις
1153 4011 1245 4063 καὶ
1271 4011 1582 4083 ἁχὸιριστος.
1627 4012 1935 4065 Ὀλοκαύτει

361 4099 457 4157 οὖν
490 4104 745 4176 συνεχῶς,
776 4104 840 4157 ἶν’
872 4104 1293 4176 ύπομιμνήσκῃς
1318 4122 1440 4175 μου.
1480 4105 1696 4177 Ἐπειδὴ
1729 4105 1838 4176 γὰρ
1869 4107 1935 4176 τῇ

2057 1886 2204 1940 lacro
2227 1888 2381 1941 vituli
2425 1888 2611 1941 fenum
2660 1891 3021 1952 eomedentis,
3050 1899 3388 1960 negaverunt
3433 1891 3626 1954 Deum,

2054 1980 2259 2049 quiper
2288 1979 2759 2043 Mosemeos,dum
2791 1981 3187 2052 afﬂigerentur,
3221 1983 3540 2037 visitaverat
3558 1985 3626 2047 “;

2051 2072 2143 2142 qui
2174 2073 2327 2142 signa
2354 2073 2408 2126 in
2450 2062 2611 2126 manu
2648 2082 2701 2127 et
2746 2074 2897 2144 virga
2935 2074 3214 2136 ediderat,
3245 2090 3307 2128 ac
3338 2074 3628 2145 Egyptios

2052 2164 2223 2232 plagis
2244 2162 2430 2217 decem
2458 2171 2828 2233 percusserat;
2858 2166 2950 2234 qui
2973 2181 3121 2219 mare
3148 2165 3395 2220 Rubrum
3422 2166 3625 2222 divise-

2051 2262 2135 2307 rat
2168 2255 2219 2307 in
2252 2270 2518 2323 aquarum
2563 2256 2864 2311 divisiones
2891 2275 2904 2323 ;
2933 2259 3023 2326 qui
3057 2274 3151 2312 eos
3185 2259 3501 2312 traduxerat
3530 2275 3628 2328 per

2050 2349 2286 2403 medium
2319 2349 2497 2410 undze,
2526 2358 2585 2402 ut
2612 2364 2813 2419 equum
2851 2351 2904 2403 in
2937 2368 3163 2420 campo;
3192 2353 3283 2421 qui
3312 2352 3495 2404 hostes
3532 2368 3628 2407 eo-

2048 2456 2168 2493 rum
2205 2456 2267 2495 ac
2309 2442 2662 2497 insidiatores
2699 2442 3076 2509 demerserat;
3116 2446 3208 2514 qui
3238 2446 3291 2498 in
3322 2444 3468 2497 Mara
3505 2445 3626 2498 fon-

2046 2537 2153 2583 tem
2186 2548 2431 2585 amarum
2476 2534 2727 2587 effecerat
2760 2534 2973 2587 iiulcmn
3001 2552 3014 2600 ;
3064 2535 3155 2603 qui
3191 2550 3256 2587 ex
3290 2544 3440 2604 petra
3485 2537 3623 2590 dura

2046 2638 2241 2691 aquam
2272 2625 2337 2677 ad
2372 2626 2677 2679 satietatem
2721 2628 3012 2690 elicuerat;
3055 2627 3147 2696 qui
3182 2644 3277 2696 per
3308 2629 3621 2682 columnam

2046 2714 2205 2768 nubis
2221 2730 2313 2768 eos
2346 2730 2374 2767 a
2402 2716 2569 2770 nimio
2588 2724 2723 2772 testu
2751 2725 3082 2786 protexerat,
3110 2727 3163 2773 et
3186 2734 3283 2787 per
3311 2720 3621 2771 columnam

2045 2806 2186 2877 ignis
2222 2808 2659 2870 illuminaverat,
2697 2810 3117 2879 nescientesque
3160 2824 3271 2878 quo
3304 2810 3623 2878 proﬁcisce-

2044 2907 2253 2961 rentur,
2286 2900 2622 2966 deduxerat;
2660 2902 2752 2970 qui
2785 2917 3039 2955 mannam
3070 2918 3133 2956 ex
3179 2903 3319 2954 coelo
3350 2902 3483 2972 ipsis
3520 2902 3621 2955 de-

2042 2992 2216 3055 derat,
2249 3000 2301 3047 et
2339 3009 2403 3047 ex
2450 2998 2587 3051 mari
2618 3010 2838 3049 carnem
2886 3011 2981 3049 seu
3013 3002 3436 3066 ortygometram
3483 3011 3622 3065 prm-

2042 3084 2236 3140 buerat
2258 3085 2336 3152 ";
2367 3086 2459 3155 qui
2496 3085 2550 3139 in
2573 3093 2757 3141 monte
2783 3087 2952 3156 legem
2993 3086 3101 3141 illis
3140 3087 3429 3152 tulerat";
3459 3086 3623 3156 cujus

2044 3192 2230 3231 vocem
2266 3178 2457 3233 audire
2486 3178 2636 3249 digni
2681 3179 2808 3232 lacti
2845 3178 3061 3232 fuerant
3095 3196 3108 3230 :
3146 3180 3291 3233 hunc
3329 3187 3617 3249 postquam

2044 3271 2417 3341 abnegarunt,
2462 3272 2707 3326 dicentes
2745 3272 2991 3325 Aaroni:
3030 3290 3047 3322 ι
3098 3270 3206 3327 Fac
3257 3274 3417 3326 nobis
3463 3272 3616 3334 deos,

2044 3363 2137 3433 qui
2173 3364 2483 3433 pratcedent
2510 3380 2611 3419 nos
2632 3365 2708 3432 ’7;
2739 3384 2756 3415 ι
2783 3372 2836 3419 et
2862 3365 3111 3419 fecerunt
3139 3364 3374 3417 vitulum
3413 3362 3619 3417 conﬂa-

2044 3458 2215 3520 tilem,
2244 3466 2297 3514 et
2326 3459 2473 3513 idolo
2515 3458 2968 3514 sacriﬁcaverunt
3004 3475 3016 3510 :
3064 3467 3194 3512 tunc
3225 3459 3402 3511 iratus
3436 3456 3616 3521 Deus,

2044 3550 2211 3620 quod,
2245 3567 2459 3621 nempe,
2490 3552 2558 3605 ab
2588 3552 2656 3607 iis
2682 3553 2915 3622 gratiam
2948 3568 3057 3606 non
3086 3552 3279 3614 ferret,
3312 3549 3500 3620 ligavit
3522 3563 3618 3603 eos

2048 3643 2284 3697 vinculis
2315 3643 2723 3705 insolubilibus,
2755 3645 3111 3714 oppressione
3142 3643 3349 3704 oneris,
3383 3650 3436 3696 et
3465 3640 3620 3694 duri-

2043 3735 2117 3788 tia
2149 3744 2389 3796 eatena);
2423 3752 2598 3806 neque
2613 3736 2847 3809 amplius
2862 3737 3029 3791 dixit:
3061 3734 3611 3799 «Siautemfecerisp

2043 3825 2137 3880 sed
2164 3844 2176 3879 :
2216 3843 2233 3874 ι
2266 3823 2371 3878 Fac
2400 3826 2593 3887 altare,
2616 3835 2670 3879 et
2696 3825 2945 3879 sacrifica
2970 3825 3307 3885 continue",
3350 3845 3366 3874 ι
3393 3823 3619 3877 oblivio-

2043 3932 2138 3971 sus
2172 3917 2317 3970 enim
2348 3932 2407 3971 es
2440 3931 2505 3971 ac
2535 3917 2814 3986 ingratus;
2843 3916 2978 3970 oﬂ’er
3014 3917 3182 3986 igitur
3209 3916 3432 3970 assidue
3463 3916 3618 3969 holoa

2043 4018 2315 4076 caustum,
2348 4018 2407 4063 ut
2437 4010 2755 4064 memineris
2794 4011 2897 4064 mei
2930 4030 2942 4063 :
2986 4010 3112 4079 quia
3142 4010 3287 4063 enim
3320 4009 3490 4063 libera
3516 4022 3618 4077 po-

2043 4109 2241 4157 testate
2276 4100 2415 4154 malc
2440 4100 2646 4155 abusus
2675 4116 2758 4165 es,
2791 4101 3013 4170 impono
3043 4100 3139 4154 tibi
3166 4100 3393 4169 posthac
3424 4114 3617 4152 neces-

434 4242 477 4273 "
507 4241 651 4297 Citat
674 4242 977 4297 Cedrenus.
1000 4241 1137 4295 Vide
1169 4243 1481 4296 testimonia
1518 4250 1783 4296 veterum.
1862 4241 1908 4272 θ’
1939 4240 2087 4296 Psal.
2125 4255 2275 4302 χιιι.
2314 4239 2401 4293 12.
2478 4239 2523 4271 ’³
2548 4238 2723 4295 Exod.
2760 4255 2933 4299 xxxii,
2964 4240 3019 4294 4.
3094 4240 3141 4271 ’⁸
3171 4239 3345 4293 Exod.
3386 4253 3460 4297 Iv.
3494 4246 3610 4298 etc.

358 4315 407 4346 “
432 4310 592 4368 Num.
629 4330 708 4379 xi,
749 4314 837 4368 5!.
913 4313 958 4343 "
987 4313 1153 4367 Exod.
1186 4329 1276 4377 xx,
1310 4322 1353 4365 ι.
1433 4314 1475 4344 ’⁷
1510 4312 1682 4367 Exod.
1717 4327 1891 4375 xxxu,
1929 4315 1981 4367 i.
2057 4312 2103 4343 ’⁸
2133 4311 2305 4365 Exod.
2342 4326 2432 4376 xx,
2464 4310 2555 4364 24.
2591 4311 2635 4341 ”
2659 4308 2794 4364 Vide
2833 4311 2888 4363 in
2919 4310 3170 4365 Cedreno
3202 4319 3257 4364 et
3286 4309 3611 4366 Anastasio.

1698 4484 2061 4541 VARIOIiUM
2092 4484 2328 4541 NOTAE.

434 4647 547 4721 (20)
578 4648 750 4721 illan.
781 4648 955 4721 ᾝδει,
999 4646 1316 4721 cod.__Vind.
1350 4646 1522 4721 CLt-zn.

432 4720 543 4790 (21)
578 4720 757 4774 Ἅϐελ
796 4718 895 4774 καί
933 4718 1076 4773 Νῶε.
1131 4718 1275 4790 Nihil
1314 4720 1538 4773 certius.
1586 4718 1862 4790 Ettamen
1899 4733 1929 4771 a

360 4788 656 4844 Philastrio
678 4799 831 4859 parte
860 4806 942 4853 Ill,
976 4791 1166 4844 haeres.
1196 4789 1264 4841 62
1297 4790 1599 4843 scribitur:
1636 4789 1753 4843 Vita
1769 4789 1931 4842 etiam

362 4877 464 4915 non
496 4860 608 4912 alia
631 4862 829 4929 priores
862 4861 945 4915 illi
974 4864 1146 4914 sancti
1176 4860 1279 4913 nisi
1310 4862 1429 4923 hac,
1466 4862 1521 4913 in
1556 4877 1661 4930 qua
1686 4876 1779 4913 nos
1802 4860 1931 4913 vivi—

360 4949 476 4984 mus
507 4930 834 4985 utebantur:
866 4948 1026 4996 usque
1069 4934 1139 4984 ad
1186 4931 1461 4996 Abraham
1506 4933 1641 4984 enim
1689 4946 1792 4983 non
1824 4932 1933 4983 cir-

360 5001 729 5053 cu‘mcisionem
759 5000 1025 5067 habentes,
1050 5019 1153 5055 non
1179 5003 1461 5072 sacriﬁciis
1483 5002 1790 5072 gaudentes,
1822 5000 1933 5055 Deo

359 5072 659 5143 placebant.
690 5072 825 5127 Cor.

454 5142 543 5214 22)
574 5144 969 5214 Προσοίσωσι.
1000 5143 1134 5198 Cod.
1168 5141 1331 5214 Vind.
1364 5143 1730 5214 προσοίσουσι.
1761 5142 1858 5198 CL.

454 5212 547 5283 23)
580 5212 770 5265 etiam
803 5212 1041 5280 Θυσίαν,
1080 5213 1206 5269 cod.
1249 5212 1419 5267 Vind.
1458 5215 1641 5268 minus
1689 5229 1933 5267 connno-

355 5281 451 5339 de.
472 5281 548 5336 In.

429 5353 541 5424 (24)
579 5352 813 5408 Τούτου.
836 5354 1073 5416 Τούτων,
1103 5355 1225 5409 cod.
1254 5353 1417 5409 Vind.
1451 5355 1668 5418 melius,
1693 5362 1753 5407 ut
1784 5355 1933 5409 vide-

355 5432 469 5489 tur,
512 5424 745 5495 plurium
770 5425 913 5479 enim
940 5442 1059 5495 qua:
1086 5433 1524 5491 antecesserunt,
1550 5428 1691 5480 ratio
1720 5434 1804 5481 est
1834 5426 1933 5479 ha-
1974 5436 1979 5440 ‘

356 5495 554 5550 benda.
580 5494 676 5548 CL.

428 5565 539 5636 (25)
568 5563 1033 5637 Ἐπηρνήσαιίτο.
1065 5566 1497 5637 Ἀπαρνὴσαντο,
1532 5566 1675 5637 quod
1699 5565 1922 5621 verbum

356 5634 695 5706 ﬁeQuentius
721 5645 807 5689 est
837 5638 888 5689 iu
918 5634 1226 5706 Scriptura.
1259 5634 1331 5691 us.

426 5704 537 5776 (26)
568 5706 672 5769 Εἰς
687 5706 941 5773 Μερῤἁν.
957 5704 1087 5762 ΠἽῇ
1100 5704 1289 5759 Latine
1312 5706 1478 5762 Μαι-τι.
1496 5705 1699 5761 ϐττοςίε
1718 5714 1800 5761 est
1824 5714 1919 5759 aut

358 5777 517 5841 Μερά
542 5791 638 5829 seu
661 5776 835 5845 Μερᾶ,
856 5778 907 5829 in
944 5776 1179 5830 Macario
1198 5778 1384 5830 homil.
1415 5778 1481 5830 Η
1507 5777 1797 5845 Gregentio
1820 5778 1912 5831 fol.

1959 4649 2004 4703 D
2034 4646 2137 4700 185
2157 4653 2211 4701 et
2242 4643 2545 4716 Epiphanio
2572 4642 2937 4716 Hagiopolita,
2965 4644 3033 4699 de
3066 4642 3223 4717 Syria
3253 4655 3307 4701 ct
3329 4646 3502 4701 sacris
3530 4646 3610 4700 lo-

2032 4721 2148 4782 cis;
2186 4724 2281 4769 aut
2310 4717 2505 4787 Μερρά
2543 4718 2658 4787 sive
2704 4717 2899 4787 Μερρἄ
2935 4716 3119 4787 vulgo.
3151 4716 3264 4772 Hoc
3302 4718 3609 4772 nescientes

2033 4788 2282 4857 plerique.
2320 4785 2583 4841 librorum
2620 4785 2937 4840 Latinorum
2972 4785 3340 4858 ex‘scriptores
3364 4826 3380 4851 ,
3418 4800 3605 4842 notum

2032 4865 2214 4911 autem
2243 4859 2505 4912 habentes
2538 4858 2771 4929 myrrhae
2799 4860 3370 4929 amarorem,quando
3399 4874 3605 4912 memo-

2034 4929 2144 4981 rari
2194 4929 2547 4982 inveniebant
2594 4928 2825 4982 inerrbae
2870 4928 3328 4991 amaritudinem,
3373 4929 3607 4997 myrrhae

2034 5014 2232 5053 nomen
2252 4997 2694 5053 substituendum
2710 4997 3141 5053 arbitrabantur:
3164 5001 3239 5053 uti
3272 5014 3497 5053 cernere
3521 5008 3609 5053 est

2035 5069 2178 5149 apud
2209 5068 2562 5149 Cyprianum,
2597 5068 2699 5149 sub
2728 5069 2887 5123 linem
2927 5069 3048 5149 libri
3076 5069 3149 5123 De
3187 5071 3300 5123 zelo
3341 5080 3389 5149 et
3425 5069 3605 5133 livore,

2033 5139 2238 5193 Julium
2264 5139 2561 5193 Firmicum
2584 5139 2922 5209 Maternum,
2950 5139 3028 5191 De
3060 5156 3237 5193 errore
3260 5141 3605 5209 profanarum

2032 5211 2353 5280 religionum
2396 5219 2521 5280 ante
2548 5207 2768 5280 _li_n_em,
2811 5208 3229 5280 Hieronymum,
3263 5207 3424 5280 epISt.
3443 5211 3494 5280 ‘4
3520 5212 3603 5280 _ad

2029 5273 2338 5341 Rusticum,
2375 5278 2467 5329 151
2497 5275 2562 5327 ad
2587 5275 2885 5342 Algasiam,
2910 5284 2965 5329 et
2995 5273 3048 5328 in
3075 5273 3404 5335 Nahum'm,
3438 5274 3490 5327 8.
3518 5274 3604 5329 Di-

2031 5362 2151 5401 sces
2175 5347 2380 5412 reliqua
2412 5360 2476 5399 ex
2503 5344 2650 5398 notis
2679 5345 2745 5397 ad
2772 5342 2983 5397 Paulini
3011 5358 3231 5397 carmen
3262 5342 3351 5396 50.
3396 5344 3534 5399 Cor.

2104 5414 2213 5485 (27)
2248 5416 2411 5485 Τότε,
2436 5414 2527 5467 Διό
2557 5415 2608 5485 in
2639 5412 2975 5485 eodJ’ind?
3009 5413 3149 5485 forte
3180 5415 3398 5468 rectius.
3436 5414 3532 5468 CL.

2101 5482 2209 5556 (28)
2246 5484 2542 5556 inbiberat.
2570 5482 2901 5556 ltagcodices
2935 5483 3085 5556 liegii
3111 5482 3606 5556 ﬁnastasianamm

2032 5552 2417 5620 Qu‘ws'timium.
2466 5552 3052 5625 Emendandusiigitur
3099 5552 3363 5625 Georgius
3399 5554 3601 5625 Ccdre-
3652 5584 3656 5589 -

2028 5642 2155 5681 nus.
2178 5625 2372 5680 Postea
2399 5624 2612 5679 notabis
2643 5625 2821 5695 varias
2860 5624 3120 5695 lectiones
3141 5664 3156 5688 ,
3203 5624 3444 5695 καθαροῦ
3486 5626 3606 5679 loco

2028 5696 2195 5749 καλοῦ
2210 5696 2633 5767 ψίηᾉηιιειοείρ,
2657 5704 2711 5750 et
2745 5694 3104 5765 δεκατισμούς
3132 5710 3231 5765 pro
3277 5694 3602 5767 ῥαντισμούς

2029 5768 2169 5837 apud
2195 5766 2518 5821 Cedrenum.
2553 5764 2690 5820 Coc.
