4044 6254
440 328 559 389 εστι

1320 330 1377 386 S.
1413 330 1809 387 CLEMENTIS
1846 329 1864 384 l
1904 326 2071 385 ROB.
2111 328 2315 384 PONT.
2349 328 2573 385 OPERA
2608 328 2833 387 DUBIA.

3566 333 3683 392 θῦεν

439 444 689 509 sitatem;
721 450 885 513 atque
914 442 1117 500 talibus
1148 441 1288 499 cibis
1317 444 1607 510 interdico,
1644 453 1699 500 et
1739 444 2006 501 denuntio

2110 442 2323 515 ἐξουσίᾳ
2354 444 2536 508 κακῶς
2553 446 2869 517 ἀπεχρήσω,
2886 444 3130 516 ἀνάγκην
3158 444 3437 516 ὲπιτίθημί
3457 464 3539 502 σοι
3569 448 3673 504 λοιρ

437 536 539 590 tibi
562 534 901 590 diﬂerentias
931 536 1247 590 animalium
1267 575 1282 599 ,
1312 538 1639 591 mundorum
1682 544 1739 592 et
1768 538 2006 592 immun-

438 628 659 692 dorum,
694 627 821 683 licet
850 644 1012 683 omne
1059 631 1262 683 animal
1292 630 1498 685 bonum
1520 631 1612 692 sit,
1646 638 1834 700 utpote
1863 645 1893 684 a
1920 645 2006 686 me

439 728 682 793 factum;
715 726 842 780 item
882 723 1144 795 praecipio
1180 722 1277 777 tibi
1309 722 1446 776 tales
1479 722 1875 792 separationes,
1908 736 2010 791 pu-

437 819 795 880 riﬁcationes,
826 818 1087 870 continua
1113 815 1461 885 baptismata,
1487 814 1851 884 aspersiones,
1872 814 2009 869 tales

438 906 796 965 lustrationes
818 947 833 971 ,
882 903 1199 959 vacationes
1241 902 1517 970 diversas;
1556 902 1701 972 quod
1731 903 1777 956 si
1808 903 1861 955 in
1892 902 2008 956 sin-

438 1002 584 1073 gulis
614 1000 810 1053 horum
847 1013 957 1051 non
988 996 1297 1059 obedieris,
1335 995 1662 1066 supplicium
1696 993 1913 1057 deﬁnio,
1946 999 2008 1046 ut

438 1094 618 1154 decet,
662 1090 1007 1154 contumaci;
1049 1104 1159 1159 quo
1193 1103 1449 1158 pressus,
1486 1095 1540 1142 et
1576 1101 1606 1140 a
1645 1086 1834 1140 collari
1872 1100 1997 1139 con-

440 1183 690 1244 strictus,
714 1195 952 1235 errorem
983 1179 1050 1232 de
1081 1179 1427 1233 multitudine
1448 1177 1674 1231 deorum
1704 1176 2003 1245 relinquas;

439 1290 503 1327 ac
526 1274 893 1343 praetermisso
932 1272 1024 1325 illo
1054 1270 1242 1325 dicto:
1278 1291 1295 1321 ε
1328 1269 1394 1323 Hi
1427 1270 1501 1324 dii
1528 1270 1630 1334 tui,
1662 1267 1828 1324 Israel
1853 1269 1943 1332 ίοο,
1981 1286 1998 1319 ι

440 1365 571 1418 illud
593 1363 938 1418 memineris:
967 1362 1160 1425 «Audi,
1186 1360 1385 1417 Israel:
1415 1359 1675 1416 Dominus
1697 1360 2003 1426 Deustuus,

441 1455 706 1510 Dominus
737 1471 881 1509 unus
912 1462 997 1509 est
1019 1456 1035 1484 ¹
1056 1493 1072 1518 ,
1111 1473 1130 1505 ›
1167 1468 1532 1522 recurrasque
1561 1452 1626 1505 ad
1657 1468 1775 1507 eam
1808 1453 2003 1523 legem,

440 1564 471 1602 a
496 1565 582 1603 me
612 1548 825 1602 cunctis
846 1546 1159 1600 hominibus
1187 1554 1381 1599 natura
1406 1545 1656 1610 insitam;
1684 1561 1851 1599 unum
1884 1553 2005 1599 tan-

440 1645 555 1690 tum
598 1636 834 1691 existere
867 1634 1035 1689 Deum
1087 1636 1143 1689 in
1173 1636 1313 1690 earlo
1338 1644 1391 1690 et
1421 1637 1474 1689 in
1506 1644 1682 1700 terra;
1724 1652 1848 1691 eum
1880 1636 2005 1690 dili-

2106 537 2226 601 πὸν,
2268 539 2364 591 καὶ
2395 537 2696 608 βρωμάτων
2743 537 2952 606 ἀφιστῶ
2985 536 3225 600 τοιῶνδε,
3277 537 3373 590 καὶ
3409 537 3562 601 ζώων
3594 558 3676 596 σοι

2104 629 2365 702 διαφορὰς
2389 630 2642 702 καθαρῶν
2672 631 2765 682 καὶ
2796 630 3119 701 ἀκαθάρτων
3150 630 3546 701 διαστέλλομαι,
3578 635 3673 691 καί

2103 737 2187 773 τοι
2225 723 2424 785 παντὸς
2466 722 2604 787 ζώου
2639 722 2803 775 καλοῦ
2847 722 2957 793 (29)
3012 722 3387 792 τυγχάνοντος,
3436 724 3532 777 ἆτε
3573 727 3674 779 ὑπ’

2106 813 2239 884 ἐμοῦ
2272 815 2580 885 γενομένου·
2624 816 2716 867 καὶ
2752 816 3085 887 ἀφορισμοὺς
3117 816 3354 868 τοιούσδε
3389 834 3470 869 σοι
3513 836 3678 889 προσ-

2104 906 2311 969 τάσσω,
2358 907 2760 978 καθαρισμοὺς,
2810 908 3005 977 συνεχῆ
3065 907 3432 977 βαπτίσματα,
3490 912 3677 980 ῥαντι-

2108 999 2299 1067 σμοὺς,
2343 998 2563 1065 ἁγνείας
2591 998 2825 1061 τοιάσδε,
2855 999 3048 1070 ἀργίας
3084 999 3400 1070 διαφόρους·
3429 1000 3522 1052 καὶ
3550 1001 3677 1053 τού-

2103 1107 2211 1143 των
2246 1091 2337 1159 ἐφ’
2381 1090 2595 1162 ἑκάστῳ
2638 1091 2731 1144 ὲάν
2775 1093 3144 1163 παρακούσης,
3182 1093 3446 1163 τιμωρίαν
3477 1092 3674 1163 ὁρίζω,

2105 1182 2181 1245 ὡς
2215 1182 2379 1247 ἔοικε,
2409 1184 2488 1254 τῷ
2518 1185 2732 1238 ἀπειθεῖ
2753 1186 2862 1256 (50)
2883 1203 2896 1215 ·
2941 1186 3089 1249 ὅπως
3120 1185 3434 1254 πιεζόμενος
3459 1185 3679 1238 manu

2104 1274 2200 1327 τοῦ
2235 1273 2417 1327 κλοιοῦ
2441 1276 2761 1347 ἀγχόμενος,
2793 1277 2894 1347 τῆς
2926 1277 3184 1331 πολυθέου
3218 1277 3424 1348 πλάνης
3453 1280 3673 1349 ἐκστῇς·

2106 1370 2201 1423 καὶ
2228 1369 2426 1442 παρεὶς
2450 1371 2512 1425 τὸ
2560 1391 2577 1425 ι
2625 1365 2783 1424 Οὗτοι
2822 1372 2871 1422 οἱ
2918 1370 3027 1422 θεοί
3069 1387 3160 1422 σου
3200 1369 3437 1440 Ἰσραὴλ,
3481 1389 3499 1421 ι
3546 1371 3679 1423 ὑπο-

2110 1467 2352 1539 μνησθῇς
2385 1468 2446 1521 τὸ
2492 1487 2510 1519 ι
2552 1468 2767 1529 Ἀκουε,
2806 1462 3020 1534 Ἰσραὴλ
3044 1502 3058 1526 ,
3093 1463 3293 1534 Κύριος
3326 1465 3353 1515 ὁ
3385 1462 3514 1526 Θεός
3558 1480 3674 1527 σου,

2106 1558 2308 1631 Κύριος
2336 1554 2414 1622 εἷς
2432 1561 2568 1622 ἐστι,
2612 1579 2630 1610 ›
2670 1561 2761 1611 καὶ
2783 1558 3097 1627 ἀναδράμῃς
3126 1557 3196 1607 ἐπ
3216 1557 3227 1577 ’
3254 1558 3455 1607 ἐκεῖνον
3484 1554 3572 1606 τὸν
3592 1555 3678 1606 νό-

2110 1670 2208 1723 μον
2240 1653 2331 1706 τὸν
2361 1655 2467 1707 ὑπ’
2502 1652 2638 1725 ὲμοῦ
2664 1656 2731 1724 τῇ
2784 1653 2940 1722 φύσει
2978 1649 3380 1719 καταϐληθέντα
3408 1652 3519 1711 τοῖς
3565 1648 3676 1718 (51)

438 1729 674 1799 gendum
698 1744 765 1782 ex
788 1734 904 1781 toto
930 1728 1117 1792 corde,
1135 1735 1189 1782 et
1209 1743 1274 1782 ex
1302 1727 1434 1783 totis
1465 1727 1695 1792 viribus,
1729 1736 1782 1782 et
1804 1744 1869 1783 ex
1892 1736 2004 1783 tota

2109 1746 2275 1800 πᾶσιν
2293 1745 2600 1817 ἀνθρώποις
2616 1763 2629 1776 ·
2656 1745 2751 1798 ’ἐνα
2776 1744 2932 1815 μόνον
2959 1744 3218 1813 ὑπάρχειν
3240 1740 3367 1793 Θεὸν
3389 1742 3445 1792 ἐν
3464 1739 3677 1813 οὐρανῷ

441 1829 661 1887 mente;
694 1828 923 1889 excepto
966 1819 1061 1873 illo
1093 1821 1257 1873 alium
1287 1835 1396 1873 non
1436 1820 1767 1886 timendum;
1811 1836 2007 1875 nomen

437 1921 761 1968 ceterorum
782 1912 1007 1966 deorum
1032 1927 1207 1981 neque
1224 1913 1554 1982 cogitatione
1573 1913 2005 1983 percipiendum,

439 2019 616 2074 neque
647 2004 831 2073 lingua
861 2011 916 2057 et
961 2019 1057 2058 ore
1105 2002 1509 2073 proferendum.
1548 2002 1779 2074 Propter
1826 2006 2009 2061 cordis

439 2110 630 2150 eorum
662 2094 942 2159 dmitiem,
975 2095 1219 2166 alligavit
1253 2111 1348 2150 eos
1375 2112 1391 2162 ;
1422 2104 1481 2149 ut
1514 2097 1896 2160 sacriﬁcando,
1928 2096 2009 2152 fe-

440 2187 656 2249 riando,
696 2186 978 2257 purgando
1011 2202 1089 2249 se,
1121 2201 1186 2240 ac
1217 2186 1562 2241 observando
1600 2188 1824 2251 similia,
1857 2188 2008 2241 veni-

441 2288 565 2333 rent
606 2278 672 2332 ad
718 2279 1106 2349 c0gitationem
1148 2278 1215 2334 de
1246 2278 1394 2343 Deo,
1431 2280 1523 2349 qui
1563 2280 1676 2335 lucc
1715 2280 1822 2335 illis
1870 2294 2007 2351 pra:-

439 2368 604 2439 cepit.

2110 1840 2205 1893 καὶ
2236 1841 2326 1892 ἐπὶ
2357 1840 2461 1909 γῆς
2484 1858 2498 1870 ·
2534 1840 2627 1893 καὶ
2657 1839 2843 1893 τοῦτον
2892 1839 3107 1906 ἀγαπᾷν
3141 1835 3199 1898 ἐξ
3238 1834 3361 1905 ὅλης
3406 1834 3506 1902 τῆς
3534 1849 3677 1903 καρ-

2109 1933 2248 1997 δίας,
2278 1934 2373 1987 καὶ
2418 1932 2477 1996 ἐξ
2508 1933 2634 2004 ὅλης
2666 1932 2766 2001 τῆς
2806 1930 3013 2000 ἰσχύος,
3046 1928 3140 1981 καὶ
3173 1925 3231 1990 ἐξ
3261 1926 3389 1995 ὅλης
3424 1925 3525 1994 τῆς
3557 1925 3678 1977 δια-

2109 2026 2290 2089 νοίας’
2335 2026 2427 2079 καὶ
2461 2024 2600 2096 πλὴν
2641 2022 2806 2077 αὑτοῦ
2856 2023 2928 2093 μὴ
2970 2019 3247 2091 φοϐεῖσθαι
3292 2018 3448 2071 ἄλλον
3475 2034 3489 2047 ο
3538 2016 3678 2086 μήτε

2111 2119 2280 2188 δνομα
2310 2118 2445 2171 θεῶν
2466 2119 2665 2188 ἐτέρων
2690 2118 2779 2170 ἐπὶ
2796 2116 3028 2178 διανοίας
3048 2113 3358 2184 λαμϐάνειν,
3383 2112 3517 2181 μήτε
3542 2125 3678 2179 προ-

2112 2213 2298 2283 φέρειν
2322 2210 2538 2281 γλώσσῃ
2585 2211 2672 2263 διά
2714 2211 2996 2280 στόματος.
3030 2207 3128 2259 Διά
3169 2206 3266 2276 τὴν
3301 2205 3410 2274 (52)
3447 2202 3679 2271 σκληρο-

2113 2303 2336 2373 καρδίαν
2384 2301 2560 2354 αὑτῶν
2601 2302 2859 2370 ὲπέδησεν
2910 2299 3021 2369 (55)
3071 2298 3285 2359 αὑτοὺς,
3341 2297 3425 2349 ἵνα
3465 2294 3549 2346 διά
3580 2291 3676 2345 τοῦ

2115 2394 2279 2457 θύειν,
2312 2394 2405 2447 καὶ
2427 2394 2635 2465 ἀργεῖν,
2668 2394 2762 2445 καὶ
2789 2390 3116 2461 ἁγνίζεσθαι,
3151 2390 3243 2442 καὶ
3273 2387 3339 2439 τὰ
3366 2386 3539 2439 τοιάδε
3576 2401 3679 2436 παν-

446 2484 812 2557 ρατηρεῖσθαι,
838 2486 917 2549 είς
944 2485 1149 2540 ἔννοιαν
1182 2484 1374 2539 ἔλθωσι
1406 2485 1500 2539 τοῦ
1528 2485 1681 2550 Θεοῦ,
1704 2485 1798 2540 τοῦ
1832 2486 2003 2539 ταῦτα
2034 2484 2425 2554 διαταξαμένου
2454 2486 2655 2549 αὐτοῖς.

1028 2618 1255 2674 CAPUT
1291 2619 1432 2677 ΧΧΙ.

445 2728 599 2794 Quod
631 2730 796 2784 simus
830 2730 924 2784 sub
954 2732 1152 2801 gratia,
1187 2748 1290 2785 non
1321 2742 1496 2785 autem
1525 2732 1620 2786 sub
1652 2732 1901 2788 servitute
1930 2732 2005 2788 leo

618 2802 698 2869 gis
739 2801 997 2864 inductw,
1029 2803 1118 2871 qui
1150 2804 1203 2854 in
1243 2801 1510 2856 Christum
1549 2803 1830 2857 credimus.

518 2887 693 2945 Vestri
732 2902 910 2947 autem
933 2932 948 2955 ,
988 2894 1081 2962 qui
1120 2894 1172 2946 in
1200 2908 1365 2945 unum
1409 2893 1598 2957 Deum,
1629 2910 1737 2947 non
1770 2893 2007 2948 necessi-

443 2987 554 3035 tate
574 2982 905 3047 credidistis,
933 2983 1025 3038 sed
1052 2997 1187 3036 sano
1210 2981 1456 3045 arbitrio,
1483 2982 1699 3035 vocanti
1731 2982 2008 3050 obtempe—

2611 2617 3004 2675 ΚΕΦΛΛᾹῙΟΝ
3035 2616 3165 2668 ΚΑ’.
3300 2696 3306 2703 _

2112 2743 2233 2794 Ὅτι
2260 2739 2376 2796 ὑπὸ
2406 2736 2579 2806 χάριν
2604 2734 2809 2805 ἐσμὲν,
2830 2735 3105 2806 ἁλλ’ὀὺχ
3126 2729 3239 2806 ὑπὸ
3261 2727 3541 2806 δουλείαν
3568 2724 3674 2779 τοῦ

2144 2800 2500 2864 ἑπεισάκὶού
2528 2800 2732 2875 νόμοὶ),
2765 2808 2818 2857 οἱ
2844 2808 2929 2869 εὶς
2956 2800 3207 2871 Χριστὸν
3236 2800 3635 2860 πιστεύοντες.

2192 2902 2375 2974 Ὑμῶν
2406 2902 2483 2964 δὲ,
2515 2901 2623 2953 τῶν
2646 2897 3046 2952 πιστευσάντων
3074 2896 3151 2956 είς
3170 2892 3261 2944 τὸν
3293 2892 3386 2943 ἕνα
3418 2889 3547 2942 Θεὸν
3576 2888 3675 2941 οὑκ

2112 2992 2220 3050 ἀπὸ
2237 2994 2499 3063 ἀνάγκης,
2521 2990 2655 3044 ἀλλὰ
2674 2990 2779 3043 ἀπὸ
2799 2987 3019 3058 γνώμης
3047 2983 3229 3053 ὑγιοῦς
3256 2979 3674 3035 ὑπακουσάντων

445 3072 633 3136 rastis,
666 3073 808 3128 beati
838 3082 965 3128 sunt
1001 3073 1309 3141 oculi,quia
1345 3072 1558 3135 vident;
1585 3072 1711 3125 item
1734 3087 1894 3126 aures
1922 3086 2006 3126 ve-

2113 3087 2192 3159 τῷ
2224 3086 2531 3145 καλέσαντι,
2579 3082 2833 3153 μακάριοι
2863 3081 2911 3133 οἱ
2949 3076 3234 3149 ὀφθαλμοὶ,
3268 3075 3348 3127 ὅτι
3384 3072 3674 3143 βλέπουσι,

445 3172 593 3228 strae,
625 3166 880 3233 quoniam
905 3165 1130 3218 audiunt
1154 3165 1173 3193 '
1213 3179 1227 3213 :
1263 3178 1386 3215 nam
1428 3162 1653 3215 relaxati
1684 3162 1816 3216 estis
1845 3177 1874 3214 a
1898 3162 2011 3215 vin-

444 3255 605 3317 culis,
637 3263 690 3308 et
717 3255 930 3307 liberati
961 3269 989 3306 a
1022 3254 1302 3308 servitute.
1334 3271 1352 3303 ι
1395 3250 1513 3305 Jam
1550 3269 1567 3300 ι
1612 3252 1778 3316 enim,
1809 3253 2005 3322 inquit,

452 3363 471 3396 ι
499 3361 609 3400 nun
656 3345 781 3399 dico
825 3360 922 3400 vos
971 3359 1179 3406 servos,
1238 3343 1333 3398 sed
1381 3342 1785 3411 amicos;quia
1825 3344 2008 3396 omnia

446 3452 789 3507 quaecunque
835 3436 1017 3490 audivi
1048 3451 1077 3488 a
1114 3434 1274 3489 Patre
1297 3450 1435 3500 meo,
1469 3446 1595 3490 nota
1622 3435 1723 3490 feci
1754 3436 1907 3491 vobis
1930 3438 2003 3490 ³.»

446 3528 557 3584 filis
604 3528 806 3598 quippe
843 3527 934 3596 qui
977 3525 1162 3579 videre
1188 3526 1511 3590 noluerunt,
1556 3542 1733 3596 neque
1780 3526 2006 3587 audire,

446 3635 555 3676 non
583 3619 653 3673 ob
691 3619 924 3689 partium
967 3616 1268 3683 defectum,
1303 3618 1397 3672 sed
1427 3618 1497 3672 ob
1527 3634 1813 3674 excessum
1852 3619 2009 3672 mali~

446 3713 564 3779 tite;
600 3729 618 3762 ι
650 3710 771 3765 dedi
802 3716 1068 3780 praecepta
1102 3724 1211 3763 non
1243 3711 1414 3775 bona;
1457 3717 1514 3765 et
1545 3710 1968 3779 justiﬁcationes
1990 3749 2005 3775 ,

449 3804 504 3860 in
526 3804 726 3874 quibus
766 3818 873 3857 non
905 3803 1086 3856 vivent
1126 3802 1179 3855 in
1222 3801 1340 3857 eis"
1369 3821 1380 3855 :
1411 3820 1430 3854 ι
1494 3817 1602 3855 ηοιι
1634 3802 1774 3855 bona
1803 3811 2005 3865 autem,

445 3894 726 3965 proposito
745 3910 933 3948 eorum
960 3910 974 3959 ;
1006 3892 1442 3962 quandoquidem
1463 3900 1516 3947 et
1539 3895 1779 3947 cauterio
1803 3902 1854 3947 et
1877 3894 2011 3948 scal-

447 3986 646 4057 pellum
681 3994 735 4041 et
774 3984 1168 4039 medicamenta
1191 4024 1206 4047 ,
1242 3984 1461 4037 inimica
1508 3993 1635 4039 sunt
1662 3985 1802 4039 male
1832 4002 1889 4040 se
1920 3985 2010 4038 lia-

446 4074 700 4131 bentibus
735 4094 747 4128 :
788 4095 805 4124 ι
840 4089 945 4127 non
988 4073 1150 4127 etiam
1186 4081 1496 4137 servantur,
1519 4093 1537 4124 ι
1572 4084 1795 4144 propter
1818 4091 2007 4129 eorum

444 4168 839 4221 contumaciam
869 4183 882 4233 ;
919 4166 1063 4221 unde
1108 4174 1161 4220 et
1192 4166 1325 4235 ipsis
1358 4174 1585 4221 mortem
1637 4183 1744 4222 non
1796 4180 2009 4223 servata

443 4257 702 4315 inferunt.

1003 4370 1232 4427 CAPUT
1281 4370 1449 4428 XXII.

2111 3181 2203 3232 καὶ
2233 3178 2302 3230 τά
2331 3173 2443 3230 ὦτα
2477 3174 2649 3245 ὑμῶν,
2688 3174 2774 3226 ὅτι
2810 3172 3092 3225 ἀκούουσιν
3117 3186 3129 3199 ο
3163 3166 3407 3237 ἀνείθητε
3434 3162 3542 3233 γὰρ
3567 3162 3675 3214 τῶν

2108 3269 2322 3341 δεσμῶν
2346 3308 2363 3332 ,
2402 3269 2495 3322 καὶ
2536 3264 2941 3338 ἠλευθερώθητε
2973 3260 3211 3322 δουλείας
3245 3258 3373 3329 (54).
3416 3276 3434 3307 ι
3480 3254 3675 3309 Οὐκέτι

2108 3362 2235 3433 γὰρ,
2291 3362 2472 3432 φησὶν,
2511 3360 2653 3428 λέγω
2705 3360 2845 3429 ὑμᾶς
2891 3354 3126 3416 δούλους,
3176 3350 3309 3405 ἀλλά
3356 3349 3558 3418 φίλους,
3594 3346 3677 3398 ὅτι

2111 3454 2287 3507 πάντα
2324 3452 2359 3505 ἃ
2407 3453 2611 3523 ηκουσα
2664 3449 2813 3522 παρά
2849 3447 2941 3501 τοῦ
2990 3445 3200 3516 Πατρός
3236 3460 3356 3513 μου,
3409 3439 3677 3511 ἐγνώρισα

2110 3550 2256 3618 ὑμῖν.
2299 3566 2317 3597 ι
2359 3547 2616 3608 Ἐκείνοις
2642 3544 2749 3616 γὰρ
2782 3544 2855 3615 μὴ
2875 3542 3158 3612 θελήσασιν
3193 3540 3337 3600 ἰδεῖν,
3364 3539 3496 3609 μήτε
3512 3536 3677 3590 ἀκοῦ-

2111 3657 2220 3702 σαι,
2273 3640 2334 3692 οὐ
2389 3639 2638 3710 στερήσει
2688 3637 2909 3709 μορίων,
2962 3633 3096 3686 ἀλλά
3140 3632 3335 3694 κακίας
3383 3628 3675 3702 ὑπερϐολῇ,

2116 3749 2134 3781 ‹
2163 3732 2337 3785 ἔδωκα
2370 3730 2766 3802 προστάγματα
2794 3729 2853 3780 οὐ
2894 3726 3055 3788 καλὰ,
3098 3726 3188 3778 καὶ
3223 3722 3585 3793 δικαιώματα,
3619 3722 3676 3771 ὲν

2110 3817 2189 3886 οἷς
2218 3823 2278 3875 οὑ
2308 3822 2563 3893 ζήσονται
2598 3824 2654 3873 ὲν
2684 3821 2892 3882 αὐτοῖς’
2918 3838 2935 3869 ι
2977 3819 3036 3870 οὑ
3069 3816 3207 3870 καλά
3254 3817 3331 3878 δὲ,
3368 3815 3445 3885 τῷ
3489 3812 3675 3882 σκοπῷ

2109 3915 2289 3968 αὑτῶν
2315 3932 2327 3943 ·
2356 3914 2542 3985 ἐπειδὴ
2570 3914 2733 3971 καὶοί
2766 3912 3035 3982 καυτῆρες
3068 3911 3160 3962 καὶ
3187 3910 3248 3960 τὸ
3277 3909 3423 3977 ξίφος
3449 3906 3557 3977 (55)
3584 3906 3674 3958 καὶ

2108 4008 2176 4061 τά
2206 4009 2489 4081 φάρμακα.
2527 4004 2695 4076 ὲχθρά
2720 4007 2832 4066 τοῖς
2866 4004 2963 4072 οὐχ
3004 4001 3360 4069 ὑγιαίνουσιν·
3392 3997 3674 4066 ἀφύλακτα

2110 4101 2166 4154 δὲ
2189 4101 2275 4154 διά
2298 4103 2394 4171 τὴν
2414 4098 2588 4151 αὑτῶν
2618 4097 2900 4168 παρακοήν
2922 4111 2936 4127 '
2976 4094 3095 4145 ὅθεν
3120 4094 3213 4145 καὶ
3247 4092 3471 4144 θάνατον
3496 4090 3677 4149 αὑτοῖς

2110 4194 2303 4262 ἐπάγει
2329 4193 2401 4263 μὴ
2431 4190 2824 4263 φυλασσόμενα.

2626 4366 3016 4421 ΚΕΦΑΛΑῘΟΝ
3041 4364 3166 4417 ΚΒ’.

438 4462 601 4535 Quod
639 4464 874 4517 ascititia
910 4473 1022 4516 erat
1049 4465 1131 4517 (ea:
1169 4463 1232 4518 de
1256 4466 1557 4534 sacriﬁciis,
1584 4482 1740 4535 quam
1771 4464 2006 4520 Christus

2118 4465 2237 4517 Ὅτι
2266 4463 2684 4535 ἐπείσακτοςᾘό
2713 4458 2813 4535 ἐπί
2842 4457 2951 4528 (56)
2977 4455 3201 4535 θυοίῶσ⁸
3245 4455 3444 4521 νόμος,
3475 4451 3544 4504 ὃν
3570 4467 3675 4503 πε-

932 4534 1222 4601 ⁵ααυιοηὶεηδ
1256 4537 1492 4590 sustulit.

518 4627 628 4683 Vos
655 4644 784 4698 ergo
805 4628 970 4690 beati,
1015 4629 1106 4697 qui
1144 4628 1307 4683 soluti
1331 4631 1463 4682 estis
1494 4626 1782 4682 maledicto
1805 4642 1825 4678 ι
1845 4627 2007 4680 adve-

444 4723 601 4777 niens
631 4720 777 4777 enim
808 4720 1061 4775 Christus
1083 4759 1099 4784 ,
1132 4719 1226 4775 Dei
1258 4718 1427 4773 Filius
1450 4761 1464 4785 ,
1500 4720 1668 4788 legem
1708 4728 1882 4773 ratam
1917 4720 2011 4772 lia-

517 4905 584 4937 “°
603 4902 773 4961 Exod.
809 4916 983 4966 xxxtt,
1012 4898 1066 4954 4.
1142 4899 1159 4930 ¹
1196 4898 1352 4955 Deut.
1375 4916 1450 4965 v1,
1474 4899 1529 4955 4.
1605 4898 1829 4953 ’Matth.
1849 4913 1968 4955 xm.
1995 4896 2082 4952 16.
2158 4896 2344 4951 'Joan.
2371 4913 2460 4960 xv,
2492 4894 2578 4949 ‘5.

2388 4533 2575 4599 ριεῑλε
2603 4528 2854 4596 Χριστὸς
2882 4527 3375 4594 παραγενόμενος.

2195 4625 2381 4695 Ὑμεῖς
2413 4622 2505 4677 οὑν
2548 4621 2825 4692 μακάριοι,
2863 4620 2912 4671 οἱ
2968 4618 3214 4679 λυθέντες
3252 4617 3351 4685 τῆς
3390 4614 3630 4685 κατάρας
3656 4630 3673 4643 ο

2120 4717 2352 4787 Χριστὸς
2384 4717 2492 4786 γὰρ
2534 4713 2990 4784 παραγενόμενος,
3033 4710 3063 4761 ὁ
3096 4708 3189 4761 τοῦ
3232 4706 3365 4761 Θεοῦ
3392 4707 3536 4769 Υἱὸς,
3582 4706 3677 4757 τὸν

2667 4893 2690 4924 ⁸
2712 4892 2907 4949 Eaech.
2943 4907 3033 4958 xx,
3060 4890 3149 4945 25.

1779 5096 2135 5153 VARlORUM
2171 5094 2403 5152 NOTAE.

511 5239 623 5312 (29)
644 5239 866 5312 Καλοῦ.
884 5237 1078 5312 Cod.)
1091 5239 1204 5312 ind.
1227 5234 1493 5312 καθαροῦ,
1513 5233 1656 5312 quod
1676 5235 1881 5312 malim.
1901 5234 2008 5312 _Ct_..

663 5312 757 5376 Ὠς
781 5310 956 5376 ἔοικε,
980 5309 1059 5374 τῷ
1084 5308 1327 5380 ἀπειθεῖ.
1361 5305 1507 5361 [dem
1531 5305 1704 5361 codex
1736 5323 1750 5360 :
1774 5306 1849 5369 ὡς
1866 5305 2010 5358 οἰκέ-

438 5395 501 5453 τῃ
523 5379 765 5453 ἀπειθεῖ,
789 5381 932 5453 quod
955 5381 1167 5434 melius.
1194 5379 1269 5453 In.

509 5451 622 5521 (51)
658 5445 821 5516 Τοῖςξ
838 5450 966 5521 Dele
986 5449 1270 5521 cumcod.
1292 5446 1455 5501 Vind.
1479 5445 1558 5500 In.

507 5514 621 5592 (52)
654 5514 917 5592 Διὰήτήνζ
945 5518 1089 5574 Idem
1112 5519 1198 5573 διὰ
1216 5518 1323 5591 γὰρ
1345 5520 1466 5591 τήν,
1497 5524 1556 5571 ut
1574 5516 1715 5571 ratio
1752 5514 2003 5587 superio-

435 5588 558 5645 rum
584 5588 863 5645 reddatur.
899 5588 973 5643 In.

497 5660 621 5731 (53),
640 5658 999 5731 Ἐπήδησεγ.
1039 5658 1302 5731 Quamvis
1333 5662 1472 5731 ritus
1502 5655 1725 5731 Mosaici
1749 5670 1876 5712 vera
1899 5654 2010 5710 sint

436 5727 682 5795 vincula,
707 5739 767 5785 ut
792 5729 966 5800 possit
983 5744 1107 5787 esse
1134 5728 1225 5784 hic
1264 5729 1392 5784 huic
1420 5727 1585 5783 verbo
1615 5727 1767 5783 locus
1788 5744 1803 5789 :
1827 5733 2009 5781 tamen

2113 5230 2297 5284 malim
2348 5246 2470 5284 eum
2516 5227 2679 5285 Vind.
2726 5228 3027 5291 ἐπαίδευσε,
3079 5228 3159 5282 sic
3199 5228 3343 5282 enim
3387 5224 3671 5297 legendum

2111 5301 2167 5356 in
2198 5316 2263 5355 eo
2297 5316 2395 5370 pro
2424 5301 2713 5371 ὲπαίδησε,
2753 5300 2895 5368 quod
2937 5299 3191 5371 vitiosum
3215 5309 3313 5371 est.
3347 5297 3422 5371 In.

2180 5367 2635 5442 (54)'Ao_v.lst'ac'._
2647 5367 2920 5442 06:d:__7.a‘t
2938 5371 2966 5420 ὁ
2991 5369 3194 5442 Κύριος
3222 5367 3355 5442 πρὸς
3372 5368 3519 5442 ἡμᾶς
3540 5367 3673 5442 τοὺς

2106 5435 2283 5565 stici};
2307 5440 2557 5511 μαθητὰς
2581 5435 2756 5493 εἶπεν.
2789 5438 2912 5494 Haec
2938 5435 3213 5493 adduntur
3241 5435 3298 5493 iit
3324 5435 3511 5493 codice
3540 5435 3673 5489 Vin-

2144 5527 2175 5565 ο
2218 5552 2231 5565 .
2286 5527 2336 5564 n.

2144 5513 2231 5566 ob.
2265 5513 2336 5564 In.

2174 5581 2286 5652 (55)
2318 5582 2517 5650 Ξίφος.
2551 5580 2711 5652 Vind.
2742 5579 3142 5652 eod._ot6ﬁptov.
3176 5576 3249 5652 In.

2185 5649 2294 5723 (56)
2324 5649 2471 5723 Ἐπί.
2506 5652 2637 5723 Περί
2663 5651 2717 5704 in
2749 5649 2931 5723 _Vind._
2953 5649 3090 5723 eod._
3120 5650 3343 5717 rectius,
3373 5654 3426 5703 et
3446 5662 3545 5721 pro
3571 5661 3673 5701 πιο

2115 5719 2284 5794 ριεῖλε
2313 5721 2514 5794 ﬂipqu
2543 5719 2867 5794 θ’περαίνω,
2898 5720 3024 5791 ﬁnio
3070 5719 3147 5779 ID.
