4044 6254
480 312 579 369 971
1366 324 1422 381 S.
1466 325 1860 388 CLEMENTIS
1894 335 1912 388 l
1948 335 2112 393 ROM.
2149 339 2349 397 PONT.
2386 342 2613 399 OPERA
2650 345 2874 404 DUBIA.
3618 356 3729 415 972

477 438 544 479 ea
577 440 703 481 vero
717 440 939 483 cessare
963 427 1111 495 fecit,
1138 431 1416 505 implendo
1443 442 1534 494 illa
1558 444 1713 511 prius
1743 466 1755 500 :
1780 448 2045 517 siquidem

2159 456 2251 507 καὶ
2284 457 2499 525 ἐγένετο
2525 461 2553 510 6
2577 461 2871 533 νομοθέτης
2898 463 3088 532 αὐτὸς,
3120 465 3390 539 πλήρωμα
3412 465 3507 520 τοῦ
3537 470 3727 539 νόμου·

476 526 533 576 et
561 523 926 577 circumcisus
964 531 1069 587 est,
1115 533 1169 579 et
1217 542 1474 597 aspersus
1504 534 1567 598 '7;
1600 535 1727 589 item
1777 542 2045 596 sacriticia

2161 548 2261 601 οὐκ
2290 523 2492 603 ἀνελὼν
2516 554 2607 607 τὸν
2630 523 2862 622 eoatst
2888 523 3087 627 νόμον,
3132 523 3275 613 ἀλλά
3315 523 3531 625 παύσας
3557 523 3625 615 τὰ
3642 563 3734 616 διὰ

477 622 534 669 et
580 613 902 670 holocausta
963 618 1186 681 obtulit,
1235 623 1483 694 aliosque
1534 630 1673 685 ritus
1727 635 2045 703 usurpavit;

480 704 726 725 μευ-.
860 710 873 725 .
1224 716 1236 725 .
1318 716 1328 725 .
1416 719 1601 725 --,

2158 640 2256 710 τῆς
2271 644 2660 714 Δευτερώσεως
2691 648 3012 714 ἐπείσακτα,
3044 653 3090 703 εἰ
3122 651 3217 704 καὶ
3248 652 3322 725 μὴ
3344 653 3540 708 πάντα.

478 704 689 813 fuitque
714 708 827 777 ipse
860 710 1159 813 legislator,
1188 716 1468 782 plenitudo
1502 721 1672 791 legis;
1714 742 1823 779 non
1850 730 2064 783 sublata
2110 704 2227 797 lege
2257 704 2494 791 naturali
2547 704 2653 793 sed.
2681 739 2904 796 abolitis
2941 704 3033 805 iis,
3081 758 3203 813 quae
3248 704 3739 813 |perDeuterositl

477 804 651 852 ascita
690 812 871 864 erant,
904 804 1118 859 tametsi
1153 820 1262 859 non
1306 810 1581 867 omnibus.

1027 941 1259 996 CAPUT
1313 944 1503 1003 XXIII.

2674 945 3069 999 ΚΕΦΛΛΑΙΟΝ
3098 949 3223 1002 Kl".

481 1052 600 1118 Quo
623 1053 775 1105 modo
789 1053 1040 1136 .CItrisltts
1065 1057 1225 1125 fuerit
1250 1060 1512 1136 perfector
1542 1063 1668 1131 legis
1692 1079 1710 1127 ,'
1737 1074 1786 1118 et
1808 1082 2045 1134 quwnam

2158 1052 2290 1136 Πῶς
2320 1056 2638 1136 πληρωτὴς
2650 1059 2773 1136 »τοῦ
2801 1060 3252 1136 νόμου-γέγονεν
3274 1066 3319 1136 ὁ,
3336 1067 3606 1136 Χριστός·
3634 1070 3736 1126 και

567 1139 635 1177 ea:
654 1140 718 1177 ea
746 1126 1051 1190 aboleverit,
1085 1139 1178 1181 aut
1212 1125 1456 1195 niularit,
1483 1125 1957 1191 autiraizstulerit.

2230 1127 2365 1208 {ira
2401 1129 2616 1181 τούτου
2641 1125 2936 1190 ἔπαυσεν,
2974 1125 3026 1197 ἦ
3062 1125 3423 1201 ἐνήλλαξε-ἆ,
3476 1127 3517 1196 ἢ
3562 1125 3739 1208 iusti-4

2229 1198 2429 1263 θηκενι.

551 1282 746 1354 Legem
771 1287 918 1341 enim
949 1292 1252 1346 naturalem
1285 1309 1395 1347 non
1446 1297 1695 1365 sustulit,
1725 1299 1820 1354 sed
1853 1302 2045 1356 contir-

2239 1288 2344 1342 Τόν
2370 1306 2428 1342 τε
2464 1284 2829 1361 γάρίρυσικὸν
2852 1292 3015 1364 νόμον
3039 1295 3139 1347 οὐκ
3177 1296 3405 1362 ἀνεῖλεν,
3444 1299 3572 1352 ἀλλ’
3615 1301 3740 1355 ἐϐε-

480 1379 666 1431 mavit.
697 1377 832 1432 Nam
862 1381 957 1451 qui
998 1382 1054 1436 in
1083 1383 1201 1454 lege
1259 1386 1474 1441 dixerat
1506 1407 1521 1442 :
1562 1407 1579 1438 ι
1613 1388 1882 1447 Dominus
1914 1392 2045 1450 Deus

2162 1382 2414 1437 ϐαίωσεν.
2456 1384 2513 1435 ’0
2545 1382 2653 1453 γὰρ
2684 1383 2921 1456 εἰρηκὼς
2965 1388 3024 1438 ἐν
3060 1387 3138 1458 τῷ
3191 1388 3380 1460 Νόμῳ·
3419 1409 3438 1441 ι
3476 1390 3679 1462 Κύριος
3704 1394 3739 1447 ὁ

480 1476 630 1532 tutis,
672 1468 938 1529 Dominus
978 1482 1139 1531 unus’
1175 1486 1260 1531 est
1292 1479 1356 1544 ¹⁸;
1401 1500 1418 1532 ι
1456 1480 1598 1535 idem
1650 1482 1705 1535 in
1761 1483 2045 1556 Evangelia

2158 1473 2291 1537 Θεός
2328 1492 2443 1542 σου,
2480 1475 2682 1546 Κύριος
2713 1470 2792 1539 εἷς
2820 1478 2984 1530 ἐστιν·
3026 1497 3045 1529 ι
3064 1480 3093 1531 ὁ
3120 1480 3281 1544 αὐτὸς
3314 1482 3372 1534 ἐν
3399 1482 3478 1553 τῷ
3498 1484 3673 1553 Εὐαγγ
3687 1503 3738 1538 ε·

479 1562 593 1617 ait:
627 1580 645 1612 ι
689 1564 757 1620 Ut
801 1578 1137 1637 cognoscant
1170 1577 1223 1625 te
1281 1573 1459 1627 solum
1508 1591 1695 1630 verum
1728 1575 1897 1632 Deum
1927 1580 1990 1635 ¹⁹.
2032 1599 2045 1629 l

2158 1566 2258 1638 λίῳ
2286 1567 2455 1636 λέγει·
2495 1588 2513 1619 ι
2554 1571 2669 1623 Ἰνα
2691 1569 3003 1637 γινώσκωσι
3031 1588 3089 1624 σε
3136 1573 3228 1625 τδν
3285 1574 3443 1644 μόνον
3485 1574 3737 1647 ἀληθινὸν

481 1653 547 1707 Ει.
575 1657 667 1725 qui
722 1659 940 1715 dixerat
973 1681 986 1716 :
1026 1678 1043 1711 ι
1089 1662 1292 1733 Diliges
1331 1668 1639 1735 proximum
1693 1678 1879 1735 tuum,
1916 1674 2045 1728 sicut

2158 1660 2310 1713 Θεόν.
2355 1680 2373 1711 ι
2407 1662 2517 1715 Καὶ
2545 1663 2573 1713 6
2605 1661 2861 1734 εἰρηκώς·
2902 1682 2920 1713 ι
2991 1664 3318 1735 Ἀγαπήσεις
3370 1666 3463 1719 τὸν
3510 1667 3738 1738 πλησίον

479 1749 715 1819 teipsum
742 1752 809 1819 '°;
849 1772 867 1805 ι
904 1755 959 1809 in
990 1753 1289 1827 Evangelio
1312 1760 1366 1813 id
1392 1776 1664 1817 renovans
1694 1764 1771 1817 ait
1802 1784 1815 1818 :
1854 1784 1873 1817 ι
1912 1765 2045 1820 Man-

2161 1768 2255 1804 σου
2289 1753 2364 1815 ὼς
2387 1754 2629 1807 σεαυτόν⁸
2675 1774 2695 1806 ι
2729 1756 2786 1808 ἐν
2804 1754 2883 1825 τῷ
2922 1757 3238 1827 Εύαγγελίῳ
3290 1756 3435 1826 λέγει
3483 1759 3737 1812 ἀνανεού-

477 1840 665 1896 datum
705 1845 777 1899 do
800 1847 976 1913 vobis,
1012 1858 1070 1903 ut
1086 1851 1329 1921 diligatis
1355 1853 1585 1909 invicem
1617 1857 1682 1910 “.
1718 1876 1736 1908 ι
1771 1857 1876 1923 Qui
1924 1868 2045 1914 tum

2162 1862 2342 1914 μενος
2380 1866 2397 1897 ι
2446 1846 2694 1919 Ἐντολὴν
2721 1846 2833 1919 (41)
2862 1849 3055 1920 δίδωμι
3078 1851 3226 1921 ύμῖν,
3254 1851 3341 1904 ἵνα
3370 1851 3618 1919 ἀγαπᾶτε
3648 1851 3737 1905 ἀλ-

477 1938 649 1988 vetuit
672 1936 1053 2007 homicidium;
1090 1959 1236 1997 nunc
1268 1946 1431 1998 etiam
1458 1948 1592 2001 iram
1619 1949 1892 2006 immerito
1933 1969 2045 2008 sus-

2158 1937 2371 2009 λήλους.
2412 1958 2431 1991 ι
2468 1942 2524 1993 Ὀ
2558 1941 2722 2008 φόνον
2744 1941 2865 1994 τότε
2903 1943 3311 2015 ἀπαγορεύσας,
3377 1943 3474 1997 νῦν
3523 1943 3736 1998 εἰκαίαν

475 2036 690 2097 ceptam
719 2038 866 2083 vetat
889 2033 955 2098 ";
984 2034 1078 2103 qui
1109 2035 1460 2101 adulterium.
1486 2056 1633 2096 nunc
1667 2058 1891 2111 pravam
1917 2061 2045 2115 quo.

2157 2032 2348 2103 ὀργήν·
2379 2034 2408 2084 6
2440 2034 2706 2103 μοιχείαν,
2747 2032 2843 2086 νῦν
2895 2035 2990 2087 καὶ
3049 2034 3347 2106 ἐπιθυμίαν
3401 2035 3647 2106 ἐκνομον·
3703 2036 3749 2087 ὀ-

476 2134 584 2187 que
612 2120 990 2189 cupiditatem;
1014 2126 1107 2195 qui
1138 2125 1368 2193 furtum,
1404 2147 1552 2186 nunc
1589 2132 1882 2189 beatiorem
1915 2152 2057 2206 pra:-

476 2213 680 2268 dicavit
706 2232 853 2279 eum,
885 2218 979 2286 qui
1007 2234 1074 2273 ex
1098 2221 1214 2275 suis
1245 2221 1530 2279 laboribus
1561 2225 1873 2295 suppeditat
1920 2244 2055 2298 pau-

476 2306 698 2375 peribus
721 2308 787 2375 ¹³;
815 2310 910 2379 qui
961 2320 1091 2365 tunc
1122 2313 1307 2367 odium
1362 2314 1707 2376 inimicorum
1763 2322 2051 2391 praecepit,

475 2414 623 2452 nunc
645 2414 835 2453 eorum
861 2416 1104 2457 amorem
1121 2403 1306 2472 jubet;
1336 2408 1429 2476 qui
1462 2408 1749 2475 ultionem,
1793 2428 1941 2467 nunc
1964 2422 2053 2469 to-

477 2491 763 2546 lerantiam
785 2495 850 2559 ";
880 2510 990 2549 non
1026 2499 1172 2567 quod
1204 2499 1409 2568 injusta
1436 2503 1507 2557 sit
1535 2506 1716 2559 omnis
1763 2507 1921 2570 ultio,
1952 2510 2049 2563 sed

474 2584 620 2652 quod
677 2589 1037 2654 praestantior
1086 2599 1172 2646 est
1225 2593 1538 2649 tolerantia.
1580 2595 1767 2667 Neque
1797 2616 1928 2655 vero
1958 2617 2055 2671 per

475 2676 571 2731 bas
602 2676 748 2746 leges
787 2680 960 2733 voluit
979 2682 1206 2739 all'ectus
1247 2687 1527 2741 naturales
1564 2689 1907 2754 exscindere,
1956 2693 2053 2747 sed

473 2784 666 2821 eorum
692 2770 1226 2830 immoderationem.
1257 2776 1361 2842 Qui
1390 2781 1751 2851 praescripsit,
1790 2781 2052 2837 honorem

475 2862 798 2927 parentibus
831 2865 1097 2927 tribuere.
1134 2870 1249 2939 ipse
1283 2871 1352 2925 iis
1402 2872 1685 2940 subjectus
1730 2872 1833 2927 fuit
1860 2874 1925 2940 ²⁸;
1957 2877 2052 2944 qui

475 2955 647 3021 legem
670 2958 852 3010 sanxit
872 2959 938 3014 de
963 2960 1185 3017 Sabbati
1203 2966 1487 3020 vacatione
1499 2978 1721 3037 prepter
1746 2968 1923 3038 legum
1945 2984 2055 3023 me-

471 3051 789 3109 ditationem
840 3055 1109 3120 habenda,
1137 3073 1283 3111 nunc
1308 3059 1477 3126 jussit
1506 3075 1607 3114 nos
1631 3060 1876 3128 quotidie
1903 3061 2051 3130 leges

469 3145 770 3199 creationis
795 3161 860 3199 ac
889 3148 1246 3217 providentia:
1292 3159 1631 3218 reputantes,
1682 3152 1887 3221 gratias
1935 3153 2047 3206 Deo

471 3250 632 3306 agere
650 3238 714 3292 “.
746 3237 1232 3296 Circumcisionem
1264 3242 1519 3306 abolevit,
1546 3242 1819 3313 implendo
1843 3259 1963 3299 eam
1991 3246 2046 3299 in

472 3328 688 3396 seipse;
722 3330 838 3398 ipse
850 3331 993 3385 enim
1022 3339 1138 3386 erat
1171 3333 1219 3387 is
1234 3333 1323 3386 cui
1350 3341 1469 3388 erat
1493 3335 1789 3402 repositum
1810 3377 1825 3401 ,
1856 3350 2047 3406 exspe-

471 3419 640 3471 ctatio
651 3423 890 3489 gentium
904 3424 969 3477 ’⁷.
992 3423 1093 3489 Qui
1118 3425 1232 3497 lege
1250 3427 1432 3481 sanxit
1458 3434 1719 3483 utsancte
1742 3428 2045 3497 juraretur,

470 3517 524 3563 et
549 3512 797 3579 pejerare
827 3516 1026 3578 vetuit,
1059 3534 1207 3573 nunc
1253 3536 1429 3589 neque
1446 3520 1637 3589 jurare
1665 3520 1950 3575 admonuit
1978 3522 2048 3577 ’⁸.

472 3600 772 3673 llaptisma,
816 3608 1172 3673 sacriﬁcium,
1225 3612 1617 3675 sacerdotium,
1650 3613 1860 3667 cultum
1892 3622 2046 3667 certo

471 3693 593 3748 loco
621 3696 917 3762 addictum,
948 3701 1107 3756 aliter
1132 3706 1363 3758 mutavit
1394 3723 1406 3758 :
1434 3704 1704 3774 siquidem
1734 3721 1832 3774 pro
1861 3706 2047 3773 quoti-

470 3785 635 3841 diana
665 3788 955 3855 lavatione,
990 3810 1155 3848 unum
1179 3796 1523 3850 solummodo
1553 3796 1823 3865 baptisma
1870 3794 2044 3860 dedit,

469 3879 617 3948 quod
644 3881 698 3934 in
722 3882 895 3951 ipsius
918 3894 1149 3941 mortem
1175 3888 1458 3957 peragitur
1486 3908 1498 3942 :
1520 3896 1574 3943 et
1606 3904 1708 3959 pro
1734 3905 1842 3942 una
1874 3888 2043 3955 tribu,

466 3972 635 4041 jussit
661 3991 729 4030 ex
761 3992 1087 4049 unaquaque
1110 3990 1270 4049 gente
1306 3982 1547 4052 optimos
1576 3982 1642 4036 ad
1670 3981 2043 4037 sacerdotium

469 4066 617 4136 eligi;
644 4075 698 4122 et
719 4084 826 4123 non
860 4071 1053 4141 inspici
1077 4087 1145 4125 an
1177 4088 1411 4144 corpora
1441 4075 1616 4129 labem
1643 4072 2044 4138 contraxerint,

2157 2123 2426 2193 λῃστείαν,
2467 2124 2563 2177 νῦν
2608 2126 2911 2197 ἐμακάρισε
2943 2126 3140 2197 μᾶλλον
3162 2127 3254 2180 τὸν
3284 2125 3345 2193 ἐξ
3369 2128 3587 2181 οἰκείων
3636 2126 3737 2180 πό-

2158 2235 2264 2270 νων
2301 2219 2736 2289 ἐπιχορηγοῦντα
2766 2222 2878 2283 τοῖς
2909 2220 3203 2291 δεομένοιςο
3226 2220 3254 2270 ὁ
3288 2223 3442 2289 μῖσος
3471 2219 3604 2290 (42),
3638 2219 3751 2277 νῦν,

2157 2310 2252 2361 καὶ
2301 2310 2439 2381 πρὸς
2496 2311 2724 2383 ἐχθροὺς
2760 2313 3001 2383 ἀγάπηψ
3034 2314 3064 2364 6
3096 2313 3335 2383 ἄμυναν,
3364 2312 3459 2367 νῦν
3486 2314 3738 2378 ἀνεξικα-

2157 2401 2301 2467 κίαν,
2352 2403 2453 2455 ούκ
2506 2403 2691 2456 ἀδίκου
2721 2404 2823 2474 τῆς
2882 2404 3098 2466 δικαίας
3135 2404 3349 2475 ἀμύνης
3380 2404 3568 2476 οὕσης,
3598 2403 3737 2459 ἀλλὰ

2154 2493 2463 2564 κρείττονος
2496 2494 2598 2565 τῆς
2629 2493 2997 2560 ἀνεξικακίας.
3021 2496 3157 2548 Οὔτε
3182 2497 3238 2549 δὲ
3265 2497 3333 2548 τὰ
3355 2498 3557 2564 φυσικά
3582 2498 3733 2570 πάθη

2156 2585 2445 2639 ἐκκόπτειν
2471 2587 2880 2658 ἐνομοθέτησεν,
2913 2587 3047 2641 ἀλλὰ
3067 2589 3165 2659 τὴν
3206 2587 3409 2640 τούτων
3439 2589 3725 2660 ἀμετρίαν.

2168 2677 2225 2731 '0
2259 2682 2436 2747 γονεῖς
2463 2679 2771 2750 προστάξας
2798 2681 2983 2752 τιμᾷν,
3014 2680 3176 2743 αὐτὸς
3200 2680 3409 2742 τούτοις
3447 2680 3714 2750 ύπετάγη’

2154 2773 2183 2825 6
2217 2772 2562 2836 σαϐϐατίζειν
2583 2774 2649 2827 δι’
2678 2775 2877 2844 ἀργίας
2906 2773 3271 2844 νομοθετήσας
3327 2771 3416 2825 διὰ
3462 2773 3561 2843 τὴν
3620 2772 3736 2825 τῶν

2154 2864 2335 2934 νόμων
2398 2864 2646 2936 μελέτην,
2717 2865 2812 2918 νῦν
2870 2866 3191 2936 καθημέραν
3244 2864 3526 2918 ἐκέλευσεν
3582 2866 3734 2935 ἡμᾶς

2154 2957 2639 3027 ἀναλογιζομένους
2690 2959 3049 3029 δημιουργίας
3093 2960 3187 3011 καὶ
3243 2958 3498 3031 προνοίας
3541 2957 3731 3028 νόμον.

2154 3050 2496 3120 εὐχαριστεῖν
2518 3049 2655 3120 Θεῷ.
2680 3051 2789 3122 Τὴν
2820 3052 3122 3123 περιτομὴν
3149 3050 3407 3113 ἔπαυσεν,
3438 3052 3516 3113 είς
3537 3050 3733 3103 ἑαυτὸν

2080 3112 2122 3169 C
2511 3112 2673 3206 aia-:6;
2724 3112 2832 3216 γὰρ
2879 3112 2947 3215 ἦν
3072 3112 3330 3197 ἀπέκειτο
3366 3145 3399 3214 ὴ
3430 3142 3732 3213 προσδοκία

2155 3236 2263 3291 τῶν
2299 3236 2487 3291 ἐθνῶν.
2537 3238 2594 3291 ’0
2627 3239 2871 3309 εὐορκεῖν
2899 3237 3286 3309 νομοθετήσας,
3317 3237 3410 3289 καὶ
3448 3236 3510 3288 τὺ
3542 3235 3733 3305 ἐπιορ-

2159 3334 2276 3383 κεῖν
2306 3331 2712 3402 ἀπαγορεύσας,
2734 3332 2796 3385 τὸ
2839 3333 2958 3403 μηδ’
2984 3331 3096 3401 (45)
3124 3329 3349 3401 ὀμνύναι
3369 3325 3725 3400 παρήγγειλε.

2156 3423 2230 3476 Τὸ
2256 3422 2540 3495 βάπτισμα
2571 3464 2584 3487 ,
2612 3426 2710 3496 τὴν
2728 3424 2940 3491 θυσίαν,
2965 3425 3063 3493 τὴν
3095 3422 3415 3495 ἱερωσύνην,
3448 3419 3547 3490 τὴν
3572 3434 3731 3471 τοπι-

2157 3515 2260 3586 κὴν
2283 3515 2557 3586 λατρείαν,
2589 3518 2790 3589 ἑτέρως
2824 3517 3197 3587 μετεποίησεψ
3234 3514 3356 3568 ἀντὶ
3406 3514 3505 3585 μὲν
3551 3509 3730 3577 καθη-

2157 3608 2399 3679 μερινοῦ,
2424 3608 2481 3661 ἒν
2510 3610 2669 3680 μόνον
2715 3610 2859 3672 δοὺς.
2890 3609 3192 3679 βάπτισμα,
3230 3608 3291 3660 τὸ
3322 3609 3401 3668 είς
3431 3605 3521 3657 τὸν
3560 3600 3726 3653 αὐτοῦ

2154 3700 2400 3754 θάνατον’
2433 3702 2553 3753 ἀντὶ
2588 3702 2646 3755 δέ
2688 3703 2815 3772 μιᾶς
2874 3700 3065 3771 φυλῆς,
3126 3702 3218 3768 ἀφ’
3270 3698 3498 3751 ἑκάστου
3539 3693 3727 3754 ἔθνους

2155 3793 2466 3863 προστάξας
2500 3796 2625 3857 τοὺς
2655 3794 2907 3865 ἀρίστους
2944 3796 3024 3857 εἰς
3057 3792 3354 3864 ἱερωσύνην
3395 3784 3732 3861 προχειρίζε-

2156 3886 2302 3949 σθαι,
2330 3888 2424 3941 καὶ
2451 3889 2513 3940 οὐ
2544 3886 2615 3940 τά
2643 3886 2869 3958 σώματα
2904 3885 3401 3959 μωμοσκοπεῖσθαι,
3431 3879 3565 3935 ἀλλά
3592 3877 3731 3948 θρη-

2168 3980 2357 4032 σκείαν
2383 3982 2478 4034 καὶ
2508 3980 2674 4050 βίουςσ
2699 3981 2819 4033 ἀντὶ
2850 3980 3038 4045 θυσίας
3071 3980 3170 4051 τῆς
3192 3980 3258 4032 δι’
3287 3976 3555 4049 αἱμάτων,
3584 3971 3732 4036 λογι-

2154 4073 2257 4143 κὴν
2288 4072 2399 4143 (44)
2429 4074 2524 4126 καὶ
2548 4074 2883 4145 ἀναίμακτον
2912 4075 3006 4128 καὶ⁵
3050 4074 3147 4145 τὴν
3181 4067 3462 4143 μυστικὴν,
3492 4067 3613 4136 ἥτις
3643 4063 3727 4123 εις

542 4246 582 4277 ⁸⁷
613 4246 746 4303 Luc.
774 4266 835 4305 ιι.
869 4252 957 4306 2|.
1042 4254 1082 4285 ’⁸
1115 4254 1269 4311 Deut.
1291 4273 1367 4320 γι,
1399 4258 1452 4312 4.
1505 4253 1574 4289 ’⁸⁸
1600 4254 1757 4310 Joan.
1791 4271 1925 4319 ml.
1950 4255 2003 4310 5.

2158 4251 2332 4307 Levit.
2356 4268 2469 4317 xu,
2498 4253 2585 4308 18.
2664 4255 2706 4284 ²¹
2728 4253 2881 4311 Joan.
2918 4271 3039 4317 χιιι,
3064 4256 3151 4309 54.
3228 4254 3272 4284 "
3304 4242 3718 4320 Mattti.__v,_‘92.

468 4318 512 4345 "
545 4321 662 4371 Act.
708 4336 801 4382 xx,
833 4322 924 4375 55.
1002 4325 1045 4353 "‘
1078 4325 1267 4380 Matth.
1303 4318 1363 4387 ν,
1414 4328 1465 4387 '7.
1513 4329 1582 4381 45
1668 4328 1755 4380 50.

470 4402 615 4448 xux,
658 4390 741 4442 lt).
819 4393 864 4421 "‘
898 4393 1086 4448 Matth.
1128 4414 1177 4461 γ,
1206 4399 1292 4451 55.

1834 4327 1878 4356 ’⁵
1924 4325 2057 4380 an.
2106 4340 2167 4388 ll,
2226 4324 2314 4377 5i.
2394 4324 2437 4353 ²⁶
2470 4326 2504 4378 Ι.
2564 4325 2736 4395 lgnat.
2783 4326 3036 4396 interpol.
3070 4330 3135 4380 ad
3170 4323 3344 4393 Magn.
3372 4323 3404 4374 9

3502 4317 3542 4346 "
3578 4311 3719 4368 Gen.

1816 4550 2179 4606 VARIORUM
2213 4551 2441 4608 ΝΟΤᾹΣ.

539 4725 653 4796 (41)
704 4726 1013 4791 Ἐντολήν.
1044 4726 1209 4781 Addit
1238 4727 1410 4783 codex
1443 4726 1603 4783 Vind.
1636 4729 1848 4798 καινήν,
1872 4738 2041 4785 recte.

2146 4730 2233 4782 nis
2286 4731 2475 4793 verbo,
2509 4730 2563 4784 in

468 4795 642 4851 Cum.

540 4867 767 4951 (42)"0
808 4866 1009 4951 μῖσος.
1050 4867 1228 4951 Locus
1294 4868 1452 4951 plane
1476 4868 1826 4951 ἐλλειπτικός.
1874 4868 2044 4951 Igitur

466 4938 563 5010 qui
595 4938 721 4993 ante
751 4953 838 5010 me
868 4938 1211 5009 interpretati
1244 4947 1397 5001 sunt,
1429 4940 1658 5009 repetito
1689 4956 1754 4993 ex
1792 4938 2045 5009 superio-

466 5009 625 5064 ribus
656 5009 827 5063 verbo
856 5010 1073 5063 vetandi
1104 5010 1159 5063 in
1190 5010 1339 5074 odio,
1392 5010 1783 5079 suppleverunt
1818 5011 2041 5065 verbum

462 5080 705 5153 jubendi
724 5080 778 5133 in
811 5079 1100 5135 dilectione
1132 5081 1499 5153 inimicorum.
1535 5080 1646 5153 Ego
1672 5096 1801 5153 vero
1821 5090 2043 5150 propter

470 5150 707 5205 Mattbati
730 5165 850 5219 cap.
878 5166 932 5215 v,
958 5166 1068 5221 quo
1097 5152 1385 5205 manifeste
1411 5150 1720 5220 respicitur,
1749 5152 1905 5206 aliter
1929 5167 2042 5205 ver-

469 5223 691 5277 tendum
726 5222 935 5290 putavi,
966 5231 1019 5275 et
1052 5222 1228 5289 adjcci
1271 5221 1563 5290 utrobique
1619 5222 1845 5275 verbum
1901 5237 2041 5291 prae-

468 5289 739 5361 ceptionis
764 5311 776 5345 :
806 5292 961 5360 juxta
994 5293 1125 5345 illud
1160 5294 1399 5362 auctoris
1429 5289 1523 5362 qui
1552 5291 1773 5353 dicitur.
1818 5289 1917 5346 nec
1945 5300 2030 5346 est

2142 5293 2232 5344 καὶ
2261 5289 2511 5362 μισήσεις
2539 5289 2628 5362 τδν
2654 5289 2844 5361 ἐχθρόν
2863 5305 3015 5362 σου.»

1497 5362 1750 5431 piphania
1782 5381 1796 5417 :
1823 5363 2030 5416 Bonum
2135 5358 2516 5431 rem—mandati
2548 5358 2831 5431 Nyssen'us
2860 5361 3109 5431 intelligit
3128 5358 3707 5431 Christum,‘quodvi-

469 5362 739 5419 Eusebius
761 5362 1069 5427 Emisenus,
1101 5364 1250 5416 hom.
1280 5364 1314 5415 *ὲ
1341 5361 1409 5416 de

468 5436 664 5497 vinum,
684 5432 737 5485 id
758 5442 833 5487 est
854 5434 1043 5487 bonum
1071 5442 1390 5502 prwceptum
1420 5442 1496 5486 est
1526 5434 1673 5503 legis,
1703 5434 1913 5503 quando
1939 5450 2037 5486 au-

466 5503 549 5556 dis
577 5519 596 5556 .'
632 5524 649 5556 (
684 5504 883 5573 Diliges
904 5505 1205 5572 proximum
1242 5518 1411 5565 mum,
1443 5514 1491 5555 ct
1538 5502 1659 5557 odio
1691 5502 1900 5557 habebis
1932 5504 2037 5573 inj-

468 5576 659 5626 micum
709 5571 877 5631 tuuim.
906 5571 939 5625 ⁷»
977 5574 1079 5629 Sed
1138 5575 1320 5628 melius
1352 5584 1400 5627 et
1433 5573 1623 5642 fortius
1660 5575 1835 5628 vinum
1859 5581 1934 5626 est
1965 5571 2039 5625 Ε-

468 5646 712 5714 vangelii,
742 5644 952 5714 quando
994 5645 1193 5697 audis:
1224 5659 1243 5689 ο
1292 5644 1404 5714 Ego
1461 5655 1636 5697 autem
1694 5645 1811 5698 dico
1870 5644 2034 5706 vobis,

468 5712 941 5785 diligiteiinimicos
970 5724 1186 5775 vestros,
1214 5724 1263 5767 et
1286 5712 1572 5781 be'ne,’acite
1599 5715 1677 5767 his
1700 5715 1791 5785 qui
1814 5714 2035 5785 oderunt

467 5798 576 5837 ws.
612 5804 631 5835 ι
659 5784 865 5839 Forsan
889 5792 1067 5838 tamen
1100 5786 1291 5839 melius
1315 5801 1447 5839 usus
1467 5786 1691 5839 fuissem
1716 5784 2036 5851 permissio-

2648 4729 2779 4783 riori
2828 4738 2983 4799 parte
3016 4750 3029 4785 ε
3062 4745 3172 4801 quo
3223 4730 3385 4784 modo
3441 4731 3717 4801 explicant

2152 4802 2545 4871 evangelistam
2578 4801 2820 4871 Hilarius
2847 4815 3058 4855 canone
3083 4801 3136 4862 4,
3163 4808 3217 4855 et
3245 4802 3586 4871 Augustinus
3614 4804 3709 4860 lib.

2154 4884 2193 4932 ι,
2217 4869 2285 4923 de
2305 4869 2558 4925 Sermone
2591 4870 2681 4941 Dei
2729 4870 2782 4923 in
2827 4880 3032 4935 monte,
3059 4887 3180 4940 cap.
3230 4871 3320 4941 2i.
3340 4869 3716 4941 'Casligandus

2151 4948 2331 4993 autem
2363 4942 2449 4993 hic
2471 4941 2617 4993 venit
2644 4940 3026 5004 Casaubonus,
3060 4941 3188 4994 dum
3224 4940 3545 5011 Gregorium
3574 4942 3710 5012 Nys-

2150 5024 2343 5082 senum
2383 5012 2501 5082 ipse
2528 5012 2643 5063 vult
2669 5012 2962 5082 castigare,
2996 5012 3075 5066 sic
3107 5011 3437 5082 scribentem
3479 5012 3532 5065 in
3584 5011 3711 5082 Epi-

2149 5081 2287 5133 stola
2340 5081 2405 5134 ad
2460 5081 2824 5137 Eustathiam.
2869 5080 3212 5135 Ambrosiam
3262 5093 3314 5135 et
3367 5080 3705 5145 Basilissam,

2147 5151 2312 5220 paulo
2341 5159 2463 5219 post
2516 5152 2730 5222 initium
2760 5170 2771 5204 :
2802 5151 2959 5203 Κατά
2996 5151 3090 5203 τοῦ
3118 5150 3213 5220 τὴν
3242 5151 3459 5222 ἐντολὴν
3485 5152 3711 5205 δεδωκὸ-
3802 5172 3805 5175 ⁷

2143 5237 2253 5283 τος.
2296 5222 2352 5273 '0
2385 5222 2481 5291 μὲν
2510 5220 2617 5291 γάρ
2640 5222 3188 5342 φησινιιἌγατᾯσεις
3207 5220 3541 5303 τὸνπλησίον
3590 5238 3706 5282 σου,

2143 5293 2232 5342 καὶ
2263 5293 2511 5342 μισήσεις
2539 5291 2628 5342 τὸν
2654 5289 2844 5342 ἐγθοόν
2874 5305 3041 5342 σου.ιι
3070 5306 3207 5342 eane
3234 5307 3378 5342 enim
3436 5306 3529 5342 Der
3550 5292 3706 5342 dato-

3026 5292 3207 5360 Neqne
3234 5292 3378 5343 enim
3434 5306 3529 5360 per
3550 5292 3709 5343 dato-

2140 5447 2262 5485 sum
2293 5418 2639 5493 Casaubond,
2682 5430 2777 5485 sed
2819 5430 3008 5494 Deum,
3034 5418 3107 5485 "ut
3155 5447 3223 5484 ex
3256 5418 3705 5486 antecedentibus

2139 5502 2297 5555 facile
2325 5502 2488 5554 datur
2520 5502 2721 5570 colligi.
2757 5500 2895 5555 Cor.

2160 5644 2171 5655 ⁸
2213 5571 2518 5658 (λίόλΜηδκ
2555 5572 2755 5626 Codice
2779 5570 3190 5627 Vindobonensi
3230 5570 3350 5642 μηδ’
3385 5570 3551 5634 ὅλως,
3575 5582 3699 5622 mo-

2138 5644 2632 5782 “ualidfgrmﬁr.
2670 5711 2907 5782 Praeligit
2963 5712 3087 5768 cod.
3112 5710 3275 5767 Vind.
3298 5710 3582 5772 δεικτικῶς
3609 5722 3703 5763 ar-

2139 5783 2364 5837 ticulum
2387 5784 2506 5849 τήν,
2536 5784 2758 5837 rectius.
2787 5781 2861 5838 lo.
