4062 6258
402 335 506 393 98]

1324 335 1925 392 CONSTITUTIONES
1958 336 2511 393 APOSTOLICAS.—
2549 336 2675 392 LIB.
2712 337 2803 392 Vl.

3560 339 3664 394 98?.

406 454 574 510 αὐτοῦ
592 460 690 519 τάς
710 455 947 524 ἐφόδους.
968 454 1040 508 Σὺ
1058 451 1171 520 οὖν,
1192 446 1237 507 ὦ
1254 452 1433 522 γύναι,
1453 453 1635 515 καθὼς
1652 453 1829 523 λέγεις
1850 453 1958 525 (66)

2086 452 2369 518 consistit;
2402 458 2456 507 et
2496 450 2549 504 in
2585 466 2652 506 eo
2674 450 2896 521 quidem
2925 451 3019 521 qui
3051 449 3193 504 bona
3225 465 3393 521 opera
3424 462 3663 515 exercet,

400 553 449 600 εί
484 548 540 600 ὲν
568 551 688 610 ταῖς
715 547 950 618 ἡμέραις
984 546 1095 617 (67)
1133 546 1233 617 τῆς
1260 546 1493 618 ἀφέδρου
1528 546 1659 617 κενή
1692 546 1980 616 τυγχάνεις

399 640 495 694 τοῦ
543 640 699 709 ἁγίου
733 640 1067 712 Πνεύματος,
1105 638 1200 692 τοῦ
1247 636 1556 711 ἀκαθάρτου
1599 639 1974 710 πεπλήρωσαι.

400 734 492 805 Μὴ
560 732 966 805 προσευχομένη
1033 730 1179 803 γὰρ,
1269 732 1403 804 μηδὲ
1496 730 1975 801 ἀναγινώσκουσα,

400 826 600 881 ἄκοντα
619 827 665 857 ⁸⁸
695 825 855 878 αὐτὸν
899 823 1272 895 προσκαλέσῃο
1310 822 1453 893 φιλεῖ
1497 823 1606 895 γὰρ
1655 817 1810 886 οὗτος
1853 824 1978 887 τοὺς

400 920 745 991 ἀχαρίστους,
792 921 839 971 εί
889 918 980 972 καί
1017 935 1100 981 τις
1139 917 1316 983 ἄλλος,
1348 919 1475 979 τοὺς
1524 917 1816 988 ῥᾳθύμους,
1852 918 1979 981 τοὺς

399 1012 638 1084 ἀμελεῖς,
664 1013 791 1075 τοὺς
829 1010 1116 1073 ὑπνώδεις·
1150 1010 1337 1081 ἐπειδὴ
1364 1010 1458 1063 καὶ
1498 1008 1658 1073 αὐτὸς
1684 1009 1978 1081 ἀχαριστίᾳ

398 1106 686 1160 κακόνοιαν
724 1107 957 1177 νοσήσας
975 1147 989 1170 ,
1031 1102 1319 1175 ἐγυμνώθη
1348 1102 1498 1174 παρά
1523 1102 1658 1156 Θεοῦ
1694 1104 1794 1173 τῆς
1821 1101 1977 1168 ἀξίας

396 1199 516 1252 ἀντὶ
555 1198 895 1270 ἀρχαγγέλου
962 1196 1205 1259 διάϐολος
1243 1196 1352 1267 (68)
1402 1196 1827 1266 αίρετησάμενος
1865 1196 1973 1267 (69)

394 1285 555 1345 εἶναι.
584 1291 676 1344 Διὸ
699 1290 806 1343 τῶν
831 1290 1074 1362 ματαίων
1103 1288 1341 1358 άπὸσχου
1362 1287 1556 1356 λόγων,
1589 1283 1633 1339 ὧ
1660 1286 1849 1356 γύναι·
1880 1288 1973 1341 καὶ

395 1382 487 1436 ἔσο
521 1383 842 1455 μεμνημένη
863 1381 1092 1435 πάντοτε
1120 1380 1253 1434 Θεοῦ
1273 1379 1404 1450 (70),
1432 1378 1526 1432 τοῦ
1561 1379 1619 1432 σὲ
1641 1380 1703 1451 δη
1713 1382 1974 1451 μιουργή-

397 1492 607 1542 σαντος,
639 1476 732 1529 καὶ
760 1474 1061 1547 προσεύχου
1092 1474 1293 1544 τούτῳ’
1323 1474 1438 1526 ἔστι
1468 1473 1577 1544 γάρ
1618 1474 1711 1527 σοῦ
1747 1476 1841 1528 καὶ
1865 1477 1973 1529 τῶν

302 1584 305 1585 ⁷
393 1566 528 1621 ὅλων
561 1566 782 1639 Κύριος
828 1568 921 1621 καὶ
966 1567 1165 1639 μελέτα
1200 1567 1327 1630 τοὺς
1363 1565 1526 1619 αὑτοῦ
1552 1567 1767 1638 νόμους,
1803 1568 1972 1639 μηθὲν

394 1660 880 1732 παρατηρουμένη,
934 1659 1007 1731 μὴ
1060 1658 1329 1730 κάθαρσιν
1380 1659 1635 1730 φυσικὴν,
1690 1659 1765 1731 μὴ
1826 1659 1971 1730 μίξιν

390 1751 641 1823 νόμιμον,
678 1751 751 1823 μὴ
780 1751 998 1805 τοκετδν
1038 1752 1070 1822 ἢ
1107 1750 1402 1821 ἀποϐολὴν,
1437 1751 1511 1822 μὴ
1545 1751 1735 1822 μῶμον
1783 1750 1969 1822 σώμα-

389 1860 499 1906 τος’
562 1844 794 1916 ἐπείπερ
846 1844 917 1897 τά
952 1842 1177 1897 τοιαῦτα
1225 1845 1712 1915 παρατηρήματα,
1771 1843 1969 1915 μωρῶν

390 1935 693 2007 ἀνθρώπιον
718 1937 1067 2007 ὲφευρέματα
1106 1936 1330 2007 μάταια,
1356 1936 1447 1987 καὶ
1476 1934 1600 1987 νοῦν
1629 1935 1729 1988 οὐκ
1756 1934 1967 2005 ἔχοντα.

392 2026 528 2080 Οὔτε
568 2027 625 2080 δὲ
665 2028 826 2098 κῆδος
861 2027 1170 2100 ἀνθρώπου,
1207 2027 1329 2080 οὕτε
1363 2026 1548 2079 ὀστέον
1588 2027 1802 2098 νεκροῦ,
1846 2026 1970 2080 οὔτε

393 2120 604 2190 μνῆμα,
645 2119 768 2173 οὔτε
805 2120 1005 2173 τοιόνδε
1039 2120 1254 2192 βρῶμα,
1302 2120 1426 2173 οῦτε
1474 2120 1807 2190 ὀνειρωγμὸς
1833 2120 1965 2193 (71),

391 2198 578 2285 μιᾶναι
611 2214 829 2267 δύναται
860 2213 1148 2285 ἀνθρώπου
1180 2214 1377 2285 ψυχήν·
1411 2213 1545 2266 ἀλλά
1583 2212 1716 2284 μόνη
1747 2214 1970 2268 ἀσέϐεια

386 2308 420 2378 ή
444 2309 522 2371 εἰς
550 2307 700 2374 Θεὸν,
747 2308 841 2361 καὶ
882 2308 1218 2379 παρανομία,
1256 2308 1349 2360 καὶ
1392 2309 1472 2372 είς
1511 2307 1604 2361 τὸν
1643 2307 1870 2378 πλησίον
1902 2308 1967 2362 ὰ-

386 2401 552 2454 δικία’
586 2401 729 2470 λέγω
775 2401 839 2473 δὴ
888 2402 1190 2474 άρπαγὴ,ῆ
1240 2401 1351 2472 βία,
1377 2401 1410 2472 ἦ
1441 2401 1567 2454 εἴτι
1596 2400 1838 2455 ἐναντίον
1866 2401 1969 2473 τῆς

385 2494 551 2548 αὑτοῦ
594 2494 960 2567 δικαιοσύνης,
1024 2495 1256 2566 μοιχεία,
1308 2494 1340 2566 ἢ
1399 2494 1644 2565 πορνεία.
1696 2494 1855 2547 Ὅθεν
1897 2493 1968 2547 τὰ

385 2588 609 2641 τοιαῦτα
632 2587 1048 2659 ,περιιστάμενοι
1084 2588 1551 2659 παρατηρήματα,
1577 2568 1803 2655 φεύγετε
1824 2587 1964 2654 ἀγα-

387 2680 567 2750 πητοί·
616 2679 897 2751 Ἐλληνικά
937 2680 1045 2752 γὰρ
1083 2680 1335 2751 τυγχάνει
1376 2680 1485 2753 (7‘2)
1508 2698 1521 2711 ’
1566 2680 1688 2734 οὔτε
1727 2681 1836 2753 γὰρ
1874 2682 1965 2735 τὸν

384 2770 653 2825 τεθνεῶτα
678 2771 1092 2843 βδελυσσόμεθα,
1116 2774 1190 2836 ὠς
1223 2774 1438 2826 ἐκεῖνον
1474 2772 1779 2838 ἐλπίζοντες
1804 2774 1963 2827 αὑτὸν

385 2864 548 2917 πάλιν
578 2864 893 2917 ἀναϐιῶναισ
927 2864 1049 2917 οὔτε
1082 2864 1180 2936 τὴν
1210 2865 1436 2935 νόμιμον
1472 2865 1615 2936 μίξιν
1640 2866 1958 2937 κακίζομεν·

384 2955 505 3019 ἔθος
526 2956 634 3028 γάρ
655 2959 837 3021 αὐτοῖς
869 2957 938 3010 τά
968 2957 1193 3010 τοιαῦτα
1226 2957 1463 3010 ἀσεϐεῖν.
1497 2956 1633 3010 Θεοῦ
1666 2957 1777 3029 γὰρ
1820 2957 1961 3025 γνὼ-

385 3067 484 3120 μῃν
514 3048 704 3121 ἀνδρὸς
734 3048 828 3102 καὶ
855 3048 1113 3117 γυναικὸς
1160 3049 1471 3113 συνέλευσις
1519 3050 1751 3119 γίνεται,
1795 3052 1827 3121 ή
1868 3067 1963 3121 με-

2083 551 2308 600 sanctus
2338 542 2580 613 Spiritus
2612 550 2916 613 permanet.
2948 543 3181 613 implens
3225 559 3349 601 eum
3395 546 3665 614 sapieutm

2081 650 2135 690 et
2158 635 2457 697 intellectu,
2491 650 2592 689 nec
2621 634 2753 689 sinit
2783 634 3034 705 spiritum
3068 635 3364 705 malignum
3388 637 3438 692 ei
3470 653 3667 708 appro-

2082 728 2369 797 pinquare,
2402 727 2706 782 observans
2731 728 2877 783 illius
2910 728 3137 783 hostiles
3168 731 3535 787 accessus.Tu
3563 734 3667 787 ita-

2081 835 2186 889 que
2233 819 2456 883 mulier,
2504 817 2580 882 si,
2638 820 3096 889 quemadmodum
3151 820 3311 887 dicis,
3361 822 3417 878 in
3468 826 3663 883 diebus

2080 910 2348 966 menstrui
2377 925 2548 964 vacua
2578 926 2639 966 es
2664 910 2872 982 Spiritu
2904 921 3116 979 saneto,
3151 914 3320 970 debes
3348 917 3515 985 plena
3539 934 3662 975 esse

2082 1004 2360 1058 innnundo
2383 1004 2742 1075 spiritu.Nam
2772 1004 2903 1059 dum
2930 1021 3040 1061 non
3069 1008 3337 1076 precaris,
3367 1023 3469 1064 nec
3498 1011 3657 1080 legis;

2079 1097 2161 1149 vel
2188 1097 2462 1151 nolentem
2491 1112 2614 1152 eum
2647 1097 2884 1153 advocas
2917 1117 2929 1153 :
2964 1109 3115 1153 amat-
3140 1101 3285 1153 enim
3312 1100 3431 1169 ille,
3453 1102 3498 1155 si
3532 1104 3658 1172 quis

2079 1191 2241 1255 alius,
2268 1190 2534 1260 ingratos,
2572 1206 2788 1261 segnes,
2824 1190 3182 1261 negligentes,
3210 1192 3656 1260 somniculosos;

2078 1282 2519 1353 quandoquidem
2564 1292 2618 1337 et
2665 1282 2784 1352 ipse
2813 1298 2936 1337 cum
2967 1299 3064 1352 per
3102 1285 3376 1356 ingratum
3413 1287 3657 1343 animum

2078 1376 2456 1431 malevolentia
2490 1376 2787 1441 laboraret,
2823 1392 2853 1429 a
2896 1376 3004 1431 Deo
3049 1379 3315 1448 spoliatus
3360 1388 3443 1435 est
3478 1381 3657 1451 digni-

2076 1477 2211 1532 tete,
2238 1470 2511 1540 elegitque
2543 1482 2642 1540 pro
2674 1470 3004 1540 archangelo
3034 1487 3162 1527 esse
3183 1472 3457 1529 diabolus.
3503 1475 3658 1540 Qua-

2078 1570 2304 1633 prOpter
2329 1578 2358 1616 a
2390 1564 2546 1617 vanis
2590 1564 2941 1619 sermonibus
2974 1565 3211 1632 abstine,
3244 1567 3478 1634 mulier;
3508 1584 3657 1623 sem-

2076 1670 2281 1724 perque
2316 1654 2634 1710 memineris
2665 1653 2783 1722 Dei,
2810 1656 3089 1712 Creatoris
3121 1660 3221 1723 tui,
3268 1676 3333 1714 ac
3376 1677 3501 1716 eum
3533 1678 3658 1733 pre-

2075 1762 2243 1814 care;
2280 1747 2546 1805 Dominus
2586 1749 2787 1819 quippe
2845 1759 2974 1807 tnus
3025 1759 3131 1815 est,
3184 1762 3348 1823 atque
3403 1756 3654 1811 omnium

2076 1856 2259 1896 rerum
2294 1860 2308 1897 :
2346 1843 2610 1898 meditare
2657 1844 2824 1899 etiam
2877 1845 3023 1916 leges
3056 1846 3226 1910 illius,
3274 1848 3413 1902 nihil
3457 1849 3654 1905 obser-

2073 1949 2231 1998 vans,
2272 1950 2383 1989 non
2416 1937 2797 2006 purgationem
2833 1939 3161 2002 naturalem,
3192 1956 3300 1994 non
3346 1942 3656 2011 copulatio-

2074 2043 2197 2082 nem
2255 2028 2573 2099 legitimam,
2606 2044 2712 2083 non
2753 2039 2968 2099 partum
3019 2040 3114 2085 aut
3142 2033 3511 2099 abortionem,
3543 2052 3653 2091 non
3724 2018 3730 2024 ’

2072 2120 2324 2190 corporis
2364 2122 2635 2174 maculam
2661 2121 2703 2152 ⁵¹
2730 2140 2742 2177 :
2773 2123 3043 2193 siquidem
3100 2122 3420 2192 hujusmodi
3458 2127 3653 2182 obser-

2071 2214 2339 2275 vationes,
2371 2221 2501 2269 sunt
2531 2214 2815 2268 hominum
2868 2217 3160 2271 stultorum
3195 2215 3414 2271 inventa
3442 2218 3650 2284 inania,

2070 2316 2123 2362 et
2151 2307 2367 2361 ratione
2396 2310 2662 2361 carentia.
2688 2306 2873 2376 Neque
2905 2322 3034 2360 vero
3064 2307 3308 2365 hominis
3333 2308 3520 2375 funus,
3554 2328 3653 2366 ne-

2071 2416 2184 2469 que
2212 2414 2339 2453 ossa
2372 2400 2596 2462 mortui,
2627 2414 2801 2469 neque
2835 2399 3147 2468 sepulcrum
3166 2400 3231 2465 ¹²,
3263 2417 3440 2471 neque
3467 2411 3651 2459 certus

2068 2493 2291 2562 quidam
2327 2493 2487 2549 cibus
2510 2493 2578 2556 ⁵³,
2618 2509 2798 2562 neque
2829 2499 3162 2546 nocturnum
3188 2495 3417 2551 seminis
3447 2496 3653 2566 proﬂu-

2067 2585 2239 2647 vium,
2274 2586 2521 2655 polluere
2573 2586 2812 2639 animam
2864 2584 3107 2640 hominis
3161 2593 3651 2659 possunt;.verum

2071 2678 2187 2732 sola
2218 2678 2474 2747 impietas
2507 2678 2561 2731 in
2594 2677 2788 2740 Deum,
2822 2685 2875 2731 et
2906 2677 3190 2746 iniquitas,
3222 2686 3276 2733 et
3302 2694 3430 2750 erga
3464 2681 3651 2750 proxi-

2067 2785 2217 2823 mum
2253 2768 2553 2839 injustitia;
2589 2770 2803 2839 rapina,
2865 2769 3113 2838 inquam,
3148 2771 3253 2832 vis,
3295 2772 3379 2826 vel
3424 2773 3469 2826 si
3517 2772 3647 2842 quid

2061 2859 2290 2937 justitia‘:
2321 2862 2519 2916 divina:
2561 2870 2847 2931 repugnat,
2893 2862 3221 2916 adulterium
3264 2872 3358 2917 aut
3410 2865 3650 2918 fornica-

2066 2954 2163 3009 tio.
2191 2953 2371 3020 Quare
2396 2955 2493 3009 has
2510 2954 2921 3009 observationes
2941 2956 3107 3010 vitate
3128 2971 3191 3010 ac
3218 2956 3407 3028 fugite,
3426 2957 3644 3013 dilecti:

2064 3048 2325 3117 quoniam
2370 3048 2437 3102 ad
2470 3047 2709 3117 gentiles
2737 3048 3011 3116 pertinent
3043 3066 3057 3103 :
3090 3065 3268 3119 neque
3319 3049 3464 3104 enim
3505 3065 3648 3104 mor-

380 3140 450 3194 τά
474 3141 836 3213 δικαιοσύνης
871 3161 889 3193 ι
931 3144 989 3195 '0
1020 3143 1253 3214 ποιήσας
1286 3142 1396 3214 γὰρ
1429 3144 1522 3196 ἀπ’
1567 3143 1764 3214 ἀρχῆς,
1796 3144 1959 3214 ἄρσεν

2069 3146 2219 3193 tuum
2281 3139 2688 3204 abominamur,
2745 3148 2805 3192 ut
2856 3140 2970 3205 illi;
3018 3156 3140 3195 cum
3186 3157 3471 3211 speremus
3520 3157 3647 3196 eum

384 3236 481 3289 καὶ
513 3234 644 3306 θῆλυ
672 3237 924 3307 ἐποίησεν
952 3235 1165 3298 αὐτούς·
1193 3236 1286 3289 καὶ
1313 3234 1603 3305 εὐλόγησεν
1629 3236 1846 3298 αὐτοὺς,
1865 3235 1961 3290 καὶ

384 3323 555 3381 εἶπενο
570 3327 890 3395 Αύξάνεσθε,
912 3329 1003 3381 καὶ
1026 3326 1380 3397 πληθύνεσθε,
1404 3329 1496 3380 καὶ
1517 3326 1841 3397 πληρώσατε
1861 3327 1959 3398 τὴν

384 3420 507 3493 γῆν.
540 3442 558 3474 ι
584 3423 643 3475 Εἰ
671 3422 847 3475 τοίνυν
876 3420 1009 3473 Θεοῦ
1040 3419 1289 3490 βουλήσει
1312 3418 1634 3490 παραλλαγὴ
1665 3417 1958 3489 σχημάτων

382 3514 595 3583 γέγονε,
645 3514 779 3584 πρὸς
814 3513 1027 3581 γένεσιν
1055 3510 1316 3581 πλήθους·
1350 3510 1458 3581 ἄρα
1493 3509 1632 3563 κατά
1669 3511 1765 3581 τὴν
1794 3510 1957 3562 αὑτοῦ

378 3604 623 3678 γνώμην,
660 3604 805 3675 καὶὴ
840 3604 1144 3666 συνέλευσις
1162 3602 1255 3654 τοῦ
1286 3603 1510 3675 ἄρρενος
1546 3602 1681 3673 πρὸς
1714 3601 1776 3652 τὸ
1799 3600 1951 3670 θῆλυ.

2066 3247 2260 3287 rursus
2293 3232 2809 3301 victurum;neque
2850 3232 3148 3302 legitimam
3197 3233 3644 3303 conjunctionem

2066 3340 2395 3379 accusamus
2429 3342 2441 3376 :
2471 3326 2651 3379 solent
2691 3325 2835 3378 enim
2884 3325 2963 3378 illi
3009 3324 3063 3377 in
3120 3325 3435 3395 huiusmodi
3481 3325 3647 3381 rebus

2068 3415 2234 3484 impie
2267 3430 2427 3485 agere
2451 3417 2518 3471 “.
2548 3416 2684 3469 Nam
2710 3415 2803 3470 Dei
2838 3416 3139 3481 voluntate,
3165 3418 3267 3471 viri
3308 3433 3373 3473 ae
3396 3417 3645 3475 mulieris

2070 3507 2129 3561 ﬁt
2167 3508 2257 3561 illa
2288 3510 2507 3578 copula,
2546 3524 2667 3579 qua:
2689 3509 2841 3578 justa
2872 3517 2956 3564 est
2983 3527 2996 3563 :
3026 3509 3297 3580 siquidem
3335 3528 3354 3561 ι
3380 3510 3482 3575 Qui
3517 3510 3647 3564 fecit

2068 3601 2135 3654 ab
2174 3601 2353 3665 initio,
2394 3602 2698 3654 masculum
2723 3609 2777 3656 et
2809 3600 3069 3655 feminam
3093 3600 3220 3655 fecit
3243 3618 3358 3657 eos.
3388 3603 3454 3656 Et
3477 3604 3644 3658 bene-

380 3698 518 3753 dixit
562 3700 663 3765 eis,
697 3714 760 3752 ac
806 3697 985 3750 dixit:
1023 3695 1286 3758 Crescite,
1323 3702 1379 3750 et
1405 3693 1870 3764 multiplicamini,
1906 3700 1961 3748 et
2000 3693 2210 3763 replete
2248 3700 2449 3747 terram
2468 3693 2533 3746 ⁸³.
2577 3712 2595 3744 ι
2624 3692 2792 3763 Atqui
2845 3694 2891 3749 si
2920 3695 3202 3750 voluntate
3241 3695 3338 3750 Dei
3379 3695 3640 3751 dili‘eren-

379 3790 455 3844 tia
496 3806 722 3845 sexuum
781 3789 923 3842 facta
959 3795 1063 3855 est,
1103 3788 1168 3841 ad
1202 3786 1607 3858 propagandam
1660 3784 1942 3852 sobolem;
1998 3800 2131 3855 ergo
2167 3792 2221 3839 et
2263 3798 2597 3856 congressus
2645 3786 2814 3839 maris
2843 3800 2907 3839 ac
2935 3787 3154 3841 feminae
3184 3788 3633 3843 concordatcnm

380 3884 528 3962 illius
550 3884 849 3955 proposito.

376 4044 379 4047 ν
452 4020 496 4051 ⁵³
534 4019 570 4073 f.
606 4019 833 4079 ἀπόντα,
892 4018 975 4071 vel
1007 4018 1219 4072 ἑκόντα.
1296 4019 1340 4048 ⁸¹
1373 4014 1547 4071 chit.
1585 4030 1706 4081 xm,
1769 4025 1876 4070 etc.
1951 4013 1959 4045 '

2069 4012 2188 4068 um,
2233 4030 2352 4076 xxx,
2383 4012 2474 4074 16,
2550 4004 2600 4036 ⁸³
2641 4006 2816 4064 Levit.
2853 4025 2930 4063 χι.
3007 4010 3250 4067 l"Levit.
3310 4031 3470 4080 xvm,
3540 4017 3634 4075 24.

382 4090 432 4124 ⁸⁸
489 4088 623 4145 Gen.
663 4105 702 4155 ι,
732 4090 832 4154 28;
859 4087 1050 4143 Matth.
1098 4104 1213 4152 xIx,
1248 4088 1303 4143 4.

1817 4238 2177 4295 VARIORUM
2210 4233 2443 4294 ΝΟΤᾹΞ.

452 4384 563 4455 (66)
602 4381 808 4448 Καθὼς
834 4380 1049 4449 λέγεις.
1081 4377 1243 4433 Deest
1275 4378 1329 4432 in
1356 4377 1529 4432 altero
1558 4376 1681 4431 cod.
1715 4373 1949 4429 Vindob.

375 4456 564 4596 (ΣΙ-(ἑή
638 4524 777 4590 Ταῖς
804 4521 1067 4592 ἡμέραις.
1100 4518 1246 4574 Idem
1296 4517 1424 4589 legit
1451 4517 1528 4589 τῷ
1557 4515 1733 4588 καιρῷ
1765 4514 1947 4570 minus

381 4595 520 4666 apte.
547 4595 631 4649 in.

2064 4369 2359 4453 Apollonii,
2389 4370 2483 4426 lib.
2522 4386 2561 4428 ι.
2593 4385 2715 4441 cap.
2760 4370 2849 4436 51,
2898 4378 3029 4425 tom.
3062 4368 3110 4424 Χ
3141 4370 3416 4442 Spicilegii
3463 4374 3635 4432 Acha-

2061 4439 2768 4583 mitglifxipsmadﬂsmc.
2802 4511 2956 4565 Alter
2980 4512 3103 4568 cod.
3132 4512 3367 4570 Vindob.
3402 4516 3629 4583 αἰρεσά-

2104 4599 2238 4647 ενος,
2285 4584 2501 4654 melius,
2543 4583 2777 4654 hoc_est
2832 4598 2958 4636 cum
3003 4592 3151 4638 esset
3199 4586 3426 4654 angelus
3466 4583 3627 4652 lueis.

398 4595 768 4737 ψίὲὲίυῧὶντῑ
808 4660 1185 4737 ἀρχαγγέλου
1239 4658 1535 4737 διίὲσρλος·
1588 4653 1943 4737 Domni-88'

2104 4599 2238 4647 ενος,
2285 4588 2501 4645 melius,
2543 4588 2646 4637 hoc
2692 4591 2777 4638 est
2832 4598 2958 4636 cum
3003 4592 3151 4638 esset
3199 4588 3426 4654 angelus
3468 4588 3627 4652 lueis.

2069 4600 2309 4737 iiber-tate
2354 4653 2608 4717 abusum,
2652 4652 2854 4707 factum
2884 4668 3007 4710 esse
3052 4655 3403 4710 tenebrarum
3462 4674 3631 4729 ange—

380 4725 572 4792 Patres
596 4725 870 4791 diabolum
886 4725 1283 4802 archangelum
1311 4730 1499 4802 fuisse,
1534 4725 1945 4802 πρωτοστάτην,

380 4809 643 4887 ἐπίσημον
676 4807 739 4887 ἐν
762 4803 1007 4887 ἀγγέλοις
1037 4797 1130 4855 καῖ
1160 4804 1217 4887 ἐν
1238 4797 1827 4887 ,ταῖςλ
1844 4814 1949 4887 πεῖ

381 4866 601 4950 premi-i3,
632 4866 856 4950 πρώτην
882 4874 1212 4950 ἀρχὴν-παρξ
1227 4869 1476 4950 ἀγγέλοις
1505 4866 1821 4950 ἔχοντα,ἓνα
1842 4867 1949 4950 των

380 4938 610 5018 πρώτων
645 4938 1452 5018 ἁ’ρχόντων,-ιὲιίιἱιιυιίιὶεεί-ιιιιιιιι
1486 4940 1827 5018 angelorum,
1850 4938 1949 4990 do-

380 5010 586 5071 tn'inum
621 5010 809 5087 novem
855 5013 1110 5087 ordinum
1160 5010 1498 5087 angelor'tltlt,
1548 5010 1783 5087 primum
1837 5022 1948 5087 orn-

381 5087 531 5140 nium
563 5085 899 5154 angelorum,
951 5078 1266 5154 angelorum
1318 5080 1772 5154 primogenitum,_
1814 5078 1947 5154 reli~

380 5158 504 5225 quis
544 5147 749 5223 ang'elis
796 5147 1250 5225 eminentioremt
1276 5147 1588 5225 et__cu11etis
1637 5147 1946 5225 agminibus

380 5219 693 5296 angelortim
734 5225 1033 5296 praelatum.
1089 5224 1165 5277 Ita
1214 5222 1450 5296 gyrillus
1498 5219 1946 5296 lli_t_3roso_lyu_tita-

381 5288 506 5356 nus,
540 5288 833 5363 Gregorius
874 5294 1171 5363 Nyssenus.
1210 5288 1513 5363 Gaisilrius,
1548 5288 1941 5355 Theodoritus,

376 5360 841 5432 JohiusJJvrillus
871 5360 1291 5424 Alexandrinus,
1315 5360 1780 5432 Theophylactus,
1806 5375 1941 5432 non-

379 5438 514 5489 nulli
550 5436 603 5489 in
646 5429 845 5488 Catena
887 5432 953 5497 ad
992 5432 1208 5495 Jobum,
1243 5429 1640 5493 Tertullianus,
1682 5429 1944 5498 Augusti-

380 5524 506 5572 nus;
530 5506 670 5557 inter
684 5520 848 5572 opera
869 5501 1177 5572 Ilieronymi
1197 5511 1388 5557 auctor
1419 5502 1939 5572 connuentarﬂiorum

378 5577 433 5630 in
460 5561 736 5631 P'salmos:
752 5574 951 5642 quippe
987 5574 1041 5626 in
1069 5561 1265 5627 Jobum
1297 5573 1547 5638 scripsit;
1581 5587 1706 5625 cum
1736 5569 1941 5642 Fausto

378 5645 598 5715 Ilejensi
629 5654 682 5699 et
712 5640 974 5715 Gregorio
1003 5658 1159 5711 papa.
1192 5642 1466 5715 Caesarius
1489 5640 1941 5715 ArelateirsisLjn

382 5708 602 5770 lminilia
655 5714 726 5768 De
767 5708 1155 5765 humilitate—et
1205 5712 1469 5781 superbia,
1500 5714 1708 5767 editore
1732 5710 1798 5766 ν.
1829 5708 1935 5781 CL.

382 5785 658 5856 Stephano
688 5784 906 5856 Baluzio
932 5802 944 5837 :
974 5780 1565 5856 lpsum_ar¢ha_nge_lum
1605 5782 1851 5856 superbia
1876 5780 1941 5835 de

387 5851 511 5912 certe
542 5856 775 5928 deposuit
810 5853 941 5910 Vide
970 5853 1135 5910 etiam
1164 5852 1604 5909 Consultatioues
1643 5851 1855 5908 Ζωὼωί
1883 5858 1938 5909 ct

2054 4723 2186 4777 lum.
2226 4728 2298 4777 τι).

2123 4793 2233 4867 (70)
2288 4792 2457 4867 Θεοῦ,
2508 4794 2676 4867 Abest
2707 4807 2735 4846 a
2768 4793 2891 4867 cod.
2945 4793 3176 4851 Vindob.
3228 4803 3281 4853 et
3342 4800 3628 4867 sequentia

2050 4865 2215 4917 verba
2260 4863 2357 4915 τοῦ
2405 4864 2463 4937 σε
2510 4865 3026 4937 δημιουργήσαντος,
3056 4868 3353 4923 ostendunt
3384 4863 3518 4924 satis
3561 4868 3630 4926 de

2049 4950 2157 5004 quo
2193 4943 2405 5003 agatur.
2440 4933 2515 4990 in.

2122 5004 2681 5091 gziﬂ'LOAVAEtprydq.
2718 5004 2853 5060 Cod.
2878 5003 3039 5091 V'iml.
3078 5005 3186 5091 avet

2121 5075 2232 5145 (72)
2250 5075 2573 5151 Ἐλνίηνιξιὰ
2601 5076 2710 5151 γᾴρ
2738 5075 3038 5151 (mugiret.
3069 5076 3145 5151 AS.
3174 5075 3428 5151 Joannes
3457 5079 3636 5151 Chry—

2049 5144 2326 5216 snstomus
2361 5144 2557 5216 ΔΙιυιιιίΙ.
2612 5144 2702 5208 12,
2758 5145 2811 5199 in
2854 5145 3165 5215 Epistolam
3212 5146 3281 5199 ad
3326 5144 3623 5216 Ephesios:

2052 5214 2384 5287 ’Έλληνεςτά
2409 5214 2506 5284 μὲν
2526 5217 2633 5287 οὐκ
2648 5216 2775 5268 ὄντα
2790 5218 3156 5287 ἁμαρτήματα
3174 5214 3492 5280 δεδοίκασιν,
3512 5216 3623 5275 οἷον

2051 5283 2221 5356 ῥύπον
2252 5283 2520 5369 σώματος,
2543 5283 2918 5369 κῇδοςρέχος,
2938 5283 3080 5369 καινή
3092 5287 3273 5369 μερῷν
3300 5292 3621 5369 παρατηρή-

2048 5355 2179 5430 σεις,
2202 5356 2294 5407 καὶ
2325 5356 2425 5430 ὅσα
2456 5356 2697 5430 τοιαῦτα·
2723 5355 2758 5408 ἆ
2779 5355 2836 5408 δέ
2858 5356 3005 5430 ἐστιν
3029 5355 3197 5430 ὄντως
3226 5355 3628 5430 ἁμαρτήματα,

2046 5426 2446 5498 παιδεραστεία,
2473 5426 2723 5498 μοιχεία,
2762 5426 3005 5498 πορνεία,
3045 5426 3639 5498 τούτωνόὖδὲξλόγον·

2044 5494 2279 5564 ἔχουσιν.
2309 5494 2653 5567 thuidiego
2692 5497 2745 5549 in
2781 5494 2845 5567 re
2863 5496 3151 5549 notissima
3176 5498 3404 5567 allegem
3438 5494 3621 5555 Theo-

2083 5568 2351 5628 hrastum,
2382 5564 2767 5635 Porphyrium,
2790 5565 3088 5629 Laertium,
3115 5568 3253 5623 alios
3276 5564 3620 5624 innumeros?

2090 5635 2287 5689 ulliciet
2334 5635 2658 5706 observasse
2707 5652 2772 5690 ex
2813 5635 3073 5706 Josepho,
3107 5638 3203 5694 lib.
3251 5654 3313 5704 ιι,
3363 5638 3618 5696 adrersus

2044 5707 2322 5775 Apionem,
2349 5722 2411 5759 ac
2438 5704 2785 5777 rTertulliano
2815 5707 2891 5762 De
2907 5704 3304 5777 praescriptione
3334 5709 3580 5765 heretico
3598 5738 3616 5754 ο

2042 5793 2184 5907 eum,
2217 5792 2337 5863 cap.
2390 5776 2492 5845 40,
2542 5777 2790 5835 ethnicos
2842 5793 2871 5833 a
2922 5776 3136 5835 Judaeis
3172 5781 3278 5837 ista
3307 5781 3610 5853 accepisse.

2087 5864 2177 5904 or.

2087 5864 2177 5904 ΟΤ.

3273 5006 3372 5073 ξις.
3407 5009 3479 5062 In.
