4062 6258
997 460 1231 518 CAPUT
1271 460 1503 515 XXVIII.

475 558 553 613 De
582 555 806 627 nefando
853 571 1031 609 amore
1081 569 1384 638 puer-erum,
1429 554 1692 608 adulterio
1728 563 1777 606 et
1809 555 2043 621 fornica-

1182 635 1339 679 tione.

543 718 747 774 Contra
791 732 922 772 vero
974 716 1329 772 exsecrabilis
1375 715 1466 768 illa
1516 730 1580 769 ac
1624 722 1830 768 natura:
1881 730 2043 784 repu-

474 825 649 881 gnans
690 808 1030 878 conjunctio,
1056 816 1150 862 aut
1174 808 1267 861 illa
1300 807 1487 876 iniqua
1516 807 1681 869 actio,
1712 813 1900 875 utpote
1930 804 2042 861 Deo

475 904 673 958 invisa.
708 900 919 956 Etenim
966 908 1177 955 natura:
1219 899 1543 955 adversatur
1570 898 1811 968 nequitia
1869 896 2044 953 Sodo-

474 1010 712 1057 morum,
740 1002 795 1049 et
820 994 910 1047 illa
937 1008 1059 1062 quae
1087 1008 1213 1059 cum
1254 992 1448 1047 bestiis
1485 998 1765 1062 patratur;
1798 991 2043 1060 :equitali

475 1096 657 1140 autem
688 1092 951 1155 repugnat
978 1084 1330 1147 adulterium,
1366 1090 1422 1138 et
1452 1081 1779 1137 fornicatio:
1807 1098 2042 1152 quorum

476 1180 831 1250 ﬂagitiorum,
884 1178 975 1231 illa
1024 1177 1268 1246 quidem,
1323 1175 1633 1245 impietates
1678 1180 1841 1241 sunt;
1894 1173 2041 1228 istud

476 1289 627 1337 vero,
654 1272 953 1339 injuria;at
975 1271 1247 1333 ultimum,
1275 1280 1557 1338 peccatum
1586 1281 1597 1314 :
1622 1267 1829 1320 nullum
1860 1273 2043 1321 autem

475 1380 664 1419 eorum
693 1363 1017 1432 impunitum
1064 1368 1267 1425 manet,
1306 1359 1609 1414 secundum
1646 1361 1922 1429 propriam
1956 1373 2044 1411 ra-

477 1459 700 1512 tionem.
760 1454 894 1508 Naln
926 1453 1092 1524 primi
1121 1452 1540 1508 dissolutionem
1570 1466 1633 1505 ac
1662 1450 1822 1505 ﬁnem
1853 1450 2043 1504 mundi

477 1554 796 1619 procurant,
821 1545 950 1601 dum
979 1560 1102 1616 quae
1129 1545 1405 1599 naturalia
1450 1551 1601 1606 sunt,
1636 1550 1828 1597 contra
1877 1550 2044 1596 natu-

476 1657 593 1695 ram
642 1641 894 1695 nituntur
937 1646 1288 1709 perpetrare;
1321 1635 1551 1691 secundi
1603 1650 1735 1690 vero
1784 1634 2040 1703 injuriosi

449 1741 624 1796 sunt,
674 1748 797 1787 cum
853 1731 1086 1786 aliorum
1146 1730 1495 1787 matrimonia
1536 1736 1935 1797 corrumpunt;
1988 1735 2042 1782 et

473 1826 667 1896 quoda
697 1825 808 1881 Deo
840 1824 1041 1880 factum
1075 1823 1392 1886 fuituuum,
1428 1820 1679 1876 dividunt
1721 1819 1774 1873 in
1825 1818 2043 1885 duo;et
2074 1852 2115 1906 Β

472 1920 714 1975 etliciunt
770 1929 828 1973 ut
855 1917 1015 1971 liberi
1056 1916 1302 1986 suspecti
1347 1914 1674 1977 habeantur,
1706 1912 1898 1982 virque
1944 1926 2042 1965 na-

471 2011 669 2065 turalis
691 2026 755 2063 ac
785 2010 1063 2079 legitimus
1102 2006 1320 2062 insidiis
1360 2013 1549 2076 pereat
1578 2026 1589 2058 :
1620 2003 1913 2058 fornicatio
1941 2017 2042 2056 au-

472 2111 604 2165 tem,
637 2100 919 2170 corruptio
968 2107 1051 2154 est
1079 2099 1311 2169 propriae
1338 2096 1559 2163 carnis;
1600 2112 1711 2151 non
1740 2095 1883 2150 enim
1919 2108 2043 2163 spe-

471 2202 587 2248 ctat
635 2191 1038 2265 generationem
1087 2189 1281 2260 prolis,
1320 2187 1417 2244 sed
1454 2189 1556 2245 soli
1613 2187 1858 2256 indulget
1887 2186 2043 2239 volu-

471 2288 647 2357 ptati;
679 2285 825 2357 (ιιιυά
843 2282 1251 2340 incontinentiae
1279 2292 1363 2336 est
1386 2279 1675 2343 indicium,
1700 2295 1810 2334 non
1829 2279 2041 2348 signum

469 2378 715 2433 virtutis.
747 2376 984 2449 Legibus
1016 2383 1199 2431 autem
1231 2374 1345 2428 bazc
1387 2373 1571 2428 omnia
1619 2370 2039 2427 interdicuntur.

469 2473 550 2528 Ita
601 2473 747 2528 enim
804 2470 1162 2543 pronuntiant
1230 2466 1566 2537 Scriptura):
1602 2484 1621 2517 ι
1652 2464 1767 2519 Non
1818 2464 2043 2521 eubabis

444 2578 595 2619 .cum
629 2563 873 2619 masculo
899 2561 1248 2617 concubitum
1279 2560 1597 2613 muliebrem
1618 2558 1664 2591 ⁸⁸
1685 2577 1702 2627 ;
1721 2558 2043 2612 maledictus

468 2659 616 2712 enim
668 2664 753 2711 cst
797 2655 923 2709 talis
971 2654 1089 2718 vir;
1121 2659 1174 2708 et
1234 2651 1506 2720 lapidibus
1548 2650 1863 2721 lapidabitis
1910 2665 2038 2715 eos;

472 2748 932 2804 abominationem
966 2744 1209 2799 fecerunt
1225 2743 1291 2797 ⁵³.
1325 2742 1551 2798 Omnem
1590 2742 2040 2797 concumbentem

471 2855 597 2895 eum
632 2840 901 2908 jumento,
944 2836 1179 2890 occidite
1229 2849 1395 2902 eum;
1440 2834 1779 2904 iniquitatem
1814 2835 1941 2890 fecit
1988 2836 2043 2889 in

470 2934 671 3005 populo
693 2932 760 2989 ⁸ο,
787 2931 850 2984 Et
879 2932 922 2985 si
954 2930 1078 3000 quis
1133 2928 1417 2982 mulierem
1466 2928 1586 2983 viro
1633 2928 1910 2991 traditam,
1958 2928 2045 2982 ln-

470 3026 803 3096 quinaverit,
849 3021 1085 3078 occidite
1144 3026 1474 3089 utrumque;
1505 3019 1846 3088 iniquitatem
1896 3018 2043 3074 fece-

471 3126 626 3181 runt,
658 3118 734 3171 rei
768 3123 919 3179 sunt,
949 3114 1257 3169 moriantur
1275 3112 1339 3168 “.
1369 3131 1387 3163 ι
1418 3110 1483 3165 Ει
1530 3111 1791 3180 deinceps
1825 3129 1837 3166 :
1875 3129 1894 3161 ι
1921 3110 2038 3166 Non

471 3214 576 3267 erit
604 3210 902 3265 fornicator
932 3208 986 3262 in
1018 3205 1145 3261 liliis
1168 3203 1420 3269 lsraelis;
1454 3216 1506 3258 et
1531 3220 1638 3257 non
1667 3204 1772 3258 erit
1799 3201 2043 3257 fornica-
2069 3181 2110 3237 δ

473 3305 582 3357 trix
635 3318 703 3356 ex
758 3300 975 3355 ﬁliabus
1025 3297 1263 3353 lsraelis.
1313 3292 1435 3351 Non
1489 3294 1684 3351 ollercs
1738 3294 2040 3349 mercedem

472 3392 763 3465 prostibuli
815 3390 1049 3444 Domino
1096 3388 1207 3443 Deo
1266 3396 1361 3443 tuo
1407 3404 1570 3457 super
1630 3388 1822 3450 altare,
1866 3402 2043 3457 neque

470 3486 711 3557 pretium
743 3482 977 3538 canis“.
1013 3480 1133 3535 Non
1162 3481 1306 3536 enim
1338 3496 1475 3551 pura
1508 3491 1659 3541 sunt,
1695 3481 1892 3550 inquit,
1918 3490 2042 3534 vota

468 3594 536 3633 ex
587 3575 834 3630 mercede
884 3572 1205 3627 meretricis.
1241 3590 1259 3621 ›
1317 3569 1442 3623 llaec
1495 3568 1712 3640 quidem
1757 3568 1901 3638 leges
1944 3581 2037 3620 ve-

399 3679 401 3682 ‘
469 3677 721 3731 nuerunt;
761 3664 1094 3721 eonnubium
1142 3677 1268 3717 vero
1309 3660 1653 3723 extulerunt,
1694 3660 2035 3714 benedictum

406 3762 411 3833 ξ
452 3759 825 3831 appellantes,
880 3754 1320 3827 quandoquidem
1372 3752 1650 3807 benedixit
1699 3751 1842 3806 Deus
1872 3793 1888 3818 ,
1940 3752 2034 3820 qui

471 3849 756 3919 conjunxit
785 3847 1041 3902 feminam
1067 3859 1193 3899 cum
1223 3843 1469 3899 masculo
1500 3840 1643 3894 “3-”.
1685 3838 1823 3893 Dicit
1853 3846 2035 3892 autem

472 3943 692 4009 sapiens
709 3940 962 3994 Salomon
992 3954 1004 3990 :
1036 3957 1055 3989 ι
1081 3938 1119 3989 Α
1146 3936 1375 3990 Domino
1395 3943 1612 3999 aptatur
1630 3947 1768 3986 uxor
1789 3925 1962 3985 vim“
1984 3946 2034 3997 ς»

472 4043 528 4089 et
560 4034 726 4087 David
758 4034 869 4086 ait:
909 4051 925 4081 ι
964 4030 1110 4086 Uxor
1142 4041 1257 4092 tua,
1291 4032 1436 4085 sicut
1466 4028 1595 4085 vitis
1638 4030 1948 4093 abundans,
1986 4032 2040 4086 in

470 4126 735 4181 lateribus
779 4123 975 4178 domus
1005 4130 1149 4176 tuae:
1181 4122 1273 4176 ﬁlii
1310 4122 1413 4182 tui,
1448 4122 1591 4177 sicut
1623 4124 1847 4178 novella:
1878 4125 2043 4178 oliva-

470 4234 618 4281 rum,
653 4218 708 4270 in
740 4216 975 4271 circuitu
1010 4229 1231 4269 mensae.
1268 4213 1409 4269 Ecce
1439 4214 1521 4268 sic
1565 4215 1920 4270 benedicctur
1942 4217 2041 4271 lm-

470 4328 582 4374 tno,
633 4311 723 4379 qui
782 4310 935 4362 timet
985 4306 1271 4359 Dominum
1296 4306 1359 4359 “.
1392 4324 1409 4356 ι
1465 4304 1649 4375 Itaque
1702 4309 2036 4361 connubium

470 4402 789 4459 lmuorabile
816 4408 901 4455 est
932 4415 996 4453 ac
1024 4397 1393 4453 venerandum
1414 4398 1455 4429 ⁶⁷
1479 4416 1493 4464 ;
1527 4406 1581 4452 et
1604 4401 1881 4468 generatio
1904 4402 2039 4455 ﬁlio-

1351 343 1409 397 S.
1444 342 1837 399 CLEMENTIS
1875 341 1895 394 Ι
1927 341 2096 399 ROM.
2136 343 2337 400 PONT.
2375 343 2603 399 OPEBA
2644 341 2869 399 DUBIA.

3605 340 3710 397 984

2636 459 3032 517 ΚΕΦΑΛΔΙΟΝ
3069 456 3204 510 ΚΗ’.

2214 553 2353 622 Περὶ
2412 554 2871 638 παιδεραστίαςν,
2898 550 3168 693 ﬂagitia;
3207 564 3273 603 τε
3347 546 3447 601 καὶ
3501 560 3636 617 πορ-

2759 640 2924 689 νειας
3065 661 3079 676 .

2759 640 2924 689 νειας
2947 640 3079 689 (ω).

2213 716 2407 769 Οὐκέτι
2449 716 2506 769 δὲ
2554 716 2647 769 καὶ
2676 716 2711 787 ἡ
2742 714 2894 787 παρά
2921 713 3082 784 φύσιν
3125 709 3382 783 βδελυκτὴ
3417 709 3581 783 μίξις,
3612 710 3645 783 ἢ
3673 712 3706 783 ἡ

2132 807 2459 881 παράνομος
2491 807 2708 879 πρᾶξις,
2741 806 2911 878 ἐχθρὰ
2942 806 3051 878 γὰρ
3077 804 3211 859 Θεοῦ
3240 805 3577 877 ὑπάρχουσα·
3614 804 3711 859 καὶ

2142 901 2253 972 γὰρ
2291 900 2443 973 παρὰ
2486 900 2645 970 φύσιν
2686 902 2831 954 ἐστιν
2858 902 2891 971 ἡ
2927 899 3175 971 Σοδόμων
3206 897 3449 971 ἁμαρτία
3465 898 3531 967 ³⁸,
3553 899 3645 953 καὶ
3673 900 3706 971 ἡ

2144 992 2280 1064 πρὸς
2312 992 2500 1060 άλογαο
2541 992 2853 1065 παράνομον
2874 992 2950 1059 δὲ,
2988 991 3199 1063 μοιχεία
3234 991 3331 1044 καὶ
3368 990 3609 1063 πορνεία·
3634 983 3712 1045 ὧν

2141 1084 2212 1138 τὰ
2252 1084 2371 1157 μὲν,
2402 1084 2743 1156 ἀσεϐήματαο
2785 1084 2855 1138 τὰ
2876 1084 2918 1116 ⁸⁷
2950 1084 3025 1152 δὲ,
3060 1083 3260 1137 ἀδικία·
3295 1084 3390 1137 καὶ
3420 1083 3481 1136 τδ
3528 1081 3712 1136 τελευα

2140 1179 2312 1241 ταῖον,
2361 1177 2679 1249 ἁμάρτημα·
2721 1177 2999 1249 οὐδέτερον
3035 1176 3090 1229 δὲ
3137 1175 3313 1230 αὐτῶν
3340 1174 3710 1247 ἀτιμώρητον,

2142 1271 2285 1324 κατὰ
2301 1270 2398 1342 τὴν
2426 1270 2631 1325 οἰκείαν
2671 1269 2925 1324 διάθεσιν.
2960 1269 3027 1322 Οἵ
3055 1285 3113 1321 τε
3144 1267 3252 1339 γὰρ
3286 1267 3489 1338 πρῶτοι
3540 1267 3712 1321 διάλυ-

2143 1380 2226 1416 σιν
2259 1363 2464 1435 κόσμου
2508 1362 2872 1435 μηχανῶνται,
2901 1361 2971 1415 τὰ
3010 1360 3151 1415 κατὰ
3181 1360 3338 1430 φύσιν
3372 1358 3522 1432 παρὰ
3549 1360 3712 1429 φύσιν

2141 1453 2543 1525 ἐπιχειροῦντες
2565 1457 2736 1508 ποιεῖν
2751 1472 2764 1486 ’
2786 1454 2835 1507 οί
2859 1454 2914 1507 δὲ
2934 1453 3193 1525 δεύτεροι,
3219 1454 3268 1505 οἱ
3293 1452 3390 1523 μὲν
3410 1453 3709 1519 ἀδικοῦσιν,

2141 1546 2449 1619 ἀλλοτρίους
2476 1547 2687 1617 γάμους
2713 1546 3040 1619 φθείροντες,
3065 1545 3159 1599 καὶ
3177 1544 3238 1597 τὸ
3261 1544 3364 1597 ὑπὸ
3396 1542 3529 1597 Θεοῦ
3555 1545 3709 1614 γενό-

2144 1656 2302 1709 μενον
2330 1638 2409 1702 ἓν,
2440 1637 2736 1713 διαιροῦσιν
2783 1641 2864 1702 είς
2904 1637 3018 1701 δύο,
3057 1637 3182 1700 τούς
3232 1653 3291 1689 τε
3329 1637 3525 1699 παῖδας
3577 1637 3709 1689 ὑπό-

2142 1748 2327 1794 πτους,
2358 1732 2452 1787 καὶ
2479 1732 2569 1784 τὸν
2614 1731 2837 1800 φυσικὸν
2868 1730 3035 1802 ἄνδρα
3065 1727 3503 1783 εὐεπιϐούλευτον
3522 1746 3536 1759 ⁸
3577 1730 3612 1801 ἦ
3646 1746 3708 1782 τε

2142 1824 2390 1895 πορνεία,
2417 1823 2591 1895 φθορὰ
2610 1823 2710 1894 τῆς
2737 1822 2943 1885 οἰκείας
2972 1823 3086 1875 ἐστὶ
3111 1823 3332 1895 σαρκὸς,
3349 1822 3449 1875 οὐκ
3470 1822 3562 1875 ἐπὶ
3582 1838 3710 1875 παι-

2143 1916 2355 1989 δοποιῑᾳ
2400 1916 2680 1988 γινομένη,
2736 1916 2849 1970 ἀλλ’
2898 1917 3058 1989 ἡδονῇ
3109 1916 3446 1987 χαριζομένη
3476 1915 3537 1969 τὸ
3576 1917 3704 1970 πᾶν·

2142 2008 2279 2081 ὅπερ
2309 2009 2453 2062 ἐστὶν
2482 2009 2750 2080 ἀκρασίας
2784 2008 3069 2082 σύμϐολον,
3104 2008 3215 2061 ἀλλ’
3255 2009 3355 2061 οὐκ
3386 2006 3583 2078 ἀρετῆς
3613 2025 3710 2080 ση-

2148 2106 2315 2174 μεῖον.
2358 2102 2755 2175 Ἀπηγόρευται
2800 2101 2856 2154 δὲ
2891 2104 3003 2164 τοῖς
3038 2100 3223 2172 νόμοις
3273 2100 3486 2153 ἅπαντα
3513 2098 3705 2172 ταῦτα.

2142 2193 2279 2265 Φησὶ
2305 2194 2413 2267 γὰρ
2430 2195 2498 2248 τὰ
2517 2193 2671 2262 λόγια
2698 2193 2887 2257 οὓτωςο
2916 2213 2933 2244 ι
2955 2195 3028 2248 Οὐ
3050 2193 3356 2267 κοιμηθήσῃ
3393 2195 3528 2267 μετὰ
3545 2196 3709 2268 ἄρρε-

2144 2304 2233 2350 νος
2278 2287 2464 2358 κοίτην
2508 2286 2840 2355 γυναικείανο
2896 2286 3293 2359 ἐπικατάρατος
3346 2288 3452 2359 γὰρ
3486 2286 3711 2342 ότοιοῦ-

2142 2395 2266 2442 τος’
2298 2380 2391 2432 καὶ
2441 2378 2607 2441 λίθοις
2653 2377 3028 2449 λιθοὸολήσατε
3070 2379 3265 2443 αὐτούς
3308 2378 3436 2451 (74)·
3487 2379 3709 2450 βδέλυγ-

2148 2488 2222 2540 μα
2257 2469 2366 2543 (75)
2399 2471 2679 2541 ἐποίησαψ
2711 2470 2888 2525 πάντα
2917 2469 3253 2541 κοιμώμενον
3289 2471 3425 2543 μετὰ
3458 2473 3707 2543 κτήνους,

2143 2564 2497 2617 ἀποκτείνατε
2538 2563 2717 2625 αὐτὸν,
2771 2563 2998 2634 ἀνομίαν
3047 2564 3298 2634 ἐποίησεν
3343 2564 3399 2617 ἐν
3439 2563 3517 2633 τῷ
3570 2564 3705 2636 λαῷ.

2144 2656 2255 2709 Kal.
2286 2655 2379 2710 ὲάν
2418 2673 2502 2720 τις
2542 2658 2772 2727 γυναίκα
2820 2655 3086 2728 ὓπανδρον
3127 2657 3320 2728 μιάνῃ,
3355 2657 3710 2711 ἀποκτείνατε

2144 2749 2505 2821 ἀμφοτέρους·
2558 2749 2785 2818 ἀνομίαν
2827 2750 3109 2821 ἐποίησαν,
3155 2749 3329 2819 ἔνοχοί
3376 2752 3533 2816 εἰσιν,
3574 2750 3709 2802 ἀποι-

2146 2839 2516 2895 θανέτωσαν.»
2574 2841 2685 2895 Καὶ
2730 2839 2876 2911 ἑξῆς·
2930 2862 2947 2892 ι
2977 2837 3089 2894 Ούκ
3145 2841 3295 2894 ἔσται
3344 2840 3617 2912 πορνεύων
3650 2842 3711 2894 ὲν

2144 2933 2279 2995 υἱοῖς
2320 2932 2553 3004 Ἰσραήλ·
2590 2934 2683 2986 και
2722 2932 2822 2986 οὐκ
2855 2932 3005 2988 ἔσται
3036 2933 3369 3005 πορνεύουσα
3397 2933 3504 2986 ἀπὸ
3540 2932 3709 3001 θυγα-

2143 3024 2315 3095 τέρων
2363 3025 2595 3096 Ἰσραήλ.
2630 3025 2704 3078 Ub
2735 3026 3044 3097 προσοίσεις
3077 3025 3331 3096 μίσθωμα
3367 3025 3570 3097 πόρνης
3594 3027 3710 3081 ,Κυ-

2148 3118 2248 3188 ρίῳ
2274 3116 2353 3188 τῷ
2381 3117 2498 3188 Θεῷ
2534 3135 2623 3171 σου
2656 3117 2749 3170 ἐπὶ
2773 3117 2833 3171 τὸ
2867 3116 3423 3197 θυσιαστήριον,ρἓ
3458 3117 3709 3188 ἄλλαγμα

2144 3212 2321 3275 κυνός.
2368 3211 2441 3265 UO
2480 3211 2587 3282 γὰρ
2620 3211 2802 3280 ἁγναὶ,
2837 3210 3018 3280 φησὶν,
3051 3210 3205 3280 εὐχαὶ
3241 3190 3711 3281 εἶ”μῖσθώματος

2144 3303 2417 3376 ἑταίρας.»
2456 3302 2640 3355 Ταῦτα
2683 3302 2780 3373 μὶν
2812 3301 3194 3373 ἀπηγόρευσαν
3240 3301 3289 3354 οἱ
3322 3300 3506 3371 νόμοι·
3538 3299 3627 3353 τὸν
3648 3300 3709 3354 δὲ

2142 3397 2316 3468 γάμον
2344 3395 2660 3466 ἐσέμνυναν,
2678 3392 3034 3464 εὐλογημένον
3063 3392 3222 3447 αὐτὸν
3245 3392 3705 3456 ἀποκαλέσαντες*

2142 3486 2329 3559 ἐπειδὴ
2360 3488 2455 3541 καὶ
2486 3486 2777 3556 εὐλόγησεν
2810 3485 2917 3556 (76)
2946 3488 2973 3538 ό
3000 3483 3130 3548 Θεὸς
3151 3486 3179 3536 ό
3210 3485 3470 3551 συζεύξας
3496 3483 3555 3537 τὺ
3571 3484 3707 3554 θῆλυ

2141 3579 2220 3651 τῷ
2246 3580 2452 3652 ἄρρενι.
2491 3578 2650 3647 Λέγει
2682 3578 2737 3631 δέ
2769 3595 2868 3631 που
2897 3577 2991 3630 καὶ
3030 3578 3057 3631 ὁ
3094 3577 3255 3647 σοφὸς
3281 3575 3529 3648 Σολομὼν
3560 3575 3666 3647 (77)
3686 3592 3703 3607 ο

2149 3691 2166 3722 ι
2191 3671 2349 3743 Παρὰ
2380 3672 2585 3743 Κυρίου
2616 3668 2910 3743 ἁρμόζεται
2932 3668 3069 3740 γυνὴ
3099 3669 3270 3741 ἀνδρί·
3303 3688 3322 3723 ›
3365 3670 3459 3722 κα)⁸
3485 3670 3514 3721 ό
3544 3668 3708 3721 Δαεὶδ

2142 3761 2304 3831 λέγει·
2349 3781 2368 3814 ι
2409 3763 2471 3815 Ἡ
2499 3764 2634 3834 γυνή
2671 3778 2765 3815 σου
2804 3761 2878 3824 ὡς
2905 3760 3145 3832 ἄμπελος
3175 3760 3472 3832 εύθηνοῦσα
3511 3762 3567 3813 ὲν
3595 3763 3709 3824 τοῖς

2142 3854 2347 3908 κλίτεσι
2366 3854 2467 3924 τῆς
2486 3855 2662 3918 οίκίας
2688 3871 2779 3907 σου
2795 3871 2807 3883 ·
2831 3855 2880 3906 οἱ
2903 3855 3005 3906 υἱοί
3029 3871 3121 3906 σου
3143 3854 3219 3916 ὠς
3238 3853 3468 3923 νεόφυτα
3489 3852 3704 3917 ἐλαιῶν,

2142 3946 2328 4017 κύκλῳ
2364 3946 2463 4016 τῆς
2485 3946 2762 4019 τραπέζης
2785 3964 2897 4000 σου.
2939 3947 3068 4001 Ἰδοὺ
3087 3945 3259 4009 οὕτως
3282 3945 3706 4016 εύλογηθήσεται

2143 4038 2426 4109 ἄνθρωπος
2453 4040 2481 4091 ὀ
2510 4037 2675 4108 φοϐού
2684 4055 2842 4109 μενος
2882 4038 2973 4092 τὸν
3002 4038 3224 4109 Κύριον.
3252 4057 3271 4090 ι
3320 4037 3528 4090 Οὐκοῦν
3554 4037 3582 4087 ὁ
3605 4035 3707 4104 γά-

2145 4146 2244 4199 μος
2284 4130 2464 4200 τίμιος
2500 4131 2595 4183 καὶ
2636 4130 2848 4200 σεμνὸς,
2891 4130 2985 4183 καὶ
3010 4131 3042 4201 ἡ
3070 4130 3177 4182 τῶν
3226 4128 3430 4183 παίδων
3471 4128 3704 4196 γένεσις,

2142 4221 2358 4293 καθαρά
2376 4239 2389 4251 ·
2412 4221 2561 4274 οὐδὲν
2586 4221 2693 4294 γὰρ
2715 4222 2880 4275 κακὸν
2911 4223 2967 4274 ὲν
2997 4221 3145 4292 καλῷ
3176 4222 3426 4292 ὑπάρχει.
3447 4221 3581 4274 Οὔτε
3610 4216 3703 4273 οὖν

2139 4314 2389 4389 ἡφυσικὴ
2418 4314 2702 4385 κάθαρσις,
2728 4314 2981 4386 βδελυκτὴ
3006 4314 3157 4385 παρὰ
3177 4314 3287 4389 (78)
3313 4313 3522 4384 Θεῷ,ὃς
3538 4313 3704 4385 αὐτὴν

2139 4405 2460 4478 ᾠκονόμησε
2504 4406 2813 4479 συμϐαίνειν
2854 4406 3094 4475 γυναιξὶν
3130 4408 3188 4460 ὲν
3234 4407 3703 4479 τριακονθημέρῳ,

469 4512 595 4549 rum
638 4510 816 4565 pura:
848 4491 983 4549 nihil
1012 4491 1159 4545 enim
1202 4488 1328 4543 mali
1375 4489 1518 4543 inest
1550 4490 1604 4544 in
1654 4491 1814 4545 bono.
1853 4491 2040 4563 Neque

2145 4499 2455 4575 συστάσεως
2485 4499 2642 4571 χάριν
2658 4500 2751 4552 καὶ
2769 4500 3084 4571 εὐρωστίας,
3103 4500 3509 4573 ἁκινητοτέραις
3530 4501 3707 4571 ὑπαρ-

530 4688 576 4768 ξ’
611 4691 679 4768 al.
711 4690 989 4768 ἀσέλγεια.
1188 4695 1312 4749 cod.
1368 4696 1526 4752 Vind.
1605 4701 1649 4731 ⁸⁷
1687 4701 1721 4754 Γ.
1760 4702 1840 4754 τό.
1917 4701 1964 4734 ⁸⁸
1997 4700 2041 4755 Li

2141 4717 2145 4753 :
2200 4718 2355 4764 xvur,
2393 4701 2484 4756 2‘2.
2562 4704 2608 4735 ’9
2636 4702 2810 4757 Levit.
2850 4720 2952 4768 xx,
3005 4704 3090 4759 15.
3168 4705 3214 4736 ⁸ο
3243 4704 3415 4760 Exod.
3447 4723 3581 4764 xin.
3630 4708 3722 4763 i9.

458 4759 501 4786 ⁶¹
531 4757 726 4841 Levit._
762 4757 868 4841 xxi
897 4764 1011 4841 10;
1066 4763 1222 4818 Deut.
1259 4782 1419 4841 _xxn,
1472 4770 1560 4823 22.
1639 4772 1683 4801 “
1713 4770 1871 4826 Deut.
1932 4788 2041 4827 χχιι

2141 4770 2220 4825 l7.
2297 4757 2426 4812 “'J‘
2451 4773 2586 4829 Gen.
2622 4789 2658 4837 ι,
2687 4775 2778 4829 23.
2858 4775 2903 4807 ⁸⁵
2938 4757 3111 4829 Ῥνον.
3149 4757 3402 4841 χαί-14,

409 4850 417 4859 ε
456 4844 664 4896 cxxvu,
694 4833 747 4884 5.
824 4833 868 4864 ⁸⁷
894 4831 1055 4887 Hebr.
1094 4850 1212 4897 xm,
1245 4835 1296 4888 4.

3497 4779 3542 4810 ⁸⁸
3574 4777 3722 4834 Psal.

1903 5010 2265 5066 VARIORUM
2299 5009 2529 5066 ΝΟΤᾸΞ.

538 5120 647 5194 (75)
674 5122 983 5194 ligamine.
1015 5121 1176 5194 Addit
1204 5120 1661 5194 _Viudoboneusis
1702 5125 1892 5183 codex.
1943 5128 2036 5179 καὶ

469 5191 667 5267 μίξειυς
696 5192 927 5267 ἀλόγῳν,
958 5192 1045 5267 ὃτι.
1060 5191 1128 5267 τὰ
1150 5191 1247 5267 μέν
1269 5191 1559 5267 ὲστιᾼπαρά
1581 5194 1738 5267 φύσιν
1758 5195 1927 5267 ἀσέϐη
1938 5215 2032 5265 μα,

464 5261 533 5333 τὰ
644 5261 794 5332 παρὰ
824 5261 985 5333 νόμον
1022 5261 1224 5333 άδικία,
1253 5262 1347 5333 καὶ
1383 5261 1470 5315 διὰ
1491 5261 1548 5314 τί
1577 5261 1779 5317 τούτων
1807 5261 2034 5319 ἕκαστον

463 5330 759 5401 ἀπείρηται
789 5330 1211 5401 καίκολάζεται,
1248 5330 1347 5387 CL.

538 5400 876 5468 (HlAlOou;
934 5400 1368 5467 λιθοϐολῆσατε
1415 5404 1653 5468 αὐτούς.
1720 5403 2030 5459 Secundum

467 5486 690 5544 sensum
718 5479 771 5544 et
800 5471 963 5526 verba
996 5471 1291 5544 Scriptura;
1319 5470 1536 5525 ι,ευὶιὶοἱ
1556 5490 1664 5544 _xx,
1693 5476 1783 5544 ubi
1816 5474 2031 5544 Θανάτῳ

467 5540 912 5615 θανατούσθῳσαν
946 5540 1127 5615 morte
1154 5542 1452 5615 maritantur
1474 5552 1528 5596 et
1556 5541 1721 5607 λίθοις
1749 5540 2025 5615 λιθοϐολήέ

470 5626 589 5684 σετε
624 5610 841 5675 αὐτούς,
875 5610 1138 5684 ισρὶάὶραδ
1182 5611 1491 5684 lapidabilis
1529 5629 1617 5667 eos
1658 5615 1801 5669 idem
1846 5610 2020 5684 signi-

468 5682 662 5751 ﬁcant;
698 5681 1155 5751 quemadmodum
1194 5682 1448 5751 colligere
1499 5691 1675 5737 estex
1713 5681 2017 5738 eodem—ca-

470 5750 600 5817 pite,
623 5750 922 5820 praesertim
954 5750 1000 5804 si
1028 5750 1341 5805 conferatur
1373 5767 1497 5805 cum
1550 5752 1738 5808 Ezerh.
1785 5771 1895 5819 xw,
1928 5756 2016 5819 38,

2132 5127 2235 5193 £0;
2260 5124 2423 5182 Joan.
2443 5143 2575 5199 vm,
2590 5128 2644 5194 5,
2666 5143 2790 5181 cum
2806 5128 3031 5184 Philone
3059 5130 3200 5199 apud
3230 5130 3521 5187 Eusebium
3548 5133 3701 5189 Prw-

2131 5213 2247 5272 par.
2282 5213 2492 5272 evang_._,_
2525 5198 2617 5252 lib.
2657 5214 2774 5272 vm,
2799 5215 2924 5272 cap.
2952 5200 3001 5272 7,
3032 5198 3230 5255 etcum
3252 5201 3488 5272 Josepho
3514 5216 3699 5260 contra

2131 5268 2415 5338 Apiouem,
2441 5268 2532 5324 lib.
2563 5284 2622 5332 ιι,
2664 5285 2719 5338 p.
2752 5269 2908 5324 1075.
2942 5268 3077 5325 Cor.

2204 5337 2315 5408 (75)
2347 5337 2678 5410 Βδέλυγμα.
2731 5338 3037 5410 Przeﬁgitur
3078 5341 3158 5394 ὅτι
3207 5342 3260 5395 in
3310 5343 3432 5397 cod.
3459 5342 3696 5401 Vindob.

2131 5416 2187 5459 et
2227 5416 2348 5482 post
2381 5409 2643 5479 ἐποίησαν
2676 5409 3060 5482 subjiciturutv
3088 5411 3168 5482 τῷ
3204 5412 3336 5482 λαῷ.
3377 5411 3480 5469 Sed
3521 5415 3697 5468 πάντα

2132 5468 2469 5551 vagientem
2496 5468 2672 5551 usque
2693 5479 2761 5533 ad
2779 5468 2864 5551 τῷ
2892 5480 3005 5551 λαῷ
3030 5468 3249 5536 desunt.
3281 5468 3380 5542 CL.

2338 5548 2709 5621 Einio'moer.
2727 5548 2960 5605 Additur
2978 5548 3153 5605 αὐτόν
3167 5554 3220 5606 in
3234 5554 3353 5608 cod.
3374 5552 3695 5611 VindobJD.

2140 5686 2146 5694 _
2207 5617 2316 5694 ('77)
2346 5618 2756 5694 Kcttdpqgabg
2786 5622 3087 5691 Σολομὼν.
3148 5621 3274 5676 Haec
3323 5626 3527 5678 omissa
3568 5636 3700 5680 sunt

2136 5686 2190 5738 in
2219 5688 2389 5739 altero
2422 5685 2579 5741 Vind.
2620 5685 2694 5742 Ib.
2752 5748 2755 5751 _

2208 5757 2316 5828 (78)
2349 5757 2526 5826 Πιιρή.
2558 5756 2715 5813 Deest
2754 5760 2804 5813 in
2828 5761 2998 5815 altero
3021 5762 3139 5818 cod.
3175 5761 3334 5820 Vind.
3369 5766 3444 5820 le.
