4044 6254
378 284 486 343 985

1296 281 1892 341 CONSTITU'I‘IONES
1928 282 2403 347 APOSTOLICAS.
2423 315 2494 329 -ο
2513 285 2641 341 LIB.
2681 286 2770 343 Vl.

3512 290 3618 350 986

378 406 624 477 χοὺσαις,
654 405 749 459 hs
775 404 834 457 ὲν
864 402 1013 476 οίκίᾳ
1054 402 1391 473 καθημέναις
1418 404 1479 458 τὸ
1509 403 1707 457 πλεῖον.
1741 402 1815 456 οὑ
1846 402 1918 475 μὴ

2056 401 2223 472 igitur
2242 402 2497 473 purgatio
2527 400 3111 461 naturalishorrorem
3141 402 3255 461 Deo
3282 403 3495 471 incutit,
3520 409 3621 479 qui

377 498 456 557 δὲ.
487 496 621 552 ἀλλὰ
643 498 739 551 καὶ
766 496 921 567 ἐντῷ
949 495 1267 567 Εὑαγγελίῳ
1295 497 1323 549 ὁ
1356 494 1580 567 Κύριος,
1614 495 1715 567 τῆς
1746 496 1946 567 αἱμορ-

381 590 614 663 ῤοὺσης
640 589 925 660 ἁψαμένης
964 588 1059 641 τοῦ
1093 587 1361 659 σωτηρίου
1396 587 1701 659 κρασπέδου
1735 588 1948 656 ὑγιείας

376 682 558 753 χάριν,
585 681 684 734 οὑκ
717 679 956 750 ἠχθέσθη
997 680 1085 732 ἐπ’
1119 681 1279 751 αὑτῇ,
1310 678 1432 733 οὑτε
1464 681 1569 752 μὴν
1610 681 1747 745 ὅλως
1787 682 1944 753 ᾐτιά-

378 788 527 825 σατο·
562 772 869 825 τούναντίον
904 772 962 825 δὲ
1009 772 1103 825 καὶ
1134 771 1321 825 ἰάσατο
1361 772 1550 844 αὑτὴν,
1582 774 1779 845 φήσας·
1822 793 1839 825 ι
1881 774 1946 827 Ἡ

376 863 558 927 πίστις
590 880 681 917 σου
711 864 917 917 σέσωκέ
935 881 1013 918 σε.
1037 882 1055 916 ι
1080 864 1191 918 Καὶ
1214 864 1456 934 φυσικῶν
1488 865 1584 936 μὲν
1608 865 1947 937 φαινομένων

371 958 494 1020 ταῖς
513 957 777 1025 γυναιξὶν,
799 958 848 1011 οἱ
876 957 1066 1028 ἄνδρες
1096 956 1170 1027 μὴ
1199 956 1664 1027 συνερχέσθωσαν,
1684 958 1944 1028 προνοίας

356 1047 531 1102 Δἕνεκα
560 1049 670 1103 τῶν
700 1048 1052 1120 γεννωμένων
1092 1047 1223 1119 (79).
1269 1048 1491 1101 Ἀπεῖπε
1537 1049 1645 1120 γάρ
1693 1051 1721 1101 ὁ
1757 1050 1941 1121 νόμος.

378 1160 398 1195 ι
422 1144 567 1216 Πρὸς
583 1146 814 1212 γυναῖκα
834 1141 962 1213 γὰρ,
978 1141 1161 1211 φησὶν,
1185 1142 1243 1193 ὲν
1261 1140 1475 1212 ἀφέδρῳ
1490 1136 1674 1204 οὖσαν,
1692 1142 1753 1194 οὑ
1775 1159 1943 1213 προσ-

371 1239 546 1305 εγγιεῖ
574 1234 703 1307 (80).
732 1256 749 1287 ι
783 1237 938 1308 Μήτε
975 1235 1079 1307 μὴν
1102 1233 1532 1306 ὲγκυμονοὺσαις
1579 1234 1942 1306 ὁμιλείτωσαν

370 1330 562 1392 αὑταῖς
579 1328 708 1399 (8Ι)’
740 1329 840 1383 οὐκ
866 1329 956 1381 ἐπὶ
984 1328 1188 1381 παίδων
1219 1328 1326 1398 γὰρ
1352 1327 1561 1394 γενέσει
1576 1327 1734 1380 τοῦτο
1760 1326 1943 1380 ποιοῦ-

352 1436 479 1482 νσιν,
503 1420 613 1473 ἀλλ’
637 1420 832 1491 ἡδονῆς
860 1420 1040 1493 χάρινο
1071 1422 1131 1473 οὑ
1152 1420 1232 1473 δεῖ
1256 1420 1313 1473 δὲ
1336 1420 1637 1492 φιλήδονον,
1669 1420 1760 1473 τὸν
1790 1419 1942 1489 φιλό-

358 1513 493 1567 ιθεον
526 1514 810 1585 ὑπάρχειν.

2036 493 2331 564 sapienter
2348 494 2637 549 constituit
2689 501 2748 553 ut
2770 509 2836 549 ea
2865 494 3122 549 omnibus
3145 496 3370 553 tricenis
3401 498 3619 569 diebus,

2054 586 2333 642 ﬁrmitatis
2359 601 2423 641 ac
2447 586 2700 641 sanitatis
2722 585 2920 657 gratia,
2954 586 3279 644 mulieribus
3317 590 3623 661 accideret;

2054 696 2194 749 quae,
2227 680 2457 744 scilicet,
2491 680 2673 735 minus
2720 687 3028 743 moventur,
3063 681 3207 750 quod
3250 682 3395 736 domi
3446 684 3624 755 pluri-

2056 787 2202 825 mum
2256 772 2503 827 sedeant.
2551 771 2861 837 Quinetiam
2896 772 2949 825 in
2982 771 3275 844 Evangelio
3322 772 3621 842 Dominus,

2054 880 2178 919 cum
2210 866 2510 921 salutarem
2556 865 2830 919 ﬁmbriam
2874 866 3071 920 mulier
3106 867 3392 938 sanguinis
3420 869 3625 938 proﬂu-

2055 955 2143 1010 vio
2174 956 2431 1012 laborans
2468 956 2759 1028 tetigisset,
2792 965 2853 1011 ut
2897 970 3223 1027 sanaretur;
3252 976 3362 1015 non
3392 978 3626 1018 succenv

2054 1051 2164 1104 suit
2216 1050 2316 1115 illi,
2378 1066 2558 1121 neque
2610 1052 2885 1107 ullatenus
2955 1055 3267 1121 accusavit;
3323 1054 3434 1110 imo
3494 1072 3624 1111 vero

2053 1141 2268 1195 curavit
2304 1157 2449 1207 eam,
2500 1142 2735 1200 dicens:
2773 1162 2791 1196 ι
2820 1143 2983 1200 Fides
3038 1153 3127 1199 tua
3181 1154 3234 1202 te
3291 1148 3498 1203 salvam
3543 1147 3627 1205 fe-

2050 1233 2125 1288 cit
2140 1234 2206 1290 ⁸⁸.
2233 1253 2250 1283 ι
2276 1232 2666 1291 Verumtamen
2689 1238 2911 1307 quando
2930 1238 3191 1293 uxoribus
3212 1240 3481 1294 naturalia
3505 1240 3620 1306 illa,

2051 1340 2147 1378 seu
2172 1337 2452 1382 menstrua
2486 1329 2757 1398 prodeunt
2781 1331 2847 1395 “,
2880 1330 3062 1384 mariti
3093 1332 3158 1385 ad
3186 1348 3279 1387 eas
3318 1348 3429 1388 non
3462 1349 3622 1390 acce—

2049 1416 2200 1484 dant,
2229 1426 2286 1472 ut
2314 1420 2707 1490 gignendorum
2738 1422 2903 1477 saluti
2935 1423 3305 1493 provideatur.
3338 1425 3505 1495 quue
3534 1426 3620 1481 lex

2048 1510 2344 1581 prohibuit.
2390 1514 2480 1568 Ait
2526 1515 2710 1569 enim:
2749 1533 2767 1565 ι
2818 1514 2900 1571 Ad
2948 1518 3228 1572 mulierem
3258 1532 3379 1588 quae
3401 1526 3623 1588 propter

372 1614 713 1662 menstruum
740 1614 989 1676 separata
1027 1613 1132 1669 est,
1165 1620 1275 1660 non
1305 1603 1768 1676 appropinquabis
1816 1604 1885 1660 ⁷⁸.
1949 1625 1969 1656 ι
2023 1603 2208 1677 Neque
2260 1607 2423 1662 etiam
2449 1623 2572 1662 cum
2598 1608 2837 1679 gravidis
2868 1609 3128 1665 uxoribus
3167 1610 3618 1665 consuetudinem
3674 1684 3681 1691 _

371 1696 637 1762 habeant;
692 1696 746 1750 id
775 1696 921 1750 enim
965 1713 1073 1751 non
1117 1696 1185 1751 ad
1224 1697 1602 1766 suscipiendos
1663 1698 1863 1750 liberos
1909 1694 2138 1763 faciunt,
2191 1698 2287 1753 sed
2324 1699 2615 1769 voluptatis
2651 1714 2818 1754 causa
2848 1700 2891 1730 "
2938 1719 2953 1755 :

370 1797 429 1843 ut
451 1788 543 1861 qui
571 1788 665 1844 Dei
685 1788 962 1845 studiosus
991 1796 1093 1853 cst,
1122 1788 1353 1843 ducatur
1383 1788 1564 1843 studio
1594 1787 1905 1859 voluptatis.

870 1902 1264 1955 ΚΕΦΑΛΛΙΟΝ
1300 1901 1428 1955 ΚΘ.

369 1995 569 2062 Ὅπως
621 1994 736 2063 χρὴ
790 1994 898 2059 τὰς
954 1995 1242 2063 γυναῖκας
1306 1993 1762 2048 ὑποτάσσεσθαι
1814 1995 1936 2062 τοῖς

441 2066 612 2131 ἰδίοις
644 2064 920 2132 ἀνδράσι,
955 2065 1053 2117 καὶ
1082 2065 1223 2131 τοὺς
1250 2063 1475 2133 ἄνδρας
1516 2064 1801 2133 στέργειν
1828 2066 1927 2131 τὰς

436 2136 663 2189 ἑαυτῶν
684 2135 940 2205 γαμετάς
968 2134 1104 2204 (82).

436 2229 503 2280 Δί
556 2230 832 2296 γυναῖκες,
878 2225 1247 2279 ὑποτάσσεσθε
1303 2227 1417 2289 τοῖς
1480 2225 1634 2288 ἰδίοις
1689 2225 1934 2297 ἀνδράσι,
2018 2276 2021 2279 ,

364 2321 459 2372 xui
509 2319 596 2372 διὰ
636 2319 803 2389 τιμῆς
842 2319 1040 2381 αὑτοὺς
1087 2317 1256 2387 ἔχετε,
1296 2317 1389 2370 καὶ
1420 2315 1567 2387 φόϐῳ
1608 2318 1701 2371 καὶ
1748 2318 1935 2391 ἀγάπῃ

359 2410 635 2466 δουλεύετε
683 2412 881 2473 αὐτοῖς’
927 2410 1002 2473 ὡς
1052 2410 1086 2480 ἡ
1134 2410 1264 2477 ἁγία
1310 2409 1497 2481 suppa
1526 2408 1618 2462 τὸν
1689 2408 1937 2483 Ἀϐραὰμ

362 2503 545 2574 ὲτίμα,
580 2504 699 2556 οὑδὲ
740 2502 799 2567 ἐξ
839 2501 1100 2573 ὀνόματος
1146 2500 1305 2556 αὑτὸν
1352 2500 1697 2571 ὑπομένουσα
1726 2501 1931 2565 καλεῖν,

360 2596 498 2649 ἀλλὰ
538 2594 723 2667 κὺριον
768 2595 927 2648 αὑτὸν
971 2591 1468 2665 προσαγορεύουσα,
1514 2594 1573 2645 ὲν
1612 2592 1690 2664 τῷ
1733 2593 1930 2661 λέγειν·

365 2706 387 2739 t
425 2687 484 2741 '0
511 2688 568 2740 δὲ
590 2687 777 2760 κύριός
802 2704 924 2757 μου,
948 2684 1277 2758 πρεσϐύτης.
1313 2705 1331 2737 ι
1371 2684 1601 2757 Ὁμοίως
1630 2686 1679 2738 οί
1701 2684 1812 2756 (85)
1842 2687 1935 2741 ἇν-

358 2779 504 2852 δρες,
537 2779 790 2850 στέργετε
837 2778 936 2841 τὰς
970 2776 1176 2832 ἑαυτῶν
1205 2779 1485 2845 γυναῖκας,
1520 2777 1595 2840 ὼς
1630 2777 1743 2831 [δια
1772 2778 1929 2848 μέλη,

359 2871 437 2936 ὡς
464 2875 759 2935 κοινωνοὺς·
789 2870 925 2941 βίου,
958 2871 1051 2925 καὶ
1082 2871 1373 2941 συνεργοὺς
1411 2869 1547 2941 πρὸς
1573 2869 1786 2938 γένεσιν
1814 2869 1933 2923 παί-

350 2964 483 3017 δων.
519 2983 536 3017 ι
572 2963 967 3035 Συνευφραίνου
997 2961 1126 3033 γάρ,
1159 2962 1312 3032 φησὶ,
1349 2961 1488 3032 μετὰ
1544 2962 1802 3031 γυναικὸς
1832 2962 1931 3033 τῆς

359 3057 423 3110 ἐκ
448 3057 696 3128 νεότητός
730 3073 843 3109 σου’
885 3055 1077 3123 ἔλαφος
1116 3054 1213 3125 σῆς
1237 3052 1344 3125 (84)
1375 3053 1576 3123 φιλίας,
1617 3055 1711 3108 καὶ
1754 3053 1930 3117 πῶλος

360 3147 468 3201 σῶν
494 3149 729 3219 χαρίτων
755 3148 1010 3219 ὁμιλείτω
1042 3164 1143 3200 σοι·
1173 3147 1205 3217 ἡ
1227 3146 1283 3199 δὲ
1310 3146 1414 3201 ίδία
1435 3145 1670 3218 ἡγείσθω
1692 3163 1807 3209 σου,
1832 3146 1927 3199 καὶ

358 3240 596 3293 συνέστω
623 3258 703 3293 σοι
727 3243 783 3293 ὲν
813 3241 973 3293 παντὶ
1011 3239 1205 3310 καιρῷο
1232 3241 1289 3291 ὲν
1308 3237 1416 3309 γὰρ
1444 3241 1508 3310 τῇ
1540 3237 1741 3311 ταύτης
1772 3238 1925 3312 φιλίᾳ

503 3419 542 3450 ³⁸
566 3417 751 3472 Matth.
786 3434 860 3485 Ix,
890 3418 980 3474 22.
1092 3418 1135 3449 "
1164 3416 1289 3472 Lev.
1322 3433 1479 3480 xvm,
1518 3418 1603 3473 19.

355 3491 402 3522 ⁷³
433 3489 450 3542 1
484 3487 626 3542 Petr.
659 3504 740 3549 ιιι.
781 3489 834 3542 6.
912 3490 958 3520 ⁷⁸
994 3489 1027 3542 l.
1052 3487 1467 3555 Pseudo—Ignat.
1493 3490 1561 3543 ad
1596 3491 1849 3548 Antioch.
1881 3494 1935 3547 9.

350 3558 526 3629 lgnat.
570 3559 636 3611 ad
691 3558 923 3629 Philipp.
961 3558 1046 3624 15,
1097 3558 1164 3612 ad
1220 3558 1421 3612 lleron.
1451 3558 1487 3612 4

1710 3425 1757 3456 ⁷⁸
1788 3422 1983 3477 Ezech.
2040 3439 2198 3486 xvm,
2249 3421 2300 3477 6.

3014 1716 3123 1755 non
3172 1708 3386 1770 oportet
3435 1710 3618 1755 autent

2600 1895 2829 1952 CAPUT
2868 1894 3060 1952 XXIX.

2045 1989 2165 2057 Quo.
2186 1994 2340 2046 modo
2363 2000 2599 2058 oporteat
2620 1991 2861 2043 mulieres
2888 1988 3150 2057 subjectus
3181 2005 3292 2042 esse
3324 1990 3452 2043 viris
3475 1991 3610 2057 suis,

2392 2072 2440 2115 et
2475 2064 2609 2115 viros
2641 2061 2858 2130 diligere
2890 2076 3076 2113 uxores
3110 2076 3257 2113 suas.

2110 2219 2387 2288 Mulieres,
2428 2229 2603 2277 estote
2632 2222 2898 2289 subjecta:
2927 2220 3061 2275 viris
3084 2220 3283 2275 vestris
3304 2221 3372 2284 ⁸η,
3408 2236 3613 2292 eosque

2038 2312 2092 2366 in
2125 2312 2335 2367 honore
2359 2313 2575 2378 habete,
2606 2328 2671 2368 ac
2700 2315 2756 2367 in
2800 2314 2996 2367 timore
3026 2318 3079 2367 et
3109 2311 3380 2367 charitate
3408 2313 3611 2368 servite

2036 2405 2144 2461 illis
2175 2425 2188 2462 :
2220 2406 2677 2477 quemadmodum
2732 2414 2922 2462 sancta
2972 2405 3168 2459 mulier
3201 2404 3333 2459 Sara
3364 2406 3612 2461 Abraha-

2035 2514 2181 2552 tuum
2217 2498 2541 2563 honorabat,
2567 2515 2634 2553 ne
2668 2515 2735 2554 ex
2766 2500 2989 2553 nomine
3039 2498 3260 2568 quidem
3302 2514 3426 2552 eum
3472 2514 3608 2554 ausa

2035 2592 2328 2661 appellare,
2358 2591 2452 2646 sed
2483 2591 2761 2645 dominum
2791 2607 2915 2646 eum
2942 2590 3229 2656 vocans”,
3264 2590 3496 2646 dicendo
3511 2590 3559 2623 “
3590 2611 3603 2647 :

2040 2700 2057 2734 ι
2099 2683 2360 2739 Dominus
2412 2692 2593 2739 autem
2646 2700 2800 2739 meus
2852 2698 3018 2739 senex
3072 2683 3239 2738 est".
3283 2703 3301 2736 ι
3342 2682 3608 2739 Similiter

2032 2777 2158 2843 viri,
2204 2784 2382 2832 amate
2420 2792 2619 2834 uxores
2659 2785 2894 2842 vestras,
2929 2785 2989 2831 ut
3020 2776 3237 2848 propria
3274 2777 3516 2831 membra
3531 2776 3603 2841 ",

2033 2878 2092 2923 ut
2129 2870 2251 2924 vitae
2295 2871 2497 2934 socias,
2529 2878 2583 2926 et
2615 2869 2683 2924 ad
2725 2871 3021 2925 liberorum
3072 2871 3473 2939 susceptionem
3507 2868 3607 2923 ad»

2028 2961 2344 3031 jutrices".
2387 2980 2405 3014 ι
2443 2960 2652 3017 [αξιοι-θ
2679 2962 2847 3027 enim,
2874 2963 3073 3032 inquit,
3105 2980 3229 3019 cum
3259 2978 3431 3018 uxore
3471 2962 3606 3016 ado-

2032 3055 2305 3111 lescentia:
2342 3063 2451 3110 tuae
2484 3074 2498 3112 :
2530 3072 2691 3111 cerva
2729 3064 2839 3111 tua:
2863 3056 3139 3120 amicitiae,
3176 3065 3230 3111 et
3266 3057 3448 3127 pullus
3476 3070 3602 3126 gra-

2029 3148 2227 3203 tiarum
2278 3155 2496 3203 tuarum
2551 3156 2909 3204 conversetur
2949 3155 3167 3215 tecum;
3200 3148 3419 3218 propria
3469 3162 3601 3202 vero

2028 3238 2191 3295 ducat
2232 3248 2307 3306 te,
2344 3248 2397 3295 et
2446 3240 2589 3296 adsit
2652 3240 2750 3294 tibi
2804 3240 2860 3294 in
2906 3240 3056 3293 omni
3089 3245 3359 3310 tempore;
3391 3240 3447 3295 in
3477 3240 3598 3309 ejus

2408 3423 2453 3453 “
2488 3421 2529 3476 ll
2577 3423 2719 3480 Tim.
2758 3440 2840 3490 ιιι,
2874 3425 2927 3480 4.
3038 3424 3085 3456 τ’
3117 3423 3331 3483 Coloss.
3380 3442 3464 3492 ιιι,
3510 3427 3595 3482 t8.

2012 3492 2060 3525 ⁷⁸
2089 3492 2225 3547 Gen.
2252 3508 2410 3558 xvttl,
2451 3494 2539 3550 1‘2.
2616 3495 2661 3527 '“
2685 3494 2885 3567 Ephes.
2914 3514 2965 3562 ν,
3003 3496 3095 3558 95,
3118 3494 3210 3551 98.
3286 3500 3329 3529 ’⁷
3356 3496 3599 3554 Pseudo-

1658 3688 2020 3746 VARIORUM
2057 3689 2273 3747 NOTAE

423 3830 532 3901 (79)
566 3827 853 3902 Προνοίας
883 3826 1059 3902 ἕνεκα
1086 3827 1204 3902 τῶν
1233 3825 1638 3902 γεννωμένειν.
1687 3822 1845 3902 Hunc
1872 3832 1918 3902 e_l

2034 3825 2166 3902 illud
2212 3827 2395 3902 gravia
2423 3836 2584 3902 atque
2600 3832 2863 3898 torpentia
2890 3848 3113 3899 corpora
3138 3835 3431 3902 respondet
3469 3853 3594 3893 ver-

350 3894 688 3971 superiorem
721 3899 897 3953 locum
928 3894 1281 3971 illustrabunt
1306 3894 1469 3971 verba
1487 3894 1683 3971 ﬁnem
1734 3894 1913 3971 Gaztei

348 3964 458 4094 (vel
487 3970 671 4023 Αἰνέου
711 3968 962 4037 σοφιστοῦ
997 3978 1048 4024 et
1095 3966 1441 4022 Πλατωνικοῦ
1486 3964 1831 4038 Χριπιανοῦ,
1864 3967 1911 4021 si

371 4044 487 4094 ides
525 4041 738 4094 duobus
760 4040 913 4093 libris
944 4039 1268 4094 mss.Rettiaa
1298 4036 1669 4094 Bibliotheca)
1707 4037 1759 4089 in
1791 4037 1911 4091 dia-

371 4044 487 4097 ides
525 4041 738 4095 duobus
760 4036 913 4093 libris
944 4039 1268 4109 mss.Regiaa
1298 4036 1669 4109 Bibliothecge)
1703 4037 1759 4109 in
1791 4037 1912 4109 dia-

342 4113 493 4177 logo,
549 4120 672 4165 ante
720 4110 953 4164 medium
990 4127 1003 4162 :
1045 4106 1193 4162 Ἐπεῖ
1238 4107 1471 4162 καὶτῶν
1525 4106 1789 4177 Ἐϐραίων
1820 4108 1910 4160 τὸν

347 4176 505 4252 νόμον
542 4180 855 4252 προσίεμαι.
894 4179 952 4252 ὃς
1007 4179 1101 4252 τοῦ
1142 4178 1522 4252 λελωϐημένου
1568 4176 1658 4252 τὸν
1698 4177 1909 4252 πατέρα

346 4246 686 4312 κατέλευσεν,
709 4246 789 4304 ὅτι
808 4250 871 4303 δι’
892 4251 1160 4321 ἀκρασίαν
1189 4249 1288 4321 τῇς
1315 4246 1567 4321 ’ξυναικδς
1594 4246 1909 4321 τὸνῌκαθαρέ

350 4324 446 4392 μὸν
483 4324 578 4392 οὑχ
614 4317 1147 4392 ὑπέμεινεν,ὃθεν-ή
1324 4317 1454 4388 ὑλης
1486 4317 1781 4392 πλεονεξία,
1809 4317 1906 4392 καὶ

342 4386 377 4463 ἦ
408 4386 658 4463 αἰσχίστη
688 4386 781 4444 τοῦ
810 4391 1001 4463 παιδὸς
1038 4386 1207 4453 νόσος.
1237 4386 1359 4442 Hoc
1390 4386 1510 4443 est:
1543 4386 1684 4463 Nam
1715 4398 1778 4463 et_
1800 4387 1905 4463 lle-f

345 4459 602 4516 linearum
650 4459 816 4530 legem
860 4461 1103 4523 admitto,
1148 4476 1263 4529 qua:
1314 4475 1527 4525 corpore
1570 4459 1701 4527 [uade
1733 4460 1904 4530 vitiati

343 4532 567 4586 hominis
604 4528 807 4601 patrem
852 4528 1173 4599 adjudicavit
1223 4530 1558 4598 lapidationi,
1590 4547 1648 4584 eo
1672 4528 1807 4600 quod
1837 4529 1899 4582 ob

341 4603 798 4671 intemperantiam
830 4602 1189 4670 purgationem
1224 4601 1461 4671 conjugis
1488 4616 1589 4653 non
1630 4610 1900 4667 exspecta-

339 4670 509 4736 verit;
565 4674 699 4727 unde
750 4672 983 4725 materia:
1037 4670 1421 4733 redundantia,
1463 4679 1513 4723 et
1563 4670 1897 4737 turpissimus

338 4745 502 4810 prolis
555 4744 764 4795 morbus
800 4742 1021 4794 exstitit.
1053 4740 1185 4805 Quze
1232 4738 1423 4810 confer
1446 4755 1570 4792 cum
1603 4738 1768 4810 Levit.
1803 4756 1893 4803 xx,

330 4808 428 4873 758,
459 4821 512 4867 et
554 4812 883 4866 Theodorito
929 4819 1121 4880 quiest.
1162 4810 1224 4864 2|
1273 4808 1327 4861 iu
1382 4809 1689 4865 Leviticum.
1722 4808 1898 4879 Appo-

333 4883 444 4937 site
471 4884 632 4937 etiam
671 4898 780 4951 pra:
810 4883 1021 4936 caeteris
1051 4881 1115 4934 ad
1153 4880 1595 4951 constitutionem
1632 4880 1896 4951 Hierony-

336 4967 462 5006 mus
492 4953 544 5005 in
578 4949 863 5006 Ezechielis
905 4968 1063 5013 xvm,
1099 4952 1132 5005 6
1166 4971 1177 5003 :
1215 4950 1317 5003 Per
1381 4949 1615 5019 singulos
1668 4949 1888 5008 menses,

332 5023 519 5090 gravia
556 5032 707 5091 atque
747 5024 1005 5090 torpentia
1052 5021 1330 5074 mulierum
1360 5035 1600 5088 corpora,
1634 5021 1705 5072 im
1729 5020 1891 5072 nundi

332 5093 606 5160 sanguinis
642 5092 893 5160 effusione
938 5094 1251 5146 releventur.
1288 5092 1403 5156 Quo
1460 5103 1684 5156 tempore
1730 5092 1775 5142 si
1813 5092 1889 5143 vir

332 5162 515 5215 coierit
545 5179 661 5214 cum
714 5163 948 5225 muliere,
979 5164 1226 5215 dicuntur
1254 5162 1485 5226 concepti
1512 5162 1646 5228 fetus
1702 5162 1887 5214 vitium

2017 3901 2103 3955 bis
2154 3898 2330 3977 nostri
2376 3898 2647 3977 auctoris,
2709 3898 3127 3977 ἀκινητστέραις
3195 3898 3589 3977 ὑπαρχούσαις,

2014 3986 2136 4041 quae
2152 3968 2318 4041 allata
2359 3970 2521 4037 paulo
2552 3968 2887 4041 prmcedunt.
2918 3968 3055 4027 Coi.

2085 4036 2596 4163 (80)”Hpoasrrte7.
2648 4041 2704 4095 ln
2740 4046 2978 4096 secunda
3030 4059 3264 4112 persona
3306 4046 3503 4118 legitur
3532 4050 3589 4105 in

2085 4130 2095 4163 ι
2125 4153 2136 4163 .
2175 4107 2331 4163 Vind.
2372 4114 2733 4163 ποοσεγγιείε.
2768 4111 2937 4163 Cum.

2012 4107 2136 4165 cod.
2175 4107 2331 4179 Vind.
2372 4107 2733 4179 προσεγγιείς.
2768 4111 2937 4167 Cum.

2085 4177 2523 4262 (81)“1lflitepi‘ir
2552 4177 3028 4262 eruvporow'atc
3058 4185 3459 4262 dptlsltwqar
3481 4190 3587 4242 αὺ-

2008 4248 2157 4316 τατς.
2189 4248 2255 4302 Ut
2285 4250 2530 4322 omittam
2560 4248 2707 4305 satis,
2732 4261 2859 4305 nota
2886 4248 3320 4322 nonpa'ucorum
3358 4256 3581 4313 Patrum

2007 4332 2059 4374 et
2096 4336 2363 4397 canonum
2396 4320 2731 4397 testimonia,
2771 4338 2908 4397 quae
2940 4320 3403 4397 adelnﬁstianos
3459 4344 3586 4397 spe-

2007 4399 2202 4467 ctant;
2224 4390 2492 4467 habe§_de_
2518 4392 2850 4467 Abrahamo,
2881 4392 3105 4467 lacobo,
3139 4394 3397 4467 Antramo
3430 4390 3585 4467 patre

2005 4458 2237 4514 Aaronis
2266 4468 2320 4514 et
2363 4458 2550 4521 Musis.
2578 4461 2792 4515 levitica
2825 4465 2993 4525 tribu,
3031 4465 3307 4520 veteribus
3335 4458 3583 4525 Hebraeis

2002 4532 2251 4604 patribus
2295 4547 2400 4604 seu
2435 4531 2783 4604 patriarchis.
2819 4534 2961 4604 apud
3010 4532 3288 4589 Philonem
3328 4535 3578 4593 Judaeum

2002 4600 2142 4654 libro
2206 4602 2278 4654 De
2336 4600 2681 4665 Abraliamo,
2747 4600 3081 4659 Clementi-tn
3145 4605 3578 4662 Alexandrinum

2001 4671 2290 4747 Predagogi
2325 4685 2383 4747 It,
2412 4689 2533 4741 cap.
2567 4673 2653 4734 10,
2693 4690 2744 4742 p.
2774 4674 2908 4747 192;
2940 4675 3230 4747 Stromatei
3265 4679 3573 4747 tlt,p.456;

1997 4739 2763 4811 Joannemgtlhryéoslomum
2831 4739 3020 4798 homil.
3079 4742 3147 4800 58
3208 4747 3261 4799 in
3322 4739 3576 4801 Geneseos

1998 4828 2119 4882 cap.
2156 4813 2254 4878 l6;
2287 4809 2611 4885 Procopium
2640 4811 2889 4885 (_‘.az:eu:u
2925 4817 2989 4868 ad
3013 4815 3153 4869 idem
3177 4826 3363 4885 caput,
3398 4826 3451 4872 et
3481 4818 3578 4872 Jo-

1997 4898 2122 4936 nam
2154 4883 2601 4937 Aurelianensem
2639 4883 2710 4935 De
2744 4884 3077 4938 institutione
3128 4883 3329 4947 (airali.
3385 4890 3480 4943 lib.
3508 4904 3571 4952 tt,

1994 4966 2113 5021 cap.
2160 4952 2207 5007 7.
2237 4953 2364 5005 Item
2396 4954 2560 5007 habes
2592 4952 2657 5006 de
2690 4952 2911 5009 Eseenis
2944 4957 3056 5010 sive
3085 4956 3303 5020 Essaais,
3342 4959 3395 5011 in
3425 4957 3576 5013 Iose-

1994 5022 2122 5091 pho,
2155 5023 2301 5077 lib."
2351 5021 2784 5093 'Aiubssw;,cap.
2827 5025 3004 5087 t2,et
3051 5028 3103 5079 in
3150 5025 3396 5080 Historia
3441 5027 3572 5081 Hie-

1994 5093 2377 5165 rosolgmitana
2399 5092 2585 5145 Jacobi
2634 5094 2702 5147 de
2732 5092 2993 5154 Vitriaco.
3034 5111 3157 5165 cap.
3183 5097 3246 5150 8i
3279 5117 3291 5151 :
3322 5098 3397 5152 De
3434 5096 3574 5151 Seri-

1993 5160 2569 5237 bus,_Recognitionunt
2604 5180 2727 5237 vni,
2754 5166 2856 5232 48;
2887 5165 2955 5218 de
2981 5160 3291 5237 Pescennio
3332 5168 3572 5237 denique

332 5233 811 5309 seministrahere;
842 5234 915 5286 ita
940 5244 994 5285 ut
1025 5232 1217 5309 leprosi
1244 5242 1294 5309 et
1326 5232 1760 5309 elcpluintiaeiex
1787 5235 1885 5284 liae
1922 5232 1961 5247 υ
1992 5247 2055 5309 ac
2107 5232 2368 5297 Zenobia,
2426 5234 2568 5302 apud
2622 5234 2922 5303 scriptores
2978 5235 3232 5291 Historia:
3283 5232 3565 5309 Augustae.

326 5306 662 5372 conceptione
685 5314 993 5364 nascantur,
1014 5314 1060 5356 et
1085 5303 1224 5371 [teda
1248 5301 1308 5371 (Γ.
1328 5311 1377 5355 et
1406 5304 1455 5356 in
1484 5301 1643 5369 foeda)
1669 5303 1721 5353 in
1742 5311 1885 5355 utro-

327 5388 429 5441 que
463 5371 590 5426 sexu
633 5389 853 5439 corpora
894 5374 1149 5442 parvitate
1181 5373 1273 5442 (al.
1318 5373 1595 5439 pravitate)
1622 5371 1696 5424 vel
1726 5388 1876 5442 enor-

1988 5301 2123 5357 Cor.

2062 5372 2172 5442 (82)
2211 5372 2497 5440 Γιιμετὰς.
2552 5373 2784 5442 Additur
2842 5375 2895 5428 in
2931 5392 3033 5430 ms.
3084 5374 3247 5432 Vind.
3284 5376 3439 5431 :Ka't
3485 5379 3569 5432 ὅτι

331 5440 512 5497 mittite
542 5440 1112 5521 memlirorum,_s_anies
1143 5440 1387 5509 corrupta
1419 5442 1706 5521 degeneret.
1729 5440 1880 5521 “Nam

2026 5440 2369 5521 υνερχὸμενοι
2399 5441 2699 5521 Αᾲλλήλοις,
2744 5443 2845 5521 κᾶν
2882 5444 2954 5521 μὴ
2985 5445 3302 5521 λοὺσωνται,
3337 5446 3569 5521 καθαροί

329 5524 523 5584 praeter
546 5516 872 5584 explicatam
916 5513 1208 5584 liberorum
1252 5523 1453 5584 sortem
1485 5514 1571 5584 (de
1599 5529 1703 5581 qua
1729 5511 1883 5584 Pliilo

326 5583 546 5640 Judaeus
576 5581 655 5639 De
681 5584 879 5655 legibus
904 5583 1237 5655 specialibus,
1264 5598 1323 5655 p._
1349 5582 1472 5645 78l,
1515 5581 1754 5638 Isidorus
1784 5581 1885 5655 Pe-

330 5655 525 5708 lusiota
571 5651 760 5711 multis
800 5654 1070 5724 epistolis,
1102 5651 1457 5724 Aiigttstinus,
1493 5667 1552 5707 ιιι
1586 5669 1749 5722 super
1784 5651 1885 5724 Le-

328 5726 537 5778 vitirum
571 5726 661 5792 ω,
692 5735 747 5783 et
772 5722 1028 5782 sermone
1053 5723 1158 5777 ΞΗ
1190 5722 1266 5776 De
1298 5732 1542 5799 tempore,
1576 5731 1739 5793 atque
1770 5722 1883 5794 alii)

1994 5512 2151 5575 εἰσιν,
2186 5512 2371 5583 μοιχὸν
2395 5512 2449 5564 δὲ
2481 5513 2513 5584 ἢ
2540 5512 2738 5594 πόρνον
2770 5512 2992 5637 λουτρὸν
3024 5517 3085 5568 οὑ
3120 5512 3366 5589 καθαρεῖ.
3395 5512 3494 5574 CL;

2065 5584 2177 5637 (83)
2211 5586 2291 5636 Ol.
2325 5580 2383 5635 In
2415 5599 2516 5636 ms.
2554 5581 2717 5637 Vind.
2749 5587 2842 5637 καὶ
2874 5603 2901 5637 ο
2931 5628 2943 5637 .
2979 5586 3054 5637 In.

2087 5580 2383 5649 83)'Ol.ln
2415 5580 2516 5636 ms.
2554 5580 2717 5637 Vind.
2749 5587 2842 5638 καὶ
2874 5580 2943 5640 oi.
2979 5586 3054 5641 In.

2089 5652 2177 5724 ει)
2206 5652 2347 5723 Σῆς.
2387 5652 2673 5709 Omittitur
2702 5655 2754 5710 in
2783 5656 2905 5711 cod.
2942 5654 3101 5714 Vind.
3136 5656 3212 5713 In.
