4062 6258
335 355 442 413 993

1208 342 1800 411 consrnmioxas
1835 351 2305 414 Ανοξιτοιιοίε.
2339 389 2408 399 -
2447 359 2574 414 Lm.
2615 355 2723 415 vn.

3472 357 3604 414 99"

335 471 402 529 ζ’.
457 468 883 539 Ἀπαγδρευσις
909 474 1282 540 γογγυσμοῦ,
1313 475 1411 528 καὶ
1437 476 1782 542 αὐθαδείας,
1806 472 1904 530 καὶ

2013 472 2116 528 VII.
2162 473 2471 530 Interdictio
2512 469 2972 536 murmurationis,
3020 469 3350 542 pervicaciar,
3395 469 3546 540 super
3601 468 3604 472 ’

404 563 816 630 ὑπερηφανίας
832 606 844 629 ,
877 563 974 616 καὶ
998 567 1386 634 θρασύτητος.

332 657 405 719 η’.
465 653 608 721 Περὶ
665 657 1101 725 μακροθυμίας,
1181 659 1460 727 ἀκακίας,

405 744 733 816 ὑπομονῆς.

335 840 405 894 θ.
449 841 575 893 Ὅτι
622 839 737 908 χρὴ
783 841 924 907 τοὺς
977 842 1126 897 κατὰ
1165 844 1421 912 Χριστὸν
1462 845 1904 912 διδασκάλους,

407 932 633 1002 γονέων
669 933 881 987 πλεῖον
925 934 1216 1004 ἡγεῖσθαι·
1260 940 1314 990 οἱ
1344 937 1462 1006 μὲν
1497 939 1612 1007 γὰρ
1636 939 1700 991 τὸ
1732 939 1800 993 εὗ
1824 940 1908 993 εἷ-

407 1042 505 1078 ναι
527 1067 541 1091 ,
575 1028 625 1079 οἱ
651 1025 719 1078 δὲ
751 1025 815 1079 τὸ
847 1027 998 1080 εἶναι
1022 1029 1212 1096 μόνον
1241 1030 1629 1098 παρέχουσιν.

339 1122 391 1172 s'.
435 1117 565 1169 Ὀτι
604 1115 718 1185 χρὴ
746 1117 832 1186 μὴ
868 1117 1212 1187 ἀποσχίζειν
1253 1119 1372 1174 τῶν
1406 1123 1621 1192 ἁγίων,
1655 1124 1796 1179 ἀλλ’
1823 1127 1908 1181 ελ-

403 1211 684 1278 ρηνεὺειν
705 1211 1108 1280 μαχομένους,
1141 1213 1367 1280 κρίνειν
1410 1231 1475 1268 τε
1513 1213 1779 1284 δικαίως,
1811 1218 1912 1272 καὶ

403 1305 488 1375 μὴ
519 1303 1074 1372 προσωποληπτεῖν.

337 1405 431 1451 ια’.
473 1395 611 1464 Περὶ
642 1395 930 1464 διψύχου,
962 1398 1348 1466 ὀλιγοπίστου
1385 1399 1424 1453 ί.

335 1494 427 1545 ιϐ’.
468 1489 607 1558 Περὶ
636 1490 921 1554 εὐποιίας.

338 1586 430 1649 ιγ’.
472 1581 668 1648 Ὅπως
690 1581 786 1635 δεῖ
823 1582 1266 1652 προσφέρεσθαι
1316 1585 1438 1651 τοῖς
1477 1585 1724 1654 οἰκέταις
1768 1588 1911 1654 τοὺς

1537 663 1866 730 πραότητος
1888 699 1904 725 .

411 1675 677 1743 κυρίους·
709 1675 808 1728 καὶ
837 1673 996 1742 ὅπως
1022 1676 1138 1745 χρὴ
1169 1677 1625 1736 ὑποτάσσεσθαι
1660 1680 1802 1746 τοὺς
1829 1683 1911 1735 οὶ-

410 1765 605 1834 κέτας.

2074 570 2193 635 bim,
2225 570 2472 637 feritatis.

2005 659 2140 715 VIII.
2181 660 2257 715 De
2313 661 2732 731 longanimitate,
2790 658 3113 716 innocentia.
3149 657 3569 722 mansuetudine,

2073 753 2351 820 patientia.

2006 843 2098 899 IX.
2142 844 2294 910 Quod
2318 852 2552 913 oporteat
2584 843 2843 897 doctrina:
2873 842 3072 898 Christi
3101 844 3376 913 magistros
3406 844 3577 912 pluris

2074 935 2260 990 ducere
2280 949 2434 1006 quam
2455 949 2694 1002 parentes
2717 951 2734 988 :
2756 936 2839 988 illi
2869 936 3146 1005 siquidem,
3181 936 3307 990 bene
3337 953 3447 991 esse
3477 950 3494 987 :
3521 933 3574 986 h-

2077 1045 2192 1081 vero
2217 1045 2323 1082 :sse
2348 1038 2553 1081 tantum
2583 1036 2858 1095 prtestant.

2007 1119 2075 1174 X.
2110 1119 2262 1185 Quod
2291 1136 2393 1173 non
2433 1129 2667 1189 oporteat
2719 1121 3014 1189 disjungere
3060 1137 3115 1174 se
3158 1138 3190 1173 a
3232 1121 3452 1184 sanctis,
3484 1120 3578 1173 sed

2076 1212 2358 1281 paciﬁcare
2402 1210 2786 1274 contendentes,
2817 1222 2866 1265 et
2892 1211 3137 1280 judicare
3157 1212 3326 1282 juste,
3369 1222 3417 1266 et
3454 1229 3577 1284 per-

2077 1320 2234 1358 sonas
2266 1322 2367 1358 non
2398 1306 2646 1373 accipere.

2009 1393 2099 1448 XI.
2146 1395 2217 1448 De
2250 1393 2456 1449 homine
2488 1396 2710 1463 duplicis
2739 1397 2924 1459 animi,
2955 1413 3043 1449 seu
3077 1397 3295 1450 modica:
3321 1396 3466 1466 ﬁdei.

2008 1485 2123 1542 XII.
2168 1488 2242 1541 De
2274 1489 2632 1558 beneﬁcentia.

2015 1578 2147 1634 XIII.
2195 1578 2388 1645 Quales
2421 1597 2474 1634 se
2499 1578 2740 1634 exhibere
2758 1578 2979 1633 debeant
3005 1579 3224 1648 famulis
3253 1578 3455 1634 domini
3474 1619 3489 1642 ,
3523 1588 3576 1634 et

2077 1689 2178 1743 quo
2205 1672 2355 1726 modo
2378 1682 2612 1740 oporteat
2643 1672 2876 1742 [antulos
2897 1689 3009 1727 esse
3028 1673 3306 1741 subjectos.

338 1859 430 1915 ιδ’.
469 1859 609 1929 Περὶ
628 1861 1028 1929 ὑποκρίσεως,
1060 1860 1158 1914 καὶ
1185 1861 1494 1930 προσοχῆς
1523 1862 1758 1933 νόμων,
1807 1864 1909 1920 καὶ

2013 1853 2149 1910 XIV.
2191 1855 2265 1909 De
2291 1854 2577 1926 hypocrisi,
2604 1863 2652 1908 et
2696 1855 2867 1924 legum
2898 1852 3252 1916 obseruantia,
3285 1860 3334 1906 et
3373 1851 3581 1920 confes-

410 1950 927 2022 ἐξομολογήσεων.

340 2047 424 2096 ιε’.
465 2043 605 2111 Περὶ
633 2042 743 2112 τῆς
770 2044 918 2111 πρὸς
946 2044 1159 2112 γονέας
1186 2047 1517 2114 θεραπείας.

341 2140 439 2199 ις’.
475 2134 616 2204 Περὶ
650 2134 759 2203 τῆς
801 2136 949 2204 πρὸς
980 2137 1243 2200 βασιλέα
1286 2137 1384 2192 καὶ
1431 2139 1726 2208 ἄρχοντας
1760 2143 1908 2198 ὐπο-

411 2242 614 2295 ταγης.

2079 1947 2336 2004 sionibus.

2009 2037 2128 2094 XV.
2172 2039 2248 2094 De
2269 2039 2416 2094 cultu
2440 2056 2565 2110 erga
2600 2048 2870 2108 parentes.

2010 2131 2151 2187 XVI.
2193 2132 2270 2187 De
2299 2133 2616 2202 subjectione
2643 2147 2767 2202 erga
2797 2148 2965 2202 regem
2989 2141 3037 2186 et
3073 2132 3436 2202 magistratus.

341 2317 431 2382 ιζ’.
472 2317 613 2385 Περὶ
661 2319 918 2387 καθαροῦ
967 2320 1315 2389 συνειδότος
1358 2322 1477 2378 τῶν
1506 2325 1909 2394 προσευχομέ-

2013 2313 2177 2370 XVII.
2212 2313 2291 2368 De
2321 2312 2517 2368 munda
2545 2314 2868 2368 conscientia
2895 2320 3243 2402 precantium.

411 2429 550 2464 νων.

340 2509 436 2571 ιη’.
481 2504 607 2556 Ὅτι
633 2502 670 2570 ἡ
699 2504 768 2569 ἐξ
795 2505 1122 2574 ἐπιϐουλῆς
1149 2506 1256 2560 τοῦ
1281 2506 1605 2575 ἀλλοτρίου
1630 2509 1912 2578 ἐπεισαχ-

413 2594 584 2649 θεῖσα
611 2595 778 2664 ὁδὸς,
812 2597 1092 2664 ἀσεϐείας
1119 2598 1218 2652 καὶ
1257 2601 1630 2672 παρανομίας
1675 2601 1909 2669 πεπλή-

404 2702 605 2754 ρωται.

343 2778 428 2832 ιθ.
447 2778 574 2831 Ὅτι
595 2779 682 2848 μὴ
702 2778 822 2849 χρὴ
850 2778 962 2849 τῆς
987 2783 1298 2849 εὐσεϐείας
1334 2784 1637 2840 ἐκκλίνειν
1675 2785 1843 2852 δεξιὰ
1868 2787 1907 2857 ἢ

412 2867 714 2940 εὐώνυμα,
743 2873 1016 2941 παραινεῖ
1040 2877 1073 2928 d
1100 2875 1442 2944 νομοθέτης.

341 2965 415 3016 κ’.
465 2961 591 3015 Ὅτι
622 2961 709 3032 μὴ
759 2963 876 3032 χρὴ
925 2965 1234 3035 φαυλίζειν
1279 2984 1334 3022 τι
1381 2967 1500 3021 τῶν
1554 2971 1912 3039 προσφόρων

406 3054 763 3124 βρωμάτων,
819 3056 959 3111 ἀλλ’
1015 3060 1386 3128 εὐχαρίστως
1433 3062 1912 3133 μεταλαμϐάνειν

413 3146 513 3201 καὶ
539 3148 920 3219 τεταγμένως.
1801 3170 1803 3172 ·

344 3245 454 3310 καὶ,
524 3240 652 3311 Ὅτι
708 3240 823 3310 χρὴ
879 3242 1126 3312 φεύγειν
1170 3243 1286 3313 τὴν
1322 3243 1455 3300 -τῶν
1506 3247 1913 3303 εἰδωλοθύτων

411 3326 663 3398 βρῶσιν.

345 3423 452 3477 κϐ.
491 3419 760 3489 Διάταξις
785 3424 1048 3494 Κυριακὴ
1063 3468 1078 3491 ,
1110 3426 1268 3493 ὅπως
1308 3426 1424 3497 χρὴ
1447 3429 1760 3493 ,ϐαπτίζειν
1779 3474 1794 3498 ,
1815 3433 1915 3488 καὶ

415 3516 502 3582 εις
521 3515 628 3570 τὸν
654 3516 819 3582 τινος
847 3516 1122 3572 θάνατον.

344 3613 453 3676 κγ’.
491 3609 674 3674 Ποίας
700 3608 1066 3676 νηστευτέον
1093 3609 1203 3678 τῆς
1232 3610 1556 3680 ἑϐδομάδος
1590 3613 1843 3682 ἡμέρας,
1873 3615 1912 3684 ἢ

417 3699 584 3766 τίνας
608 3701 678 3754 οὐ
709 3700 1093 3766 νηστευτέον·
1123 3703 1222 3756 καὶ
1255 3702 1325 3757 οὗ
1358 3703 1550 3772 χάριν.

345 3792 453 3848 κδ’.
495 3795 669 3858 Οἷους
713 3792 864 3846 εἶναι
892 3793 1008 3862 χρὴ
1046 3794 1188 3861 τοὺς
1233 3798 1756 3867 προσευχομένους
1798 3799 1916 3869 τὴν

416 3883 531 3939 ὑπὸ
561 3883 666 3937 τοῦ
695 3885 916 3952 Κυρίου
940 3885 1221 3942 δοθεῖσαν
1247 3891 1614 3960 προσευχήν.

345 3981 449 4030 κε’.
489 3978 575 4030 Εὐ
580 3978 856 4044 χαριστία
874 3979 1158 4048 μυστική.

344 4074 460 4133 κς¹.
500 4070 864 4136 Εὑχαριστία
891 4071 990 4124 ἐπὶ
1018 4071 1095 4140 τῇ
1122 4073 1251 4142 θείᾳ
1272 4076 1627 4146 μεταλήψει.

345 4158 452 4222 κζ’.
492 4161 859 4230 Εὐχαριστία
891 4163 1024 4232 περὶ
1051 4165 1155 4220 τοῦ
1177 4169 1474 4235 μυστικοῦ
1496 4172 1713 4239 μύρου.

347 4347 458 4410 κη’.
501 4343 628 4396 Ὅτι
656 4345 728 4397 οὐ
758 4344 874 4414 χρὴ
904 4345 1247 4417 ἀδιαφορεῖν
1273 4349 1407 4418 περὶ
1432 4349 1547 4420 τὴν
1574 4352 1909 4407 κοινωνίαν.

349 4524 455 4576 κθ’.
495 4523 634 4592 Περὶ
663 4528 1076 4597 καρποφοριῶν
1100 4530 1383 4599 διάταξις.

346 4617 421 4669 λ’.
464 4617 660 4683 Ὅπως
689 4618 803 4687 χρὴ
861 4619 974 4690 τὴν
1025 4622 1439 4692 άναστάσιμον
1494 4625 1603 4681 τοῦ
1643 4627 1914 4697 Σωτῆρος

418 4707 587 4778 ήμῶν
614 4709 842 4780 ἡμέραν
865 4755 880 4780 ,
911 4714 1478 4787 συναθροιζομένους
1500 4761 1515 4787 ,
1545 4718 1854 4787 ἑορτάζειν.

346 4887 460 4939 λα’.
500 4886 675 4952 Οἵους
696 4887 849 4942 εἶναι
877 4890 992 4958 χρὴ
1021 4890 1161 4958 τοὺς
1187 4896 1764 4964 χειροτονουμένους.

344 4981 455 5035 λό’.
496 4981 828 5048 Πρόῤῥησις
857 4984 991 5051 περὶ
1017 4983 1135 5037 τῶν
1149 4986 1516 5054 μελλόντων.

345 5074 460 5141 λτί.
498 5073 812 5141 Προσευχὴ
840 5073 1227 5146 ἐξαγγελτικὴ
1258 5081 1540 5146 προνοίας
1575 5079 1878 5150 διαφόρου.

300 5200 303 5204 -
346 5164 458 5217 λδθ.
498 5164 814 5232 Προσευχὴ
887 5167 1275 5239 ἐξαγγελτικὴ
1345 5171 1727 5244 δημιουργίας
1788 5175 1914 5228 δια-

417 5254 624 5322 φόρου.

349 5350 453 5401 λε’.
491 5347 809 5416 Προσευχὴ
845 5351 993 5418 μετά
1035 5355 1419 5423 εὐχαριστίας
1463 5357 1917 5429 ἐξαγγέλλουσα

420 5437 525 5491 τοῦ
559 5438 706 5490 Θεοῦ
734 5439 848 5507 τὴν
874 5443 1004 5508 περὶ
1030 5445 1103 5497 τὰ
1131 5447 1276 5500 ὄντα
1303 5449 1676 5520 κηδεμονίαν.

348 5533 469 5595 λς’.
504 5530 818 5599 Προσευχὴ
865 5534 1407 5604 ὑπομιμνήσκουσα
1431 5543 1544 5612 τὴν
1587 5544 1914 5615 γενομένην

417 5619 674 5689 Χριστοῦ
745 5620 1222 5694 ἐνανθρώπησιν,
1294 5632 1391 5686 καὶ
1442 5633 1558 5704 τὴν
1631 5639 1717 5703 είς
1775 5639 1915 5707 τοὺς

422 5711 626 5781 ἁγίους
651 5710 936 5782 διάφορον
962 5716 1264 5782 πρόνοιαν.

423 5825 441 5857 ⁸
463 5827 536 5882 ιι.
579 5827 922 5899 ολιγοψὺχου.

2011 2513 2198 2569 Χνιιι.
2240 2513 2393 2581 Quod
2423 2515 2506 2568 uia
2535 2531 2652 2586 quae
2693 2530 2758 2570 ea:
2793 2513 3004 2569 insidiis
3028 2510 3325 2568 aduersarii
3368 2511 3580 2566 adscita

2082 2608 2204 2677 fuit,
2241 2608 2508 2676 impietate
2537 2624 2600 2661 ac
2627 2607 2904 2678 iniquitate
2930 2608 3000 2661 sit
3022 2606 3202 2677 plena.

2012 2783 2155 2839 XIX.
2198 2783 2351 2850 Quod
2380 2801 2480 2838 non
2511 2793 2749 2854 oporteat
2773 2801 2804 2838 a
2823 2785 3016 2854 pietate
3043 2783 3310 2839 declinare
3337 2781 3583 2838 dextrora

2083 2894 2199 2931 sum
2221 2877 2298 2930 vel
2320 2877 2707 2940 sinistrorsum,
2732 2876 2976 2930 admonet
3009 2878 3314 2948 legislator.~

2012 2969 2130 3025 XX.
2175 2969 2327 3036 Quod
2356 2986 2462 3022 non
2492 2978 2729 3038 oporteat
2765 2969 3061 3036 improbare
3099 2968 3270 3022 cibum
3301 2967 3580 3040 quemlibet

2083 3061 2203 3114 usui
2237 3060 2710 3124 accommodatum,
2733 3060 2822 3116 sed
2844 3077 2962 3115 cum
2992 3061 3284 3132 gratiarum
3313 3061 3514 3114 actione
3530 3067 3582 3113 et

1937 3176 1983 3236 α
2086 3152 2328 3208 ordinate
2350 3169 2572 3207 sumere.

2014 3243 2156 3301 XXI.
2197 3245 2351 3314 Quod
2381 3254 2620 3316 oporteat
2642 3247 2902 3301 abstinere
2933 3247 2996 3300 ab
3030 3263 3120 3302 esu
3145 3245 3582 3316 idolothgtorujm.

2013 3424 2180 3481 XXII.
2223 3424 2547 3481 Constitutio
2573 3426 2872 3489 Dominica,
2893 3443 2993 3496 quo
3017 3425 3168 3479 modo
3187 3413 3423 3495 oporteat
3457 3422 3591 3493 bap-

2087 3518 2276 3582 tizare,
2302 3526 2350 3571 et
2375 3519 2431 3570 in.
2453 3535 2604 3587 cujus
2638 3528 2878 3572 mortem.

2016 3607 2207 3665 XXIII.
2248 3609 2449 3675 Quibus
2479 3610 2659 3664 diebus
2689 3610 3028 3665 hebdomadis
3045 3610 3396 3679 jejunandum
3420 3613 3510 3674 sit,
3535 3623 3590 3666 es

2084 3702 2270 3773 quibus
2301 3721 2400 3756 non
2413 3703 2796 3773 jejunandum;
2825 3714 2875 3758 et
2906 3703 3057 3773 cujus
3082 3706 3156 3758 rei
3175 3705 3377 3774 gratia.

2017 3795 2207 3852 XXIV.
2251 3796 2446 3862 Quales
2470 3813 2580 3850 esse
2611 3805 2847 3865 oporteat
2867 3813 2954 3852 eos
2983 3801 3072 3867 qui
3104 3806 3257 3851 orant
3289 3813 3322 3849 a
3354 3796 3594 3851 Domina

2089 3888 2344 3943 traditam
2374 3890 2686 3943 orationem.

2018 3978 2184 4034 XXV.
2228 3978 2537 4033 Gratiarum
2579 3980 2716 4032 actio
2739 3981 3165 4034 sacramentulis.

2017 4070 2208 4126 XXVI.
2252 4071 2560 4124 Gratiarum
2575 4072 2720 4130 actio
2742 4087 2897 4140 super
2923 4069 3102 4124 divina
3130 4087 3512 4126 communione.

2017 4163 2236 4224 XXVII.
2275 4162 2580 4218 Gratiarum
2603 4163 2744 4216 actio
2768 4179 2863 4234 pro
2889 4162 3106 4232 mystico
3130 4172 3177 4216 et
3209 4162 3597 4216 sacramentali

2091 4267 2374 4325 unguento.

2019 4347 2256 4404 XXVIII.
2297 4348 2450 4414 Quod
2473 4365 2574 4402 non
2600 4356 2834 4417 oporteat
2869 4346 3224 4416 indi/ferenter
3254 4345 3322 4399 ad
3351 4360 3589 4399 commu-

2090 4443 2296 4496 nionem
2319 4441 2615 4497 admittere.

1945 4516 1989 4570 Ῑ)
2021 4531 2210 4588 XXIX.
2249 4533 2327 4586 De
2353 4532 2704 4586 oblationibus
2735 4531 3060 4586 constitutio.

2020 4625 2186 4681 XXX.
2232 4626 2347 4693 Quo
2380 4625 2532 4679 modo
2561 4635 2797 4695 oporteat
2847 4625 2983 4678 diem
3040 4624 3372 4678 Dominicum
3418 4626 3591 4678 nostri

2092 4718 2385 4773 Saluatoris
2419 4720 2787 4772 resurrectioni
2813 4719 3068 4782 dicatam,
3093 4728 3427 4787 congregatos
3457 4718 3589 4770 cele-

2091 4811 2262 4866 brare.

2020 4901 2212 4958 XXXI.
2256 4903 2450 4970 Quales
2481 4919 2591 4958 esse
2617 4913 2848 4972 oporteat
2879 4921 2986 4968 eos,
3019 4904 3107 4974 qui
3138 4903 3473 4958 ordinantur.
3500 4891 3503 4894 I

2020 4993 2232 5049 XXXII.
2278 4995 2616 5049 Denuntiatio
2647 4995 2708 5050 de
2737 4997 2953 5065 futuris.

2019 5086 2259 5142 XXXIII.
2304 5086 2491 5142 Oratio
2513 5088 2716 5141 variam
2747 5087 3128 5157 providentiam
3152 5087 3471 5155 pra‘dicans.

2020 5178 2261 5233 XXXIV.
2306 5179 2492 5234 Oratio
2523 5181 2726 5234 variam
2751 5181 3070 5234 creationem
3087 5196 3185 5249 pra
3199 5178 3405 5238 dicans.

2014 5357 2238 5414 XXXV.
2279 5357 2468 5413 Oratio
2514 5374 2632 5412 cum
2683 5358 2982 5428 gratiarum
3037 5358 3246 5411 actione
3292 5355 3587 5425 pra'dicans

2091 5451 2194 5516 Dei,
2217 5467 2342 5523 erga
2364 5459 2635 5504 creaturas
2665 5450 3098 5505 sollicitudinem.

2019 5542 2258 5600 XXXVI.
2305 5542 2493 5599 Oratio
2503 5559 2922 5606 commemorans
2935 5543 3353 5600 incarnationem
3365 5540 3584 5610 Christi,

2089 5647 2141 5694 et
2167 5636 2368 5695 variam
2390 5639 2516 5707 erga
2538 5643 2750 5691 sanctos
2772 5634 3175 5706 prouidentiam.
