4062 6258
314 311 422 366 997

1197 309 1797 369 CONSTITUTIONES
1825 310 2304 374 APOSTOLICE.
2336 339 2407 354 ——
2438 308 2566 364 LIB.
2604 308 2721 367 Vll.

3462 306 3570 363 998

312 426 373 481 δὲ
429 424 719 496 σύγκρισιν
770 419 983 491 ἔχουσιν
1041 420 1176 493 πρὸς
1220 422 1438 485 ὲαυτάς·
1487 423 1623 478 πολὺ
1675 422 1785 495 γὰρ
1828 423 1889 476 τὸ

1998 438 2250 493 magnum
2291 421 2626 485 discrimen,
2673 421 2784 475 imo
2824 434 2953 476 vero
3000 434 3226 491 prorsus
3278 418 3591 491 disjunctae'

314 516 594 587 διάφορον,
626 514 823 586 μᾶλλον
846 512 901 567 δὲ
923 512 1098 584 πάντη
1126 514 1525 585 κεχωρισμέναι
1550 516 1892 587 τυγχάνουσι·

314 611 412 665 καὶ
442 610 644 680 φυσικὴ
678 609 773 680 μέν
820 609 966 660 ἐστιν
999 609 1032 678 ὴ
1074 607 1174 677 τῆς
1202 607 1348 677 ζωῆς
1389 607 1535 675 ὁδὸς,
1581 610 1899 672 ἐπείσακτος

314 703 373 758 δὲ
400 704 435 773 ἡ
462 701 559 756 τοῦ
588 701 819 756 Θανάτου
839 741 852 764 ,
895 701 956 755 ού
1000 699 1095 753 τοῦ
1139 700 1279 753 κατά
1307 698 1529 771 γνώμην
1556 700 1690 753 Θεοῦ
1720 700 1897 771 ύπάρ-

318 793 526 862 ξαντος,
557 793 692 847 ἀλλά
717 792 813 846 τοῦ
842 790 902 857 ἐξ
929 792 1222 862 ἐπιϐουλῆς
1242 790 1335 844 τοῦ
1363 791 1642 863 ἀλλοτρίου

860 905 1252 959 ΚΕΦΑΛΔῘΟΝ
1282 906 1356 958 B'.

316 998 546 1053 Ἢθικαὶ
587 997 971 1066 παραινέσεις
1014 995 1325 1066 Κυριακῶν
1362 994 1709 1066 διατάξεων,
1739 1011 1895 1065 συμ-

387 1064 693 1138 φωνοῦσα)
738 1067 812 1134 τῇ
842 1064 1066 1138 παλαιᾷ
1106 1067 1541 1138 παρακελεύσει
1580 1065 1697 1138 τῶν
1724 1064 1898 1121 θείων

386 1136 603 1218 Ϋρμων.
641 1137 1052 1218 Ἁπᾳγῲευίζις
1094 1136 1626 1218 (ξινμοῦνιφθόνουδ
1653 1136 1893 1218 εειαρρετ

344 1238 349 1243 .
385 1204 515 1277 ρᾶς,
557 1204 854 1276 μοιχείας,
907 1206 1005 1259 καὶ
1052 1205 1256 1273 πάσης
1299 1204 1788 1275 ἀπηγορευμένης
1816 1205 1892 1277 (9)

390 1278 679 1347 πράξεως.

392 1393 587 1465 Πρώτη
616 1386 708 1445 οῦν
734 1390 992 1461 τυγχάνει
1037 1390 1070 1461 ἡ
1115 1390 1232 1453 όδὸς
1272 1389 1371 1460 τῆς
1408 1390 1572 1461 ζωῆς·
1602 1390 1710 1444 ’καὶ
1748 1390 1896 1444 ἔστιν

318 1486 457 1556 αῦτη
486 1486 550 1556 ἢν
580 1485 672 1538 καὶ
717 1484 745 1535 ὁ
787 1484 951 1555 νόμος
978 1483 1303 1555 διαγορεύει·
1334 1502 1352 1534 ι
1403 1482 1646 1555 Ἀγαπᾷν
1691 1481 1896 1554 Κύριον

316 1578 409 1631 τὸν
437 1577 565 1630 Θεὸν
604 1574 663 1639 ἐξ
689 1576 815 1647 ὅλης
842 1576 943 1646 τῆς
977 1576 1213 1639 διανοίας
1242 1574 1373 1645 (l0),
1405 1576 1498 1629 καὶ
1541 1573 1600 1640 ἐξ
1628 1575 1755 1647 ὅλης
1794 1574 1897 1645 τῆς

316 1668 517 1739 ψυχῆς,
565 1668 656 1720 τὸν
684 1667 781 1720 ἕνα
811 1668 904 1721 καὶ
934 1668 1110 1738 μόνον,
1158 1669 1287 1739 παρ’
1316 1668 1374 1721 ὃν
1419 1666 1574 1730 ἄλλος
1618 1666 1717 1720 οὐκ
1756 1665 1893 1732 ἐστὶ,

1998 515 2343 581 consistunt;
2412 529 2477 568 ac
2531 514 2780 568 naturale
2836 514 3054 582 quidem
3106 519 3191 567 est
3237 512 3363 567 vita:
3423 510 3563 566 iter.

1999 606 2269 661 adscitum
2326 614 2509 661 autem
2573 606 2677 660 iter
2727 606 2960 667 mortis,
3013 620 3121 659 non
3163 605 3310 659 illius
3348 618 3467 675 qua:
3497 618 3564 656 ex

1998 700 2276 754 voluntate
2310 698 2404 754 Dei
2437 698 2670 763 exstitit,
2695 714 2885 753 verum
2918 697 3065 754 illius
3096 712 3217 768 qua:
3249 713 3317 753 ex
3351 695 3567 751 insidiis

1998 792 2301 847 adversarii
2323 792 2365 846 ⁸.

2613 903 2842 959 CAPUT
2882 904 2948 959 11.

2310 996 2691 1050 admonitiones
2764 996 3159 1051 Dominicarum
3228 1003 3567 1051 constitutio-

2070 1083 2228 1136 mtm,
2304 1066 2860 1136 concordantesirum
2920 1068 3137 1136 antiqua
3203 1068 3567 1136 exhortatimzc

2070 1134 2369 1190 divinarum
2434 1136 2622 1197 legum.
2687 1135 2993 1190 Interdiclio
3046 1134 3194 1196 ‘irw.
3257 1134 3564 1197 homicidii,

2069 1205 2436 1260 abominanda
2488 1205 2731 1271 Veneris,
2773 1206 3052 1271 adulterii,
3089 1208 3355 1275 omnisque
3398 1207 3570 1260 mila:

2068 1278 2311 1331 actionis.

1997 994 2232 1051 Morales

2066 1392 2247 1447 Prima
2286 1392 2450 1463 igitur
2483 1399 2568 1448 est
2590 1390 2676 1445 via
2706 1390 2830 1445 vita:
2863 1391 2946 1455 ¹⁰;
2981 1404 3152 1459 eaque
3180 1395 3285 1454 est,
3318 1405 3480 1459 quam
3512 1399 3566 1445 et

1994 1484 2080 1539 lex
2114 1485 2358 1554 praecipit
2396 1503 2408 1537 :
2448 1501 2467 1534 ‹
2502 1482 2738 1554 Diligere
2789 1482 3079 1537 Dominum
3122 1480 3293 1536 Deum
3344 1497 3410 1536 ex
3451 1489 3566 1535 tota

1998 1583 2179 1628 mente
2207 1581 2262 1631 et
2283 1589 2349 1629 ex
2382 1583 2491 1631 tota
2525 1576 2706 1631 anima
2730 1576 2796 1643 ¹¹,
2827 1592 2997 1632 unum
3026 1590 3091 1629 ac
3125 1573 3303 1630 solum
3333 1614 3347 1638 ,
3376 1586 3574 1644 praeter

1998 1680 2159 1735 quem
2218 1666 2357 1721 alius
2425 1683 2529 1721 non
2570 1680 2655 1724 est
2684 1670 2749 1733 ",
2808 1677 2861 1724 et
2925 1669 3231 1739 proximum
3283 1669 3424 1723 sicut
3479 1684 3595 1723 seo‘

317 1762 414 1813 καὶ
441 1761 531 1813 τὸν
560 1759 785 1831 πλησίον
814 1759 889 1823 ὡς
917 1760 1125 1812 ἑαυτόν·
1158 1779 1176 1809 ι
1212 1760 1324 1813 καί·
1362 1780 1379 1810 ι
1410 1761 1523 1814 Πᾶν
1552 1758 1580 1813 δ
1610 1758 1684 1831 μὴ
1722 1758 1896 1821 θέλεις

1998 1754 2175 1824 ipsum
2203 1755 2279 1821 ¹³;
2319 1774 2337 1807 ι
2367 1766 2455 1810 et:
2500 1776 2518 1806 ι
2547 1755 2721 1813 Omne
2750 1760 2892 1829 quod
2933 1774 3037 1812 non
3070 1758 3153 1812 vis
3194 1758 3288 1811 tibi
3325 1758 3464 1819 ﬁeri,
3515 1766 3572 1811 et

317 1852 569 1920 γενέσθαι
600 1868 717 1917 σοι,
750 1852 845 1907 καὶ
882 1853 946 1906 σὺ
995 1852 1106 1923 (Ἠ)
1144 1850 1302 1905 τοῦτο
1336 1851 1478 1924 ἀλλῳ
1520 1851 1581 1905 οὐ
1625 1852 1889 1923 ποιήσεις.

317 1945 603 2013 Εὐλογεῖτε
654 1946 781 2008 τοὺς
834 1945 1255 2016 καταρωμένους
1308 1945 1471 2015 ὑμᾶς·
1528 1943 1892 2016 προσεύχεσθε

318 2037 462 2107 ὑπὲρ
490 2036 595 2089 τῶν
624 2035 1030 2108 ἐπηρεαζόντων
1058 2038 1220 2107 ὑμᾶς·
1252 2038 1497 2106 ἀγαπᾶτε
1525 2039 1650 2100 τοὺς
1668 2037 1894 2109 ἐχθροὺς

319 2127 514 2197 ὑμῶν·
582 2129 710 2182 ποία
754 2128 862 2200 γὰρ
890 2129 933 2159 ¹⁶
964 2128 1090 2198 ύμῖν
1135 2128 1313 2200 χάρις,
1378 2128 1473 2181 ἐὰν
1520 2128 1707 2198 φιλῆτε
1767 2127 1894 2190 τοὺς

319 2220 608 2289 φιλοῦντας
653 2221 822 2291 ὑμᾶς
877 2220 970 2273 καὶ
1013 2220 1122 2293 γὰρ
1167 2220 1261 2274 καὶ
1307 2220 1358 2273 οἱ
1395 2219 1597 2273 ἐθνικοὶ⁵
1654 2221 1696 2251 ⁸⁸
1736 2219 1894 2273 τοῦτο

318 2311 585 2365 ποιοῦσιν·
626 2312 782 2383 ὑμεῖς
816 2312 874 2365 δὲ
920 2312 1117 2381 φιλεῖτε
1154 2314 1281 2376 τοὺς
1331 2310 1621 2383 μισοῦντας
1665 2310 1828 2382 ὑμᾶς.
1867 2329 1887 2363 ι

317 2403 431 2456 Καὶ
475 2404 669 2475 ἐχθρὸν
714 2404 812 2475 οὐχ
858 2403 1027 2469 ἓξετε·
1085 2423 1103 2456 ι
1150 2404 1225 2457 Οὐ
1274 2407 1522 2475 μισήσεις
1564 2402 1693 2476 γὰρ,
1736 2400 1893 2475 φησὶ,

317 2497 497 2551 πάντα
534 2496 835 2568 ἄνθρωπον,
885 2496 983 2550 οὐκ
1020 2496 1333 2566 Αίγύπτιον,
1382 2496 1482 2551 οὐκ
1513 2496 1828 2567 Ἰδουμαῖον·
1867 2514 1886 2549 ι

320 2586 561 2650 ἅπαντες
582 2587 691 2659 γάρ
722 2590 829 2641 είσι
856 2587 950 2641 τοῦ
982 2588 1116 2641 Θεοῦ
1146 2589 1301 2660 ἔργα,
1344 2588 1576 2659 Φεύγετε
1619 2589 1678 2643 δὲ
1705 2588 1766 2643 οὐ
1794 2589 1893 2653 τὰς

321 2679 531 2749 φύσεις,
563 2679 698 2733 ἀλλά
740 2679 840 2743 τὰς
882 2679 1106 2751 γνώμας
1142 2681 1251 2734 τῶν
1296 2682 1564 2754 πονηρῶν.
1601 2701 1620 2732 ι
1665 2681 1890 2753 ’Δπέχου

319 2770 427 2824 τῶν
459 2770 734 2841 σαρκικῶν
762 2773 855 2824 καὶ
876 2772 1153 2842 κοσμικῶν
1181 2772 1500 2843 ἐπιθυμιῶν.
1546 2774 1671 2827 Ἐάν
1697 2775 1782 2837 τίς
1809 2792 1892 2828 σοι

320 2861 396 2932 δῷ
436 2862 683 2933 ῥάπισμα
725 2865 805 2925 είς
846 2863 945 2935 τὴν
986 2863 1166 2928 δεξιὰν
1209 2865 1319 2935 (12)
1369 2862 1612 2934 σιαγόνα,
1665 2867 1892 2938 στρέψον

322 2953 471 3023 αὐτῷ
498 2955 593 3007 καὶ
618 2955 715 3026 τὴν
743 2953 925 3026 ἄλλην·
957 2974 975 3006 ι
1007 2955 1069 3008 οὐ
1098 2955 1304 3028 φαύλης
1334 2956 1500 3029 οὔσης
1530 2958 1631 3029 τῆς
1658 2958 1891 3030 ἀμύνης.

321 3045 457 3098 ἀλλὰ
484 3045 813 3118 τιμιωτέρας
832 3046 932 3117 τῆς
953 3047 1322 3112 ἀνεξικακίας·
1344 3048 1491 3119 λέγει
1512 3049 1621 3122 γὰρ
1648 3052 1676 3103 ὁ
1697 3050 1858 3104 Δαδίδ
1877 3068 1890 3083 ο

1996 1861 2054 1906 ιιι
2083 1852 2186 1907 hoc
2216 1850 2374 1906 alteri
2411 1865 2478 1905 ne
2515 1849 2689 1903 facias
2720 1848 2783 1900 “.
2834 1846 3145 1900 Benedicite
3185 1845 3255 1899 iis
3283 1845 3373 1913 qui
3409 1844 3569 1897 vobis

1996 1941 2367 2006 maledicunt;
2401 1948 2556 1994 orate
2586 1954 2684 2009 pro
2714 1936 3176 1992 calumniantibus
3200 1948 3328 1999 vos;
3360 1932 3569 2002 diligite

1995 2036 2251 2091 inimicos
2302 2042 2520 2088 vestros
2569 2032 2635 2086 ".
2695 2029 2827 2096 Quae
2856 2027 3004 2083 enim
3059 2026 3213 2081 vobis
3260 2025 3464 2095 gratia,
3517 2023 3567 2077 si

1995 2127 2191 2182 amatis
2225 2140 2321 2180 eos
2348 2125 2441 2195 qui
2478 2140 2575 2179 vos
2609 2132 2792 2177 amant
2828 2122 2907 2176 ‘7?
2958 2120 3159 2176 etenim
3194 2118 3398 2172 ethnici
3428 2133 3569 2187 quo-

1993 2234 2101 2288 que
2145 2220 2251 2272 hoc
2284 2218 2494 2270 faciunt
2524 2216 2606 2281 ¹⁸;
2642 2231 2742 2269 vos
2771 2221 2952 2268 autem
2996 2220 3173 2265 amate
3217 2225 3312 2265 eos
3341 2208 3433 2279 qui
3470 2225 3568 2263 vos

1994 2312 2250 2366 oderunt.
2291 2331 2310 2361 ι
2362 2310 2427 2362 Ει
2484 2309 2767 2363 inimicum
2799 2323 2907 2361 non
2936 2304 3237 2370 habebitis;
3272 2304 3346 2356 ait
3370 2303 3513 2357 enim
3549 2320 3563 2355 :

1999 2422 2018 2456 ι
2060 2402 2137 2459 Ne
2167 2402 2351 2457 oderis
2386 2402 2555 2455 ullum
2593 2400 2900 2466 hominem,
2943 2414 3049 2452 non
3089 2396 3430 2466 Egyptium,
3454 2408 3567 2447 non

1993 2494 2288 2549 ldumzenm
2308 2494 2383 2558 ὀς
2409 2515 2429 2545 ο
2449 2508 2575 2546 nam
2610 2507 2801 2547 omnes
2828 2498 2957 2546 sunt
2983 2489 3074 2544 Dei
3107 2504 3266 2557 opus.
3297 2486 3566 2540 Caeterum

1996 2586 2165 2656 fugite
2201 2601 2308 2639 non
2364 2593 2622 2649 naturas,
2675 2583 2769 2639 sed
2813 2582 3120 2636 voluntates
3170 2577 3563 2648 improborum.

1998 2697 2017 2731 ι
2047 2679 2276 2733 Abstine
2297 2693 2326 2731 a
2348 2677 2663 2732 carnalibus
2690 2685 2743 2731 et
2768 2674 3063 2729 mundanis
3084 2670 3476 2741 cupiditatibus
3496 2669 3563 2722 ".

1995 2771 2192 2843 Siquis
2223 2771 2514 2826 incusserit
2541 2769 2635 2824 tibi
2666 2769 2952 2840 colaphum
2985 2770 3041 2821 in
3071 2766 3347 2822 dexteram
3372 2761 3567 2816 maxil-

1994 2865 2359 2927 lam,obverte
2387 2863 2463 2917 illi
2498 2870 2553 2917 et
2588 2862 2815 2916 alteram
2840 2862 2920 2925 ";
2962 2878 2982 2911 ι
3019 2875 3127 2913 non
3157 2855 3302 2927 quod
3332 2854 3471 2908 mala
3495 2851 3568 2905 sit

1995 2957 2164 3020 ultio,
2194 2957 2288 3011 sed
2318 2956 2464 3027 quod
2496 2954 2669 3025 pluris
2704 2953 2820 3008 lieri
2859 2952 3052 3006 debeat
3075 2948 3365 3019 patientia;
3400 2943 3568 2997 David
3623 2935 3635 2950 ⁸

1994 3049 2140 3104 enim
2166 3048 2299 3102 dicit
2324 3067 2336 3101 :
2370 3066 2388 3099 ι
2419 3047 2475 3101 Si
2495 3045 2709 3101 reddidi
2732 3042 3162 3100 retribuentibus
3193 3038 3322 3093 mihi
3342 3036 3481 3090 mala
3498 3035 3565 3090 ".

328 3156 347 3189 ι
382 3138 444 3190 Et
474 3137 827 3193 ἀνταπέδωκα
856 3142 967 3202 τοῖς
997 3140 1407 3195 ἀνταποδιδοῦσί
1434 3160 1523 3213 μοι
1564 3143 1730 3197 κακά.
1765 3144 1892 3197 Ἐὰν

2000 3141 2058 3196 Si
2090 3140 2455 3212 angariaverit
2494 3147 2546 3194 te
2577 3138 2777 3209 aliquis
2807 3152 2973 3191 unum
3001 3134 3254 3195 milliare,
3281 3129 3417 3184 vade
3444 3144 3569 3181 cum

326 3227 641 3301 ἀγγαρεύσῃ
676 3228 734 3283 σέ
772 3247 856 3294 τις
890 3229 1065 3302 μίλιον
1102 3230 1180 3297 ἓν,
1212 3232 1388 3303 ὕπαγε
1435 3237 1551 3304 μετ’
1584 3236 1748 3289 αὑτοῦ
1779 3238 1892 3302 δύο,

324 3322 527 3393 καὶτῷ
580 3322 784 3376 θέλοντί
826 3340 906 3376 σοι
950 3323 1227 3396 κριθῆναι,
1277 3326 1372 3379 xui.
1415 3327 1507 3380 τὸν
1547 3328 1750 3397 χιτῶνά
1801 3347 1894 3383 σου

322 3412 529 3481 λαϐεῖν,
563 3416 697 3483 ἄφες
729 3415 877 3486 αὐτῷ
922 3417 1019 3469 καὶ
1047 3416 1106 3469 τὸ
1150 3418 1383 3487 ίμάτιον·
1433 3419 1524 3472 καὶ
1550 3420 1656 3472 ἀπὸ
1684 3418 1777 3472 τοῦ
1811 3421 1896 3474 αῖ-

330 3523 512 3577 ροντος
560 3506 631 3560 τά
682 3507 787 3572 σά,
837 3509 911 3580 μὴ
961 3508 1201 3562 ἀπαίτει.
1246 3509 1337 3579 Τῷ
1369 3510 1484 3581 (l3)
1527 3510 1765 3565 αἰτοῦντί
1814 3528 1895 3577 σε,

325 3595 491 3651 δίδου·
526 3600 620 3653 καὶ
653 3600 761 3652 ἀπὸ
792 3598 889 3652 τοῦ
915 3599 1157 3663 θέλοντος
1198 3600 1543 3654 δανείσασθαι
1586 3602 1736 3672 παρά
1779 3603 1895 3668 σοῦ,

329 3689 405 3760 μὴ
439 3691 807 3762 ἀποστραφεὶς
826 3690 935 3762 (14)
966 3691 1296 3763 ἀποκλείσῃς
1326 3692 1425 3763 τὴν
1455 3698 1667 3764 χεῖρα-ν
1692 3696 1898 3760 δίκαιος

324 3780 435 3852 γὰρ
463 3782 603 3853 ἀνὴρ
624 3782 881 3854 οίκτείρει
912 3782 1004 3836 καὶ
1034 3786 1219 3855 κιχρᾷ·
1254 3785 1389 3838 πᾶσι
1435 3786 1543 3856 γὰρ
1574 3786 1716 3840 θέλει
1761 3787 1898 3840 δίδο-

329 3872 501 3925 σθαιὸ
532 3873 741 3945 Πατὴρ,
762 3876 789 3927 ὁ
808 3874 897 3927 τὸν
926 3875 1075 3945 ἦλιον
1102 3876 1265 3930 αὐτοῦ
1296 3878 1596 3932 ἀνατέλλων
1625 3880 1717 3932 ἐπὶ
1737 3898 1899 3950 πονη-

333 3964 479 4034 ροὺς,
515 3964 608 4016 καὶ
656 3965 913 4032 ἀγαθοὺς,
949 3968 1042 4020 καὶ
1070 3968 1163 4022 τὸν
1202 3970 1356 4023 ὑετὸν
1375 3971 1537 4023 αὑτοῦ
1569 3971 1775 4043 βρέχων
1809 3973 1901 4027 ἐπὶ

327 4053 574 4119 δικαίους
606 4056 700 4109 καὶ
731 4058 966 4122 ἀδίκους.
1014 4060 1198 4113 Πᾶσιν
1233 4057 1326 4115 οὖν
1375 4060 1583 4115 δίκαιον
1615 4063 1814 4116 διδόναι
1843 4064 1901 4129 ἐξ

327 4147 545 4201 οἰκείων
590 4149 787 4203 πόνων.
824 4170 843 4201 ‹
881 4152 1028 4222 Τίμα
1060 4152 1191 4224 γὰρ,
1232 4155 1383 4224 φησὶ,
1414 4154 1504 4208 τὸν
1544 4155 1746 4226 Κύριον
1795 4157 1903 4210 ἀπὸ

332 4240 441 4294 σῶν
479 4241 703 4296 δικαίων
737 4242 913 4296 πόνων
938 4260 952 4274 ·
998 4263 1017 4295 ι
1055 4246 1420 4317 προτιμητέον
1449 4246 1505 4298 δὲ
1537 4248 1665 4310 τοὺς
1694 4248 1899 4315 ἁγίους.

335 4350 356 4385 ι
390 4333 465 4387 Οὐ
499 4335 798 4405 φονεύσεις·
844 4355 861 4387 ι
897 4335 1202 4403 τουτέστιν,
1244 4336 1304 4389 ού
1335 4336 1552 4408 φθερεῖς
1598 4338 1689 4391 τὸν
1721 4340 1904 4410 ὅμοιόν

1995 3237 2089 3290 illo
2117 3236 2255 3301 duo;
2310 3242 2365 3289 et
2396 3234 2445 3288 ei
2480 3232 2571 3303 qui
2604 3232 2720 3286 vult
2767 3241 2944 3287 tecum
2980 3226 3191 3298 judicio
3218 3221 3569 3282 contendere.

1995 3335 2050 3383 et
2074 3326 2323 3381 tunicam
2365 3334 2515 3380 tuam
2553 3325 2769 3387 tollere,
2823 3321 3039 3377 dimitte
3080 3320 3130 3376 ei
3165 3329 3219 3374 et
3247 3318 3469 3388 pallium
3494 3316 3570 3375 ";

1994 3427 2051 3475 et
2097 3421 2188 3490 qui
2224 3419 2403 3474 aufert
2455 3436 2577 3489 quae
2630 3426 2723 3472 tua
2757 3428 2911 3476 sunt.
2958 3430 3025 3469 ne
3072 3424 3307 3483 repetas.
3361 3407 3570 3463 Petenti

1996 3525 2027 3564 a
2057 3518 2142 3573 te,
2191 3510 2298 3573 da;
2358 3518 2412 3564 et
2469 3511 2671 3565 volenti
2722 3508 2961 3563 mutuari
3005 3522 3035 3560 a
3095 3515 3185 3570 te,
3234 3519 3304 3558 ne
3349 3504 3577 3556 aversus

1998 3601 2221 3657 claudas
2252 3618 2476 3657 manum
2506 3604 2583 3657 ²⁵ς
2627 3614 2644 3646 ι
2688 3602 2772 3656 vir
2804 3600 2947 3656 enim
2975 3599 3159 3668 justus
3182 3598 3476 3650 miseretur
3512 3603 3570 3649 et

1998 3695 2311 3750 commodat
2340 3696 2424 3761 “;
2460 3695 2730 3764 siquidem
2762 3694 3018 3748 omnibus
3047 3693 3161 3745 vult
3189 3690 3355 3745 tribui
3388 3689 3573 3745 Pater.

1997 3788 2091 3859 qui
2126 3788 2296 3843 solem
2332 3803 2492 3843 suum
2527 3787 2660 3841 oriri
2709 3786 2838 3840 facit
2871 3801 3039 3855 super
3072 3785 3245 3840 malos
3288 3792 3341 3837 ct
3373 3784 3569 3841 bonos.

1997 3888 2053 3936 et
2083 3881 2323 3952 pluviam
2348 3896 2503 3936 suam
2526 3880 2764 3935 demittit
2786 3896 2952 3949 super
2969 3880 3151 3948 justos
3180 3886 3235 3930 et
3255 3878 3488 3944 injustos
3508 3874 3574 3929 "’.

2001 3972 2243 4045 .iEquum
2297 3974 2461 4044 igitur
2505 3981 2624 4035 est,
2679 3980 2741 4026 ut
2781 3972 3035 4026 omnibus
3095 3969 3310 4030 demus.
3345 3984 3409 4022 ex
3450 3982 3577 4036 pro—

2000 4066 2137 4137 priis
2164 4066 2447 4121 laboribus
2483 4081 2496 4118 :
2538 4083 2555 4115 ι
2596 4063 2815 4119 Honora
2840 4065 3009 4122 enim.
3044 4062 3243 4131 inquit,
3285 4060 3574 4114 Dominum

2002 4160 2069 4215 de
2119 4160 2228 4214 tuis
2257 4160 2425 4227 justis
2470 4158 2753 4213 laboribus
2803 4159 2882 4221 "i
2922 4177 2939 4209 ι
2987 4172 3109 4226 0pm
3126 4164 3201 4208 tet
3231 4163 3408 4208 autem
3439 4169 3576 4222 pm:-

2005 4250 2145 4307 ferre
2194 4259 2415 4307 sanctos
2454 4253 2518 4306 ".
2562 4270 2579 4302 ι
2623 4250 2741 4305 Νοιι
2790 4250 3010 4304 occides
3048 4249 3125 4313 ”;
3171 4268 3188 4298 ι
3240 4248 3291 4299 id
3331 4253 3433 4307 est,
3466 4259 3577 4296 non

2005 4344 2257 4398 destrues
2281 4343 2512 4398 similem
2546 4344 2644 4397 tibi
2667 4343 2973 4409 hominem;
3008 4339 3261 4396 dissolvis
3288 4338 3430 4394 enim
3456 4351 3579 4405 qua:

333 4442 416 4480 σοι
437 4427 741 4499 ἄνθρωπον·
773 4428 1009 4493 διαλύεις
1036 4427 1145 4500 γὰρ
1176 4428 1245 4482 τὰ
1271 4428 1451 4492 καλῶς
1492 4430 1773 4501 γινόμενα·
1806 4433 1903 4503 οὐχ

2005 4444 2155 4492 recte
2185 4436 2332 4491 facta
2367 4446 2523 4503 sunt;
2554 4434 2834 4520 non.qnod
2857 4435 3038 4488 omnis
3057 4432 3232 4487 caedes
3256 4430 3327 4484 sit
3348 4429 3575 4492 vitiosa;

332 4517 409 4581 ὡς
441 4521 641 4585 παντὸς
684 4521 845 4591 φόνου
889 4522 1090 4590 φαύλου
1140 4522 1517 4591 τυγχάνοντος,
1552 4523 1687 4577 ἀλλά
1740 4525 1901 4596 μόνου

2009 4528 2103 4582 sed
2154 4528 2467 4583 innocentis
2513 4517 2717 4592 solius;
2771 4542 2895 4581 cum
2941 4526 3089 4595 justa
3147 4523 3323 4577 caedes
3369 4519 3577 4589 magis-

333 4609 428 4664 τοῦ
477 4612 674 4681 ἀθώου,
704 4614 844 4668 τοῦδ’
873 4615 1084 4668 ἐνδίκου
1118 4614 1342 4685 ἄρχουσι
1371 4614 1552 4685 μόνοις
1583 4617 1901 4690 ἀφωρισμέ-

407 4790 589 4865 :Sap.
628 4808 667 4856 1,
701 4793 802 4859 l3;
832 4795 1002 4853 n.24.
1076 4797 1098 4828 '
1131 4796 1147 4851 l
1184 4796 1365 4865 φόνου.
1471 4797 1513 4828 ¹⁰
1546 4796 1735 4852 Anast.
1767 4797 1899 4853 ibid.

2007 4621 2244 4677 tratibus
2280 4622 2412 4678 solis
2442 4628 2772 4677 reservetur.
2815 4638 2833 4672 ι
2862 4619 2979 4674 Non
3008 4616 3399 4680 mmchaberis;
3444 4632 3462 4665 ι
3495 4613 3579 4666 (ιί-

2000 4798 2041 4829 ¹¹
2066 4796 2225 4855 Dent.
2261 4815 2338 4855 vt.
2372 4800 2423 4855 5.
2503 4800 2546 4831 ¹¹
2583 4799 2749 4854 Marc.
2787 4815 2883 4857 τιν.
2912 4798 3000 4852 52.
3083 4798 3123 4829 ’³
3162 4796 3291 4851 Lev.
3335 4811 3447 4855 xix.
3491 4794 3579 4849 18.

336 4861 551 4938 “"liob.
580 4865 785 4938 μεθῇ.
866 4866 910 4897 ¹¹
942 4865 1132 4921 Matth.
1165 4861 1335 4938 v.44.
1415 4866 1455 4898 "
1487 4865 1678 4923 Anast.
1704 4869 1895 4922 inserit

2002 4887 2179 4938 φυκεν.
2266 4870 2307 4900 ⁸⁷
2337 4868 2468 4924 Luc.
2508 4887 2581 4929 γι.
2611 4870 2699 4924 52.
2778 4870 2819 4900 ’³
2854 4868 3041 4924 Matth.
3073 4886 3123 4927 v.
3153 4868 3269 4938 47.,
3322 4864 3363 4896 "
3386 4865 3577 4938 Anast.

333 4932 581 4986 τελῶναι.
656 4933 700 4964 ³⁸
730 4933 880 4989 Deut.
915 4953 1075 4991 xxm.
1151 4939 1193 4968 ²¹
1223 4936 1241 4990 1
1271 4938 1415 4992 Petr.
1444 4953 1504 4999 ιι,
1539 4938 1623 4992 Η.

1704 4940 1745 4969 ⁸³
1770 4938 1914 4993 Μειιι

1998 4934 2038 5000 ν’,
2064 4942 2153 4994 39.
2231 4941 2275 4970 "
2298 4938 2547 5001 Psa|.vn.
2580 4942 2631 4995 5.
2710 4941 2753 4971 ”
2780 4939 2965 4995 Matth.
3024 4957 3070 5004 ν,
3094 4940 3183 4998 41.
3214 4937 3303 4992 40.
3380 4936 3425 4966 ’⁸
3445 4934 3581 4989 Luc.

340 5018 416 5068 v1,
448 5003 546 5069 30;
591 5001 779 5058 Matth.
804 5022 859 5069 v,
891 5007 978 5062 42.
1057 5006 1267 5063 "Psal.
1298 5024 1410 5073 cxi,
1436 5008 1489 5063 5.
1567 5010 1609 5040 ’⁷
1641 5006 1832 5062 Matth.
1874 5027 1926 5075 v,
1969 5011 2058 5065 45.

2135 5011 2180 5041 ’⁸
2197 5009 2449 5076 Prov.m,
2474 5012 2527 5066 9.
2603 5012 2648 5042 ”
2670 5009 2788 5066 Gal.
2822 5026 2897 5074 vt,
2926 5011 3011 5067 10.
3084 5011 3129 5043 ³⁰
3164 5007 3332 5063 Exod.
3361 5022 3456 5073 xx,
3493 5005 3579 5059 i5.

1708 5186 2072 5246 VARIORUM
2110 5190 2342 5249 NOTJE.

415 5342 888 5419 (ὃλΑἊνῑλοςτρίοιν.
922 5345 978 5419 In
1008 5348 1253 5417 margine
1275 5347 1399 5404 cod.
1426 5347 1660 5406 Vindob.
1686 5361 1765 5407 est
1805 5350 1911 5406 hoc

2018 5349 2280 5405 Vindob.:
2300 5348 2578 5419 τουτέστιν
2600 5348 2628 5401 ὃ
2661 5349 2723 5419 σὺ
2754 5353 2931 5419 μισεῖς
2952 5348 3093 5418 ἄλλῳ
3120 5347 3180 5400 ού
3208 5346 3469 5419 ποιήσεις.
3506 5343 3583 5403 lo.

343 5414 613 5492 schpliuni
645 5432 659 5469 :
792 5415 898 5487 γὰρ
931 5418 1060 5492 Θεὸς
1082 5414 1308 5492 θάνατον
1333 5420 1433 5472 ούκ
1462 5420 1707 5492 ἐποίησε,
1735 5420 1914 5492 φθόνῳ

342 5484 400 5537 δὲ
425 5484 671 5561 διαβόλου
702 5484 927 5561 θάνατος
946 5490 1024 5550 είς
1062 5490 1153 5561 τρν
1178 5491 1402 5561 -κόσμον
1438 5484 1701 5561 εἰσῆλθεν.
1744 5484 1911 5561 (Itali.

416 5554 490 5641 (ρ)
525 5556 1055 5641 Ἀπῃτορευμέχῖηᾳ
1080 5557 1214 5613 Cod.
1239 5554 1401 5641 Vind.
1424 5554 1642 5641 ἀνοσίας
1663 5560 1914 5632 πράξεως

344 5623 477 5678 Σοδο
521 5625 720 5695 ιτικῆς,
754 5640 875 5693 quae
904 5624 1181 5680 Glossema
1213 5630 1474 5684 redolent.
1500 5628 1575 5685 lo.

414 5695 434 5751 ί
439 5644 524 5751 id‘l
555 5694 841 5751 Atarolac.
868 5694 1004 5751 Cod.
1028 5692 1188 5751 Vind.
1212 5699 1452 5751 καρδίας.
1477 5698 1551 5751 Ιι).

414 5692 524 5833 ἒίθ)
555 5692 841 5759 Διωοίας.
868 5694 1004 5753 Cod.
1028 5692 1188 5753 Vind.
1212 5699 1452 5770 καρδίας.
1477 5698 1551 5755 Ιι).
1618 5752 1621 5755 .

444 5765 529 5833 ll)
558 5763 668 5821 Kal
704 5765 806 5828 σύ,
836 5772 941 5820 etc.
995 5765 1271 5822 Scholium
1320 5769 1426 5825 hoc
1464 5770 1660 5833 le'gitur
1697 5768 1710 5824 i

444 5765 529 5836 ll)
558 5763 668 5821 Kal
704 5765 806 5828 σύ,
836 5772 941 5820 etc.
995 5763 1298 5822 Scholium'
1320 5769 1426 5825 hoc
1464 5770 1660 5837 le'gitur
1697 5768 1752 5825 in
1777 5769 1900 5827 cod.

2093 5420 2202 5491 (12)
2236 5422 2341 5486 Εις
2380 5419 2496 5491 τὴν
2522 5417 2873 5491 ararim—Hae
2904 5417 3084 5491 ivoees
3133 5426 3187 5473 et
3224 5417 3467 5488 proxime
3498 5433 3582 5471 se-

2016 5488 2196 5563 quens
2225 5491 2426 5563 absunt
2456 5490 2511 5544 in
2525 5488 2680 5563 _eod.
2713 5488 2874 5563 Vind.
2899 5490 2975 5544 lo.

2046 5555 2341 5687 ὦιῦὢίζιῖἰ,
2367 5568 2477 5683 (ἃς.
2525 5558 2687 5615 Deest
2723 5560 2994 5630 integrum
3030 5558 3137 5614 hoc
3174 5564 3496 5629 praeceptum
3527 5555 3583 5615 in

2010 5644 2135 5687 eoa.
2183 5644 2339 5685 Vina.
2377 5644 2456 5688 to.

2083 5701 2195 5773 (l4)
2224 5700 2682 5770 Ἀποστραςεείς.
2716 5698 2878 5757 Deest
2901 5698 2957 5758 in
2990 5697 3180 5757 eodem
3210 5695 3335 5755 cod.
3361 5696 3440 5754 in.
