4062 6258
463 380 484 434 I
496 374 595 430 007

1340 363 1398 420 S.
1434 356 1827 420 CLEMENTIS
1864 356 1885 412 l
1919 350 2084 408 ROII.
2117 346 2317 403 PONT.
2340 340 2566 399 OPEBA
2600 335 2820 399 DUBIA.

3566 318 3709 380 1008

459 492 645 556 Petro,
678 490 732 544 in
761 488 898 543 mari
923 502 938 539 :
971 504 989 538 ι
1027 484 1255 541 Modica:
1276 480 1616 551 Ildci,quare
1637 472 1901 530 dubitasti
1922 470 2031 523 ’νὴ

2146 483 2166 517 ι
2203 460 2543 529 Ὀλιγόπιστε
2565 456 2701 528 (54),
2723 457 2801 517 εἰς
2832 451 2885 505 τί
2913 448 3229 510 ὲδίστασας;
3253 461 3272 496 ι
3296 440 3389 511 Μὴ
3407 437 3555 509 γίνου
3575 437 3711 509 πρὸς

2298 552 2361 556 »λ
2433 551 2506 556 --
2573 551 2585 556 -
2704 548 2716 556 -
2892 544 2904 556 ι
3044 542 3065 556 υ
3198 532 3411 556 --ι-ει
3442 530 3498 556 ,ι
3530 529 3704 556 :-.-......

460 593 577 647 Νοιι
602 593 667 646 ad
694 583 1069 656 accipiendum
1104 579 1325 651 quidem
1357 586 1583 630 manum
1621 567 1919 641 porrigere,
1964 564 2033 615 ad

459 686 703 746 dandum
733 692 865 736 vero
887 673 1212 732 contrahere
1241 670 1312 723 '°.

1059 761 1287 821 CAPUT
1317 758 1434 814 XII.

989 858 1068 914 De
1118 852 1478 925 beneﬁcentia.

535 962 579 996 ¹¹
599 960 658 1018 Si
680 958 874 1024 habes,
893 952 1150 1011 manibus
1170 949 1279 1005 tuis
1297 946 1495 1019 praebe,
1516 949 1577 997 ut
1597 939 1841 1013 opereris
1870 936 1926 991 in
1953 948 2059 990 re-'

463 1045 833 1116 demptionem
856 1047 1200 1112 peccatorum
1226 1043 1463 1088 tuorum:
1477 1051 1495 1084 ι
1508 1025 1879 1098 Eleemesynis
1894 1026 2038 1079 cnim

465 1153 532 1193 ac
559 1115 662 1192 ﬁde
685 1142 987 1206 purgantur
1011 1140 1228 1201 peccata
1245 1124 1397 1181 “.3”
1412 1123 1531 1179 Non
1554 1119 1831 1176 dubitabis
1854 1115 2039 1188 largiri

466 1228 726 1302 pauperi;
768 1240 944 1294 neque
975 1222 1244 1293 largiens,
1288 1214 1659 1275 murmurabis
1691 1231 1706 1267 :
1739 1223 2041 1281 cognosces

468 1322 615 1376 enim
647 1319 773 1390 quis
804 1317 876 1372 sit
906 1315 999 1386 qni
1032 1311 1335 1369 mercedem
1369 1305 1661 1364 retribuit:
1695 1302 1773 1358 ait
1800 1302 2038 1372 quippe:

474 1431 493 1463 ι
506 1411 609 1478 Qui
628 1410 918 1465 miseretur
937 1405 1213 1478 pauperis,
1232 1400 1465 1457 Domino
1484 1397 1720 1453 fenerat:
1742 1394 2040 1450 secundum

469 1513 652 1559 autem
686 1502 872 1556 datum
912 1500 1083 1565 illius,
1105 1498 1185 1553 sic
1212 1494 1541 1550 retribuctur
1561 1490 1611 1546 ei
1639 1490 1705 1544 ".
1745 1507 1763 1542 ι
1794 1486 1870 1544 Ne
1891 1502 2045 1541 aver-

472 1605 558 1653 tas
597 1604 649 1653 te
689 1597 758 1652 ab
795 1596 1115 1666 indigenle:
1158 1608 1176 1642 ι
1218 1587 1323 1656 Qui
1356 1586 1579 1641 obturat
1608 1581 1752 1637 enim
1778 1621 1793 1647 ,
1835 1578 2043 1648 inquit,

471 1705 633 1745 aures
659 1705 811 1756 suas,
838 1704 903 1748 ne
934 1685 1123 1742 audiat
1147 1686 1419 1753 egentem,
1446 1683 1501 1732 et
1528 1674 1645 1744 ipse
1668 1669 1966 1734 invocabit,
1993 1676 2046 1722 et

471 1783 695 1838 nouerit
716 1778 1211 1851 quiexaudiateum
1227 1772 1295 1827 ".
1309 1790 1327 1824 ι
1345 1762 1844 1824 “Communicabis
1864 1760 2046 1813 omnia

470 1889 596 1929 cum
627 1873 794 1928 fratre
818 1879 935 1933 tuo,
963 1880 1017 1924 et
1046 1883 1157 1923 non
1179 1865 1329 1921 dices
1348 1859 1569 1934 propria
1596 1870 1720 1913 esse
1745 1872 1759 1910 :
1793 1866 2040 1908 commu-

474 1966 560 2021 nis
607 1965 752 2021 enim
801 1960 1151 2034 participatio
1193 1972 1225 2012 a
1275 1954 1387 2010 Deo
1430 1951 1687 2009 omnibus
1728 1944 2045 2004 hominibus

475 2064 780 2128 praparata
829 2055 951 2109 fuit.
980 2051 1025 2085 "’
1050 2051 1171 2107 Non
1214 2049 1374 2105 tolles
1411 2061 1633 2102 manum
1663 2050 1814 2097 tuam
1858 2055 1891 2094 a
1934 2039 2047 2093 lilio

475 2157 591 2213 tuo,
628 2156 722 2203 aut
751 2163 781 2201 a
809 2146 916 2202 ﬁlia
947 2153 1072 2213 tua;
1101 2143 1201 2200 sed
1224 2157 1256 2196 a
1280 2141 1568 2212 juventute
1597 2137 1733 2192 doce
1759 2150 1854 2190 eos
1882 2134 2045 2188 timo-

474 2256 591 2297 rem
618 2239 712 2297 Dei
740 2259 753 2295 :
786 2257 805 2291 ι
839 2238 1061 2309 Castiga
1102 2236 1245 2292 enim
1267 2275 1285 2300 ,
1314 2232 1510 2305 inquit,
1540 2231 1707 2287 lilium
1736 2241 1889 2287 tuum
1916 2243 1932 2294 ;
1967 2226 2049 2283 sic

472 2333 619 2388 enim
646 2333 753 2389 erit
777 2332 875 2388 tibi
899 2332 1059 2388 bonae
1083 2329 1200 2401 spei
1216 2329 1284 2383 ⁸⁸.
1319 2346 1339 2381 ι

1056 2478 1289 2539 CAPUT
1328 2479 1467 2538 XIII.

480 2580 675 2649 Quales
704 2596 759 2635 se
787 2575 1026 2635 exhibere
1062 2576 1284 2649 debeant
1322 2574 1540 2647 famulis
1584 2573 1822 2649 domini;
1857 2581 1907 2627 et
1947 2587 2049 2643 quo

704 2650 857 2705 modo
888 2656 1124 2716 oporteat
1151 2645 1381 2718 famulos
1408 2661 1520 2701 esse
1551 2645 1835 2715 subjectos.

550 2828 595 2859 "
620 2825 791 2883 Servo
822 2835 920 2882 tuo
942 2834 1035 2882 aut
1057 2825 1289 2893 ancillae,
1318 2825 1373 2881 in
1403 2824 1655 2881 eumdem
1688 2823 1857 2881 Deum
1890 2822 2050 2879 ﬁdem

479 2935 545 2976 ac
575 2920 829 2978 ﬁduciam
864 2920 1214 2986 habentibus,
1241 2934 1352 2974 non
1380 2917 1680 2990 imperabis
1705 2918 1759 2972 in
1786 2916 2051 2971 amaritu-

479 3012 607 3070 dine
653 3013 876 3080 animze;
917 3030 984 3068 ne
1033 3015 1176 3070 forte
1232 3011 1598 3083 ingemiscant
1640 3009 1903 3065 adversus
1956 3017 2049 3065 te:

479 3113 535 3160 et
570 3104 673 3160 tibi
718 3105 799 3160 ira
834 3121 864 3159 a
897 3103 1007 3161 Deo
1042 3104 1341 3160 incumbet.
1372 3102 1437 3157 Et
1461 3117 1582 3167 vos,
1616 3101 1783 3164 servi,
1816 3100 2051 3155 dominis

482 3198 722 3265 vestris,
769 3206 1029 3268 tanquam
1085 3195 1257 3252 Deum
1305 3193 1826 3267 repraesentantibus
1878 3200 2053 3249 estote

485 3290 714 3360 subjecti
746 3304 871 3344 cum
897 3289 1220 3353 attentione,
1254 3286 1560 3345 reverentia
1605 3294 1662 3343 et
1688 3294 1876 3354 metu;
1906 3285 2026 3343 sicu

484 3382 736 3448 Domino,
765 3390 815 3438 et
851 3398 960 3437 non
983 3383 1319 3438 hominibus.

1067 3474 1301 3530 CAPUT
1341 3472 1482 3531 XIV.

486 3566 563 3622 De
610 3566 875 3637 hypocrisi
899 3606 914 3631 .
964 3577 1020 3622 et
1070 3568 1260 3691 legumb
1279 3566 1631 3633 observantia,
1671 3573 1723 3622 et
1766 3563 2054 3634 confessio-

1177 3656 1227 3691 m
1266 3656 1349 3691 us.

1177 3656 1349 3693 ιιιοιις.

560 3727 604 3760 ³¹
628 3727 766 3785 Odio
800 3731 1028 3788 habebis
1056 3747 1273 3786 omnem
1313 3727 1677 3801 bypocrisim;
1710 3734 1765 3783 et
1792 3725 2056 3798 quidquid

490 3819 719 3877 Domino
748 3822 911 3878 fuerit
946 3824 1227 3895 placitum,
1260 3822 1450 3878 facies.
1482 3821 1532 3853 “
1554 3820 1632 3876 Ne
1652 3820 1874 3876 deseras
1903 3835 2058 3874 man-

487 3912 614 3968 data
645 3914 854 3971 Domini
885 3935 899 3972 :
931 3915 1180 3972 servabis
1218 3922 1403 3969 autem
1432 3928 1555 3984 quae
1578 3911 1841 3982 accepisti
1869 3910 1939 3966 ab
1967 3924 2054 3974 eo,

487 4021 665 4077 neque
694 4007 905 4064 addens
927 4010 980 4063 in
1004 4009 1092 4072 iis,
1120 4024 1298 4078 neque
1324 4008 1394 4061 ab
1424 4006 1495 4061 iis
1521 4004 1818 4061 detrahens
1842 4021 1857 4058 :
1887 4021 1905 4055 ι
1935 4001 2056 4058 Non

487 4099 655 4157 addes
700 4100 847 4155 enim
895 4101 1075 4155 verbis
1108 4101 1285 4164 ἱιιίυε,
1316 4115 1385 4154 ne
1412 4107 1607 4172 arguat
1632 4106 1703 4165 te,
1742 4105 1796 4152 et
1822 4098 2057 4154 mendax

488 4188 668 4246 ﬁas“.
701 4210 720 4243 ι
773 4191 820 4223 ³⁵
842 4191 1207 4248 Conﬁteberis
1242 4174 1495 4246 Domino
1528 4190 1634 4245 Deo
1676 4201 1899 4262 peccata
1932 4197 2056 4257 tua;

487 4291 541 4337 et
589 4300 699 4341 non
747 4286 982 4356 amplius
1037 4286 1264 4357 adjicies
1310 4286 1379 4340 ad
1426 4299 1527 4351 ea;
1568 4292 1629 4340 ut
1677 4285 1815 4341 bene
1846 4283 1917 4339 sit
1958 4282 2056 4337 tibi

488 4389 519 4427 a
553 4375 782 4431 Domino
801 4377 912 4433 Deo
936 4388 1051 4443 tuo,
1083 4378 1178 4449 qui
1213 4394 1321 4433 non
1350 4378 1465 4433 vult
1484 4385 1711 4433 mortem
1731 4376 2058 4448 peccatoris,

489 4466 584 4522 sed
610 4471 981 4538 paenitentiam
996 4472 1062 4526 ³³.

1082 4605 1317 4663 CAPUT
1357 4604 1474 4661 XV.

925 4698 1003 4755 De
1030 4700 1174 4754 cultu
1200 4716 1326 4770 erga
1353 4708 1614 4769 parentes.

562 4786 778 4845 Patrem
800 4796 953 4845 tuum
979 4798 1033 4846 et
1046 4786 1287 4844 'matrem
1311 4789 1481 4853 coles,
1503 4795 1760 4858 tanquam
1786 4784 1880 4840 tibi
1903 4793 2057 4840 ortus

491 4889 768 4947 auctores,
809 4892 869 4938 ut
899 4881 997 4937 ﬁas
1042 4881 1319 4952 longaevus
1363 4896 1527 4960 super
1571 4888 1773 4935 terram
1797 4878 1862 4943 ³⁸,
1895 4893 2057 4947 quam

2139 556 2238 629 μὲν
2263 553 2325 606 τὸ
2350 551 2537 605 λαϐεῖν
2569 548 2827 603 ἐκτείνων
2855 544 2954 615 τὴν
2981 542 3161 613 χεῖρα,
3192 534 3328 608 πρὸς
3355 532 3413 585 δὲ
3441 530 3502 585 τὸ
3529 529 3710 584 δοῦναι

2665 723 3060 784 ΚΕΦΑΛΑΙΟΝ
3096 720 3197 775 IB'.

2696 817 2840 886 Περὶ
2866 813 3156 878 εὐποιίας.

2218 917 2345 973 Ἐάν
2373 916 2521 987 ἔχῃς,
2551 914 2638 967 διὰ
2666 910 2774 964 τῶν
2804 906 3000 980 χειρῶν
3026 921 3120 957 σου
3145 901 3256 967 δὸς,
3282 899 3371 953 ἴνα
3399 894 3608 969 ἐργάσῃ
3637 894 3718 956 εἰς

2136 985 2743 1083 λύτρωσιν-ἁμαρτιῶν
2785 1014 2899 1053 σου·
2943 1015 2961 1048 ι
3009 991 3426 1063 Ἐλεημοσύναις
3471 986 3580 1059 γὰρ
3624 985 3719 1039 καὶ

2138 1077 2388 1158 πίσεεσιν
2434 1094 2895 1165 ἀποκαθαίρονται
2940 1084 3224 1159 ἁμαρτίαι.
3267 1099 3285 1134 ι
3329 1080 3405 1134 Οὐ
3449 1077 3719 1138 διστάσεις

2139 1193 2321 1249 δοῦναι
2350 1188 2574 1259 πτωχῷο
2609 1185 2730 1240 οὐδὲ
2770 1182 2947 1244 διδοὺς
2970 1218 2985 1243 ,
3031 1174 3319 1247 γογγύσεις
3338 1214 3353 1240 ,
3385 1169 3571 1241 γνώσῃ
3600 1167 3715 1239 γὰρ

2138 1285 2223 1349 τίς
2248 1286 2393 1337 ἐστιν
2420 1282 2448 1334 ὁ
2479 1278 2574 1333 τοῦ
2607 1274 2799 1349 μισθοῦ
2828 1269 3210 1339 άντατυοδότης.
3244 1285 3262 1317 ι
3306 1264 3368 1318 '0
3396 1262 3560 1316 ἐλεῶν
3586 1261 3717 1332 γὰρ,

2142 1375 2296 1448 φησὶ,
2327 1371 2571 1442 πτωχὸν,
2606 1366 2796 1439 Κυρίῳ
2824 1363 3076 1429 δανείζειο
3110 1358 3250 1414 κατὰ
3279 1357 3337 1411 δὲ
3362 1357 3424 1410 τὸ
3452 1356 3589 1426 δόμα
3618 1355 3715 1408 αὐ-

2142 1467 2238 1522 τοῦ
2263 1510 2276 1531 ,
2304 1465 2476 1528 οὕτως
2507 1459 3000 1530 ἀνταποδοθήσεται
3043 1450 3211 1524 αὐτῷ.
3252 1470 3271 1502 ι
3306 1450 3419 1503 Οὐκ
3448 1449 3694 1518 ἀποστρα

2144 1562 2292 1633 φήσῃ
2322 1557 2655 1626 ἐνδεόμενον,
2693 1572 2711 1605 ι
2754 1554 2853 1613 ὐς
2896 1548 3128 1622 φράσσει
3156 1543 3285 1616 γὰρ,
3317 1541 3479 1612 φησὶ,
3508 1539 3578 1593 τὰ
3605 1534 3721 1591 ὦτα

2145 1649 2311 1706 αὐτοῦ
2345 1649 2419 1721 μὴ
2452 1642 2769 1700 εἰσακοῦσαι
2800 1642 2910 1714 ('55)
2941 1637 3036 1693 τοῦ
3081 1635 3335 1707 δεομένου
3360 1672 3374 1696 ,
3420 1632 3516 1685 καὶ
3559 1631 3723 1695 αὐτὸς

2148 1740 2550 1805 ὲπικαλέσεται,
2583 1737 2675 1791 καὶ
2712 1735 2814 1788 οὐκ
2857 1733 3009 1786 ἔσται
3052 1730 3081 1782 ὁ
3126 1726 3423 1781 είσακούων
3468 1722 3652 1777 αὑτοῦ.
3698 1741 3717 1774 ι

2073 1846 2115 1902 Β
2138 1834 2505 1905 Κοινωνήσεις
2533 1831 2613 1892 είς
2646 1827 2824 1881 πάντα
2854 1822 2932 1895 τῷ
2961 1820 3172 1890 ἀδελφῷ
3196 1836 3312 1885 σου,
3334 1817 3429 1870 καὶ
3450 1816 3549 1868 οὐκ
3577 1815 3723 1885 ἐρεῖς

2146 1922 2437 1981 ἴδιαιεῖναι·
2470 1921 2628 1990 κοινὴ
2656 1918 2766 1990 γάρ
2807 1918 2840 1989 ἡ
2885 1911 3185 1986 μετάληψις
3213 1908 3366 1981 παρὰ
3391 1906 3526 1960 Θεοῦ
3558 1906 3725 1958 πᾶσιν

2142 2015 2447 2089 ἀνθρώποις
2493 2007 2938 2084 παρεσκευάσθη.
2981 2004 3095 2060 Οὐκ
3132 2004 3285 2073 άρεῖς
3312 2000 3411 2071 τὴν
3439 1996 3598 2069 χεῖρά
3628 2013 3725 2048 σου

2142 2086 2256 2166 άπδ
2280 2107 2374 2163 τοῦ
2401 2105 2518 2160 υἱοῦ
2556 2120 2672 2169 σου,
2694 2102 2728 2174 ἦ
2750 2098 2859 2154 ἀπὸ
2886 2097 2987 2167 τῆς
3019 2092 3288 2165 θυγατρός
3316 2104 3432 2143 σου·
3463 2088 3597 2142 ἀλλὰ
3618 2086 3727 2140 ἀπὸ

2144 2202 2395 2271 νεότητος
2418 2197 2530 2270 (56)
2575 2172 2806 2258 διδάξεις
2854 2188 3050 2250 αὐτοὺς
3096 2184 3187 2238 τὸν
3235 2181 3397 2253 φόϐον
3434 2178 3528 2233 τοῦ
3565 2172 3757 2231 Θεοῦφ

2149 2311 2169 2347 ι
2207 2270 2433 2347 Παίδευε
2477 2287 2607 2359 γὰρ,
2641 2284 2805 2356 φησι,
2833 2281 2926 2336 τὸν
2971 2278 3085 2331 υίόν
3126 2290 3240 2330 σου⁶
3267 2272 3412 2328 οὕτω
3437 2271 3546 2344 γὰρ
3572 2270 3729 2323 ἔσται

2149 2401 2232 2437 σοι
2259 2381 2497 2445 εὒελπις.
2542 2397 2561 2431 ι

2671 2461 3065 2523 ΚΕΦΑΛΑῙΟΝ
3102 2461 3201 2514 Il".

2149 2568 2351 2633 Ὅπως
2409 2562 2503 2618 δεῖ
2559 2557 3019 2633 πρσσφέρεσᾷαι-
3073 2551 3197 2633 τοῖς
3261 2547 3517 2633 οἰκέταις
3553 2543 3729 2633 ’τοίζς

2217 2615 2482 2760 ἇιιέρῗουςῖο
2517 2615 2617 2686 καῖ
2654 2615 2815 2695 ὄπέωξ·
2842 2625 2958 2697 χρὴ
2991 2615 3443 2680 ὑποτάσσεσθαι
3472 2615 3616 2681 τοὺς
3643 2618 3731 2669 ol-

2221 2724 2257 2760 κ
2296 2722 2422 2771 τας.

2219 2797 2334 2851 οὐκ
2365 2788 2841 2860 ὲπιτάξειςδούλῳ
2877 2804 2970 2840 σου
3000 2785 3032 2856 ἢ
3063 2781 3344 2852 παιδίσκῃ,
3377 2780 3491 2841 τοῖς
3517 2776 3611 2830 ἐπὶ
3634 2775 3726 2829 τὸν

2150 2888 2310 2944 αὑτὸν
2334 2886 2464 2940 Θεὸν
2492 2882 2827 2944 πεποιθόσιν,
2850 2880 2910 2933 ὲν
2942 2876 3134 2949 πικρίᾳ
3159 2874 3357 2944 ψυχῆςο
3385 2872 3588 2943 μήποτε
3618 2886 3731 2921 στεο

2150 2979 2382 3046 νάξωσιν
2424 2976 2519 3029 ἐπὶ
2562 2976 2663 3041 σοὶ,
2694 2974 2788 3027 καὶ
2820 2972 2969 3024 ἔσται
2992 2985 3074 3021 σοι
3104 2967 3241 3040 ὀργὴ
3272 2963 3421 3036 παρὰ
3447 2960 3603 3016 Θεοῦο
3634 2961 3729 3015 καὶ

2152 3070 2310 3142 ὑμεῖς
2338 3071 2387 3122 οἱ
2413 3067 2587 3123 δοῦλοι
2627 3063 2932 3134 ὑποτάγητε
2958 3063 3068 3123 τοῖς
3093 3059 3303 3129 κυρίοις
3328 3054 3499 3127 ὑμῶν,
3529 3055 3605 3117 ὡς
3632 3052 3723 3105 τύ·

2080 3195 2121 3253 C
2155 3177 2279 3225 ποις
2305 3159 2462 3222 Θεοῦ,
2496 3160 2553 3212 ὲν
2580 3158 2822 3229 προσοχῇ
2852 3154 2962 3227 (37)
2991 3151 3087 3207 καὶ
3110 3149 3279 3222 φόϐῳ,
3311 3148 3387 3212 ὡς
3411 3144 3489 3218 τῷ
3518 3142 3729 3217 Κυρίῳ,

2031 3292 2052 3340 ι
2090 3248 2119 3253 ⁷
2154 3254 2247 3308 καὶ
2270 3253 2369 3307 οὐκ
2404 3248 2732 3323 ἀνθρώποις.

2685 3420 3078 3480 ΚΕΦΑΛΑΙΟΝ
3110 3420 3206 3472 ΙΔ’.

2153 3521 2294 3591 Περὶ
2316 3520 2719 3590 ὑποκρίσεως,
2755 3516 2853 3591 καὶ
2880 3510 3191 3591 προσοχῇΑς
3218 3508 3435 3578 νόμων,
3467 3504 3565 3558 καὶ
3599 3502 3731 3569 ἐξο-

2703 3584 3097 3657 μολογήσεων
3121 3582 3188 3637 ³⁸.

2223 3683 2490 3754 Μισήσεις
2508 3682 2685 3734 πᾶσαν
2706 3677 3012 3749 ὑπόκρισιν·
3038 3673 3131 3727 καὶ
3151 3673 3257 3725 πᾶν
3279 3670 3306 3723 ὃ
3327 3667 3421 3722 ἐὰν
3505 3664 3731 3737 ἀρεστὸν

2155 3774 2364 3846 Κυρίῳ,
2390 3774 2654 3845 ποιήσειςο
2680 3770 2742 3824 οὐ
2766 3769 2839 3841 μὴ
2867 3765 3238 3838 ὲγκαταλίπῃς
3260 3760 3477 3823 ἐντολὰς
3501 3757 3725 3829 Κυρίουσ

2156 3868 2407 3940 φυλάξεις
2429 3867 2486 3920 δὲ
2514 3866 2550 3920 ἃ
2573 3863 2878 3939 παρέλαϐες
2900 3861 3031 3932 παρ’
3052 3855 3236 3922 αὐτοῦ,
3264 3855 3398 3927 μήτε
3423 3850 3728 3924 προστιθεὶς

2156 3962 2242 4015 ἐπ’
2275 3962 2488 4025 αὐτοῖς,
2521 3958 2655 4030 μήτε
2693 3954 2940 4027 ἀφαιρῶν
2969 3954 3061 4005 ἀπ’
3093 3948 3290 4004 αὐτῶνθ
3330 3964 3347 3996 ι
3387 3945 3461 3997 Οὐ
3490 3940 3728 4015 προσθή-

2158 4068 2271 4117 σεις
2302 4051 2409 4123 γὰρ
2444 4053 2556 4114 τοῖς
2583 4049 2760 4117 λόγοις
2801 4044 2987 4111 αὐτοῦ,
3026 4044 3111 4097 ἵνα
3163 4041 3237 4112 μὴ
3277 4035 3465 4113 ἐλέγξῃ
3500 4052 3588 4097 σε,
3636 4033 3731 4084 καὶ

2154 4145 2353 4217 ψευδὴς
2380 4122 2536 4214 γένῃ.
2579 4162 2596 4193 ι
2630 4137 3028 4211 Ἐξομολογήσῃ
3064 4132 3254 4203 Κυρίῳ
3280 4127 3358 4199 τῷ
3386 4125 3503 4195 Θεῷ
3536 4140 3627 4176 σου
3660 4122 3730 4175 τὰ

2156 4216 2523 4309 ἁμαρτήματά
2555 4249 2669 4287 σου’
2703 4232 2797 4285 καὶ
2839 4227 3022 4283 οὐκέτι
3068 4222 3389 4296 προσθήσεις
3417 4219 3501 4270 ἐπ’
3529 4216 3726 4275 αὐτοῖς·

2158 4330 2243 4383 ἵνα
2270 4324 2329 4381 εὖ
2372 4342 2452 4379 σοι
2498 4324 2721 4395 γένηται
2764 4318 2914 4392 παρὰ
2954 4317 3144 4389 Κυρίῳ
3172 4313 3249 4384 τῷ
3281 4310 3399 4381 Θεῷ
3433 4326 3547 4374 σου,
3581 4308 3637 4371 ὃς
3666 4307 3727 4358 οὐ

2160 4420 2408 4492 βούλεται
2448 4417 2541 4471 τὸν
2569 4415 2799 4470 θάνατον
2824 4411 2919 4465 τοῦ
2952 4403 3298 4482 ἁμαρτωλοῦ,
3331 4401 3465 4456 ἀλλὰ
3491 4400 3589 4472 τὴν
3630 4415 3729 4471 με·

2161 4513 2401 4567 τάνοιαν.

2684 4593 3076 4653 ΚΕΦΑΛΔΙΟΝ
3112 4591 3213 4645 IE'.

2420 4692 2562 4761 Περὶ
2591 4689 2699 4758 τῆς
2727 4688 2875 4756 πρὸς
2904 4684 3116 4756 γονέας
3143 4679 3474 4751 θεραπείας.

2228 4786 2332 4842 Τδν
2359 4785 2568 4857 πατέρα
2598 4799 2691 4835 σου
2723 4781 2817 4835 καὶ
2851 4778 2950 4849 τὴν
2998 4775 3206 4848 μητέρα
3248 4767 3626 4844 Θεραπεύσεις,
3656 4766 3737 4829 ὡς

2161 4879 2366 4941 αἰτίους
2392 4893 2476 4929 σοι
2504 4873 2791 4943 γενέσεως,
2817 4870 2905 4924 ἵνα
2931 4868 3060 4939 γένῃ
3098 4863 3486 4938 μακροχρόνιος
3514 4862 3606 4914 ἐπὶ
3633 4861 3736 4930 τῆς

492 4970 758 5030 Dominus
785 4974 928 5031 Deus
952 4984 1081 5031 tuus
1110 4951 1202 5029 dat
1232 4973 1350 5029 tibi.
1383 4974 1427 5005 ³⁷
1445 4953 1663 5029 Fratres
1706 4980 1833 5026 tuos
1863 4977 1919 5027 et
1959 4986 2047 5025 co-

2162 4970 2285 5042 γῆς,
2310 4964 2377 5041 ἧς
2408 4967 2610 5039 Κύριος
2641 4966 2673 5019 ὁ
2696 4964 2827 5027 Θεός
2856 4978 2948 5015 σου
2969 4959 3150 5014 δίδωσί
3183 4951 3286 5010 σοι’.
3311 4956 3449 5019 Τοὺς
3471 4953 3733 5022 ἀδελφούς

563 5139 605 5171 ¹⁹
628 5135 958 5211 Μὲῑῐιιιῃν,
992 5136 1089 5211 3|.
1160 5138 1207 5169 ⁸ο
1227 5122 1621 5211 ῌρΟΙῘκιγξ-ξιϐ.
1694 5131 1922 5187 “Barn.
1962 5146 2073 5184 χιχ.
2149 5129 2195 5160 ’⁸
2221 5126 2383 5182 Prov.
2435 5141 2523 5187 xv,
2574 5123 2681 5191 27;
2720 5119 2942 5211 ινικϐὸ
3000 5118 3045 5149 ’³
3075 5116 3239 5170 Barn.
3295 5130 3409 5211 xrx‘.
3484 5113 3531 5146 ’⁸
3564 5110 3731 5165 Prov.

1914 5202 1959 5211 --
1995 5201 2033 5211 ..
2059 5200 2069 5211 .
2094 5198 2108 5211 1
2205 5199 2249 5211 ..ι
2284 5196 2327 5211 n
2665 5194 2725 5211 nn
2823 5193 2843 5211 ι
2948 5191 3113 5211 ----ι.
3189 5201 3267 5211 ...-
3299 5203 3313 5211 .
3412 5192 3529 5211 ..ιιι-,ο
3596 5183 3706 5211 ι1.;,ι

494 5183 1189 5271 χιι,’ᾖί““¹ἦίιῖοἶῖίξικῐ,
1227 5183 1668 5261 Ῑῖ-’ίοἾΙῖονι-τη.
1725 5183 2135 5257 κῖέζήῖτίίιυίά.
2166 5183 2615 5271 μ’θηιῗιςον.ηιιμ,
2660 5183 2748 5247 I8.
2823 5189 3138 5271 "‘Barna'b.
3189 5201 3313 5251 xxx;
3363 5183 3731 5271 Anastgibid.

492 5278 541 5310 ⁸⁸
568 5279 605 5332 I'.
626 5278 1083 5350 ἐξομολογήσεωςῘ
1112 5277 1207 5350 _Sic
1237 5276 1363 5332 cod.
1390 5273 1552 5350 Υἰῐιόζ

1665 5274 1708 5305 ³¹
1732 5274 1896 5326 Barn.
1936 5286 2087 5324 xxix.

2162 5266 2209 5300 ³⁸
2242 5266 2376 5321 Ibid.
2453 5266 2497 5298 ³³
2520 5252 2681 5320 Prov.
2701 5278 2831 5327 xxx,
2858 5260 2913 5315 6.
2988 5258 3035 5292 “
3066 5257 3231 5311 Barn.
3258 5271 3374 5311 xu.
3449 5254 3497 5287 ³⁸
3530 5252 3733 5309 Ezech.

494 5334 780 5416 nun-23,
812 5334 921 5417 32.5
962 5355 1017 5405 et
1042 5334 1258 5420 Il,Petr.
1291 5362 1371 5411 ιιι,
1398 5346 1453 5401 9.
1530 5344 1577 5377 ⁸⁸
1604 5343 1777 5400 Exod.
1811 5358 1905 5408 xx,
1934 5340 2022 5396 I2.
2096 5339 2140 5371 ’τ
2165 5338 2510 5401 Anastasius,
2529 5335 2719 5391 eodem
2746 5334 2802 5388 in
2829 5334 2977 5387 loco.

1839 5514 2207 5596 vAaloriUit
2232 5532 2464 5592 Nam.
2520 5556 2527 5565 ο

562 5714 674 5783 (54)
692 5714 1084 5783 Ὀλιγόπιστε.
1106 5710 1524 5781 Με.όλιγοψυχε.
1547 5660 1703 5765 Male.
1722 5703 1857 5760 Vide
1891 5697 2083 5753 Matth.

504 5785 703 5925 “‘(I’ig;
718 5782 1109 5908 .Eg‘tsxoﬁvat.
1148 5848 1484 5919 Ἐνακοῦσαι,
1517 5862 1618 5903 ms.
1652 5843 1814 5899 Vind.
1841 5841 1917 5897 ID.

2246 5696 2359 5768 (56)
2382 5695 2693 5768 Νεότητος.
2720 5693 2881 5768 Addit
2908 5710 3020 5768 ms.
3044 5689 3438 5768 Vind._a6'ct?_sy.
3462 5688 3541 5745 In.

2245 5758 2357 5838 (57}
2382 5758 2698 5838 Προσοχῆ.Δ
2723 5762 2888 5838 Vind.
2921 5763 3044 5820 cod.
3073 5759 3322 5833 αἰσχύνῃ.
3360 5758 3603 5831 Utraque
3634 5775 3741 5819 vox

2172 5834 2260 5896 rei"
2283 5834 2449 5910 probe
2475 5835 2748 5893 convenit.
2780 5834 2877 5890 CL.
