4044 6254
352 400 494 460 1009

1217 398 1816 463 CONSTITUTIONES
1854 405 2331 466 APOSTOLICE.
2364 435 2437 449 --
2466 402 2598 460 LIB.
2635 402 2746 460 VII.

3467 408 3606 464 1010

353 538 441 575 σου
473 517 570 573 καὶ
594 515 722 581 τοὺς
744 515 1024 585 συγγενεῖς
1053 531 1148 568 σου
1180 513 1253 586 μὴ
1274 515 1555 588 ὑπερίδῃς·
1597 536 1615 569 ι
1650 519 1791 585 Τοὺς
1817 519 1927 595 γὰρ

2029 526 2224 591 gnatos
2252 527 2378 575 tuos
2402 532 2472 574 ne
2493 517 2804 590 despicias:
2834 534 2854 568 ι
2892 515 3238 576 Domesticos
3264 517 3408 575 enim
3439 522 3609 577 semi-

346 610 577 674 υίκείους
603 608 697 664 τοῦ
726 608 1039 680 σπέρματός
1069 624 1164 661 σου
1195 608 1294 678 οὐχ
1324 609 1607 681 ὑπερόψει.
1651 629 1669 662 ι

865 721 1260 775 ΚΕΦΑΛΑΙΟΝ
1293 722 1409 788 ιεῖο.

346 816 484 887 Περὶ
517 815 629 885 τῆς
658 815 807 884 πρὸς
827 812 1093 879 ,ϐασιλέα
1138 811 1237 868 καὶ
1272 813 1570 882 ἄρχοντας
1597 815 1925 886 ὑποταγῆς.

412 911 515 965 Τὸν
548 908 771 980 βασιλέα
799 906 1103 979 φοϐηθήσῃ,
1135 905 1291 971 εἰδὼς
1319 907 1403 960 ὅτι
1431 906 1527 959 τοῦ
1550 908 1757 981 Κυρίου
1780 909 1931 963 ἐστὶν

346 1006 378 1075 ή
410 1002 730 1075 χειροτονία·
762 1001 890 1063 τοὺς
917 1000 1186 1071 ἄρχοντας
1213 998 1380 1053 αὑτοῦ
1409 1001 1683 1072 τιμήσεις,
1714 1000 1790 1067 ὡς
1818 999 1928 1055 λει-

345 1098 607 1170 τουργοὺς
637 1094 794 1149 Θεοῦ·
831 1093 1036 1148 ἔκδικοι
1080 1093 1189 1165 γὰρ
1231 1094 1337 1147 είσι
1370 1092 1551 1166 πάσης
1581 1092 1813 1159 ἀδικίας’
1846 1088 1929 1158 οἷς

347 1191 637 1245 ἀποτίσατε
665 1190 837 1255 τέλος,
871 1188 1055 1261 φόρον,
1080 1188 1175 1243 καὶ
1205 1189 1387 1242 πᾶσαν
1417 1186 1697 1259 εἰσφορὰν,
1723 1188 1927 1257 εὐγνω-

350 1284 545 1357 μόνως.

873 1397 1267 1454 ΚΕΦΑΛΑΙΟΝ
1296 1398 1395 1451 lZ'.

397 1512 536 1583 Περὶ
564 1511 825 1581 καθαροῦ
851 1510 1202 1578 συνειδότος
1223 1508 1341 1564 τῶν
1366 1509 1889 1579 προσευχομένων.

416 1608 493 1661 Οὐ
520 1606 859 1679 προσελεύσῃ
890 1606 984 1660 ἐπὶ
1012 1605 1324 1678 προσευχήν
1352 1621 1469 1668 σου,
1522 1605 1581 1656 ὲν
1618 1602 1804 1675 ἡμέρᾳ
1829 1619 1928 1655 πο-

350 1700 541 1773 νηρίας
574 1718 698 1767 σου,
728 1700 860 1772 πρὶν
899 1699 967 1754 ἂν
1015 1699 1184 1771 λύσῃς
1226 1700 1325 1771 τὴν
1352 1696 1579 1769 πικρίαν
1616 1713 1730 1749 σου.
1775 1693 1925 1767 Αὕτη

346 1794 491 1847 ἐστὶν
520 1795 553 1865 ή
584 1793 704 1857 ὁδὸς
725 1792 825 1864 τῆς
859 1790 1025 1864 ζωῆς.
1048 1786 1158 1856 Ἦς
1183 1791 1391 1861 γένοιτο
1418 1790 1567 1855 ὲντδς
1598 1780 1742 1861 ὑμᾶς
1772 1790 1926 1860 εὗρε-

348 1883 529 1957 θῆναι,
557 1886 647 1942 διά
671 1886 848 1961 Ἰησοῦ
877 1884 1114 1958 Χριστοῦ
1143 1884 1239 1939 τοῦ
1265 1883 1473 1956 Κυρίου
1498 1883 1676 1955 ἡμῶν.

869 2064 1263 2121 ΚΕΦΑΛᾹΙΟΝ
1293 2066 1398 2119 lH’.

348 2178 480 2252 Ὅτι
569 2176 637 2252 ἐξ
664 2177 1118 2252 ἐπιϐουλῆς-τοῦ
1142 2179 1467 2252 ἀλλοτρίου
1496 2180 1927 2252 ἐπεισαχθεῖσα

416 2246 574 2313 ὁδός,
606 2249 884 2314 ἀσεϐείας
914 2248 1012 2302 καὶ
1042 2246 1413 2320 παρανομίας
1443 2246 1840 2322 πεπλήρωται.

426 2360 490 2414 Ἦ
509 2360 565 2414 δὲ
585 2361 703 2425 ὁδὸς
729 2360 823 2414 τοῦ
854 2360 1084 2415 θανάτου
1109 2361 1256 2416 ἐστὶν
1286 2363 1344 2417 ὲν
1371 2363 1634 2436 πράξεσιν
1662 2371 1927 2441 πονηραῖς

345 2450 713 2523 θεωρουμένηο
733 2453 790 2505 ὲν
810 2451 945 2524 αὐτῇ
966 2452 1074 2525 γάρ
1094 2452 1283 2523 ἄγνοια
1301 2454 1458 2519 Θεοῦ,
1473 2456 1565 2511 καὶ
1584 2457 1791 2512 πολλῶν
1813 2461 1926 2532 (58)

344 2544 527 2600 κακῶν
548 2544 643 2598 καὶ
664 2543 831 2599 θολῶν
859 2545 954 2599 καὶ
981 2545 1234 2617 ταραχῶν
1262 2547 1632 2622 ἐπεισαγωγὴ·
1662 2550 1730 2605 δι’
1746 2544 1819 2605 ὧν
1842 2552 1928 2622 φό-

344 2637 1575 2713 νοι,μοιχεῖαι,πορνεϊαι,ἐπιορκίαι,ὲπιθυμίαι
1596 2642 1925 2715 παράνομοι,

346 2729 561 2794 κλοπαὶ,
592 2728 1045 2802 είδωλολατρεῖαι,
1081 2732 1324 2802 μαγεῖαι,
1353 2736 1713 2804 φαρμακεῖαι,
1745 2735 1925 2807 ἁρπαέ

345 2822 457 2891 γαὶ,
477 2822 963 2895 ψευδομαρτυρίαι,
978 2821 1318 2893 ὑποκρίσεις,
1340 2823 1737 2897 διπλοκαρδίαι,
1752 2827 1922 2892 δόλος,

346 2912 713 2986 ὑπερηφανία,
758 2914 945 2981 κακία,
984 2913 1261 2978 αὐθάδεια,
1302 2914 1601 2985 πλεονεξία,
1642 2919 1925 2991 αἰσχρολο-

345 3005 460 3074 γία,
486 3004 801 3076 ζηλοτυπία,
834 3005 1129 3078 Θρασύτης,
1151 3006 1588 3080 ὑψηλοφροσύνη,
1618 3010 1923 3080 ἀλαζονεία,

347 3097 576 3166 ἀφοϐία,
609 3098 848 3168 διωγμὸς
888 3097 1138 3167 ἀγαθῶν,
1180 3098 1439 3170 ἀληθείας
1470 3100 1668 3174 ἔχθρα,
1698 3102 1927 3174 ψευδους

2033 610 2117 666 nis
2141 610 2218 665 tui
2245 625 2312 666 ne
2337 608 2653 681 despexeris
2673 609 2743 665 ³⁸.
2776 622 2800 659 ι

2614 720 2846 778 CAPUT
2883 720 3023 777 XVI.

2186 814 2263 869 De
2295 814 2617 886 subjectione
2643 832 2769 887 erga
2796 832 2965 887 regem
2996 826 3045 869 et
3076 816 3441 886 magistratus.

2102 905 2304 980 Regem
2343 908 2641 973 vereberis,
2675 908 2859 963 sciens
2894 923 2924 961 a
2964 906 3196 962 Domino
3226 923 3349 964 esse
3382 910 3606 964 electio-

2031 1016 2185 1068 nem;
2213 1001 2565 1073 magistratus
2594 1000 2715 1071 ejus
2736 999 3053 1064 honorabis,
3083 1011 3141 1053 ut
3163 1001 3448 1054 ministros
3480 999 3600 1055 Dei:

2030 1092 2272 1147 vindices
2300 1091 2446 1147 enim
2480 1100 2609 1148 sunt
2656 1095 2837 1147 omnis
2878 1092 3151 1162 injuriae”
3177 1111 3191 1147 :
3220 1093 3422 1163 quibus
3452 1104 3608 1163 grato

2031 1185 2211 1239 animo
2238 1183 2504 1240 exsolvite
2534 1184 2786 1256 vectigal,
2820 1184 3109 1251 tributum,
3142 1198 3469 1256 omnemque
3494 1185 3609 1239 col-

2030 1275 2308 1332 lationem.

2591 1388 2823 1447 CAPUT
2868 1389 3035 1446 XVII.

2295 1481 2381 1553 De.
2402 1483 2601 1538 munda
2630 1482 2950 1538 conscientia
2979 1482 3322 1554 precantium.

2097 1596 2144 1630 δ’
2168 1595 2289 1653 Non
2315 1596 2546 1655 accedas
2584 1597 2653 1652 ad
2697 1598 3067 1669 precationem
3098 1604 3269 1663 tuam,
3301 1598 3356 1652 in
3387 1597 3476 1655 die
3503 1600 3605 1654 im-

2027 1690 2320 1762 probitatis
2348 1698 2475 1754 tuae,
2509 1690 2829 1762 priusquam
2865 1690 3285 1746 amaritudinem
3320 1699 3469 1745 tuam
3508 1692 3605 1747 de-

2028 1797 2222 1853 ponas.
2268 1780 2395 1837 llaec
2442 1789 2527 1838 est
2566 1783 2653 1837 via
2697 1782 2852 1850 vitae;
2886 1782 3027 1838 intra
3059 1796 3222 1852 quam
3253 1778 3353 1838 vo's
3393 1782 3602 1836 utinam

1956 1886 1999 1942 Β
2029 1873 2419 1939 inveniamini,
2471 1890 2568 1946 per
2613 1872 2801 1931 Jcsum
2846 1874 3128 1931 Christum
3166 1873 3456 1929 Dominum
3504 1890 3604 1931 uo-

2029 1973 2227 2023 strum.
2314 2044 2317 2047 ἰ

2582 2058 2815 2115 CAPUT
2852 2058 3040 2116 XVIII.

2089 2173 2245 2241 Quod
2274 2175 2359 2230 via
2387 2190 2504 2245 qua’
2523 2188 2588 2228 ea:
2618 2174 2824 2228 insidiis
2851 2174 3144 2229 adversarii
3175 2175 3383 2230 adsuta
3415 2176 3539 2245 fuit,

2329 2246 2597 2315 impietate
2628 2261 2691 2300 ae
2720 2246 2998 2310 iniquitate
3025 2246 3093 2300 sit
3120 2246 3294 2314 plena.

2098 2357 2142 2390 “
2169 2357 2239 2412 At
2263 2357 2348 2413 via
2382 2359 2575 2414 mortis
2600 2359 2654 2415 in
2682 2358 2867 2430 pravis
2896 2358 3207 2414 actionibus
3230 2360 3476 2414 cernitur
3505 2380 3518 2415 :
3546 2363 3601 2416 in

2026 2465 2089 2506 ea
2115 2451 2258 2505 enim
2286 2459 2371 2506 est
2401 2451 2673 2522 ignoratio
2708 2451 2841 2520 Dei;
2864 2459 2918 2507 et
2949 2451 3282 2507 introductio
3306 2453 3601 2509 nmltorum

2027 2543 2330 2607 malorum,
2363 2544 2649 2599 turbinum
2681 2559 2746 2599 ac
2786 2544 3121 2598 tumultuum
3160 2561 3176 2599 :
3220 2544 3364 2600 unde
3401 2545 3599 2611 caedes,

2028 2634 2315 2704 aduiteria,
2340 2637 2724 2703 scortationes,
2748 2636 3012 2708 perjuria,
3032 2638 3356 2708 cupiditates
3380 2637 3599 2709 iniquae,

2030 2724 2198 2791 furta,
2232 2728 2585 2794 idololatriae,
2620 2730 2832 2800 magiae,
2865 2728 3175 2802 priestigiae,
3202 2730 3427 2800 rapinzc,
3464 2730 3602 2787 falsa

2028 2820 2366 2886 testimonia,
2397 2821 2799 2887 simulationes,
2824 2821 2991 2877 corda
3022 2820 3281 2892 duplicia,
3307 2822 3487 2887 dolus,
3506 2839 3602 2878 su-

2027 2913 2254 2983 perbia,
2288 2914 2518 2978 malitia,
2562 2914 2895 2986 pervicacia,
2944 2913 3111 2969 alieni
3145 2914 3402 2982 aviditas,
3434 2914 3603 2983 turpi-

2028 3006 2297 3078 loquium,
2331 3006 2621 3079 zelotypia,
2645 3006 2859 3073 feritas,
2881 3006 3044 3063 elatio
3075 3008 3293 3071 mentis,
3320 3006 3599 3077 superbia,

2028 3099 2240 3154 timoris
2262 3099 2533 3164 vacuitas,
2557 3100 2827 3155 bonorum
2858 3100 3095 3165 vexatio,
3119 3100 3370 3155 veritatis
3390 3099 3598 3166 odium,

345 3188 556 3260 ἀγάπη,
580 3189 771 3258 ἄγνοια
797 3189 1159 3261 δικαιοσύνης.
1194 3193 1258 3244 Οἱ
1277 3191 1386 3264 γάρ
1405 3193 1609 3249 τούτων
1626 3196 1846 3267 ποιηταὶ
1857 3196 1923 3261 δ’,

2028 3190 2303 3247 mendacii
2334 3206 2510 3257 amor,
2542 3192 2852 3264 ignorantia
2877 3192 3128 3263 iustitiae.
3164 3190 3368 3247 [lorum
3397 3193 3602 3264 quippe

344 3280 407 3334 οὐ
436 3280 731 3335 κολλῶνται
759 3280 970 3352 ἀγαθῷ,
1002 3282 1125 3335 οὐδὲ
1152 3283 1333 3353 κρίσει
1368 3283 1582 3359 δικαίῳ·
1617 3288 1926 3360 ἀγρυπνοῦ-

347 3389 453 3437 σιν,
510 3374 611 3427 οὒκ
651 3376 732 3438 είς
779 3373 854 3427 τδε
877 3373 1112 3443 ἀγαθὸν,
1157 3374 1271 3428 ἀλλ’
1318 3377 1398 3440 εἰς
1442 3376 1503 3432 τὺ
1544 3380 1803 3452 πονηρόν*
1848 3376 1925 3437 ὧν

352 3464 568 3537 μακρὰν
612 3466 860 3539 πραότης
894 3467 988 3521 καὶ
1028 3467 1296 3539 ὑπομονή·
1335 3468 1540 3540 μάταια
1571 3471 1924 3542 ἀγαπῶντες,

345 3556 1027 3630 διώκοντες-³ἀνταπόδομα,
1050 3561 1152 3614 οὐκ
1180 3561 1455 3626 ἐλεοῦντες
1484 3564 1721 3634 πτωχὸν,
1743 3566 1804 3619 οὐ
1831 3584 1928 3620 πο-

347 3646 564 3712 νοῦντες
619 3652 711 3705 ἐπὶ
768 3654 1261 3726 καταπονουμένῳ,
1314 3656 1375 3709 οὐ
1421 3654 1783 3725 γινώσκοντες
1835 3658 1927 3714 τὸν

348 3741 646 3813 ποιήσαντα
670 3744 884 3812 αὐτοὺς,
909 3749 1087 3815 φονεῖς
1105 3746 1332 3812 τέκνων,
1366 3748 1584 3821 φθορεϊς
1610 3750 1928 3823 πλάσματος

346 3832 505 3898 Θεοῦ,
522 3835 986 3908 ἀποστρεφόμενοι
1009 3838 1336 3911 ἐνδεόμενον,
1358 3840 1791 3907 καταπονοῦντες
1813 3843 1925 3915 (59)

349 3923 695 3997 Ολιϐόμενον,
744 3927 1016 3983 πλουσίων
1048 3931 1419 4003 παράκλητοι,
1468 3935 1716 4006 πενήτων
1762 3934 1928 4007 ὑπερ-

310 4106 313 4109 .
346 4016 529 4084 όπται,
559 4018 1027 4093 πανθαμάρτητοι.
1092 4022 1426 4097 Ῥυσθείητε,
1455 4026 1639 4092 τέκνα,
1669 4026 1776 4081 ἀπὸ
1804 4026 1927 4081 τού-

348 4127 456 4165 των
486 4111 763 4166 ἁπάντων.

873 4313 1267 4369 ΚΕΦΑΛΑΙΟΝ
1301 4315 1400 4369 ῙΘν.

407 4422 534 4477 Ὀτι
560 4422 647 4495 μὴ
672 4424 799 4502 χρὴ
832 4424 943 4492 τῆς
972 4426 1619 4502 εὐσεϐειάςίέκκιῖίνειν
1647 4429 1819 4497 δεξιὰ
1848 4432 1889 4502 ἢ

626 4494 903 4566 εὐώνυμα
921 4535 936 4560 ,
970 4497 1249 4566 παραινεῖ
1274 4501 1306 4554 d
1336 4500 1682 4570 νομοθέτης.

425 4604 565 4677 Ὅρα
594 4607 667 4678 μή
690 4606 775 4673 τίς
804 4625 863 4661 σε
893 4607 1141 4683 πλανήσῃ
1172 4609 1279 4663 ἀπὸ
1304 4610 1405 4681 τῆς
1435 4611 1732 4677 εὐσεϐείαςο
1769 4632 1787 4666 ι
1810 4613 1924 4669 Οὐκ

348 4695 602 4769 ἐκκλίνῃς
643 4698 790 4771 γὰρ,
842 4700 1040 4772 φησὶν,
1080 4701 1176 4753 ἀπ’
1225 4701 1397 4770 αὐτῆς
1439 4700 1592 4769 δεξιά
1637 4704 1671 4777 ἢ
1719 4704 1923 4760 εὐώνυ-

352 4804 429 4857 μα
477 4787 607 4860 (40)·
639 4808 657 4841 ι
701 4791 789 4845 ἵνα
818 4793 983 4863 συνῇς
1012 4792 1070 4844 ὲν
1103 4793 1270 4846 πᾶσιν
1299 4788 1380 4858 οἷς
1414 4794 1509 4847 ὲάν
1545 4795 1824 4868 πράσσῃς,
1861 4797 1923 4851 οὐ

346 4878 457 4951 γὰρ
504 4880 596 4934 ἐὰν
642 4882 751 4954 (41)
803 4883 879 4956 μὴ
931 4887 1215 4956 ὲκτραπῇς
1259 4883 1363 4952 ἔξω
1389 4886 1490 4957 τῆς
1517 4887 1732 4950 εὐθείας
1756 4889 1921 4958 ὁδοῦ,

345 4969 719 5045 δυσσεὸήσεις.

2029 3281 2269 3340 factores
2295 3292 2349 3339 et
2373 3283 2739 3351 atiectatores,
2773 3300 2883 3340 non
2910 3285 3191 3341 adhaerent
3222 3286 3386 3349 bono,
3426 3303 3603 3358 neque

2025 3376 2175 3445 justo
2213 3375 2458 3445 judicio;
2499 3377 2756 3449 vigilant,
2786 3392 2897 3434 non
2919 3378 2987 3433 ad
3018 3378 3345 3444 bonum,sed
3376 3379 3443 3433 ad
3487 3395 3605 3434 ma-

2028 3468 2140 3523 lum
2168 3486 2182 3525 :
2211 3484 2242 3523 a
2270 3468 2472 3540 quibus
2504 3470 2663 3543 longe
2701 3478 2787 3527 est
2824 3470 3188 3527 mansuetudo
3215 3460 3273 3528 et
3300 3474 3599 3543 patientia:

2026 3575 2166 3615 vana
2198 3559 2507 3632 diligentes,
2540 3570 2925 3619 consectantes
2949 3565 3465 3633 remunerationem,
3491 3581 3602 3620 non

2028 3653 2356 3709 miserantes
2385 3669 2701 3725 pauperem,
2731 3670 2843 3711 non
2874 3655 3122 3713 dolentes
3142 3656 3211 3713 de
3244 3658 3464 3719 afilicto,
3488 3673 3601 3713 non

2028 3751 2389 3815 agnoscentes
2418 3753 2729 3803 creatorem
2751 3763 2935 3813 suum,
2969 3748 3352 3806 interfectores
3395 3750 3598 3806 libero-

2028 3849 2173 3901 rum,
2220 3851 2318 3908 per
2353 3838 2669 3911 embryonis
2697 3840 2897 3897 caedem
2939 3850 3291 3912 corruptores
3319 3842 3601 3913 plasmatis

2028 3924 2156 3995 Dei,
2202 3938 2523 3986 aversantes
2565 3946 2831 4003 egenum,
2887 3933 3261 4004 opprimentes
3316 3936 3598 3990 calamito-

2029 4035 2182 4087 sum,
2216 4023 2447 4079 divitum
2497 4023 2779 4091 advocati,
2825 4040 3126 4097 pauperum
3154 4036 3591 4098 contemptores,

2027 4112 2178 4167 omni
2209 4129 2277 4169 ex
2309 4124 2463 4186 parte
2496 4126 2836 4186 peccatores.
2859 4115 3189 4175 Liberemiui
3213 4159 3231 4185 ,
3265 4119 3381 4185 lilii,
3414 4120 3483 4176 ab
3513 4119 3598 4175 his

2027 4206 2281 4263 omnibus
2294 4245 2306 4259 .

2602 4324 2833 4382 CAPUT
2872 4324 3014 4383 XIX.

2029 4436 2185 4505 Quod
2222 4456 2327 4493 non
2366 4448 2603 4510 oporteat
2643 4459 2676 4495 a
2714 4443 2908 4512 pietate
2949 4443 3214 4498 declinare
3257 4446 3597 4500 dextrorsum

2254 4513 2333 4565 vel
2360 4513 2732 4567 sinistrorsum
2754 4553 2769 4578 ,
2800 4513 3043 4569 admonet
3075 4514 3350 4585 legislator

2102 4621 2242 4679 Vide
2276 4639 2346 4679 ne
2383 4624 2511 4695 quis
2545 4630 2600 4680 te
2640 4624 2804 4679 faciat
2838 4639 2870 4679 a
2907 4624 3107 4696 pietate
3136 4624 3435 4681 aberrare:
3466 4641 3485 4677 ι
3516 4622 3596 4680 Ne

2030 4715 2276 4772 declines
2302 4716 2449 4771 cnim
2469 4756 2485 4781 ,
2518 4716 2731 4788 inquit,
2764 4718 2835 4772 ab
2862 4732 2925 4773 ea
2958 4716 3027 4771 ad
3058 4716 3336 4773 dexteram
3359 4757 3374 4782 ,
3404 4717 3492 4773 vel
3528 4717 3597 4771 ad

2031 4806 2313 4863 sinistram
2328 4807 2402 4864 "z
2431 4825 2450 4860 ι
2472 4814 2529 4862 ut
2549 4808 2600 4862 in
2625 4809 2879 4865 omnibus
2901 4824 3022 4881 qua:
3046 4808 3265 4876 feceris,
3289 4809 3594 4879 intelligas:

2033 4898 2141 4955 nisi
2166 4900 2313 4956 enim
2345 4914 2376 4954 a
2400 4899 2489 4954 via
2517 4908 2667 4957 recta
2696 4900 2990 4965 deﬂectas,
3023 4916 3136 4957 non
3165 4902 3276 4958 eris
3306 4901 3531 4974 impius.

459 5089 813 5174 "Ismtmt,
850 5094 902 5149 7.
975 5094 1209 5174 ”_l}om.
1264 5097 1459 5160 xnI,-i.
1527 5097 1863 5164 “Barn.,et
1892 5099 1950 5154 A1

2025 5109 2110 5170 st.,
2148 5101 2279 5157 ibid.
2354 5105 2399 5135 “
2428 5101 2593 5160 Barn.
2644 5120 2744 5174 xx;
2776 5106 2994 5173 Anast,
3047 5107 3181 5164 Ibid.
3255 5108 3299 5139 δ’
3339 5108 3411 5163 al.
3460 5110 3600 5163 ἀντι-

347 5161 593 5232 ποιηταί.
668 5161 713 5193 ⁸³
733 5161 891 5220 Deut.
918 5181 972 5231 v,
1010 5167 1101 5221 52.

1698 5316 2065 5377 VARIORUM
2102 5321 2333 5380 ΝΟΤᾸΞ.

421 5452 535 5533 (ἷξε)
563 5454 835 5533 Ποζμῶγ.
883 5454 1131 5533 Pro‘hac
1159 5475 1293 5517 voce
1324 5469 1378 5516 et
1406 5462 1581 5533 tribus
1614 5477 1799 5533 seqq.,
1837 5472 1924 5520 est

345 5525 403 5578 in
434 5524 609 5579 altero
650 5524 813 5582 Vind.
845 5527 969 5583 cod.
1005 5528 1164 5595 θεῶν,
1192 5547 1256 5586 ac
1291 5546 1479 5586 revera
1526 5531 1665 5585 θεῶν
1694 5524 1918 5587 ἐπεισα-

530 5604 615 5719 εἰει
637 5597 729 5721 νῘὲ
746 5599 963 5665 mortis,
993 5615 1100 5670 qua
1122 5602 1301 5658 omnis
1324 5602 1540 5673 generis
1571 5603 1713 5658 mala
1746 5602 1919 5660 intro-

364 5681 380 5716 ι
406 5681 419 5716 ι
473 5682 543 5719 un
574 5683 659 5721 ur.
733 5682 788 5721 ι..

364 5681 659 5722 ιιιιιυηιιιῐ.
688 5681 788 5724 LL.

420 5734 1068 5813 (39l_Ka_r_a:r_oroﬁrte¢.
1103 5739 1228 5797 Haec
1252 5758 1355 5796 vox
1380 5750 1433 5797 et
1456 5758 1693 5813 sequens
1716 5743 1917 5802 desunt

345 5803 963 5884 |n_;codiceVind..Aquae
992 5803 1254 5884 praeteriit
1276 5803 1552 5884 librarius:
1587 5825 1808 5884 propter
1840 5818 1916 5873 si-

344 5875 533 5933 milem
567 5875 1006 5937 terminationem
1032 5883 1181 5940 vocis
1210 5875 1604 5941 antec’edentis:
1633 5875 1707 5939 In:

2102 5465 2215 5536 (40)
2254 5465 2566 5549 Ε’ὐῴνυηιιαἶ
2614 5470 2901 5549 Ἀριστερά
2924 5512 2939 5537 ,
2979 5484 3342 5542 synonymum
3375 5483 3474 5540 pro
3504 5482 3597 5538 sy-

2029 5551 2301 5608 nonymo.
2334 5545 2392 5608 ut
2422 5545 2648 5608 passim.
2681 5545 2755 5595 Ιιρ.

2100 5608 2212 5681 (41)
2264 5606 2402 5681 Ἐὰν
2423 5606 2534 5678 ξμή.
2571 5607 2857 5681 Qmittitur
2888 5612 2960 5681 μή
2993 5617 3047 5665 et
3085 5608 3279 5681 ἔξωίὶξι
3306 5606 3432 5664 cod.
3467 5606 3599 5661 Vind

2025 5677 2329 5749 dobonensi
2354 5718 2368 5739 ,
2399 5677 2454 5734 et
2495 5678 2717 5749 quidem
2768 5677 2913 5736 recte
2941 5677 2959 5735 ί
2989 5682 3034 5735 si
3088 5681 3149 5733 οὐ
3178 5680 3365 5734 deleas
3390 5689 3442 5733 et
3476 5694 3596 5749 rere

2026 5758 2110 5804 tas
2133 5789 2147 5811 ,
2182 5750 2227 5803 si
2256 5747 2567 5821 deﬂectasfa
2597 5750 2680 5804 via
2724 5761 2925 5821 recta,
2955 5752 3148 5821 impius
3196 5752 3323 5807 eris.
3378 5748 3596 5820 Alioqui

2024 5826 2277 5876 contorta
2309 5828 2393 5876 est
2422 5820 2562 5877 ratio
2593 5820 2871 5895 loquendi.
2908 5820 2986 5878 Io.
