4044 6254
517 422 645 485 ιθη,

997 536 1007 546 ”
1103 524 1333 585 CAPUT
1370 525 1489 579 XX.

521 630 676 699 Quod
705 633 1077 700 non_oporteat
1105 620 1403 700 improbare
1432 619 1606 700 cibum
1635 618 1803 700 ullum
1835 616 1956 700 usui
1986 632 2079 668 ac-

586 693 1010 758 commodatum,
1049 693 1139 749 sed
1174 708 1294 747 cum
1328 693 1627 761 gratiarum
1664 693 1871 741 actione
1907 697 1957 740 et
1993 703 2083 738 oro

583 773 765 824 dinate
796 782 1018 821 sumere.

585 860 662 915 De
691 858 831 913 cibis
861 870 991 910 vero
1027 850 1125 908 tibi
1166 852 1244 905 ait
1280 848 1548 905 Dominus
1576 868 1589 903 :
1623 866 1642 899 ι
1672 847 1821 902 Bona
1852 853 2013 901 terra:
2040 844 2086 875 “

518 952 819 1007 comedetis
846 950 935 1014 “;
969 966 988 999 ι
1035 953 1090 1001 et
1117 964 1135 1001 :
1180 964 1197 996 ι
1228 942 1457 998 Omnem
1505 955 1727 995 carnem
1776 938 1986 999 edetis,
2026 942 2086 989 ut

516 1046 666 1099 olera
718 1041 945 1096 herbte:
996 1036 1317 1107 sanguinem
1365 1047 1498 1087 vero
1543 1029 1790 1086 elTundes
1818 1029 1912 1083 “z
1965 1025 2085 1081 Non

515 1134 663 1189 enim
696 1148 816 1203 quas
844 1131 1054 1185 intrant
1084 1129 1137 1182 in
1168 1143 1232 1182 os
1254 1167 1269 1188 .
1300 1125 1659 1194 coinquinant
1693 1120 1967 1175 hominem
1997 1120 2039 1151 "
2070 1161 2084 1185 ,

518 1224 613 1279 sed
660 1238 783 1293 qua:
825 1236 892 1276 ex
934 1235 1029 1275 ore
1075 1218 1420 1288 procedunt;
1465 1235 1484 1267 ι
1517 1212 1867 1283 blasphemia:
1895 1210 1959 1272 ⁸⁸,
1998 1210 2086 1263 in-

519 1330 683 1386 quam
707 1354 721 1376 ,
755 1310 1223 1371 obtrectationes,
1255 1317 1308 1362 et
1356 1307 1403 1361 si
1446 1303 1577 1375 quid
1622 1300 1955 1371 lmjusmodi.
2003 1297 2085 1352 Tu

522 1422 656 1462 vero
685 1403 909 1460 comede
940 1402 1229 1456 medullam
1264 1407 1423 1453 terrae
1450 1398 1503 1451 in
1531 1394 1743 1465 justitia
1776 1393 1821 1424 δ’
1852 1411 1865 1446 :
1891 1409 1909 1442 ι
1941 1390 2088 1456 Quo-

520 1501 663 1552 niam
680 1496 724 1551 si
756 1494 883 1565 quid
914 1492 1231 1563 pulchrum,
1257 1490 1376 1557 ejus
1398 1499 1513 1554 est;
1544 1494 1597 1541 et
1621 1488 1664 1540 si
1690 1484 1820 1554 quid
1851 1485 2084 1545 bonum,

521 1584 767 1656 ejusdem
800 1603 811 1636 :
856 1582 1189 1635 frumentum
1224 1578 1553 1647 juvenibus,
1587 1581 1641 1629 et
1669 1575 1853 1627 vinum
1886 1573 2087 1625 odora-

520 1690 637 1733 tum
673 1674 979 1746 virginibus
1020 1673 1086 1728 '°.
1119 1691 1137 1723 ι
1164 1700 1236 1711 --
1264 1689 1283 1722 ι
1315 1668 1450 1735 Quis
1488 1669 1633 1723 enim
1674 1666 1923 1721 comedet
1944 1707 1961 1727 .
1994 1672 2089 1718 aut

520 1770 647 1840 quis
684 1768 870 1829 bibet,
902 1764 1022 1820 sine
1061 1764 1180 1834 ipso
1211 1763 1251 1793 "
1279 1764 1301 1815 ?
1331 1783 1348 1813 ι
1382 1762 1485 1816 Sed
1524 1768 1577 1815 et
1612 1760 1871 1814 admonet
1906 1767 1958 1813 te
1995 1774 2087 1813 sa-

1409 410 1467 469 S.
1506 405 1899 467 CLEMENTIS
1935 405 1956 462 1
1991 406 2156 463 ROM.
2184 406 2385 464 PONT.
2420 407 2646 464 OPERA
2683 406 2905 466 DUBIA.

3614 410 3745 466 1οη

2717 520 3111 575 ΚΕΦΔΛΑΙΟΝ
3143 519 3228 574 Κ¹.

2189 613 2313 666 Ὀτι
2346 612 2425 679 μὴ
2468 612 2582 681 χρὴ
2616 612 2923 681 φαυλῖζειν
2957 631 3011 666 τι
3042 612 3162 667 τῶν
3203 612 3564 682 προσφόρων
3597 613 3748 682 βρω-

2248 683 2471 753 μάτων,
2502 685 2638 737 cur
2659 684 3028 751 εὐχαρίστως
3048 681 3528 754 μεταλαμϐάνειν
3540 681 3748 739 καίτε-

2252 754 2569 822 ταγμένως.

2256 847 2389 917 Περὶ
2411 846 2468 899 δὲ
2491 846 2795 918 βρωμάτων
2824 845 2970 915 λέγει
3001 864 3086 900 σοι
3114 846 3143 899 ὁ
3174 846 3399 919 Κύριος·
3429 846 3542 900 «Τὰ
3576 846 3751 917 ἀγαθὰ

2184 938 2283 1007 τῆς
2311 939 2414 1009 γῆς
2444 939 2680 1007 φάγεσθε
2703 956 2716 968 ’
2741 958 2759 990 ι
2785 938 2877 991 καί
2897 956 2909 969 ·
2940 941 3084 993 «Πᾶν
3112 940 3279 1011 κρέας
3304 938 3483 991 ἕδεσθε
3509 982 3523 1005 ,
3554 939 3630 1002 ὡς
3657 939 3750 993 λά-

2187 1047 2321 1099 χανα
2358 1030 2537 1100 χλόης·
2575 1031 2635 1083 τὸ
2672 1030 2729 1083 δὲ
2761 1025 2901 1101 αἷμα
2932 1032 3161 1101 ὲκχεείς·
3193 1031 3254 1083 ού
3284 1030 3393 1102 γὰρ
3419 1029 3486 1083 τὰ
3517 1030 3753 1101 εἰσερχὸ-

2190 1138 2324 1191 μενα
2362 1121 2450 1179 εἰς
2485 1122 2546 1172 τὸ
2587 1120 2761 1191 στόμα
2811 1124 2980 1174 κοινοῖ
3026 1120 3118 1174 τὸν
3156 1119 3471 1191 ἄνθρωπον,
3508 1120 3646 1175 ἀλλὰ
3693 1120 3756 1173 τὰ

2183 1210 2618 1282 ἐκπορευόμενα·
2675 1230 2695 1267 ι
2753 1213 2897 1283 λέγω
2949 1214 3048 1285 δὴ,
3100 1213 3474 1285 βλασφημίαι,
3520 1209 3755 1266 καταλα-

2188 1302 2297 1355 λιαὶ
2320 1346 2334 1370 ,
2356 1304 2450 1355 καὶ
2481 1305 2532 1356 εί
2553 1320 2606 1355 τι
2639 1303 2897 1357 τοιοῦτον.
2921 1304 2993 1357 Σὺ
3025 1304 3083 1356 δὲ
3121 1303 3269 1376 φάγῃ
3298 1302 3389 1355 τὸν
3437 1301 3632 1373 μυελὸν
3658 1300 3756 1371 τῆς

2187 1394 2291 1463 γῆς
2322 1392 2458 1463 μετὰ
2483 1393 3007 1466 δικαιοσύνης-«Ὅτι
3034 1395 3087 1447 εί
3108 1412 3163 1447 τι
3193 1394 3385 1459 καλὸν,
3415 1392 3578 1445 αὑτοῦ
3609 1391 3717 1463 (42)
3736 1408 3752 1422 ο

2188 1488 2283 1539 καὶ
2310 1488 2361 1540 εἴ
2385 1504 2439 1538 τι
2466 1487 2698 1554 ἀγαθὸν,
2728 1486 2913 1539 αὑτοῦ·
2958 1490 3100 1549 σῖτος
3128 1486 3452 1549 νεανίσκοις,
3484 1484 3577 1538 καὶ
3620 1480 3757 1548 οἶνος

2188 1579 2495 1642 εὐωδιάζων
2525 1580 2829 1650 παρθένοις·
2852 1580 2937 1642 τίς
2961 1580 3069 1650 γὰρ
3092 1580 3320 1649 φάγεται
3342 1622 3358 1645 ,
3381 1579 3414 1650 ἢ
3438 1579 3519 1641 τίς
3542 1579 3755 1647 πίεται,

2190 1672 2366 1744 παρὲξ
2408 1670 2653 1736 αὐτοῦς»
2687 1673 2948 1743 Παραινεί
2994 1671 3104 1741 (45)
3150 1671 3206 1724 δέ
3257 1688 3339 1725 σοι
3382 1672 3481 1724 καὶ
3523 1672 3552 1723 ὁ
3598 1669 3761 1738 σοφὸς

2194 1768 2430 1839 Ἔσδρας
2450 1809 2465 1833 ,
2496 1766 2686 1834 λέγων·
2725 1785 2742 1817 ι
2762 1764 3063 1837 Πορεύεσθε
3088 1807 3103 1831 ,
3138 1764 3233 1818 καὶ
3262 1764 3464 1833 φάγετε
3485 1762 3761 1833 λιπάσμα-

519 1863 675 1931 piens
704 1859 909 1914 Esdras
930 1896 944 1918 ,
982 1857 1174 1909 dicens
1202 1874 1214 1908 :
1250 1872 1267 1903 ι
1301 1854 1408 1915 Ite,
1439 1861 1493 1908 et
1537 1851 1809 1905 comedite
1853 1852 2084 1919 pingue-

2194 1877 2281 1925 τα,
2314 1860 2409 1911 καὶ
2439 1859 2591 1911 πίετε
2620 1856 2982 1928 γλυκάσματα
3004 1899 3020 1925 ,
3054 1857 3149 1910 καὶ
3183 1857 3260 1928 μὴ
3290 1854 3565 1909 λυπεῖσθε.
3596 1872 3616 1906 ι

519 1953 696 2017 dines,
727 1960 780 2007 et
808 1950 976 2004 bibite
1002 1947 1343 2007 dulcedines,
1370 1956 1421 1999 ct
1447 1946 1615 2000 nolite
1636 1942 1954 1997 contristari
1986 1943 2084 1996 “.s

1102 2035 1331 2092 CAPUT
1370 2034 1513 2088 XXI.

606 2128 760 2197 Quod
792 2136 1026 2197 oporteat
1059 2126 1320 2179 abstinere
1349 2124 1413 2176 ab
1445 2140 1537 2177 esu
1569 2121 2001 2192 idolothytorum.

595 2220 765 2275 Porro
795 2219 865 2274 ab
894 2217 1211 2287 idolothytis
1236 2216 1502 2271 abstinete
1529 2234 1542 2269 ι
1576 2216 1628 2268 in
1660 2214 1919 2268 honorem
1947 2212 2091 2266 enim

522 2316 829 2369 diemonum
882 2310 1165 2364 immolant
1194 2324 1258 2363 ea
1295 2308 1381 2375 ⁵³;
1419 2306 1487 2361 ad
1522 2305 1945 2368 contumeliam,
1985 2305 2094 2359 sci-

524 2408 685 2466 licet,
718 2403 889 2459 solius
919 2400 1013 2458 Dei
1042 2420 1055 2455 :
1094 2408 1152 2454 ut
1184 2417 1292 2455 non
1323 2398 1629 2455 etiiciamini
1663 2398 1957 2471 participes
1986 2396 2094 2451 dae-

524 2512 770 2552 ιιιοιιυω.
1264 2486 1267 2491 Ι

1086 2581 1318 2640 CAPUT
1362 2580 1527 2636 XXII.

526 2683 853 2740 Constitutio
892 2679 1192 2739 Dominica,
1225 2677 1484 2748 quomodo
1524 2684 1760 2744 oporteat
1797 2677 2091 2744 baptizare,

1014 2761 1064 2806 et
1098 2752 1155 2803 in
1187 2750 1337 2817 cujus
1369 2756 1609 2801 mortem.

595 2846 669 2901 De
695 2845 965 2916 baptismo
995 2849 1208 2901 autem,
1239 2840 1497 2910 episcOpe
1528 2844 1619 2891 aut
1648 2837 1953 2909 presbyter,
1982 2837 2092 2906 jam

524 2937 742 3007 quidem
773 2943 933 2992 antea
962 2930 1393 2995 constituimus;
1420 2938 1472 2983 et
1503 2943 1650 2982 nunc
1676 2943 1804 2981 vero
1835 2928 2091 2989 dicimus,

522 3029 669 3101 quod
702 3029 777 3083 ita
811 3026 1150 3098 baptizabis,
1177 3023 1321 3077 sicut
1352 3019 1615 3075 Dominus
1657 3019 1896 3088 injunxit
1934 3020 2094 3074 nobis

522 3120 744 3174 dicens:
778 3136 795 3169 ι
818 3116 1047 3177 Euntes,
1074 3113 1265 3167 docete
1292 3126 1483 3164 omnes
1506 3118 1724 3179 gentes,
1754 3109 2092 3179 baptizantes

2699 2035 3093 2090 ΚΕΦΑΛΑΙΟΝ
3123 2036 3254 2091 KA'.

2197 2130 2323 2182 Ὀτι
2358 2128 2474 2197 χρὴ
2514 2129 2754 2197 φεύγειν
2786 2128 2901 2195 τὴν
2934 2128 3052 2181 τῶν
3080 2128 3484 2181 εἰδωλοθύτων
3508 2125 3763 2196 βρῶσιν.

2278 2221 2409 2273 Ἀπὸ
2445 2221 2501 2273 δὲ
2540 2218 2649 2271 τῶν
2687 2220 3053 2273 εἰδωλοθύτων
3082 2219 3335 2288 φεύγετε·
3368 2219 3461 2271 ἐπὶ
3494 2221 3628 2289 τιμῇ
3659 2219 3770 2288 γὰρ

2192 2312 2461 2383 δαιμόνων
2506 2313 2691 2366 θύουσι
2716 2312 2906 2365 ταῦτα·
2938 2312 3024 2380 ἐφ’
3058 2310 3216 2381 ’ύὸρει
3243 2310 3443 2381 δηλαδὴ
3472 2309 3569 2366 τοῦ
3601 2311 3770 2383 μόνου

2193 2403 2346 2457 Θεοῦ·
2379 2404 2527 2466 ὅπως
2557 2402 2893 2479 μὴχένησθε
2922 2401 3168 2457 κοινωνοὶ
3199 2401 3484 2472 δαιμόνων.

2704 2579 3096 2635 ΚΕΦΑΛΑΙΟΝ
3130 2580 3237 2633 ΚΒ¹

2244 2674 2517 2741 Διάταξις
2548 2673 2843 2742 Κυριακὴ,
2880 2672 3039 2737 ὅπως
3073 2671 3198 2742 (Mi
3220 2669 3336 2739 χρὴ
3364 2669 3681 2735 βαπτίζειν
3702 2711 3722 2736 ,

2553 2737 2651 2798 καί
2682 2747 2769 2809 είς
2799 2737 2904 2796 τὸν
2935 2737 3098 2807 τινος·
3126 2737 3405 2796 admirer.

2264 2837 2400 2907 Περὶ
2431 2837 2486 2889 δὲ
2519 2836 2897 2907 βαπτίσματος
2916 2876 2931 2900 ,
2963 2828 3007 2887 ὧ
3037 2834 3300 2886 ἐπίσκοπε
3330 2833 3362 2904 ἢ
3392 2832 3737 2905 πρεσϐύτερε
3758 2876 3776 2902 ,

2195 2928 2296 2998 ἤδη
2330 2928 2429 2997 μὲν
2459 2928 2555 2979 καὶ
2582 2926 2846 2998 πρότερον
2887 2925 3270 2997 διεταξάμεθα·
3305 2926 3396 2979 καὶ
3423 2925 3517 2979 νῦν
3558 2925 3616 2979 δέ
3664 2944 3773 2994 (pa-

2199 3036 2315 3089 μεν,
2340 3020 2419 3070 ὅτι
2447 3018 2588 3070 οὕτω
2618 3018 2915 3088 βαπτίσεις,
2944 3018 3019 3081 ὡς
3038 3020 3065 3070 ὁ
3087 3017 3290 3089 Κύριος
3315 3016 3592 3081 διετάξατο
3615 3019 3776 3087 ἡμῖν,

2194 3110 2366 3178 λέγων
2386 3128 2398 3139 ·
2428 3130 2445 3160 ι
2475 3109 2837 3181 Πορευθέντες
2869 3110 3241 3181 μαθητεύσατε
3286 3110 3464 3163 πάντα
3506 3108 3576 3163 τὰ
3618 3110 3774 3181 ἔθνη·

521 3228 618 3267 eos
650 3212 706 3266 in
737 3210 958 3265 nomine
987 3206 1166 3261 Patris
1190 3245 1205 3271 ,
1237 3212 1291 3259 et
1320 3204 1475 3266 Filii,
1508 3210 1562 3257 et
1603 3202 1841 3272 Spiritus
1880 3206 2089 3273 sancti;

2198 3202 2545 3273 βαπτίζοντες
2575 3201 2770 3265 αὐτοὺς
2800 3204 2876 3265 είς
2896 3202 2955 3255 τὸ
2982 3202 3150 3273 ὄνομα
3170 3201 3263 3254 τοῦ
3288 3201 3529 3273 Πατρὸς,
3560 3201 3657 3254 καὶ
3678 3199 3776 3254 τοῦ

524 3302 787 3356 docentes
821 3316 916 3355 eos
951 3312 1172 3353 servare
1213 3296 1397 3349 omnia
1439 3310 1781 3364 quaecunque
1838 3295 2092 3349 mandavi

523 3392 681 3445 vobis
711 3390 756 3422 “
784 3408 798 3455 ;
833 3409 851 3465 ε
880 3390 936 3444 ἱη
983 3388 1203 3443 nomine
1244 3385 1426 3440 Patris
1447 3427 1462 3451 ,
1496 3385 1585 3455 qui
1617 3386 1768 3440 misit
1798 3404 1811 3451 ;
1849 3387 2094 3453 Christi,

524 3482 618 3549 qui
649 3480 839 3546 venit;
873 3478 1112 3550 Spirltus
1160 3476 1374 3540 sancti,
1418 3476 1511 3547 qui
1555 3476 1927 3532 testimonium
1970 3494 2096 3549 per-

526 3572 724 3627 hibuit.
788 3570 970 3641 Unges
1000 3577 1180 3625 autem
1232 3569 1387 3639 prius
1435 3568 1555 3623 oleo
1606 3576 1842 3636 sancto;
1893 3569 2093 3625 deinde

524 3661 830 3733 baptizabis
862 3677 1003 3731 aqua
1030 3678 1045 3728 ;
1074 3670 1127 3716 et
1158 3660 1375 3720 tandem
1406 3658 1652 3729 signabis
1680 3668 1957 3733 unguento
1987 3680 2000 3729 ;
2034 3672 2093 3717 ut

525 3758 706 3811 oleum
761 3755 981 3827 quidem
1035 3755 1109 3809 sit
1166 3752 1511 3825 participatio
1571 3752 1811 3824 Spiritus
1868 3756 2093 3821 sancti,

527 3864 668 3918 aqua
699 3862 830 3903 vero
886 3847 1191 3918 symbolum
1244 3847 1473 3911 mortis,
1526 3854 1864 3916 unguentum
1916 3855 2096 3901 autem

526 3940 766 4011 sigillum
805 3938 1142 4009 pactionum.
1185 3935 1341 4003 Quod
1384 3937 1431 3993 si
1478 3952 1655 4008 neque
1697 3937 1874 3990 oleum
1916 3937 2092 4003 adsit,

528 4042 704 4098 neque
732 4033 1067 4097 unguentum
1090 4066 1104 4090 ,
1131 4024 1331 4081 suﬁicit
1359 4042 1499 4095 aqua
1523 4065 1538 4089 ,
1575 4032 1628 4080 et
1651 4025 1717 4079 ad
1750 4027 2096 4091 unctionem,

526 4128 579 4173 et
613 4118 680 4173 ad
714 4118 951 4187 sigillum
974 4157 989 4182 ,
1022 4125 1075 4171 et
1109 4117 1175 4171 ad
1210 4116 1612 4171 confessionem
1645 4117 1928 4172 morientis
1950 4158 1965 4182 ,
2000 4135 2095 4173 seu

527 4211 956 4265 commorientis.
1012 4210 1278 4265 Cancrum
1350 4218 1478 4264 ante
1528 4209 1833 4279 baptisma,
1881 4211 2093 4281 jejunet

2200 3292 2329 3345 Υἱοῦ
2354 3335 2367 3356 ,
2402 3294 2493 3345 καὶ
2522 3292 2617 3344 τοῦ
2648 3293 2804 3360 ἁγίου
2836 3292 3170 3363 Πνεύματος·
3204 3292 3544 3355 διδάσκοντες
3572 3292 3777 3354 αὐτοὺς

2197 3390 2381 3457 τηρεῖν
2416 3385 2593 3439 πάντα
2620 3386 2719 3438 ὅσα
2758 3385 3111 3456 ἐνετειλάμην
3155 3387 3302 3456 ὑμῖν·
3329 3405 3347 3436 ι
3384 3384 3477 3437 τοῦ
3519 3384 3779 3437 ἀποστεί-

2197 3478 2386 3541 λαντος
2416 3478 2647 3550 Πατρός·
2678 3477 2773 3531 τοῦ
2803 3478 3046 3543 ἐλθόντος
3073 3476 3333 3550 Χριστοῦ·
3361 3477 3456 3530 τοῦ
3490 3478 3777 3551 μαρτυρὴ-

2202 3587 2387 3633 σαντος
2410 3571 2788 3643 Παρακλητου.
2814 3573 3039 3643 Χρίσεις
3059 3571 3115 3625 δὲ
3136 3570 3354 3641 πρῶτον
3377 3570 3557 3640 ἐλαίῳ·
3583 3569 3682 3622 ἐπε
3692 3588 3779 3623 ιτα

2200 3664 2477 3734 βαπτίσεις
2493 3663 2667 3728 ὖδατι,
2690 3664 2783 3717 καὶ
2804 3664 2912 3735 (45)
2930 3663 3232 3718 τελευταῖον
3256 3662 3576 3734 σφραγίσεις
3594 3663 3773 3735 μύρῳ·

2198 3757 2284 3808 ἵνα
2311 3756 2372 3809 τὸ
2405 3758 2500 3827 μὲν
2522 3757 2731 3829 χρίσμα
2756 3756 2956 3828 μετοχὴ
3037 3755 3130 3808 τοῦ
3157 3755 3311 3824 ἁγίου
3334 3753 3652 3825 Πνεύματος
3673 3797 3687 3821 ,
3717 3752 3779 3807 τὸ

2196 3848 2252 3900 δὲ
2282 3848 2425 3920 ὕδωρ
2455 3849 2722 3919 σύμϐολον
2750 3849 2842 3901 τοῦ
2875 3849 3102 3903 θανάτου
3122 3891 3135 3915 ,
3164 3848 3226 3901 τὸ
3248 3848 3304 3901 δὲ
3336 3848 3508 3920 μύρον
3537 3846 3777 3918 σφραγὶς

2196 3942 2303 3995 τῶν
2338 3942 2637 4015 συνθηκῶν.
2662 3943 2723 3995 Ei
2750 3941 2806 3994 δὲ
2842 3943 2973 4012 μήτε
2998 3940 3174 3993 ἔλαιον
3196 3936 3259 4014 ᾗ,
3290 3942 3424 4011 μήτε
3452 3940 3645 4011 μύρον,
3677 3940 3777 4009 ἀρ-

2201 4037 2287 4088 κεῖ
2324 4033 2487 4105 ὕδωρ,
2520 4034 2613 4088 καὶ
2649 4033 2787 4105 πρὸς
2815 4034 3028 4104 χρίσιν,
3058 4030 3153 4085 καί
3184 4034 3322 4103 πρὸς
3357 4030 3647 4102 σφραγῖδα,
3681 4030 3776 4082 καὶ

2200 4127 2336 4197 πρὸς
2354 4127 2639 4197 ὁμολογίαν
2658 4126 2750 4179 τοῦ
2771 4126 3151 4189 ἀποθανόντος,
3174 4127 3293 4195 ἢτοι
3315 4123 3616 4193 συναποθνή
3625 4140 3775 4175 σκον-

2197 4234 2307 4281 τος.
2333 4219 2444 4291 Πρὸ
2471 4219 2528 4273 δὲ
2557 4218 2649 4272 τοῦ
2680 4218 3051 4290 βαπτίσματος
3080 4217 3210 4289 (46),
3241 4215 3588 4289 νηστευσάτω
3614 4215 3644 4266 ὁ
3678 4214 3776 4284 βα-

600 4339 708 4417 ‘“_lL
732 4338 1146 4417 Psgudo-lgnat.
1299 4338 1565 4417 ll_eron._l.
1628 4339 1675 4371 "
1699 4338 1801 4417 lsa.
1829 4345 1993 4417 t,gi9.
2065 4348 2111 4379 “
2138 4346 2272 4404 Gen.
2300 4352 2458 4417 tx,3;
2492 4350 2649 4407 Deut.
2683 4368 2775 4413 xv,
2812 4352 2902 4407 25.
2964 4352 3011 4384 "
3038 4351 3324 4412 Mattlmv,
3360 4349 3447 4402 ll.
3519 4347 3563 4378 ⁸⁸
3595 4346 3769 4404 Marc.

530 4410 749 4488 ειτηερ..Δ
802 4407 1259 4488 "uenimus.
1334 4407 1802 4475 “Zuch.IX,i7.
1878 4407 2407 4485 "Eccle.n,25,in
2435 4407 2597 4477 Lxx.
2676 4407 2782 4477 "ll
2811 4424 3219 4488 Esdr.vnt,10.
3296 4407 3552 4474 "lCor.
3590 4420 3769 4485 1,20.

529 4480 575 4511 ⁸·
603 4480 791 4535 Matth.
817 4497 1011 4538 ιιι-ιιι.
1040 4482 1125 4535 19.

1872 4570 2234 4631 VARIORUM
2273 4577 2501 4634 NOTAE.

603 4704 714 4775 (υἱ)
754 4704 829 4759 ΕΖ
859 4722 911 4757 τι
941 4704 1151 4770 καλὸν,
1184 4705 1391 4760 αὑτοῦ.
1438 4705 1666 4775 Corrige
1709 4721 1775 4759 cx
1813 4714 1923 4759 vel.
1971 4708 2091 4765 cod.
2132 4715 2173 4768 ι)

534 4777 824 4831 Maximum
866 4774 931 4828 ad
976 4783 1139 4844 caput
1180 4775 1217 4831 9.
1258 4776 1378 4830 libri
1424 4776 1497 4829 De
1525 4774 1714 4830 divinis
1745 4778 2086 4832 nominibus:

532 4848 621 4901 tibi
656 4845 847 4915 vitiose
880 4845 993 4896 ἐστί
1016 4846 1228 4915 editum
1260 4854 1381 4908 est,
1412 4862 1512 4915 pro
1536 4847 1588 4900 εί
1615 4863 1687 4899 τι.
1718 4845 1856 4902 Cor.

603 4914 715 4986 (4'5)
753 4914 1050 4989 Παραινεῖ.
1093 4915 1219 4989 Hzec
1261 4914 1475 4989 νος-γει
1503 4931 1657 4989 seqq.
1706 4917 1774 4971 ad
1804 4916 1967 4972 linem
1997 4933 2090 4972 ca-

532 4986 906 5059 pitisomissaa
936 4996 1065 5059 sunt
1092 4987 1148 5040 in
1180 4985 1304 5059 cod.
1343 4985 1577 5041 Vindob.
1605 4985 1773 5059 CLen.

603 5056 971 5129 (M)_"'Q:z_wc.
1005 5056 1145 5129 Ante
1194 5056 1353 5129 hanc
1384 5072 1570 5129 vocem
1618 5065 1703 5111 est
1732 5058 1807 5129 _in
1854 5065 2089 5128 utroque

530 5123 653 5184 cod.
689 5125 995 5180 Vindobon.
1015 5126 1123 5179 τῶν
1154 5128 1281 5196 περ).
1309 5127 1370 5179 τὸ
1398 5126 1699 5196 βάπτισμα.
1731 5123 1805 5196 ΙΙ).

602 5198 713 5267 (45)
754 5198 884 5251 Καί.
917 5197 1025 5267 Καὶ
1050 5196 1110 5249 τό
1141 5197 1195 5250 in
1229 5195 1547 5251 Vind.’cod.
1580 5195 1744 5251 recte.
1776 5195 1854 5253 lo.

602 5266 869 5340 (46)“IIpb
909 5266 977 5319 δὲ
1010 5267 1116 5340 τοῦ
1149 5268 1567 5336 βαπτίσματος
1588 5306 1603 5330 ,
1639 5269 2027 5340 νηστευεςιὶτω
2062 5273 2094 5323 ό

524 5336 969 5408 βαπτιζόμενος.
996 5336 1389 5408 Antiquissima
1415 5338 1752 5393 consuetudo
1773 5378 1786 5398 ,
1821 5353 1848 5390 a
1879 5337 2096 5392 Justino

531 5418 767 5480 martyre
795 5416 848 5480 et
873 5406 1213 5480 Tertulliano
1232 5449 1246 5473 ,
1284 5408 1519 5480 indeque
1549 5424 1580 5480 ar
1609 5408 1857 5480 pluribus
1889 5425 2090 5463 memo-

527 5491 646 5533 rata
674 5479 688 5545 ς
713 5479 804 5549 qui
832 5480 882 5533 ei
912 5485 1035 5531 ante
1062 5479 1389 5549 baptismum
1413 5479 1623 5549 jejunio
1644 5479 1925 5547 assignant
1952 5480 2096 5533 diem

529 5551 612 5602 Vel
645 5548 880 5602 triduum
906 5588 919 5607 .
954 5564 1115 5601 unam
1138 5548 1227 5603 vel
1256 5550 1392 5603 duas
1424 5548 1825 5609 hebdomadas,
1861 5555 2097 5617 quadra-

529 5620 679 5688 ginta
709 5627 801 5672 aut
847 5620 1030 5687 plures
1071 5618 1229 5684 dies;
1278 5636 1375 5688 pro
1418 5619 1743 5688 prudentia,
1795 5620 2087 5683 videlicet,

494 5720 503 5727 ι
532 5690 922 5757 baptizantium
953 5704 1015 5740 ac
1041 5688 1143 5742 ﬁde
1173 5690 1622 5757 baptizandorum
1648 5728 1663 5751 ,
1693 5698 1746 5740 et
1791 5691 2088 5743 secundant

532 5759 712 5812 varios
740 5773 893 5812 usus.
930 5757 1006 5810 Eo
1050 5760 1274 5827 trainint
1326 5760 1609 5827 multijnga
1640 5758 1950 5813 eruditione
1991 5775 2083 5814 ce-

534 5828 708 5881 lebres
739 5828 841 5879 viri
873 5842 1063 5881 versus
1095 5826 1387 5880 Paschales
1416 5828 1681 5883 Ausonii:

687 5896 883 5951 Sancta
915 5897 1178 5964 salutiferi
1208 5896 1420 5950 redeunt
1451 5898 1705 5953 solemnia
1734 5896 1970 5966 Christi,

2344 4713 2409 4790 Et
2436 4720 2622 4770 devota
2651 4719 2725 4786 pii
2756 4719 3019 4790 celebrant
3049 4719 3247 4787 iejunia
3277 4730 3481 4790 mystw.

2336 4787 2404 4858 ᾼι
2433 4803 2547 4850 nos,
2581 4798 2833 4842 wternum
2865 4788 3157 4844 cohibentes
3189 4787 3392 4852 pectore
3423 4791 3623 4846 cultum
3642 4833 3658 4858 ,

2199 4924 2208 4933 _
2338 4854 2779 4933 intemeratarum
2806 4861 2908 4914 vim
2937 4861 3306 4933 continuantus
3329 4862 3623 4928 honorum;

2195 4926 2248 4978 in
2284 4926 2484 4993 quibus
2519 4938 2853 5000 perimystas
2885 4931 3194 5000 intelligunt
3221 4926 3677 4997 catechumcnOS,
3713 4943 3769 4990 et

2196 5012 2288 5048 nos
2334 5004 2454 5063 post
2499 4999 2821 5071 particulam
2865 4999 3259 5071 adversativam
3286 5040 3299 5064 ,
3343 5002 3634 5071 inquiunt,
3666 5016 3721 5057 at
3748 5047 3761 5068 ,

2195 5075 2476 5133 espmnnt
2503 5067 2570 5121 de
2598 5068 2907 5133 baptizatis.
2951 5070 3124 5134 Quam
3169 5087 3293 5125 vere
3338 5067 3483 5133 huic,
3531 5067 3769 5128 alierum

2206 5147 2315 5211 esto
2342 5136 2630 5211 judicium.
2676 5139 2834 5194 Certe
2875 5156 2999 5193 cum
3045 5139 3309 5196 Paschale
3343 5143 3611 5211 jejunium
3655 5161 3765 5199 non

2197 5206 2331 5259 ουιὶδ
2366 5209 2656 5261 conveniat
2682 5211 3123 5271 catechumenis,
3153 5227 3253 5264 nec
3286 5206 3418 5267 solis
3463 5215 3767 5270 sacerdoti-

2197 5276 2300 5330 bus
2327 5284 2420 5329 aut
2446 5278 2663 5333 clericis
2685 5280 2829 5353 ,__sed
2862 5281 2927 5353 ad
2957 5290 3189 5334 cunctos
3218 5283 3403 5337 ﬁdeles
3437 5286 3716 5353 pertineat
3744 5302 3757 5347 ;

2195 5361 2319 5426 cum
2348 5356 2535 5426 mystae
2557 5349 2816 5426 appellari
2841 5352 3187 5426 soleanttum
3212 5353 3305 5420 qui
3327 5349 3629 5416 initiantur,
3647 5363 3761 5426 tum

2198 5416 2436 5490 initiati,
2482 5416 2997 5490 tuin—initiatores,
3057 5422 3159 5476 hoc
3206 5416 3292 5477 est
3345 5425 3763 5490 catechumeni,

2197 5486 2527 5565 Christiani,
2557 5497 2611 5565 et
2642 5491 2827 5545 clerici
2854 5508 2870 5557 ;
2901 5506 3137 5565 cumque
3169 5502 3224 5545 at
3252 5508 3363 5547 non
3405 5510 3617 5565 semper
3658 5510 3732 5563 op

2197 5566 2399 5637 ponat,
2433 5559 2706 5637 interdum
2740 5577 2868 5614 vero
2883 5559 3155 5637 _aﬁirniet,
3186 5566 3438 5633 explanet
3459 5604 3473 5625 ,
3506 5559 3761 5635 copulet.

2196 5629 2806 5704 continuetkidemque
2851 5633 2923 5686 sit
2965 5649 3027 5684 ac
3077 5629 3290 5699 verum',
3340 5645 3526 5704 atque,
3573 5629 3763 5703 atqui;

2196 5698 2493 5753 verisimile
2524 5700 2615 5763 ﬁt,
2648 5698 2885 5769 quatuor
2922 5704 3116 5757 allatos
3162 5698 3352 5759 versus
3398 5698 3465 5759 de
3507 5698 3764 5759 ﬁdelibus

2198 5769 2470 5841 universis
2516 5772 2689 5841 accipi
2735 5772 2971 5833 debere,
3018 5776 3330 5831 nullatenus
3382 5775 3449 5830 de
3498 5775 3764 5830 catechu-

2197 5839 2408 5907 mcnis,
2441 5857 2539 5897 nec
2569 5839 2907 5900 dte—clericis.
2949 5844 3090 5900 Cor.
