4062 6258
502 376 637 433 10B

1342 378 1398 435 S.
1432 374 1821 434 CLEMENTIS
1857 374 1878 429 ι
1917 371 2083 429 ROM.
2118 371 2318 429 PONT.
2352 371 2579 445 OPERA
2612 371 2837 430 DUBIA.

3578 374 3724 432 1016

496 496 626 559 diit,
672 512 797 554 cum
835 496 1004 557 ludas
1046 498 1276 570 pecunia
1316 496 1678 567 proditionem
1714 501 1863 550 esset
1900 491 2061 564 polli-

2176 491 2344 547 Ἰούδα
2369 492 2643 565 χρήμασιν
2668 488 3140 563 ἐπαγγειλαμένου
3162 489 3267 561 τὴν
3291 487 3599 561 προδοσίανο
3630 492 3734 563 τὴν

494 590 677 642 citus:
725 586 1025 645 Parasceve
1070 602 1253 644 autem
1282 628 1299 654 ,
1359 588 1487 659 quia
1536 601 1604 641 eo
1654 584 1742 639 die
1793 583 2060 638 Dominus

493 688 724 734 mortem
754 681 934 736 crucis
963 695 1160 751 passus
1199 690 1317 745 est,
1349 680 1453 736 sub
1496 678 1691 733 Pontio
1728 676 1926 731 Pilato.
1960 675 2059 730 At-

494 772 588 841 qui
618 770 913 824 Sabbatum
946 781 1000 826 et
1032 770 1369 826 Dominicam
1395 811 1411 835 ,
1444 772 1615 826 festos
1660 769 1780 823 dies
1822 768 2057 823 habete:

493 863 622 933 quia
654 863 787 917 illud
818 863 1034 933 quidem
1075 863 1383 920 Creationis
1424 862 1732 918 recordatio
1775 869 1899 928 est;
1947 860 2061 915 hate

493 967 659 1016 vero,
706 951 1163 1010 Resurrectionis.
1213 951 1394 1008 Unum
1433 968 1564 1008 vero
1618 953 1883 1007 duntaxat
1923 950 2052 1006 Sab-

494 1044 681 1099 batum
722 1044 879 1100 vobis
903 1045 1304 1102 observandum
1334 1053 1420 1102 est
1445 1047 1500 1101 in
1544 1054 1659 1103 toto
1698 1061 1881 1110 anno;
1924 1044 2058 1100 illud

493 1150 603 1205 quo
633 1134 899 1192 Dominus
930 1137 1177 1207 sepultus
1222 1136 1364 1206 fuit;
1404 1152 1514 1208 quo
1552 1136 1799 1205 jejunare
1838 1137 2057 1200 decuit,

492 1243 603 1283 non
646 1236 826 1282 autem
869 1226 1069 1282 festum
1113 1243 1312 1299 agere:
1358 1218 1604 1299 quandiu
1646 1228 1792 1283 enim
1832 1228 2060 1283 Creator

492 1319 596 1375 sub
624 1326 768 1374 terra
796 1318 975 1390 degit,
1005 1320 1127 1390 plus
1155 1320 1298 1375 valet
1327 1319 1506 1375 luctus
1535 1319 1603 1375 de
1631 1334 1697 1374 eo
1727 1327 2015 1389 susceptus
2042 1362 2057 1385 ,

492 1428 655 1483 quam
691 1412 874 1467 laetitia
901 1412 969 1467 de
998 1412 1277 1468 creatione
1301 1432 1314 1468 :
1345 1412 1606 1482 quoniam
1651 1412 1882 1469 Creator
1904 1390 2069 1470 orca:

492 1505 633 1561 turis
665 1505 782 1561 suis
808 1512 1003 1561 natura
1032 1520 1097 1559 ac
1124 1504 1389 1576 dignitate
1417 1512 1661 1575 praestat.

1041 1617 1269 1679 CAPUT
1306 1617 1495 1676 XXIV.

494 1713 688 1780 Quales
721 1728 833 1768 esse
862 1720 1099 1782 oporteat
1140 1728 1227 1765 eos
1256 1712 1347 1794 qui
1377 1720 1531 1765 orant
1562 1728 1596 1765 a
1633 1710 1860 1767 Domino
1888 1711 2059 1766 tradi-

1051 1793 1161 1837 tam
1190 1792 1497 1838 orationem.

560 1877 697 1933 Cum
739 1883 919 1931 autem
948 1864 1274 1940 oraveritis,
1316 1890 1386 1930 ne
1438 1874 1560 1930 sitis
1597 1874 2058 1944 quemadmodum

490 1970 822 2041 hypocritae;
871 1968 990 2032 sed,
1032 1968 1175 2025 sicut
1206 1967 1465 2024 Dominus
1496 1966 1653 2023 nobis
1683 1966 1737 2021 in
1768 1966 2061 2039 Evangelio

491 2063 769 2133 praecepit,
800 2062 877 2117 ita
911 2068 1063 2115 orate
1092 2079 1105 2115 :
1142 2077 1161 2112 ι
1194 2058 1355 2114 Pater
1375 2066 1563 2114 noster
1583 2058 1675 2129 qui
1700 2074 1761 2114 es
1795 2059 1848 2114 in
1876 2060 2055 2128 caelis,

494 2153 864 2208 sanctiﬁcetur
895 2168 1094 2207 nomen
1125 2160 1313 2218 tuum;
1342 2150 1593 2205 adveniat
1618 2166 1844 2221 regnum
1869 2159 2058 2216 tuum;

494 2246 589 2301 tiat
619 2246 869 2301 voluntas
904 2253 1016 2306 tua,
1054 2244 1197 2299 sicut
1221 2244 1275 2298 in
1304 2245 1464 2308 coelo,
1488 2252 1541 2298 et
1565 2245 1619 2299 in
1643 2252 1789 2300 terra
1817 2263 1831 2299 :
1865 2260 2059 2315 panem

493 2346 744 2394 nostrum
779 2335 1156 2407 quotidianum
1190 2333 1260 2389 da
1307 2335 1467 2390 nobis
1498 2335 1701 2391 hodie:
1745 2346 1799 2391 et
1847 2336 2061 2394 dimitte

495 2430 653 2485 nobis
680 2428 861 2483 debita
892 2436 1082 2482 nostra
1101 2468 1115 2491 ,
1144 2429 1289 2484 sicut
1325 2436 1381 2483 et
1412 2444 1512 2484 nos
1552 2428 1881 2486 dimittimus
1905 2429 2063 2485 debi-

494 2524 708 2577 toribus
730 2521 936 2577 nostris
962 2540 976 2576 :
1010 2528 1065 2575 et
1091 2536 1159 2575 ne
1188 2536 1290 2576 nos
1315 2520 1547 2577 inducas
1578 2521 1634 2577 in
1667 2523 2057 2591 tentationem;

496 2614 593 2669 sed
618 2614 788 2667 libera
818 2627 921 2666 nos
962 2627 993 2666 a
1042 2613 1219 2679 malo;
1248 2612 1377 2682 quia
1410 2621 1563 2668 tuum
1599 2620 1684 2669 est
1712 2629 1934 2686 regnum
1957 2656 1971 2679 ,
2002 2616 2058 2673 in

498 2707 716 2762 saacula.
740 2709 911 2760 Amen
935 2704 1001 2758 “.
1034 2724 1053 2757 ι
1088 2703 1132 2735 ⁸⁸
1163 2703 1270 2760 Ter
1298 2705 1352 2760 in
1382 2704 1471 2763 die
1499 2706 1581 2761 sic
1614 2714 1767 2762 orate
1792 2726 1807 2763 :
1838 2715 1894 2764 et
1921 2723 2061 2779 prte-

495 2816 683 2880 parate
721 2820 836 2871 vos,
861 2811 919 2857 ut
942 2802 1064 2857 sitis
1092 2800 1239 2873 digni
1266 2796 1557 2869 adeptione
1575 2796 1789 2865 Patris;
1824 2811 1913 2863 ne,
1935 2810 2060 2852 cum

496 2912 622 2953 eum
645 2896 862 2966 indigne
888 2893 1104 2949 Patrem
1132 2892 1492 2962 appellabitis,
1513 2892 1769 2962 probrum
1800 2890 1869 2947 ab
1894 2905 1961 2945 eo
1984 2904 2066 2944 re-

498 2987 726 3055 feratis;
760 2988 903 3042 sicut
931 2995 987 3041 et
1021 2984 1206 3047 Israel,
1242 2986 1333 3056 qui
1360 2986 1491 3039 olim
1525 2992 1643 3038 erat
1673 2981 2065 3055 primogenitus

497 3081 666 3147 illius,
702 3080 949 3135 audivit:
979 3096 997 3129 ι
1034 3076 1090 3133 Si
1116 3089 1265 3148 pater
1302 3093 1403 3146 ego
1436 3092 1557 3133 sum
1583 3114 1599 3139 .
1634 3076 1725 3134 ubi
1758 3084 1841 3130 est
1890 3075 2066 3129 honor

2160 584 2218 638 δὲ
2255 585 2638 657 παρασκευὴν,
2687 586 2768 640 ὅτι
2796 583 2993 638 ἔπαθεν
3018 583 3047 637 ὁ
3074 583 3279 655 Κύριος
3306 584 3363 637 ὲν
3393 582 3529 654 αὐτῇ
3560 582 3734 649 πάθος

2160 678 2221 732 τὸ
2246 678 2333 732 διὰ
2361 678 2594 750 σταυροῦ
2614 719 2629 744 ,
2661 676 2766 730 ὑπὸ
2796 675 3020 730 Ποντίου
3048 675 3303 730 Πιλάτου.
3335 674 3409 729 Τὸ
3455 676 3735 732 Σάδδατον

2161 771 2344 841 μέντοι
2382 771 2479 824 καὶ
2514 770 2613 842 τὴν
2646 769 2932 840 Κυριακὴν
2970 766 3287 840 ὲορτάζετε,
3328 768 3410 821 ὅτι
3438 767 3500 821 τὸ
3536 767 3635 839 μὲν
3662 769 3731 836 ⁸³,

2158 864 2518 936 δημιουργίας
2544 864 2689 916 ἐστὶν
2720 861 3039 934 ὑπόμνημα,
3064 863 3097 932 ἡ
3119 861 3179 915 δὲ
3204 861 3337 933 (52),
3359 862 3731 926 ἀναστάσεωςο

2159 955 2219 1010 ἓν
2244 956 2301 1010 δὲ
2344 957 2504 1027 μόνον
2530 954 2806 1010 Σάϐϐατω
2844 955 2973 1026 ὑμῖν
3011 953 3310 1025 φυλακτέον
3342 953 3388 987 ⁸⁸
3415 956 3474 1009 ὲν
3512 954 3620 1025 ὅλῳ
3653 955 3735 1026 τῷ

2159 1047 2420 1119 ἐνιαυτῷ,
2458 1046 2519 1101 τὸ
2552 1047 2655 1117 τῆς
2678 1046 2774 1100 τοῦ
2802 1046 3010 1117 Κυρίου
3054 1044 3236 1116 ταφῆς
3276 1044 3420 1117 (55),
3464 1045 3601 1118 ὅπερ
3641 1064 3735 1118 νη-

2162 1138 2370 1193 στεύειν
2400 1138 2675 1209 προσῆκεν
2694 1178 2709 1204 ,
2741 1137 2855 1191 ἀλλ’
2884 1137 2981 1207 οὐχ
3010 1134 3305 1209 ἑορτάξειν·
3337 1137 3395 1191 έν
3435 1137 3545 1207 ὅσῳ
3569 1136 3678 1208 γὰρ
3705 1139 3735 1191 ὁ

2159 1230 2499 1302 Δημιουργὸς
2528 1230 2632 1283 ὑπὸ
2658 1230 2764 1300 γῆν
2788 1229 3048 1299 τυγχάνει
3071 1270 3086 1295 ,
3134 1227 3478 1300 ἰσχυρότερον
3519 1228 3580 1281 τὸ
3608 1229 3736 1299 περὶ

2159 1322 2324 1377 αὐτοῦ
2352 1321 2577 1389 πένθος,
2606 1322 2708 1393 τῆς
2733 1321 2874 1375 κατὰ
2906 1322 3004 1392 τὴν
3037 1320 3396 1393 δημιουργίαν
3429 1322 3621 1392 χαρᾶς
3652 1321 3735 1373 ὅτι

2158 1416 2187 1468 ὁ
2211 1414 2552 1487 Δημιουργὺς
2578 1414 2686 1468 τῶν
2718 1413 2913 1468 ἑαυτοῦ
2941 1411 3443 1487 δημιουργημάτων
3472 1411 3632 1483 φύσει
3672 1429 3732 1464 τε

2159 1510 2253 1563 καὶ
2278 1508 2408 1582 ἀξίᾳ
2432 1506 2775 1581 τιμιώτερος.

2668 1618 3062 1678 ΚΕΦΑΛΑῙΟΝ
3098 1618 3224 1673 KA'.

2162 1714 2337 1782 Οἴους
2364 1714 2516 1768 εἷναι
2562 1711 2677 1782 χρὴ
2721 1712 2863 1782 τοὺς
2892 1709 3426 1782 προσευχομένου(
3458 1707 3574 1777 τὴν
3614 1708 3732 1765 ὑπὸ

2416 1782 2524 1837 τοῦ
2552 1778 2776 1851 Ῐῖυρίου
2810 1778 3093 1835 δοθεῖσαν
3118 1778 3488 1863 προσευχήν.

2236 1878 2402 1932 Ὅταν
2435 1877 2494 1931 δὲ
2530 1875 2923 1948 προσεύχησθε,
2949 1873 3022 1945 μὴ
3052 1872 3265 1942 γίνεσθε
3302 1872 3380 1935 ὼς
3418 1872 3470 1925 οἱ
3510 1872 3737 1943 ὑποκρι-

2162 1969 2288 2023 ταί·
2322 1970 2437 2024 ἀλλ’
2465 1969 2542 2033 ὡς
2564 1971 2593 2022 ὁ
2613 1968 2817 2039 Κύριος
2841 1970 2974 2038 ἡμῖν
3001 1968 3057 2019 ὲν
3090 1964 3168 2036 τῷ
3200 1964 3520 2035 Εὑαγγελίῳ
3552 1963 3734 2018 διετά-

2166 2062 2322 2130 ξατο,
2362 2061 2504 2116 οὕτω
2547 2059 2933 2132 προσεύχεσθε*
2978 2079 2996 2110 ι
3038 2060 3220 2131 Πάτερ
3263 2057 3443 2129 ἡμῶν,
3467 2059 3495 2111 ό
3534 2060 3592 2111 ὲν
3623 2060 3736 2122 τοῖς

2161 2154 2429 2226 οὐρανοῖς,
2460 2153 2774 2224 ἁγιασθήτω
2808 2152 2870 2206 τὸ
2900 2151 3073 2223 ὄνομά
3102 2167 3223 2204 σουο
3273 2149 3474 2204 ἐλθέτω
3502 2154 3535 2221 ὴ
3585 2149 3738 2220 βασι-

2162 2246 2282 2300 λεία
2314 2261 2426 2299 σουο
2470 2245 2757 2316 γενηθήτω
2798 2242 2860 2297 τὸ
2889 2242 3100 2314 θέλημά
3142 2259 3234 2295 σου
3258 2284 3272 2309 ,
3300 2243 3377 2305 ὼς
3406 2243 3463 2295 ὲν
3500 2242 3734 2315 οὐρανῷ,

2162 2338 2257 2392 καὶ
2285 2337 2379 2391 ἐπὶ
2406 2337 2506 2409 τῆς
2541 2336 2665 2407 γῆς’
2714 2336 2806 2389 τὸν
2844 2336 3007 2407 ἄρτον
3032 2334 3191 2407 ἡμῶν
3225 2334 3316 2388 τὸν
3344 2333 3620 2387 ἐπιούσιον
3648 2335 3738 2402 δὸς

2159 2432 2292 2501 ἡμῖν
2321 2432 2576 2502 σήμερον’
2628 2429 2722 2482 καὶ
2753 2429 2887 2498 ἄφες
2910 2429 3042 2499 ἡμῖν
3078 2427 3147 2481 τὰ
3181 2427 3524 2498 ὀφειλήματα
3552 2429 3585 2497 ἡ
3595 2426 3734 2496 μῶν,

2159 2523 2239 2587 ὼς
2270 2524 2363 2577 καὶ
2388 2525 2550 2595 ἡμεῖς
2593 2521 2823 2593 ἀφίεμεν
2844 2524 2958 2585 τοῖς
2987 2520 3292 2591 ὀφειλέταις
3310 2520 3499 2601 sum
3532 2519 3627 2573 καὶ
3662 2518 3737 2593 μὴ

2161 2615 2479 2688 εἰσενέγκῃς
2532 2617 2682 2686 ἡμᾶς
2720 2615 2801 2677 εἰς
2845 2612 3181 2685 πειρασμὸν,
3214 2611 3349 2666 ἀλλὰ
3396 2612 3557 2684 ῥῦσαι
3589 2612 3738 2682 ἡμᾶς

2159 2706 2269 2762 ἀπὸ
2295 2707 2390 2762 τοῦ
2422 2705 2679 2779 πονηροῦ
2711 2706 2793 2758 ὅτι
2827 2704 2919 2760 σοῦ
2950 2706 3096 2758 ἐστιν
3125 2707 3158 2775 ἡ
3192 2703 3439 2772 βασιλεία
3463 2744 3477 2767 ,
3510 2706 3589 2768 εἰς
3612 2706 3738 2767 τοὺς

2161 2800 2383 2865 αἰῶνας.
2428 2800 2621 2872 Ἀμήν.
2648 2817 2667 2851 ι
2694 2799 2829 2871 Τρὶς
2855 2799 2954 2868 τῆς
2995 2798 3208 2871 ἡμέρας
3245 2797 3356 2869 (54)
3388 2796 3531 2850 οὕτω
3563 2812 3737 2869 προσι

2161 2893 2385 2965 εύχεσθε
2411 2936 2426 2960 ,
2477 2892 3096 2966 προπαρασκευάζοντες
3143 2891 3369 2954 ἑαυτοὺς
3412 2888 3595 2954 ἀξίους
3636 2890 3739 2959 τῆς
3784 2918 3789 2925 ·

2162 2986 2430 3049 υἱοθεσίας
2473 2985 2567 3039 τοῦ
2606 2984 2835 3056 Πατρὸς,
2871 2986 2959 3038 ἵνα
3008 2982 3082 3055 μὴ
3111 2982 3342 3047 ἀναξίως
3382 2982 3535 3053 ὑμῶν
3576 2982 3737 3035 αὐτὸν

2162 3077 2386 3150 Πατέρα
2415 3076 2756 3143 καλούντων,
2799 3075 3131 3144 ὀνειδισθῆτε
3175 3076 3265 3128 ὑπ’
3295 3074 3480 3128 αὐτοῦ·
3528 3074 3603 3137 ὼς
3644 3073 3737 3127 καὶ

496 3170 694 3226 meus?
725 3179 780 3224 et
818 3170 867 3224 si
904 3168 1163 3223 dominus
1196 3182 1317 3222 sum
1343 3208 1358 3233 ,
1388 3167 1478 3221 ubi
1509 3175 1593 3221 est
1630 3166 1790 3220 timor
1810 3164 2009 3222 meus?
2034 3182 2057 3219 ο

2168 3172 2191 3225 δ
2221 3169 2437 3242 Ἰσραὴλ
2460 3169 2620 3223 ὁπότε
2641 3168 2983 3242 πρωτότοκος
3010 3167 3123 3230 υἱὸς
3144 3168 3396 3238 ἤκουσεν,
3427 3166 3509 3219 ὅτι
3534 3165 3598 3195 ⁶⁷’
3628 3185 3646 3217 ι
3672 3166 3737 3219 Εἰ

494 3260 540 3291 ⁶⁸
560 3255 745 3310 Honor
773 3256 917 3311 enim
938 3264 1153 3326 patrum
1175 3263 1259 3312 est.
1303 3257 1567 3314 sanctitas
1595 3257 1861 3326 ﬁliorum;
1882 3272 1936 3317 et
1957 3262 2059 3319 ho-

499 3363 601 3402 nor
638 3348 928 3411 herorum,
964 3347 1289 3404 famulorum
1334 3358 1513 3405 metus
1544 3369 1557 3406 :
1603 3353 2058 3421 quemadmodum

500 3440 688 3508 utique
716 3438 861 3509 quod
903 3440 1240 3495 contrarium
1271 3449 1391 3506 est,
1418 3441 1697 3513 despectio
1752 3452 1806 3499 et
1849 3446 2059 3517 imperii

499 3531 732 3601 objectio
770 3539 1045 3586 censetur.
1081 3550 1098 3583 ε
1130 3530 1359 3604 Propter
1396 3548 1492 3590 vos
1530 3536 1697 3598 enim,
1730 3536 1925 3608 inquit,
1958 3556 2058 3595 no-

500 3640 623 3679 men
649 3638 827 3678 meum
865 3624 1277 3694 blasphematur
1307 3625 1361 3682 in
1389 3628 1642 3699 gentibus
1662 3628 1726 3684 ⁶⁹.
1752 3650 1770 3682 ι

1058 3801 1288 3859 CAPUT
1333 3802 1499 3860 XXV.

813 3893 1122 3952 Gratiarum
1153 3897 1292 3952 actio
1320 3900 1749 3954 sacramentum.

573 3988 623 4021 '°
646 3987 831 4045 Estote
861 3996 1044 4045 autem
1090 4005 1305 4061 semper
1341 3989 1406 4045 ad
1457 3992 1659 4061 gratias
1689 3994 1925 4065 agendas
1978 3996 2064 4051 in-

502 4080 634 4138 tenti
656 4122 671 4147 ,
703 4090 764 4136 ut
812 4081 998 4138 ﬁdeles
1046 4092 1101 4139 et
1146 4085 1286 4154 grati
1330 4085 1474 4140 servi
1506 4103 1522 4140 :
1554 4095 1609 4141 et
1633 4086 1702 4141 de
1728 4089 2062 4145 eucharistia

500 4176 716 4246 quidem
746 4176 821 4232 ita
837 4176 1028 4233 dicite:
1047 4175 1264 4234 Gratias
1292 4178 1507 4249 agimus
1542 4177 1826 4247 tibi,Pater
1854 4192 2062 4251 noster,

2163 3265 2344 3337 πατήρ
2366 3265 2482 3335 εἰμι
2507 3262 2639 3332 ἐγὼ,
2665 3261 2768 3316 ποῦ
2799 3264 2945 3315 ἐστιν
2966 3264 2997 3332 ἡ
3022 3260 3147 3325 δόξα
3178 3276 3305 3331 μου;
3339 3258 3435 3312 καὶ
3464 3261 3513 3312 εί
3551 3258 3737 3330 κύριός

2166 3361 2309 3430 εἰμι,
2341 3356 2445 3409 ποῦ
2482 3355 2627 3410 ἔστιν
2668 3356 2702 3407 ὀ
2733 3353 2895 3424 φόϐος
2927 3369 3058 3425 μου;
3090 3372 3107 3403 ι
3140 3351 3267 3416 δόξα
3313 3350 3422 3423 γὰρ
3454 3350 3734 3422 πατέρων,

2164 3434 2634 3520 ὁσιότηςᾟταίδων,
2665 3447 2758 3499 καὶ
2785 3443 2921 3516 τιμὴ
2954 3443 3248 3509 δεσποτῶν,
3279 3442 3505 3496 οἰκετῶν
3536 3443 3694 3513 φόϐος
3715 3459 3733 3475 ο

2166 3536 2461 3612 ὦσπεροῦν
2483 3539 2545 3592 τὸ
2573 3536 2810 3592 ἐναντίον
2840 3534 3025 3600 ἀδοξία
3044 3536 3137 3589 καὶ
3162 3534 3413 3607 ἀναρχία.
3442 3553 3460 3585 ι
3495 3536 3570 3587 Δι’
3595 3535 3738 3606 ὑμᾶς

2166 3631 2296 3705 γὰρ,
2328 3633 2460 3703 φησὶ
2494 3630 2630 3702 (55),
2661 3629 2722 3683 τὸ
2752 3628 2925 3700 ὄνομά
2971 3645 3073 3700 μου
3106 3626 3507 3700 βλασφημεῖται
3537 3626 3596 3681 ἐν
3623 3629 3737 3691 τοῖς

2164 3724 2360 3778 ἔθνεσι.
2402 3742 2421 3775 ι

2293 3804 2297 3813 λ
2671 3811 3064 3867 ΚΕΦᾹΛΑΙΟΝ
3097 3812 3225 3866 ΚΕ’.

2578 3908 2664 3963 Εὐ
2669 3905 2904 3976 χαριστί
2906 3920 2944 3958 α
2964 3902 3229 3973 μυστική
3261 3903 3395 3975 (56).

2233 4000 2456 4057 Γίνεσθε
2486 4000 2543 4056 δὲ
2571 3999 2805 4053 πάντοτε
2835 3996 3167 4069 εὐχάριστοι,
3204 3997 3281 4062 ὡς
3315 3997 3499 4052 πιστοὶ⁵
3527 3998 3622 4053 καὶ
3646 3997 3737 4052 εὐ-

2168 4094 2446 4168 γνώμονες
2492 4092 2689 4147 δοῦλοι·
2738 4090 2869 4162 περὶ
2915 4090 3013 4161 μὲν
3056 4090 3156 4162 τῆς
3197 4090 3544 4163 εὐχαριστίας
3594 4088 3737 4145 οὕτω

2168 4188 2435 4259 λέγοντεςο
2454 4181 2786 4257 Εὕχαριστοῦ
2794 4182 2890 4259 μέν
2913 4182 3023 4255 (57)
3063 4201 3168 4248 σοι,
3192 4183 3375 4257 Πάτερ
3394 4184 3574 4257 ἡμῶν,
3596 4183 3736 4257 ὑπὲρ

564 4304 611 4335 ⁸³
644 4303 749 4358 hoc
779 4316 996 4360 comma
1027 4318 1137 4360 non
1172 4297 1335 4361 habet
1355 4306 1703 4364 Anastasius.
1780 4309 1825 4342 “
1853 4309 2047 4364 Anast.

2168 4310 2269 4365 erit
2294 4310 2370 4374 ὡς
2397 4308 2633 4374 εἴρηται.
2706 4309 2754 4341 ⁸³
2778 4305 2971 4363 Matth.
3001 4324 3055 4364 νι
3075 4350 3091 4371 .
3133 4310 3286 4365 9-15.
3361 4311 3407 4343 ⁸⁸
3439 4310 3650 4365 Citatur
3675 4306 3748 4363 ab

491 4374 1031 4453 Quastasiokqttzest:
1058 4375 1111 4429 1.
1187 4377 1230 4408 ⁸⁷
1264 4376 1600 4453 ᾼηαξίηυίδς
1616 4376 1828 4453 δοξάζει
1854 4380 2067 4453 πατέρα

2168 4374 2561 4453 αὶνδοῧλοξτδν
2582 4378 2773 4451 κύριον
2787 4377 2969 4433 ⁸αὑτοῦ
3000 4379 3393 4453 φοϐηθήσεται,
3419 4382 3517 4436 καὶ
3547 4383 3618 4445 εἰ,
3641 4387 3747 4434 etc.

493 4444 537 4475 ⁸⁸
565 4444 685 4499 Mal.
724 4460 765 4505 I.
795 4444 871 4499 6.7
926 4446 972 4477 "
999 4444 1105 4501 Isa.
1133 4460 1231 4511 LII,
1262 4448 1318 4502 5.
1392 4449 1438 4481 "
1470 4448 1508 4503 l.
1552 4444 1725 4519 lgnat.
1765 4444 2018 4521 interpol'.
2053 4448 2122 4507 a'd
2148 4451 2365 4506 Philad.
2392 4450 2446 4506 9.

1854 4587 2216 4649 VARIORUM
2255 4592 2487 4650 NOTAE.

592 4682 717 4759 (ἢ)-
750 4682 822 4737 Ἡ
849 4680 935 4759 δέ,
974 4681 1121 4759 Alter
1150 4679 1274 4734 cod.
1303 4678 1388 4759 ‘To
1424 4679 1480 4759 δέ
1500 4719 1515 4739 .
1547 4678 1729 4759 minus
1760 4681 2044 4738 commode
2064 4724 2079 4750 ,
2113 4690 2161 4749 ι)
2187 4687 2386 4742 vicibus
2411 4696 2543 4752 oret,
2564 4703 2753 4759 Amano,
2786 4686 3011 4759 scilicet,
3030 4696 3090 4759 ret
3114 4704 3349 4758 vespere,
3380 4691 3559 4744 dicens
3596 4688 3754 4759 Sym-

521 4748 815 4823 reSpiéitiir
842 4752 989 4823 enim
1013 4753 1047 4822 ἡ
1071 4748 1331 4823 Κυριακὴ
1358 4749 1563 4823 ἡμέρα.
1593 4749 1763 4823 (ἔμελ.

594 4815 708 4894 (55)
750 4819 819 4876 Τὸ
849 4821 964 4894 τῆς
991 4815 1097 4875 τοῦ
1126 4815 1349 4894 Κυρίρὺ
1379 4815 1592 4894 ξαεὸῆς.
1634 4817 1709 4894 ita
1738 4829 2086 4894 expresSerat

524 4887 813 4948 Balsainon
850 4887 1223 4947 ad'canonem
1267 4887 1587 4944 Trullanum
1630 4890 1743 4944 89:
1796 4887 1919 4943 ’Ὅτι
1962 4893 2085 4945 τότε

522 4964 810 5041 κατέκειτο
854 4961 1222 5041 ὲγῃτῷιτάφῳ
1252 4959 1312 5013 τὸ
1342 4959 1676 5041 τεθεωμένρν
1716 4960 1873 5041 σῶμα
1908 4962 2086 5041 ⁸αὐτοῦ

524 5030 793 5107 (Χριστοῦ
825 5029 1030 5087 scilicet
1047 5031 1088 5107 )_,
1128 5029 1578 5107 concordantejn
1617 5030 1775 5107 hanc
1800 5029 2085 5107 lectionem

528 5099 695 5162 sensu
716 5119 839 5157 cum
865 5103 1103 5158 exaratis
1132 5116 1292 5155 manu
1324 5100 1625 5155 codicibus.
1657 5099 1812 5155 Umle
1840 5100 1963 5169 ejici
1990 5103 2085 5157 de-

524 5178 616 5231 bet
635 5191 664 5230 e
681 5173 967 5228 Theodoro
987 5173 1132 5229 edito
1149 5170 1536 5226 inconcinnum
1557 5171 1715 5241 plane
1732 5172 1885 5235 illud,
1899 5172 2086 5226 τεθεασ-

528 5247 712 5318 μένον.
744 5244 1002 5318 Sequitur
1040 5243 1095 5318 in
1141 5242 1584 5318 (_‘.onsti_tutione:
1621 5242 1765 5318 _6_7:sp
1803 5243 2085 5314 νηστεύειν

523 5311 849 5389 προσῆκεν,
884 5315 1006 5389 an;
1024 5314 1121 5389 οὐχ
1150 5311 1424 5389 ἑορτάζειν
1446 5354 1460 5378 ,
1491 5312 1643 5389 quod
1660 5311 1838 5389 inepte
1860 5311 1934 5389 'et_
1950 5328 2084 5389 con-

526 5335 633 5389 προ
708 5334 801 5369 κεν
825 5358 840 5382 ,
884 5334 992 5369 αλλ·
1024 5334 1121 5382 ουχ
1150 5334 1424 5384 εορταιδειν
1446 5354 1460 5378 ,
1491 5334 1633 5382 qllUU
1660 5334 1838 5382 mepte
1868 5334 1921 5365 Cl
1950 5334 2082 5365 (ὐιι-

526 5398 610 5440 tra
637 5334 798 5440 mem
826 5380 1258 5455 mss.RegioruI_n
1285 5381 1601 5455 adjecerunt
1631 5385 1750 5437 loco
1778 5381 1997 5455 Eusebii
2028 5383 2082 5436 in

526 5456 804 5513 Anastasii
835 5451 1263 5525 qumstio'ne65,
1298 5467 1352 5525 p_.
1383 5451 1518 5525 450,
1552 5452 1587 5507 l.
1622 5469 1671 5506 v1
1693 5492 1708 5516 ,
1740 5468 1839 5508 vn.
1870 5452 2010 5525 Cor.

598 5527 709 5609 (54)
748 5520 881 5609 ,τριὲ
906 5525 1015 5609 τῆς
1044 5523 1283 5609 ἡμέρας·
1299 5520 1388 5609 11':
1429 5522 1687 5609 tenorem
1722 5523 2083 5609 εειξιειέξεέηιε

528 5590 815 5651 Trinitatis
846 5590 870 5653 ξ
894 5590 1179 5663 ιη’ὸοιιὶεὸ
1210 5610 1273 5648 ex
1312 5590 1644 5663 Theodorito
1672 5594 1833 5662 epist.
1872 5592 1997 5654 145,
2029 5600 2085 5647 et

529 5664 736 5721 Isidoro
771 5666 1046 5737 Originum
1071 5662 1281 5737 libum,
1299 5663 1545 5737 cap._ult.
1566 5662 1929 5737 Euthymium
1954 5677 2086 5716 con-

526 5736 650 5792 snle
676 5737 740 5789 ad
771 5731 965 5804 psalm.
996 5750 1102 5795 LW,
1132 5731 1531 5786 18:1)icendum
1559 5733 1689 5796 illis,
1727 5731 2006 5804 ﬁdelibus.
2026 5742 2085 5784 ut

532 5807 748 5874 singulis
768 5801 967 5867 llic-bus,
985 5805 1073 5873 qui
1098 5804 1319 5868 mnplius
1343 5820 1443 5855 non
1467 5811 1649 5868 potest,
1672 5803 1854 5855 saltem
1881 5801 2083 5855 duabus

2187 4758 2386 4821 bolum,
2417 4760 2496 4813 vel
2541 4757 2845 4813 Orationem
2883 4757 3236 4815 ﬂaminicam.
3273 4768 3377 4815 etc.
3420 4759 3551 4826 Quae
3588 4757 3751 4816 verba

2184 4827 2516 4898 Capitularis
2549 4827 3110 4901 Theodulﬂ'capitulo
3130 4828 3224 4890 25,
3251 4830 3371 4884 ideo
3407 4833 3657 4901 apposui,
3693 4840 3755 4886 ut

2188 4897 2463 4954 monerem
2502 4898 2815 4970 capitulum
2867 4897 2998 4951 illud
3044 4906 3098 4951 et
3145 4897 3581 4970 sequentia'duo
3628 4917 3753 4955 cum

2188 4968 2623 5038 przeccdentibus
2669 4975 2914 5037 septem,
2960 4970 3038 5038 ilL
3056 4968 3413 5023 conciliorum
3464 4970 3758 5025 Collectio—

2192 5034 2355 5093 nibus
2401 5039 2597 5106 subjici
2646 5034 2951 5093 canonibus
2998 5034 3319 5106 Trullanis,
3372 5056 3475 5095 nec
3524 5042 3756 5096 indicari

2192 5109 2353 5173 cujus
2383 5109 2511 5164 sint.
2548 5108 2604 5161 lo

2262 5179 2372 5249 (55)
2412 5180 2588 5247 Φησί.
2628 5177 2799 5249 Deest
2814 5176 2868 5231 in
2897 5178 3097 5244 altero,
3124 5179 3219 5235 sed
3260 5180 3466 5235 rectius
3497 5180 3759 5235 subaudi-

2191 5246 2520 5321 ῑιηξηιῖραφή,
2550 5257 2610 5303 ιιι
2636 5255 2689 5321 et
2720 5246 2859 5321 infra
2890 5250 3409 5321 animadvertimus.
3433 5251 3579 5306 Cum

2260 5268 2280 5301 Γ
2302 5268 2331 5330 ,ι
2388 5268 2520 5321 αφη,
2550 5268 2610 5303 ιιι
2636 5268 2689 5302 Cl.
2720 5268 2859 5301 lllll‘a
2890 5268 3396 5331 annnauverttmus.
3433 5268 3579 5306 LLER

2260 5268 2384 5391 (δεῖ
2408 5317 2702 5392 Μυστική.
2731 5316 2892 5392 Deest
2918 5319 2971 5392 in
3000 5319 3173 5392 altero
3198 5318 3361 5376 Vind.
3392 5319 3496 5375 Sed
3533 5322 3757 5392 perinde

2187 5387 2295 5452 est,
2325 5387 2438 5462 sive
2463 5389 2725 5462 addatur,
2757 5387 2873 5442 sive
2919 5388 3278 5458 detrahatur;
3327 5407 3415 5446 res
3461 5387 3603 5462 enim
3639 5392 3757 5462 ipsa

2186 5460 2428 5581 ostelidit
2457 5459 2525 5516 de
2554 5466 2708 5532 grata
2753 5462 3271 5515 commemoratione
3314 5461 3508 5517 mortis
3551 5459 3760 5517 Christi

2191 5544 2297 5581 am.
2354 5545 2408 5581 ι).

2191 5544 2297 5587 8m.
2330 5544 2408 5587 ID.

2225 5545 2920 5668 εἱέἱῧῗἘύχαριστ-οῦμεν,
2950 5607 3057 5654 etc.
3089 5599 3290 5655 Confer
3328 5599 3490 5655 sodes
3529 5616 3654 5656 cum
3689 5603 3763 5656 li-

2190 5667 2292 5722 bro
2320 5669 2691 5745 Atlianasiano
2720 5667 2797 5720 De
2818 5668 3138 5739 virginitate,
3173 5687 3225 5742 p.
3254 5671 3421 5741 1051;
3448 5674 3592 5745 piget
3613 5675 3765 5730 enim

2190 5739 2580 5795 transcribere.
2613 5737 2750 5793 Cor.
