4062 6258
310 387 449 447 illi?

1164 385 1765 457 CONSTITUTIONES
1808 384 2285 447 APOSTOLICJE.
2323 421 2395 431 —
2431 389 2562 448 LIB.
2606 390 2720 449 V11.

3427 382 3568 446 (018

310 503 460 575 ζωῆς
572 501 875 576 ἐγνώρισάς
902 504 1035 575 ἡμῖν
1062 501 1154 557 διὰ
1198 503 1373 575 Ἰησοῦ
1402 504 1497 558 τοῦ
1528 503 1726 569 Παιδός
1757 521 1851 559 σου
1872 519 1889 539 ·

2017 522 2117 578 pro
2143 508 2249 564 vita
2278 525 2441 580 quam
2475 513 2836 570 manifestasti
2868 515 3026 572 nobis
3044 532 3140 587 per
3167 514 3350 574 Iesum
3378 520 3570 601 filium

308 597 377 652 δι’
404 589 466 661 οὗ
498 589 592 652 κάὶ
632 597 702 650 τά
743 598 923 652 πάντα
968 593 1257 669 ἐποίησας,
1292 599 1390 652 καὶ
1434 598 1543 652 τῶν
1573 599 1711 652 ὃλων
1753 615 1891 673 προ-

310 693 486 754 νοεῖς·
532 690 592 743 ὃν
639 692 733 744 καὶ
786 690 1114 754 ἀπέστειλας
1155 691 1286 761 περὶ
1330 690 1475 764 (58)
1530 691 1774 764 σωτηρίᾳ
1824 694 1894 764 τῇ

310 783 560 856 ἡμετέρᾳ
604 782 857 853 γενέσθαι
903 782 1215 854 ἄνθρωπον·
1269 782 1329 839 ὃν
1374 786 1469 839 καὶ
1512 782 1896 857 συνεχώρησας

311 876 504 929 παθεῖν
544 876 638 931 καὶ
690 875 1001 930 ἀποθανεῖν·
1031 876 1091 929 ὂν
1134 876 1229 931 καὶ
1259 877 1571 948 ἀναστήσας
1599 877 1896 949 εὐδόκησας

311 968 571 1035 δοξάσαι,
632 969 728 1023 καὶ
766 970 1026 1033 ἐκάθισας
1074 971 1141 1023 ἐκ
1188 968 1378 1035 δεξιῶν
1427 986 1542 1023 σου·
1576 970 1642 1022 δι’
1691 965 1754 1023 οὗ
1801 970 1898 1025 καὶ

312 1063 628 1134 ἐπηγγείλω
650 1065 781 1134 ἡμῖν
809 1062 906 1133 τὴν
937 1061 1230 1116 ἀνάστασιν
1268 1060 1381 1115 τῶν
1410 1061 1637 1133 νεκρῶν.
1671 1062 1770 1127 Σὺ,
1801 1063 1899 1118 Δέ-

316 1174 493 1215 σποτα
538 1155 1069 1229 παντόκρατορ,Θεέ
1130 1154 1335 1209 αἱώνιε·
1373 1155 1564 1227 ὥσπερ
1615 1151 1685 1228 ἦν
1738 1156 1898 1213 τοῦτο

314 1248 801 1321 διεσκορπισμένω
822 1289 839 1314 ,
888 1248 983 1302 καὶ
1030 1247 1291 1320 συναχθὲν
1328 1248 1545 1318 ἐγένετο
1585 1243 1667 1313 εἷς
1694 1250 1857 1322 ἄρτος
1880 1292 1895 1319 ,

315 1342 458 1396 οὕτω
485 1343 761 1411 συνάγαγέ
788 1358 880 1395 σου
901 1341 999 1414 τὴν
1031 1342 1354 1413 Ἐκκλησίαν
1380 1341 1489 1396 ἀπὸ
1510 1341 1618 1396 τῶν
1646 1343 1900 1415 περάτων

218 1474 227 1483 ς
316 1436 419 1507 τῆς
450 1436 553 1507 γῆς
583 1438 663 1500 είς
690 1437 790 1507 τήν
821 1435 933 1508 (59)
971 1435 1267 1507 βασιλείαν.
1286 1437 1407 1489 Ἔτι
1444 1436 1897 1509 εὐχαριστοῦμεν,

320 1529 502 1600 Πάτερ
521 1528 701 1600 ἡμῶν,
720 1528 861 1601 ὑπὲρ
886 1528 980 1582 τοῦ
1002 1528 1183 1601 τιμίου
1203 1530 1434 1601 αἵματος
1466 1528 1640 1601 Ἰησοῦ
1662 1529 1899 1602 Χριστοῦ

317 1623 413 1676 τοῦ
460 1621 781 1693 ἐκχυθέντος
828 1622 968 1693 ὑπὲρ
1009 1622 1187 1693 ήμῶν·
1229 1624 1324 1677 καὶ
1368 1622 1463 1677 τοῦ
1493 1624 1675 1695 τιμίου
1717 1622 1903 1695 σῶμα-ι

317 1734 428 1782 τος·
461 1711 522 1769 οὗ
548 1717 644 1770 καὶ
671 1715 938 1769 ἀντίτυπα
964 1715 1138 1770 ταῦτα
1165 1716 1519 1788 ἐπιτελοῦμεν
1541 1759 1556 1783 ,
1591 1717 1756 1771 αὑτοῦ
1785 1717 1902 1771 δια-

315 1811 620 1881 ταξαμένου
680 1813 812 1883 ἡμῖν
858 1810 1249 1879 καταγγέλλειν
1290 1810 1383 1863 τὸν
1427 1808 1591 1863 αὐτοῦ
1650 1809 1895 1863 θάνατον·

317 1906 384 1959 δι’
414 1905 578 1959 αὐτοῦ
600 1905 710 1977 γάρ
736 1922 818 1958 σοι
845 1906 959 1958 καὶ·
981 1904 1174 1977 ήδόξα,
1199 1906 1279 1968 είς
1307 1905 1434 1967 τοὺς
1456 1904 1676 1968 αἰῶνας.
1704 1904 1895 1975 Ἀμήν.

318 2000 525 2071 Μηδεὶς
557 2000 612 2052 δὲ
642 1999 869 2053 ἐσθιέτω
912 1997 971 2063 ἐξ
1014 1998 1194 2053 αὐτῶν
1216 2041 1230 2065 ,
1264 1998 1372 2051 τῶν
1423 1999 1685 2069 ἀμυήτων
1708 2014 1721 2029 ·
1765 1996 1901 2051 ἀλλὰ

324 2092 476 2163 μόνοι
507 2093 555 2145 οἱ
585 2090 1003 2162 βεϐαπτισμένοι
1030 2093 1109 2154 είς
1138 2091 1231 2143 τὸν
1277 2089 1371 2143 τοῦ
1402 2090 1607 2163 Κυρίου
1651 2089 1898 2145 θάνατον.

320 2186 386 2239 Εἰ
419 2185 475 2238 δέ
512 2202 596 2248 τις
626 2185 869 2257 ἀμύητος
905 2184 1121 2257 κρύψας
1162 2184 1355 2237 ἐαυτὸν
1400 2182 1697 2257 μεταλάϐῃ,
1727 2186 1902 2256 κρῖμα

321 2276 538 2331 αἰώνιον
562 2277 809 2346 φάγεται·
833 2278 915 2330 ὅτι
958 2276 1032 2349 μὴ
1055 2276 1130 2329 ὢν
1154 2276 1256 2347 τῆς
1283 2278 1362 2340 είς
1384 2276 1620 2348 Χριστὸν
1642 2276 1899 2343 πίστεως,

322 2369 619 2443 μετέλαϐεν
652 2365 725 2425 ὧν
754 2371 814 2424 οὐ
845 2370 1033 2441 θέμις,
1062 2372 1143 2432 εἰς
1183 2369 1452 2441 τιμωρίαν
1499 2368 1714 2422 ἐαυτοῦ.
1750 2369 1813 2422 El
1845 2368 1902 2422 δέ

318 2481 407 2527 τις
462 2462 604 2518 κατὰ
646 2464 866 2533 ἄγνοιαν
917 2461 1210 2534 μεταλάϐοι
1250 2462 1417 2534 (60),
1464 2461 1653 2515 τοῦτον
1713 2462 1902 2533 τάχιον

322 2554 791 2625 στοιχειώσαντες.
820 2556 1101 2628 μυήσατε,
1153 2555 1302 2620 ὅπως
1357 2553 1433 2626 μὴ
1488 2554 1902 2628 καταφρονητὴς

320 2646 546 2713 ἐξέλθοι.

823 2849 1218 2903 ΚΕΦΑΛΑΙΟΝ
1256 2849 1401 2916 Kq'.

535 2964 903 3033 Εὺχαριστία
931 2963 1030 3017 ἐπὶ
1056 2963 1131 3033 τῇ
1168 2963 1297 3031 θείᾳ
1330 2962 1686 3033 μεταλήψει.

392 3081 548 3136 Μετὰ
595 3081 651 3133 δὲ
701 3080 797 3152 τὴν
852 3078 1190 3151 μετάληψιν,
1236 3077 1408 3141 οὕτως
1453 3078 1900 3149 εὐχαριστήσατε·

322 3173 763 3247 Εὐχαριστοῦμέν
814 3190 936 3239 σοι,
968 3173 995 3224 ὁ
1040 3171 1171 3234 Θεὸς
1203 3172 1297 3224 καὶ
1346 3171 1535 3242 Πατὴρ
1588 3168 1762 3240 Ἰησοῦ
1807 3168 1902 3222 τοῦ

322 3269 575 3340 Σωτῆρος
616 3268 773 3339 ήμῶν
792 3310 806 3333 ,
836 3266 976 3337 ὑπὲρ
1005 3265 1099 3317 τοῦ
1139 3265 1294 3334 ἁγίου
1325 3264 1587 3336 ὀνόματός
1606 3264 1806 3329 ⁷³’σου,
1839 3254 1900 3314 οὗ

322 3363 747 3434 κατεσκήνωσας
774 3362 831 3413 ἐν
862 3362 1015 3431 ἡμῖν·
1060 3360 1155 3412 καὶ
1180 3359 1320 3429 ὑπὲρ
1350 3358 1451 3428 τῆς
1495 3356 1771 3434 γνώσεως,
1811 3357 1906 3409 καὶ

322 3457 593 3523 πίστεως,
625 3457 717 3509 καὶ
759 3454 979 3525 ἀγάπης
1004 3496 1018 3521 ,
1066 3454 1162 3507 καὶ¹
1210 3451 1534 3513 ἀθανασίας·
1589 3445 1657 3521 ἧς
1696 3445 1905 3515 ἔδωκας

319 3550 454 3619 ἡμῖν
486 3549 571 3603 διά
602 3549 774 3620 Ἰησοῦ
803 3547 897 3601 τοῦ
931 3547 1126 3607 Παιδός
1155 3562 1267 3599 σου.
1300 3545 1395 3611 Σὺ,
1427 3546 1673 3598 Δέσποτα
1710 3545 1906 3598 παντό-

321 3660 565 3715 κρατορ,
595 3644 623 3695 ὁ
653 3642 783 3707 Θεὸς
813 3641 922 3695 τῶν
969 3641 1125 3707 ὅλων,
1155 3638 1376 3704 ἔκτισας
1413 3639 1523 3711 (61)
1552 3640 1644 3692 τὸν
1676 3640 1901 3710 κόσμον,

320 3737 506 3793 καὶτὰ
535 3739 592 3791 ἐν
613 3736 781 3809 αὐτῷ,
813 3736 880 3789 δι’
900 3734 1083 3789 αὐτοῦ·
1102 3723 1203 3789 ’καὶ
1230 3735 1392 3807 νόμον
1420 3733 1827 3803 κατεφύτευσας
1846 3735 1905 3789 ἐν

270 3844 273 3845 ⁷
317 3834 443 3893 ταῖς
462 3830 659 3901 ψυχαῖς
694 3832 727 3902 ἡ
738 3829 873 3901 μῶν·
906 3830 1001 3883 καὶ
1024 3829 1091 3883 τά
1119 3830 1255 3900 πρὸς
1286 3828 1585 3901 μετάληψιν
1610 3827 1907 3900 προευτρέ-

319 3938 488 3984 πισας
525 3921 634 3992 (6‘2)
671 3921 997 3993 ἀνθρώποις.
1026 3923 1083 3974 '0
1115 3921 1246 3984 Θεὸς
1266 3920 1374 3974 τῶν
1398 3922 1567 3991 ἁγίων
1603 3922 1697 3975 καὶ
1726 3922 1906 3995 ἀμέμ-

319 4030 477 4068 πτων
498 4013 747 4085 πατέρων
764 4016 796 4086 ή
807 4013 943 4085 μῶν,
961 4014 1052 4067 Ἀϐ
1061 4014 1226 4086 ραάμ,
1248 4016 1342 4068 καὶ
1363 4013 1666 4078 ’1σαὰκ,κα“ι
1691 4014 1903 4081 Ἰακὼϐ,

318 4107 431 4161 τῶν
465 4106 673 4161 πιστῶν
718 4107 918 4161 δούλων
945 4125 1058 4161 σου.
1092 4109 1150 4161 '0
1180 4108 1407 4172 δυνατὸς
1437 4107 1599 4176 Θεὸς,
1642 4108 1671 4161 ὁ
1716 4108 1906 4173 πιστὸς

320 4202 415 4255 καὶ
457 4200 748 4273 ἀληθινὸς,
799 4202 892 4255 καὶ
929 4202 1164 4274 ἀψευδὴς
1206 4203 1264 4255 ἐν
1308 4204 1429 4265 ταῖς
1471 4201 1842 4269 ἐπαγγελίαις·
1877 4204 1906 4256 ὁ

320 4292 650 4357 ἀποστείλας
673 4294 765 4347 ἐπὶ
790 4293 894 4364 γῆς
928 4293 1135 4366 Ἰησοῦν
1163 4294 1256 4347 τὸν
1282 4293 1517 4366 Χριστόν
1548 4311 1665 4362 σου,
1696 4293 1907 4366 ἀνθρώ-

321 4403 447 4452 ποις
469 4387 982 4460 συναναστραφῆναι
1007 4387 1083 4452 ὡς
1108 4387 1413 4459 ἄνθρωπον,
1431 4387 1563 4441 θεὸν
1586 4387 1712 4441 ὄντα
1734 4389 1907 4458 Λόγον

322 4480 419 4532 καὶ⁸
460 4480 781 4553 ἄνθρωπον,
820 4480 916 4534 καὶ
943 4480 1040 4553 τὴν
1090 4480 1300 4552 πλάνην
1347 4480 1644 4554 πρόρριζον
1672 4482 1902 4537 ἀνελεῖν.

2015 607 2208 666 tuum;
2262 616 2358 671 per
2394 618 2555 671 quem
2603 613 2715 659 tum
2766 607 2951 661 omnia
2996 609 3231 675 creasti,
3269 618 3384 664 tum
3443 612 3569 665 uni-

2007 690 2185 746 versis
2243 694 2528 760 provides;
2584 712 2744 764 quem
2794 705 2848 752 et
2897 698 3115 763 misisti,
3175 707 3234 754 ut
3293 701 3359 755 ad
3420 705 3571 757 salu-

2006 787 2115 834 tem
2177 786 2431 836 nostram
2489 784 2656 839 homo
2713 786 2899 853 ﬂeret;
2955 803 3118 857 quem
3155 788 3317 843 etiam
3370 790 3573 859 permi-

1995 875 2119 931 sisti
2158 877 2270 946 pati
2309 885 2364 930 et
2399 877 2574 946 mori;
2599 894 2760 949 quem
2797 886 2853 933 et
2892 879 3232 934 resuscitans
3263 878 3573 948 glorificare

1994 969 2239 1037 voluisti,
2272 976 2327 1025 et
2372 970 2565 1025 sedere
2605 970 2785 1026 fecisti
2816 970 2883 1024 ad
2923 971 3202 1025 dexteram
3231 978 3382 1025 tuam
3418 960 3443 1025 ε’
3474 987 3573 1041 per

1994 1078 2157 1133 quem
2188 1069 2244 1118 et
2276 1064 2576 1134 promisisti
2613 1064 2773 1119 nobis
2815 1065 3281 1119 resurrectionem
3325 1072 3573 1121 mortuo-

1996 1169 2141 1211 rum.
2165 1153 2270 1221 Tu,
2296 1155 2521 1211 Domine
2549 1155 2918 1226 omnipotens,
2936 1156 3082 1211 Deus
3111 1163 3350 1212 aeterne:
3382 1173 3576 1227 queui-

1997 1246 2292 1301 admodum
2324 1247 2429 1302 hoc
2465 1255 2585 1303 erat
2627 1246 2971 1319 diSpersum,
3020 1257 3076 1304 et
3120 1264 3243 1305 cum
3293 1248 3397 1304 fuit
3439 1265 3575 1304 con-

1998 1346 2302 1409 gregatum,
2336 1339 2517 1396 factus
2538 1347 2624 1395 est
2653 1357 2797 1396 unus
2821 1344 2981 1412 panis
3002 1380 3017 1406 ,
3056 1341 3132 1396 ita
3171 1356 3438 1413 congrega
3470 1342 3577 1398 Ec-

1998 1432 2221 1486 clesiam
2266 1440 2417 1487 tuam
2466 1448 2498 1488 a
2546 1432 2746 1489 ﬁnibus
2796 1444 2954 1489 terrae
2994 1434 3048 1489 in
3079 1450 3327 1507 regnum.
3378 1435 3576 1491 Adhuc

1999 1525 2211 1595 gratias
2234 1526 2482 1596 agimus,
2516 1525 2681 1582 Pater
2729 1535 2947 1593 noster,
2978 1544 3080 1599 pro
3129 1529 3374 1600 pretioso
3438 1547 3572 1586 san-

1999 1619 2163 1689 guine
2189 1616 2319 1674 Jesu
2349 1619 2560 1675 Christi
2584 1620 2756 1675 ell‘uso
2784 1632 2973 1677 nostra
3003 1637 3205 1685 causa;
3236 1629 3291 1677 et
3319 1639 3420 1693 pro
3449 1639 3576 1695 pre-

1999 1712 2143 1767 tioso
2187 1727 2417 1783 corpore
2437 1753 2451 1777 ,
2484 1714 2644 1783 cujus
2675 1722 2729 1769 et
2775 1714 2891 1769 haec
2919 1717 3164 1787 antitypa
3210 1718 3572 1785 celebramus,

2000 1819 2127 1858 cum
2158 1804 2277 1874 ipse
2301 1805 2463 1860 nobis
2495 1808 2845 1862 constituerit
2900 1816 3132 1863 mortem
3167 1808 3317 1865 illius
3355 1826 3575 1865 annun-

2002 1898 2141 1952 tiare
2174 1896 2262 1952 7‘:
2315 1913 2412 1968 per
2455 1900 2633 1969 ipsum
2680 1900 2828 1954 enim
2870 1900 2968 1954 tibi
3016 1902 3188 1971 gloria
3230 1901 3286 1956 in
3347 1909 3575 1961 saecula.

2000 1990 2195 2046 Amen.
2227 1989 2424 2047 Nullus
2449 2006 2620 2061 porro
2646 2006 2712 2046 ex
2740 1992 2808 2047 iis
2832 1993 2924 2063 qui
2964 1993 3164 2047 initiati
3190 2010 3286 2048 seu
3316 1994 3578 2064 baptizati

2002 2098 2113 2137 non
2144 2093 2296 2147 sunt,
2327 2099 2395 2138 ex
2423 2085 2504 2139 eis
2527 2083 2816 2152 comedat;
2850 2084 2947 2140 sed
2982 2087 3085 2141 soli
3123 2087 3158 2141 ii
3194 2087 3287 2157 qui
3320 2090 3579 2159 baptizati

2002 2177 2225 2232 fuerunt
2252 2178 2308 2231 in
2339 2176 2556 2232 Domini
2603 2187 2857 2234 mortem.
2884 2177 2941 2234 Si
2986 2179 3112 2249 quis
3158 2196 3290 2235 vero
3329 2197 3439 2236 non
3468 2182 3578 2236 ini-

2001 2270 2193 2335 tiatus,
2226 2270 2486 2326 celaverit
2533 2286 2593 2326 se
2625 2270 2825 2340 ipsum,
2856 2281 2911 2327 et
2941 2272 3021 2327 sic
3051 2273 3578 2343 communicaverit;

2000 2362 2269 2433 judicium
2301 2370 2564 2419 aeternum
2609 2363 3063 2434 manducabit";
3093 2367 3239 2437 quod
3284 2382 3392 2422 non
3425 2369 3583 2423 addi-

2002 2463 2128 2511 ctus
2157 2455 2285 2511 fidei
2317 2458 2373 2512 in
2404 2455 2685 2512 Christum
2709 2498 2723 2520 .
2754 2473 2875 2529 quae
2906 2457 2989 2513 fas
3014 2474 3125 2513 non
3162 2468 3281 2514 crat
3321 2462 3579 2531 sumpsit,

2005 2550 2061 2602 in
2089 2549 2421 2619 supplicium
2457 2565 2639 2605 suum.
2688 2548 2746 2604 Si
2784 2551 2910 2621 quis
2952 2560 3133 2606 autem
3188 2568 3285 2622 per
3323 2554 3581 2623 ignoran-

2004 2640 2137 2695 tiam
2167 2640 2581 2712 participaverit
2604 2683 2620 2708 ,
2653 2642 2800 2697 hunc
2834 2644 2945 2698 cito
2978 2644 3259 2712 instruite,
3293 2661 3359 2702 ac
3404 2646 3582 2717 bapti-

2004 2748 2125 2788 smo
2154 2733 2389 2800 initiate,
2414 2751 2482 2790 ne
2501 2743 2847 2807 contemptor
2880 2745 3055 2795 exeat.

2558 2848 2789 2906 CAPUT
2830 2850 3022 2933 x‘xv1.

2140 2964 2451 3021 Gratiarum
2493 2966 2634 3021 actio
2674 2982 2829 3035 super
2856 2966 3038 3021 divina
3063 2969 3447 3027 communione.

2075 3078 2210 3136 Post
2238 3079 2680 3135 communionem
2709 3096 2860 3143 vero,
2892 3082 2973 3135 sic
3005 3082 3210 3151 gratias
3237 3082 3413 3152 agite:
3447 3081 3579 3139 Gra-

2007 3173 2112 3228 tias
2163 3173 2376 3244 agimus
2421 3172 2567 3239 tibi,
2595 3172 2739 3227 Deus
2782 3182 2837 3227 et
2893 3172 3055 3227 Pater
3103 3172 3232 3229 Jesu
3283 3175 3579 3232 Salvatoris

2006 3267 2206 3331 nostri,
2236 3281 2336 3337 pro
2372 3274 2566 3322 sancto
2604 3267 2825 3321 nomine
2868 3276 2984 3330 tuo,
3026 3268 3172 3337 quod
3208 3267 3457 3325 habitare
3506 3270 3568 3326 fe-

2006 3361 2136 3415 cisti
2170 3360 2225 3414 in
2254 3362 2451 3428 nobis;
2484 3369 2539 3415 et
2583 3377 2682 3431 pro
2708 3361 3041 3432 cognitione,
3076 3362 3201 3427 fide,
3240 3362 3508 3420 cbaritate
3532 3373 3580 3421 et

2005 3452 2419 3509 immortalitate
2461 3470 2583 3523 quae
2606 3454 2805 3509 dedisti
2857 3454 3016 3510 nobis
3048 3471 3143 3527 per
3161 3454 3348 3512 Jesum
3383 3456 3580 3515 Filium

2004 3552 2183 3601 tuum.
2216 3544 2321 3611 Tu,
2347 3544 2576 3601 Domine
2606 3546 2975 3617 omnipotens,
3007 3546 3148 3603 Deus
3176 3550 3580 3621 universorum,

2007 3639 2203 3695 creasti
2226 3639 2487 3693 mundum
2512 3646 2564 3694 et
2593 3656 2713 3710 quae
2736 3649 2864 3695 sunt
2888 3641 2939 3694 in
2965 3657 3050 3704 eo,
3072 3657 3169 3712 per
3190 3643 3368 3712 ipsum
3395 3661 3409 3711 ;
3434 3652 3487 3699 et
3511 3645 3583 3699 le-

2007 3749 2124 3804 gem
2152 3734 2401 3789 irrseviSti
2434 3735 2489 3788 in
2513 3733 2803 3789 animabus
2824 3735 3061 3799 nostris;
3084 3744 3138 3790 et
3167 3738 3334 3791 victui
3363 3752 3578 3794 accom-

2008 3828 2171 3882 moda
2221 3826 2543 3897 praeparasti
2594 3825 2931 3884 hominibus.
2985 3826 3129 3883 Deus
3178 3838 3493 3884 sanctorum
3532 3841 3589 3887 et

2008 3919 2411 3990 inculpatorum
2437 3926 2655 3989 patrum
2690 3928 3028 3985 nostrorum,
3065 3920 3381 3987 Abrahami,
3414 3921 3585 3979 lsaaci

2006 4020 2061 4066 et
2090 4011 2303 4076 Jacobi,
2325 4013 2566 4067 ﬁdelium
2606 4028 2888 4067 servorum
2922 4023 3162 4068 tuorum.
3193 4013 3337 4071 Deus
3367 4027 3582 4086 potens,

2008 4106 2187 4162 ﬁdelis
2215 4114 2271 4162 et
2316 4122 2505 4169 verax,
2537 4113 2591 4161 et
2622 4106 2677 4160 in
2708 4107 2999 4176 promissis
3048 4122 3159 4161 non
3193 4108 3466 4175 mendax;
3492 4109 3583 4181 qui

2009 4201 2206 4256 misisti
2247 4201 2302 4255 in
2333 4209 2532 4255 terram
2569 4199 2757 4255 Jesum
2786 4200 3068 4254 Christum
3105 4208 3260 4254 tuum
3283 4243 3297 4267 ,
3350 4210 3410 4256 ut
3456 4217 3583 4257 cum

2008 4291 2324 4348 hominibus
2375 4302 2797 4349 conversaretur
2828 4302 3087 4363 tanquam
3124 4293 3307 4358 homo,
3340 4309 3465 4348 cum
3515 4294 3581 4350 sit

2008 4392 2062 4441 et
2092 4385 2234 4442 Deus
2254 4385 2519 4452 Verbum,
2543 4393 2597 4442 et
2627 4387 2813 4451 homo,
2847 4396 3015 4456 utque
3038 4401 3282 4442 errorem
3317 4386 3584 4443 radicitus

2007 4480 2283 4536 evelleret.
2308 4479 2431 4551 Ipse
2459 4486 2513 4535 et
2551 4495 2700 4535 nunc
2751 4495 2848 4551 per
2895 4495 3019 4535 eum
3049 4487 3321 4537 memento
3354 4480 3583 4551 hujusce

321 4573 493 4637 Αὐτὸς
535 4575 630 4629 καὶ
673 4575 769 4630 νῦν
815 4576 882 4629 δι’
928 4572 1091 4628 αὐτοῦ
1141 4573 1407 4647 μνήσθητι
1454 4574 1556 4645 τῆς
1603 4574 1765 4643 ἁγίας
1808 4593 1903 4629 σου

2010 4582 2217 4630 sanctae
2259 4573 2522 4630 Ecclesiae
2576 4581 2724 4640 tuae,
2766 4590 2931 4646 quam
2981 4574 3288 4646 acquisiisti
3343 4574 3583 4646 pretioso

336 4665 656 4739 Ἐκκλησίας
674 4668 895 4741 ταύτης,
918 4668 986 4740 ἢν
1010 4667 1388 4740 περιεποιήσω
1410 4665 1487 4738 τῷ
1515 4667 1681 4740 τιμίῳ
1710 4668 1902 4739 αἵματι

2008 4667 2275 4740 sanguine
2316 4667 2521 4724 Christi
2567 4667 2686 4737 tui;
2738 4674 2903 4739 atque
2955 4681 3078 4723 eam
3110 4666 3182 4723 ab
3235 4667 3384 4723 omni
3436 4667 3583 4723 malo

395 4805 438 4837 '“
466 4807 483 4860 1
513 4807 641 4861 Cor.
676 4823 754 4866 xl.
784 4806 877 4863 26.
949 4806 998 4840 "
1031 4804 1193 4872 lbid.,
1226 4804 1318 4860 9.9.
1392 4804 1441 4838 ⁷³
1468 4802 1631 4859 Deest
1660 4804 1716 4859 in
1752 4804 1865 4860 alio
1885 4803 2099 4862 codice.

1638 4942 2006 5043 YARIORUM
2040 4942 2273 4998 NOTAE.

397 5121 507 5195 (58)
542 5121 703 5189 Περί.
754 5121 873 5175 Ἐπί
918 5125 1122 5195 rectius
1168 5122 1225 5178 in
1268 5137 1391 5178 cna.
1439 5120 1891 5195 Vindobonensi,

322 5193 430 5253 hoc
463 5201 569 5266 est,
613 5201 824 5266 propter
858 5193 1086 5266 salutem
1119 5203 1394 5259 nostram;
1428 5209 1531 5250 nec
1564 5194 1691 5266 περί
1727 5194 1894 5250 ﬁnem

330 5264 637 5339 signiﬁcare
664 5262 1017 5339 sole_t.__Cu:n.

395 5332 508 5409 (59)
537 5332 688 5409 Τήν.
742 5332 936 5409 Melius
976 5336 1076 5406 σήν
1109 5336 1162 5409 iu
1218 5352 1323 5391 ms.
1367 5334 1533 5392 Vind.
1566 5336 1637 5409 fin
1678 5350 1896 5409 regnum

327 5403 889 5476 tuum.Regnum_Dei
920 5403 1288 5476 aut‘cmlorum
1332 5422 1444 5461 non
1498 5408 1636 5463 solet
1684 5403 1897 5476 simpli-

325 5483 461 5537 citer
495 5473 735 5546 βασιλεία
764 5472 893 5528 dici.
929 5472 1237 5546 Videinfra
1266 5493 1317 5534 c.
1347 5478 1440 5541 ‘26,
1474 5479 1576 5532 sub
1604 5472 1893 5533 linemflo.

397 5544 508 5620 (60}
547 5547 618 5599 El
645 5545 712 5598 δέ
737 5561 836 5620 τις.
854 5545 1003 5620 κατὰ
1045 5544 1291 5620 ἅγνριαιξ·
1314 5548 1671 5620 μεταλάϐοι.
1700 5545 1756 5620 In
1788 5546 1898 5603 Re-

325 5613 545 5689 sponsis
589 5615 872 5689 canonicis
900 5613 1173 5689 Timothei
1216 5613 1571 5673 Alexandrini
1609 5618 1675 5671 ad
1726 5619 1894 5672 inter-

326 5686 640 5761 rogationes
673 5686 776 5761 ipsi
801 5700 896 5761 per
918 5686 1207 5756 episcopos
1236 5694 1289 5761 et
1316 5689 1552 5761 clericos
1583 5689 1895 5758 propositas

328 5751 449 5830 cap.
476 5760 529 5821 l,
557 5751 1125 5830 apud'ABalsalnonemj
1148 5796 1162 5821 ,
1192 5758 1430 5830 p.1059.
1474 5760 1541 5812 ad
1583 5751 1896 5830 'iutérroga-
1955 5760 1970 5775 '

329 5824 533 5886 tiu-nem
584 5824 725 5896 Quid
778 5824 1039 5898 agendum
1073 5824 1254 5898 sitfst'
1306 5844 1433 5898 puer
1471 5824 1893 5892 catechumenus,

329 5844 533 5886 tionem
584 5844 725 5896 quia
778 5844 1039 5898 agenaum
1073 5844 1174 5888 su.
1208 5845 1254 5882 st
1341 5845 1433 5882 uer
1471 5844 1893 5892 catecnumenus,

329 5912 423 5958 aut
454 5903 605 5957 homo
636 5898 875 5967 adultus,
901 5897 1027 5952 dum
1058 5897 1254 5953 oblatio
1274 5844 1447 5973 132m,
1482 5910 1768 5968 opportune
1799 5902 1895 5953 ad-

2002 5124 2184 5194 fuerit,
2208 5124 2423 5194 ejusque
2448 5124 2653 5177 nescius
2700 5125 2875 5193 factus
2905 5123 2977 5177 sit
3016 5122 3279 5196 particeps
3299 5162 3316 5188 ,
3348 5138 3581 5196 respon-

2002 5193 2162 5250 detur
2180 5196 2751 5265 baptizandum'eum
2774 5208 2921 5257 esse,
2961 5200 3148 5265 utpote
3177 5208 3209 5248 a
3255 5193 3365 5249 Deo
3409 5193 3577 5253 voca-

2002 5275 2142 5321 tum.
2169 5263 2279 5327 Sed
2313 5280 2437 5319 cum
2472 5265 2685 5319 ratione
2715 5263 3208 5336 Constitutorjsne
3251 5275 3581 5336 con_temptor

1999 5346 2174 5399 exeat,
2206 5336 2462 5408 congruit
2503 5350 2679 5408 canon
2714 5335 2781 5408 57
2812 5334 3004 5408 synodi
3041 5332 3324 5408 :l‘oletanae
3350 5330 3436 5408 iw,
3458 5330 3580 5408 'quo

2003 5404 2406 5462 decernitur'ut
2434 5405 2607 5460 Judaei
2635 5407 2727 5473 qui
2764 5404 2858 5474 per
2876 5404 2995 5475 Avim
3041 5404 3301 5475 baptizati
3340 5404 3575 5473 fuerant,

2002 5478 2232 5547 aliisque
2251 5478 2612 5533 sacramentis
2635 5473 2841 5538 donati,
2861 5473 3228 5547 Christianam
3262 5478 3576 5547 religionem

2005 5545 2246 5603 retin—ere
2274 5557 2562 5617 cogantur.
2594 5563 2656 5601 ne
2686 5545 3140 5617 nomeudivinum
3168 5545 3575 5615 blasphémetur,

2001 5629 2051 5673 et
2076 5618 2206 5688 ﬁdes
2237 5615 2396 5689 quam
2425 5626 2764 5689 susceperunt
2797 5615 2917 5671 vilis
2947 5632 3010 5669 ac
3041 5619 3451 5681 contemptibilis
3480 5621 3577 5677 ha-

2001 5691 2206 5745 beatur.
2236 5691 2373 5744 Cor.

2068 5758 2832 5842 (61)_'Exno‘_q¢.'0ﬂxtiaac
2867 5757 2925 5813 in
2966 5757 3139 5814 altero
3178 5758 3303 5814 cod.
3339 5758 3571 5820 Vindob.

2001 5838 2055 5887 et
2081 5830 2305 5887 quidem
2334 5832 2568 5886 rectius.
2597 5831 2770 5885 Cncn.

2122 5847 2305 5885 uiaem
2334 5847 2568 5886 rectius.
2597 5847 2770 5885 hLEB.

2073 5847 2184 5973 ὣὶ)
2222 5902 2720 5972 Προειντρέπισας.
2764 5901 2911 5959 Idem
2942 5901 3284 5977 εὐτρέπισας.
3318 5900 3392 5959 In.
