4044 6254
559 368 696 426 1019

1438 364 1497 426 8.
1534 363 1923 423 CLEMENTIS
1957 364 1979 419 I
2017 364 2183 422 ROM.
2218 364 2419 424 PONT.
2461 366 2688 435 OPERA
2723 368 2964 433 DUBIA.'

3669 382 3795 440 1020

558 486 761 550 libera;
793 492 845 538 et
874 480 1073 553 perﬁce
1098 480 1246 535 illam
1285 480 1341 535 in
1371 479 1640 535 charitate
1669 487 1784 544 tua,
1816 488 1871 535 et
1893 478 2120 535 veritate

2200 479 2319 539 τοῦ
2352 481 2588 554 Χριστοῦ
2622 499 2737 536 σου·
2778 485 2874 539 καὶ
2910 482 3073 559 ῥῦσαι
3104 486 3273 562 αὐτὴν
3316 490 3425 546 ἀπὸ
3462 491 3659 560 παντὸς
3701 516 3792 553 πο-

556 586 684 644 tua;
707 590 916 645 nosque
939 590 1130 628 omnes
1160 588 1427 643 congrega
1451 572 1506 626 in
1531 587 1757 642 regnum
1786 581 1960 636 tuum,
1980 570 2120 639 quod

2229 573 2416 644 νηροῦ·
2450 575 2544 628 xui
2580 574 2867 630 τελείωσον
2889 578 3056 651 αὐτὴν
3080 582 3140 636 ὲν
3163 586 3228 655 τῇ
3259 584 3448 658 ἀγάπῃ
3478 604 3592 653 σου,
3620 590 3711 644 xui
3731 595 3792 664 τῇ

553 665 869 734 ιιι-προνοειὶ
898 682 911 720 :
953 665 1054 721 hoc
1076 662 1393 717 Maranatha
1430 662 1498 716 7".
1534 660 1785 714 Hosanna
1813 660 1925 715 tilio
1959 660 2115 715 Davi-

550 754 659 809 dis.
713 752 1037 809 Benedictus
1093 754 1186 820 qui
1236 752 1381 808 venit
1434 752 1488 806 in
1519 751 1738 807 nomine
1780 748 1993 805 Domini
2015 751 2111 806 ἐς

550 852 695 935 Dens
718 852 1001 916 Dominus,
1031 852 1122 921 qui
1154 850 1406 923 apparuit
1434 850 1594 907 nobis
1619 850 1673 904 in
1697 864 1883 905 carne.
1911 848 1969 905 Si
1999 850 2124 921 quis

2227 665 2455 737 ἀληθείᾳ
2486 684 2601 720 σου·
2636 668 2730 721 xui
2756 669 3028 741 συνάγαγε
3059 674 3269 739 πάντας
3292 678 3442 747 ἡμᾶς
3469 681 3550 743 είς
3588 679 3684 751 τὴν
3705 682 3799 755 σὴν

2228 756 2542 828 βασιλείαν,
2601 760 2670 831 ἢν
2731 762 3055 834 ἡτοίμασας·
3103 767 3242 839 αὐτη
3297 771 3603 842 Μαραναθά
3652 773 3789 846 (65).

2236 850 2463 905 Ὡσαννὰ
2483 851 2562 922 τῷ
2584 853 2697 925 Υίῷ
2733 855 2913 909 Δαϐίδ·
2947 857 3308 930 εὐλογημένος
3342 865 3371 916 ό
3409 865 3700 936 ἐρχόμενος
3741 869 3793 921 ὲν

551 954 779 1002 sanctus
803 953 907 1009 est,
938 944 1161 999 accedat
1187 963 1198 996 :
1230 942 1275 999 si
1301 943 1426 1013 quis
1446 958 1577 997 vero
1602 941 1727 996 talis
1757 958 1865 997 non
1896 948 2002 1004 est,
2031 942 2120 996 ﬁat

2221 943 2445 1015 ὀνόματι
2462 947 2684 1019 Κυρίου·
2699 948 2831 1014 Θεὸς
2846 951 3048 1021 Κύριος
3059 954 3086 1006 ὁ
3101 954 3381 1024 ἐπιφανεὶς
3397 958 3527 1028 ἡμῖν
3542 958 3601 1011 ὲν
3618 961 3772 1032 σαρκί
3778 1001 3791 1015 .

550 1055 646 1108 per
675 1038 1069 1109 pmnitcntiam.
1105 1035 1444 1090 Committite
1480 1041 1663 1089 autem
1702 1041 1757 1089 et
1783 1033 2120 1105 presbyteris

2222 1037 2290 1090 Εί
2309 1055 2393 1102 τις
2412 1038 2584 1108 διγιος,
2606 1044 3011 1114 προσερχέσθω·
3038 1048 3086 1100 εί
3116 1047 3171 1100 δέ
3193 1065 3277 1112 τις
3291 1050 3391 1103 οὐκ
3408 1049 3544 1117 ἐστι,
3568 1051 3793 1120 γινέσθω

549 1132 768 1199 vestris,
802 1138 860 1184 ut
883 1130 1086 1202 gratias
1116 1135 1304 1199 agant.

1085 1310 1316 1367 CAPUT
1356 1309 1573 1367 XXVII.

605 1427 914 1483 Gratiarum
966 1428 1106 1482 actio
1155 1442 1251 1496 pro
1306 1426 1530 1495 mystico
1578 1432 1629 1480 et
1681 1424 2063 1479 sacramentali

1186 1506 1472 1568 unguento.

614 1592 720 1647 Pro
767 1600 1042 1662 unguento
1094 1596 1312 1654 autem,
1358 1590 1505 1644 hunc
1555 1588 1610 1643 in
1653 1589 1875 1645 modum
1913 1591 2117 1661 gratias

543 1688 725 1756 agite:
761 1685 978 1739 Gratias
1010 1685 1222 1755 agimus
1257 1681 1379 1747 tibi,
1414 1681 1559 1738 Deus
1591 1690 1811 1737 creator
1845 1683 2113 1750 omnium,

540 1780 704 1833 etiam
735 1793 835 1849 pro
876 1776 1173 1847 fragrantia
1206 1774 1524 1855 ‘unguenti;
1577 1782 1632 1828 et
1664 1789 1764 1844 pro
1817 1775 2113 1829 immortali

2218 1128 2307 1182 διὰ
2336 1133 2641 1201 μετανοίας.
2683 1135 3038 1209 Ἐπιτρέπετε
3065 1138 3124 1193 δὲ
3150 1142 3244 1195 xui
3273 1145 3386 1207 τοῖς
3411 1144 3791 1218 πρεσϐυτέροις

2221 1221 2395 1294 ὑμῶν,
2425 1224 2788 1298 εὐχαριστεῖν.

2728 1319 3122 1377 ΚΕΦΑΛΑῙΟΝ
3159 1325 3279 1381 ΚΖ’.

2323 1429 2690 1499 Εὐχαριστία
2718 1432 2851 1502 περὶ
2879 1435 2986 1491 τοῦ
3006 1440 3306 1508 μυστικοῦ
3336 1440 3446 1516 (64)
3469 1445 3686 1515 μύρου.

2287 1585 2424 1680 Περὶ
2466 1587 2523 1641 δὲ
2557 1589 2652 1643 τοῦ
2700 1590 2873 1665 μύρου
2916 1594 3088 1663 οὕτως
3142 1600 3589 1676 εὐχαριστήσατε·
3619 1608 3789 1680 Εὐχαιο

2218 1679 2522 1776 ριστοῦ-μιξνΔ
2537 1699 2638 1749 σοι,
2682 1684 2782 1737 Θεὲ
2824 1686 3121 1764 δημιουργὲ
3166 1694 3276 1749 τῶν
3308 1696 3465 1762 ὅλων,
3515 1700 3609 1754 xui
3653 1702 3788 1776 ὑπὲρ

2214 1769 2316 1839 τῆς
2363 1771 2591 1838 εὐωδίας
2646 1776 2740 1830 τοῦ
2796 1780 2990 1852 μύρου,
3040 1784 3134 1837 xui
3192 1787 3333 1860 ὑπὲρ
3378 1789 3473 1844 τοῦ
3522 1769 3785 1854 ἀθανάτου

541 1871 779 1934 επςουιο,
814 1869 960 1940 quod
1004 1867 1302 1923 notiﬁcasti
1347 1867 1505 1922 nobis
1553 1881 1651 1936 per
1693 1864 1882 1921 Jcsum
1914 1865 2112 1921 Filium

2215 1861 2410 1927 αἰῶνος
2434 1907 2447 1932 ,
2478 1863 2541 1920 οὐ
2586 1869 2890 1943 ἐγνώρισάς
2928 1877 3061 1947 ἡμῖν
3105 1878 3193 1933 διὰ
3244 1880 3414 1953 Ἰησοῦ
3453 1885 3548 1939 τοῦ
3594 1887 3788 1954 Παιδός

540 1971 717 2018 tuum.
764 1962 1033 2028 Quoniam
1064 1959 1133 2014 ad
1177 1967 1231 2013 te
1268 1959 1502 2029 pertinet
1545 1958 1748 2028 gloria,
1786 1966 1841 2013 et
1871 1966 2113 2028 potestas

540 2055 594 2109 in
620 2055 842 2111 saacula.
872 2053 1067 2109 Amen.
1102 2052 1203 2119 Qui
1236 2051 1525 2114 accedens,
1559 2050 1664 2104 hoc
1706 2050 1867 2105 modo
1905 2051 2111 2120 gratias

536 2147 741 2218 egerit,
789 2145 1017 2215 recipite
1064 2145 1216 2199 illum
1268 2149 1329 2197 ut
1361 2141 1691 2212 discipulum
1744 2141 1981 2211 Christi;
2024 2144 2110 2199 sin

537 2255 668 2294 vero
692 2238 854 2293 aliam
884 2237 1191 2293 doctrinam
1218 2235 1512 2307 praedicet,
1555 2243 1753 2305 praeter
1779 2251 1901 2290 eam
1944 2252 2108 2307 quam

535 2334 691 2388 vobis
719 2348 816 2404 per
845 2346 945 2386 nos
967 2329 1219 2386 Christus
1246 2327 1502 2391 tradidit,
1522 2326 1652 2383 huic
1682 2344 1752 2384 ne
1782 2331 2110 2398 permittatis

535 2426 740 2496 gratias
792 2440 994 2495 agere:
1030 2424 1077 2477 is
1124 2422 1270 2477 enim
1313 2420 1647 2476 contumelia
1683 2420 1849 2475 aiIicit
1896 2419 2105 2491 Deum,

535 2518 717 2589 potius
743 2532 907 2588 quam
938 2516 1193 2572 honorat.

1061 2650 1290 2707 CAPUT
1330 2650 1570 2709 XXVIII.

466 2750 469 2751 ν
532 2763 687 2832 Quod
737 2783 841 2821 non
884 2776 1122 2837 oporteat
1174 2765 1538 2836 indi/ﬁrmiter
1574 2766 1643 2820 ad
1687 2768 2103 2823 communionem

1166 2838 1464 2892 admittere.

599 2928 921 3000 Quicunque
972 2946 1102 2987 vero
1132 2931 1337 2989 adqvos
1374 2930 1552 2995 venit,
1590 2930 1886 2999 probetur,
1934 2938 1989 2987 et
2020 2931 2103 2987 sic

528 3022 849 3077 admittatur
890 3042 903 3079 :
966 3022 1378 3095 intelligentiam
1425 3024 1571 3077 enim
1628 3022 1840 3078 habetis
1864 3062 1879 3087 ,
1915 3030 1970 3078 et
2004 3038 2103 3093 po-

525 3116 685 3171 testis
734 3131 1031 3187 agnoscere
1076 3116 1356 3171 dexteram
1388 3116 1474 3169 vel
1521 3115 1801 3169 sinistram
1823 3115 1891 3177 "°,
1936 3123 2101 3185 atque

2217 1969 2330 2008 σου.
2370 1956 2490 2011 ’Ότι
2527 1960 2620 2014 σοὺ
2651 1963 2798 2017 ἐστιν
2835 1967 2866 2037 ἡ
2895 1967 3049 2036 δόξα,
3082 1972 3178 2024 καὶ
3205 1974 3236 2045 ἡ
3266 1973 3493 2046 δύναμις
3515 2019 3530 2045 ,
3556 1979 3636 2043 είς
3664 1981 3785 2047 τούς

2213 2048 2431 2114 αἰῶνας.
2491 2053 2682 2127 Ἀμήν.
2731 2058 2830 2122 ὐς
2881 2058 2976 2113 ἐάν
3024 2062 3192 2117 ἐλθὼν
3237 2064 3411 2129 οὕτως
3453 2069 3784 2143 εὐχαριστῇ,

2213 2142 2576 2213 προσδέξασθε
2619 2148 2781 2203 αὐτὸν
2832 2150 2908 2214 ὡς
2955 2152 3193 2224 Χριστοῦ
3252 2156 3529 2231 μαθητήν·
3582 2160 3682 2215 ἐὰν
3730 2162 3784 2217 δὲ

2209 2234 2373 2306 ἄλλην
2399 2237 2617 2310 διδαχὴν
2651 2242 2932 2317 κηρύσσῃ,
2976 2248 3103 2318 παρ’
3137 2249 3204 2320 ἣν
3233 2249 3361 2321 ὑμῖν
3407 2252 3724 2325 παρέδωκεν
3757 2257 3786 2310 ὁ

2207 2326 2443 2398 Χριστὸς
2481 2329 2547 2383 δι’
2577 2333 2756 2403 ἡμῶν,
2782 2334 2860 2406 τῷ
2893 2340 3118 2410 τοιούτῳ
3150 2339 3223 2412 μὴ
3254 2348 3583 2415 συγχωρεῖτε
3626 2349 3786 2418 εὐχα-

2209 2422 2430 2576 Etet-raw
2466 2422 2676 2496 ὑϐρίζει
2704 2424 2813 2499 γὰρ
2855 2428 2883 2480 ὁ
2912 2431 3153 2496 τοιοῦτος
3184 2432 3278 2486 τὸν
3324 2434 3485 2503 Θεὸν,
3514 2439 3660 2511 ἤπερ
3702 2440 3787 2494 δο-

2241 2527 2275 2564 α
2310 2529 2380 2566 ει.

2241 2527 2380 2566 αςει.

2705 2655 3099 2712 ΚΕΦΑΛΑΙΟΝ
3134 2660 3266 2715 ΚΗ’.

2209 2762 2336 2818 Ὀτι
2366 2766 2439 2821 οὐ
2481 2766 2598 2837 χρὴ
2626 2768 2971 2840 ἀδιαφορεῖν
2996 2774 3131 2843 περὶ
3156 2775 3271 2845 τὴν
3296 2778 3612 2835 κοινωνίαν
3642 2780 3783 2856 (65),

2273 2922 2389 2987 Πᾶς
2414 2924 2470 2979 δὲ
2497 2926 2525 2978 ό
2560 2926 2853 2998 ἐρχόμενος
2883 2929 3019 3002 πρὸς
3047 2931 3218 3004 ὑμᾶς,
3244 2933 3607 3007 δοκιμασθεὶς,
3635 2940 3781 2997 οὕτω

2200 3014 2457 3108 δεχέσθω·
2489 3017 2700 3072 σύνεσιν
2731 3020 2839 3092 γὰρ
2869 3020 3043 3093 ἔχετε,
3068 3025 3162 3078 καὶ
3190 3025 3415 3081 δύνασθε
3441 3030 3642 3098 γνῶναι
3666 3034 3777 3108 (66)

2200 3106 2397 3174 δεξιὰν,
2427 3108 2460 3180 ἢ
2491 3110 2806 3184 ἀριστερὰν,
2835 3116 2928 3169 xui
2963 3116 3232 3189 διακρῖναι
3261 3106 3779 3193 ψευδοδιδασκάλους

525 3208 838 3263 discernere
880 3208 1047 3263 falsos
1089 3208 1344 3263 doctores
1376 3222 1406 3259 a
1453 3206 1797 3263 doctoribus.
1845 3204 2095 3263 Venienti

2200 3198 2551 3257 διδασκάλων.
2590 3203 2822 3259 Ἐλθὸντι
2853 3207 3033 3278 μέντοι
3056 3209 3133 3281 τῷ
3158 3211 3478 3285 διδασκάλῳ,
3503 3216 3567 3270 ὲκ
3595 3217 3777 3291 ψυχῆς

523 3299 774 3370 equidem
804 3299 1043 3361 doctori,
1062 3315 1130 3354 ex
1158 3300 1342 3353 animo
1373 3297 1717 3369 suppeditate
1745 3300 2092 3356 necessaria:

525 3392 665 3445 falso
716 3398 897 3446 autem
950 3391 1163 3446 doctori
1208 3391 1462 3447 tribuetis
1510 3391 1728 3461 quidem
1781 3407 1903 3462 qua:
1958 3408 2096 3464 opus

522 3492 687 3551 sunt;
745 3489 800 3536 at
848 3498 959 3537 non
1009 3483 1287 3554 recipietis
1337 3499 1581 3539 errorem
1641 3483 1791 3539 illius
1844 3503 1858 3539 :
1919 3500 2096 3556 neque

520 3576 685 3629 etiam
718 3590 826 3629 una
850 3590 973 3630 cum
1012 3591 1077 3631 eo
1107 3575 1306 3641 oretis,
1338 3592 1408 3632 ne
1454 3576 1575 3644 ejus
1605 3577 1866 3633 societate
1916 3576 2096 3648 inqui-

522 3668 744 3723 nemini.
784 3666 974 3726 Omnis
1003 3669 1268 3739 propheta
1306 3685 1500 3733 verus,
1533 3669 1619 3725 vel
1671 3668 1961 3740 magister,
1999 3670 2093 3740 qui

521 3759 667 3813 venit
693 3760 761 3814 ad
791 3775 911 3827 vos,
944 3761 1142 3834 dignus
1174 3768 1259 3817 est
1286 3762 1436 3829 cibo,
1469 3770 1528 3817 ut
1557 3761 1847 3832 operarius
1880 3776 2092 3815 sermo-

520 3852 606 3907 nis
631 3852 882 3923 iustitiae.

1065 3967 1295 4027 CAPUT
1344 3967 1540 4024 XXIX.

904 4066 982 4121 De
1008 4062 1358 4119 oblationibus
1383 4062 1707 4119 constitutio.

587 4162 787 4218 Omnes
820 4157 1089 4231 primitias
1114 4156 1497 4227 provenientes
1532 4171 1562 4209 e
1593 4153 1856 4210 torculari
1876 4194 1892 4219 ,
1921 4169 2048 4211 area
2066 4195 2086 4220 ,

514 4268 569 4313 et
614 4256 790 4312 bobus
824 4260 986 4323 atque
1034 4251 1263 4314 ovibus,
1299 4248 1679 4304 sacerdotibus
1712 4248 1871 4303 dabis
1917 4249 1993 4313 ⁷⁷,
2030 4256 2087 4304 ut

515 4349 909 4405 benedicantur
952 4344 1191 4414 reposita
1238 4342 1293 4396 in
1330 4342 1568 4395 cellariis
1610 4341 1744 4404 tuis,
1785 4352 1839 4396 et
1877 4340 2086 4399 fructus

514 4452 671 4497 terrae
700 4448 834 4506 tute;
863 4448 1029 4508 utque
1076 4435 1327 4491 innitaris
1360 4434 1660 4498 frumento,
1689 4434 1816 4488 vino
1842 4445 1897 4489 et
1935 4435 2083 4501 oleo,

512 4540 922 4603 augeanturque
969 4536 1215 4583 armenta
1260 4528 1422 4582 boum
1484 4534 1737 4591 tuorum,
1779 4534 1834 4581 et
1893 4543 2084 4598 greges

511 4628 693 4680 ovium
724 4633 963 4679 tuarum.
994 4621 1224 4677 Omnem
1268 4620 1531 4674 decimam
1581 4619 1739 4674 dabis
1783 4619 1988 4688 pupillo
2016 4634 2081 4675 ac

514 4717 716 4781 viduae,
764 4715 987 4788 pauperi
1019 4722 1073 4769 et
1104 4712 1371 4767 advena:
1416 4726 1604 4767 omnes
1655 4710 1929 4780 primitias
1978 4726 2076 4781 pa-

580 4860 625 4894 “
648 4862 667 4916 I
689 4862 817 4916 Cor.
849 4875 960 4924 xvt,
991 4859 1082 4914 22.
1157 4858 1204 4891 ⁷⁵
1227 4855 1418 4911 Matth.
1458 4871 1571 4922 xxx,
1607 4856 1669 4925 9;
1702 4855 1870 4915 Marc.
1919 4873 1998 4924 ιι,
2029 4856 2116 4912 10.

2198 3291 2634 3367 ἐπιχορηγήσατε
2663 3296 2732 3351 τὰ
2757 3298 2961 3352 δέοντα·
2994 3301 3072 3373 τῷ
3096 3303 3154 3355 δὲ
3190 3304 3654 3382 ψευδοδιδάσκάλῳ
3675 3312 3776 3365 δώ-

2198 3400 2319 3438 σετε
2344 3384 2440 3457 ριν
2458 3387 2526 3441 τὰ
2544 3387 2652 3461 (67)
2674 3390 2810 3463 πρὸς
2828 3392 3036 3464 χρείαν,
3060 3395 3119 3448 οὐ
3142 3399 3502 3470 παραδέξεσθε
3524 3402 3581 3456 δὲ
3605 3405 3771 3460 αὐτοῦ

2194 3475 2292 3548 τὴν
2336 3478 2572 3551 πλάνην·
2620 3480 2742 3536 οὐτε
2794 3483 2899 3557 μὴν
2929 3490 3408 3562 ωμπροσεύξησθε
3447 3493 3594 3566 αὐτῷ
3618 3535 3632 3560 ,
3685 3498 3772 3553 ἵνα

2198 3569 2271 3641 μὴ
2296 3574 2671 3646 συμμιανθῆτε
2700 3576 2865 3648 αὐτῷ·
2889 3581 2997 3643 πᾶς
3024 3583 3310 3655 προφήτης
3338 3584 3608 3657 ἀληθινὸς,
3638 3588 3671 3661 ἢ
3693 3589 3772 3642 δι-

2192 3660 2474 3755 δάσκαλος,
2505 3667 2795 3739 ἐρχόμενος
2826 3671 2963 3742 πρὸς
3008 3672 3170 3744 ὑμᾶς,
3198 3676 3346 3742 ἄξιός
3374 3680 3490 3734 ἐστι
3515 3680 3616 3752 τῆς

2193 3754 2320 3825 φῆς,
2344 3756 2418 3822 ὼς
2446 3758 2683 3833 ἐργάτης
2718 3761 2875 3832 λόγου
2897 3764 3254 3839 δικαιοσύνης.

2694 3964 3091 4021 ΚΕΦΑΛΑῙΟΝ
3128 3969 3257 4024 ΚΘ¹.

2536 4053 2677 4123 Περὶ
2702 4058 3111 4127 καρποφοριῶν
3137 4060 3414 4131 διάταξις.

2259 4143 2447 4198 Πᾶσαν
2478 4145 2731 4219 ἀπαρχὴν
2761 4151 3112 4221 γεννημάτων
3142 4153 3323 4225 ληνοῦ,
3358 4158 3579 4223 ἅλωνος,
3622 4161 3760 4234 βοῶν

2186 4257 2245 4294 τε
2278 4242 2371 4296 xui
2412 4243 2718 4314 προϐάτων,
2750 4244 2939 4310 δώσεις
2979 4250 3091 4311 τοῖς
3124 4247 3383 4320 ἱερεῦσιν,
3421 4252 3504 4305 ἵνα
3545 4253 3761 4327 εὐλογη-

2187 4337 2351 4391 θῶσιν
2382 4339 2439 4391 αἱ
2470 4337 2743 4409 ἀποθῆκαι
2770 4338 2878 4392 τῶν
2896 4340 3134 4411 ταμείων
3163 4358 3277 4406 σου,
3309 4343 3402 4397 xui
3429 4343 3497 4397 τὰ
3529 4344 3758 4419 ὲκφόρια

2184 4429 2285 4500 τῆς
2310 4428 2415 4499 γῆς
2438 4446 2553 4493 σου,
2578 4431 2670 4483 xui
2703 4431 2996 4502 στηριχθῇς
3026 4432 3157 4504 σίτῳ
3181 4435 3274 4488 xui
3297 4436 3423 4507 οίνῳ
3450 4438 3544 4490 xui
3569 4437 3753 4510 ἐλαίῳ,

2185 4522 2280 4576 xui
2309 4522 2517 4595 αὐξηθῇ
2546 4522 2615 4576 τὰ
2648 4523 2897 4594 βουκόλια
2926 4524 3040 4609 ὶτῶν
3072 4525 3211 4596 βοῶν
3253 4544 3344 4581 σου
3365 4568 3381 4593 ,
3419 4532 3513 4584 xui
3541 4532 3610 4585 τά
3638 4533 3755 4585 ποία

2114 4599 2158 4655 D
2187 4635 2315 4689 μνια
2354 4618 2461 4671 τῶν
2506 4618 2793 4691 προϐάτων
2838 4599 2950 4671 σουὶ.
2984 4619 3171 4673 Πᾶσαν
3201 4619 3428 4692 δεκάτην
3464 4623 3655 4689 δώσεις
3678 4623 3755 4696 τῷ

2182 4709 2404 4782 ὀρφανῷ
2432 4711 2527 4763 xui
2551 4713 2617 4781 τῇ
2650 4711 2814 4783 χήρᾳ,
2838 4710 2916 4781 τῷ
2948 4710 3146 4781 πτωχῷ
3170 4712 3265 4765 xui
3290 4713 3368 4786 τῷ
3394 4716 3748 4790 προσηλύτῳ·

2187 4856 2234 4888 ⁷⁸
2259 4853 2385 4912 Jun.
2418 4873 2495 4925 tv,
2536 4858 2625 4914 11.
2693 4858 2739 4892 ⁷⁷
2765 4857 2926 4916 Num.
2966 4838 3121 4917 xvtn.

1839 5035 2207 5095 VARIORUM
2238 5004 2472 5098 Noraf.

577 5180 687 5252 (65)
728 5177 886 5245 Αὕτη
910 5175 1240 5252 μαραναθάἶ
1272 5174 1385 5252 Hoc
1414 5183 1518 5252 est,
1546 5174 1777 5252 Regnum
1812 5178 2067 5252 Dei,.Do-
2133 5157 2137 5160 ”
2169 5190 2306 5237 venit
2334 5181 2613 5237 Dominus.
2645 5181 2891 5252 Apostoli
2921 5182 3034 5237 veri
3062 5181 3142 5237 sic
3171 5197 3280 5238 non
3322 5191 3509 5240 essent
3551 5183 3739 5251 locuti,

504 5248 675 5306 minus
696 5261 872 5304 noster
897 5250 1055 5311 venit,
1080 5258 1171 5301 aut
1198 5248 1241 5301 si
1270 5249 1374 5311 vis,
1399 5249 1582 5307 veniet.
1606 5250 1687 5303 vel
1709 5251 1899 5303 veniat.
1926 5251 2063 5306 Cor.

2168 5254 2264 5322 qui
2312 5261 2575 5324 noverant
2630 5253 2781 5308 vocis
2830 5252 3193 5324 signiﬁcatum
3257 5261 3310 5309 et
3386 5270 3579 5321 usum;
3648 5255 3739 5311 sed

502 5323 684 5396 -—7Est
716 5320 924 5396 in_cod.
955 5317 1116 5396 Vind.
1146 5319 1336 5389 αὐτήν,
1361 5318 1506 5396 quod
1531 5318 1821 5396 vitiosum;
1847 5322 1942 5376 sed
1967 5337 2068 5396 nec
2171 5317 2335 5396 homo
2364 5322 2606 5396 Graecus:
2635 5317 3099 5394 quisquis'fuerit,
3147 5340 3429 5396 perperam
3456 5317 3736 5396 loquentes

502 5395 730 5463 vulgatae
777 5389 1052 5463 [.ectionis
1084 5405 1282 5463 sc_n_sus
1306 5390 1527 5463 placet,
1570 5391 1783 5456 qualem
1835 5392 2069 5463 commi-

501 5458 733 5519 niscitur
775 5461 1099 5516 Cotelerius.
1141 5458 1256 5515 Vox
1301 5459 1521 5530 Syriaca
1552 5470 1793 5520 unum:
1813 5470 1907 5516 aut
1948 5462 2069 5516 duas

498 5545 618 5592 an.»
644 5544 760 5599 T113
786 5533 1039 5586 Dominus
1068 5533 1224 5593 venit,
1268 5531 1627 5584 adhibebatur
1654 5531 1709 5584 in
1753 5533 2072 5586 anathema-

2169 5410 2265 5449 eos
2296 5394 2527 5450 induxit.
2560 5393 2728 5450 Cum.

2266 5464 2355 5527 64)
2386 5465 2713 5519 Μυστικοῦ,
2748 5464 2896 5519 Alter
2926 5464 3096 5519 codex
3121 5465 3283 5520 habet
3305 5466 3469 5523 θείου.
3494 5467 3568 5523 In.

2266 5466 2355 5527 64)
2386 5466 2713 5519 Μυστικοῦ,
2748 5466 2896 5519 Alter
2926 5466 3096 5519 codex
3121 5466 3283 5520 habet
3305 5466 3469 5523 θείου.
3494 5467 3568 5523 In.

2244 5466 2356 5617 itif?)
2394 5536 2737 5617 Κρινςογίιιν.
2772 5535 3412 5617 {dditmterquefodex
3463 5536 3731 5617 Vindobo-

498 5606 665 5679 tibus,
696 5604 894 5679 quibus
923 5619 1095 5679 paruae
1123 5602 1485 5679 delinquentis
1536 5602 1602 5655 ad
1654 5600 1820 5679 Deum
1870 5601 2071 5679 refere-

2200 5600 2601 5679 Iens‘i’scu'pdu
2633 5606 2919 5679 σκοπεζνεί
2940 5600 3453 5679 ξστιπρεσϐὐτερος,
3487 5607 3519 5679 ἧ
3553 5607 3727 5679 διάκο-

499 5671 729 5730 bantur:
759 5673 894 5728 Vide
943 5672 961 5725 I
1001 5673 1129 5728 Cor.
1160 5689 1270 5731 xw,
1307 5671 1397 5732 29.,
1434 5678 1488 5725 et

494 5760 629 5813 cum,
670 5745 1015 5813 interpretes.
1067 5741 1411 5813 Nonrpotest
1449 5741 1567 5813 Jdici
1612 5743 1739 5813 περὶ
1789 5742 1888 5813 τῆς
1930 5741 2065 5813 Θεοῦ

496 5812 769 5887 βασιλείας
816 5804 962 5885 quod
1007 5812 1094 5867 hic
1129 5804 1359 5867 habetur
1410 5809 1548 5881 αὕτη
1612 5804 1916 5882 μαραναθά,
1957 5812 2066 5867 hwc

1530 5687 1651 5740 qua:
1700 5672 1765 5725 ad
1812 5688 1934 5727 eum
1986 5672 2067 5725 lo-

1530 5741 1567 5794 :i
1612 5743 1739 5798 περὶ
1789 5742 1888 5798 τῆς
1930 5741 2065 5795 Θεοῦ

2200 5674 2581 5798 ιοςὲἷθόδοξρς,
2610 5676 2738 5739 τοὺς
2760 5675 2868 5757 γὰρ
2899 5676 2972 5746 μὴ
3001 5672 3272 5759 τοιούτους
3303 5672 3587 5732 ἐκκλίνειν.
3622 5674 3694 5732 In.

2237 5744 2264 5798 ί
2341 5747 2356 5798 i
2395 5747 2646 5798 Γνωναι.
2680 5744 2871 5798 Melius
2899 5746 3021 5798 cod.
3048 5745 3209 5798 Vind.
3242 5748 3555 5798 διαγνῶναι.
3590 5747 3663 5798 In.

2395 5744 2646 5816 Γνῶναι.
2680 5744 2871 5816 Melius
2899 5744 3021 5801 cod.
3048 5745 3209 5802 Vind.
3242 5748 3555 5816 διαγνῶναι.
3590 5747 3663 5801 In.

2398 5814 2491 5870 Τά.
2524 5815 2687 5871 Addit
2724 5815 2867 5873 idem
2902 5816 3073 5873 codex
3101 5817 3307 5884 δέοντα,
3341 5814 3397 5872 ut
3429 5826 3607 5873 antea.
3652 5817 3724 5871 In.

2237 5744 2356 5887 ἷὲξξ
