4062 6258
318 417 451 473 1021

1147 413 1742 475 CONSTITUTIONES
1772 415 2245 478 APOSTOLICIE.
2282 451 2353 462 —
2386 420 2512 479 LIB.
2549 420 2661 481 VII.

3431 426 3571 484 1029

309 538 491 591 πᾶσαν
521 534 777 608 ἀπαρχὴν
806 535 984 608 ἀρτων
1017 533 1255 608 θερμῶν,
1289 538 1553 610 κεραμίου
1585 538 1694 612 (68)
1721 540 1883 609 οῐνου,

1990 556 2118 594 num
2150 539 2471 608 calidorum,
2513 541 2626 597 vini
2671 557 2701 596 e
2730 540 2899 605 dolio,
2936 548 3030 598 aut
3060 541 3187 605 olei,
3226 547 3321 596 aut
3362 542 3564 604 mellis,

307 630 343 703 ἢ
376 631 578 693 ελαίου,
610 629 644 701 ἢ
679 629 911 701 μέλιτος,
947 629 979 701 ἢ
1010 629 1327 702 ἀκροδρύων
1346 671 1359 695 ,
1386 632 1683 702 σταφυλῆς,
1717 632 1751 704 ἢ
1782 620 1890 687 τῶν

308 727 483 782 ἄλλων
506 726 605 796 τήν
643 724 898 796 ἀπαρχήν
933 722 1124 786 δώσεις
1170 726 1283 787 τοῖς
1328 723 1594 795 ἱερεῦσιν·
1627 724 1890 796 ἀργυρίου

308 819 364 872 δὲ
394 820 489 872 καὶ
514 816 838 888 ἱματισμοῦ,
868 816 963 869 καὶ
994 814 1196 879 παντὸς
1234 816 1535 888 κτήματος,
1562 815 1641 888 τῷ
1670 816 1891 890 ὀρφανῷ

310 914 406 968 καὶ
435 916 501 985 τῇ
530 914 697 985 χήρᾳο

837 1001 1234 1058 ΚΕΦΑΛᾹῙΟΝ
1270 1001 1350 1055 A'.

315 1103 502 1167 Ὅπως
532 1099 645 1168 χρὴ
674 1096 790 1166 τὴν
814 1095 1229 1168 ἀναστάᾳιμον
1266 1092 1384 1168 τοῦ-
1414 1091 1691 1168 Σωτῆρος
1722 1091 1893 1164 ἡμῶν

502 1162 744 1240 θὶῷ-ἐραν
762 1162 1333 1235 συναθροιζομένους
1360 1162 1672 1233 ἑορτάζειν.

379 1329 492 1402 Τήν
524 1326 890 1396 ἀναστάσιμον
917 1322 1012 1377 τοῦ
1044 1320 1251 1393 Κυρίου
1288 1321 1524 1393 ἡμέραν,
1555 1318 1654 1392 τήν
1682 1319 1891 1391 Κυρια-

309 1424 415 1494 κήν
448 1437 646 1492 φαμεν,
681 1415 1005 1488 συνέρχεσθε
1033 1413 1413 1479 ἀδιαλείπτως,
1444 1410 1892 1484 εὐχαριστοῦντες

309 1517 388 1589 τῷ
419 1516 555 1586 Θεῷ,
598 1500 692 1568 καὶ
741 1508 1217 1581 ἐξομολογούμενοι
1267 1506 1353 1575 ἐφ’
1395 1499 1477 1568 οἷς
1522 1504 1889 1575 εὐηργέτησεν

312 1611 458 1681 ὑμᾶς
494 1607 601 1679 (69)
630 1606 658 1657 ό
689 1603 821 1667 Θεὸς
860 1601 947 1655 διὰ
986 1597 1254 1673 Χριστοῦ,
1302 1597 1601 1669 ῥυσάμενος
1644 1595 1886 1664 ἀγνοίας,

312 1700 539 1769 πλάνης,
586 1695 826 1768 δεσμῶν·
874 1694 1022 1756 ὅπως
1071 1687 1422 1765 ἀμεμπτοςῇ
1459 1693 1492 1762 ή
1522 1689 1681 1742 θυσία
1713 1691 1887 1762 ὑμῶν,

314 1794 408 1848 καὶ
435 1790 769 1860 εὐανάφορος
789 1785 929 1856 θεῷ,
958 1784 1038 1857 τῷ
1077 1783 1281 1837 είπόντι
1310 1784 1438 1855 περὶ
1464 1783 1564 1853 τῆς
1588 1784 1891 1853 οἰκουμενι-

311 1886 418 1956 κῆς
467 1879 634 1937 αὐτοῦ
692 1877 1041 1948 Ἐκκλησίας,
1085 1877 1168 1929 ὅτι
1215 1895 1233 1926 ι
1272 1876 1331 1927 έν
1378 1876 1542 1928 παντὶ
1592 1874 1769 1945 τόπῳ
1801 1892 1889 1945 μοι

1993 642 2086 685 aut
2131 632 2444 701 fructuum,
2491 650 2641 699 uvae,
2675 642 2769 689 aut
2818 633 3051 689 aliorum
3095 633 3373 705 primitias
3411 634 3569 691 dabis

1991 724 2400 793 sacerdotibus;
2449 726 2659 797 argenti
2703 741 2834 781 vero
2876 733 2931 781 et
2977 726 3326 793 vestimenti,
3358 726 3570 784 omnis-

1990 830 2097 887 que
2125 818 2512 887 possessionis,
2550 818 2795 890 orphano
2815 833 2880 873 ac
2908 817 3109 874 viduae.

2558 996 2790 1052 CAPUT
2826 994 3002 1052 XXX.

1992 1086 2267 1155 Quomodo
2297 1099 2533 1160 oporteat
2573 1090 2713 1144 diem
2760 1089 3133 1155 Dominicum,
3167 1091 3338 1145 nostri
3372 1089 3565 1147 Salva-

2059 1161 2195 1283 (toris
2244 1162 2617 1216 resurrectioni
2658 1160 2927 1227 dicatum,
2976 1174 3355 1234 congregatos,
3425 1163 3563 1219 cele-

2094 1247 2233 1283 rare.

2094 1247 2233 1286 rare.

2062 1321 2161 1379 Die
2209 1323 2634 1381 resurrectionis
2679 1323 2931 1391 Domini,
2965 1324 3071 1382 hoc
3112 1334 3197 1382 est
3241 1324 3563 1394 Dominica,

1991 1418 2282 1472 convenite
2332 1418 2553 1474 assidue
2574 1457 2589 1483 ,
2627 1419 2829 1489 gratias
2865 1428 3087 1491 agentes
3128 1419 3274 1486 Deo,
3308 1428 3362 1476 et
3391 1422 3564 1477 conti-

1992 1517 2171 1566 tentes
2214 1511 2281 1566 de
2317 1510 2599 1566 beneﬁciis
2639 1526 2761 1581 quae
2790 1512 2844 1565 in
2870 1527 2969 1568 vos
3012 1513 3245 1567 contulit
3292 1512 3436 1569 Deus
3466 1530 3565 1584 per

1991 1602 2293 1669 Christum,
2345 1604 2629 1659 liberando
2674 1605 2999 1675 ignorantia,
3028 1620 3246 1671 errore,
3289 1607 3561 1676 vinculis;

1992 1704 2052 1749 ut
2084 1695 2412 1752 sacriﬁcium
2446 1705 2691 1751 vestrum
2736 1698 2808 1752 sit
2851 1697 3289 1768 irreprehensum
3311 1738 3326 1763 ,
3358 1708 3412 1755 et
3452 1699 3565 1756 Deo

1992 1797 2295 1857 acceptum,
2324 1788 2419 1857 qui
2452 1788 2518 1843 de
2546 1786 2789 1842 Ecclesia
2822 1803 2920 1842 sua
2950 1789 3310 1852 meumenica,
3342 1806 3437 1846 seu
3467 1806 3566 1862 per

1990 1887 2167 1933 totum
2217 1880 2407 1935 orbem
2454 1878 2651 1935 ditl‘usa
2700 1878 2836 1933 dixit
2870 1896 2881 1932 :
2922 1898 2941 1931 ι
2988 1879 3048 1935 In
3079 1881 3228 1935 omni
3268 1882 3391 1936 loco
3429 1883 3565 1938 mihi

311 1972 809 2046 προσενεχθήσεται
852 1968 1124 2040 θυμίαμα,
1168 1968 1263 2020 καὶ
1310 1966 1469 2020 θυσία
1511 1966 1757 2038 καθαρά’
1807 1966 1888 2020 ὅτι

1993 1970 2250 2027 otl'erctur
2285 1972 2591 2035 incensum,
2621 1980 2673 2027 et
2718 1972 3047 2027 sacriﬁcium
3092 1974 3353 2028 mundum
3387 1993 3401 2030 :
3435 1975 3567 2046 quia

315 2067 569 2137 βασιλεὺς
608 2064 781 2136 μέγας
817 2060 930 2131 ἐγώ
984 2063 1133 2132 εἰμι,
1162 2059 1309 2128 λέγει
1342 2058 1546 2131 Κύριος
1586 2058 1892 2130 παντοκρά-

310 2176 446 2230 τωρ,
474 2158 568 2212 καῖ
593 2156 654 2209 τὸ
689 2153 862 2225 ὄνομά
894 2170 993 2225 μου
1024 2151 1332 2221 θαυμαστὸν
1363 2152 1421 2203 ὲν
1451 2154 1564 2214 τοῖς
1596 2149 1789 2203 ἔθνεσι.
1832 2167 1852 2201 ι

827 2244 1220 2299 ΚΕΦΑΛΑΙΟΝ
1257 2244 1381 2298 AA'.

458 2341 634 2405 Οἵους
660 2339 811 2393 εἶναι
839 2336 956 2407 χρὴ
988 2335 1130 2402 τοὺς
1158 2332 1749 2404 χειροτονουμένους.

383 2430 812 2504 Προχειρίσασθε
856 2429 912 2482 δὲ
954 2428 1286 2491 ἐπισκόπους
1328 2426 1512 2492 ἀξίους
1541 2425 1634 2478 τοῦ
1664 2424 1889 2497 Κυρίου,

309 2525 408 2579 καὶ
438 2523 861 2597 πρεσϐυτέρους,
895 2523 991 2575 καὶ
1016 2520 1312 2585 διακόνους,
1342 2519 1541 2591 ἄνδρας
1563 2518 1803 2580 εὐσεϐεῖς
1822 2518 1891 2583 ’⁸,

307 2617 573 2680 δικαίους,
604 2619 822 2689 πραεῖς,
854 2612 1290 2686 ἀφιλαργύρους,
1327 2609 1660 2683 φιλαλήθεις,
1688 2609 1893 2664 δεδοκι-

314 2709 645 2782 μασμένους,
699 2708 913 2774 ὁσίους,
957 2704 1514 2779 ἀπροσωπολήπτους,
1566 2701 1893 2774 δυναμένους

307 2806 579 2860 διδάσκειν
604 2804 697 2857 τὸν
723 2802 881 2872 λόγον
910 2801 1011 2872 τῆς
1042 2798 1340 2862 εὐσεϐείας,
1369 2794 1796 2869 ὀρθοτομοῦντας
1834 2795 1892 2848 ὲν

305 2901 425 2960 τοῖς
450 2895 544 2951 τοῦ
574 2896 778 2969 Κυρίου
810 2894 1092 2964 δόγμασιν.
1131 2891 1318 2962 Ὑμεῖς
1360 2889 1417 2942 δὲ
1452 2888 1649 2959 τιμᾶτε
1672 2885 1892 2949 τούτους

305 2991 387 3054 ὡς
432 2990 696 3061 πατέρας,
729 2987 804 3051 ώς
848 2986 1093 3058 κυρίους,
1137 2984 1214 3048 ὡς
1251 2982 1571 3054 εὐεργέτας,
1601 2980 1677 3044 ῶς
1705 2978 1800 3032 τοῦ
1830 2975 1890 3034 εῦ

306 3080 452 3136 εἶναι
500 3081 729 3144 αίτίους.
790 3078 1068 3148 Ἐλέγχετε
1106 3076 1163 3129 δὲ
1206 3075 1486 3146 ἀλλήλους,
1535 3071 1609 3144 μὴ
1645 3073 1702 3125 ὲν
1730 3072 1889 3143 ὀργῇ,

303 3175 426 3229 ἀλλ’
456 3175 513 3227 έν
547 3170 917 3245 μακροθυμίᾳ,
955 3168 1091 3240 μετὰ
1124 3167 1490 3240 χρηστότητος
1518 3166 1615 3219 καὶ
1646 3164 1888 3236 εἰρήνης.

263 3258 267 3261 λ
304 3267 498 3322 Πάντα
527 3264 595 3319 τὰ
623 3260 1077 3336 προστεταγμένα
1121 3261 1249 3330 ύμῖν
1280 3258 1385 3312 ὐπὸ
1414 3255 1505 3311 τοῦ
1544 3255 1746 3327 Κυρίου
1792 3273 1891 3325 φυ-

304 3360 528 3425 λάξατε.
577 3358 903 3429 Γρηγορεῖτε
934 3355 1073 3425 ὑπὲρ
1100 3352 1202 3422 τῆς
1241 3350 1387 3419 ζωῆς
1413 3348 1585 3420 ὑμῶν.
1623 3367 1642 3400 ι
1681 3349 1889 3401 ⁶Ἔστω-

306 3471 414 3507 σαν
449 3454 507 3505 αἱ
552 3451 751 3521 ὀσφύες
793 3448 947 3521 ὑμῶν
995 3443 1461 3517 περιεζωσμέναι,
1495 3442 1588 3495 καὶ
1632 3441 1680 3493 οἱ
1710 3440 1889 3510 λύχνοι

303 3546 617 3617 καιόμενοι·
649 3544 743 3597 καὶ
772 3544 929 3613 ὑμεῖς
973 3541 1145 3610 ὅμοιοι
1187 3535 1493 3607 ἀνθρώποις
1525 3532 1889 3603 προσδεχομέ-

298 3655 422 3701 νοις
464 3637 555 3690 τὸν
599 3634 786 3707 κύριον
816 3632 1042 3695 ἑαυτῶν,
1082 3630 1213 3683 πότε
1240 3629 1380 3700 ἥξει,
1420 3627 1657 3697 ἑσπέρας
1687 3626 1719 3695 ἢ
1746 3623 1889 3696 πρωῒ

302 3729 448 3800 (70),
483 3726 953 3797 ἀλεκτοροφωνίας
982 3724 1016 3793 ἢ
1050 3722 1396 3794 μεσονυκτίου
1416 3737 1430 3750 ·
1464 3713 1632 3793 ᾖγάρ
1677 3716 1796 3791 ῶρᾳ
1826 3716 1888 3769 οὐ

299 3819 704 3893 προσδοκῶσιν,
763 3816 1038 3869 ἐλεύσεται
1094 3816 1123 3867 ὁ
1169 3814 1402 3884 Κύριος·
1456 3810 1551 3864 καὶ
1599 3808 1692 3863 ὲάν
1739 3806 1889 3878 αὐτῷ

298 3914 563 3978 ἀνοίξωσι
587 3952 601 3977 ,
640 3912 898 3983 μακάριοι
927 3911 975 3962 οἱ
1010 3906 1188 3963 δοῦλοι
1217 3908 1411 3959 ἐκεῖνοι
1436 3943 1450 3968 ,
1480 3903 1561 3956 ὅτι
1589 3900 1889 3973 εὑρέθησαν

300 4006 734 4077 γρηγοροῦντεςο
782 4004 863 4056 ὅτι
909 4001 1292 4075 περιζώσεται,
1341 3999 1435 4053 καὶ
1483 3996 1756 4051 ἀνακλινεῖ
1794 3995 1891 4048 αὐ-

298 4099 455 4160 τοὺς,
477 4097 570 4150 καὶ
608 4094 892 4166 παρελθὼν
917 4092 1027 4163 (71)
1058 4093 1365 4163 διακονήσει
1385 4092 1587 4153 αὐτοῖς.
1631 4109 1649 4141 ›
1671 4091 1889 4161 Νήφετε

299 4186 424 4252 οῦν,
471 4190 566 4243 καὶ
594 4185 961 4259 προσεύχεσθε
997 4185 1070 4256 μὴ
1118 4185 1361 4237 ὐπνῶσαι
1406 4184 1486 4245 είς
1530 4181 1792 4235 θάνατον·
1826 4180 1889 4234 οὐ

300 4283 418 4354 γὰρ
445 4282 628 4352 ὀνήσει
658 4280 802 4350 ὑμᾶς
827 4278 897 4331 τὰ
939 4277 1181 4349 πρότερα
1227 4273 1625 4347 κατορθώματα
1650 4313 1663 4334 ,
1688 4274 1782 4326 ἐὰν
1810 4274 1890 4336 είς

299 4375 376 4426 τὰ
422 4372 624 4444 ἔσχατα
668 4371 820 4443 ὐμῶν
866 4368 1288 4441 ἀποπλανηθῆτε
1346 4366 1448 4438 τῆς
1508 4365 1745 4429 πίστεως
1788 4364 1889 4435 τῆς

301 4465 560 4537 ἀληθοῦς.
578 4468 581 4469 ⁷

550 4578 559 4586 ·
822 4553 1217 4609 ΚΕΦΑΛΛῙΟΝ
1252 4552 1372 4608 ΛΒ’.

579 4649 916 4718 Πρόρῤησις
942 4646 1075 4714 περὶ
1102 4645 1221 4699 τῶν
1240 4644 1611 4713 μελλόντων.

393 4743 481 4796 Ἐν
508 4742 617 4815 γὰρ
651 4744 773 4806 ταῖς
800 4740 1060 4812 ἐσχάταις
1086 4739 1323 4810 ἡμέραις
1348 4734 1813 4806 πληθυνθήσονται
1834 4734 1884 4788 οῖ

305 4834 744 4906 ψευδοπροφῆται
772 4835 868 4887 καὶ
894 4834 943 4887 οἱ
977 4831 1194 4903 φθορεῖς
1231 4829 1325 4883 τοῦ
1353 4830 1511 4899 λόγου
1534 4846 1546 4859 ·
1580 4828 1675 4881 καὶ
1719 4842 1887 4897 στρα-

310 4931 573 4999 φήσονται
619 4927 867 5000 πρόϐατα
918 4928 998 4990 είς
1030 4923 1235 4994 ,λύκους
1264 4925 1416 4995 καὶὴ
1465 4921 1652 4991 ἀγάπη
1687 4922 1765 4983 εἰς
1796 4921 1886 4990 μῖ..

313 5036 434 5082 σος·
482 5019 872 5089 πληθυνθείσης
919 5019 1027 5090 γὰρ
1058 5017 1158 5087 τῆς
1202 5016 1452 5087 ἀνομίας,
1501 5014 1805 5084 ψυγήσεται
1849 5012 1882 5083 ή

312 5110 500 5180 ἀγάπη
528 5110 634 5162 τῶν
668 5110 872 5163 πολλῶν
892 5127 905 5141 ο
942 5110 1227 5181 μισήσουσι
1269 5109 1378 5179 γάρ
1423 5106 1682 5178 ἀλλήλους
1710 5106 1759 5158 oi
1790 5105 1886 5159 άν-

313 5203 539 5274 θρωποι,
589 5202 683 5254 καὶ
727 5200 1004 5265 διώξουσι,
1055 5201 1148 5253 καὶ
1198 5198 1555 5271 προδώσουσι.
1609 5198 1719 5250 Καὶ
1765 5195 1885 5248 τότε

383 5332 429 5363 ⁷⁸
461 5331 584 5385 Mal.
636 5347 673 5395 ι,
722 5332 812 5397 ll,
866 5334 951 5390 14.

311 5404 354 5435 ⁸⁸
383 5401 573 5456 Matth.
605 5417 753 5457 xmv.

1913 4665 1961 4722 D

1057 5337 1100 5369 7’
1141 5336 1215 5401 al,
1269 5334 1538 5402 εὐλαϐεῖς.
1595 5334 1689 5392 Sic
1735 5345 1789 5391 et
1834 5333 1959 5391 cod.
2017 5331 2195 5389 Vind-

1993 2077 2086 2116 rex
2124 2078 2354 2132 magnus
2380 2078 2481 2133 ego
2510 2077 2631 2116 sum
2653 2104 2668 2128 ,
2716 2061 2850 2116 dicit
2881 2061 3144 2119 Dominus
3182 2066 3564 2136 omnipotens;

1989 2161 2044 2209 et
2078 2168 2279 2209 nomen
2307 2170 2487 2210 meum
2517 2153 2837 2209 admirabile
2872 2155 2926 2208 in
2961 2155 3215 2225 gentibus
3246 2156 3314 2212 ⁷⁸.
3344 2175 3364 2209 ι

2548 2244 2778 2301 CAPUT
2814 2244 3005 2300 XXXI.

2170 2338 2366 2405 Quales
2397 2356 2509 2394 esse
2536 2348 2774 2408 oporteat
2806 2355 2892 2393 eos
2925 2340 3016 2409 qui
3048 2338 3387 2397 ordinantur.

2060 2429 2256 2502 Eligite
2284 2441 2464 2486 autem
2494 2431 2779 2501 episcOpos
2817 2431 3013 2501 dignos
3056 2430 3317 2497 Domino,
3351 2440 3406 2488 et
3441 2450 3569 2505 pre-

1990 2523 2261 2594 sbyteros,
2293 2538 2356 2577 ac
2385 2523 2668 2585 diaconos,
2694 2524 2841 2578 viros
2867 2523 3009 2593 pios,
3028 2524 3228 2593 iustos,
3252 2526 3430 2589 mites,
3455 2543 3567 2584 non

1990 2632 2207 2676 avaros,
2240 2625 2485 2671 amantes
2529 2616 2808 2681 veritatis,
2846 2616 3141 2686 probatos,
3173 2627 3417 2685 sanctos,
3452 2636 3566 2679 non

1991 2717 2306 2777 aceeptores
2338 2723 2727 2778 personarum,
2755 2708 2851 2778 qui
2887 2709 3106 2764 valeant
3130 2709 3328 2766 docere
3360 2728 3569 2767 sermo-

1989 2817 2113 2856 nem
2143 2800 2382 2872 pietatis,
2415 2801 2509 2871 qui
2550 2809 2699 2856 recte
2734 2809 2920 2856 secent
2958 2816 3022 2855 ac
3053 2809 3288 2857 tractent
3313 2801 3567 2875 dogmata

1988 2893 2224 2948 Domini.
2254 2892 2366 2948 Vos
2405 2908 2537 2948 vero
2580 2892 2679 2949 hos
2720 2893 2986 2949 honorate
3045 2900 3105 2947 ut
3140 2904 3347 2964 patres,
3380 2906 3437 2951 ut
3466 2897 3568 2952 do-

1989 2986 2191 3049 minos,
2223 2993 2283 3039 ut
2316 2984 2610 3051 beneﬁcos,
2642 2992 2701 3038 ut
2748 2993 3003 3040 auctores
3046 2986 3194 3056 quod
3234 2986 3373 3042 bene
3406 2988 3564 3047 estis.

1988 3079 2214 3149 Arguite
2241 3079 2406 3133 etiam
2438 3095 2534 3135 vos
2561 3086 2771 3144 mutuo,
2810 3094 2921 3134 non
2951 3080 3006 3134 in
3037 3081 3139 3143 ira,
3173 3079 3268 3134 sed
3300 3081 3355 3134 in
3382 3096 3569 3151 aequa-

1990 3172 2259 3235 nimitate,
2293 3185 2417 3225 cum
2448 3170 2784 3241 benignitate
2816 3186 2879 3225 ac
2920 3186 3074 3241 pace.
3116 3170 3312 3226 Omnia
3349 3172 3504 3227 vobis
3534 3188 3568 3229 a

1991 3262 2221 3317 Domino
2246 3270 2516 3333 praecepta
2560 3270 2794 3318 servate.
2825 3261 3058 3334 Vigilate
3091 3278 3191 3333 pro
3222 3264 3332 3318 vita
3360 3271 3564 3321 vestra.

1999 3378 2017 3407 ι
2058 3355 2180 3410 Sint
2205 3356 2371 3411 lumbi
2406 3354 2574 3410 vestri
2604 3354 2908 3425 praecincti,
2938 3362 2993 3409 et
3019 3355 3255 3410 lucerna:
3280 3355 3564 3424 ardentes;

1990 3455 2044 3503 et
2087 3462 2184 3503 vos
2210 3448 2416 3503 similes
2457 3448 2773 3502 hominibus
2806 3448 3253 3518 exspectantibus
3280 3447 3563 3503 dominum

1992 3555 2173 3607 suum,
2208 3539 2425 3609 quando
2452 3541 2653 3607 veniet,
2683 3554 2909 3610 vespere
2936 3554 3005 3594 an
3032 3554 3214 3604 mane,
3245 3538 3369 3610 galli
3392 3546 3562 3593 canta

1992 3648 2060 3686 an
2094 3633 2272 3687 media
2312 3638 2472 3687 nocte
2507 3651 2520 3687 :
2551 3647 2658 3702 qua
2698 3632 2843 3688 enim
2892 3632 3025 3685 hora
3067 3646 3177 3686 non
3223 3637 3567 3701 exspectant,

1989 3726 2169 3780 veniet
2219 3724 2523 3780 Dominus:
2559 3732 2614 3780 et
2654 3723 2705 3780 ei
2753 3725 2798 3780 si
2838 3723 3191 3794 aperuerint,
3240 3723 3381 3779 beati
3421 3723 3565 3778 servi

1991 3817 2103 3881 illi,
2141 3818 2270 3887 quia
2320 3818 2525 3872 inventi
2574 3826 2703 3872 sunt
2753 3816 3043 3886 vigilantes
3076 3831 3091 3869 :
3123 3818 3381 3886 quoniam
3420 3831 3564 3886 pra:-

1990 3910 2172 3979 cinget
2221 3925 2299 3976 se,
2341 3920 2397 3963 et
2427 3909 2592 3963 faciet
2642 3910 2765 3964 illos
2805 3909 3174 3973 discumbere,
3206 3915 3260 3962 et
3288 3909 3565 3964 transiens

1990 4001 2325 4056 ministrabit
2376 4001 2486 4056 illis
2520 4001 2589 4057 ⁸⁶.
2636 4021 2654 4054 ι
2691 3999 2921 4072 Vigilate
2972 3999 3159 4071 igitur,
3206 4006 3260 4054 et
3308 4007 3457 4055 orate
3493 4016 3564 4057 ne

2004 4097 2292 4153 dormiatis
2333 4114 2388 4153 in
2423 4108 2652 4154 mortem
2688 4099 2758 4132 ⁸⁸·
2789 4117 2803 4153 :
2844 4114 2949 4152 non
2989 4097 3132 4151 enim
3166 4095 3435 4164 iuvabunt
3466 4106 3566 4146 vos

2003 4190 2189 4260 priora
2223 4200 2366 4244 recte
2393 4189 2555 4260 facta,
2582 4190 2627 4246 si
2651 4190 2704 4244 in
2736 4189 2997 4245 extremis
3024 4188 3219 4243 vestris
3249 4202 3280 4241 a
3303 4186 3405 4240 tlde
3437 4198 3565 4238 vera

2002 4278 2406 4338 aberraveritis.

2462 4536 2467 4539 ⁷
2530 4541 2761 4599 CAPUT
2800 4541 3012 4599 XXXII.

2424 4637 2771 4692 Denuutiatio
2800 4637 2863 4692 de
2891 4636 3106 4707 futuris.

2059 4731 2121 4787 In
2174 4731 2380 4787 ultimis
2425 4731 2571 4786 enim
2622 4731 2815 4787 diebus
2869 4726 3381 4800 multiplicabuntur
3433 4726 3558 4784 falsi

1990 4825 2266 4894 propheta:
2287 4830 2342 4878 et
2368 4832 2718 4894 corruptores
2749 4821 3059 4889 sermonis;
3089 4828 3143 4875 et
3170 4826 3557 4875 convertentur

1984 4933 2115 4972 oves
2145 4918 2200 4971 in
2231 4918 2410 4986 lupos,
2441 4923 2497 4971 et
2544 4915 2785 4971 charitas
2834 4916 2889 4969 in
2930 4914 3115 4969 odium
3155 4931 3169 4967 :
3211 4927 3337 4967 nam
3370 4912 3557 4966 multi-

1986 5010 2184 5080 plicata
2214 5010 2520 5079 iniquitate,
2550 5009 2868 5080 refrigescet
2888 5006 3128 5062 charitas
3157 5005 3550 5059 multorum":

1986 5102 2196 5157 scilicet
2255 5101 2506 5157 homines
2558 5101 2685 5156 odio
2758 5117 2817 5157 se
2869 5099 3101 5154 invicem
3150 5097 3456 5161 habebunt,
3499 5104 3554 5152 et

1985 5201 2403 5264 persequentur,
2436 5200 2491 5249 et
2533 5193 2784 5264 prodent.
2818 5192 2897 5249 Ac
2938 5201 3069 5247 tunc
3097 5190 3378 5263 apparebit
3402 5188 3549 5244 orbis

2297 5332 2345 5365 ⁸⁸
2395 5329 2530 5387 Luc.
2583 5346 2700 5397 xu,
2747 5332 2836 5388 '55.
2928 5332 2997 5364 '°‘
3062 5327 3230 5384 Marc.
3275 5343 3419 5394 Jun,
3462 5325 3549 5381 55-

1649 5523 2011 5587 VARIORUM
2045 5530 2273 5589 ΝΟΤᾸΞ.

374 5668 485 5733 (68)
513 5667 827 5741 Κεραμίου.
862 5666 917 5719 In
952 5668 1118 5722 altero
1140 5670 1264 5727 cod.
1297 5668 1460 5727 Vind.
1485 5678 1571 5728 est
1591 5669 1873 5741 κεράμιον,

306 5741 488 5792 minus
515 5750 658 5791 recte
718 5740 889 5792 (Enna.

375 5809 492 5884 (69)_
530 5806 718 5884 Ὓζιιὰς.
754 5810 903 5864 Alter
947 5809 1111 5867 codex
1148 5809 1455 5870 Vindobon.
1494 5812 1657 5869 habet
1697 5813 1866 5884 ήμᾶς,

304 5893 450 5950 teque
480 5880 637 5935 bene.
670 5880 739 5935 lu.

1984 5694 1987 5697 ν
2052 5668 2164 5753 (70)
2188 5670 2555 5753 ΠρωΐηᾹὰιΙὶι
2582 5670 2751 5726 codex
2783 5670 2945 5729 Vind.
2986 5674 3042 5746 ή,
3084 5693 3253 5747 mane,
3291 5689 3384 5734 aut
3412 5682 3544 5753 galli

1978 5749 2160 5802 cantu,
2186 5750 2300 5804 aut,
2334 5749 2440 5797 etc.
2477 5743 2552 5797 In.

2050 5810 2294 5895 (7l)_Kat
2340 5812 2935 5895 παρελθψιυειςειῖῳ
2983 5825 3034 5874 et
3089 5818 3202 5875 luas
3251 5833 3544 5895 sequentes

1981 5897 2139 5940 voces
2166 5882 2365 5940 desunt
2395 5885 2450 5941 in
2480 5884 2601 5941 cod.
2634 5883 2867 5943 Vindob.
2897 5886 2976 5943 In.
