4044 6254
540 384 681 444 £033

1420 375 1476 430 s.
1510 368 1902 432 CLEMEN’I‘IS
1932 371 1953 426 ι
1984 334 2153 425 non.
2189 366 2395 426 PONT.
2428 365 2659 425 OPERA
2690 364 2916 431 uuam,

3645 364 3784 421 1026

539 508 819 576 deceptor,
860 500 1117 557 inimicus
1166 494 1437 557 veritatis,
1472 498 1846 564 pr0pugnator
1889 485 2115 542 menda-

2221 484 2516 556 φανήσεται
2552 486 2584 540 6
2617 481 3013 556 κοσμοπλάνος,
3045 481 3074 535 6
3101 479 3201 551 τῆς
3237 478 3496 552 ἀληθείας
3523 478 3734 553 ἐχθρὸς,
3760 484 3788 536 6

537 601 643 667 cii;
680 612 840 668 quem
879 596 1076 665 spiritu
1107 592 1225 647 oris
1273 589 1358 646 sui
1410 586 1698 643 interﬂciet
1740 583 1901 639 Jesus
1924 581 1992 646 3',
2016 578 2114 651 qui

541 707 637 763 per
663 690 805 743 labia
836 687 1114 743 interimet
1152 684 1399 754 impium.
1429 680 1495 733 Et
1542 679 1699 733 multi
1746 679 1799 731 in
1838 691 1904 731 eo
1948 690 2114 731 scan-

539 783 725 838 dalum
757 782 1033 851 patientur
1067 793 1081 829 :
1109 776 1203 847 qui
1234 785 1414 830 autem
1440 771 1912 843 perseveraverint
1941 782 2115 838 usque

538 878 596 932 in
633 877 819 940 linem,
851 874 901 929 hi
939 874 1072 930 salvi
1100 869 1559 941 erunt.Tuncque
1585 867 1865 939 apparebit
1886 863 2103 933 signum

541 965 664 1022 Filii
689 948 927 1022 hominis
956 967 1011 1021 in
1044 967 1182 1021 caelo
1211 964 1279 1020 ⁸³.
1324 962 1525 1018 Deinde
1555 975 1658 1015 vox
1690 959 1833 1013 tubae
1868 958 1974 1010 erit
2009 968 2106 1025 per

534 1059 931 1131 archangelum
960 1074 973 1109 :
998 1068 1055 1113 et
1080 1058 1282 1112 interea
1329 1053 1657 1109 reviviscent
1689 1049 1783 1120 qui
1807 1047 2101 1102 obierunt:

536 1164 593 1210 et
640 1163 769 1209 tunc
815 1152 996 1206 veniet
1064 1149 1359 1211 Dominus,
1403 1161 1469 1201 ac
1521 1157 1711 1199 omnes
1757 1138 1929 1195 sancti
1978 1151 2107 1192 cum

540 1258 629 1307 eo,
662 1242 717 1297 in
755 1252 912 1298 terra:
952 1250 1127 1305 motu,
1158 1254 1322 1309 super
1373 1236 1567 1298 nubes,
1597 1248 1719 1288 cum
1761 1228 1966 1298 angelis
1995 1226 2109 1281 vir-

542 1338 676 1393 tutis
710 1351 845 1402 suas,
880 1335 935 1391 in
963 1334 1100 1389 solio
1124 1332 1275 1403 regni
1299 1330 1378 1395 “,
1411 1330 1477 1383 ad
1518 1322 1987 1383 condemnandum
2018 1334 2110 1378 or-

541 1427 630 1481 bis
664 1427 1009 1495 deceptorem
1053 1422 1355 1484 diabolum,
1384 1426 1438 1473 et
1486 1418 1554 1471 ad
1603 1416 1942 1472 reddendum
1993 1414 2119 1468 uni-

542 1520 741 1589 cuique
765 1533 866 1588 pro
895 1516 1150 1587 Operibus
1172 1514 1238 1569 ⁸⁸.
1262 1512 1417 1566 Tunc
1441 1512 1701 1577 abibunt;
1725 1509 1853 1563 mali
1875 1507 2116 1577 quidem,

534 1612 599 1675 in
630 1618 891 1666 aeternum
922 1608 1248 1679 supplicium
1272 1624 1286 1674 ;
1310 1606 1444 1677 justi
1473 1612 1654 1659 autem
1684 1603 1841 1657 ibunt
1865 1602 1921 1655 in
1950 1600 2117 1654 vitam

541 1713 803 1761 aeternam
843 1702 910 1767 ⁸⁸,
954 1701 1324 1757 hazreditatem
1371 1699 1637 1753 adeuntes
1686 1711 1876 1753 eorum
1923 1712 1942 1746 ι
1998 1710 2121 1765 quae

2211 576 2307 633 τοῦ
2350 576 2576 647 ψεύδους
2607 574 2949 648 προστάτηςο
2983 573 3042 630 ὃν
3073 574 3102 626 6
3141 572 3345 645 Κύριος
3383 572 3590 644 Ἰησοῦς
3618 574 3791 630 ἀνελεῖ

2212 670 2291 742 τῷ
2337 669 2608 741 πνεύματι
2660 668 2756 722 τοῦ
2814 667 3080 739 στόματος
3126 666 3325 731 αὑτοῦ,
3368 668 3397 721 6
3440 666 3529 721 διὰ
3573 667 3790 739 χειλέων

2214 764 2451 835 ἀναιρῶν
2494 762 2686 832 ἀσεϐῆ.
2730 762 2841 815 Καὶ
2882 760 3065 815 πολλοὶ
3112 760 3660 832 σκανδαλισθήσονται
3707 763 3789 815 ἐπ’

2215 854 2398 925 αὐτῷ·
2446 855 2497 908 οἱ
2542 854 2598 907 δὲ
2641 852 2751 926 (72)
2782 854 3169 924 ὑπομείναντες
3195 856 3274 917 είς
3301 852 3483 917 τέλος,
3514 845 3657 906 οὗτοι
3691 869 3791 907 σω-

2217 947 2491 1019 θήσονται.
2522 946 2633 1000 Καὶ
2674 946 2796 999 τότε
2838 946 3137 1017 φανήσεται
3174 945 3234 999 τὸ
3283 948 3505 1015 σημείον
3535 943 3629 997 τοῦ
3662 943 3791 999 Υἱοῦ

2218 1040 2330 1112 (75)
2358 1039 2454 1093 τοῦ
2499 1038 2787 1112 ἀνθρώπου
2828 1041 2885 1093 ἐν
2928 1038 3008 1110 τῷ
3039 1038 3280 1111 οὑρανῷ·
3315 1036 3431 1091 εἶτα
3477 1037 3628 1110 φωνὴ
3670 1038 3770 1092 σάλ

2216 1150 2412 1201 πιγγος
2442 1133 2593 1186 ἐσται
2638 1133 2703 1187 δι’
2720 1131 3092 1205 ἀρχαγγέλουο
3124 1129 3218 1185 καὶ
3258 1130 3458 1202 μεταξὺ
3500 1131 3794 1195 ἀναϐίωσις

2214 1225 2324 1278 τῶν
2376 1225 2819 1296 κεκοιμημένων·
2876 1226 2970 1279 καὶ
3023 1226 3143 1279 τότε
3192 1225 3310 1297 ἥξει
3353 1226 3383 1279 6
3429 1224 3655 1298 Κύριος,
3704 1226 3796 1280 καὶ

2216 1316 2418 1381 πάντες
2474 1319 2525 1370 οἱ
2573 1317 2718 1387 ἆγιοι
2768 1317 2881 1390 (74)
2926 1320 3042 1389 μετ’
3098 1317 3286 1383 αὑτοῦ,
3345 1319 3405 1374 ἐν
3462 1319 3794 1390 συσσεισμῷ,

2218 1410 2401 1465 ἐπάνω
2442 1409 2549 1463 τῶν
2590 1409 2846 1479 νεφελῶν,
2879 1412 2995 1482 μετ’
3015 1411 3258 1481 ἀγγέλων
3290 1410 3568 1484 δυνάμεως
3608 1412 3794 1477 αὑτοῦ,

2217 1504 2310 1556 ἐπ)¹
2351 1501 2542 1575 θρόνου
2572 1501 2867 1572 βασιλείας,
2912 1506 3237 1575 κατακρῖναι
3284 1504 3374 1559 τὸν
3425 1505 3796 1576 κοσμοπλάνον

2216 1594 2480 1661 διάϐολον,
2510 1597 2605 1651 καὶ
2643 1595 2932 1651 ἀποδοῦναι
2962 1597 3177 1669 ἑκάστῳ
3209 1596 3352 1651 κατὰ
3378 1598 3577 1669 πρᾶξιν
3606 1598 3794 1655 αὑτοῦ.

2217 1689 2353 1743 Τότε
2380 1686 2770 1745 ἀπελεύσονται
2797 1691 2847 1744 οἱ
2879 1692 2977 1761 μὲν
3006 1692 3253 1762 πονηροὶ,
3284 1692 3364 1755 εἰς
3395 1691 3613 1746 αἰώνιον
3640 1692 3800 1747 κόλα-

544 1798 738 1854 oculus
768 1811 877 1851 non
908 1797 1067 1861 vidit,
1114 1803 1169 1851 et
1211 1796 1360 1850 auris
1410 1811 1519 1850 non
1571 1794 1813 1859 audivit,
1845 1800 1898 1849 et
1929 1792 1984 1847 in
2023 1807 2117 1846 cor

2222 1799 2333 1836 σινο
2366 1784 2414 1837 οἱ
2442 1783 2497 1837 δὲ
2524 1783 2721 1837 δίκαιοι
2750 1782 3104 1857 πορεύσονται
3132 1786 3211 1847 είς
3243 1783 3385 1856 ζωὴν
3413 1782 3650 1851 αἰώνιον,
3675 1786 3803 1859 κληφ

540 1889 780 1946 hominis
810 1904 921 1944 non
951 1890 1350 1959 ascenderunt,
1379 1905 1501 1959 qua-
1530 1888 1852 1960 praeparavit
1885 1885 2027 1940 Deus
2053 1884 2117 1940 iis

2223 1880 2578 1953 ρονομοῦντες
2616 1882 2797 1936 ἐκεῖνα
2834 1902 2853 1935 ι
2897 1882 2933 1938 ἃ
2962 1883 3237 1956 ὀφθαλμὸς
3279 1886 3378 1938 οὐκ
3417 1881 3556 1949 εἶδε,
3587 1886 3686 1940 καὶ
3713 1880 3802 1947 οὖς

540 1983 636 2054 qui
667 1984 899 2053 diligunt
930 1984 1082 2037 illum
1112 1983 1192 2050 '7;
1229 2003 1246 2036 ι
1273 1990 1328 2037 et
1360 1982 1673 2053 gaudebunt
1703 1983 1759 2036 in
1802 1996 1969 2051 regno
1998 1979 2115 2044 Dei,

541 2075 689 2146 quod
716 2082 801 2130 est
829 2076 884 2129 in
912 2074 1129 2129 Christo
1171 2073 1321 2130 Iesu.
1368 2074 1539 2129 Porro
1575 2082 1655 2128 tot
1695 2074 1971 2144 tantisque
1998 2072 2118 2141 ejus

542 2169 705 2224 bonis
746 2168 977 2239 dignati,
1017 2167 1293 2238 supplices
1331 2167 1381 2222 ei
1424 2166 1748 2231 ellicial'nur,
1800 2167 2119 2223 invocantes

542 2261 697 2318 illum
728 2260 950 2318 assidua
973 2261 1377 2333 deprecatione,
1410 2277 1476 2317 ac
1505 2261 1749 2319 dicentes
1782 2279 1797 2315 :

1078 2530 1307 2589 CAPUT
1349 2532 1587 2591 XXXIII.

742 2647 931 2705 Oratio
953 2650 1252 2721 prwdicans
1284 2651 1488 2704 variam
1516 2650 1920 2719 providentiam.

616 2759 845 2817 Eterne
876 2759 1130 2817 Salvator
1154 2770 1361 2827 noster,
1395 2761 1506 2818 Rex
1549 2764 1810 2832 deorum;
1841 2766 1935 2837 qui
1968 2767 2121 2825 solus

543 2872 606 2913 es
630 2855 975 2927 omnipotens
1003 2871 1068 2909 ac
1092 2854 1353 2912 Dominus
1380 2856 1459 2922 ⁸⁸;
1482 2854 1624 2911 Deus
1647 2858 1890 2912 omnium
1914 2873 2119 2928 rerum,

544 2958 601 3005 et
643 2947 786 3004 Deus
833 2956 1150 3005 sanctorum
1183 2962 1248 3002 ac
1298 2948 1698 3019 inculpatorum
1753 2958 1968 3018 patrum
2020 2967 2122 3005 no-

508 3098 515 3107 _
546 3050 811 3107 strorum,
867 3057 932 3097 ac
966 3041 1272 3110 majorum;
1315 3039 1459 3095 Deus
1488 3040 1815 3105 Abrahami,
1842 3049 1897 3097 et
1924 3041 2118 3107 lsaaci,

543 3141 600 3189 et
624 3133 815 3189 Jacobi
844 3133 925 3201 ⁶⁹;
961 3132 1276 3189 misericors
1304 3141 1358 3186 et
1380 3132 1688 3195 miserator,
1717 3132 2043 3203 longanimis
2068 3141 2122 3189 et

544 3226 730 3281 multa:
762 3224 1187 3291 misericordiae;
1224 3224 1311 3279 cui
1362 3238 1525 3279 omne
1574 3239 1669 3278 cor
1699 3233 1844 3295 patet
1888 3228 2117 3295 nudum,

545 3326 601 3373 et
628 3318 808 3373 omnis
853 3319 1070 3373 occulta
1099 3317 1358 3388 cogitatio
1389 3324 1652 3387 apparet:
1687 3318 1753 3372 ad
1796 3325 1851 3374 te
1882 3321 2124 3378 clamant

547 3411 746 3466 animae
778 3411 1097 3480 justorum;
1130 3411 1185 3467 in
1229 3420 1282 3467 te
1322 3427 1448 3482 spes
1490 3419 1804 3468 sanctorum
1847 3414 2119 3475 nituntur.

547 3503 710 3560 Pater
748 3505 1278 3576 irreprehensorum,
1324 3513 1379 3560 te
1417 3512 1566 3560 recte
1608 3506 1978 3563 invocantium
2021 3524 2122 3564 au.

548 3598 726 3664 ditor,
773 3598 869 3669 qui
914 3598 1079 3654 etiam
1130 3599 1327 3655 tacitas
1376 3600 1767 3669 appellationes
1813 3602 2119 3675 intelligis:

546 3692 812 3763 pertingit
861 3693 1010 3748 enim
1061 3708 1236 3762 usque
1281 3692 1348 3746 ad
1398 3693 1635 3748 humana
1670 3688 1894 3751 ‘viscera
1941 3698 2123 3767 provi-

547 3783 734 3841 dentia
763 3792 878 3848 tua,
913 3795 967 3839 et
996 3799 1093 3854 per
1126 3786 1518 3839 conscientiam
1563 3787 1830 3843 scrutaris
1860 3788 2124 3845 uniuscu-

546 3876 751 3948 jusque
798 3877 1157 3932 voluntatem.
1205 3877 1381 3947 Atque
1430 3893 1528 3949 per
1586 3893 1800 3934 omnem
1843 3882 2123 3952 regionem

547 3968 701 4026 orbis
729 3970 965 4023 mittitur
991 3969 1090 4024 tibi
1133 3969 1430 4041 thymiama
1460 3971 1790 4041 precationis
1825 3987 1889 4027 ac
1915 3988 2125 4030 sermo-

547 4078 703 4118 num.
747 4060 853 4129 Qui
899 4064 1160 4119 szeculum
1198 4078 1459 4134 praesens,
1500 4063 1737 4118 stadium
1776 4065 2004 4134 justitiaa
2039 4068 2125 4122 in-

549 4157 778 4213 stituisti
803 4156 873 4223 “,
900 4157 1156 4212 omnibus
1199 4165 1379 4211 autem
1411 4158 1676 4227 aperuisti
1701 4140 1927 4228 januam
1958 4160 2125 4218 mise-

522 4231 838 4316 ricordiae;
893 4249 1126 4320 singulis
1178 4265 1310 4304 vero
1364 4248 1712 4314 hominibus,
1768 4267 1864 4321 per
1904 4252 2122 4309 insitam

548 4342 916 4414 cognitionem
951 4356 1015 4395 ac
1046 4342 1295 4397 naturale
1327 4342 1616 4412 judicium,
1648 4350 1702 4398 et
1743 4359 1808 4398 ex
1856 4344 1991 4414 legis
2038 4344 2126 4399 in-

550 4436 860 4508 stigatione,
893 4435 1179 4491 ostendisti
1215 4436 1358 4506 quod
1394 4436 1707 4490 divitiarum
1740 4453 1847 4491 non
1888 4445 1971 4493 est
2002 4455 2126 4508 per-

2220 1974 2319 2026 οὑκ
2349 1974 2569 2045 ἤκουσε,
2605 1975 2700 2028 καὶ
2728 1976 2820 2029 ἐπὶ
2849 1976 3078 2048 καρδίαν
3105 1976 3390 2049 ἀνθρώπου
3419 1976 3519 2031 οὐκ
3547 1977 3741 2047 ἀνέϐη,
3771 1974 3804 2031 δ

2219 2066 2517 2136 ἡτοίμασεν
2548 2055 2576 2119 6
2609 2066 2740 2131 Θεὸς
2765 2070 2878 2131 τοῖς
2906 2068 3191 2137 ἀγαπῶσιν
3221 2068 3413 2122 αὑτόν·
3453 2087 3473 2122 ι
3505 2070 3599 2122 καὶ
3626 2068 3804 2140 χαρή-

2222 2175 2403 2213 σονται
2433 2159 2490 2211 ἐν
2518 2161 2583 2230 τῇ
2618 2158 2862 2231 βασιλείᾳ
2881 2160 2974 2213 τοῦ
2997 2158 3151 2225 Θεοῦ,
3182 2164 3248 2234 τῇ
3270 2162 3328 2214 ἐν
3348 2162 3568 2234 Χριστῷ
3601 2161 3802 2234 Ἰησοῦ.

2220 2252 2502 2306 Τοσούτων
2529 2254 2585 2307 δὲ
2614 2253 2902 2325 ἠξιωμένοι
2930 2254 3039 2307 τῶν
3084 2258 3212 2326 παρ’
3242 2255 3405 2309 αὑτοῦ
3436 2256 3682 2325 ἀγαθῶν,
3714 2274 3804 2326 γε.

2221 2345 2440 2417 νιῦμεθα
2469 2345 2635 2399 αὑτοῦ
2668 2347 2861 2411 ἱκέται,
2893 2347 3309 2418 ἐπικαλούμενοι
3340 2349 3501 2404 αὑτὸν
3529 2349 3616 2404 διὰ
3648 2366 3805 2404 owe-

2221 2438 2352 2511 χοῦς
2378 2438 2633 2511 δεήσεως,
2667 2440 2762 2493 καὶ
2789 2439 3037 2508 λέγοντες
3054 2457 3066 2470 ·

2731 2531 3129 2586 ΚΕΦΑΛΑΙΟΝ
3164 2531 3285 2603 Al‘f.

2315 2645 2631 2718 Προσευχὴ
2664 2644 3053 2717 ἐξαγγελτικὴ
3081 2646 3365 2715 προνοίας
3394 2645 3704 2716 διαφόρου.

2292 2763 2487 2817 Αἰὼνιε
2525 2763 2707 2834 Σῶτερ
2742 2762 2931 2833 ἡμῶν,
2976 2762 3005 2813 6
3038 2760 3291 2831 βασιλεὺς
3318 2761 3428 2815 τῶν
3466 2760 3634 2815 θεῶν·
3667 2762 3699 2815 6
3728 2763 3807 2819 ὣν

2227 2854 2385 2925 μόνος
2414 2854 2806 2925 παντοκράτωρ
2835 2853 2927 2907 καὶ
2956 2852 3159 2924 Κύριος
3177 2869 3191 2883 ο
3230 2854 3258 2906 6
3286 2853 3418 2918 Θεὸς
3449 2853 3668 2907 πάντων
3693 2856 3805 2910 τῶν

2223 2946 2417 3009 ὄντων,
2447 2945 2542 2999 καὶ
2571 2946 2702 3008 Θεὸς
2729 2945 2837 2997 τῶν
2875 2943 3043 3012 ἀγίων
3090 2945 3183 2998 καὶ
3213 2944 3517 3016 ἀμέμπτων
3546 2946 3805 3019 πατέρων

2226 3037 2384 3109 ἡμῶν
2413 3039 2508 3091 καὶ
2537 3036 2644 3090 τῶν
2677 3035 2791 3108 (75)
2819 3036 2926 3108 πρὸ
2955 3036 3140 3107 ἡμῶν,
3171 3037 3200 3090 6
3227 3037 3360 3101 Θεὸς
3402 3038 3673 3111 Ἀϐραὰμ,
3710 3041 3805 3094 καὶ

2241 3128 2445 3195 Ἰσαὰκ,
2493 3130 2588 3183 καὶ
2647 3128 2873 3183 Ἰακώϐ·
2920 3130 2948 3183 6
2988 3128 3233 3201 ἐλεήμων
3277 3132 3372 3184 καὶ
3408 3131 3731 3203 οἰκτίρμων,
3774 3133 3803 3185 6

2228 3223 2575 3295 μακρόθυμος
2603 3224 2697 3277 καὶ
2727 3223 3008 3287 πολυέλεος
3027 3240 3041 3257 ·
3070 3217 3115 3292 ᾧ
3135 3226 3284 3278 πᾶσα
3312 3224 3663 3298 γυμνοφανὴς
3694 3225 3805 3298 βλέ.

2223 3333 2382 3369 πεται
2415 3316 2526 3389 (76)
2557 3316 2753 3388 καρδία
2772 3359 2786 3383 ,
2814 3318 2910 3371 καὶ
2938 3318 3046 3371 πᾶν
3090 3317 3320 3388 κρύφιον
3349 3317 3639 3389 ἐνθύμημα
3668 3320 3805 3373 ἀπο-

2221 3407 2582 3463 καλύπτεται·
2616 3408 2753 3480 πρὸς
2787 3410 2846 3463 σὲ
2888 3408 3053 3480 βοῶσι
3096 3409 3264 3481 ψυχαὶ
3290 3410 3511 3465 δικαίων
3532 3428 3547 3442 ο
3578 3412 3673 3465 ἐπὶ
3720 3413 3803 3466 σοὶ

2222 3500 2547 3555 πεποίθασιν
2575 3501 2786 3564 ἐλπίδες
2810 3502 2991 3555 ὁσίων.
3037 3501 3093 3555 Ὁ
3120 3501 3228 3555 τῶν
3256 3502 3560 3575 ἁμέμπτων
3589 3505 3799 3577 Πατὴρ,

2221 3594 2253 3649 6
2281 3594 2388 3649 τῶν
2420 3597 2536 3667 μετ’
2564 3594 2857 3666 εὐθύτητος
2900 3593 3341 3664 ἐπικαλουμένων
3374 3610 3433 3646 σε
3477 3594 3744 3665 ἐπήκοος,
3773 3596 3801 3647 ὁ

2222 3688 2316 3743 καὶ
2362 3687 2721 3760 σιαγιτωμένας
2764 3687 3125 3759 ἐπιστάμενος
3164 3685 3454 3753 ἐντεύξεις·
3489 3691 3659 3760 χωρεί
3695 3688 3801 3761 γὰρ

2226 3781 2387 3854 μέχρι
2435 3782 2757 3852 σπλάγχνων
2803 3780 3158 3852 ἀνθρωπίνων
3206 3779 3317 3853 (77)
3353 3783 3386 3853 ή
3438 3780 3505 3853 σὴ
3551 3782 3798 3853 πρόνοια,

2222 3877 2318 3929 καὶ
2345 3875 2431 3929 διά
2476 3875 2829 3946 συνειδήσεως
2872 3875 3096 3946 ἐρευνᾷς
3144 3874 3375 3927 ἑκάστου
3414 3872 3513 3945 τὴν
3553 3873 3798 3946 γνώμην.

2223 3968 2332 4022 Καὶ
2360 3967 2503 4022 κατὰ
2541 3968 2651 4021 πᾶν
2678 3967 2848 4039 κλίμα
2884 3966 2989 4038 τῆς
3014 3966 3336 4037 οἰκουμένης
3362 3965 3423 4018 τὸ
3452 3966 3539 4021 διὰ
3566 3983 3801 4037 προσευ-

2223 4060 2328 4131 χῆς
2372 4061 2466 4114 καὶ
2510 4059 2680 4130 λόγων
2727 4058 3106 4131 ἀναπέμπεται
3152 4064 3232 4111 σοι
3284 4057 3552 4129 θυμίαμα.
3614 4058 3675 4115 '0
3713 4057 3801 4113 τὸν

2224 4153 2469 4224 παρόντα
2512 4153 2706 4218 αίῶνα,
2754 4153 2964 4207 στάδιον
3009 4151 3351 4222 δικαιοσύνης
3378 4151 3797 4222 ἐνστησάμενος,

2224 4249 2359 4303 πᾶσι
2402 4247 2459 4301 δὲ
2501 4247 2718 4312 ἀνοίξας
2763 4246 2938 4317 πύλην
2982 4243 3377 4315 ἐλεημοσύνης·
3422 4242 3705 4307 ὑποδείξας
3746 4242 3799 4298 δι

2225 4340 2442 4413 ἐκάστῳ
2477 4340 2585 4394 τῶν
2622 4336 2955 4410 ἀνθρώπων,
2994 4335 3082 4389 διά
3117 4335 3218 4405 τῆς
3254 4334 3495 4406 ἐμφύτου
3546 4334 3799 4404 γνώσεως

2226 4436 2320 4489 καὶ
2355 4433 2590 4505 φυσικῆς
2622 4432 2856 4503 κρίσεως
2878 4469 2893 4494 ,
2932 4429 3025 4482 καὶ
3061 4430 3126 4481 ἐκ
3162 4428 3263 4499 τῆς
3315 4427 3410 4481 τοῦ
3463 4427 3626 4499 νόμου
3669 4430 3797 4482 ὑπο-

550 4538 715 4601 petua
766 4529 1080 4599 possessio,
1119 4528 1424 4583 venustatis
1470 4544 1579 4582 non
1624 4544 1862 4598 perenne
1919 4530 2117 4600 decus;

2228 4529 2549 4599 φωνήσεως,
2591 4525 2667 4588 ὼς
2704 4523 2931 4577 πλούτου
2980 4521 3078 4594 μὲν
3128 4523 3227 4575 οὑκ
3263 4521 3429 4575 ἀῖδιον
3475 4520 3546 4573 τὸ
3574 4520 3795 4592 κτῆμα,

550 4624 696 4692 quod
746 4624 942 4677 virium
998 4622 1156 4676 facile
1204 4622 1524 4677 dissolvitur
1579 4620 1888 4690 ﬁrmitudo;
1948 4626 2123 4694 quod-

551 4730 661 4784 que
710 4727 909 4773 cuncts
964 4719 1184 4790 quidem
1218 4728 1348 4773 sunt
1395 4733 1565 4789 vapor
1614 4734 1679 4774 ac
1728 4726 1940 4777 vanitas
1979 4724 2120 4791 "-",

554 4806 670 4861 sola
699 4823 827 4865 vero
858 4812 1199 4869 conscientia
1236 4809 1364 4866 ﬁdei
1392 4824 1502 4865 non
1531 4809 1773 4868 subdola:
1806 4813 1987 4869 evadit
2027 4830 2122 4887 per

555 4903 766 4958 medios
809 4904 979 4957 caalos
1020 4922 1147 4964 cum
1175 4900 1405 4957 veritate
1450 4897 1772 4966 ascendens,
1808 4899 2118 4958 futurarum

2227 4619 2558 4691 εὐπρεπείας
2595 4618 2695 4671 οὐκ
2747 4616 2971 4670 ἀένναον
3021 4613 3083 4667 τὸ
3134 4613 3356 4678 κάλλος·
3397 4613 3678 4684 δυνάμεως
3713 4612 3796 4665 εύ-

2227 4714 2470 4776 διάλυτος
2510 4715 2544 4784 ἠ
2596 4710 2774 4781 ίσχύςο
2835 4710 2929 4763 καὶ
2973 4708 3144 4779 ἀτμὸς
3204 4707 3301 4778 μὲν
3355 4708 3447 4760 καὶ
3507 4706 3795 4776 ματαιότης

2227 4808 2296 4861 τὰ
2353 4806 2547 4859 σύνολα
2573 4844 2587 4868 ,
2645 4803 2780 4874 μόνη
2831 4801 2887 4856 δέ
2944 4801 3242 4871 συνείδησις
3285 4799 3521 4862 πίστεως
3564 4797 3793 4851 ἀνύπου·

2228 4900 2318 4964 λος
2370 4900 2417 4931 ⁸³
2470 4896 2769 4957 διαϐαίνει,
2822 4894 2910 4948 διά
2974 4895 3136 4965 μέσον
3195 4892 3436 4960 οὐρανῶν
3492 4894 3606 4961 μετ’
3664 4890 3790 4957 ἁλη-

621 5031 666 5063 ⁶¹
693 5028 952 5087 “Thess.
985 5044 1062 5096 n;
1114 5028 1222 5084 Isa.
1248 5045 1329 5093 vr,
1357 5028 1413 5086 4.
1486 5028 1533 5061 ⁸³
1560 5027 1754 5085 Matth.
1787 5044 1938 5085 xxrv.
2013 5029 2061 5061 “
2092 5028 2109 5083 l

2221 5041 2340 5080 less.
2369 5039 2443 5087 Iv,
2472 5020 2586 5096 16_._
2634 5019 2907 5096 "Matth.
2937 5033 3050 5096 avt,
3075 5018 3167 5096 27.
3224 5017 3288 5096 ,⁸⁸
3318 5012 3688 5096 Μιιιιιιιηιιειίζ
3704 5005 3790 5096 Mi.

550 5102 641 5157 ἰι
673 5078 1020 5169 (ibt-T53."
1048 5078 1099 5135 ἲ·
1118 5078 1421 5166 ’ἑέἰιιῗὲιῖνζ
1447 5098 1536 5153 12.
1560 5078 1879 5156 "TVB—13:66.
1896 5078 1987 5166 ὶὶι,
2010 5099 2065 5154 6.
2094 5078 2109 5083 ’

2221 5078 2379 5153 [δον.
2416 5078 2493 5160 ix,
2524 5092 2617 5147 25.
2693 5092 2815 5134 ⁹¹-⁹²
2837 5078 3089 5156 Εευίείι,
3113 5092 3182 5149 2;
3213 5086 3334 5142 Jac.
3364 5100 3439 5149 Iv,
3479 5082 3566 5138 l6.
3643 5082 3689 5115 ”
3719 5078 3785 5134 al.

552 5172 877 5228 ανυπούλου.

1855 5336 2217 5397 VARIORUM
2252 5341 2483 5400 NOTA‘I.

570 5478 725 5566 J72)
760 5482 830 5566 Οξ
850 5480 938 5566 δέ.
979 5483 1116 5566 Cod;
1146 5484 1309 5546 Vind.
1338 5488 1366 5543 6
1400 5488 1457 5543 δέ
1495 5490 1811 5563 ὑπομείνας,
1843 5502 1897 5551 et
1928 5502 2116 5566 postea

542 5551 702 5624 οὗτος
725 5551 1049 5624 σωθήσεται.
1076 5556 1246 5612 Cum.

542 5618 830 5750 Υἰὲἔῆἔὸ
860 5618 1129 5695 ’σημεῖον
1180 5630 1285 5684 τοῦ
1347 5632 1501 5687 Υίοῦ.
1556 5628 1616 5689 In
1670 5633 1861 5691 eodem
1915 5637 2039 5693 cod.
2084 5638 2112 5691 ὁ

612 5759 701 5826 (η
753 5765 818 5816 Ol
846 5764 1015 5845 ἅτιρι.
1048 5766 1241 5825 Melius
1273 5772 1308 5823 ἄ
1384 5771 1490 5825 ελοι
1520 5773 1575 5826 in
1605 5774 1729 5831 cod.
1761 5772 1925 5830 Vind.
1959 5774 2035 5833 ID.

613 5762 725 5902 (75)
757 5833 865 5887 Kal
893 5850 1027 5891 των.
1061 5836 1186 5897 Dele
1232 5788 1387 5899 καῖἶ
1425 5842 1632 5899 codicis
1672 5843 2035 5902 Vindobonen:

613 5828 725 5902 (75)
757 5833 865 5887 Καί
891 5828 1027 5891 τῶν.
1061 5836 1186 5897 Dele
1232 5828 1332 5895 καί
1358 5828 1387 5899 ὲ
1425 5842 1632 5899 codicis
1672 5828 2109 5906 Vindoboﬁnensis

2219 5499 2592 5574 auctoritate,
2628 5515 2753 5574 nam
2801 5501 2850 5554 οί
2882 5501 2989 5574 πρὸ
3015 5501 3170 5573 ἡμῶν
3207 5502 3369 5559 iidem
3415 5513 3542 5561 sunt
3579 5503 3670 5560 hic
3711 5513 3771 5555 ac

2217 5569 2451 5639 πατέρες
2477 5570 2653 5639 ἡμῶν.
2690 5572 2767 5625 ιι).

2288 5639 2400 5714 (ἒξ)
2428 5639 2736 5714 Βλέπεται.
2771 5641 2827 5696 In
2859 5641 3047 5714 eodem
3068 5650 3151 5698 est
3173 5644 3440 5714 φαίνεται.
3473 5641 3547 5699 lc.

2291 5709 2397 5781 (77)
2439 5709 2855 5777 Ἀνθρωπινων.
2905 5712 3074 5768 Abest
3110 5709 3378 5769 in'altero
3419 5714 3635 5777 codice.
3676 5721 3768 5766 nco

2214 5794 2346 5904 faue
2383 5782 2753 5904 nelcessarium
2777 5791 2898 5851 est;
2936 5785 3071 5840 satis
3101 5785 3244 5841 enim
3281 5801 3345 5841 cx
3381 5785 3495 5856 ipsa
3527 5800 3586 5840 re
3618 5781 3768 5838 intel-

2235 5861 2416 5906 mtur.
2473 5866 2523 5906 ο.

2235 5865 2416 5920 igitur.
2449 5865 2523 5906 ID.
