2031 3129
154 172 226 200 101's

587 175 890 206 CONSTITUTIONES
905 178 1143 209 APOSTOLICE.
1160 197 1195 202 ———
1210 181 1275 211 LIB.
1294 183 1343 211 VII.

1717 184 1782 216 [026

151 232 228 278 θείας
247 230 414 278 ἀνερχομένη
426 251 434 264 ,
454 232 505 268 τῆς
524 233 674 269 μελλούσης
691 234 796 270 τροφῆς
814 235 837 251 ⁸⁸
854 235 940 268 δεξιὰν

994 237 1154 265 deliciarum
1168 238 1309 267 dexteram
1323 239 1484 275 prehendit;
1498 240 1579 269 simul
1594 245 1621 269 et
1633 247 1780 278 antequam

151 275 358 312 ἀπολαμϐάνει·
385 276 443 313 ἅμα
462 278 510 304 καὶ
533 279 587 314 πρὸ
609 280 657 306 τοῦ
683 281 857 316 παραστῆναι
879 282 945 310 ὑπό-

152 327 245 358 σχεσιν
259 322 315 358 (78)
329 322 379 358 τῆς
389 323 608 358 παλιγγενεσίας,
622 326 690 362 αὺτὴ
706 327 723 362 ἡ
739 326 812 362 ψυχὴ
824 329 856 363 τῇ
870 327 944 354 ἐλπί-

150 368 176 395 δι
191 368 367 404 γαυρουμένη
381 369 565 405 εὐφραίνεται.
584 370 629 404 Ἐξ
639 372 766 408 ὑπαρχῆς
780 373 805 389 ’⁵
818 373 883 409 γὰρ,
896 374 943 401 τοῦ

151 414 325 451 προπάτορος
340 415 419 451 ἡμῶν
439 416 562 453 Ἀϐραὰμ
576 418 808 454 μεταπονουμένου
823 419 872 455 τὴν
886 420 945 447 ὁδὸν

149 461 198 496 τῆς,
215 460 353 496 ἀληθείας,
373 462 554 499 ὁραματισμῷ
580 464 732 500 ὡδήγησας,
755 465 873 499 διδάξας,
891 467 944 493 ὅτι

149 506 218 533 ποτέ
232 507 306 533 ἑστιν
316 508 330 534 ὁ
344 507 411 534 αἰὼν
425 506 502 540 οὗτος
514 517 520 524 ’
539 510 584 536 καὶ
599 511 649 545 τῆς
665 510 714 545 μὲν
730 511 849 544 πίστεως
861 512 943 540 αὐτοῦ

150 552 321 588 προώδευσεν
336 553 352 589 ὴ
363 554 463 588 γνῶσις
480 555 548 590 (79),
561 556 611 591 τῆς
625 555 654 582 δὲ
663 556 789 591 γνώσεως
799 558 944 591 ἀκόλουθος

149 599 261 634 γέγονεν
280 599 296 635 ή
320 599 421 634 ⁴ἰείστις,
449 601 500 637 τῆς
519 601 548 627 δὲ
569 601 688 634 πίστεως
708 601 743 638 ἦν
759 604 944 641 ἐπακολούθη-

151 655 192 683 μα
205 646 260 682 (80)
274 647 291 682 ἡ
309 646 429 683 συνθήκη
440 655 447 662 ·
464 645 544 679 εἶπας
561 647 616 684 γάρ
630 655 637 662 ·
657 657 666 673 ι
690 649 799 684 Ποιήσω
813 649 844 676 τὸ
860 650 943 686 σπέρ-

151 701 190 728 μα
213 701 260 719 σου
281 693 319 725 ὡς
340 694 404 725 τοὺς
426 693 545 730 ἀστέρας
566 694 614 721 τοῦ
628 694 755 730 οὐρανοῦ,
779 696 826 722 καὶ
841 696 878 729 ὡς
892 697 943 732 τὴν

148 739 241 775 ἄμμον
263 739 313 775 τὴν
328 739 403 775 παρὰ
422 739 454 767 τὸ
469 741 558 776 χεῖλος
579 741 629 776 τῆς
645 741 793 778 θαλάσσης.
822 752 831 768 ι
864 743 943 770 Ἀλλὰ

150 785 205 822 μὴν
219 786 265 812 καὶ
281 785 328 812 τὸν
358 786 450 813 Ἰσαὰκ
469 785 542 823 αὐτῷ
560 787 763 823 δωρησάμενος,
782 789 828 815 κα)⁴
851 789 941 824 ὅμοιον

148 830 231 858 αὐτὸν
247 831 324 864 είδὼς
337 832 442 859 ἐκείνου
453 832 493 868 τῷ
507 833 611 868 τρόπῳ,
632 834 679 860 καὶ
693 834 775 860 αὐτοῦ
789 835 942 871 ἐπεκλήθης

148 876 226 912 Θεὸς,
238 877 323 905 εἰπών
338 886 345 894 ·
365 878 500 914 «Ἔσομαί
512 888 559 906 σου
572 880 647 914 Θεὸς,
661 881 708 908 καὶ
721 881 769 908 τοῦ
786 882 942 917 σπέρματός

995 283 1166 318 promissum-
1182 285 1286 312 iteratte
1309 293 1360 321 per
1384 286 1613 314 resurrectionem
1631 288 1781 316 nativitatis

994 333 1150 365 praestetur,
1173 330 1232 365 ipsa
1251 331 1342 358 anima
1366 338 1414 366 spe
1434 332 1575 359 exsultans
1599 332 1714 361 laetatur.
1739 334 1781 361 Al)

993 376 1072 403 initio
1087 376 1171 408 enim,
1191 376 1364 411 progenitore
1385 380 1480 404 nostro
1500 377 1656 405 Abrahamo
1670 379 1693 394 "
1708 379 1780 406 viam

992 422 1116 449 veritatis
1128 427 1297 457 capessente,
1311 430 1372 450 eum
1385 423 1542 458 apparendo
1553 423 1666 456 duxisti,
1678 424 1781 453 docens

992 468 1122 504 quidnam
1140 473 1213 496 esset
1230 469 1280 496 hoc
1296 469 1445 496 saxulum:
1463 473 1489 496 et
1504 470 1577 497 illius
1593 470 1703 505 quidem
1719 471 1780 498 ﬁdei

993 515 1099 550 prteivit
1114 515 1244 550 cognitio,
1264 515 1414 551 cognitioni
1430 519 1519 543 autem
1536 523 1707 552 consequens
1730 517 1781 545 fuit

993 561 1079 592 ﬁdes,
1107 560 1170 588 ﬁdei
1201 568 1267 588 vero
1296 562 1492 596 consequentia
1517 562 1623 589 exstitit
1655 568 1778 597 pactum;

992 606 1085 633 dixisti
1100 606 1171 633 enim
1193 616 1200 633 :
1225 617 1234 631 ε
1260 606 1369 633 Faciam
1386 615 1479 634 semen
1495 610 1572 633 tuum
1589 607 1661 635 sicut
1685 608 1781 635 stellas

992 651 1107 685 eteli,.et
1121 652 1193 679 sicut
1208 659 1318 679 arenam
1334 659 1395 686 quae
1409 655 1451 679 est
1465 652 1492 678 in
1508 651 1598 679 littore
1618 652 1703 678 maris
1714 652 1746 679 ".
1767 661 1777 678 ι

993 697 1046 725 Sed
1060 703 1087 725 et
1100 697 1222 726 lsaacum
1239 699 1277 725 illi
1292 698 1409 730 donans,
1426 699 1571 734 sciensque
1587 707 1649 726 eum
1663 699 1702 725 illi
1718 706 1779 725 mo-

992 743 1068 770 ribus
1080 743 1207 774 similem.
1227 743 1288 778 ejus
1304 752 1412 780 quoque
1428 744 1500 772 Deus
1514 745 1665 780 appellatus
1681 752 1721 775 es.
1734 745 1779 772 di-

992 797 1057 816 cens
1075 799 1081 816 :
1100 798 1110 815 ‹
1128 789 1182 817 Ero
1196 790 1267 818 Deus
1280 794 1354 822 tuus,
1368 794 1395 818 et
1410 792 1524 818 seminis
1542 791 1581 817 tui
1598 795 1659 825 post
1675 796 1701 818 te
1715 791 1748 824 ’⁸,
1766 800 1777 817 ι

991 835 1073 870 Atqui
1089 843 1151 863 cum
1173 840 1250 871 pater
1268 844 1362 864 noster
1382 835 1500 864 Iacobus
1515 837 1541 863 in
1558 836 1779 871 Mesopotamiam

992 881 1054 912 iret.
1077 890 1125 918 per
1145 882 1283 910 Christum
1300 891 1380 918 quem
1402 883 1425 910 ei
1442 882 1597 914 ostendisti.
1613 883 1720 910 loeutus
1737 890 1778 914 es.

148 931 197 950 σου
210 924 280 959 μετὰ
300 924 341 951 σέ.
369 934 379 951 ι
402 925 458 952 Καὶ
477 924 525 952 τοῦ
550 927 653 961 πατρὸς
672 927 751 963 ἡμῶν
781 928 877 955 Ἰακὼϐ
896 929 940 955 ἐπὶ

993 927 1088 956 dicens
1107 938 1114 956 :
1134 937 1143 954 ι
1160 928 1230 957 F-cce
1253 936 1303 964 ego
1324 937 1384 957 sum
1406 933 1511 962 tecum;
1527 934 1553 956 et
1575 929 1678 964 augebo
1698 933 1733 960 te,
1752 932 1780 955 et

147 970 360 1006 Μεσοποταμίαν
375 971 562 1008 στελλομένου,
576 973 666 1006 δείξας
687 974 734 1001 τὸν
756 975 883 1010 Χριστὸν,
902 975 941 1002 δι’

147 1016 232 1044 αὐτοῦ
254 1017 397 1054 ὲλάλησας,
416 1018 501 1046 είπὼν
512 1027 519 1035 ·
537 1029 548 1045 ‹
572 1019 638 1046 Ἰδοὺ
653 1020 708 1054 ἐγώ
724 1021 781 1057 ειμι
798 1021 867 1057 μετὰ
881 1021 940 1056 σοῦ,

990 974 1177 1009 multiplicabo
1186 978 1212 1002 te
1236 974 1314 1002 valde
1324 975 1357 1003 ”.
1379 984 1389 1001 ι
1406 974 1439 1001 Ει
1453 974 1540 1010 Moysi
1554 975 1625 1002 lideli
1638 982 1669 1001 ac
1683 977 1780 1002 sancto

990 1021 1093 1056 famulo
1104 1026 1151 1049 tuo
1165 1021 1205 1049 sic
1219 1021 1323 1054 dixisti,
1337 1022 1365 1049 in
1381 1022 1441 1048 rubi
1455 1022 1514 1048 viso
1527 1030 1534 1049 :
1554 1030 1563 1046 ι
1579 1020 1634 1056 Εκο
1650 1028 1710 1048 sum
1732 1020 1779 1054 qui

147 1062 198 1090 καὶ
211 1063 318 1097 αὐξανῶ
327 1073 366 1099 σε,
379 1066 427 1093 καὶ
439 1065 566 1102 πληθυνῶ
580 1075 610 1093 σε
626 1066 738 1103 σφόδρα.
758 1076 767 1094 ι
784 1067 839 1094 Kal.
855 1067 940 1101 οὕτως

991 1074 1060 1094 sum.
1079 1066 1136 1094 Hoc
1152 1067 1217 1094 mihi
1233 1075 1331 1094 nomen
1345 1072 1386 1095 est
1403 1071 1546 1100 aeternum,
1572 1070 1599 1094 et
1622 1065 1780 1094 memoriale

147 1108 229 1143 εἴπας
244 1110 312 1147 πρὸς
324 1112 444 1148 Μωῡσῆν
459 1112 505 1139 τὸν
521 1112 616 1139 πιστὸν
630 1113 678 1139 καὶ
694 1112 771 1148 ἅγιόν
793 1122 841 1140 σου
860 1113 942 1150 θεράο

147 1163 245 1190 ποντα,
258 1157 304 1184 ent
318 1157 367 1193 τῆς
381 1158 513 1190 ὀπτασίας
528 1159 578 1193 τῆς
593 1158 674 1193 βάτου
685 1169 692 1174 -
713 1167 723 1185 ι
757 1158 827 1193 Ἐγώ
847 1160 905 1195 είμι
927 1159 942 1187 ὁ

989 1113 1211 1148 generationibus
1238 1113 1447 1148 generationum
1480 1112 1526 1139 ‘°’.
1556 1121 1566 1138 ι
1590 1110 1781 1146 Propugnator

989 1158 1099 1193 generis
1110 1158 1266 1190 Abrahami,
1281 1158 1441 1186 benedictus
1457 1166 1486 1186 es
1502 1158 1530 1185 in
1545 1157 1655 1185 saecula.

146 1201 186 1229 ὥν
199 1209 207 1218 ³
222 1202 301 1230 τοῦτό
318 1212 362 1239 μοι
374 1203 459 1239 ὄνομά
471 1204 545 1232 ἐστιν
563 1205 681 1239 αἰώνιον,
696 1206 743 1233 καὶ
763 1207 933 1242 μνημόσυνον
949 1207 1055 1240 γενεαῖς
1081 1206 1193 1240 γενεῶν.
1215 1215 1226 1232 ι
1254 1206 1412 1242 ’Υπέρμαχε
1432 1206 1527 1240 γένους
1550 1205 1684 1241 Ἀϐραὰμ,
1704 1203 1780 1231 εὐλο-

144 1247 230 1285 γητὸς
244 1247 270 1276 εἷ
284 1250 323 1282 είς
336 1250 400 1282 τοὺς
416 1250 527 1282 αἰῶνας.

184 1325 188 1330 ,
402 1296 601 1324 ΚΕΦΑΛΑΙΟΝ
620 1298 682 1325 AA’.

171 1340 331 1375 Προσευχὴ
345 1341 540 1377 iisan-etlam};
555 1343 748 1379 δημιουργίας
757 1343 910 1379 διαφόρου.

181 1386 334 1423 Εὐλογητὸς
352 1386 387 1422 εἴ,
406 1389 492 1424 Κύριε
509 1389 619 1424 βασιλεῦ
634 1390 689 1416 τῶν
712 1389 817 1418 αίώνων
832 1399 840 1406 ·
861 1390 877 1417 ὁ
895 1391 940 1419 διὰ

145 1432 265 1469 Χριστοῦ
277 1435 393 1470 ποιήσας
409 1434 444 1461 τὰ
459 1435 518 1468 ὅλα,
534 1436 581 1463 καὶ
596 1435 634 1462 δι’
650 1436 732 1462 αὑτοῦ
751 1437 780 1462 ἐν
797 1437 868 1474 ἀρχῇ
892 1446 940 1465 κο-

146 1480 255 1516 σμήσας
269 1480 304 1507 τὰ
315 1480 543 1509 ἀκατασκεύαστα
554 1491 561 1497 ·
576 1483 590 1509 ὁ
600 1482 764 1518 διαχωρίσας
780 1483 863 1511 ὕδατα
880 1484 942 1511 ὑδά-

144 1533 201 1553 ¹των
217 1526 396 1562 περεὼματι,
420 1527 468 1554 καὶ
484 1528 593 1564 πνεῦμα
608 1529 723 1561 ζωτικὸν
737 1529 842 1561 τούτοις
855 1530 941 1565 ἐμϐα-

1255 1297 1371 1325 CAPUT
1389 1296 1499 1324 XXXIV

1109 1343 1203 1372 Oratio
1217 1344 1366 1379 prwdicans
1381 1344 1483 1371 variam
1499 1343 1664 1370 creationem.

1026 1389 1189 1418 Benedictus
1209 1398 1249 1423 es,
1269 1389 1393 1422 Domine,
1409 1398 1456 1418 rex
1473 1387 1712 1423 saculorummui
1731 1395 1780 1423 per

990 1438 1130 1467 Christum
1147 1437 1236 1466 iecisti
1252 1437 1390 1468 universa,
1402 1440 1430 1464 et
1445 1444 1493 1472 per
1513 1444 1576 1463 eum
1597 1435 1625 1462 in
1644 1434 1779 1469 principio

990 1485 1096 1512 ornasti
1110 1483 1257 1517 informia;
1272 1492 1318 1518 qut
1334 1490 1420 1518 aquas
1442 1484 1476 1510 ab
1503 1482 1582 1517 aquis
1605 1481 1778 1508 ﬁrmamento

990 1530 1138 1565 separasti,
1152 1533 1178 1557 et
1191 1530 1233 1557 his
1244 1530 1369 1564 spiritum
1385 1530 1493 1556 vitalem
1508 1528 1649 1561 indidisti;
1666 1527 1712 1562 qui
1727 1531 1780 1554 ter-

144 1570 216 1598 λών·
241 1572 255 1599 ὁ
278 1573 329 1609 γῆν
345 1573 471 1609 ὲδράσας,
488 1574 536 1601 καὶ
549 1575 662 1610 οὐρανὸν
682 1575 814 1609 ἐκτείνας,
829 1576 876 1602 καὶ
889 1576 939 1612 τὴν

991 1581 1048 1600 ram
1060 1573 1199 1606 stabilisti,
1211 1578 1238 1601 et
1248 1574 1346 1601 celum
1362 1574 1519 1606 extendisti,
1532 1577 1558 1601 et
1571 1573 1693 1608 singulas
1704 1579 1779 1599 crea-

145 1617 262 1645 ικάστου
277 1619 331 1646 τῶν
350 1620 508 1655 κτισμάτων
522 1620 622 1657 ἀκριϐῆ
646 1621 767 1654 διάταξιν
785 1610 936 1657 κοσμήσας.

991 1622 1066 1646 tui-as
1084 1623 1180 1647 exacta
1201 1619 1382 1655 dispositione
1399 1619 1537 1647 ornasti‘.
1556 1618 1614 1646 Tua
1638 1619 1709 1646 enim
1723 1626 1777 1654 po-

145 1663 185 1699 Σῇ
204 1663 258 1700 γὰρ
276 1665 389 1701 δυνάμει
409 1666 431 1700 ¹,
450 1666 590 1700 Δέσποτα,
617 1666 718 1703 κόσμος
745 1668 936 1704 πεφαίδρυταισ

143 1708 261 1746 οὐρανὸς
270 1711 299 1738 δὲ
307 1711 346 1743 ὡς
355 1712 468 1748 καμάρα
474 1712 659 1748 πεπηγμένος,
669 1713 937 1750 ἡγλάῖσταιᾶστροις,

143 1754 240 1783 ἕνεκεν
255 1757 432 1793 παραμυθίας
447 1758 494 1785 τοῦ
516 1758 629 1790 σκότους
644 1766 651 1774 ·
672 1758 731 1793 φῶς
755 1759 783 1785 δὲ
799 1760 846 1786 καὶ
861 1760 937 1795 ἥλιος

143 1801 188 1834 είς
196 1802 302 1838 ἡμέρας
316 1804 363 1830 κα)⁵
377 1804 492 1839 καρπῶν
508 1804 590 1839 γονὰς
603 1804 778 1841 γεγέννηνται
800 1813 807 1821 ·
837 1806 936 1842 σελήνη

143 1846 176 1874 δὲ
188 1848 228 1879 είς
247 1848 351 1884 καιρῶν
370 1850 484 1886 τροπὴν,
504 1850 623 1883 αὔξουσα
640 1851 688 1878 καὶ
709 1852 856 1889 μειουμένη
867 1846 938 1880 ν’καὶ

143 1893 196 1926 νὺξ
210 1893 374 1930 ὠνομάζετο,
398 1896 445 1923 καὶ
456 1896 547 1932 ἡμέρα
556 1898 782 1934 προσηγορεύετο,
796 1898 938 1935 στερέωμα

141 1938 175 1965 δὲ
190 1938 234 1965 διὰ
251 1940 332 1975 μέσον
347 1940 402 1977 (81)
416 1941 470 1969 τῶν
484 1942 609 1970 ἀϐύσσων
624 1943 759 1971 ἐδείκνυτο
771 1953 778 1959 ·
795 1944 843 1972 καὶ
858 1943 938 1978 εἶπας

143 1985 312 2022 συναχθῆναι
326 1986 360 2014 τὰ
374 1987 469 2022 ὕδατα,
485 1988 532 2016 καὶ
546 1990 659 2026 ὀφθῆναι
674 1990 723 2026 τὴν
737 1990 832 2027 ξηράν.
847 1991 937 2027 Αὐτὴν

142 2032 175 2059 δε
186 2033 235 2069 τὴν
250 2033 387 2061 θάλασσαν
402 2034 461 2066 πῶς
473 2036 506 2063 ἄν
522 2044 564 2068 τις
579 2036 759 2072 ὲκφράσειεν;
780 2037 841 2072 ἥτις
857 2036 936 2073 ἔρχε-

142 2086 192 2105 ται
206 2079 254 2115 μὲν
264 2079 318 2106 ἀπὸ
327 2080 460 2116 πελάγους
469 2082 616 2118 μαινομένη
628 2082 683 2119 (82)
697 2091 704 2098 '
714 2082 890 2119 παλινδρομεῖ
898 2083 938 2118 δὲ,

145 2124 202 2152 ἀπὸ
214 2125 328 2162 ψάμμου
340 2128 373 2162 τῇ
390 2129 422 2163 σῇ
437 2130 576 2164 προσταγῇ
587 2129 744 2166 κωλυομένη
759 2137 766 2145 ·
783 2127 938 2166 etnec-7&9,

147 2171 177 2197 ἐν
189 2172 257 2208 αὐτῇ
272 2172 495 2209 συντριϐήσεσθαι
511 2175 595 2211 αὐτῆς
610 2176 643 2202 τὰ
663 2174 773 2211 κύματα
784 2183 791 2192 '
813 2175 892 2208 ζώοις
910 2176 939 2202 δὲ

990 1665 1086 1697 tentia,
1102 1665 1227 1697 Domine,
1243 1665 1362 1693 mundus
1377 1666 1404 1693 in
1421 1665 1494 1692 hunc
1512 1664 1628 1692 nitorem
1645 1665 1779 1692 constitu-

994 1714 1038 1737 tus
1049 1713 1108 1742 est;
1126 1710 1226 1737 caelum
1241 1717 1306 1738 vero
1320 1710 1406 1738 instar
1421 1718 1536 1739 camerae
1555 1716 1727 1746 compactum
1744 1712 1777 1741 ν.

994 1754 1079 1782 astris
1091 1754 1256 1782 illustratum
1269 1760 1320 1787 est,
1334 1756 1366 1783 ad
1380 1756 1508 1783 solatium
1530 1756 1557 1783 in
1580 1756 1717 1789 tenebris;
1736 1756 1762 1783 lu
1773 1770 1780 1776 -

990 1811 1053 1831 men
1069 1806 1159 1830 autem
1174 1806 1202 1830 et
1217 1803 1258 1830 sol
1273 1807 1385 1838 propter
1397 1802 1455 1829 dies
1469 1805 1497 1828 et
1512 1801 1648 1827 fructuum
1665 1808 1780 1835 genera-

990 1849 1079 1876 tiones
1103 1848 1278 1884 prodierunt;
1302 1851 1330 1874 at
1352 1848 1427 1879 luna,
1448 1847 1476 1873 in
1493 1846 1700 1874 conversionem
1714 1850 1779 1873 tetu-

990 1902 1098 1931 porum,
1115 1896 1179 1922 dum
1205 1894 1304 1922 crescit
1318 1901 1350 1921 ac
1362 1894 1496 1921 decrescit
1523 1903 1529 1920 :
1552 1898 1579 1921 et
1594 1900 1648 1919 nox
1661 1892 1781 1920 vocaba-

989 1945 1045 1975 tur,
1059 1945 1086 1969 et
1100 1941 1158 1968 dies
1175 1940 1372 1975 appellabatur,
1391 1939 1590 1966 ﬁrmamentum
1604 1945 1669 1964 vero
1683 1936 1709 1963 in
1722 1944 1779 1963 me-

990 1988 1036 2015 dio
1049 1988 1211 2023 abyssorum
1224 1985 1343 2021 patebat.
1361 1984 1394 2011 Et
1408 1984 1511 2016 dixisti,
1532 1988 1561 2010 ut
1580 1990 1779 2018 congregaren-

990 2037 1036 2060 tur
1050 2040 1137 2068 aquze,
1160 2036 1187 2060 et
1212 2034 1355 2067 appareret
1378 2030 1464 2058 arida.
1488 2030 1578 2065 Ipsum
1598 2032 1687 2055 autem
1703 2036 1778 2055 mare

990 2078 1127 2114 quomodo
1149 2078 1211 2113 quis
1232 2077 1392 2104 enarraret?
1425 2075 1496 2111 quod
1526 2075 1635 2110 quidem
1655 2074 1731 2101 venit
1762 2081 1778 2100 a

990 2126 1086 2161 pelago
1103 2124 1214 2156 furens,
1233 2123 1350 2150 recurrit
1364 2126 1466 2154 autem.
1483 2121 1517 2149 ab
1532 2128 1614 2148 arena
1633 2120 1712 2155 jussu
1730 2124 1777 2146 tuo

990 2172 1176 2209 prohibitum;
1192 2165 1284 2197 dixisti
1299 2168 1382 2201 enim,
1399 2168 1471 2203 quod
1487 2168 1514 2195 in
1530 2167 1588 2202 ipsa
1603 2166 1779 2200 confringen-

151 2219 257 2254 μικροῖς
277 2218 324 2246 καὶ
341 2219 477 2255 μεγάλοις,
494 2220 541 2246 καὶ
560 2220 662 2253 πλοίοις
674 2221 729 2257 (85)
741 2221 877 2258 πορευτὴν
888 2221 938 2248 αὑ-

991 2223 1034 2246 tur
1048 2218 1149 2245 ﬁuctus
1159 2217 1220 2252 ejus
1237 2216 1248 2232 '
1264 2225 1271 2244 :
1296 2215 1461 2243 animalibus
1485 2221 1549 2242 vero
1565 2213 1656 2249 parvis
1669 2217 1695 2241 et
1719 2220 1778 2240 ma—

187 2286 211 2302 "
227 2286 255 2323 τε
265 2286 380 2323 τρυφῆς.
396 2286 418 2301 ³⁵
431 2285 467 2323 al_.
482 2285 670 2323 ὑπαργρύσης.

153 2330 227 2354 xxvu,
245 2320 328 2350 ﬁd'et
342 2320 435 2352 xtvut.
449 2320 475 2348 4.
515 2323 536 2338 ¹⁶

152 2357 231 2386 Vind.
270 2357 343 2385 ‘Job
359 2364 475 2390 xxxvm,
490 2356 534 2384 ll.

708 2285 732 2302 “
742 2284 811 2313 Gen.
825 2293 874 2313 xu.
911 2286 934 2303 ⁸⁷

991 2294 1092 2317 n.xul.
1115 2285 1159 2318 l6,
1177 2290 1204 2313 et
1216 2293 1290 2317 xxII,
1311 2285 1354 2312 i7.
1392 2285 1415 2302 °'
1428 2285 1579 2315 (ἔθων-ιι.
1597 2283 1622 2310 7.
1661 2284 1683 2300 ”
1708 2282 1775 2310 Gen.

587 2319 650 2350 xod.
669 2320 769 2355 1",“,
785 2321 829 2349 t5.
868 2322 875 2337 ¹
890 2321 937 2349 Gen

991 2343 993 2348 τ
1031 2323 1051 2338 ¹⁹
1068 2321 1103 2349 IV
1117 2321 1185 2352 Est].
1203 2321 1315 2354 xVI,60.
1352 2321 1363 2336 ¹
1380 2321 1415 2348 al.
1433 2320 1590 2358 ὲνθυμήσει.
1612 2319 1657 2347 Sic
1674 2323 1700 2346 ct
1714 2320 1775 2346 cod.

797 2437 977 2466 VARIORUM
995 2436 1111 2466 NOTAE.

183 2519 239 2555 (78)
271 2520 461 2555 ’Υπόσχεσιν.
484 2520 636 2554 Praeﬁgitur
655 2519 704 2555 τήν
726 2521 753 2547 in
769 2519 831 2547 cod.
852 2518 934 2546 Vind.

144 2555 312 2596 quotl‘liabet
327 2557 380 2596 vim
397 2556 541 2596 quamdam
552 2556 700 2596 δεικτικήν.
713 2555 797 2596 Cum:

176 2590 240 2624 ‘(79)
263 2590 319 2624 Τῆς
340 2590 412 2625 μὲν-⁷
426 2591 554 2625 πίστεως
578 2590 673 2618 αὑτοῦ
698 2590 889 2624 προώδευσεν
914 2590 934 2624 ἡ

146 2625 267 2659 γνῶσις.
279 2625 310 2662 _ln
325 2626 386 2662 cod.
405 2625 523 2654 Vindob.
542 2630 585 2654 est
607 2627 659 2662 τῆς
676 2626 734 2662 ,μὲν
759 2625 891 2662 γνώσεως,
909 2629 937 2652 et

184 2666 241 2688 stea
254 2660 354 2692 πίστις.
370 2661 552 2694 Incommode,
568 2660 714 2689 uam'ﬁdes
725 2665 767 2689 est
781 2669 814 2688 ex
830 2660 935 2688 auditu.

184 2669 241 2688 stea
254 2669 354 2692 πιστις.
370 2669 552 2694 incommoue,
568 2669 630 2689 nam
647 2669 714 2689 IIGBS
725 2669 767 2689 εει
781 2669 814 2688 ex
830 2669 935 2688 auuitu.

146 2669 403 2738 meadem'desunt'
412 2697 575 2738 sequentia:
597 2697 654 2733 Τῆς
674 2696 703 2723 δὲ
726 2695 855 2738 γνώσεως
871 2696 937 2737 ἀκό-

144 2731 240 2763 λουθος
260 2730 371 2766 γέγονεν
392 2731 409 2765 ἡ
425 2730 523 2766 πίστις,
542 2740 593 2759 nec
610 2730 675 2760 sane
691 2735 756 2760 sunt.
770 2733 937 2764 necessaria.

145 2767 248 2802 quippe
267 2774 329 2802 quae
346 2765 571 2794 antecedentibus
589 2768 680 2795 verbis
702 2768 770 2795 satis
793 2767 938 2795 continen-

146 2807 192 2828 tur
218 2809 269 2828 nec
280 2800 428 2828 repetenda
445 2805 519 2828 sunt.
535 2801 575 2828 In.

146 2807 192 2830 tur
218 2809 269 2829 nec
280 2804 428 2835 repetenda
445 2805 519 2828 sunt.
536 2804 575 2829 lu.

146 2872 156 2874 _
183 2837 241 2874 (80)
266 2836 520 2870 Ἐπακολούθημα.
543 2837 572 2864 In
593 2836 656 2864 cod.
677 2836 757 2865 Vind.
779 2837 935 2871 ἀκόλουθος.

158 2880 174 2900 D

145 2872 239 2945 ΙΙ’ὶευ
258 2906 372 2936 Μέσον.
394 2905 422 2933 In
435 2905 497 2934 cod.
510 2906 592 2934 Vind.
608 2906 709 2942 μέσων.
724 2906 762 2935 ιιι.

1024 2519 1080 2554 (82)
1100 2519 1279 2554 Μαινομένη.
1291 2519 1431 2547 Omittitur
1445 2518 1473 2546 in
1485 2518 1580 2546 eodem
1595 2518 1656 2554 cod.
1676 2525 1775 2553 perpe-

992 2553 1074 2583 ram.’
1096 2554 1163 2581 Ἀπὸ
1185 2553 1330 2589 πελάγους,
1352 2555 1419 2582 verti
1435 2554 1565 2582 debuerat
1580 2553 1612 2579 ab
1626 2553 1680 2580 allo
1694 2554 1773 2584 mari,

989 2590 1048 2618 haec
1069 2595 1112 2618 est
1135 2590 1208 2618 enim
1233 2591 1309 2619 vocis
1338 2594 1470 2625 potestas,
1496 2589 1605 2625 quando
1629 2590 1775 2625 opponitur

989 2625 1086 2658 littori,
1108 2626 1231 2660 marique
1249 2628 1275 2653 ei
1292 2624 1396 2658 vicino;
1416 2625 1488 2660 quod
1506 2624 1775 2660 'optimorumuscr'i-

990 2665 1099 2696 ptorum
1116 2658 1329 2688 auctoritatibus
1350 2658 1460 2696 probari
1478 2658 1570 2696 quem.
1593 2659 1660 2687 Vide
1677 2658 1772 2686 Matth.

991 2695 1070 2725 xvm.
1082 2696 1110 2729 6,
1125 2700 1152 2723 et
1166 2696 1329 2731 interpretes
1342 2695 1375 2723 ad
1392 2695 1492 2723 locum.
1505 2695 1543 2722 In.

1028 2731 1085 2766 (85)
1104 2731 1161 2758 Kal.
1183 2728 1310 2764 πλοῖοις.
1336 2731 1440 2759 Desunt
1462 2731 1520 2758 haec
1547 2730 1629 2758 verba
1651 2728 1682 2766 in
1711 2729 1772 2757 cod.

991 2765 1109 2794 Vindob.
1126 2772 1153 2794 et
1167 2766 1226 2794 ﬁeri
1245 2766 1355 2801 quidem
1370 2767 1458 2801 possit
1478 2770 1507 2793 ut
1523 2766 1615 2793 addita
1634 2765 1709 2798 sint;
1726 2773 1775 2792 ne—

990 2810 1043 2838 que
1057 2803 1130 2830 enim
1145 2800 1302 2838 necessaria
1320 2800 1642 2838 suu’tLinrdescriptione
1658 2801 1775 2838 creatio-

990 2835 1043 2873 riis.
1061 2838 1114 2865 Sed
1126 2841 1188 2873 post
1201 2837 1331 2873 ἐποίησας
1349 2836 1516 2873 θᾶᾱὶιγίᾶοιῐι
1532 2835 1622 2873 codex
1639 2845 1646 2862 :
1665 2835 1774 2873 βροτοῖς

989 2872 1017 2900 δὲ
1032 2873 1116 2911 βατήν
1126 2870 1216 2909 ἀὐτὴν
1230 2870 1298 2900 εῖναι
1309 2873 1365 2906 τοῖς
1377 2872 1477 2904 πλοίοις
1492 2872 1648 2903 ἐκέλευσας.
1666 2870 1704 2899 lli.
