4062 6258
549 317 689 376 1ου

1475 310 1534 369 ὃ.
1569 307 1963 370 CLEMENTIS
1994 311 2010 363 l
2047 304 2213 365 80M.
2249 303 2454 362 PONT.
2488 301 2717 362 OPERA
2750 300 2975 360 DUBIA.

3664 298 3794 354 10%

528 438 696 511 guis,
748 434 877 491 item
923 429 1158 503 navigiis
1201 427 1336 485 illud
1389 428 1563 486 fecisti
1610 428 1876 500 pervium.
1925 424 2118 480 Postea

2223 423 2321 496 τὴν
2351 421 2631 492 ἐποίησας.
2675 415 2796 474 Εἶτ’
2828 416 3129 491 ἐχλοαίνετο
3178 416 3271 489 γῆ.
3310 413 3585 480 παντοίοις
3623 417 3799 472 ἄνθεσι

548 527 894 601 germinabat
939 532 1109 589 terra,
1145 521 1452 592 omnigenis
1479 520 1725 583 ﬂoribus,
1767 532 1832 573 ac
1861 517 2126 572 varietate

549 620 812 675 arborum
842 614 1226 684 multiplicium
1259 613 1472 683 depicta
1506 629 1522 677 ;
1555 618 1609 666 et
1644 610 1858 664 cunctis
1890 605 2126 662 lucentia

495 719 498 722 '
550 709 843 766 luminaria
880 708 1074 763 horum
1103 704 1344 765 nutritii,
1386 703 1633 758 eumdem
1663 716 1876 771 semper
1901 714 2124 754 cursum

549 807 740 855 tenent
783 813 886 853 nec
935 798 1211 852 ullatenus
1253 808 1283 846 a
1326 801 1418 847 tuo
1449 790 1704 846 mandato
1733 791 1980 856 variant;
2029 787 2152 844 sed

547 907 876 966 quacunque
933 890 1189 960 iusseris.
1235 887 1308 943 ibi
1352 886 1604 941 oriuntur
1645 899 1709 938 ac
1745 882 2023 949 occidunt,
2068 882 2125 936 in

547 987 705 1059 signa
752 994 1056 1055 temporum
1105 990 1266 1051 atque
1309 993 1596 1040 annorum,
1621 983 1676 1033 et
1703 975 1980 1031 hominum
2021 974 2125 1028 mi-

546 1077 832 1132 nisterium
871 1075 1161 1129 alternant.
1197 1071 1396 1126 Deinde
1422 1069 1738 1124 animalium
1783 1067 2123 1121 diversorum

549 1164 982 1222 conficiebantur
1008 1176 1230 1234 genera,
1262 1157 1630 1222 terrestrium,
1665 1155 2004 1226 aquatilium,
2033 1169 2126 1208 vo-

547 1255 784 1318 lucrum,
837 1253 1239 1323 amphibiorum
1271 1270 1284 1306 :
1327 1257 1541 1320 tuaeque
1572 1245 1921 1318 providentia:
1952 1242 2124 1322 artifi-

545 1348 697 1402 ciosa
728 1345 994 1418 sapientia
1024 1346 1273 1400 idoneam
1301 1342 1595 1412 unicuique
1618 1339 1981 1412 provisionem
2012 1335 2125 1391 lar-

546 1442 728 1511 gitur:
763 1441 906 1496 sicut
926 1440 1070 1497 enim
1101 1438 1168 1494 ad
1213 1437 1362 1492 varia
1394 1452 1592 1507 genera
1635 1432 1982 1506 producenda
2011 1446 2124 1486 non

545 1529 650 1587 fuit
698 1531 977 1595 invalida,
1031 1531 1114 1586 sic
1161 1544 1339 1600 neque
1371 1528 1642 1583 diversam
1692 1523 2123 1593 uniuscujusque

543 1623 1036 1698 curamsuscipere
1061 1622 1319 1692 neglexit.
1350 1618 1529 1689 Atque
1550 1617 1617 1671 ad
1643 1624 1945 1672 extremum
1968 1628 2124 1668 crea-

543 1713 730 1782 tionis,
765 1713 1029 1770 mandans
1059 1720 1168 1768 tua:
1190 1711 1501 1783 Sapientiae,
1525 1707 1820 1764 condidisti
1854 1703 2122 1758 rationale

2227 514 2710 588 καταγραφομένη,
2757 514 2854 567 καὶ
2921 510 3163 580 ποικιλίᾳ
3208 509 3440 583 δένδρων
3493 509 3756 582 διαφόρων
3781 532 3794 546 ο

2225 610 2510 679 παμφαεϊς
2533 625 2593 660 τε
2627 606 2914 677 φωστῆρες
2951 603 3156 658 τούτων
3191 602 3419 675 τιθηνοὶ,
3455 602 3797 674 ἀπαράϐατον

2225 700 2487 766 σώζοντες
2505 700 2598 755 τὸν
2619 700 2848 770 δολιχὸν,
2883 699 2976 753 καὶ
3002 715 3106 752 κατ
3125 699 3139 720 ’
3160 697 3315 774 eam
3336 696 3798 769 παραλλάσσοντες

2221 793 2323 863 τῆς
2364 793 2462 864 σῆς
2504 792 2855 864 προπαγῆς·
2899 790 3026 843 ἀλλ’
3634 788 3795 864 ταύτῃ

2223 863 2499 956 ἀνίσχουσι
2533 863 2626 938 καὶ
2649 884 2882 949 δύουσιν,
2910 886 2990 947 είς
3502 881 3599 935 καὶ
3637 863 3799 938 ὲνιαυέ

2222 951 2725 1048 τῶι-ἀμειϐόμενοι
2754 976 2852 1047 τὴν
2896 975 3005 1028 τῶν
3035 951 3684 1047 ύπηρεσίαν.
3718 974 3798 1027 Ἔ·

2224 1087 2384 1124 πειτα
2406 1070 2678 1142 διαφόρων
2694 1066 2845 1133 ζώων
2873 1065 3304 1131 κατεσκευάζετο
3325 1066 3478 1138 γένη,
3512 1065 3795 1138 χερσαίων,

2224 1161 2478 1234 ἐνύδρων,
2523 1162 2860 1234 ἀεροπόρων,
2895 1161 3172 1231 ἀμφιϐίων
3198 1177 3211 1190 ·
3264 1162 3358 1213 καὶ
3388 1160 3487 1230 τῆς
3525 1160 3624 1230 σῆς
3668 1176 3797 1231 προ-

2222 1256 2424 1325 νοίαςή
2457 1255 2700 1324 ἔντεχνος
2729 1247 2887 1322 σοφία
2924 1254 3022 1324 τὴν
3049 1251 3379 1323 κατάλληλον
3427 1251 3797 1323 ἑκάστῳιπρό-

2223 1366 2370 1401 νοιαν
2396 1348 2646 1419 δωρεῖται
2670 1364 2683 1377 ·
2718 1345 2907 1417 ῶσπερ
2935 1345 3042 1416 γὰρ
3080 1345 3312 1417 διάφορα
3361 1345 3495 1415 γένη
3537 1345 3637 1398 ούκ
3680 1344 3800 1414 ητό-

2223 1458 2354 1511 νησε
2415 1442 2777 1511 παραγαγεῖν,
2837 1437 3010 1501 οὕτως
3067 1439 3186 1492 οὐδὲ
3241 1438 3498 1508 διάφορον
3550 1437 3798 1508 πρόνοιαν

2224 1533 2454 1587 ἑκάστου
2504 1532 2830 1604 ποιήσασθαι
2880 1529 3324 1601 κατωλιγώρησε.
3370 1529 3482 1583 Καὶ
3525 1529 3678 1594 τέλος
3707 1530 3798 1600 τῆς

2221 1624 2595 1696 δημιουργίας,
2623 1623 2684 1676 τὸ
2713 1623 2926 1692 λογικὸν
2967 1622 3124 1687 ζῶον,
3152 1623 3240 1676 τὸν
3270 1620 3690 1694 κοσμοπολίτην,
3734 1625 3798 1694 τῇ

2227 1721 2293 1790 σῇ
2317 1717 2476 1788 σοφίᾳ
2497 1716 2908 1786 διαταξάμενος,
2931 1713 3359 1781 κατεσκεύασας,
3382 1712 3571 1766 είπών·
3602 1731 3621 1764 ι
3651 1714 3802 1786 Ποιή·

542 1806 764 1869 animal,
806 1805 996 1860 nmndi
1029 1806 1224 1869 civem,
1262 1804 1452 1858 dicens
1497 1821 1510 1857 :
1553 1820 1572 1851 ‹
1610 1799 1896 1853 Faciamus
1940 1796 2118 1851 homi-

2228 1781 2408 1881 σῶμεν
2447 1781 2742 1880 άνθρωπον⁷
2786 1810 2916 1862 κατ’
2971 1800 3155 1860 είκόνα
3207 1808 3300 1860 καὶ
3366 1806 3501 1860 καθ’
3549 1781 3800 1882 ὁμοίωσιν

540 1911 665 1952 nem
692 1897 761 1950 ad
785 1897 1074 1966 imaginem
1108 1903 1162 1950 et
1205 1895 1270 1950 ad
1313 1893 1724 1949 similitudinem
1754 1891 2071 1954 nostram";
2096 1907 2115 1940 ι

542 1985 736 2040 mundi
764 1987 1050 2050 mundum,
1099 2000 1196 2040 seu
1239 1983 1546 2040 ornamenti
1589 1992 1862 2042 ornatum,
1916 1979 2123 2034 consti-

540 2087 704 2135 tuens
731 2080 922 2146 illum;
966 2097 1029 2135 ex
1061 2089 1297 2151 quatuor
1341 2077 1560 2148 quidem
1595 2072 1898 2136 elementis,
1929 2071 2121 2141 primis

540 2163 889 2242 corporibus,
918 2171 1202 2226 formando
1227 2185 1428 2240 corpus
1461 2168 1628 2233 illius,
1672 2166 1912 2221 creando
1940 2173 2121 2217 autem

538 2263 589 2318 ei
620 2265 857 2319 animam
895 2280 963 2319 ex
1009 2264 1182 2318 nihilo
1205 2302 1221 2328 ,
1265 2273 1319 2318 et
1341 2262 1597 2317 donando
1631 2261 1680 2316 ei
1709 2257 2119 2330 quinquertium

539 2369 802 2410 sensuum
827 2395 843 2420 ,
874 2363 1220 2424 mentemque
1257 2356 1499 2426 aurigam
1530 2355 1722 2407 animae
1775 2351 2120 2422 praeficiendo

539 2449 812 2505 sensibus.
844 2447 963 2503 Jam
995 2439 1074 2504 ad
1126 2449 1240 2503 haec
1285 2450 1490 2510 omnia,
1532 2446 1841 2500 dominator
1869 2444 2116 2507 Domine,

538 2544 663 2611 quis
689 2541 954 2611 condigne
984 2541 1278 2611 explicabit
1305 2540 1530 2595 nubium
1561 2539 1828 2594 imbribus
1860 2538 2116 2592 feracium

539 2642 772 2699 motum,
801 2634 1033 2705 fulguris
1063 2634 1428 2705 splendorem,
1459 2633 1758 2687 tonitruum
1804 2631 2072 2702 fragorem
2100 2648 2114 2697 ;

538 2727 608 2783 ad
639 2729 1014 2786 convenientis
1041 2729 1284 2785 alimenti
1310 2727 1821 2799 suppeditationem,
1851 2733 1905 2781 et
1937 2725 2002 2779 ad
2026 2740 2118 2780 ae-

537 2818 616 2874 ris
645 2821 1092 2890 temperationem
1133 2820 1368 2876 maxime
1411 2821 1781 2875 concinnam?
1831 2818 2118 2873 Hominem

537 2925 668 2964 vero
697 2911 1143 2984 inobsequentem
1171 2913 1399 2976 factum,
1427 2914 1533 2967 vita
1565 2914 1630 2966 ad
1660 2911 1964 2966 mercedem
1991 2926 2118 2981 pro-

537 3002 717 3070 posita
763 3003 1033 3072 priv'asti;
1080 3019 1184 3059 nec
1232 3019 1298 3059 ex
1335 3013 1448 3059 toto
1477 3003 1791 3060 exstinxisti
1815 3004 1990 3068 illmn,
2021 3003 2117 3058 sed

2223 1902 2519 1973 ἡμετέραν,
2583 1920 2600 1952 ι
2651 1901 2854 1971 κόσμου
2898 1901 3101 1970 κόσμον
3150 1898 3259 1970 (84)
3301 1897 3464 1952 αὐτὸν
3502 1897 3797 1963 ἀναδείξας·

2223 1995 2288 2048 ἐκ
2317 1995 2415 2066 μὲν
2445 1993 2555 2047 τῶν
2593 1993 2873 2066 τεσσάρων
2917 1993 3214 2062 στοιχείων,
3262 1990 3497 2062 πρώτων
3535 1991 3648 2064 (85)
3695 2009 3799 2046 σω-

2226 2087 2433 2158 μάτων,
2460 2085 2760 2149 διαπλάσας
2788 2085 2935 2157 αύτῴ
2973 2084 3150 2155 σῶμα,
3182 2083 3600 2148 κατασκευάσας
3629 2084 3673 2137 δ’
3703 2084 3799 2138 αύ-

2221 2181 2299 2252 τῷ
2327 2181 2426 2251 τὴν
2467 2181 2644 2251 ψυχὴν
2689 2180 2753 2232 ὲκ
2804 2178 2898 2231 τοῦ
2945 2178 3018 2249 μὴ
3058 2177 3230 2243 ὄντος,
3278 2175 3528 2246 αἴσθησιν
3561 2175 3613 2228 δ’
3656 2175 3801 2247 αύτῴ

2223 2272 2516 2327 πένταθλον
2542 2271 2926 2343 χαρισάμενος,
2956 2269 3050 2349 καὶ
3073 2269 3196 2322 νοῦν
3224 2268 3314 2322 τὸν
3332 2268 3432 2339 τῆς
3457 2267 3634 2340 ψυχῆς
3660 2267 3801 2338 ἡνίο-

2221 2383 2315 2436 χον
2362 2367 2486 2428 ταῖς
2523 2363 2632 2434 (86)
2663 2361 2980 2434 αἰσθήσεσιν
3016 2363 3335 2432 ἐπιστήσας.
3379 2360 3488 2413 Καὶ
3535 2360 3628 2414 ἐπὶ
3669 2360 3800 2414 πᾶσι

2219 2457 2452 2524 τούτοις,
2485 2456 2729 2511 Δέσποτα
2757 2454 2948 2525 Κύριε,
2990 2453 3073 2517 τίς
3105 2451 3344 2518 ἐπαξίως
3373 2453 3690 2524 διηγήσεται
3716 2469 3800 2506 νε-

2221 2550 2337 2619 φῶν
2360 2548 2706 2620 ὀμϐροτόκων
2731 2547 2922 2619 φορὰν,
2947 2545 3233 2617 ἀστραπῆς
3252 2544 3540 2616 ἔκλαμψιν,
3566 2543 3801 2617 βροντῶν

2223 2642 2487 2711 πάταγον,
2515 2643 2597 2704 είς
2626 2641 2832 2712 τροφῆς
2868 2637 3197 2710 καταλλήλου
3225 2637 3510 2709 χορηγίαν,
3540 2637 3636 2690 καὶ
3664 2639 3798 2710 κρᾶ-

2222 2751 2305 2787 σιν
2345 2734 2522 2806 ἀέρων
2570 2733 2965 2805 παναρμόνιον;
3009 2731 3437 2803 Παρακούσαντα
3472 2730 3528 2783 δὲ
3565 2729 3657 2782 τὸν
3702 2731 3797 2785 ἆν-

2220 2825 2458 2897 Θρωπον,
2494 2825 2761 2896 ὲμμίσθου
2789 2824 2933 2894 ζωῆς
2965 2823 3293 2895 ἐστέρησας’
3328 2823 3429 2875 ούκ
3462 2824 3542 2886 εἰς
3566 2822 3627 2874 τὸ
3667 2837 3803 2875 παν-

2218 2918 2371 2982 τελὲς
2400 2918 2688 2986 ἀφανίσας,
2733 2915 2868 2969 ἀλλὰ
2913 2917 3089 2987 χρόνῳ
3122 2915 3258 2987 πρὸς
3309 2914 3484 2983 ὀλίγον
3524 2913 3797 2984 κοιμίσας,

2217 3009 2365 3082 ὅρκῳ
2417 3012 2498 3072 είς
2557 3008 2970 3077 παλιγγενεσίαν
3019 3008 3299 3070 ἐκάλεσας.
3364 3007 3526 3078 ’Ὀρον
3569 3005 3800 3060 θανάτου

538 3094 686 3150 brevi
717 3104 958 3166 tempore
978 3104 1152 3152 morte
1178 3104 1513 3167 soporatum,
1541 3096 1901 3166 jurejurando
1926 3095 1994 3149 ad
2028 3111 2116 3151 se-

2219 3102 2435 3170 έλυσας,
2460 3104 2489 3156 ό
2520 3101 2779 3166 ζωοποιὸς
2806 3101 2915 3154 τῶν
2949 3100 3157 3172 νεκρῶν
3197 3099 3285 3153 διά
3338 3098 3510 3170 Ἰησοῦ
3542 3097 3798 3170 Χριστοῦ,

535 3187 772 3240 cundam
801 3189 1138 3242 nativitatem
1161 3190 1368 3244 vocasti
1395 3189 1438 3242 '.
1474 3188 1764 3243 Decretum
1785 3188 1977 3242 mortis
2007 3187 2117 3242 sol-

536 3281 686 3344 visti,
752 3282 846 3350 qui
896 3288 1144 3336 mortuos
1200 3282 1269 3336 ad
1311 3282 1481 3337 vitam
1522 3282 1742 3338 reducis
1787 3297 1883 3352 per
1927 3280 2116 3337 Jesum

538 3371 844 3437 Christum,
869 3387 1022 3442 spem
1051 3380 1294 3429 nostram
1321 3373 1364 3429 ⁸.

1078 3507 1312 3566 CAPUT
1347 3507 1566 3565 XXXV.

539 3623 728 3681 Oratio
771 3640 891 3679 cum
932 3626 1230 3696 gratiarum
1272 3628 1474 3700 actione
1515 3625 1814 3700 praedicans
1851 3625 1950 3682 Dei
1988 3643 2116 3700 erga

959 3706 1230 3751 creaturas
1253 3697 1687 3753 sollicitudinem.

609 3810 836 3882 Magnus
856 3829 936 3876 es,
967 3811 1197 3870 Domine
1224 3814 1591 3886 omnipotens,
1627 3821 1681 3871 et
1710 3831 1909 3887 magna
1935 3816 2114 3872 virtus

537 3912 652 3966 lla,
682 3910 739 3958 et
765 3904 1047 3974 sapientiae
1077 3914 1184 3963 tua:
1222 3923 1332 3962 non
1378 3915 1463 3963 est
1505 3922 1771 3962 numerus
1796 3909 1848 3976 ⁷;
1873 3919 2110 3978 creator,

535 3994 797 4060 salvator,
831 3996 986 4054 dives
1015 3999 1072 4053 in
1099 3999 1313 4072 gratiis,
1338 4000 1686 4072 longanimis,
1715 4008 1769 4056 et
1797 4003 2114 4059 misericor-

535 4085 641 4141 diae
670 4087 895 4160 largitor
918 4106 934 4157 ;
956 4090 1049 4162 qui
1081 4101 1458 4148 creaturarum
1485 4101 1703 4150 tuarum
1735 4096 1967 4152 salutem
1997 4083 2111 4152 non

535 4178 784 4248 deseris;
829 4191 1027 4236 natura
1057 4182 1204 4238 enim
1236 4183 1414 4241 bonus
1447 4199 1508 4240 es
1541 4203 1555 4240 :
1589 4187 1769 4256 parcis
1801 4197 1981 4243 autem
2009 4187 2110 4244 de-

533 4270 932 4343 linquentibus,
960 4291 1057 4332 eos
1085 4275 1154 4330 ad
1189 4277 1562 4346 paenitentiam
1592 4294 1897 4349 provocans
1929 4299 1942 4336 :
1986 4288 2112 4336 tua-

535 4379 656 4418 rum
701 4366 903 4438 quippe
941 4368 1356 4424 miserationum
1403 4369 1626 4427 effectus
1657 4378 1742 4427 est
1783 4371 2104 4430 admonitio.

2219 3193 2318 3268 τῆς
2351 3194 2563 3257 ἐλπίδος
2594 3195 2628 3265 ή
2635 3193 2766 3265 μῶν.

2727 3513 3126 3568 ΚΕΦΑΛᾹΙΟΝ
3162 3513 3275 3572 AE'.

2214 3625 2534 3704 Προσευχῂ
2569 3626 2719 3704 μετὰ
2763 3628 3145 3704 εὐχαρίστως
3192 3627 3648 3704 ἐξαγγέλλουσα
3690 3627 3799 3683 τοῦ

2369 3698 2519 3753 Θεοῦ
2535 3769 2537 3772 ι
2555 3697 2669 3768 τὴν
2697 3698 2830 3767 περὶ
2853 3700 2927 3753 τὰ
2951 3697 3095 3751 ὄντα
3115 3698 3474 3767 κηδεμονίαν
3505 3698 3638 3770 (87).

2285 3811 2477 3881 Μέγας
2525 3806 2595 3878 εἴ,
2643 3811 2817 3884 Κύριε
2874 3811 3272 3884 παντόκρατορ,
3343 3812 3439 3865 καὶ
3503 3811 3713 3882 μεγάλη
3756 3810 3789 3882 ἡ

2217 3905 2369 3977 ίσχύς
2402 3923 2518 3971 σου,
2545 3905 2757 3976 καὶτῆς
2789 3903 3056 3968 συνέσεώς
3082 3921 3174 3973 σου
3213 3905 3313 3980 ούκ
3342 3904 3487 3957 ἔστιν
3525 3903 3756 3975 ἀριθμός
3774 3919 3794 3935 ⁸

2213 3997 2430 4066 κτίστα,
2465 3997 2670 4069 σῶτερ,
2705 3995 2927 4050 πλούσιε
2971 3999 3028 4050 ὲν
3059 3997 3264 4068 χάρισι,
3320 3998 3658 4069 μακρόουμε,
3702 3997 3799 4051 καὶ

2213 4089 2397 4153 ἐλέους
2427 4087 2628 4162 χορηγέ
2650 4107 2663 4120 ·
2695 4091 2723 4142 ό
2753 4089 2827 4160 μὴ
2853 4089 3095 4159 ἀφιστῶν
3123 4089 3230 4162 (88)
3262 4089 3369 4144 τῶν
3414 4091 3520 4144 σῶν
3563 4088 3833 4161 κτισμάο³

2211 4199 2320 4236 των
2370 4182 2470 4254 τὴν
2514 4182 2820 4254 σωτηρίαν·
2863 4184 3019 4252 φύσει
3077 4182 3184 4254 γάρ
3243 4183 3444 4253 ἀγαθὸς
3489 4184 3793 4256 ὑπάρχειςο

2213 4273 2368 4346 φείδῃ
2423 4273 2480 4327 δὲ
2529 4273 2985 4346 ἁμαρτανόντων,
3064 4277 3144 4338 εἰς
3206 4277 3492 4348 μετάνοιαν
3549 4292 3798 4349 προσκα-

2211 4365 2506 4437 λούμενος·
2554 4367 2852 4438 οἰκτιρμῶν
2899 4368 3008 4440 γάρ
3055 4350 3168 4420 ’σου
3221 4369 3256 4439 ἠ
3303 4368 3636 4439 νουθέτησις.
3670 4367 3799 4431 Πῶς

538 4454 750 4511 Etenim
797 4459 1071 4528 quomodo
1103 4462 1522 4528 sustineremus,
1562 4463 1611 4518 si
1649 4463 1716 4517 ad
1755 4477 1976 4520 causam
2023 4463 2110 4518 di-

2219 4460 2323 4534 γὰρ
2354 4460 2419 4515 ἂν
2448 4460 2761 4533 ὑπέστημεν
2791 4460 2834 4528 ⁸,
2865 4461 3220 4533 ἐπειγομένην
3251 4461 3639 4533 ἀπαιτούμενοι
3670 4459 3795 4531 κρί-

534 4547 762 4604 cendam
804 4551 990 4606 statim
1039 4562 1428 4622 repeteremur,
1467 4553 1686 4625 quando
1716 4554 1874 4626 longa
1898 4554 2109 4625 patien-

2219 4554 2321 4619 σιν,
2353 4553 2514 4608 ὁπότε
2568 4553 3092 4627 μακροθυμούμενοι,
3143 4555 3293 4626 μόλις
3331 4555 3660 4626 ἀνανεύομεν
3696 4553 3799 4622 τῆς

535 4639 611 4694 tia
637 4642 956 4710 exspectati,
987 4643 1078 4698 vix
1108 4643 1178 4699 ab
1198 4644 1510 4702 infirmitate
1538 4645 1914 4716 respiramus?
1935 4645 2108 4703 Tuam

535 4735 835 4802 potentiam
864 4737 1329 4793 annuntiaverunt
1360 4738 1519 4805 cmli;
1559 4746 1615 4794 et
1640 4746 1784 4794 terra
1813 4754 2106 4806 concussa,

606 4890 630 4924 ⁸
669 4892 807 4950 Gen.
866 4895 1040 4960 1,26.
1115 4897 1138 4930 ⁸
1169 4895 1335 4955 Hebr.
1383 4915 1460 4955 vt.
1534 4899 1557 4932 ⁸
1595 4897 1789 4956 lTim.
1850 4917 1893 4967 ι,
1934 4902 1988 4958 1.
2068 4902 2090 4935 ⁷
2127 4900 2275 4959 Psal.
2319 4915 2503 4968 chvt,
2547 4903 2600 4959 5.

2212 4644 2524 4712 ἀσθενείας;
2557 4646 2660 4700 Σοῦ
2690 4646 2751 4700 τὸ
2775 4646 2974 4719 κράτος
3000 4647 3321 4720 ἀνήγγειλάν
3349 4647 3397 4700 oi
3427 4646 3666 4717 οὐρανοὶ,
3699 4643 3798 4698 καὶ

2216 4739 2287 4811 γῆ
2321 4739 2718 4811 κραδαινομένη
2771 4739 2870 4812 τὴν
2895 4739 3286 4810 ἀσφάλειαν,ἐπ
3304 4741 3318 4760 ’
3346 4739 3557 4803 οὐδενὸς
3579 4754 3796 4811 κρεμα-

2701 4903 2725 4936 ⁸
2774 4904 2847 4961 al.
2895 4904 3236 4976 ύποστῶμεν.

1836 5057 2199 5118 VARIORUM
2231 5059 2464 5118 NOTAE.

605 5235 720 5309 (ει)
759 5234 1008 5316 ιέρσμοιι
1031 5233 1281 5316 “me
1300 5231 1505 5316 -ξῖιρείίξ
1528 5233 1718 5316 eodem
1757 5235 2102 5316 horridam-

533 5303 749 5361 rat'ur'a
774 5303 1047 5376 Methodio
1072 5305 1215 5376 apud
1240 5303 1626 5376 Epiphanium,
1651 5307 1843 5363 haeresi
1864 5308 1954 5373 64,
1978 5309 2102 5364 Οι·ἰ-

535 5379 790 5448 geniana,
822 5391 944 5445 cap.
978 5375 1066 5442 18,
1095 5375 1148 5429 et
1177 5377 1247 5431 ab
1268 5375 1478 5432 incerto
1506 5385 1730 5434 auctore
1751 5378 2102 5436 Commenta-

535 5449 742 5500 riorum
791 5447 847 5500 in
903 5444 1027 5500 Job.
1069 5444 1282 5500 Philoni
1325 5455 1505 5500 autem
1545 5449 1614 5500 de
1639 5449 1947 5500 Abrahamo
1967 5452 2102 5500 scri—

535 5446 742 5502 riorum
791 5447 847 5500 in
903 5446 1027 5500 Job.
1069 5446 1282 5502 Philoni
1325 5455 1505 5502 autem
1545 5449 1614 5504 de
1639 5449 1947 5504 Abrahamo
1967 5452 2107 5506 scri-

539 5514 707 5594 benti,
741 5513 912 5594 homo
927 5521 1011 5594 est
1035 5512 1239 5584 κόσμος
1267 5515 1327 5567 ὲν
1361 5515 1572 5586 κόσμῳ.
1624 5515 1756 5573 Vide
1782 5516 1988 5585 Nilum,
2012 5521 2108 5578 lib.

539 5597 597 5646 ll,
621 5583 782 5651 epist.
810 5581 933 5636 M9.
963 5581 1104 5639 Cor.

608 5652 1087 5734 (ὃβλΣτοιχςίωγ,
1117 5654 1382 5734 πρώτως.
1409 5653 1533 5711 Haec
1562 5657 1958 5734 omittunturin
1985 5662 2108 5717 cod.

2209 5254 2274 5324 ac
2308 5243 2544 5324 στοιχεῖα
2570 5243 2782 5324 πρῶτα,
2811 5253 2872 5301 ut
2907 5245 3024 5302 haec
3044 5249 3360 5318 "posteriora
3391 5249 3662 5320 glossema
3691 5251 3787 5305 ha-

2207 5311 2325 5384 beri
2353 5311 2573 5384 queant.
2609 5311 2706 5371 CL.

2205 5382 2394 5508 Cois-6)
2439 5385 2590 5450 Ταῖς.
2632 5386 2799 5442 Addit
2853 5386 2994 5444 idem
3044 5388 3218 5445 codex
3254 5389 3441 5456 αὐτοῦ,
3471 5407 3575 5447 nec
3619 5394 3788 5446 male.

2279 5524 2392 5595 (δῖ)
2431 5525 2822 5605 Κηδξμονίαν.
2865 5527 3105 5586 Vindob.
3154 5531 3279 5587 cod.
3308 5532 3640 5605 οἰκονομίαν,
3682 5534 3794 5588 mi-

2203 5609 2312 5648 nus
2342 5603 2507 5649 recte.
2558 5599 2633 5651 lo.

2276 5664 2389 5737 (88)
2442 5665 2754 5735 Ἀφιστῶν.
2786 5668 2921 5726 Cod.
2958 5669 3123 5728 Vind.
3163 5671 3341 5742 ἀφείς,
3365 5671 3558 5729 eodem
3591 5689 3790 5732 sensu.

540 5717 974 5778 Vindobonensi.
1021 5717 1102 5779 Ac
1135 5717 1270 5783 sane
1298 5725 1540 5797 τέσσαρα
1566 5727 1794 5801 σώματα
1815 5740 1943 5787 sunt
1966 5733 2108 5788 idem
2201 5729 2279 5788 In.
