4062 6258
290 306 428 365 1029

1110 266 1116 271 Ι
1170 310 1773 370 CONSTITUTIONES
1804 310 2279 370 APOSTOLICA'I.
2314 342 2383 352 —
2416 310 2544 366 LIB.
2582 306 2689 370 VII.

3412 309 3547 367 1050

289 426 426 492 μενη
473 419 607 493 (89).
659 422 916 479 Θάλασσα
953 429 1346 501 κυμαινομένη,
1393 431 1487 483 καὶ
1538 430 1737 503 μυρίαν
1782 429 1871 502 βό-

1977 433 2188 487 ﬁrmata
2230 444 2295 485 ac
2337 444 2605 501 suspensa
2642 441 2808 499 super
2834 425 3088 483 nihilum.
3117 423 3268 482 Marc
3290 427 3550 484 (luctibus

287 528 493 567 σκουσα
538 511 692 579 ζώων
737 517 960 588 ἀγέλην,
1010 519 1313 591 πεπέδηται
1371 523 1561 594 ἄμμῳ,
1611 522 1710 594 τὴν
1765 525 1868 596 σὴν

288 603 540 676 βούλησιν
580 612 879 678 πεφρικυῖα
905 625 920 640 ⁸
966 611 1062 665 καὶ
1100 612 1309 677 πάντας
1356 615 1655 685 ἀναγκάζει
1698 614 1824 687 βοᾷν
1849 633 1865 648 '

292 716 310 751 ι
333 699 433 762 Ὠς
464 700 807 774 ὲμγαλύνθη
826 701 896 757 τὰ
926 701 1064 776 ἔργα
1091 705 1410 779 σου,Κύριε·
1427 707 1605 762 πάντα
1620 708 1679 761 ὲν
1706 708 1868 779 σοφίᾳ

286 789 547 862 ἐποίησας
572 808 587 823 ο
1036 797 1107 869 γῆ
1146 798 1248 870 τῆς
1288 799 1520 863 κτίσεώς
1550 817 1664 853 σου.
1703 819 1722 853 ι
1757 800 1869 854 Καὶ

289 882 516 975 στρατὸς
544 876 1169 975 ἀγγέλωνξῂίνος,
1216 889 1312 944 καὶ
1355 890 1641 963 πνεύματα
1683 890 1864 963 νοερὰ,

284 973 533 1044 λέγουσιν
557 994 571 1009 ο
604 995 623 1029 ι
676 972 775 1042 Εἷς
1110 981 1368 1054 Φελμονεί
1400 982 1511 1054 (90)
1534 999 1548 1013 °
1593 1002 1612 1034 ι
1648 983 1743 1037 καὶ
1776 1001 1866 1036 σε·

288 1070 462 1141 ραφὶμ
495 1068 647 1139 ἅγια,
694 1069 814 1143 ἅμα
846 1074 961 1137 τοῖς
987 1073 1273 1146 χερουεὶμ,
1312 1064 1426 1139 τοῖς
1456 1074 1863 1147 ἑξαπτερύγοις,

286 1161 368 1214 σοὶ
391 1161 509 1230 τὴν
548 1162 812 1217 ἐπινίκιον
847 1164 991 1236 ᾠδὴν
1018 1165 1309 1237 ψάλλοντα,
1341 1167 1623 1239 ἀσιγήτοις
1664 1171 1867 1236 φωναξ

284 1251 478 1323 βοῶσιν
515 1251 648 1326 (91)·
681 1273 700 1307 ι
739 1256 945 1325 Ἄγιος,
979 1257 1152 1328 ἅγιος,
1192 1258 1346 1327 ἅγιος
1384 1258 1586 1329 Κύριος
1614 1257 1862 1312 Σαϐαὼθ·

283 1344 496 1417 πλήρης
524 1348 554 1399 6
596 1346 823 1420 οὐρανὸς
857 1349 951 1402 καὶ
980 1351 1014 1421 ἡ
1045 1351 1116 1422 γῆ
1161 1351 1260 1422 τῆς
1287 1350 1444 1422 δόξης
1465 1368 1580 1404 σου·
1625 1369 1643 1402 ι
1678 1352 1771 1404 καί
1797 1350 1867 1404 τά

282 1436 446 1509 ἔτερα
486 1438 594 1492 τῶν
640 1440 938 1511 ταγμάτων
985 1439 1185 1514 πλήθη,
1232 1442 1473 1513 ἄγγελοι,
1515 1442 1864 1515 ἀρχάγγελοι,

283 1528 483 1601 θρόνοι,
519 1530 859 1603 κυριότητες,
900 1532 1086 1603 ἁρχαὶ,
1120 1532 1379 1603 ἐξουσίαι,
1431 1536 1707 1608 δυνάμεις,
1748 1538 1867 1591 ἐπι-

283 1620 493 1675 ϐοῶντα
531 1622 779 1692 λέγουσιν
802 1641 816 1655 ο
859 1643 877 1677 ι
926 1625 1280 1698 Εὐλογημένη
1317 1628 1352 1699 ἡ
1399 1627 1526 1693 δόξα
1560 1630 1768 1701 Κυρίου
1800 1630 1866 1684 ἐκ

281 1712 377 1767 τοῦ
404 1713 571 1767 τόπου
600 1714 788 1769 αὑτοῦ.
828 1736 846 1769 ι
886 1715 1100 1791 Ἰσραὴλ
1136 1718 1212 1786 δὲ,
1243 1720 1277 1791 ὴ
1312 1718 1549 1789 ὲπίγειός
1593 1736 1686 1773 σου
1740 1720 1864 1774 Ἐκ-

282 1805 499 1877 κλησία,
544 1806 579 1878 ἡ
616 1806 675 1874 ἐξ
725 1806 915 1875 ἐθνῶν,
971 1812 1093 1875 ταῖς
1130 1812 1257 1864 κατ’
1295 1811 1524 1883 οὐρανὸν
1569 1811 1864 1883 δυνάμεσιν

280 1899 653 1973 ἁμιλλωμένη,
677 1900 832 1954 νυκτὶ
862 1901 955 1955 καὶ
982 1902 1187 1975 ἡμέρᾳ,
1226 1903 1285 1957 ὲν
1316 1904 1512 1976 καρδίᾳ
1540 1903 1735 1976 πλήρει
1769 1905 1865 1957 καὶ

278 1993 425 2065 ψυχῇ
462 1992 708 2066 θελούσῃ,
738 1992 929 2064 ψάλλει
949 1994 1072 2048 ’σΐὸ
1094 1996 1247 2067 ἅρμα
1268 1994 1363 2049 τοῦ
1397 1995 1532 2049 Θεοῦ
1564 1995 1864 2070 μυριοπλά-

281 2101 416 2151 σιον,
441 2084 675 2155 χιλιάδες
700 2085 1086 2159 εὐθηνούντων,
1119 2088 1322 2159 Κύριος
1350 2089 1408 2142 ὲν
1437 2071 1653 2157 αὐτοῖς,
1680 2091 1737 2143 ὲν
1775 2091 1865 2143 Σι-

279 2176 435 2243 ναῖν,
468 2179 525 2231 ὲν
554 2176 631 2249 τῷ
662 2177 816 2250 ἁγίῳ.
861 2198 879 2230 ι
916 2175 1069 2234 Οἶδεν
1110 2180 1336 2250 οὐρανὸς
1377 2181 1469 2235 τὸν
1507 2182 1600 2236 ἐπὶ
1638 2182 1863 2254 μηδενὸς

279 2269 444 2323 αὐτὸν
494 2268 920 2341 καμαρώσαντα,
963 2271 1041 2336 ὡς
1087 2271 1367 2327 λιθόκυϐον
1392 2290 1407 2304 ο
1464 2275 1559 2328 καὶ
1602 2275 1705 2348 γῆν
1767 2278 1864 2331 καὶ

279 2360 425 2433 ὕδωρ
461 2361 673 2426 ἑαυτοῖς
714 2362 992 2419 ένώσαντα
1014 2380 1028 2395 ·
1062 2365 1156 2419 καὶ
1193 2365 1332 2437 ἀέρα
1368 2366 1679 2439 διαχέαντα,
1726 2368 1865 2434 ζωο-

275 2454 495 2525 τρόφον,
541 2456 635 2509 καὶ
674 2455 847 2528 τούτῳ
891 2456 1003 2529 πῦρ
1046 2457 1463 2528 συμπλέξαντα,
1511 2461 1591 2523 είς
1637 2460 1861 2531 θάλπος,

275 2545 371 2599 καὶ
399 2546 623 2611 σκότους
653 2548 1022 2621 παραμυθίαν.
1058 2550 1382 2621 Ἐκπλήσσει
1408 2551 1565 2624 χορὸς
1592 2552 1859 2624 ἀστέρων,

274 2638 368 2692 τὸν
420 2640 802 2713 ἀριθμήσαντα
860 2642 1159 2713 σημαίνων,
1217 2645 1312 2699 καὶ
1367 2646 1459 2698 τὸν
1517 2645 1864 2716 ὀνομάσαντα

273 2730 572 2786 δεικνύων·
616 2733 730 2798 ζῶα
774 2733 867 2788 τὸν
901 2734 1231 2805 ψυχὼσαντα
1256 2753 1271 2767 ·
1324 2738 1515 2809 δένδρα
1559 2738 1653 2793 τὸν
1691 2738 1861 2813 ἐκφύ-

278 2840 467 2879 σαντα.
510 2826 686 2898 ’Ᾱπερ
716 2826 951 2894 ἅπαντα,
982 2827 1061 2899 τῷ
1092 2828 1169 2901 σῷ
1217 2828 1359 2902 λόγῳ
1399 2831 1685 2903 γενόμενα,
1720 2853 1862 2908 παρ-

278 2918 404 2989 ιστᾷ
440 2916 539 2990 τῆς
589 2919 687 2989 σῆς
723 2918 1002 2992 δυνάμεως
1034 2921 1096 2975 τὸ
1137 2922 1372 2993 κράτος’
1408 2924 1489 2978 διὸ
1526 2926 1620 2980 καὶ
1657 2927 1860 2996 ὀφείλει

274 3010 387 3073 πᾶς
447 3010 772 3083 ἄνθρωπος,
835 3011 893 3079 ἐξ
946 3012 1122 3067 αὐτῶν
1174 3014 1432 3086 στέρνων,
1473 3017 1557 3070 σο)⁵
1603 3017 1690 3071 διὰ
1723 3019 1860 3091 Χριέ

1969 525 2253 595 agitatum,
2287 537 2351 578 ac
2380 520 2806 576 innumerabiles
2836 520 3083 574 nutriens
3115 512 3431 573 animalium
3456 535 3551 574 co-

1969 614 2109 683 pias,
2148 629 2315 668 arena
2368 612 2786 683 constringitur,
2823 619 2973 667 tuam
3023 613 3361 669 Voluntatem
3404 615 3550 669 veri-

1968 712 2117 772 tum;
2152 721 2453 776 omnesque
2480 705 2627 775 cogit
2653 704 2942 760 vociferari
2977 722 2990 760 :
3030 723 3049 757 ι
3095 706 3269 772 Quam
3299 707 3547 777 magniﬁ—

1969 807 2089 854 cata
2131 807 2260 854 sunt
2292 815 2458 869 opera
2497 806 2612 861 tua,
2643 796 2904 854 Domine!
2950 797 3134 852 omnia
3176 799 3232 852 in
3278 799 3549 869 sapientia

1967 891 2179 957 fecisti;
2210 892 2431 963 impleta
2458 901 2541 947 est
2571 899 2715 946 terra
2742 899 2999 946 creatura
3044 899 3137 945 tua
3163 891 3205 946 ’.
3241 909 3261 944 ι
3296 888 3364 945 Ει
3392 907 3551 947 exer-

1968 984 2114 1041 citus
2153 985 2474 1054 angelorum
2531 984 2753 1048 ardens,
2807 999 2873 1039 ac
2920 983 3285 1054 intelligentes
3324 984 3549 1054 spiritus

1967 1076 2195 1131 dicunt:
2236 1094 2254 1127 ι
2292 1074 2446 1131 Unus
2476 1087 2724 1141 sanctus,
2762 1074 3047 1131 Phelmoni
3076 1076 3119 1107 ¹⁰
3162 1096 3176 1131 :
3217 1097 3236 1130 ι
3281 1084 3335 1131 et
3372 1077 3545 1131 sancti

1967 1168 2269 1238 seraphini,
2313 1183 2420 1222 una
2464 1182 2591 1222 cum
2625 1168 2965 1233 clicrubinis,
3005 1184 3102 1224 sex
3148 1169 3263 1223 alas
3293 1166 3551 1223 habenti-

1968 1262 2114 1327 bus,
2162 1262 2263 1337 ;ibi
2316 1262 2562 1317 victoria:
2613 1262 2891 1317 canticum
2939 1262 3257 1333 psallentes,
3320 1262 3549 1316 vocibus

1968 1370 2248 1427 nunquam
2279 1356 2626 1411 cessantibus
2655 1357 2893 1411 clamant
2920 1375 2932 1410 :
2966 1375 2984 1408 ι
3016 1353 3274 1418 Sanctus,
3296 1362 3545 1418 sanctus,

1967 1455 2219 1516 sanctus,
2244 1447 2509 1505 Dominus
2532 1446 2771 1503 Sabaoth
2797 1466 2811 1515 ;
2842 1448 2987 1519 pleni
3010 1455 3139 1504 sunt
3166 1448 3289 1503 coeti
3319 1455 3372 1505 et
3400 1457 3547 1502 terra

1966 1539 2138 1611 gloria
2172 1551 2263 1595 tua
2297 1542 2371 1608 “;
2418 1560 2437 1593 ›
2477 1548 2529 1596 et
2557 1540 2677 1594 aliae
2718 1540 2972 1594 ordinum
3005 1538 3405 1603 multitudines,
3449 1555 3549 1591 au-

1966 1633 2093 1703 geli,
2121 1633 2454 1705 archangeli,
2486 1632 2692 1696 throni,
2719 1632 3143 1695 dominationes,
3179 1632 3547 1702 principatus,

1966 1731 2289 1793 potestates,
2336 1726 2589 1791 virtutes,
2621 1723 2992 1778 exclamantes
3021 1723 3211 1777 dicunt
3244 1741 3258 1775 :
3296 1740 3315 1773 (
3374 1722 3547 1777 Bene-

1896 1795 1936 1850 B
1964 1817 2111 1871 dicta
2152 1816 2325 1888 gloria
2377 1814 2590 1871 Domini
2622 1814 2691 1870 de
2738 1815 2858 1870 loco
2907 1829 3009 1870 suo
3044 1814 3108 1869 “.
3148 1833 3167 1866 ›
3199 1812 3363 1869 Israel
3392 1830 3546 1879 vero,

1965 1912 2181 1960 terrena
2219 1904 2466 1960 Ecclesia
2504 1912 2620 1973 tua,
2658 1920 2722 1960 ex
2755 1905 3013 1976 gentibus
3047 1913 3400 1976 congregata,
3431 1920 3549 1960 cer-

1963 2008 2087 2057 tans
2127 2016 2254 2056 cum
2301 2001 2622 2057 coelestibus
2668 2000 2992 2063 virtutibus,
3026 2009 3186 2053 nocte
3225 2013 3290 2053 ac
3330 1997 3439 2061 die,
3489 1998 3546 2051 in

1962 2096 2129 2152 corde
2161 2097 2323 2167 pleno
2351 2103 2405 2152 et
2431 2094 2613 2149 anima
2633 2096 2870 2161 volente,
2896 2094 3048 2149 canit
3080 2113 3096 2151 :
3134 2111 3151 2144 ι
3194 2095 3409 2167 Ουεευε
3449 2092 3546 2148 Dei

1962 2187 2151 2245 decem
2194 2188 2438 2244 millibus
2486 2186 2791 2258 multiplex,
2832 2186 3015 2240 millia
3056 2172 3392 2255 laetanti“;
3441 2182 3548 2236 Do-

1962 2282 2147 2338 minus
2176 2281 2231 2335 in
2260 2280 2361 2345 eis,
2385 2279 2446 2333 in
2478 2275 2654 2342 Sinai,
2686 2276 2743 2330 in
2770 2283 2961 2332 sancto
2996 2276 3064 2332 ⁸³.
3105 2295 3125 2328 ›
3153 2273 3315 2329 Novit
3343 2275 3545 2329 caelum

1961 2389 2109 2437 eum,
2136 2372 2229 2444 qui
2262 2386 2428 2443 super
2459 2370 2694 2425 nihilum
2734 2368 3033 2424 cameravit
3076 2367 3233 2432 illud,
3282 2374 3543 2437 tanquam

1964 2466 2237 2536 lapideum
2280 2463 2513 2527 cubum;
2560 2461 2656 2533 qui
2701 2468 2906 2515 terram
2946 2466 3000 2514 et
3041 2474 3243 2526 aquam
3283 2458 3429 2513 inter
3486 2472 3548 2511 se

1961 2557 2254 2620 adunavit;
2282 2555 2377 2627 qui
2421 2570 2627 2616 aerem,
2661 2553 2980 2607 animalium
3027 2551 3342 2614 nutritium,
3387 2549 3544 2605 diﬂ'u-

1960 2649 2062 2713 dit,
2092 2648 2254 2718 eique
2280 2646 2461 2716 ignem
2488 2643 2808 2707 connexuit,
2850 2643 2917 2697 ad
2950 2643 3212 2705 calorem,
3255 2648 3309 2697 et
3350 2641 3417 2696 ad
3463 2658 3551 2696 so-

1961 2742 2154 2796 latium
2176 2740 2245 2795 de
2286 2738 2529 2795 tenebris
2570 2737 2635 2793 ιδ.
2685 2734 3068 2805 Obstupefacit
3110 2734 3315 2789 chorus
3360 2734 3548 2789 stella-

1960 2849 2105 2899 rum,
2136 2832 2233 2904 qui
2276 2837 2651 2886 numerantem
2690 2842 2784 2883 eas
2821 2825 3112 2896 signiﬁcat,
3161 2834 3215 2880 et
3263 2826 3552 2881 nominan-

1960 2933 2070 2982 tem
2098 2922 2380 2990 ostendit;
2412 2930 2473 2976 ut
2502 2919 2765 2974 animalia
2791 2919 3172 2973 demonstrant
3212 2933 3338 2973 eum
3372 2932 3401 2969 ιι
3433 2932 3546 2986 quo

1960 3019 2201 3073 animata
2231 3022 2381 3078 sunt,
2411 3022 2465 3069 et
2509 3012 2736 3068 arbores
2790 3026 2915 3066 eum
2949 3010 3043 3080 qui
3094 3010 3215 3065 illas
3262 3007 3544 3079 produxit.

276 3100 405 3154 στοῦ
460 3102 569 3156 τῶν
632 3102 677 3134 ⁸³
754 3104 895 3176 ὑπὲρ
954 3105 1171 3160 πάντων
1240 3106 1409 3179 ὕμνον
1467 3108 1814 3180 ἀναπέμπειν
1840 3152 1855 3178 ,

1965 3108 2093 3176 Quae
2114 3108 2319 3171 omnia,
2347 3106 2514 3162 verbo
2545 3111 2639 3158 tuo
2683 3101 2849 3166 facta,
2886 3101 3171 3172 potestatis
3198 3108 3306 3155 tua:
3331 3099 3439 3154 vim
3465 3115 3547 3153 re-

273 3192 365 3247 διὰ
396 3192 455 3246 σὲ
484 3195 594 3248 τῶν
626 3195 879 3249 ἁπάντων
910 3197 1147 3269 κρατῶν.
1179 3198 1252 3252 Σὺ
1280 3198 1389 3271 γὰρ
1408 3193 1459 3252 εἶ
1489 3202 1516 3253 6
1544 3202 1779 3273 χρηστὸς
1802 3204 1860 3256 ὲν

274 3286 638 3358 εὐεργεσίαις,
688 3289 784 3342 καὶ
830 3288 1122 3362 φιλόδωρος
1160 3291 1220 3344 ἐν
1253 3294 1589 3364 οίκτιρμοίς·
1635 3296 1663 3348 6
1703 3294 1864 3366 ¹μόνος

276 3379 677 3452 παντοκράτωρ
701 3397 715 3411 ·
749 3382 837 3435 ὅτε
868 3380 977 3454 γὰρ
1007 3381 1203 3450 θέλεις,
1244 3384 1477 3455 πάρεστί
1504 3401 1587 3437 σοι
1619 3386 1680 3439 τὸ
1708 3386 1864 3440 δύνα-

277 3469 404 3523 σθαι
427 3487 443 3503 ο
469 3471 531 3525 τὸ
572 3472 681 3545 γὰρ
726 3474 818 3527 σὸν
864 3472 1080 3528 αἰώνιον
1130 3475 1332 3547 κράτος
1362 3478 1457 3530 καὶ
1488 3477 1661 3547 φλόγα
1690 3496 1862 3532 κατα-

271 3561 477 3634 ψύχει,
509 3565 603 3618 καὶ
647 3565 868 3631 λέοντας
907 3570 1081 3639 φιμοῖ,
1115 3567 1213 3622 καὶ
1273 3571 1413 3642 κήτη
1464 3573 1861 3643 καταπραύνει,

272 3655 373 3711 καὶ
394 3658 686 3723 νοσοῦντας
728 3660 953 3733 ἐγείρει,
988 3663 1082 3716 καὶ
1107 3661 1364 3734 δυνάμεις
1390 3664 1743 3738 μετατρέπει·
1771 3667 1867 3720 καὶ

275 3750 508 3821 στρατὸν
540 3749 768 3822 ἐχθρῶν,
800 3752 893 3805 καὶ
929 3754 1056 3807 λαὸν
1074 3754 1493 3827 ἀριθμούμενον,
1517 3757 1574 3809 ὲν
1596 3757 1673 3829 τῷ
1696 3758 1793 3811 ὑπε
1804 3776 1866 3829 ρ-

270 3843 663 3914 ηφανεύεσθαι,
713 3844 1175 3917 καταστρώννυσι.
1214 3849 1288 3902 Σὺ
1324 3842 1376 3901 εἴ
1413 3850 1443 3902 6
1476 3850 1532 3901 ὲν
1563 3848 1805 3921 οὐρανῷ,
1838 3852 1868 3906 6

272 3935 373 3987 imi
413 3934 537 4005 γῆς,
579 3935 608 3987 ό
659 3930 1030 4009 ὲνθαλάσσῃ,
1064 3940 1093 3993 6
1136 3940 1195 3993 ὲν
1248 3941 1678 4013 περατουμένοις
1728 3940 1863 4013 (92),

272 4025 385 4081 ὑπὸ
407 4026 632 4097 μηδενὸς
654 4029 1054 4100 περατούμενος
1073 4047 1089 4063 ο
1119 4032 1218 4104 τῆς
1237 4031 1345 4105 γὰρ
1367 4032 1754 4104 μεγαλωσύνης
1774 4050 1868 4086 σου

272 4119 379 4173 οὐκ
410 4117 527 4172 ἔστι
558 4120 751 4192 πέρας.
800 4121 891 4193 Μὴ
923 4121 1033 4194 γὰρ
1063 4124 1331 4196 ἡμέτερόν
1363 4127 1481 4178 ἐστι
1508 4125 1667 4179 τοῦτο
1706 4129 1736 4193 ,’
1772 4126 1870 4181 Δέ-

276 4230 472 4267 σποτα·
488 4212 582 4267 τοῦ
594 4214 921 4286 θεράποντός
932 4214 1025 4268 σού
1038 4215 1154 4270 ἐστι
1166 4215 1363 4286 λόγιον,
1378 4216 1696 4287 φάσκοντος·
1718 4236 1737 4269 ι
1759 4218 1871 4272 Καὶ

273 4304 464 4379 γνώσῃ
492 4309 560 4379 τῇ
597 4306 794 4379 καρδίᾳ
828 4325 943 4372 σου,
978 4309 1061 4361 ὅτι
1102 4308 1215 4381 (95)
1244 4312 1272 4364 6
1300 4309 1505 4383 Κύριος
1526 4313 1556 4365 6
1582 4310 1715 4375 Θεός
1747 4328 1865 4379 σου,

275 4398 413 4461 Θεὸς
462 4399 520 4451 ἐν
565 4398 779 4471 ούρανῷ
831 4401 966 4469 ἄνω,
1023 4402 1115 4455 καὶ
1152 4402 1247 4456 ἐπὶ
1289 4403 1389 4473 τῆς
1431 4404 1533 4475 γῆς
1562 4402 1735 4469 κάτω,
1775 4404 1870 4456 καὶ

1965 3205 2319 3271 ρι’πεθηιοηι.
2352 3196 2529 3267 Atque
2572 3193 2695 3248 ideo
2721 3192 2882 3247 debet
2911 3192 3093 3247 omnis
3128 3192 3313 3254 homo,
3358 3197 3549 3259 utpote

1966 3310 2063 3365 per
2088 3300 2141 3348 te
2171 3291 2429 3346 dominus
2459 3288 2849 3341 universorum
2873 3324 2888 3347 ,
2940 3300 3006 3339 ex
3040 3281 3393 3369 pectoreltibi
3428 3282 3549 3335 lau-

1964 3383 2087 3438 dem
2122 3397 2219 3452 pro
2249 3378 2466 3435 cunctis
2493 3377 2710 3432 mittere
2739 3391 2836 3446 per
2859 3375 3162 3432 Christum.
3189 3372 3273 3428 Tu
3302 3372 3449 3428 enim
3485 3387 3549 3429 es

1966 3473 2147 3529 facilis
2174 3474 2229 3527 in
2264 3469 2644 3527 beneﬁcentiis
2688 3477 2742 3525 et
2769 3466 3063 3523 muniﬁcus
3094 3467 3150 3521 in
3190 3464 3549 3521 commisera-

1966 3568 2244 3633 tionibus;
2278 3566 2371 3635 qui
2406 3564 2559 3619 solus
2581 3577 2641 3617 es
2676 3561 3026 3632 omnipotens
3063 3575 3227 3615 :cum
3259 3559 3404 3615 enim
3438 3559 3546 3619 vis,

1966 3660 2123 3715 adest
2149 3658 2247 3712 tibi
2275 3664 2549 3727 potestas;
2572 3670 2698 3709 nam
2721 3661 2983 3708 internum
3010 3661 3162 3706 tuum
3192 3652 3362 3707 robur
3383 3652 3548 3706 etiam

1968 3752 2241 3807 ﬂammam
2274 3748 2583 3820 refrigerat,
2621 3753 2676 3801 et
2707 3746 2959 3801 leonibus
3010 3760 3073 3800 os
3110 3744 3439 3815 constringit
3478 3744 3547 3807 “,

1967 3852 2021 3899 et
2049 3851 2201 3897 cetos
2229 3839 2501 3895 demulcet
2534 3838 2599 3903 ⁸⁷,
2642 3847 2695 3892 et
2727 3844 3056 3908 aegrotantes
3086 3836 3269 3906 erigit,
3293 3847 3346 3890 et
3372 3836 3551 3889 facul-

1968 3942 2110 3990 tates
2141 3948 2325 3989 rerum
2356 3931 2663 3997 convertit;
2692 3936 2746 3985 ct
2764 3930 3004 3984 hostium
3018 3930 3227 4000 copias,
3254 3930 3548 3999 p0puluni-

1969 4044 2075 4099 que
2107 4032 2479 4087 numeratum,
2527 4023 2656 4077 dum
2696 4022 2955 4091 superbia
2995 4022 3261 4086 exoritur,
3295 4029 3549 4091 proster.

1970 4120 2049 4175 nit
2080 4118 2143 4174 ³⁸.
2171 4117 2252 4172 Tu
2282 4133 2342 4172 es
2370 4117 2461 4187 qui
2492 4117 2546 4169 in
2578 4114 2718 4168 coelo
2749 4113 2996 4173 cxsistis,
3029 4112 3122 4181 qui
3154 4112 3211 4166 in
3240 4120 3409 4173 terra,
3452 4112 3547 4181 qui

1970 4214 2027 4268 in
2057 4211 2234 4275 mari,
2273 4211 2366 4281 qui
2417 4209 2474 4263 in
2525 4206 2859 4270 terminatis,
2900 4221 2930 4258 a
2980 4206 3130 4259 nullo
3170 4206 3545 4259 terminatus:

1970 4302 2369 4376 magnitudinis
2397 4300 2544 4357 enim
2574 4307 2682 4353 tuae
2713 4313 2821 4352 non
2854 4304 2940 4353 est
2969 4297 3238 4351 terminus
3268 4297 3331 4351 ".
3360 4295 3550 4366 Neque

1970 4411 2102 4453 vero
2131 4402 2379 4450 nostrum
2406 4402 2490 4450 est
2529 4392 2684 4455 illud,
2713 4389 2976 4456 Domine;
3020 4389 3209 4443 famuli
3242 4389 3321 4443 tui
3351 4404 3550 4444 oracu-

275 4491 380 4544 οὐκ
398 4489 542 4544 ἔστιν
572 4490 652 4544 ἔτι
672 4492 813 4565 πλὴν
841 4493 1028 4547 αὑτοῦ.
1081 4513 1100 4546 ι
1136 4494 1271 4549 Ούδὲ
1300 4496 1409 4568 γάρ
1427 4498 1543 4550 ἐστι
1565 4495 1699 4559 Θεὸς
1726 4495 1867 4568 πλὴν

1971 4492 2083 4545 lum
2114 4496 2223 4554 est,
2256 4487 2494 4542 dicentis
2520 4504 2533 4541 :
2578 4501 2597 4535 ι
2634 4484 2700 4537 Et
2732 4497 3034 4553 cognosces
3055 4481 3222 4537 corde
3250 4490 3376 4547 tuo,
3400 4485 3549 4554 quod

281 4581 377 4635 σοῦ
426 4582 585 4653 μόνου
611 4600 625 4614 °
661 4583 815 4652 ἅγιος
843 4585 943 4639 οὐκ
971 4584 1087 4639 ἐστι
1120 4587 1258 4659 πλὴν
1309 4588 1404 4643 σοῦ
1428 4630 1444 4657 ,
1493 4589 1695 4662 Κύριος
1733 4589 1867 4653 Θεὸς

1972 4583 2239 4638 Dominus
2268 4579 2413 4636 Deus
2456 4586 2617 4640 tuus,
2664 4575 2807 4632 Deus
2838 4576 2894 4630 in
2926 4575 3066 4630 coelo
3098 4590 3341 4639 sursum,
3389 4584 3443 4629 et
3493 4576 3548 4629 iu

424 4717 569 4774 Psal.
597 4733 717 4784 ειη,
746 4722 836 4778 24.
916 4724 960 4758 ⁸ο
995 4725 1131 4781 Dan.
1159 4743 1281 4791 vm,
1315 4728 1401 4783 l5.
1484 4728 1523 4760 ¹¹
1557 4726 1665 4786 lsa.
1690 4743 1770 4791 vr,
1796 4728 1850 4784 3.

1965 4725 2189 4780 'Ezech.
2220 4738 2304 4782 Ill,
2344 4722 2429 4777 12.
2511 4721 2554 4751 ¹³
2584 4718 2735 4774 Psal.
2767 4732 2935 4783 ωιτη,
2965 4715 3057 4791 i8.
3107 4714 3296 4791 _“lsa.
3328 4714 3546 4791 xr..__2_2_;

279 4788 352 4867 iv
379 4758 933 4867 Εέεῖῗὲξιξίόρῗζιοι)
983 4758 1416 4867 situlféhjia
1446 4758 1665 4854 Lilia."
1689 4758 1881 4855 ἶῖἓῖἶὲά

1990 4758 2189 4780 ωσι...
2346 4758 2429 4777 ι...
2588 4758 2607 4773 .
2633 4758 2735 4774 σι...
2768 4758 2935 4783 μμ...
2970 4758 3053 4771 ....
3193 4758 3296 4770 ......
3328 4758 3415 4776 -..,
3448 4758 3515 4769 --

1965 4796 2059 4853 Sic
2098 4795 2223 4852 cod.
2280 4794 2442 4849 Vind.
2525 4792 2569 4823 “
2614 4791 2959 4856 Dau.iu,v1.
3016 4788 3057 4818 "
3095 4786 3222 4844 .Ion.
3271 4803 3332 4841 ll.
3408 4788 3449 4818 ⁸⁸
3479 4758 3548 4839 Ν

3447 4890 3455 4917 l

280 4860 420 4932 Reg.
457 4876 571 4915 nx.
645 4863 687 4894 η
715 4862 861 4921 Psal.
886 4882 1071 4934 chIv,
1118 4870 1172 4924 5.

1608 5019 1970 5080 VARIORUM
2003 5020 2234 5077 NOTAE.
2273 5104 2275 5106 η

354 5178 471 5255 (89)
512 5176 1096 5255 Κρεμαέιένηηῐιοῦει
1134 5180 1305 5237 codex
1363 5179 1528 5255 Vind.
1585 5182 1867 5255 κεκρέμα-

278 5266 407 5307 mi
436 5249 491 5301 in
527 5249 815 5317 praeterito,
842 5250 1024 5305 minus
1051 5255 1355 5307 commode.
1386 5252 1524 5307 Cor.

355 5316 619 5391 (90)-Εἷς
650 5316 815 5391 ᾷγιος
844 5319 924 5385 τῷ
953 5324 1262 5391 Φελμονει.
1302 5322 1477 5379 Petita
1514 5325 1629 5381 haec
1658 5340 1725 5380 ex
1754 5339 1870 5378 ver-

279 5405 442 5466 srone
474 5388 743 5466 Dat-liciis,
792 5388 1086 5466 (ιαμ-νηί
1115 5394 1204 5458 15,
1250 5395 1320 5448 ab
1360 5393 1603 5466 homine,
1634 5397 1727 5466 qui
1770 5410 1867 5448 ne-

277 5461 497 5516 sciebat
543 5457 837 5534 liebraice;
886 5458 1093 5534 alioqui
1131 5466 1394 5534 yertisset
1433 5463 1511 5534 τίς)
1555 5457 1706 5530 δείνὶι,
1749 5480 1872 5534 quae

277 5541 410 5600 uota
428 5535 515 5600 est
540 5521 865 5600 signiﬁcatio
881 5521 1031 5600 yocis
1051 5529 1328 5600 Hebraicaa
1347 5521 1539 5599 7311353
1558 5521 1865 5600 Phal'mdni,

284 5594 375 5669 vel
401 5594 509 5647 τινί
542 5594 782 5669 πότεημι
808 5594 1045 5649 habebat
1082 5594 1663 5669 Symmachusjnclteri
1691 5594 1867 5664 nescio

283 5663 396 5723 cui,
424 5672 483 5735 ut
519 5672 665 5719 recte
700 5663 1081 5735 Hieronymus.
1108 5663 1184 5724 Ib.

360 5733 469 5804 (9i)
519 5733 841 5816 ᾎσιγήτοίς
861 5733 1086 5816 {eiurari}
1115 5740 1372 5816 ⁸βοῶσιν,
1404 5754 1508 5816 etc.
1538 5744 1596 5801 S.
1626 5746 1866 5805 Joannes

282 5801 736 5875 Clu'ysostomus,
776 5805 848 5862 De
865 5801 1205 5866 instituenda
1230 5801 1513 5869 secundum
1536 5801 1864 5892 Deuntrita‘,

1963 5188 2099 5235 tom.
2120 5179 2189 5243 V,
2221 5194 2387 5251 serm:
2422 5179 2490 5234 10
2517 5200 2530 5237 :
2570 5179 2874 5250 Ἀσιγήτοις
2903 5179 3111 5251 βοῶντα
3139 5179 3422 5251 κραυγαῖς,
3439 5187 3550 5239 etc.

1973 5251 2297 5375 Hippolytus
2349 5249 2676 5333 formonsis
2729 5249 2784 5303 in
2856 5249 3208 5336 concaua-eis
3249 5251 3551 5332 _Anastasii

1974 5322 2073 5375 Bib
2100 5323 2383 5375 tothecaru
2414 5338 2469 5375 ι).
2512 5322 2619 5375 209
2656 5340 2668 5374 :
2704 5321 2951 5375 ἀσιγήτω
2994 5337 3143 5375 φωνη
3180 5320 3410 5375 βοωντα.
3471 5320 3549 5375 in.

1974 5320 2383 5377 Bibiiothecarii
2414 5338 2469 5391 p.
2512 5322 2619 5377 209
2656 5340 2668 5374 :
2704 5321 2951 5392 ἀσιγήτῳ
2994 5323 3143 5392 φωνῇ
3179 5320 3410 5389 βοῶντα.
3471 5320 3549 5376 In.

2046 5392 2157 5463 (92)
2191 5393 2678 5463 Περατουμένοις.
2729 5391 2787 5445 In
2824 5391 2948 5446 cod.
2989 5391 3149 5445 Vind.
3179 5399 3265 5446 est
3296 5407 3553 5463 περαιου⁴

1976 5463 2160 5534 μένοις
2184 5470 2237 5518 et
2280 5478 2405 5534 mox
2433 5462 2829 5534 περαιούμενος
2859 5479 2872 5515 :
2906 5463 3096 5517 eodem
3137 5470 3320 5534 tamen
3355 5462 3546 5523 Sensu,

1974 5532 2067 5603 qui
2105 5540 2190 5589 est
2221 5552 2234 5587 :
2268 5533 2358 5602 qui
2380 5549 2434 5586 es
2458 5532 2517 5586 in
2542 5532 2695 5588 rebus
2718 5548 2851 5601 quas
2884 5532 3289 5603 transgrederis,
3320 5543 3374 5603 et
3400 5548 3552 5603 quem

1974 5551 2067 5603 qui
2105 5548 2190 5589 est
2221 5552 2234 5587 :
2268 5548 2357 5602 qui
2380 5549 2434 5586 es
2458 5550 2513 5586 τη
2542 5548 2695 5588 renus
2718 5548 2851 5601 quas
2884 5548 3289 5603 transgreaerts,
3320 5548 3370 5586 et
3400 5548 3523 5655 Enen

1974 5604 2107 5659 nihil
2136 5603 2545 5685 transgreditur,
2578 5604 2829 5685 quamvis
2872 5602 3206 5685 περαιοῦμαι
3234 5600 3379 5685 apud
3451 5617 3523 5657 ra:

1975 5689 2073 5729 cos
2103 5674 2475 5729 accuratiores
2505 5674 2846 5729 transitivam
2879 5673 2990 5729 vim
3017 5673 3281 5729 obtineat.
3308 5673 3405 5729 CL.

2046 5745 2335 5821 (95)"011.
2408 5742 2763 5821 I_’l':Bl_Ditlillll'
2838 5743 2895 5801 in
2966 5745 3095 5821 cod.
3160 5743 3397 5801 Vindob.
3458 5742 3551 5798 καὶ

1975 5813 2247 5888 συνήσεις,
2274 5824 2323 5873 ct
2355 5816 2506 5872 scies.
2538 5813 2614 5871 Ib.
3089 5813 3095 5821 ’
3275 5859 3279 5863 .
