2022 3127
255 158 322 188 1051

716 156 749 187 8.
765 155 962 187 CLEMENTIS
978 154 988 183 I
1004 154 1088 184 ROM.
1105 153 1208 184 PONT.
1224 152 1341 182 OPERA
1355 150 1458 181 DUBIA

1825 148 1888 177 1052

254 223 329 246 terra
340 216 479 249 deorsum,
495 219 524 246 et
534 223 588 244 non
602 221 645 246 est
659 217 776 252 amplius
792 220 892 251 praeter
902 223 964 244 eum
974 215 1009 243 “.
1029 224 1039 242 ι

1103 213 1221 248 (νώσεων
1235 233 1243 247 ,
1260 212 1328 244 Θεὸς
1346 211 1432 246 ἁγίων
1443 231 1451 244 ,
1467 210 1546 245 ἅγιος
1560 208 1632 245 ὑπὲρ
1652 207 1759 239 πάντας
1776 207 1869 242 ἁγίους
1879 216 1887 225 ι

255 263 349 299 Neque
358 263 431 291 enim
443 267 485 291 est
495 262 579 296 Deus,
595 267 696 298 praeter
708 267 733 291 te
745 263 851 296 solum;
865 265 979 290 sanctus
991 270 1045 290 non

255 313 298 338 est
313 313 411 345 praeter
428 313 470 342 te,
488 309 620 338 Dominus
635 309 707 338 Deus
726 309 903 337 scientiarum
919 309 953 342 “,
974 308 1047 336 Deus

256 360 415 385 sanctorum
427 376 434 388 ,
454 360 568 385 sanctus
601 364 684 392 supra
713 364 808 384 omnes
834 361 966 384 sanctos:
983 363 1046 383 nam

255 401 420 430 sanetilicati
437 402 490 429 sub
503 401 631 429 manibus
648 402 704 429 tuis
719 405 783 429 sunt
798 401 831 428 ".
854 400 997 428 Gloriosus
1019 403 1047 427 et

256 448 488 483 superexaltatus,
507 451 605 475 natura
617 447 775 480 invisibilis,
791 446 1047 482 impervestigabilis

256 495 283 522 in
299 495 411 529 judiciis
424 495 463 528 “;
479 495 561 529 cujus
575 494 631 521 vita
641 502 695 521 non
708 494 810 529 indiga,
826 493 935 520 duralio
947 493 1047 520 immu-

255 541 348 570 tabilis
366 548 397 567 ac
418 540 579 568 indellciens
590 560 596 572 ,
613 541 737 575 operatio
752 539 942 575 infatigabilis,
962 539 1048 566 incir-

256 586 424 621 cumscripta
443 586 615 621 magnitudo,
646 586 775 621 perennis
796 586 890 618 decor,
906 585 1047 612 inaccessa

257 631 668 667 habitatio,intransmigrabilis
675 632 791 663 mansio,
804 632 924 666 cognitio
933 635 1045 663 eterna,

256 679 359 706 veritas
380 685 554 713 permanens.
575 685 645 713 opus
665 676 741 705 nullo
759 677 913 705 interventu
932 677 1045 708 factum.

258 722 379 757 potentia
404 723 488 750 nullis
509 722 619 750 insidiis
639 723 775 758 exposita,
803 722 962 749 monarchia
987 722 1047 749 sine

257 768 443 800 successione,
464 777 577 805 regnum
602 769 662 797 sine
688 769 752 802 line,
774 769 859 796 robur
878 769 1048 804 inexpugna-

258 814 322 845 bile.
348 815 485 843 exercitus
511 815 767 843 numerosissimus.
788 813 829 842 Tu
849 814 923 842 enim
944 822 974 842 es
997 813 1048 842 Sa-

1096 260 1122 286 οί
1137 259 1192 296 γὰρ
1214 257 1390 294 ἡγιασμένοι,
1413 256 1466 284 ὑπὸ
1484 255 1533 287 τὰς
1551 255 1645 291 χεῖράς
1667 263 1713 281 σου
1732 254 1811 281 είσίν.
1828 255 1888 281 Ἔν-

1096 306 1171 339 δοξος
1180 305 1227 332 καὶ
1237 303 1458 340 ὑπεροψούμενος
1466 302 1532 338 (94),
1543 301 1657 338 ἀόρατος
1667 302 1700 336 τῇ
1712 299 1802 335 φύσει,
1813 300 1888 333 ἀνεξ-

1099 351 1234 387 ιχνίαστος
1250 350 1397 386 κρίμασιν·
1423 346 1453 375 οὗ
1473 349 1600 384 ἀνενδεὴς
1621 349 1637 383 ὴ
1663 348 1735 383 ζωὴ,
1757 348 1888 383 ἄτρεπτος

1097 398 1144 425 καὶ
1159 397 1305 433 ἀνελλιπὴς
1320 398 1336 432 ἡ
1353 396 1478 431 διαμονὴ,
1490 395 1630 431 ἀκάματος
1647 396 1663 429 ἡ
1674 394 1809 430 ἐνέργεια,
1820 394 1886 421 ἀπε-

1098 442 1248 480 ρίγραπτος
1278 443 1295 478 ή
1327 441 1515 479 μεγαλειότης,
1543 441 1655 472 ἀένναος
1684 441 1700 475 ἡ
1729 440 1887 476 εὐπρέπεια,

1096 490 1244 526 ἀπρόσιτος
1259 489 1276 525 ἡ
1288 489 1425 521 κατοικία,
1442 487 1676 523 ἀμετανάστευτος
1686 487 1701 521 ἡ
1712 486 1888 522 κατασκήνω-

1098 545 1157 568 σις,
1183 536 1300 572 ἄναρχος
1328 535 1345 571 ὴ
1373 535 1482 569 γνῶσις,
1511 533 1690 565 ἀναλλοίωτος
1720 534 1736 569 ἡ
1765 534 1888 570 ἀλήθεια,

1097 582 1274 618 ἀμεσίτευτον
1287 581 1318 609 τὸ
1328 581 1408 618 ἔργον
1424 581 1491 617 (95),
1503 580 1727 607 ἀνεπιϐούλευτον
1736 580 1767 607 τὸ
1779 581 1888 616 κράτος,

1097 629 1239 664 ἀδιάδοχος
1266 629 1283 664 ἡ
1315 627 1467 664 μοναρχία,
1502 627 1679 663 ἀτελεύτητος
1710 627 1727 662 ἡ
1759 626 1889 662 βασιλεία,

1096 675 1330 710 ἀνανταγώνιστος
1341 675 1358 710 ή
1375 674 1467 710 ίσχὺς,
1483 673 1667 710 πολυάριθμος
1683 674 1699 709 ή
1716 673 1840 709 στρατιά.
1855 674 1890 701 Σὺ

1096 723 1151 759 γὰρ
1170 719 1196 749 εί
1209 723 1223 749 6
1237 721 1337 756 Σοφίας
1353 721 1462 757 Πατὴρ,
1486 721 1500 748 ὁ
1516 719 1696 756 δημιουργίας
1717 720 1767 756 τῆς
1780 720 1824 747 διὰ
1843 729 1889 756 με-

1098 770 1172 796 σίτου
1187 769 1314 805 κτίστης,
1332 769 1370 800 ὡς
1385 768 1470 800 αἴτιος
1481 775 1488 783 ·
1505 769 1520 795 6
1536 767 1665 804 προνοίας
1678 766 1805 803 χορηγὸς,
1821 768 1836 794 6
1848 767 1890 794 νό-

1099 825 1156 853 μων
1170 815 1262 852 δοτὴρ,
1276 816 1290 842 6
1305 815 1408 847 ἐνδείας
1422 814 1567 851 πληρωτὴς
1578 823 1585 829 ·
1600 815 1614 841 6
1623 813 1676 840 τῶν
1686 813 1791 840 ἁσεὸὦν
1805 822 1890 849 τιμως

258 860 367 895 pientis:
389 860 485 893 Pater,
515 861 663 890 creationis
686 869 735 897 per
764 861 942 889 mediatorem
969 860 1047 888 factm

1103 862 1154 897 οὺς,
1172 862 1219 889 καὶ
1234 862 1288 888 τῶν
1300 861 1412 888 δικαίων
1430 860 1629 897 μισθαποδότης
1645 859 1700 896 (96)
1713 868 1720 874 ·
1740 860 1754 886 6
1768 859 1816 886 τοῦ
1830 860 1891 895 Χρι-

257 907 397 939 conditor,
424 913 554 943 tanquam
585 916 690 941 causa;
716 907 896 943 providentiae
921 907 1045 943 largitor,

1103 907 1161 934 ποῦ
1174 907 1241 939 θεὸς
1257 907 1304 934 καὶ
1314 907 1420 943 Πατὴρ,
1431 895 1541 934 καὶτῶν
1557 908 1597 939 είς
1607 895 1693 934 αὐτὸν
1708 906 1892 934 εὐσεϐούντων

257 952 347 987 legum
374 953 462 987 dator,
491 954 649 989 indigentia:
671 955 820 989 expletor;
846 954 920 981 ultor
949 953 1048 989 impio-

1103 954 1202 990 Κύριος
1212 962 1220 970 ·
1239 951 1271 981 οὗ
1287 954 1498 990 semesum”
1513 952 1675 988 ἐπαγγελία,
1691 953 1892 989 ἀδωροδόκητος

259 1005 318 1024 rum
348 1002 375 1025 et
403 998 541 1033 justorum
569 1003 782 1033 remuneratur;
808 999 912 1027 Christi
929 998 1001 1027 Deus
1020 1003 1048 1027 et

1103 1001 1117 1035 ἡ
1131 1000 1232 1036 κρίσις,
1247 999 1447 1035 ἀμετάπειστος
1466 999 1483 1034 ἡ
1495 998 1590 1035 γνώμη
1603 1020 1610 1032 ,
1628 1000 1765 1033 ἄπαυστος
1784 1002 1800 1037 ὴ
1814 1002 1890 1028 εὐσέ-

257 1042 349 1075 Pater,
373 1048 455 1079 atque
488 1044 530 1079 pie
566 1052 631 1081 erga
652 1053 716 1073 eum
737 1053 768 1073 se
782 1045 934 1081 gerentium
955 1045 1049 1073 Domi‘

258 1096 312 1116 nus
329 1098 336 1116 :
351 1090 432 1124 cujus
449 1090 552 1119 Christi
568 1098 622 1118 non
641 1091 711 1118 fallit
736 1091 901 1127 promissio,
925 1091 1048 1118 muneri-

258 1132 311 1161 bus
332 1142 387 1162 non
402 1136 588 1171 corrumpitur
605 1137 753 1171 judicium,
772 1137 847 1164 nulla
869 1136 1049 1173 persuasione

259 1185 382 1209 mutatur
403 1184 553 1216 sententia,
591 1192 731 1219 nunquam
753 1188 845 1212 cessat
865 1184 985 1218 lpietas,
1023 1176 1175 1218 gratiarum
1203 1184 1275 1210 actio
1303 1191 1358 1211 non
1386 1183 1480 1211 linitur

1102 1044 1174 1077 ὕεια,
1191 1045 1275 1076 ἀΐδιος
1289 1045 1306 1080 ἡ
1317 1045 1476 1080 εὐχαριστία
1486 1053 1493 1060 ·
1510 1045 1543 1071 δι’
1556 1041 1586 1071 οὗ
1604 1053 1644 1071 σοι
1658 1046 1705 1073 καὶ
1722 1046 1778 1082 (97)
1790 1048 1806 1083 ἠ
1820 1048 1890 1075 ἑπά-

1102 1091 1158 1124 ξιος
1177 1090 1361 1127 προσκύνησις
1375 1091 1511 1126 ὀφείλεται
1528 1091 1604 1127 παρὰ
1617 1092 1708 1128 πάσης
1719 1092 1832 1130 λογικῆς
1843 1095 1891 1122 καὶ

1102 1137 1182 1171 ἁγίας
1197 1136 1314 1172 φύσεως.

1507 1191 1515 1211 :
1544 1191 1593 1218 per
1620 1190 1701 1218 quem
1738 1182 1788 1210 tibi
1824 1182 1894 1210 ado-

258 1229 330 1256 ratio
344 1230 480 1265 condigna
496 1231 610 1259 debetur
624 1232 657 1259 ab
672 1232 747 1259 omni
768 1231 895 1259 rationali
909 1235 936 1260 et
952 1234 1048 1259 sancta
1059 1234 1168 1258 natura.

523 1277 639 1306 CAPUT
655 1278 777 1307 XXXVI.

260 1322 356 1351 Oratio
374 1332 582 1352 commemorans
603 1325 811 1352 incarnationem
824 1323 940 1356 Christi,
955 1329 981 1352 et
1000 1332 1047 1352 ouo

411 1360 480 1387 riam
499 1368 562 1396 ergo
575 1366 681 1388 unctos
696 1360 897 1395 providentiam.

295 1437 320 1454 ’⁸
331 1437 447 1466 Domine
473 1438 648 1474 omnipotens
666 1458 674 1471 ,
708 1438 840 1466 mundum
871 1438 970 1466 creasti
1000 1445 1046 1474 per

260 1483 410 1516 Christum,
436 1488 464 1512 et
490 1484 639 1512 Sabbatum
661 1485 689 1512 in
715 1484 798 1519 hujus
823 1483 861 1511 rei
889 1483 1049 1511 memoriam

261 1530 393 1563 sanxisti;
412 1530 474 1566 quia
491 1530 518 1557 in
536 1538 568 1557 eo
588 1530 623 1557 ab
641 1529 771 1565 operibus
791 1530 931 1565 quiescere
947 1529 1049 1562 fecisti,

261 1576 295 1604 ad
308 1577 511 1604 meditationem
524 1577 613 1612 legum
626 1581 734 1603 tuarum
748 1586 755 1603 :
769 1580 795 1604 et
810 1576 893 1603 festos
908 1576 968 1604 dies
982 1583 1051 1604 con-

261 1622 388 1654 stituisti,
410 1622 437 1649 in
454 1622 575 1649 laetitiam
599 1622 752 1649 animarum
773 1626 940 1654 nostrarum,
968 1625 998 1649 ut
1020 1621 1049 1649 in

261 1667 482 1695 recordationem
493 1667 649 1695 veniremus
666 1667 811 1703 Sapientiae
823 1675 837 1694 a
845 1672 870 1695 te
878 1668 994 1695 conditae
1004 1668 1028 1684 "
1040 1677 1047 1696 :

261 1714 400 1749 quomodo
415 1717 527 1749 propter
549 1721 599 1741 nos
617 1714 694 1741 nasci
709 1722 742 1741 ex
757 1714 870 1742 muliere
890 1714 1022 1742 sustinuit
1040 1723 1048 1749 ;

263 1759 389 1794 apparuit
412 1759 440 1786 in
463 1759 517 1786 vita
543 1759 604 1791 hac,
629 1759 778 1788 ostendens
796 1760 823 1787 in
844 1760 980 1795 baptismo
998 1767 1050 1788 suo

263 1804 338 1840 quod
367 1804 427 1840 ipse
452 1805 499 1841 qui
526 1806 686 1840 apparebat.
708 1809 782 1834 esset
804 1805 875 1834 Deus
892 1814 925 1834 ac
944 1807 1050 1841 homo;

264 1857 364 1885 passus
381 1855 423 1878 est
437 1856 549 1887 propter
562 1859 613 1880 nos
623 1852 804 1885 peririissione
819 1857 875 1885 tua,
887 1856 915 1881 et
926 1857 1051 1881 mortuus

263 1901 316 1929 est,
337 1905 369 1925 ac
394 1902 527 1933 potestate
547 1903 593 1926 tua
615 1899 766 1927 resurrexit
786 1909 793 1926 :
817 1899 932 1935 ideoque
951 1900 1051 1927 festum

265 1942 497 1975 Resurrcctionis.
527 1944 669 1973 Dominica
694 1945 740 1973 die
765 1945 952 1977 celebrantes,
981 1945 1054 1972 laeta-

264 1998 327 2017 mur
342 1990 375 2018 de
388 1998 421 2018 eo
436 1991 483 2026 qui
498 1991 565 2019 vicit
579 1991 690 2027 quidem
710 1996 837 2022 mortem.
860 1991 988 2027 patefecit
1003 1999 1053 2019 au-

266 2040 318 2063 tem
344 2037 428 2065 vitam
455 2045 488 2065 ac
512 2038 746 2066 immortalitatem
768 2048 776 2066 :
804 2046 853 2074 per
868 2039 958 2074 ipsum
977 2039 1051 2066 enim

264 2087 360 2119 gentes
384 2085 418 2112 ad
445 2088 471 2113 te
495 2085 645 2118 adduxisti,
669 2084 697 2112 in
722 2086 851 2121 populum
874 2085 1050 2121 peculiarem.

1353 1275 1550 1303 ΚΕΦΑΛΑΙΟΝ
1561 1276 1631 1309 Mr.

1099 1322 1260 1357 Προσευχὴ
1275 1321 1550 1356 ὑπομιμνήσκουσα
1563 1321 1621 1357 τὴν
1637 1322 1803 1356 γενομένην
1825 1325 1897 1357 Χρι.

1134 1358 1211 1385 στοῦ
1233 1357 1470 1391 ὲνανθρὼπησιν,
1493 1356 1542 1384 καὶ
1555 1356 1613 1391 τὴν
1625 1358 1669 1389 εἰς
1694 1357 1765 1390 τοὺς
1787 1356 1899 1392 ἀτίὸυς

1135 1392 1278 1427 διάφορον
1292 1392 1447 1426 πρόνοιαν.

1136 1438 1222 1474 Κύριε
1237 1438 1291 1474 (98)
1310 1438 1509 1474 παντόκρατορ,
1526 1436 1628 1474 κόσμον
1642 1437 1754 1470 ἔκτισας
1770 1438 1815 1465 διὰ
1830 1439 1899 1475 Χρι-

1103 1483 1186 1517 στοῦ,
1211 1484 1259 1511 καὶ
1283 1483 1423 1510 Σάϐϐατον
1446 1483 1548 1519 ὥρισας
1576 1485 1616 1516 εἰς
1641 1484 1751 1520 μνήμην
1777 1484 1896 1512 τούτου·

1101 1529 1142 1556 ὅτι
1162 1530 1191 1556 ὲν
1207 1528 1280 1565 αὑτῷ
1295 1529 1472 1562 κατέπαυσας
1493 1529 1547 1557 ἀπὸ
1561 1530 1616 1557 τῶν
1631 1530 1720 1566 ἔργων
1731 1551 1739 1564 ,
1756 1531 1796 1562 είς
1814 1531 1900 1567 μελέ-

1101 1583 1151 1611 την
1173 1574 1229 1602 τῶν
1251 1575 1305 1602 σῶν
1324 1575 1415 1611 νόμων
1428 1584 1435 1591 '
1459 1576 1506 1603 καὶ
1531 1576 1628 1612 ἑορτὰς
1646 1575 1769 1610 διετάξω,
1787 1578 1829 1609 εἰς
1854 1577 1896 1604 εὑ-

1101 1622 1240 1659 φροσύνην
1260 1622 1315 1649 τῶν
1337 1622 1478 1658 ἡμετέρων
1502 1622 1606 1658 ψυχῶν,
1625 1623 1699 1654 ὅπως
1721 1624 1761 1654 εἰς
1783 1623 1901 1659 μνήμην

1100 1668 1245 1705 ὲρχώμεθα
1256 1668 1306 1705 τῆς
1314 1668 1367 1695 ὑπὸ
1377 1669 1423 1695 σοῦ
1435 1668 1590 1704 κτισθείσης
1605 1669 1700 1704 σοφίας
1708 1677 1715 1683 ·
1731 1668 1768 1700 ὡς
1779 1668 1814 1695 δι’
1823 1670 1900 1705 ἡμᾶς

1100 1714 1206 1749 γένεσιν
1228 1714 1332 1751 ὑπέστη
1345 1715 1395 1751 τὴν
1408 1714 1453 1743 διὰ
1465 1715 1593 1750 γυναικός
1604 1723 1611 1730 θ
1636 1715 1759 1750 ἐπεφάνη
1776 1715 1818 1751 τῷ
1837 1715 1899 1751 βίῳ,

1100 1761 1260 1793 ἀναδεικνὺς
1283 1760 1378 1788 ἑαυτὸν
1392 1761 1421 1788 ὲν
1435 1761 1475 1797 τῷ
1496 1761 1678 1797 βαπτίσματι,
1698 1761 1736 1793 ὼς
1751 1761 1821 1793 θεός
1836 1762 1898 1787 ἐστι

1101 1807 1148 1834 καὶ
1160 1807 1302 1843 ἄνθρωπος
1317 1808 1331 1834 6
1347 1807 1442 1843 φανείς
1454 1815 1461 1821 δ
1485 1807 1569 1834 ἔπαθε
1588 1808 1621 1834 δι’
1640 1807 1714 1843 ἡμᾶς
1732 1808 1766 1843 σῇ
1786 1816 1901 1843 συγχω-

1103 1853 1191 1890 ρήσει,
1202 1853 1249 1881 καὶ
1259 1853 1388 1887 ἀπέθανε,
1400 1854 1448 1880 καὶ
1458 1853 1558 1890 ἀνέστη
1567 1853 1606 1890 σῷ
1616 1854 1727 1889 κράτει·
1738 1853 1778 1880 διὸ
1789 1855 1840 1881 καὶ
1850 1854 1900 1889 τὴν

1101 1900 1287 1936 ἅναστάσιμον
1313 1900 1411 1936 ἑορτὴν
1442 1900 1674 1936 πανηγυρίζοντες
1693 1901 1727 1936 τῇ
1754 1901 1900 1937 Κυριακῇ,

1102 1946 1235 1983 χαίρομεν
1251 1946 1297 1973 ἐπὶ
1311 1947 1350 1983 τῷ
1364 1947 1507 1983 νικήσαντι
1522 1947 1572 1983 μὲν
1589 1946 1635 1974 τὸν
1655 1945 1768 1973 θάνατον
1781 1967 1788 1979 ,
1815 1946 1901 1981 φωτί-

1104 2000 1181 2019 σαντι
1194 1992 1223 2019 δὲ
1236 1992 1308 2028 ζωὴν
1325 1992 1372 2020 καὶ
1383 1992 1536 2029 ἀφθαρσίαν
1548 2001 1555 2008 ·
1570 1992 1611 2019 δι’
1625 1992 1706 2020 αὐτοῦ
1723 1992 1778 2028 γὰρ
1789 1993 1901 2028 προσή-

1104 2047 1189 2073 γαγες
1208 2039 1244 2069 τὰ
1256 2039 1319 2075 ἔθνη
1333 2039 1431 2075 ἑαυτῷ,
1446 2040 1486 2071 εις
1494 2039 1557 2066 λαὸν
1572 2039 1734 2075 περιούσιον,
1745 2038 1792 2065 τὸν
1803 2038 1901 2074 ἀληθι-

1104 2084 1149 2112 νὸν
1171 2085 1290 2122 Ἰσραὴλ,
1309 2085 1355 2113 τὸν
1370 2085 1491 2123 θεοφιλῆ,
1506 2085 1551 2112 τὸν
1565 2085 1669 2121 ὁρῶντα
1683 2084 1748 2111 Θεόν
1768 2083 1841 2121 (99).
1862 2085 1899 2111 Σί.

304 2154 326 2190 [⁸
340 2153 416 2181 Deut.
431 2161 467 2186 Iv,
487 2153 532 2190 39.
570 2153 593 2169 “
606 2152 615 2180 l
630 2152 697 2189 Reg.
709 2161 739 2187 ιι,
755 2154 781 2182 5.
819 2154 842 2169 "
854 2152 923 2181 Dan.
952 2160 993 2181 ιιι,
1030 2153 1051 2170 ¹¹

1103 2162 1148 2183 nn.
1171 2163 1210 2189 ιι,
1226 2155 1271 2183 53.
1309 2155 1332 2172 ⁸⁸
1352 2154 1370 2182 1.
1389 2153 1474 2190 lgnat.
1492 2153 1617 2188 interpol.
1635 2153 1668 2180 ad
1686 2152 1775 2188 Magn.
1794 2153 1823 2180 9.

244 2229 249 2237 .
265 2188 289 2205 "
307 2188 390 2217 Prov.
409 2197 469 2222 vm,
485 2189 531 2217 22.

918 2243 1101 2273 νΑιιιοιιυιι
1124 2244 1240 2273 NOTAE.

304 2303 357 2341 (9i)
378 2304 651 2346 ’Υίτεεοψριξμενοςκ
664 2302 788 2346 ῌΗιειιᾱα
804 2302 1053 2346 typothetztlmen-
1068 2307 1090 2336 ι)

266 2336 361 2378 dum};
374 2340 436 2378 eod.
448 2336 656 2378 Vintloboncnsi
673 2336 919 2378 ’Υπερυψούμενοφ
935 2336 984 2378 (11..

313 2375 358 2411 95)
378 2375 585 2411 Ἀμεσίτευτον
594 2374 630 2411 rd
639 2372 956 2411 Emi-.Vthuibusdam
968 2372 1055 2411 inter-

266 2407 376 2447 positis,
392 2407 597 2447 δ’δημιουργίας
604 2407 704 2447 τῆςδιὰ
718 2407 825 2447 μεσίτου
837 2408 957 2443 κτίστης.
974 2407 1054 2440 Qua:-

268 2444 312 2474 i'es
334 2444 471 2480 quomodo
490 2444 593 2473 eri-alio
617 2444 779 2480 intermedio
794 2446 908 2480 careat!
919 2450 979 2480 qua:
994 2450 1053 2470 me-

267 2478 414 2513 uiatnrcm,
431 2489 479 2509 seu
496 2481 614 2508 medium
634 2480 715 2507 habet
730 2478 829 2506 Filium
846 2478 910 2506 Dei?
925 2478 1052 2513 Respon-

267 2517 326 2545 deri
345 2520 433 2552 potest
444 2536 451 2547 ,
467 2516 632 2544 creationem
647 2523 708 2543 esse
721 2515 830 2550 quidem
845 2513 948 2549 absque
964 2514 1053 2552 medio

268 2548 358 2580 alieno
375 2560 389 2579 a
405 2552 563 2582 divinitate;
582 2548 737 2586 agnoscere
748 2555 838 2577 tamen
855 2557 999 2586 personam
1011 2548 1054 2586 di-

268 2588 390 2616 vinitatis
401 2588 528 2618 mediam,
542 2584 639 2613 Filium
650 2595 656 2614 :
667 2586 842 2613 mediaturem
854 2584 1054 2619 productionis,

268 2631 316 2659 per
345 2631 425 2658 quem
444 2623 549 2650 scilicet
580 2621 661 2659 Pater
679 2621 770 2649 omnia
785 2620 908 2659 creavit;
929 2620 978 2647 sed
1000 2628 1054 2659 non

269 2654 446 2687 inedia-tarem
464 2662 568 2685 natura:
579 2678 586 2687 ,
609 2657 635 2685 id
658 2662 710 2688 est,
727 2656 886 2692 participem
901 2654 1015 2692 incrcati
1028 2658 1055 2681 et

268 2695 353 2722 creati
365 2714 372 2726 ,
391 2693 463 2729 quod
479 2693 584 2729 exstitit
605 2698 665 2729 post
682 2690 851 2729 assumptain
863 2695 989 2729 naturam
1004 2690 1055 2717 hu-

269 2737 389 2758 manam.
400 2726 506 2757 Cor.—
514 2726 683 2756 Crediderim
699 2727 874 2763 ἁμισίτευτον
891 2726 971 2763 ἔργον
980 2733 1053 2756 esse,

269 2765 341 2800 quod
366 2766 450 2792 nullis
473 2763 664 2800 instrumentis
686 2763 796 2800 aliunde
812 2762 965 2800 desumptis
991 2768 1054 2795 per-

269 2797 370 2828 fectum
395 2806 447 2832 est,
472 2803 501 2827 ut
517 2800 551 2828 sit
572 2799 643 2826 idem
665 2805 697 2825 ac
718 2798 820 2832 ἀμεσον
840 2797 930 2833 ἔργον,
942 2804 1007 2833 seu,
1023 2799 1054 2822 ut

249 2835 408 2870 .loquimur
436 2836 527 2866 hodie.
549 2834 729 2870 immediatum
758 2841 834 2867 opus.
863 2832 913 2870 Adi
941 2832 1053 2870 l)_io_nys.

269 2866 410 2898 [’eiavium
438 2870 477 2897 De
505 2869 645 2901 Trinitate,
672 2869 716 2897 lib.
743 2876 793 2898 vn,
816 2875 878 2903 cap.
896 2867 925 2903 At:
946 2866 1055 2894 Vide’et

269 2912 331 2941 cap.
348 2906 382 2932 12
399 2905 446 2933 ubi
467 2904 580 2932 Camtit.
600 2909 695 2931 auctor
710 2907 747 2931 ait
767 2903 865 2935 Filium
880 2910 895 2929 a
912 2902 991 2929 Patr..-
1006 2910 1054 2937 ge-

1105 2301 1191 2329 nitum
1206 2300 1400 2336 ἁμεσιτεύτῳς.
1416 2299 1464 2327 CL.

1152 2336 1197 2372 96)
1213 2333 1544 2372 MLUOuaoddmc._Yind.
1562 2335 1621 2372 cod.
1640 2333 1782 2372 μισθὸτης.
1801 2334 1842 2364 lo.

1152 2338 1197 2372 96)
1213 2338 1451 2369 Μισθαποδότης.
1467 2338 1544 2362 Vind.
1562 2338 1621 2362 cod.
1640 2338 1782 2370 μισθότης.
1801 2338 1842 2364 lo.

1142 2338 1197 2408 £97)
1212 2372 1278 2408 Kott'.
1289 2371 1375 2408 ﬁddit
1389 2373 1449 2408 cod.
1461 2370 1540 2408 V_ind.
1557 2370 1620 2405 μεθ’
1630 2367 1674 2401 οὗ,
1690 2378 1749 2408 quin
1762 2379 1805 2408 eo,
1824 2372 1899 2407 quod

1105 2405 1151 2434 est'
1167 2405 1375 2441 Doxologiaruni
1384 2406 1609 2441 orthodoxarum,
1622 2413 1677 2432 non
1688 2405 1897 2439 Arianicarum,

1106 2446 1136 2470 ut
1148 2443 1205 2476 jam
1221 2440 1285 2469 alibi
1302 2442 1517 2469 observavimus.
1530 2440 1569 2468 lo.

1153 2474 1196 2512 98)
1211 2477 1308 2511 Κύριε.
1336 2475 1382 2503 Est
1412 2476 1601 2512 scholiunrin
1624 2474 1686 2503 cod.
1701 2475 1828 2512 VVindob.
1853 2478 1899 2504 hic

1105 2511 1243 2540 additum:
1258 2513 1320 2539 Ὅτι
1334 2512 1442 2545 Κύριος
1462 2511 1561 2538 ἐκτισέ
1569 2520 1617 2545 με,
1635 2511 1727 2545 σαφῶς
1746 2513 1787 2544 είς
1803 2512 1852 2538 τὸν
1866 2513 1899 2539 ὲκ

1106 2548 1244 2582 Παρθένου
1270 2546 1400 2582 τεχθέντα
1414 2547 1529 2581 Χριστὸν
1556 2546 1729 2581 ἀναφέρεται.
1754 2547 1824 2580 Qum
1839 2551 1899 2575 erat

1105 2582 1320 2610 orthodoxorum
1346 2582 1479 2609 sententia
1504 2589 1556 2616 qua
1578 2582 1758 2615 objet'tionem
1782 2583 1900 2610 desum-

1107 2624 1180 2654 ptam
1202 2626 1235 2646 ex
1255 2618 1393 2645 creatione
1409 2617 1751 2654 sapientia;retundere-nt.
1780 2617 1839 2646 Sed
1855 2625 1900 2645 re-

1106 2653 1171 2682 vera
1196 2654 1229 2681 de
1251 2658 1347 2681 neutra
1371 2653 1522 2687 sapientia,
1550 2653 1602 2680 hoc
1629 2656 1691 2684 est,
1714 2658 1810 2680 creata
1833 2657 1899 2681 ante

1108 2689 1252 2720 mundum,
1267 2694 1314 2715 aut
1329 2693 1392 2715 nata
1413 2696 1445 2715 cx
1462 2689 1566 2723 \irgine
1581 2688 1671 2723 agitur
1686 2691 1756 2723 apud
1767 2688 1901 2716 Salomo—

1107 2730 1180 2756 nem,
1203 2728 1232 2750 ut
1255 2724 1306 2751 viri
1322 2724 1394 2751 docti
1410 2722 1547 2755 viderunt,
1568 2722 1666 2751 et'nos
1688 2724 1722 2750 ad
1744 2722 1899 2752 Proverbia

1107 2761 1230 2795 pluribus
1247 2760 1432 2795 ostendemus.
1447 2759 1483 2785 In.

1143 2794 1198 2829 (99)
1223 2795 1277 2821 Τὸν
1305 2794 1419 2829 ὁρῶντα
1447 2794 1531 2821 Θεόν.
1560 2793 1702 2820 Intuentur
1724 2800 1755 2820 ac
1780 2794 1900 2821 tradunt

1108 2837 1179 2864 saepe
1195 2830 1281 2857 sancti
1295 2829 1487 2865 Patres‘Grazci
1501 2833 1528 2857 et
1541 2829 1630 2865 Latini
1640 2829 1711 2856 hanc
1721 2830 1901 2865 etymologiae

1108 2863 1253 2897 rationem,
1279 2865 1365 2892 secuti
1387 2863 1528 2892 Philonem
1553 2864 1676 2892 Judaaum
1691 2884 1698 2894 ,
1727 2871 1784 2898 qua
1816 2863 1902 2892 Israel

1108 2902 1254 2936 exponitur
1275 2900 1362 2927 ridens
1386 2900 1479 2927 Deum.
1505 2899 1602 2932 Homo,
1613 2903 1661 2926 aut
1685 2906 1756 2926 mens
1789 2907 1901 2926 tenuat
