2022 3127
249 169 317 195 11155

694 167 723 195 S.
741 167 939 195 CLEMENTIS
955 168 964 194 1
984 166 1065 196 11011,
1086 167 1185 195 PONT.
1199 165 1311 195 OPERA
1329 165 1442 194 DUBIA.

1814 164 1877 191 1636

247 227 325 253 labiis
347 227 467 261 prolatas
486 226 578 261 populi
604 227 644 253 tui
656 226 814 261 congregati
839 233 873 253 ex
897 224 1034 261 gentibus,

1093 223 1231 259 πρόσδεξαι
1255 224 1304 255 τὰς
1322 223 1365 249 διὰ
1380 222 1491 258 χειλέων
1507 222 1611 258 δεήσεις
1627 221 1674 248 τοῦ
1690 220 1755 248 λαοῦ
1775 229 1820 247 σου
1833 221 1878 249 τοῦ

245 280 306 308 qua:
321 277 347 299 te
362 272 389 299 in
406 273 522 300 veritate
546 273 692 306 invocant;
718 273 790 300 sicut
814 272 961 307 suscepisti
976 279 1036 298 mu-

246 326 312 345 nera
325 318 464 352 justorum
482 318 510 344 in
527 325 624 345 eorum
648 317 768 345 saeculis.
787 317 880 344 Abelis
899 317 927 344 in
942 316 1038 351 primis

245 363 392 398 respexisti
417 370 449 390 ac
470 363 616 397 suscepisti
643 362 808 390 sacrificium
826 362 859 394 ",
883 366 911 389 et
926 361 989 388 Noae
1004 368 1036 388 ex

246 417 309 437 arca
321 410 424 445 egressi
437 409 469 438 ³⁸.
482 409 629 436 Abrahami
639 412 784 443 postquam
799 409 951 436 exiissetex
966 413 1038 435 terra

245 456 438 483 Chaldzeorum
455 455 489 486 ³⁷,
503 454 588 482 lsaaci
601 455 628 481 in
640 460 723 489 puteo
734 455 883 488 juramenti
897 455 929 486 ³⁸,
944 453 1038 481 Jacobi

246 501 274 527 in
296 499 470 528 Bcthleliema
488 500 520 531 ",
547 499 632 527 Mosis
654 500 681 526 in
696 499 846 527 solitudine
860 499 899 531 ⁸⁸,
922 498 1039 526 Aaronis

247 548 320 574 inter
335 546 460 573 viventes
474 553 506 572 ac
522 550 646 573 mortuos
658 546 680 560 "
694 566 701 577 ,
719 544 784 573 Jesu
799 545 879 572 Navae
894 546 921 572 in
938 544 1038 580 Galga-

247 593 282 619 lis
305 593 338 624 ι’,
359 591 496 620 Gedeonis
516 592 543 618 in
559 596 636 627 petra
651 595 678 619 et
696 592 844 619 velleribus
864 596 927 618 ante
942 598 1041 626 pecca-

246 643 304 665 tmu
315 638 348 670 ",
365 637 468 665 Manoze
477 642 505 665 et
517 639 610 665 uxoris
625 638 685 672 ejus
698 638 726 664 in
737 645 834 673 campo
847 638 880 669 “,
895 637 1040 665 Samsonis

246 684 275 712 in
287 684 332 712 siti
346 689 410 712 ante
428 684 558 711 delictum
574 684 607 715 ⁸⁵,
626 682 731 718 Jephtae
744 684 772 710 in
789 684 859 711 bello
874 688 937 710 ante
949 684 1041 710 incon-

249 732 396 759 sideratam
418 731 630 765 promissionem
656 730 689 763 “,
715 729 813 756 Baraci
828 734 855 756 et
880 728 992 756 Debora:
1012 730 1039 756 in

249 777 343 805 Sisara
357 778 379 793 ⁸⁷
393 797 400 809 ,
417 777 555 804 Samuelis
570 777 598 803 in
613 776 725 811 Masplia
741 776 764 791 “
776 796 784 807 ,
802 775 913 802 Davidis
933 775 960 802 in
976 782 1040 802 area

249 824 329 851 Ornze
342 823 459 851 Jebusati
476 824 514 855 θ’,
532 822 689 851 Salomonis
705 823 733 850 in
749 822 881 850 Gabaone
895 826 922 850 et
938 822 966 849 in
982 821 1041 849 Hie-

248 871 395 906 rosolymis
410 871 444 902 '°,
469 870 533 897 Elia:
549 870 576 897 in
591 873 683 897 monte
696 869 824 896 Carmelo
839 869 860 884 "
874 889 881 900 ,
908 868 997 897 Elisaei
1012 869 1040 895 in

249 916 325 944 fonte
345 917 432 944 sterili
444 916 478 948 ",
506 915 650 951 Josaphati
675 916 702 942 in
724 916 795 942 bello
811 916 852 947 ⁸⁸,
874 915 998 943 Ezechiae
1013 916 1040 942 in

249 964 345 992 morbo
376 968 403 991 et
425 964 452 991 in
482 962 668 990 Senacheribo
691 963 712 978 ⁸⁸
726 982 733 994 ,
756 962 891 989 Manassis
912 963 939 989 in
967 966 1040 989 terra

248 1010 439 1038 Chaldaeorum
464 1013 528 1044 post
542 1009 673 1036 delictum
693 1008 728 1040 ",
745 1007 828 1035 Josia:
843 1008 870 1034 in
885 1007 990 1035 Pascha
1004 1007 1038 1040 “,

250 1054 343 1083 Esdraa
356 1054 493 1085 ingreditu
505 1053 529 1069 "
539 1074 546 1085 ,
561 1052 682 1081 Danielis
701 1054 728 1080 in
743 1053 804 1080 lacu
818 1053 927 1080 leonum
941 1054 976 1084 ",
994 1052 1040 1080 Jo-

251 1061 364 1083 ta’surzet
416 1061 493 1081 eaitu
505 1061 546 1085 ",
561 1061 682 1081 uanieus
701 1061 728 1080 ιιι
744 1061 804 1080 iacu
818 1061 927 1080 leonum
941 1061 976 1084 ",
994 1061 1040 1080 J0-

248 1109 291 1129 me
313 1101 341 1128 in
363 1061 456 1130 xire
471 1100 524 1128 ceti
545 1100 579 1132 “,
606 1099 689 1126 trium
706 1106 852 1134 puerorum
875 1099 904 1126 in
929 1099 1040 1126 fornace

249 1149 321 1183 ignis
334 1148 366 1180 ⁶¹,
382 1147 505 1175 Annaein
521 1147 699 1175 tabernaculo
715 1153 811 1174 coram
827 1153 893 1173 arca
902 1147 935 1179 “,
951 1147 1039 1175 Nehe—

249 1195 311 1222 mite
333 1202 366 1221 ac
382 1193 558 1221 Zorobabelis
574 1194 602 1221 in
626 1195 813 1221 exstructione
839 1201 981 1221 murorum
1005 1195 1038 1223 “.

249 1239 385 1268 Mutathize
407 1243 435 1266 et
471 1241 588 1268 filiorum
604 1241 665 1276 ejus
679 1241 706 1268 in
721 1242 780 1269 zelo
799 1246 846 1269 tuo
859 1241 898 1273 “,
914 1241 999 1269 Jaelis
1011 1242 1039 1269 in

250 1287 488 1315 benedictionibus
502 1287 537 1315 ".
550 1286 583 1314 Et
598 1295 671 1315 nunc
686 1295 751 1323 ergo
767 1288 878 1324 suscipe
894 1289 989 1323 populi
999 1289 1038 1316 tui

251 1340 357 1367 preces,
375 1332 423 1359 tibi
439 1340 501 1360 cum
517 1333 644 1365 scientia,
665 1341 713 1368 per
732 1333 872 1362 Christum
890 1334 917 1361 in
935 1333 1038 1369 Spiritu

250 1380 368 1407 oblatas.

506 1526 621 1555 CAPUT
643 1527 784 1554 XXXVIII.

431 1571 526 1599 Oratio
541 1580 589 1607 pro
605 1581 652 1607 ope
661 1574 745 1608 justi:
765 1574 861 1600 allata.

289 1617 401 1653 Agimus
422 1618 470 1646 tibi
486 1619 588 1654 gratias
603 1619 637 1646 de
652 1620 800 1650 universis,
815 1619 929 1647 Domine
952 1621 1042 1648 omni-

253 1668 365 1699 potens;
391 1665 464 1700 quod
492 1665 695 1693 misericordias
720 1669 780 1693 tuas
802 1670 830 1693 et
851 1666 1041 1695 miserationes

253 1717 306 1736 non
325 1711 463 1739 removisti
485 1718 500 1738 a
516 1711 612 1745 nobis;
634 1711 680 1739 sed
698 1719 747 1747 per
765 1712 888 1748 singulas
900 1716 994 1741 aetates
1010 1721 1042 1741 ac

252 1757 442 1791 generationes
463 1765 574 1789 servas,
600 1758 701 1793 eripis.
720 1758 883 1793 opitularis,
908 1760 1041 1796 protegis.

252 1801 337 1838 Opem
357 1804 429 1830 enim
450 1803 536 1831 tulisti
555 1804 583 1831 in
598 1804 696 1832 diebus
709 1803 792 1832 Enosi
817 1809 845 1832 et
860 1804 994 1838 Henochi,
1014 1806 1041 1833 in

253 1848 349 1876 diebus
362 1848 445 1877 Hosis
459 1856 491 1876 ac
502 1848 577 1882 Jcsu,
595 1850 623 1877 in
639 1850 736 1878 diebus
751 1849 887 1885 judicum,
905 1851 931 1878 in
945 1852 1041 1880 diebus

254 1892 390 1922 Samuelis
414 1899 441 1923 et
460 1894 526 1923 Elia:
549 1899 632 1931 atque
659 1896 866 1931 prophetarum,
891 1897 918 1924 in
944 1898 1041 1926 diebus

253 1940 363 1968 Davidis
373 1948 405 1968 ac
419 1949 525 1976 regum,
539 1941 568 1969 in
583 1942 680 1970 diebus
694 1942 815 1970 Estherm
827 1947 855 1970 et
869 1943 1040 1976 Mardoclnei,

254 1986 281 2014 in
303 1987 400 2015 diebus
416 1986 551 2020 Judithze,
582 1988 611 2016 in
631 1988 729 2016 diebus
751 1987 828 2016 Iudae
847 1989 992 2018 Machabzei
1015 1995 1042 2018 et

253 2033 368 2061 fratrum
393 2034 463 2068 ejus.
491 2033 578 2061 Etiam
605 2034 632 2063 in
660 2034 758 2063 diebus
785 2036 886 2064 nostris
909 2037 1042 2064 auxilium

253 2079 332 2107 nobis
352 2080 449 2112 tulisti,
463 2088 511 2115 per
534 2088 662 2116 magnum
683 2084 761 2108 tuum
776 2082 931 2117 pontificem
949 2082 1042 2110 Iesum

252 2125 392 2153 Christum
406 2125 505 2153 Filium
525 2130 615 2154 tuum.
632 2126 738 2155 Etenim
754 2135 787 2155 ex
803 2128 893 2163 gladio
905 2128 1040 2162 liberavit,

251 2175 278 2197 et
293 2172 390 2199 alendo
402 2172 505 2207 eripuit
523 2180 538 2199 a
555 2172 637 2206 fame,
655 2181 689 2201 ex
707 2174 804 2201 morbo
821 2174 941 2206 sanavit,
955 2182 971 2201 a
986 2175 1041 2202 lin-

1088 270 1118 302 ἐξ
1133 270 1229 303 ἐθνῶν,
1245 270 1300 296 τῶν
1320 268 1544 304 ἐπικαλουμένων
1559 276 1588 294 σε
1602 269 1631 294 ὲν
1645 267 1775 303 ἀληθείᾳ,
1793 267 1879 299 καθὼς

1089 315 1243 351 προσεδέξω
1264 316 1299 342 τὰ
1313 315 1388 350 δῶρα
1404 315 1458 341 τῶν
1476 314 1587 341 δικαίων
1602 315 1631 340 tv
1644 315 1705 344 ταῖς
1717 314 1823 347 γενεαῖς
1837 314 1880 339 αὺ-

1088 362 1153 389 τῶν.
1171 362 1253 388 Ἀϐελ
1271 363 1300 388 ἐν
1311 361 1428 397 πρώτοις
1443 361 1493 396 τὴν
1507 361 1602 387 θυσίαν
1616 360 1721 391 ἐπεῖδες
1740 361 1787 386 καὶ
1800 369 1879 395 προσ-

1089 408 1254 441 εδέξ‹-›,Νῶε
1274 407 1428 439 ἐξελθόντος
1450 408 1499 442 τῆς
1519 406 1645 438 κιϐωτοῦ,
1670 406 1793 442 Ἀϐραὰμ
1816 406 1881 441 μετὰ

1089 454 1120 480 τὸ
1133 454 1251 486 ἐξελθεῖν
1261 455 1293 480 ἐκ
1308 454 1347 489 (5)
1363 454 1415 489 γῆς
1430 454 1582 486 Χαλδαίων,
1597 453 1689 479 Ἰσαὰκ
1701 454 1728 479 ἐν
1740 452 1777 488 τῷ
1787 452 1882 487 φρέατι

1089 501 1136 527 τοῦ
1150 502 1243 536 ὅρκου,
1261 500 1360 527 Ἰακὼϐ
1371 501 1399 526 tv
1410 500 1534 535 Βηθλεὲμ
1548 500 1596 531 (4),
1608 500 1729 530 Μωσέως
1740 499 1767 525 ἐν
1781 500 1812 534 τῇ
1821 499 1883 535 ἐρήι-

1091 557 1144 583 μῳ,
1159 547 1266 583 Ἀαρὼν
1274 547 1325 574 ἀνὰ
1335 547 1416 582 μέσον
1427 546 1480 572 τῶν
1491 546 1598 579 ζώντων
1605 545 1714 573 καὶτῶν
1720 545 1881 577 τεθνεώτων,

1097 593 1184 629 Ἰησοῦ
1199 593 1246 620 τοῦ
1261 593 1339 628 Ναυῆ
1358 593 1387 619 ἐν
1400 592 1563 626 Γαλγάλοις,
1579 591 1681 618 Γεδεὼν
1703 592 1748 618 ἐπὶ
1767 592 1817 626 τῆς
1836 591 1882 618 πέ-

1090 649 1158 676 τρας
1174 640 1222 666 καὶ
1236 639 1291 666 τῶν
1307 639 1398 666 πύκων
1414 639 1468 674 πρὸ
1486 639 1535 674 τῆς
1550 638 1699 673 ἁμαρτίας,
1725 637 1825 665 Μανωὲ
1839 637 1883 664 καὶ

1090 687 1139 722 τῆς
1153 686 1235 713 αὑτοῦ
1250 685 1379 720 γυναικὸς
1392 686 1421 711 ὲν
1432 685 1471 720 τῷ
1483 685 1576 720 πεδίῳ,
1594 683 1712 720 Σαμψὼν
1727 685 1754 710 tv
1766 684 1804 719 τῷ
1814 683 1882 718 δίψει

1091 733 1145 768 πρὸ
1159 733 1208 767 τῆς
1223 731 1422 767 πλημμελείας,
1440 731 1546 765 ἰεφοαὲ
1558 731 1586 757 tv
1599 730 1638 766 τῷ
1653 730 1763 765 πολέμῳ
1774 730 1826 765 πρὸ
1837 730 1883 765 τῆς

1091 779 1203 814 ἀκρίτου
1215 778 1393 813 ἐπαγγελίας,
1408 778 1504 814 Βαρὰκ
1518 778 1565 804 καὶ
1576 777 1712 812 Δεϐϐόρας
1725 777 1772 803 ἐπὶ
1784 776 1832 803 τοῦ
1841 777 1883 803 Σι-

1093 825 1174 860 σάρα,
1198 824 1325 860 Σαμουὴλ
1351 824 1379 850 tv
1397 824 1551 859 Μασσηφᾷ,
1574 823 1655 850 Δαϐὶδ
1674 824 1702 849 tv
1721 823 1777 858 ἇλῳ
1804 823 1883 858 Ὀρνᾶ

1091 871 1139 897 τοῦ
1154 871 1326 904 Ἰεϐουσαίου,
1335 870 1507 906 Σολομῶντος
1517 871 1545 896 ὲν
1559 870 1671 897 Γαϐαὼν
1685 870 1731 896 καὶ
1743 870 1771 896 ἐν
1787 870 1883 905 Ἰερου-

1094 917 1193 952 σαλὴμ,
1224 917 1301 944 Ἰνιλία
1317 918 1347 943 tv
1362 917 1401 952 τῷ
1416 917 1472 952 ὄρει
1492 916 1531 952 τῷ
1544 916 1713 952 Καρμηλίῳ,
1730 915 1882 942 Ἐλισσαίου

1092 964 1138 990 ἐπὶ
1160 963 1209 999 τῆς
1237 963 1403 999 ἀτεκνούσης
1431 963 1532 998 πηγῆς,
1559 962 1692 997 Ἰωσαφὰτ
1715 962 1745 988 ὲν
1762 962 1882 997 πολέμῳ.

1098 1010 1205 1042 Ἐζεκία
1216 1010 1244 1036 tv
1259 1010 1400 1046 ἀρρωστίᾳ
1415 1010 1462 1036 καὶ
1471 1010 1517 1036 ἐπὶ
1523 1009 1570 1035 τοῦ
1580 1009 1752 1044 Σεναχηρεὶμ
1762 1008 1810 1043 (5),
1822 1008 1882 1035 Μα-

1090 1056 1176 1091 νασσῆ
1192 1056 1221 1082 ἐν
1242 1057 1276 1091 γῇ
1298 1055 1438 1082 Χαλδαίων
1455 1055 1524 1091 μετὰ
1538 1055 1587 1090 τὴν
1603 1055 1792 1090 πλημμέλειαν
1803 1076 1811 1088 ,
1830 1055 1883 1081 Ἰω-

1091 1101 1136 1128 σία
1152 1102 1181 1128 tv
1195 1101 1234 1137 τῷ
1241 1102 1335 1137 Φασσᾷ
1348 1101 1386 1136 (6)
1397 1102 1431 1134 ⁸⁷,
1449 1101 1552 1137 Ἔσδρα
1560 1102 1590 1127 ὲν
1598 1102 1631 1136 τῇ
1640 1101 1773 1136 ὲπανόδῳ,
1786 1100 1884 1135 Δανιὴλ

1091 1148 1120 1174 έν
1138 1147 1176 1183 τῷ
1190 1147 1285 1183 λάκκῳ
1307 1147 1362 1173 τῶν
1384 1147 1511 1180 λεόντων,
1546 1148 1621 1174 Ἰωνᾶ
1642 1147 1671 1173 tv
1685 1148 1718 1182 τῇ
1734 1147 1824 1182 κοιλίᾳ
1838 1146 1885 1173 τοῦ

1091 1195 1191 1229 κήτους
1202 1216 1209 1227 ,
1226 1194 1280 1220 τῶν
1294 1193 1377 1229 τριῶν
1392 1193 1494 1219 παίδων
1512 1194 1540 1219 tv
1559 1195 1592 1228 τῇ
1606 1193 1713 1228 καμίνῳ
1725 1193 1773 1219 τοῦ
1789 1192 1884 1228 πυρὸς,

1092 1241 1192 1276 ’Δννης
1207 1241 1236 1267 tv
1258 1242 1291 1276 τῇ
1308 1241 1393 1276 σκηνῇ
1420 1239 1535 1266 ἐνώπιον
1558 1240 1608 1274 τῆς
1631 1239 1758 1272 κιϐωτοῦ,
1778 1240 1885 1275 Νεεμία

1090 1287 1137 1313 ἐπὶ
1144 1288 1176 1323 τῇ
1186 1286 1326 1322 ἁνεγέρσει
1340 1285 1394 1312 τῶν
1405 1285 1502 1320 τειχῶν
1514 1285 1561 1311 καὶ
1575 1284 1621 1311 τοῦ
1633 1284 1794 1320 Ζοροϐάϐελ,
1809 1286 1885 1312 Ματ-

1089 1333 1170 1360 ταθία
1181 1332 1291 1360 καὶτῶν
1302 1332 1368 1358 υίῶν
1382 1331 1465 1358 αὑτοῦ
1477 1333 1506 1356 tv
1524 1331 1562 1366 τῷ
1573 1330 1645 1366 ζήλῳ
1660 1338 1718 1362 σου,
1739 1330 1887 1366 ’1α6ὴλ’(ἵ)

1091 1380 1120 1406 ἐν
1135 1379 1279 1413 εὐλογίαις.
1296 1379 1351 1405 Καὶ
1364 1378 1411 1404 νῦν
1421 1375 1467 1404 οὖν
1479 1376 1622 1412 πρόσδεξαι
1636 1376 1685 1408 τὰς
1695 1375 1742 1402 τοῦ
1756 1376 1821 1403 λαοῦ
1839 1385 1888 1405 σου

1092 1425 1258 1461 προσευχὰς,
1276 1433 1324 1460 μετ
1334 1425 1341 1435 ’
1356 1422 1530 1458 ὲπιγνώσεὼς
1550 1431 1592 1449 σοι
1605 1422 1649 1449 διὰ
1663 1422 1780 1457 Χριστοῦ
1801 1430 1888 1458 προσ-

1091 1472 1247 1507 φερομένας
1260 1473 1290 1498 tv
1303 1471 1342 1507 τῷ
1357 1470 1504 1506 Πνεὺματι.

1351 1527 1548 1555 ΚΕΦΑΛΑΙΟΝ
1567 1527 1632 1553 AH’.

1240 1573 1399 1608 Προσευχὴ
1417 1573 1607 1608 ἀντιλήψεως
1624 1572 1756 1599 δικαίων.

1131 1620 1352 1657 Εὑχαριστοῦμέν
1368 1629 1408 1646 σοι
1427 1620 1491 1656 περὶ
1510 1620 1628 1652 πάντων,
1644 1619 1766 1646 Δέσποτα
1784 1619 1886 1646 παντό-

1094 1676 1207 1705 κρατορ·
1230 1668 1271 1694 ὅτι
1290 1668 1339 1694 οὐκ
1357 1666 1535 1701 ἐγκατέλιπες
1557 1665 1592 1692 τὰ
1613 1665 1676 1702 ἑλέη
1691 1674 1737 1692 σου
1757 1666 1805 1692 καὶ
1822 1667 1885 1697 τοὺς

1093 1713 1252 1749 οίκτιρμούς
1271 1722 1317 1739 σου
1331 1714 1377 1747 ἀφ’
1391 1712 1480 1748 ἡμῶν·
1496 1711 1564 1738 ἀλλὰ
1581 1711 1642 1738 καθ’
1656 1712 1774 1747 ἑκάστην
1789 1711 1885 1745 γενεὰν

1094 1761 1142 1787 καὶ
1164 1759 1260 1794 γενεὰν
1284 1758 1393 1792 σώζεις,
1415 1758 1482 1794 ῥύῃ,
1501 1757 1699 1793 ἁντιλαμϐάνῃ,
1724 1757 1883 1790 σκεπάζεις.

1096 1805 1256 1833 Ἀντελάϐου
1283 1804 1338 1840 γὰρ
1361 1805 1390 1831 tv
1413 1805 1532 1840 ἡμέραις
1554 1802 1637 1835 Ἐνὼς
1659 1804 1707 1830 καὶ
1731 1802 1834 1838 Ἑνὼχ,
1857 1804 1885 1829 tv

1094 1852 1212 1888 ἡμέραις
1229 1851 1315 1886 Μωσῆ
1334 1851 1382 1877 καὶ
1400 1850 1499 1887 Ἰησοῦ,
1520 1851 1549 1876 tv
1562 1850 1681 1886 ἡμέραις
1698 1849 1752 1876 τῶν
1772 1849 1884 1885 κριτῶν,

1095 1899 1123 1925 ὲν
1138 1898 1256 1934 ἡμέραις
1270 1896 1349 1923 Δαυῖδ
1368 1897 1416 1924 καὶ
1428 1896 1482 1923 τῶν
1501 1896 1642 1932 βασιλέων,
1657 1897 1686 1922 tv
1700 1895 1820 1931 ἡμέραις
1834 1895 1885 1921 Σα-

1097 1944 1181 1979 μουὴλ
1208 1944 1254 1970 καὶ
1275 1943 1354 1969 Ἠλία
1374 1943 1421 1969 καὶ
1445 1942 1499 1969 τῶν
1526 1942 1684 1978 προφητῶν,
1712 1942 1741 1968 tv
1767 1942 1885 1977 ἡμέραις

1103 1990 1203 2026 Ἐσθὴρ
1225 1990 1272 2017 καὶ
1295 1989 1480 2025 Μαρδοχαίου,
1504 1989 1533 2015 ὲν
1559 1989 1677 2024 ήμὲίλ-ἱς
1703 1987 1828 2020 Ἰουδεὶθ,
1857 1988 1885 2013 tv

1094 2036 1211 2072 ἡμέραις
1225 2035 1310 2062 Ἰούδα
1324 2034 1503 2062 Μακκαϐαίου
1523 2035 1569 2061 καὶ
1583 2034 1637 2061 τῶν
1654 2033 1774 2068 ἀδελφῶν
1789 2033 1873 2060 αὑτοῦ

1096 2082 1150 2110 Καὶ
1165 2083 1193 2108 tv
1207 2084 1267 2114 ταῖς
1284 2082 1401 2118 ἡμέραις
1418 2081 1496 2117 ἡμῶν
1516 2080 1662 2107 ἀντελάϐου
1681 2080 1759 2116 ἡμῶν
1778 2080 1825 2107 διὰ
1837 2080 1884 2107 τοῦ

1098 2129 1215 2164 μεγάλου
1239 2137 1285 2155 σου
1309 2127 1459 2163 ἀρχιερέως
1477 2127 1565 2162 Ἰησοῦ
1584 2127 1702 2163 Χριστοῦ
1723 2127 1770 2154 τοῦ
1788 2126 1885 2158 Παιδός

1097 2184 1153 2202 σου.
1177 2176 1231 2202 Καὶ
1245 2175 1300 2201 ἀπὸ
1320 2174 1456 2210 μαχαίρας
1470 2173 1524 2210 γὰρ
1538 2174 1682 2211 ἐρρύσατο,
1698 2174 1746 2201 καὶ
1759 2174 1791 2200 ἐκ
1806 2172 1884 2209 λιμοῦ

283 2252 305 2268 ³⁸
319 2251 386 2279 Gen.
405 2259 442 2279 Iv.
479 2253 501 2268 "
514 2252 650 2280 Gen.vm.
689 2254 711 2269 ³⁷
727 2252 796 2282 Gen.
808 2261 859 2281 xu.
904 2254 926 2270 "
937 2253 1005 2282 Gen.
1021 2264 1089 2284 un.
1128 2255 1150 2271 ι’
1164 2255 1231 2282 Gen.
1244 2263 1324 2283 xxxv.
1363 2255 1386 2270 ⁵⁸
1399 2254 1542 2282 Exod.xu.
1580 2255 1601 2271 “
1616 2254 1696 2282 Num.
1714 2262 1768 2281 va.
1789 2254 1813 2270 δ’
1826 2253 1884 2280 Jos.

254 2295 279 2313 v.
319 2286 443 2315 "Juxlic.
461 2296 488 2315 vr
500 2292 528 2315 et
539 2296 597 2315 vm.

253 2322 276 2337 ”
291 2320 300 2348 1
315 2321 404 2349 Par-ul.
418 2331 476 2350 xxi.
513 2323 537 2339 '°
554 2322 588 2349 111
601 2323 665 2359 Reg.
682 2327 813 2351 metvm.
832 2324 854 2340 "
873 2323 906 2351 111
924 2324 947 2351 R

253 2361 280 2383 ct
298 2365 354 2384 xIx.
393 2358 415 2374 ⁸⁸
434 2357 455 2384 ΙΙ
468 2357 557 2384 Paral.
578 2366 672 2384 xxxiii.
711 2359 734 2374 “
749 2359 770 2384 ll
787 2359 877 2384 Paral.
898 2368 947 2384 xxv

636 2290 660 2304 “
673 2287 764 2316 Judic.
782 2297 842 2316 xm.
880 2289 903 2305 ⁸⁸
915 2288 1005 2317 Judic.
1032 2299 1068 2318 xv
1082 2297 1110 2318 et
1135 2299 1190 2317 va.
1230 2290 1252 2306 “
1264 2290 1353 2318 Juilic.
1383 2298 1420 2317 xI.
1458 2291 1479 2306 "
1498 2290 1588 2317 Judic.
1608 2298 1645 2317 iv.

948 2333 990 2360 eg.
1010 2334 1088 2353 xvm.
1125 2327 1148 2342 "
1169 2326 1201 2353 IV
1212 2325 1278 2360 Reg.
1299 2334 1316 2352 ιι

398 2343 404 2348 .
419 2334 476 2350 λιι,
513 2334 537 2339 "
554 2334 588 2349 Ill
601 2334 665 2359 [λιες.
682 2334 711 2351 III
722 2334 813 2351 εινιιι.
832 2334 854 2340 ’⁵
873 2334 906 2351 ΙΙΙ
924 2334 990 2360 neg.
1010 2334 1038 2353 X‘

393 2358 415 2374 ⁸⁸
434 2357 455 2384 ΙΙ
468 2357 557 2385 Paral.
578 2366 672 2387 χχχιιι.
711 2359 734 2374 “
749 2359 770 2385 ll
787 2359 877 2386 Paral.
898 2368 979 2387 xxxv.
1019 2362 1038 2378 "

1125 2334 1148 2342 "
1170 2334 1198 2353 Iv
1213 2334 1278 2387 “eg.
1299 2334 1327 2352 ιι.
1365 2334 1387 2341 υ·
1403 2334 1424 2352 n
1441 2334 1530 2352 rarat.
1554 2334 1630 2352 xvm.
1669 2334 1691 2341 "

1093 2362 1188 2388 Ιάσκα.
1210 2361 1245 2388 ⁵⁸1
1274 2362 1330 2388 sdr.
1349 2369 1407 2388 vni.
1444 2361 1467 2377 "
1486 2361 1553 2388 Dan.
1568 2369 1593 2387 vi
1609 2365 1635 2387 et
1647 2369 1701 2387 xiv.

1686 2290 1706 2306 "
1723 2289 1732 2315 l
1752 2289 1818 2324 Reg.
1835 2297 1882 2316 vn.

1321 2345 1327 2352 .
1365 2326 1387 2341 ⁵³
1403 2325 1424 2352 ll
1441 2325 1530 2352 Paral.
1554 2334 1630 2352 xvul.
1669 2325 1691 2341 "
1706 2324 1738 2351 IV
1767 2324 1832 2360 Heg.
1850 2330 1883 2351 xx

1740 2360 1763 2375 ⁶⁰
1777 2360 1839 2387 .Ιυιι.
1854 2367 1882 2386 ιι.

253 2391 275 2407 ⁶¹
293 2392 356 2419 Dan.
370 2401 411 2420 ιιι.
446 2392 565 2429 ⁶¹11ἶιιε.
583 2402 599 2420 ι.
637 2394 659 2409 ⁸³
676 2393 825 2422 lEsdr.m.
863 2396 886 2410 "
901 2396 909 2422 l
922 2395 1009 2423 Much.
1024 2405 1038 2424 ιι

1093 2397 1113 2412 ιι
1128 2391 1220 2424 Judic.
1237 2405 1264 2429 ν,
1281 2396 1325 2423 24.

915 2474 1094 2504 VARIORUM
1114 2476 1227 2504 NOTAE.

289 2527 329 2592 (3)
350 2528 508 2572 ςΕκ.¹Λύτὺν
524 2529 565 2556 ὲκ.
583 2528 629 2556 Sic
640 2529 879 2571 idem.cod.'Cu~:n.

301 2563 318 2590 4
356 2564 450 2591 Ιακωϐ
456 2572 491 2590 εν
498 2564 643 2592 Βηθλεέω
656 2564 766 2592 Bonus.
779 2574 806 2592 In
818 2565 879 2592 Belli

301 2563 333 2602 Δ).
352 2563 450 2591 Ἰακὼϐ
456 2564 643 2602 ὲκΒηθτιεέμ
656 2564 766 2602 Bovius,
779 2566 809 2602 in
815 2565 916 2602 Bethel.
929 2568 1030 2602 optime

255 2588 1042 2634 είὲἑ¹ῑιεὶ’ὲὲᾖὲτᾶιῖέῈίὗέἓίηέἧιιὲῖ-ἶί.’Ὶδῶἷῦἱῖἷιιὲἳὶὖὶέ

255 2635 366 2662 nomina
385 2635 431 2662 ubi
451 2642 500 2669 per
512 2635 704 2669 compendium
723 2636 891 2668 scribuntur,
911 2638 1042 2666 confundi

254 2670 333 2697 facile
342 2677 374 2697 ac
387 2670 509 2697 librariis
524 2670 612 2697 fraudi
627 2679 688 2697 esse
704 2680 710 2697 :
727 2672 800 2697 uuod
815 2679 928 2697 cernere
943 2674 1004 2697 licet
1015 2675 1041 2697 in

254 2672 333 2697 facile
342 2677 374 2697 ac
387 2672 509 2699 librariis
524 2672 612 2697 fraudi
627 2679 688 2699 esse
704 2680 710 2698 :
727 2672 800 2705 quod
815 2679 928 2700 cernere
943 2674 1004 2700 licet
1015 2675 1041 2701 in

253 2703 383 2752 9111"}???
390 2703 601 2752 c‘i’ff'i'ii‘ﬂf’:
612 2711 653 2752 ,Ξῖ
675 2703 750 2752 ἓ¹²ίί-
759 2703 1034 2752 ἦθὶῖῗιθὲἐυῐιηθξῖἓ

252 2737 419 2779 ςςιιρτεεωηδ.
435 2738 597 2779 Ambrosius
612 2737 659 2779 lib.
675 2746 695 2779 ιι
713 2738 750 2779 ρο
763 2738 860 2779 iaculi,
872 2745 931 2779 cap.
947 2737 972 2779 :1,
987 2746 1035 2779 pro

253 2772 370 2814 flet/ul,"
370 2772 437 2800 Gen.
453 2780 535 2805 xxxv,
551 2773 616 2814 dum
631 2774 694 2814 legit
709 2773 874 2814 fiethlelig‘vn.‘
886 2774 930 2814 _si_c
947 2773 1033 2814 loqui-

252 2811 315 2834 tur:
344 2807 497 2842 Ezsurgem
520 2809 631 2835 ascende
654 2809 682 2835 in
706 2808 792 2835 locum
814 2808 964 2835 Bethlehem
981 2810 1035 2842 (eo

250 2845 333 2884 modo
351 2850 464 2884 prorsus
477 2844 559 2884 scribi
572 2844 671 2884 debere
684 2844 936 2884 docentrse‘queutia
949 2843 970 2878 ),
981 2844 1033 2884 _hoc

246 2883 289 2917 (At.
303 2877 331 2917 in
355 2877 462 2904 domum
473 2879 569 2917 pauit,
591 2878 636 2904 ubi
651 2883 729 2905 natm
751 2877 1032 2917 estHCItriIlusjrsicut

251 2911 378 2939 "ieiuna
402 2912 528 2945 prop/tem
554 2917 662 2940 leuatus
689 2918 746 2946 ut,
776 2913 864 2940 dicens
882 2913 953 2940 .‘cEl
984 2920 1029 2948 nt,

1098 2532 1258 2563 Bethlehem,
1275 2531 1369 2558 domus
1384 2530 1514 2565 Ephrata,
1532 2541 1541 2557 ι
1554 2535 1607 2559 etc.
1624 2531 1692 2559 ϐοτ-

1143 2568 1170 2606 ξ)
1187 2567 1379 2606 gemmam.
1388 2564 1461 2606 μορ.
1483 2565 1725 2606 Ῡίιιιί-..Σεεναχιρίψ

1143 2601 1170 2635 6)
1188 2601 1281 2635 Έντῷ
1293 2601 1410 2635 Φασσᾷ.
1428 2601 1486 2628 Νοη
1496 2601 1641 2629 infeliciter
1655 2601 1721 2629 mihi
1732 2603 1827 2630 videor
1835 2610 1882 2629 vo.

1095 2637 1249 2666 cem'nihili
1264 2637 1358 2664 Φασσά
1374 2637 1426 2664 hoc
1449 2637 1509 2664 loco
1531 2643 1652 2665 mutasse
1673 2637 1700 2664 in
1721 2638 1881 2672 praeclarum

1095 2673 1258 2700 vocabulum
1274 2673 1378 2704 Φάσκα,
1393 2672 1464 2707 quod
1479 2676 1520 2700 est
1535 2673 1625 2700 Φασέκ
1639 2672 1660 2700 ll
1675 2672 1793 2707 Paralip.
1810 2680 1880 2700 xxxv

1094 2713 1121 2736 et
1132 2717 1183 2736 xxx
1201 2728 1209 2740 ,
1225 2715 1273 2736 seu
1288 2707 1393 2735 Pascha
1404 2728 1411 2739 ,
1434 2708 1549 2735 docente
1565 2716 1662 2743 magno
1676 2709 1802 2743 theologo
1815 2708 1880 2735 Gre-

1095 2745 1173 2778 gorio
1188 2743 1362 2770 Nazianzeno
1378 2744 1405 2770 in
1421 2745 1547 2771 oratione
1556 2743 1601 2776 4‘2,
1618 2751 1646 2778 p.
1662 2743 1725 2774 682,
1742 2743 1804 2771 683.
1820 2743 1854 2770 At
1865 2750 1879 2769 ι

1095 2779 1256 2807 dnctissimo
1271 2778 1418 2808 Turriano‘.
1434 2779 1480 2813 qui
1499 2779 1588 2809 vertit.
1606 2779 1633 2806 in
1647 2778 1762 2813 Sanpha,
1778 2779 1879 2806 intelli-

1093 2815 1178 2849 gitur,
1194 2814 1221 2841 ni
1237 2813 1327 2844 fallor.
1345 2813 1453 2849 Saphan
1466 2814 1568 2847 Σαφάν,
1584 2814 1641 2842 sive
1653 2814 1778 2848 Σαπφάν,
1790 2813 1879 2841 scriba

1095 2848 1189 2885 templi
1204 2849 1309 2885 Domini
1325 2849 1491 2885 temporibus
1506 2848 1586 2877 Josia'.
1596 2850 1679 2885 regis.
1692 2850 1760 2878 Cor.

1105 2883 1300 2947 _lg).'{:oﬁl.
1328 2883 1477 2920 ΕεινἸαήλ,
1493 2886 1566 2918 laet.
1589 2883 1640 2912 aut
1662 2887 1748 2915 Jahel.
1762 2883 1879 2919 Josepho

1157 2929 1186 2956 η.
1202 2928 1237 2948 In.
