4062 6258
359 352 498 410 ίῦΞΞἹ

1227 358 1840 415 ἘΟΝΞΤΙΤΙΞΤΙΟΝΕΞ
1872 360 2348 417 ΑΡΟΒΤΟΜΟᾸΕ.
2371 362 2584 418 -—LlB.
2625 361 2731 415 VII.

3486 358 3620 416 1038

354 470 591 539 ἐξείλετο
645 472 967 545 διαθρέψας,
1017 476 1082 528 ὲκ
1126 476 1280 529 νόσου
1330 478 1534 544 ἰάσατο,
1583 480 1648 531 ἐκ
1693 478 1936 551 γλώσσης

2046 495 2151 549 gua
2193 482 2333 533 mala
2368 480 2623 550 protexit.
2670 480 2745 535 De
2786 478 3043 533 omnibus
3088 478 3186 532 tibi
3220 493 3318 549 per
3339 478 3619 535 Christum

355 561 599 635 πονηρᾶς
644 565 937 618 ὲσκέπασε.
996 567 1132 639 Περὶ
1186 569 1401 623 πάντων
1452 587 1533 622 σοι
1578 570 1666 623 διὰ
1701 566 1939 641 Χριστοῦ

353 654 806 727 εὐχαριστοῦμεν.
862 656 921 709 ὐ
951 659 1045 711 καὶ
1073 660 1255 732 φωνὴν
1291 661 1551 732 ἔναρθρον
1578 664 1658 726 είς
1691 662 1941 734 ἐξομολό-

352 764 517 818 γησιν
546 746 950 819 δωρησάμενος
984 752 1078 803 καὶ
1104 752 1356 820 γλῶσσαν
1396 754 1755 825 εὐάρμοστον,
1785 756 1941 828 δίκην

354 841 657 911 πλήκτρου,
686 841 763 904 ὡς
794 842 1025 914 ὄργανον
1058 842 1294 909 ὖποθείς.
1352 847 1463 900 Καὶ
1487 846 1676 915 γεῦσιν
1706 848 1942 920 πρόσφο-

355 927 469 1004 ρον,
527 930 623 986 καὶ
677 936 819 1006 ἁφὴν
872 936 1226 1007 κατάλληλον,
1286 940 1380 991 καὶ
1425 940 1613 1010 ὅρασιν
1668 940 1815 1007 θέας,
1848 941 1942 995 καὶ

351 1026 526 1097 ἀκοὴν
572 1022 777 1096 φωνῆς,
818 1028 913 1080 καὶ
957 1026 1223 1101 ὄσφρησιν
1260 1031 1469 1101 ἀτμῶν,
1511 1033 1604 1084 καὶ
1642 1036 1827 1104 χεῖρας
1862 1034 1941 1097 είς

355 1117 538 1188 ἔργον,
590 1120 684 1171 καὶ
730 1120 897 1182 πόδας
941 1120 1077 1190 πρὸς
1118 1120 1193 1191 (8)
1241 1121 1567 1194 ὁδοιπορίαν.
1616 1125 1726 1177 Καὶ
1767 1125 1941 1178 ταῦτα

354 1210 534 1263 πάντα
562 1212 625 1263 ὲκ
655 1212 857 1281 μικρᾶς
887 1210 1144 1280 σταγόνος
1170 1212 1515 1278 δίαπλάττέις
1543 1215 1616 1285 (9)
1647 1216 1705 1268 ὲν
1736 1217 1935 1288 μήτρᾳ,

354 1303 448 1354 καὶ
476 1303 654 1373 ψυχὴν
690 1302 954 1356 ἀθάνατον
987 1303 1124 1374 μετά
1158 1306 1255 1376 τὴν
1286 1305 1548 1377 μόρφωσιν
1594 1307 1815 1379 χαρίζῃ,
1846 1307 1939 1361 καὶ

352 1394 615 1466 προάγεις
652 1397 732 1458 είς
771 1396 903 1464 φῶς.
951 1394 1025 1449 Τὸ
1051 1396 1268 1466 λογικὸν
1306 1397 1463 1466 ζῶον,
1503 1398 1594 1451 τὸν
1631 1398 1935 1470 ἄνθρωπον,

352 1486 540 1558 νόμοις
593 1486 935 1554 ἐπαίδευσας,
990 1487 1349 1560 δικαιώμασιν
1404 1490 1745 1561 ὲφαίδρυναςο
1803 1490 1939 1561 πρὸς

348 1578 532 1648 ὀλίγον
579 1576 802 1649 ἐπάγων
846 1576 1108 1649 διάλυσιν,
1140 1583 1238 1654 τὴν
1268 1583 1562 1637 ἀνάστασιν
1604 1584 1934 1654 ἐπηγγείλω.

350 1671 512 1734 Uolo;
556 1672 843 1744 τοιγαροῦν
890 1674 1170 1745 αὐτάρκης
1216 1674 1357 1745 βίος,
1406 1674 1615 1729 αἰώνων
1660 1675 1717 1728 δὲ
1764 1675 1937 1746 μῆκος

349 1762 515 1815 πόσον
562 1765 840 1835 διαρκέσει
885 1765 1193 1836 ἀνθρώποις
1234 1767 1371 1838 πρὸς
1408 1767 1782 1838 εὐχαριστίαν;
1814 1768 1847 1838 ἢ
1877 1766 1937 1821 τὸ

349 1855 451 1924 μὲν
480 1857 616 1927 πρὸς
644 1854 798 1921 ἀξίαν
828 1856 1107 1925 ἀδύνατον,
1130 1855 1190 1910 τὺ
1218 1857 1437 1911 δὲκατά
1464 1855 1688 1930 δύναμιν
1717 1859 1931 1927 εὐαγές.
1968 1847 2008 1901 Β

364 1947 609 2020 Ἑῤῥύσω
637 1948 745 2020 γὰρ
783 1949 1035 2014 ἀσεϐείας
1073 1950 1369 2019 πολυθέων,
1410 1952 1505 2005 καὶ
1542 1952 1934 2025 χριστοκτόνων

348 2042 613 2111 αἱρέσεως
650 2041 883 2109 ὲξείλου,
918 2042 1338 2117 πεπλανημένης
1376 2046 1599 2114 ἀγνοίας
1629 2045 1933 2117 ἠλευθέρω-

298 2160 299 2163 η
352 2149 472 2195 σας·
504 2134 595 2186 τὸν
623 2134 855 2205 Χριστὸν
897 2134 1220 2200 ἀπέστειλας
1255 2138 1335 2201 είς
1364 2136 1683 2209 ἀνθρώπους
1719 2138 1794 2200 ὼς
1824 2137 1933 2209 (10)

350 2223 656 2295 ἄνθρωπον,
722 2225 855 2279 Θεὸν
909 2226 1041 2280 ὄντα
1094 2228 1377 2298 μονογενῆ·
1435 2229 1526 2284 τὸν
1581 2228 1935 2301 Παράγλητον

351 2315 617 2387 ὲνῲκισας
661 2319 811 2389 ἡμῖν·
863 2319 1127 2388 ἀγγέλους
1174 2321 1507 2391 ἐπέστησας,
1552 2322 1643 2375 τὸν
1688 2320 1933 2373 διάϐολον

351 2408 607 2479 ᾔσχυναςο
639 2412 739 2465 οὐκ
768 2412 926 2473 ὄντας
954 2412 1234 2484 ἐποίησας,
1265 2415 1587 2484 γενομένους
1618 2413 1928 2483 φυλάσσεις·

347 2500 495 2573 ζωὴν
524 2504 861 2576 ἐπιμετρεῖς,
891 2508 1145 2576 χορηγεῖς
1171 2508 1396 2576 τροφήν’
1440 2506 1728 2572 μετάνοιαν
1756 2507 1931 2577 ἐπηγ-

348 2595 533 2663 γεῐλω.
582 2597 752 2667 Ὑπὲρ
793 2598 1045 2651 ἁπάντων
1086 2615 1165 2650 σοι
1192 2601 1227 2668 ἡ
1259 2598 1384 2663 δόξα
1423 2600 1517 2653 καὶ
1544 2599 1604 2651 τὸ
1634 2599 1815 2665 σέϐας,
1845 2599 1933 2652 διὰ

362 2686 537 2759 Ἰησοῦ
566 2690 801 2761 Χριστοῦ
835 2690 967 2763 (11),
999 2688 1114 2757 νῦν,
1147 2691 1239 2743 καὶ
1276 2691 1362 2743 ἀεὶ
1400 2690 1532 2763 (12),
1563 2692 1658 2745 καὶ
1694 2694 1773 2754 είς
1806 2692 1932 2754 τοὺς

349 2779 567 2843 αἰῶνας.
620 2778 810 2853 Ἀμήν.
863 2780 1048 2835 Ταῦτα
1095 2781 1374 2852 μελετᾶτε,
1420 2782 1657 2852 ἀδελφοί’
1707 2785 1800 2837 καὶ
1846 2784 1927 2856 εἴη

348 2873 603 2946 ῥΚύριος
633 2875 751 2946 μεθ’
781 2874 933 2946 ὑμῶν
966 2875 1058 2927 ἐπὶ
1088 2874 1213 2945 γῆς,
1244 2876 1337 2928 καὶ
1373 2876 1428 2928 ἐν
1456 2878 1521 2947 τῇ
1566 2875 1809 2948 βασιλείᾳ
1834 2876 1928 2929 τοῦ

350 2962 568 3037 Πατρὸς
614 2964 802 3035 αὐτοῦ,
857 2966 952 3020 τοῦ
1004 2967 1098 3021 καὶ
1133 2967 1293 3020 αὐτὺν
1350 2967 1786 3035 ἀποστείλαντος,
1836 2970 1930 3022 καὶ

350 3059 499 3129 ἡμᾶς
526 3058 593 3111 δι’
623 3057 789 3113 αὐτοῦ
830 3058 1294 3130 ἐλευθερώσαντος
1325 3061 1391 3112 ἐκ
1417 3059 1518 3130 τῆς
1560 3059 1798 3125 δουλείας
1828 3061 1929 3133 τῆς

2041 572 2245 641 gratias
2276 573 2510 642 agimus.
2547 572 2651 639 Qui
2698 580 2751 628 et
2787 586 2979 626 vocem
3024 572 3370 626 articulatam
3421 570 3618 627 dedisti

2043 666 2110 720 ad
2157 666 2594 730 confessionem;
2646 673 2700 720 et
2745 665 2987 736 linguam
3039 674 3254 734 aptam,
3300 662 3491 733 plectri
3541 663 3620 718 si-

2044 761 2260 823 milem,
2309 769 2569 830 tanquam
2615 774 2880 829 organum
2931 756 3250 827 subjecisti;
3300 762 3354 810 et
3398 762 3620 826 gustum

2042 854 2410 917 commodum,
2444 862 2496 907 et
2528 859 2736 905 tactum
2781 850 3215 912 convenientem,
3254 855 3308 904 et
3336 848 3513 903 visum
3551 847 3618 901 ad

2042 946 2426 1015 spectandum,
2463 952 2519 999 et
2564 943 2812 998 auditum
2862 943 2929 996 ad
2962 940 3364 1012 percipiendam
3405 954 3616 1005 vocem,

2040 1044 2094 1089 et
2136 1036 2420 1091 odoratum
2472 1036 2537 1090 ad
2582 1034 2777 1089 odores
2826 1032 3181 1099 hauriendos,
3227 1039 3282 1087 et
3311 1046 3506 1085 manus
3550 1031 3619 1085 ad

2040 1144 2198 1199 opus,
2230 1137 2284 1183 et
2311 1128 2478 1199 pedes
2509 1124 2577 1182 ad
2609 1128 3054 1182 ambulationem.
3084 1125 3263 1195 Atque
3289 1123 3403 1177 haec
3436 1123 3620 1176 omnia

2039 1236 2105 1275 ex
2140 1236 2305 1291 parva
2337 1228 2491 1290 gutta
2536 1220 2742 1274 formas
2778 1219 2833 1273 in
2869 1226 3048 1284 utero,
3082 1234 3145 1272 ac
3174 1226 3297 1288 post
3340 1216 3620 1286 ﬁguratio-

2039 1328 2162 1367 nem
2198 1313 2437 1366 animam
2466 1313 2830 1367 immortalem
2858 1312 3066 1377 donas,
3100 1319 3154 1366 et
3192 1311 3250 1365 in
3286 1311 3463 1364 lucem
3492 1324 3622 1379 pro—

2040 1402 2219 1460 ducis.
2268 1404 2489 1458 Animal
2534 1405 2822 1469 rationale,
2862 1405 3159 1467 hominem,
3193 1403 3407 1474 legibus
3435 1403 3621 1458 erudi-

2038 1496 2188 1559 visti,
2212 1495 2706 1565 justiticationibus
2758 1496 3092 1551 illustraSti:
3135 1495 3402 1551 inducens
3441 1496 3616 1551 disso-

2038 1586 2304 1642 lutionem
2338 1587 2407 1642 ad
2435 1588 2601 1643 breve
2637 1596 2876 1658 tempus,
2922 1588 3383 1643 resurrectionem
3414 1588 3619 1658 promi.

2036 1679 2177 1734 sisti.
2239 1676 2371 1745 Qua;
2448 1679 2612 1750 igitur
2672 1681 2783 1733 vita
2847 1679 3123 1736 suﬂiciens
3191 1687 3246 1735 et
3295 1682 3617 1735 saeculorum

2040 1778 2243 1841 quanta
2276 1771 2647 1841 longinquitas
2677 1772 2991 1828 hominibus
3017 1772 3153 1827 satis
3183 1771 3289 1827 erit
3318 1771 3386 1826 ad
3416 1771 3621 1842 gratia-

2038 1878 2160 1917 rum
2183 1864 2453 1918 actionem
2476 1864 2499 1917 ?
2539 1863 2648 1919 Sed
2685 1864 2741 1918 id
2764 1865 2984 1935 quidem
3007 1880 3108 1935 pro
3138 1863 3404 1934 dignitate
3434 1879 3616 1934 agere,

2038 1956 2385 2027 impossibile
2414 1964 2498 2012 est
2524 1975 2537 2025 ;
2587 1971 2689 2028 pro
2713 1957 2926 2012 viribus
2967 1965 3150 2012 autem
3180 1965 3462 2026 prazstare,
3491 1972 3618 2011 san-

2036 2057 2183 2103 ctum
2225 2064 2289 2103 ac
2325 2050 2497 2119 pium.
2530 2048 2578 2079 “
2618 2050 2753 2105 Nam
2794 2050 3047 2106 exemisti
3086 2065 3189 2105 nos
3231 2066 3295 2104 ex
3345 2049 3621 2118 impietate

2036 2155 2225 2195 eorum
2262 2141 2355 2211 qui
2396 2141 2586 2211 plures
2612 2141 2746 2205 deos
2784 2143 2996 2207 colunt,
3036 2151 3092 2197 et
3121 2142 3369 2211 eripuisti
3405 2156 3434 2195 a
3471 2151 3619 2196 secta

2038 2230 2256 2286 illorum
2294 2231 2390 2302 qui
2414 2231 2698 2289 Christum
2726 2234 3070 2300 occiderunt,
3100 2234 3342 2289 liberasti
3372 2233 3439 2287 ab
3466 2233 3621 2304 igno-

2036 2325 2227 2379 rantim
2255 2338 2445 2380 errore
2480 2344 2494 2380 :
2536 2324 2818 2381 Christum
2850 2326 2918 2381 ad
2949 2325 3223 2391 homines,
3252 2316 3411 2396 quasi
3444 2325 3621 2379 homi-

2014 2432 2160 2470 nem
2194 2416 2416 2481 misisti,
2448 2418 2539 2485 qui
2579 2417 2744 2471 etiam
2778 2427 2863 2473 est
2888 2416 3031 2473 Deus
3058 2417 3377 2487 unigenitus
3411 2414 3619 2471 :Para-

2034 2509 2235 2564 cletum
2284 2511 2341 2563 in
2383 2510 2545 2565 nobis
2602 2509 2783 2565 fecisti
2836 2509 3126 2577 habitare;
3187 2508 3411 2578 angelos
3459 2507 3620 2563 nobis

2033 2600 2359 2671 praefecisti;
2388 2602 2667 2656 diabolum
2694 2601 2966 2657 dedecore
2994 2603 3303 2672 aspersisti;
3337 2615 3460 2666 nos,
3491 2615 3616 2654 cum

2033 2710 2141 2747 non
2170 2707 2444 2758 essemus,
2495 2694 2695 2759 fecisti,
2732 2694 2907 2749 factos
2947 2710 3278 2761 conservas;
3312 2695 3481 2749 vitam
3521 2694 3618 2748 ad-

2033 2784 2283 2849 metiris,
2350 2786 2668 2856 suppeditas
2728 2787 3170 2854 nutrimentum;
3236 2786 3613 2857 paenitentiam

2031 2877 2311 2947 pollicitus
2333 2893 2414 2935 es.
2448 2878 2556 2933 Pro
2580 2880 2839 2935 omnibus
2881 2880 2982 2935 tibi
3009 2881 3183 2952 gloria
3225 2888 3279 2935 et
3308 2878 3613 2942 veneratio,

2034 2988 2127 3040 per
2146 2971 2331 3027 Jesum
2354 2970 2656 3037 Christum,
2686 2990 2855 3039 nunc,
2886 2984 2941 3029 et
2968 2989 3203 3044 semper,
3227 2981 3282 3029 et
3310 2973 3367 3027 in
3393 2972 3591 3031 saecula

2031 3063 2223 3120 Amen.
2285 3064 2411 3120 Haec.
2457 3064 2834 3131 meditamini,
2879 3065 3099 3132 fratres,
3145 3073 3201 3120 et
3252 3065 3322 3121 sit
3345 3064 3610 3120 Dominus

352 3151 555 3223 φθορᾶς
614 3153 693 3216 εἰς
745 3152 844 3225 τὴν
902 3151 1213 3225 ἐλευθερίαν
1263 3152 1364 3223 τῆς
1410 3151 1586 3222 δόξης,
1640 3154 1734 3206 κα).
1783 3152 1927 3224 ζωὴν

2035 3160 2319 3214 vobiscum
2358 3160 2413 3213 in
2448 3165 2616 3225 terra,
2660 3166 2715 3213 et
2749 3158 2805 3211 in
2836 3173 3007 3229 regno
3037 3153 3217 3212 Patris
3264 3156 3407 3227 ejus,
3440 3155 3533 3226 qui
3562 3166 3617 3210 et

349 3243 815 3318 ἐπαγγειλαμένου
861 3249 972 3309 τοῖς
1008 3247 1074 3299 δι’
1104 3246 1267 3300 αὑτοῦ
1316 3247 1669 3301 πιστεύσασιν
1714 3249 1794 3311 είς
1835 3247 1926 3300 τὸν

2035 3252 2182 3305 illum
2221 3251 2392 3315 misit,
2420 3258 2474 3306 et
2514 3266 2617 3305 nos
2654 3265 2751 3320 per
2780 3266 2906 3304 eum
2950 3250 3202 3305 liberavit
3252 3266 3319 3304 ex
3349 3250 3614 3305 servitute

349 3336 459 3391 τῶν
489 3338 623 3391 ὅλων
647 3338 798 3391 Θεόν.
826 3339 1014 3402 Ὅπως
1045 3338 1141 3409 μὲν
1163 3335 1255 3392 οὖν
1284 3338 1555 3408 ὀφείλουσι
1577 3336 1675 3410 ζῇν
1707 3341 1756 3391 οἱ
1787 3339 1925 3391 κατὰ

2035 3344 2400 3415 corruptionis
2450 3343 2507 3397 in
2557 3343 2864 3398 libertatem
2912 3342 3101 3412 gloria:
3130 3343 3195 3407 ⁸⁷,
3249 3357 3315 3396 ac
3362 3342 3613 3412 promisit

348 3428 580 3501 Χριστὸν
597 3429 957 3502 μεμυημένοι,
977 3431 1067 3483 καὶ
1083 3430 1201 3493 οἵας
1216 3430 1565 3501 εὐχαριστίας
1584 3430 1925 3503 ἀναπέμπειν

2035 3437 2193 3490 vitam
2237 3436 2307 3491 iis
2347 3436 2441 3506 qui
2491 3452 2588 3506 per
2616 3436 2871 3491 eumdem
2919 3435 2977 3489 in
3022 3434 3191 3489 Deum
3233 3434 3613 3489 universitatis

345 3520 424 3591 τῷ
455 3520 573 3591 Θεῷ
603 3521 691 3575 διὰ
719 3522 979 3593 Χριστοῦ,
1011 3520 1224 3593 εἴρηται
1254 3521 1343 3574 διὰ
1378 3521 1487 3574 τῶν
1526 3522 1919 3592 προλαϐόντων·

343 3612 549 3665 δίκαιον
589 3614 665 3679 δὲ,
703 3614 838 3684 μηδὲ
870 3615 996 3677 τοὺς
1027 3615 1303 3685 ἀμυήτους
1340 3612 1656 3666 καταλιπεῖν
1684 3613 1923 3685 ἀϐοηθή-

342 3722 487 3769 τους.

2026 3527 2403 3583 crediderunt.
2460 3528 2933 3594 Quemadmodum
2972 3528 3141 3599 igitur
3168 3528 3351 3583 vivere
3378 3526 3611 3582 debeant

2030 3621 2123 3689 qui
2156 3621 2211 3675 in
2236 3620 2442 3676 Christi
2473 3621 2736 3693 religione
2767 3628 2896 3676 sunt
2924 3620 3146 3685 initiati,
3172 3628 3226 3676 et
3249 3635 3386 3691 quas
3415 3618 3612 3691 gratia-

2027 3728 2152 3767 rum
2198 3714 2445 3769 actiones
2468 3713 2581 3769 Deo
2609 3730 2706 3786 per
2727 3713 3008 3769 Christum
3044 3712 3326 3769 destinare
3347 3753 3361 3777 ,
3399 3712 3608 3767 dictum

342 3810 429 3855 cst
470 3802 522 3854 in
565 3801 942 3871 superioribus
977 3817 1239 3872 :aequum
1270 3816 1401 3856 vero
1444 3808 1549 3864 est,
1605 3806 1665 3853 ut
1711 3807 1768 3855 et
1803 3816 1919 3868 eos,
1965 3807 2058 3875 qui
2095 3806 2297 3861 initiati
2336 3824 2445 3863 non
2507 3816 2657 3872 sunt,
2704 3807 2915 3862 auxilio
2954 3796 3248 3863 deStitutos
3289 3822 3399 3861 non
3444 3805 3611 3859 relin-

342 3909 599 3963 quantus.

850 4010 1243 4064 ΚΕΦΑΛΑΙΟΝ
1280 4011 1381 4063 ΛΘ*
1391 4051 1402 4061 .

345 4121 545 4186 ’Ὅπως
584 4119 700 4189 χρὴ
741 4118 881 4188 τοὺς
928 4124 1410 4193 κατηχουμένους
1457 4126 1919 4193 στοιχειοῦσθαι.

427 4214 485 4267 'U
522 4214 729 4285 μέλλων
776 4217 955 4269 τοίνυν
994 4218 1350 4288 κατηχεῖσθαι
1382 4218 1472 4271 τὸν
1506 4217 1660 4286 λόγον
1695 4217 1794 4287 τῆς
1832 4218 1924 4269 εὑ-

2560 4007 2790 4062 CAPUT
2833 4008 3076 4066 XXXIX.

2204 4121 2477 4188 Quomodo
2505 4132 2743 4191 oporteat
2772 4123 3167 4177 catechumenos
3195 4125 3426 4179 institui.

2099 4212 2203 4279 Qui
2232 4230 2362 4284 ergo
2399 4214 2472 4287 ad
2492 4215 2799 4269 doctrinam
2828 4216 3053 4286 pietatis
3101 4215 3463 4271 instruendus
3495 4228 3603 4279 ea,

342 4307 579 4374 σεὸείας,
620 4309 957 4363 παιδευέσθω
997 4310 1101 4381 πρὸ
1134 4310 1227 4363 τοῦ
1263 4308 1637 4380 βαπτίσματος
1668 4308 1766 4380 τὴν
1797 4309 1926 4379 περὶ

2035 4305 2311 4360 erudiatur
2342 4314 2469 4361 ante
2487 4305 2823 4377 baptismum
2883 4309 2937 4362 in
2972 4308 3204 4364 scientia
3239 4308 3306 4363 de
3334 4308 3604 4377 lngenito,

339 4400 432 4453 τοῦ
495 4401 790 4473 ἀγεννήτου
839 4401 1059 4470 γνῶσιν,
1106 4403 1205 4473 τὴν
1256 4402 1384 4475 περὶ
1422 4400 1552 4455 Υίοῦ
1604 4401 1923 4473 μονογενοῦς

2035 4400 2085 4454 ἱη
2128 4400 2439 4471 cognitione
2480 4400 2548 4455 d'e
2581 4398 2720 4455 Filio
2778 4400 3088 4471 unigenito,
3138 4400 3193 4453 in
3246 4398 3607 4470 persuasione

340 4494 655 4563 ἐπίγνωσιν,
684 4496 783 4567 τὴν
814 4495 942 4567 περὶ
968 4496 1062 4549 τοῦ
1104 4494 1261 4563 ἁγίου
1298 4494 1614 4565 Πνεύματος
1647 4493 1921 4566 πληροφο-

2035 4503 2177 4549 certa
2205 4493 2273 4549 de
2298 4492 2506 4564 Spiritu
2549 4499 2758 4549 sancto.
2814 4492 2997 4549 Discat
3040 4493 3336 4549 creationis
3369 4492 3605 4548 diversae

341 4588 480 4659 ρίαν.
520 4588 856 4642 Μανθανέτω
897 4587 1255 4659 δημιουργίας
1281 4589 1541 4659 διαφόρου
1583 4584 1756 4652 τάξιν,
1789 4602 1922 4656 προ-

2035 4586 2307 4652 ordinem,
2353 4586 2712 4658 providentiae
2763 4586 2995 4651 seriem,
3039 4586 3206 4640 varia:
3242 4584 3606 4657 legislationis

340 4681 486 4745 νοίας
516 4682 702 4753 εἱρμὸν
725 4725 740 4748 ,
775 4681 1095 4753 νομοθεσίας
1129 4682 1385 4753 διαφόρου
1417 4682 1757 4752 δικαστήρια.
1790 4680 1923 4732 Παι-

2035 4680 2343 4735 tribunalia.
2394 4679 2691 4734 Erudiatur
2718 4694 2890 4750 quare
2940 4678 3178 4734 mundus
3218 4678 3289 4733 sit
3320 4677 3520 4741 factus,
3551 4687 3606 4731 et

338 4772 573 4828 δευέσθω
612 4775 753 4829 διατί
793 4776 996 4847 κόσμος
1033 4774 1253 4843 γέγονε,
1291 4774 1384 4828 καὶ
1428 4773 1494 4827 δι’
1530 4772 1559 4826 ὂ
1590 4772 1921 4844 κοσμοπολί-

2035 4790 2130 4827 cur
2173 4773 2363 4829 mundi
2406 4773 2546 4829 civis
2588 4773 2753 4827 homo
2780 4756 3137 4828 constitutus
3189 4772 3283 4827 sit.
3329 4770 3605 4841 Agnoscat

338 4881 437 4936 της
465 4865 574 4937 (15)
606 4869 634 4920 ό
661 4868 942 4940 ἄνθρωπος
996 4867 1251 4939 κατέστη.
1322 4867 1762 4936 Ἐπιγινωσκέτω
1820 4866 1921 4937 τὴν

2035 4872 2287 4921 naturam
2331 4881 2520 4931 suam,
2561 4880 2811 4937 quaenam
2863 4866 2956 4921 sit.
3007 4863 3280 4920 Doceatur
3327 4861 3605 4934 quomodo

413 5021 458 5057 ⁸⁸
493 5021 531 5074 l.
566 5020 732 5092 lgnat.
766 5025 1017 5094 interpol.
1057 5023 1124 5079 ad
1165 5022 1334 5078 Trall.
1367 5023 1425 5087 6,
1462 5022 1528 5077 ad
1563 5022 1775 5078 Philad.
1802 5024 1855 5076 6.
1934 5024 1976 5052 "
2000 5021 2157 5077 Rom.
2184 5038 2306 5091 vm,
2335 5022 2425 5079 21.

1656 5176 2017 5233 VARIORUM
2054 5178 2283 5235 NOTAE.

434 5353 489 5423 8)
528 5354 703 5423 Πρός.
738 5353 872 5408 Cod.
907 5353 1068 5413 Vind.
1108 5361 1207 5421 εἰς.
1239 5359 1409 5415 Cum.

434 5424 936 5502 9l_Atq11étt8tc._
967 5428 1107 5502 Cod.
1136 5429 1298 5502 V_i_nd.
1324 5430 1642 5502 διαπλάσας.
1688 5433 1771 5491 lo.

2099 5428 2212 5502 (15)
2256 5431 2746 5502 Ιιζοσμοπολίτης.Δ
2767 5430 2880 5486 Hoc
2920 5440 3040 5499 est,
3072 5435 3225 5502 juxta
3275 5433 3594 5487 Ciceronem

439 5494 524 5560 10)
577 5496 691 5560 Ὡς.
736 5494 894 5549 Deest
925 5498 977 5551 in
1008 5498 1135 5554 cod.
1162 5498 1323 5554 Vind.
1358 5500 1433 5557 In,
1606 5494 1615 5495 ί
2026 5510 2060 5549 v
2111 5494 2568 5559 Tusculanarum.
2617 5494 2781 5557 et'S.
2846 5494 3190 5559 Ambrosium
3245 5502 3595 5556 Enarralibnc

438 5563 523 5645 11)
562 5567 667 5645 ᾼι-ᾲ-
698 5566 898 5645 Ἰῃσοῦ
923 5570 1198 5645 Χριστοῖρ
1238 5572 1373 5627 Cod.
1409 5573 1573 5628 Vind.
1611 5575 1748 5645 μετά
1779 5576 1914 5645 Χρια

2035 5563 2092 5645 ad
2127 5564 2413 5645 Sabinum,
2438 5571 2611 5645 totius
2647 5574 2832 5645 mundi
2854 5574 3129 5645 ⁸ξῖιιςοίιι-εε
3174 5576 3334 5645 cipis;
3368 5571 3594 5645 κόσμιος

292 5662 297 5666 ~
339 5635 471 5715 στοῦ
498 5635 592 5715 καὶ
620 5635 1129 5715 Πνεύματος-ἀγίου.
1155 5639 1449 5713 Doxologia
1464 5635 1787 5711 orthodoxa,
1817 5635 1916 5715 pro

2035 5640 2227 5715 Socrati
2267 5642 2409 5709 apud
2438 5639 2816 5715 Plutarchum,
2854 5639 2993 5694 libro
3004 5638 3101 5715 _De
3126 5639 3338 5715 θαξεῇίὶος
3368 5635 3597 5715 munda-

341 5703 619 5781 Arianica.
645 5703 795 5781 utet
820 5705 972 5781 alibi.
1004 5703 1088 5761 lo.
1363 5703 1392 5713 ν
1606 5724 1609 5727 '
1770 5703 1786 5759 Ῐ
1818 5703 1833 5715 ³
1956 5749 1961 5754 ι
2013 5730 2132 5774 nus,
2155 5703 2451 5781 interprete
2470 5708 2658 5781 fullio
2687 5710 2777 5766 ubi
2796 5703 3376 5781 Supra.-Tertullianus
3398 5710 3595 5779 Apolo-

412 5776 669 5902 (lﬂz‘ﬂai
702 5777 812 5829 ἀεί.
855 5774 1212 5860 omittuntur,
1260 5789 1313 5836 et
1340 5784 1558 5864 quidem
1598 5787 1813 5852 merito,
1852 5789 1906 5841 in
1958 5828 1963 5835 .
1998 5784 2164 5853 .getici
2190 5774 2316 5851 cap.
2342 5782 2440 5837 38:
2465 5779 2638 5835 Unam
2664 5774 2899 5863 omnium
2926 5780 3320 5854 Rempublicam
3350 5774 3587 5853 agitasti-

412 5846 463 5901 d.
540 5847 935 5902 mdobonensu;
969 5857 1250 5902 sequentia
1280 5868 1422 5902 enim
1452 5858 1613 5902 verba
1646 5859 1696 5902 id
1729 5860 1905 5902 insum
2016 5872 2132 5902 mus
2166 5854 2437 5902 mundum.
2471 5850 2606 5902 C01.

340 5846 463 5901 eod.
492 5846 935 5916 Vindobonensi;
969 5852 1250 5918 sequentia
1280 5846 1422 5909 enim
1452 5858 1615 5912 verba
1646 5859 1696 5913 id
1728 5846 1905 5927 ipsum
2012 5846 2132 5909 inus
2166 5846 2437 5908 mundum.
2471 5850 2606 5909 Cor.
2828 5858 2832 5863 ’

2017 5362 2353 5423 exprimunt.
2388 5362 2463 5417 In.
