4044 6254
280 384 407 441 ιιιιιι
481 356 490 364 ’

804 501 1201 555 ΚΕΦΑΛΑΙΟΝ
1238 501 1327 555 Μ’.

278 592 569 672 Διάζαξις,
592 591 761 672 ,ὅπως
786 591 903 672 χρῂ
930 591 1071 672 toi};
1098 593 1582 672 κατῃχουιέέιίους
1607 593 1718 672 (2θ)
1743 594 1859 672 ouo

348 662 466 716 τῶν
488 662 691 730 ἱερέων
726 662 796 714 ἐν
818 661 894 730 τῇ
915 661 1141 730 μυήσει
1166 661 1564 732 εὐλογεῖσθαι,
1599 661 1707 717 καῖ
1728 666 1864 718 τίνα

349 732 739 786 διδάσκεσθαι
771 733 1014 798 αὐτούς.

349 826 460 879 Καὶ
500 825 629 879 ὅταν
741 824 879 896 πρὸς
927 824 1059 878 αὐτὸ
1105 825 1288 879 λοιπὸν
1333 825 1397 879 τὸ
1441 825 1802 896 βαπτισθῆναι
1833 828 1862 879 ὁ

278 917 623 989 κατηχηθεὶς,
668 917 985 987 μανθανέτω
1030 917 1099 971 τὰ
1140 920 1269 990 περὶ
1305 918 1406 989 τῆς
1443 919 1728 989 ἀποταγῆς
1765 918 1859 972 τοῦ

273 1008 539 1076 διαϐόλου,
584 1011 678 1063 καὶ
723 1009 793 1062 τὰ
834 1011 962 1082 περὶ
999 1011 1098 1081 τῆς
1150 1012 1423 1082 συπαγῆς
1458 1011 1552 1065 τοῦ
1598 1012 1855 1082 Χριστοῦ.

272 1104 366 1159 Δεῖ
388 1100 498 1173 γὰρ
525 1100 689 1155 αὐτὸν
719 1100 935 1173 πρῶτον
970 1102 1067 1173 μὲν
1093 1101 1426 1173 ἀποσχέσθαι
1448 1102 1556 1155 τῶν
1578 1103 1855 1156 ἐναντίωψ

273 1196 369 1248 καὶ
403 1194 523 1247 τότε
568 1192 722 1256 ἐντὸς
755 1193 1008 1263 γενέσθαι
1049 1193 1159 1246 τῶν
1202 1194 1540 1266 μυστηρίων,
1577 1194 1859 1266 προκαθά-

272 1303 444 1359 ραντα
487 1284 681 1339 ἑαυτοῦ
726 1285 827 1357 τὴν
866 1286 1096 1357 καρδίαν
1141 1287 1327 1358 πάσης
1370 1287 1697 1358 κακοηθείας
1726 1287 1857 1359 (21),

271 1377 466 1431 σπίλου
498 1395 558 1431 τε
597 1378 691 1431 καὶ
729 1378 962 1449 ρυτίδοςο
991 1379 1086 1431 καὶ
1121 1378 1242 1432 τότε
1279 1378 1388 1431 τῶν
1428 1378 1599 1448 ἁγίων
1636 1380 1861 1451 μεταλα-

268 1472 407 1540 χείν·
439 1469 517 1533 ὼς
547 1469 656 1541 γὰρ
686 1468 929 1540 γεωργὸς
959 1470 1184 1541 ἀριστος
1231 1470 1554 1543 ἐκκαθαίρει
1579 1471 1677 1541 τὴν
1700 1471 1860 1542 ἀρου-

271 1578 376 1634 ραν
404 1562 666 1635 πρότερον
695 1562 803 1615 τῶν
831 1561 1223 1633 ὑπερφυουσῶν
1251 1566 1295 1598 ⁷⁸
1331 1564 1389 1616 ὲν
1422 1564 1557 1635 αὐτῇ
1588 1561 1855 1626 ἀκανθῶν,

269 1656 368 1707 καὶ
398 1654 521 1707 τότε
560 1655 773 1726 σπείρει
803 1655 895 1707 τὸν
925 1652 1114 1726 πυρόν·
1151 1653 1294 1707 οὕτω
1320 1654 1399 1707 δεῖ
1426 1655 1520 1707 καὶ
1550 1655 1693 1725 ὑμᾶς
1722 1653 1855 1725 πρό-

1152 368 1751 440 (ΞΟΝΞΤΙἸἚἯΟΝΕΞ
1786 385 2260 442 Αροδτοιιειιι.
2289 417 2352 426 -
2373 384 2505 443 1.13.
2543 380 2651 440 vn.
3404 395 3452 448 ιι
3485 398 3541 448 :2

2556 501 2786 557 CAPUT
2829 502 2937 556 XL.

1964 596 2306 659 Constitutio,
2336 593 2594 664 quomodo
2621 604 2857 663 oporteat
2882 595 3275 651 catechumenos
3306 614 3338 650 a
3368 615 3542 652 sacer-

2033 666 2244 748 dotibus
2284 667 2340 718 in
2366 666 2666 746 initiatione
2702 665 2956 731 benedici,
2984 675 3033 719 et
3057 681 3300 737 quaenam
3330 684 3417 722 eos
3446 670 3543 723 do-

2031 745 2136 791 ceri
2170 745 2469 789 conveniat.

2031 827 2277 897 Cumque
2301 826 2527 896 jamjam
2558 830 2662 882 erit
2688 826 3051 898 baptizandus
3085 828 3539 895 catechumenus.

1960 919 2136 973 discat
2165 934 2287 989 quae
2316 918 2385 973 ad
2416 918 2842 973 renuntiandum
2882 919 3123 984 diabolo,
3155 929 3211 976 et
3234 907 3353 990 qua:
3382 921 3447 975 ad
3480 936 3559 991 se,

1960 1011 2345 1087 ascribendum
2365 1010 2589 1066 Christo
2612 1012 2907 1081 pertinent.
2936 1011 3164 1082 Oportet
3190 1013 3334 1067 enim
3379 1013 3534 1068 illum

1959 1104 2135 1173 primo
2182 1103 2402 1173 quidem
2458 1102 2734 1158 abstinere
2785 1117 2815 1156 a
2861 1104 3194 1170 contrariis;
3234 1111 3288 1159 et
3337 1104 3537 1161 deinde

1960 1194 2169 1267 ingredi
2199 1196 2266 1251 ad
2302 1196 2584 1267 mysteria.
2616 1209 2740 1249 cum
2774 1195 2927 1265 prius
2957 1210 3053 1250 cor
3083 1211 3243 1251 suum
3270 1211 3537 1267 purgave-

1959 1288 2031 1341 rit
2070 1289 2140 1343 ab
2166 1287 2315 1342 omni
2362 1287 2745 1358 perversitate,
2798 1287 3013 1340 macula
3059 1295 3113 1340 et
3158 1303 3328 1358 ruga;
3376 1298 3538 1359 atque

1958 1386 2090 1433 tunc
2121 1380 2337 1434 demum
2373 1378 2441 1433 ad
2480 1386 2824 1433 sacramenta
2864 1377 3213 1447 percipienda
3253 1380 3531 1437 accedere.

1957 1468 2093 1524 Nam
2142 1477 2202 1524 ut
2251 1470 2494 1540 optimus
2545 1470 2787 1540 agricola
2836 1478 3096 1541 repurgat
3143 1472 3296 1540 prius
3345 1486 3534 1527 arvum

1957 1578 1988 1616 a
2011 1563 2559 1633 supercrescentibus
2596 1562 2653 1616 in
2682 1578 2748 1617 eo
2776 1561 2973 1633 spinis,
3000 1569 3243 1633 tuncque
3274 1565 3404 1619 serit
3436 1576 3486 1618 tr
3512 1597 3535 1607 -

1958 1655 2162 1720 ticum;
2198 1653 2271 1707 ita
2300 1663 2515 1724 oportet
2542 1654 2707 1710 etiam
2742 1671 2861 1720 vos,
2892 1655 3045 1724 prius
3067 1655 3216 1709 omni
3259 1656 3534 1726 impietate

266 1761 430 1816 τερον
485 1747 667 1800 πᾶσαν
729 1745 980 1799 ἀσέϐειαν
1037 1744 1315 1810 ἐξελόντας
1367 1746 1461 1798 ἀπ’
1486 1744 1687 1811 αὐτῶν,
1734 1757 1845 1798 τοτε

1960 1748 2029 1802 ab
2053 1748 2134 1803 eis
2168 1755 2438 1812 extracta,
2472 1754 2605 1802 tunc
2644 1747 2905 1818 pietatem
2950 1747 3305 1812 inseminare,
3344 1756 3398 1803 et
3438 1750 3535 1803 ba-

266 1837 372 1908 τὴν
419 1838 702 1892 εὐσέϐειαν
759 1840 946 1902 αὐτοῖς
1004 1838 1499 1907 ὲγκαταϐἁλλεσθαι
1523 1882 1538 1905 ,
1615 1838 1708 1892 καὶ
1764 1837 1845 1891 τοῐ

1960 1841 2163 1910 ptismo
2201 1841 2428 1896 donare.
2469 1838 2562 1895 Sic
2591 1840 2791 1895 etenim
2831 1839 3095 1895 Dominus
3141 1846 3331 1895 noster
3374 1841 3534 1897 nobis

269 1928 645 2001 βαπτίσματος
692 1930 920 1996 ἀξιῶσαι
954 1929 1083 2002 (22).
1133 1931 1245 1985 Καὶ
1293 1930 1402 2003 γὰρ
1448 1932 1540 1985 καὶ
1586 1932 1614 1983 ό
1644 1931 1845 2003 Κύριος

1950 1931 2227 2001 praacepit,
2242 1930 2465 1986 dicens:
2494 1950 2512 1983 ι
2540 1932 2767 1988 Βοοθιο»
2806 1933 2961 2003 prius
2999 1953 3017 1985 ι
3041 1948 3231 1989 omnes
3253 1940 3473 2004 gentes:
3505 1952 3529 1985 ι

268 2021 426 2091 ὑμῶν
464 2022 575 2093 (23)
606 2022 778 2087 οὕτως
806 2026 940 2096 ἡμῖν
974 2022 1280 2094 παρῄνεσεν
1303 2066 1317 2088 ,
1367 2023 1558 2077 εἰπών’
1601 2043 1620 2075 ι
1658 2023 1845 2095 Μαθη-

1948 2032 2073 2093 post
2113 2023 2258 2093 quod
2308 2023 2593 2093 subjunxit
2638 2025 2809 2080 illud:
2844 2045 2862 2076 ι
2897 2026 2962 2082 Et
3006 2027 3279 2097 baptizate
3327 2039 3423 2079 eos
3476 2025 3531 2077 in

263 2112 494 2166 τεύσατε
544 2114 806 2187 πρότερον
850 2115 961 2187 (24)
1003 2114 1180 2168 πάντα
1227 2114 1296 2167 τὰ
1342 2113 1487 2187 ἕθνη’
1524 2134 1542 2167 ι
1600 2115 1695 2167 καὶ
1722 2116 1844 2169 τότε

1949 2115 2170 2170 nomine
2192 2113 2391 2180 Patris,
2430 2123 2483 2169 et
2509 2114 2653 2179 Filii,
2687 2124 2740 2171 et
2767 2117 3006 2187 Spiritus
3035 2120 3210 2175 sancti
3240 2120 3308 2174 ⁷³.
3340 2137 3357 2169 ι
3392 2117 3529 2172 Cum

263 2205 538 2277 ἐπήγαγε,
573 2207 652 2273 τὸ,
712 2210 853 2261 «Καὶ
885 2208 1184 2279 βαπτίσατε
1214 2208 1429 2273 αὐτοὺς,
1456 2210 1535 2271 είς
1564 2208 1625 2261 τὸ
1658 2208 1830 2278 ὄνομα

1947 2208 2076 2278 ergo
2109 2208 2391 2262 renuntiat
2422 2208 2518 2277 qui
2545 2208 2880 2278 baptizatur,
2914 2211 2988 2265 ita
3020 2212 3240 2267 recitet:

261 2298 360 2352 τοῦ
406 2300 636 2372 Πατρὸς,
684 2303 778 2356 καὶ
821 2302 915 2356 τοῦ
946 2302 1097 2369 Υἱοῦ,
1153 2303 1245 2355 κα)⁸
1297 2300 1392 2355 τοῦ
1425 2302 1582 2370 ἁγίου
1634 2301 1965 2372 Πνεῦματος.
2010 2322 2026 2351 ι
2094 2300 2506 2369 Ἀπαγγελλὲτω
2551 2295 2644 2355 οὖν
2686 2300 2715 2353 ὁ
2755 2302 3145 2374 βαπτιζόμενος
3189 2304 3247 2355 ὲν
3288 2301 3365 2372 τῷ
3396 2303 3530 2353 ἀπο-

259 2392 581 2447 τάσσεσθαι’

769 2489 1162 2543 ΚΕΦΑΛΑΙΟΝ
1198 2490 1334 2543 MA'.

270 2578 562 2649 Ἀποταγὴ
584 2581 756 2651 ,πρὸς
785 2580 892 2651 τὸν
920 2581 1197 2651 ἐναντίον
1225 2580 1336 2651 (25)
1360 2619 1375 2643 ,
1428 2579 1526 2651 καὶ
1570 2578 1842 2649 συνταγὴ

583 2649 756 2717 ’πρὸς
784 2650 890 2704 τὸν
917 2650 1175 2719 Χριστὸν
1202 2649 1507 2705 τοῦΘεοῦ.

341 2741 747 2813 ’Δποτάσσομαι
776 2741 887 2814 (26)
916 2742 993 2814 τῷ
1016 2743 1249 2813 Σατανᾷ,
1281 2743 1374 2796 καὶ
1404 2744 1517 2805 τοῖς
1543 2740 1723 2814 ἔργοις
1748 2740 1845 2794 αὐ-

254 2830 376 2901 τοῦ,
410 2833 508 2887 καὶ¹
538 2837 656 2897 ταῖς
681 2836 923 2905 πομπαῖς
952 2834 1138 2901 αὑτοῦ,
1173 2835 1268 2888 καὶ
1299 2836 1418 2897 ταῖς
1444 2832 1718 2905 λατρείαις
1748 2832 1845 2887 αὑ-

252 2924 386 2988 τοῦ,
435 2923 531 2977 καὶ
562 2928 672 2988 τοῖς
707 2926 957 2994 ἀγγέλοις
988 2925 1183 2994 αὐτοῦ,
1222 2928 1315 2981 καὶ
1347 2931 1465 2991 ταῖς
1498 2928 1844 2999 ἐφευρέσεσιν

251 3015 455 3082 αὐτοῦ,
486 3016 578 3069 καὶ
610 3018 742 3069 πᾶσι
771 3020 882 3081 τοῖς
912 3019 1001 3071 ὑπ’
1036 3018 1217 3072 αὐτόν.
1247 3018 1403 3073 Μετὰ
1427 3020 1481 3072 δὲ
1518 3018 1614 3092 τὴν
1642 3020 1843 3074 ἀποτα-

2531 2479 2764 2538 CAPUT
2804 2480 2942 2538 XLI.

1953 2574 2290 2628 Renuntiatio
2313 2574 2369 2627 in
2398 2572 2781 2697 adversaritgn,
2806 2584 2855 2628 et
2878 2577 3129 2645 ascriptio
3159 2576 3227 2631 ad
3256 2566 3525 2635 Christum

2734 2661 2801 2697 ei.

2734 2661 2801 2698 et.

2021 2736 2360 2792 "Renuntio
2392 2735 2627 2804 Satanae,
2659 2743 2712 2793 et
2744 2737 3003 2808 operibus
3031 2739 3151 2809 ejus
3174 2781 3189 2805 ,
3230 2747 3284 2796 et
3310 2746 3527 2815 pompis

1949 2831 2089 2899 ejus,
2121 2841 2175 2884 et
2201 2829 2440 2885 cultibus
2472 2831 2614 2898 ejus,
2660 2836 2715 2884 et
2752 2830 2961 2899 angelis
2991 2830 3110 2900 ejus
3132 2871 3148 2895 ,
3194 2838 3248 2886 et
3286 2832 3528 2891 inventis

1949 2922 2090 2989 eius,
2124 2936 2187 2976 ac
2210 2921 2465 2976 omnibus
2495 2934 2616 2991 qua
2647 2920 2752 2976 sub
2791 2932 2856 2975 eo
2897 2929 3046 2976 sunt.
3090 2921 3219 2979 Post
3246 2926 3521 2980 renuntia-

1950 3015 2150 3070 tionem
2193 3028 2347 3079 vero,
2392 3013 2522 3068 dum
2566 3013 2793 3068 ascribit
2831 3028 2909 3079 se,
2947 3014 3098 3069 dicat
3133 3035 3145 3069 :
3180 3015 3246 3069 Et
3278 3018 3525 3073 ascribor

255 3109 385 3179 γὴν,
423 3108 852 3178 συντασσόμενος
878 3108 1100 3178 λεγέτω,
1128 3112 1207 3164 ὃτι
1242 3112 1335 3165 καὶ
1371 3111 1735 3183 συντάσσομαι
1768 3112 1845 3185 τῷ

1949 3107 2200 3172 Christo,
2235 3116 2283 3160 et
2315 3105 2502 3173 credo,
2548 3112 2603 3160 et
2630 3105 2876 3175 baptizor
2909 3106 2963 3160 in
3000 3122 3166 3160 unum
3195 3104 3523 3178 lngenitum,

256 3197 508 3272 Χριστῷ,
542 3199 637 3278 καὶ
667 3200 927 3265 πιστεύω,
961 3202 1056 3254 καὶ
1089 3201 1422 3275 βαπτίζομαι
1454 3206 1534 3269 εἰς
1560 3204 1655 3257 ἕνα
1688 3205 1848 3274 ἀγέν-

253 3307 445 3363 νητον,
485 3289 644 3361 μόνον
673 3289 922 3361 ἀληθινὸν
960 3292 1091 3346 Θεὸν
1124 3296 1568 3367 παντοκράτορα,
1610 3300 1700 3351 τὸν
1740 3316 1845 3353 πα-

251 3380 395 3455 τέρα
416 3381 511 3435 τοῦ
532 3383 787 3455 Χριστοῦ,
814 3384 1036 3457 κτίστην
1069 3386 1160 3438 καὶ
1188 3386 1514 3459 δημιουργὸν
1541 3388 1647 3441 τῶν
1676 3391 1848 3444 ἀπάν-

253 3478 391 3537 των,
426 3473 485 3538 ὲξ
512 3468 573 3527 οὗ
602 3475 670 3529 τὰ
696 3476 876 3531 πάντα
894 3494 907 3507 ⁸
940 3477 1033 3531 καὶ
1061 3479 1140 3541 είς
1162 3477 1253 3531 τὸν
1281 3479 1485 3550 Κύριον
1520 3481 1725 3552 Ἰησοῦν
1753 3481 1843 3535 τὸν

253 3566 526 3638 Χριστὸν,
556 3567 647 3619 τὸν
679 3570 940 3641 μονογενῆ
978 3569 1141 3623 αὐτοῦ
1172 3570 1320 3633 Υίὸν,
1366 3572 1455 3624 τὸν
1501 3573 1841 3643 πρωτότοκον

253 3658 449 3728 πάσης
478 3658 706 3723 κτίσεως
725 3699 739 3722 ,
768 3661 858 3714 τὸν
888 3662 994 3733 πρὸ
1021 3661 1232 3715 αἰώνων
1261 3663 1479 3735 εὐδοκία
1509 3663 1601 3717 τοῦ
1632 3665 1842 3737 Πατρδς

251 3749 592 3822 γεννηθέντα
603 3750 650 3781 ⁷⁸
663 3751 858 3822 (27),οὐ
876 3754 1176 3819 κτισθέντα,
1190 3754 1255 3809 δι’
1275 3746 1336 3808 οὗ
1349 3754 1417 3809 τά
1432 3756 1608 3810 πάντα
1627 3757 1842 3826 ἐγένετο

250 3845 324 3899 τὰ
349 3846 412 3898 ὲν
435 3843 683 3916 οὐρανοῖς
709 3846 803 3899 καὶ
832 3846 922 3898 ἐπὶ
952 3846 1073 3917 γῆς,
1106 3847 1278 3918 ὀρατά
1302 3864 1361 3900 τε
1390 3849 1483 3902 xal.
1505 3849 1729 3919 ἀόρατα,
1749 3848 1840 3902 τὸν

250 3939 343 3992 ἐπ’
400 3936 647 4007 ἐσχάτων
694 3936 915 4008 ἡμερῶν
957 3938 1282 3994 κατελθόντα
1324 3939 1385 4006 ἐξ
1425 3941 1697 4012 οὐρανῶν,
1746 3942 1840 3995 καὶ

251 4028 831 4101 σάρκαάναλαδόντα,
871 4030 966 4083 καὶ
1001 4031 1065 4084 ὲκ
1100 4032 1198 4103 τῆς
1228 4032 1387 4101 ἀγίας
1416 4032 1686 4105 παρθένου
1718 4034 1840 4087 Μα-

251 4122 383 4192 ρίας
434 4120 782 4191 γεννηθέντα,
840 4121 933 4175 καὶ
985 4122 1436 4195 πολιτευσάμενον
1486 4124 1647 4188 ὁσίως
1701 4122 1843 4176 κατά

324 4277 374 4309 τί
398 4277 493 4347 al.
514 4277 886 4347 ὑφερπουσῶν.

248 4352 377 4404 ιειο
389 4346 694 4404 cod.Vind.

1944 3201 2120 3255 solum
2154 3213 2340 3254 verum
2364 3195 2533 3251 Deum
2562 3199 3013 3268 omnipotentem,
3047 3195 3263 3254 Patrem
3295 3200 3527 3265 Christi,

1943 3300 2243 3346 creatorem
2294 3295 2458 3358 atque
2504 3286 2753 3358 opiﬁcem
2798 3287 3182 3344 universorum
3209 3332 3225 3356 ,
3294 3305 3361 3345 ex
3411 3308 3523 3361 quo

1942 3383 2159 3450 omnia;
2191 3393 2245 3437 et
2277 3380 2333 3436 in
2365 3380 2650 3435 Dominum
2679 3379 2866 3436 Jcsum
2897 3379 3178 3435 Christum
3199 3422 3213 3449 ,
3265 3383 3520 3454 unigeni-

1940 3484 2055 3530 tum
2088 3474 2236 3529 illius
2268 3472 2465 3528 Filium
2488 3514 2505 3539 ,
2546 3473 2969 3544 primogenitum
3006 3474 3185 3529 omnis
3216 3484 3523 3542 creaturae,

1944 3569 2035 3637 qui
2085 3574 2211 3621 ante
2263 3566 2461 3620 saecula
2513 3566 2853 3635 beneplacito
2913 3554 3092 3620 Patris
3158 3565 3387 3637 genitus
3436 3576 3525 3623 est-

1948 3659 2079 3731 [non
2108 3657 2374 3729 creatus],
2409 3670 2507 3727 per
2536 3671 2696 3727 quem
2729 3656 2909 3711 omnia
2959 3654 3100 3711 facta
3142 3663 3272 3712 sunt
3314 3672 3435 3729 qua:
3464 3660 3519 3713 in

1944 3753 2099 3807 coalis
2128 3758 2182 3808 et
2210 3751 2264 3805 in
2296 3760 2459 3814 terra,
2488 3748 2723 3804 visibilia
2755 3752 2808 3803 et
2839 3749 3169 3817 invisibilia;
3209 3751 3303 3821 qui
3335 3750 3390 3805 in
3420 3762 3518 3807 no-

1942 3844 2184 3900 vissimis
2217 3843 2409 3898 diebus
2438 3840 2721 3897 descendit
2747 3840 2815 3895 de
2850 3842 3028 3904 caelis,
3072 3849 3127 3897 et
3153 3856 3380 3897 carnem
3423 3856 3521 3896 as-

1946 3936 2195 4006 sumpsit,
2245 3944 2309 3989 ac
2352 3949 2416 3989 ex
2461 3939 2652 3988 sancta
2691 3929 2915 4001 Virgine
2973 3924 3139 3986 Maria
3195 3940 3357 3987 natus
3410 3945 3514 3993 est,

1945 4036 2242 4098 sancteque
2282 4041 2342 4082 se
2385 4024 2554 4097 gessit
2596 4024 2649 4077 in
2679 4022 2791 4075 vita
2822 4025 3121 4078 secundum
3154 4026 3301 4096 leges
3330 4025 3426 4081 Dei
3443 4030 3516 4081 'ac

1945 4118 2125 4174 Patris
2153 4118 2271 4181 sui,
2310 4123 2364 4172 et
2402 4114 2699 4171 cruciﬁxus
2742 4122 2827 4170 est
2858 4116 2960 4171 sub
2991 4113 3187 4172 Pontio
3217 4112 3412 4175 Pilato.
3462 4128 3515 4172 rt

988 4280 1035 4311 τ’
1056 4279 1245 4335 Matth.
1279 4296 1474 4348 xxvun,
1504 4281 1593 4338 19.
1682 4282 1729 4314 ⁷³
1753 4282 1788 4334 l.
1818 4279 1991 4350 lgnat.
2028 4276 2290 4347 interpol.
2322 4273 2389 4329 ad
2421 4273 2600 4344 Magn.
2630 4274 2718 4328 Η.
2794 4275 2842 4306 ’⁸
2873 4272 3034 4328 Deest
3064 4274 3123 4327 iu
3152 4274 3224 4328 al.
3257 4281 3318 4327 ut
3346 4272 3401 4326 in
3435 4274 3515 4326 al-

1574 4495 1934 4551 VARIOBUM
1968 4492 2195 4553 NOTE.

323 4639 444 4708 βο)
485 4641 762 4706 Κατηχου

250 4703 560 4783 μέλλοντας
592 4703 967 4783 βαπτίζεσθαι.
1003 4703 1081 4761 In.

327 4781 446 4851 (21)
487 4773 871 4851 Κᾳίιοηθείας.
913 4775 971 4851 in
1002 4775 1124 4831 cod.
1160 4773 1320 4830 Vind.
1354 4773 1530 4845 legere
1554 4779 1643 4829 est
1671 4790 1834 4827 κακο-

249 4846 437 4915 νοίας,
468 4849 661 4904 eodem
690 4863 874 4904 sensu.
912 4846 990 4901 ln.

327 4912 447 4992 (22)
506 4918 796 4992 ’aéuiicrac.
842 4915 1196 4992 Prgemittitur
1232 4913 1363 4969 huic
1392 4914 1599 4969 vocula:
1639 4912 1834 4977 αὐτούς

251 4992 309 5045 in
337 4985 473 5047 cod.
519 4988 672 5043 Vind.
712 4995 875 5042 recte.
912 4985 990 5042 In.

352 5061 449 5180 25)
506 5057 718 5127 ’Υμῶν.
766 5057 951 5180 Ἥῇὦν
977 5058 1029 5110 in
1062 5056 1180 5138 cod.
1207 5054 1376 5136 'Vind.
1406 5054 1480 5109 In.

352 5132 425 5180 24
492 5129 804 5180 Ποότεοον.
879 5142 948 5180 on
979 5128 1175 5180 lenitur
1206 5141 1259 5179 tn
1290 5126 1411 5180 cod.
1443 5125 1480 5179 V

351 5124 448 5197 24)
492 5124 804 5197 Πρότερον.
832 5124 948 5181 Non
979 5127 1184 5197 legitur
1206 5125 1411 5197 inucod.
1443 5125 1601 5181 Vind.
1634 5124 1709 5180 In.

351 5195 449 5269 25)
506 5195 826 5252 Ἐναντίων.
875 5195 1052 5255 Addit
1086 5196 1211 5251 cod.
1258 5195 1418 5251 Vind.
1465 5203 1697 5269 uterque
1741 5197 1836 5249 τοῦ

351 5269 694 5321 τηγουιιένου.
723 5266 798 5321 lo.

441 5286 506 5323 Ου
515 5284 694 5323 μενου.
724 5284 798 5322 ID.

351 5287 694 5393 Ἕουμενου.
724 5287 798 5322 ID.
1370 5337 1381 5349 .
1668 5336 1681 5348 .

351 5342 387 5394 2
429 5344 447 5412 )
510 5337 942 5412 AAﬂode'g'oyat
969 5378 982 5401 ,
1041 5346 1148 5412 etc.
1201 5337 1424 5412 ,ΙιιγετιιΔ
1465 5335 1716 5412 fortassis
1767 5337 1834 5391 ad

253 5406 685 5467 illustrationem
722 5406 958 5478 aliquam
1001 5409 1341 5464 celeberrimi
1384 5408 1542 5473 ritus,
1566 5413 1644 5478 rex
1676 5406 1837 5460 innu.

253 5482 433 5537 meris
452 5481 586 5535 locis
619 5479 727 5533 duo
756 5477 1067 5549 decerpere,
1084 5479 1318 5549 insignia
1347 5485 1401 5533 et
1428 5477 1634 5549 brevia,
1667 5492 1835 5531 unum

252 5551 438 5606 Graeci
467 5550 729 5612 doctoris,
756 5546 985 5604 alterum
1014 5546 1217 5604 Latini:
1241 5548 1382 5619 Ergo
1402 5547 1545 5619 apud
1571 5546 1836 5619 Joannem

253 5620 717 5689 Chrysos‘tomum
742 5619 928 5674 homil.
953 5618 1044 5689 21,
1073 5619 1141 5672 ad
1158 5618 1413 5689 populum
1438 5618 1835 5672 Antiochenum

257 5691 314 5745 in
351 5688 463 5773 line
496 5690 695 5745 dicitur
723 5708 753 5773 ρ
804 5688 1203 5773 ’ἑποτάσσομαί
1232 5688 1339 5753 σοι,
1374 5689 1741 5773 ὶξατανᾶηκαὶ
1770 5690 1837 5773 τῇ

254 5763 458 5834 πομπῇ
490 5777 606 5834 conj
652 5761 746 5834 καὶ
786 5763 853 5832 τῇ
894 5759 1117 5831 λατρεία
1164 5772 1303 5834 σουη
1332 5759 1425 5834 καὶ
1475 5759 1838 5834 συντὰνσσομαί

257 5819 367 5913 σοί,
403 5819 628 5913 Χρισξέ.
665 5819 1028 5913 Hieronymus
1071 5819 1199 5913 vero
1240 5819 1307 5910 ad
1353 5829 1511 5883 linem
1556 5819 1755 5913 capitis
1784 5844 1835 5882 Vl

258 5905 437 5958 Amos
480 5918 493 5953 :
538 5901 607 5956 In
643 5900 928 5974 mysteriis,
965 5900 1159 5970 inquit,
1204 5900 1433 5969 primum
1476 5900 1836 5955 renuntiamus

328 5061 349 5272 ἱ

251 5290 327 5327 κα

329 5342 347 5412 (

875 4653 1023 4706 ους.-
1043 4635 1206 4690 Addit
1237 4647 1465 4706 uterque
1508 4632 1630 4687 cod.
1662 4632 1828 4689 Vind.
1863 4617 1908 4672 Ῑ)
1934 4634 1985 4686 ei
2013 4634 2104 4706 qui
2144 4634 2198 4686 in
2229 4634 2492 4706 occidente
2541 4642 2648 4706 est,
2672 4704 2680 4706 ἓ
2705 4632 2956 4704 nobisque
2992 4635 3218 4687 moritur
3247 4651 3364 4688 cum
3394 4654 3511 4706 pec-

1936 4704 2093 4766 catis,
2136 4712 2186 4757 et
2231 4704 2306 4757 sic
2335 4706 2469 4757 versi
2500 4704 2569 4756 ad
2600 4704 2882 4768 orientem,
2914 4714 3125 4772 pactum
3154 4706 3348 4759 inimus
3393 4704 3511 4760 cum

1937 4772 2370 4842 Solejustitiw,el
2388 4776 2434 4829 ei
2450 4775 2737 4828 servituros
2761 4790 2853 4828 nos
2875 4791 2986 4828 esse
2999 4776 3513 4843 promittimus,cum

1937 4845 2135 4915 quibus
2165 4843 2477 4915 Hieronymi
2512 4845 2749 4915 conferri
2784 4845 2982 4899 debent
3010 4860 3131 4914 quae
3164 4846 3325 4900 habet
3360 4848 3513 4903 Isaac

1934 4913 2273 4982 Catholicus,
2302 4913 2571 4970 Invet-tiva
2603 4913 2623 4966 l
2654 4914 2706 4984 in
2737 4913 3042 4977 Armenios,
3071 4930 3189 4984 cap.
3217 4916 3269 4970 8.
3298 4916 3437 4973 Cor.

2009 4984 2133 5065 (27)Δ
2163 4987 2244 5047 Οὐ
2272 4985 2602 5065 κτισθέντα.
2640 4983 2914 5065 Videture
2943 4983 3189 5065 margine
3208 4986 3512 5065 irrepsisse

1937 5056 1992 5109 in
2020 5054 2256 5126 ‘teitum.
2289 5055 2477 5125 Legito
2508 5070 2629 5126 quas
2661 5056 2862 5110 notabo
2893 5054 2960 5108 ad
2993 5054 3260 5125 Recognit.
3296 5054 3386 5113 lib.
3424 5074 3509 5124 ιιι,

1937 5141 2057 5195 cap.
2089 5126 2142 5180 8.
2177 5124 2333 5190 Quod
2367 5124 2547 5180 autem
2573 5127 2812 5181 solerent
2840 5124 3151 5194 baptizandi
3184 5126 3415 5183 recitare
3445 5144 3510 5183 ac

1938 5196 2164 5250 reddere
2198 5195 2537 5265 Symbolum,
2573 5211 2660 5251 res
2693 5204 2778 5250 est
2808 5196 2965 5265 longe
2998 5196 3283 5251 notissima
3317 5212 3382 5251 ex
3416 5213 3513 5252 ca-

1938 5266 2195 5327 nonibus,
2251 5266 2536 5327 Patribus,
2593 5273 2647 5321 et
2695 5267 2897 5319 rituum
2945 5266 3118 5321 libris.
3156 5266 3325 5320 Paulo
3382 5277 3515 5323 ante

1938 5337 2141 5408 citatus
2169 5336 2317 5408 Isaac
2350 5354 2364 5389 :
2406 5337 2463 5388 Ὀ
2496 5336 2728 5408 Χριστὸς
2758 5336 2819 5389 τὸ
2839 5334 3117 5408 Σύμϐολον
3144 5338 3244 5408 τῆς
3276 5337 3515 5408 πίστεως

1938 5406 2045 5459 τῶν
2073 5413 2177 5477 τιηέ
2198 5406 2364 5477 ἁγίων
2399 5400 2648 5477 πατέρων
2677 5407 2776 5459 οὐκ
2812 5400 2937 5477 εἶπέ
2969 5406 3175 5477 μέλλων
3201 5400 3511 5477 Bumasti-7,;

1936 5494 2053 5529 ναι·
2084 5474 2206 5548 μηδ’
2226 5476 2377 5548 αὑτοὶ
2398 5474 2820 5548 όμολογήσωσιν.
2860 5474 3103 5530 Auctarii
3122 5474 3509 5548 Cpigbeiisiani

1940 5544 2159 5603 tom.’|l.
2191 5546 2297 5600 col.
2317 5544 2443 5600 διε
2469 5545 2542 5599 In.
2565 5544 2699 5599 -ἰίιι
2721 5548 3059 5601 accuratiore
3076 5546 3201 5601 cod.
3228 5544 3508 5601 Vindobo-

1939 5618 2096 5671 nensi
2140 5632 2241 5671 ιιιι
2283 5618 2483 5671 saeculo
2522 5617 2729 5686 scripto
2772 5617 3028 5686 leguntur
3058 5616 3173 5672 haec
3206 5619 3401 5683 verba;
3452 5616 3509 5673 in

1942 5688 2469 5758 altero_antiquiore,
2498 5688 2592 5742 sed
2623 5689 2805 5743 minus
2831 5694 3109 5751 accurato,
3146 5703 3256 5741 non
3286 5702 3509 5758 compa-

1942 5767 2079 5821 rent.
2111 5756 2378 5813 Videntur
2397 5758 2685 5813 orthodoxi
2708 5757 2937 5820 librarii,
2964 5766 3059 5811 aut
3086 5758 3263 5813 critici
3292 5756 3508 5812 Ariani-

1940 5843 2035 5881 ras
2063 5829 2348 5899 opiniones
2370 5829 2499 5883 hinc
2530 5829 2720 5884 tollere
2744 5829 3004 5899 voluisse.
3034 5827 3235 5885 additis
3262 5833 3356 5889 aut
3387 5843 3505 5883 mu-

1942 5901 2072 5955 tatis
2103 5900 2307 5968 verbis,
2344 5906 2506 5964 prout
2534 5900 2838 5958 videbatur.
2874 5898 3047 5956 Ctn.
