4044 6254
500 341 640 397 1045

1382 340 1439 394 S.
1473 338 1864 396 CLEMENTIS
1896 340 1913 393 l
1947 338 2113 397 ROM.
2144 338 2345 396 PONT.
2379 336 2608 397 ΟΡΕΠΑ
2642 338 2867 394 DUBIA.

3616 341 3745 392 ιιιιι

495 462 747 509 mortuus
785 460 871 506 est
913 467 1013 522 pro
1055 453 1248 519 nobis;
1293 463 1346 507 et
1392 462 1681 523 postquam
1722 471 1920 525 passus
1966 464 2069 518 est,

2178 458 2300 517 τοὺς
2332 455 2527 524 νόμους
2556 453 2649 505 τοῦ
2686 451 2823 505 Θεοῦ
2853 452 2947 505 καὶ
2983 450 3197 522 Πατρὸς
3228 445 3425 512 αὑτοῦ,
3469 451 3562 501 καὶ
3606 468 3746 503 σταυ-

493 546 654 600 tertia
684 544 775 599 die
804 546 1105 600 resurrexit
1138 558 1167 597 a
1198 548 1468 611 mortuis;
1512 548 1758 601 ascendit
1794 547 1861 603 ad
1886 548 2077 614 caelos,

494 647 548 692 et
580 637 731 692 sedet
758 638 826 691 ad
853 636 1134 692 dexteram
1164 635 1366 698 Patris,
1397 645 1450 691 et
1474 640 1672 692 iterum
1706 647 1970 693 venturus
1997 648 2080 693 est

495 729 551 783 in
584 730 1057 790 consummatione
1079 730 1265 784 saeculi
1295 745 1419 783 cum
1446 727 1640 800 gloria,
1663 732 1727 785 ad
1753 731 2081 799 judicandos

493 822 649 877 vivos
680 837 743 875 ac
773 828 1042 886 mortuos,
1071 823 1231 892 cujus
1256 824 1409 893 regni
1433 840 1544 877 non
1566 826 1670 878 erit
1697 824 1819 878 ﬁnis
1853 841 1866 875 :
1903 825 2080 895 bapti—

495 928 591 967 zor
617 914 779 968 etiam
812 914 865 967 in
900 914 1166 984 Spiritum
1197 924 1473 978 sanctum,
1510 916 1564 969 id
1595 924 1679 970 est
1708 914 2075 979 Paracletum,

494 1006 588 1076 qui
624 1006 862 1076 Spiritus
884 1015 1143 1076 operatus
1162 1014 1246 1060 est
1269 1006 1322 1059 in
1345 1006 1601 1060 omnibus
1622 1007 1690 1060 ab
1714 1007 1870 1060 initio
1893 1008 2076 1060 mundi

496 1100 704 1152 sanctis
724 1138 739 1160 ,
776 1106 964 1167 postea
995 1113 1127 1152 vero
1159 1098 1364 1153 missus
1395 1113 1615 1167 quoque
1643 1107 1728 1152 est
1756 1099 2017 1167 apostolis
2048 1115 2078 1151 a

495 1189 677 1254 Patre,
724 1190 1027 1245 secundum
1073 1191 1495 1259 promissionem
1552 1187 1853 1244 Salvatoris
1902 1191 2076 1244 nostri

498 1283 711 1337 Domini
742 1282 871 1337 .lesu
903 1282 1131 1345 Christi,
1166 1292 1219 1337 et
1252 1292 1374 1353 post
1406 1282 1689 1354 apostolos
1713 1283 1878 1337 etiam
1904 1285 2079 1337 omni-

496 1377 623 1440 bus,
669 1376 763 1445 qui
805 1378 861 1430 in
904 1384 1093 1429 sancta
1136 1376 1403 1429 catholica
1457 1375 1699 1430 Ecclesia
1746 1374 1977 1429 credunt
2022 1377 2076 1430 in

497 1466 683 1523 carnis
709 1469 1186 1532 resurrectionem,
1213 1468 1266 1521 in
1292 1468 1673 1523 remissionem
1703 1476 2074 1537 peccatorum,

497 1562 552 1615 in
587 1577 813 1631 regnum
844 1560 1133 1623 ccelorum,
1160 1567 1213 1613 et
1238 1560 1292 1613 in
1317 1560 1481 1613 vitam
1514 1560 1682 1612 futuri
1716 1560 1920 1614 saeculi.
1948 1559 2077 1614 Post

498 1655 638 1708 hanc
676 1663 855 1707 autem
892 1652 1313 1723 professionem,
1345 1651 1537 1707 ordine
1563 1652 1712 1706 venit
1735 1654 1799 1706 ad
1832 1653 1937 1706 olei
1975 1668 2079 1705 un-

497 1746 753 1800 ctionem.

2183 546 2424 617 ρωθέντα
2456 547 2545 597 ἐπὶ
2576 545 2801 597 Ποντίου
2833 543 3086 605 Πιλάτου,
3126 544 3218 598 καὶ
3253 541 3590 594 ἀποθανόντα
3625 544 3756 615 ὑπὲρ

2181 637 2358 707 ἡμῶν,
2390 639 2483 689 καὶ
2513 636 2820 689 ἀναστάντα
2861 638 2925 687 ὲκ
2961 634 3171 706 νεκρῶν
3203 633 3343 704 μετά
3380 634 3441 686 τὸ
3477 634 3666 687 παθεῖν
3694 638 3755 705 τῇ

2180 729 2339 801 τρίτῃ
2368 730 2569 799 ἡμέρα,
2601 729 2696 781 καὶ
2732 727 3022 779 ἀνελθόντα
3062 729 3143 789 εἰς
3178 728 3303 787 τοὺς
3338 725 3633 794 οὐρανοὺς,
3672 726 3758 778 καὶ

2180 821 2515 873 καθεσθέντα
2539 821 2597 872 ὲν
2617 819 2769 890 δεξιᾷ
2796 819 2889 871 τοῦ
2911 817 3144 889 Πατρὸς,
3168 817 3262 869 καὶ
3287 816 3449 869 πάλιν
3473 817 3757 887 ἐρχόμενον

2180 915 2272 966 ἐπὶ
2304 913 2582 984 συντελείᾳ
2608 913 2702 965 τοῦ
2735 912 2931 975 αἰῶνος
2973 911 3110 982 μετά
3150 909 3306 979 δόξης
3346 912 3525 978 κρῖναι
3557 909 3760 973 ζῶντας

2180 1009 2273 1060 καὶ
2316 1010 2567 1078 νεκροὺς,
2600 1000 2662 1058 οὗ
2699 1006 2797 1075 τῆς
2828 1005 3104 1075 βασιλείας
3131 1004 3232 1055 οὐκ
3270 1002 3421 1054 ἔσται
3449 1002 3602 1064 τέλος
3623 1018 3638 1031 ·
3668 1001 3761 1071 βα-

2181 1099 2443 1169 πτίζομαι
2475 1101 2568 1152 καὶ
2600 1102 2680 1161 είς
2706 1100 2767 1151 τὸ
2806 1097 3029 1168 Πνεῦμα
3070 1097 3130 1149 τὸ
3166 1096 3344 1163 ἅγιον,
3381 1094 3629 1146 τουτέστι
3674 1092 3763 1147 τὸν

2180 1192 2558 1263 Παράκλητον,
2596 1190 2660 1243 τὸ
2690 1190 2994 1261 ἐνεργῆσαν
3021 1190 3081 1240 ὲν
3108 1189 3274 1240 πᾶσιν
3309 1189 3423 1248 τοῖς
3454 1186 3547 1238 ἀπ’
3577 1185 3763 1248 αἰῶνος

2181 1287 2375 1354 ἀγίοις,
2390 1284 2516 1337 ὖστε
2524 1302 2616 1355 ρον
2631 1284 2687 1336 δὲ
2706 1283 3007 1335 ἀποσταλὲν
3030 1282 3247 1343 καὶτοῖς
3261 1278 3580 1340 ἀποστόλοις
3597 1278 3762 1347 (28)"

2180 1376 2331 1448 παρά
2358 1376 2452 1429 τοῦ
2484 1375 2696 1446 Πατρὸς
2724 1375 2869 1427 κατά
2895 1374 2997 1445 τὴν
3027 1371 3355 1440 ἐπαγγελίαν
3384 1370 3477 1422 τοῦ
3514 1370 3763 1439 Σωτῆρος

2179 1469 2333 1540 ήμῶν
2372 1470 2575 1540 Κυρίου
2633 1466 2807 1538 Ἰησοῦ
2846 1465 3118 1537 Χριστοῦ,
3159 1466 3253 1518 καὶ
3292 1464 3429 1535 μετά
3464 1465 3589 1526 τοὺς
3630 1464 3760 1515 ἀπο-

2181 1562 2397 1623 στόλους
2418 1561 2473 1613 δὲ
2496 1562 2626 1613 πᾶσι
2654 1562 2767 1621 τοῖς
2792 1558 3155 1622 πιστεύουσιν,
3180 1558 3237 1608 ὲν
3256 1559 3321 1626 τῇ
3350 1555 3479 1625 ἁγίᾳ
3504 1553 3760 1622 καθολικῇ

2194 1654 2489 1725 Ἐκκλησία
2518 1654 2651 1723 (29),
2692 1655 2771 1715 είς
2816 1652 3018 1723 σαρκὸς
3056 1650 3350 1703 ἀνάστασιν
3382 1648 3517 1718 (50),
3559 1646 3656 1700 καὶ
3689 1646 3763 1706 εἰς

2181 1747 2372 1816 ἄφεσιν
2404 1746 2706 1817 ἁμαρτιῶν,
2739 1746 2832 1798 καὶ
2865 1747 2945 1807 εἰς
2977 1743 3248 1814 βασιλείαν
3272 1741 3537 1813 οὐρανῶν,
3566 1741 3663 1793 καὶ
3690 1739 3763 1798 είς

498 1838 640 1909 ζωὴν
667 1841 760 1893 τοῦ
786 1841 1064 1910 μέλλοντος
1090 1839 1301 1901 αἰῶνος.
1331 1840 1442 1893 Καὶ
1486 1840 1622 1910 μετά
1652 1839 1751 1909 τὴν
1805 1840 2138 1908 ἐπαγγελίαν
2178 1841 2400 1912 ταύτην,
2452 1843 2573 1895 κατ’
2622 1839 2945 1893 ἀκολουθίαν
2995 1839 3211 1910 ἔρχεται
3256 1838 3351 1891 καὶ
3396 1840 3477 1900 είς
3523 1836 3625 1907 τὴν
3672 1830 3764 1887 τοῦ

497 1932 674 1987 ἐλαίου
703 1933 901 2005 χρίειν.

1060 2022 1289 2077 CAPUT
1332 2021 1490 2075 XLII.

677 2118 752 2171 De
780 2118 1024 2171 unctione
1048 2117 1258 2186 mystici
1284 2118 1383 2169 olei
1413 2117 1551 2169 actio
1579 2116 1897 2184 gratiarum.

570 2209 917 2266 Benedicitur
944 2218 1125 2263 autem
1153 2211 1253 2261 hoc
1283 2224 1312 2261 a
1340 2207 1593 2277 pontiﬁce
1616 2209 1670 2261 in
1696 2206 2073 2262 remissionem

502 2297 870 2375 peccatorum,
919 2308 975 2357 et
1016 2301 1466 2371 praeparationem
1498 2301 1772 2370 baptismi.
1804 2299 1895 2355 Sic
1928 2300 2071 2355 enim

500 2399 720 2453 invocat
768 2397 1071 2467 ingenitum
1121 2395 1324 2459 Deum,
1366 2393 1581 2450 Patrem
1624 2395 1849 2459 Christi,
1895 2410 2074 2465 regem

499 2490 679 2544 omnis
732 2497 941 2543 natura:
989 2489 1045 2542 in
1104 2503 1324 2543 sensum
1386 2503 1452 2543 ac
1509 2488 1919 2559 intelligentiam
1987 2504 2079 2542 ca-

498 2582 719 2647 dentis;
764 2589 823 2635 ut
870 2581 1173 2635 sanctilicet
1208 2580 1387 2635 oleum
1419 2581 1640 2635 nomine
1684 2580 1894 2635 Domini
1925 2579 2075 2643 Jesu,

497 2685 554 2727 et
594 2674 686 2728 det
732 2673 963 2743 gratiam
1010 2673 1374 2743 spiritualem,
1422 2683 1475 2728 et
1516 2674 1623 2733 vim
1670 2674 1967 2737 ellieacem.
2016 2688 2076 2725 ac

500 2766 878 2822 remissionem
906 2766 1253 2829 delictorum,
1281 2774 1444 2836 atque
1468 2766 1919 2841 przeparatiouem
1948 2780 2079 2818 con-

500 2858 759 2915 fessionis
790 2859 1081 2929 baptismi;
1118 2867 1178 2912 ut
1209 2857 1256 2914 is
1284 2859 1376 2928 qui
1404 2860 1648 2929 ungitur,
1690 2860 1901 2914 solutus
1930 2857 2079 2910 omni

499 2950 809 3019 impietate,
856 2950 947 3004 ﬁat
975 2951 1172 3021 dignus
1205 2950 1510 3005 initiatione
1543 2952 1842 3006 secundum
1880 2947 2075 3018 Unige-

499 3045 598 3099 nili
633 3055 982 3115 praeceptum.

1066 3136 1296 3191 CAPUT
1333 3136 1515 3192 XLlll.

787 3228 1097 3281 Gratiarum
1128 3231 1267 3281 actio
1292 3229 1355 3281 de
1386 3229 1607 3297 mystica
1637 3244 1795 3298 aqua.

572 3319 774 3376 Deinde
802 3321 951 3373 venit
992 3319 1059 3373 ad
1090 3335 1309 3390 aquam.
1341 3318 1613 3374 Sacerdos
1645 3328 1824 3374 autem
1858 3320 2078 3380 benedi-

501 3408 577 3464 cit
604 3425 668 3465 ac
698 3411 883 3464 laudat
927 3410 1218 3465 Dominum
1258 3410 1428 3465 Deum
1471 3412 1897 3482 omnipotentem
1921 3452 1935 3475 ,
1977 3411 2078 3465 Pa-

501 3510 640 3560 trem
665 3501 939 3573 Unigeniti
963 3502 1077 3570 Dei,
1099 3512 1153 3559 et
1174 3506 1381 3575 gratias
1401 3504 1538 3573 agit;
1562 3504 1689 3573 quia
1711 3506 1857 3563 misit
1882 3503 2076 3563 Filium

503 3610 683 3657 suum,
707 3594 799 3664 qui
826 3594 990 3651 homo
1018 3595 1170 3651 ﬁeret
1200 3603 1422 3665 propter
1449 3612 1569 3658 nos,
1598 3606 1657 3652 ut
1680 3614 1781 3653 nos
1807 3599 2075 3666 salt-aret;

499 3686 630 3756 quia
653 3686 917 3747 sustinuit
940 3696 999 3740 ut
1017 3688 1107 3743 ille
1127 3689 1180 3741 in
1199 3686 1581 3747 lncarnatione
1604 3689 1753 3745 ﬁeret
1776 3707 1871 3760 per
1892 3691 2074 3749 omnia

500 3778 781 3842 obediens,
801 3780 1122 3849 pratdicaret
1144 3797 1367 3851 regnum
1390 3783 1677 3846 caelorum,
1698 3786 2072 3839 remissionem

501 3878 871 3940 peccatorum,
926 3880 1265 3933 mortuorum
1318 3874 1797 3929 resurrectionem.
1839 3876 1921 3929 Ad
1962 3877 2075 3931 haec

500 3962 688 4016 adorat
722 3962 903 4032 ipsum
935 3965 1274 4035 unigenitum
1311 3964 1479 4022 Deum
1512 3975 1634 4037 post
1677 3984 1800 4023 eum
1822 4008 1838 4031 ,
1882 3978 1935 4022 et
1984 3984 2077 4037 per

500 4052 653 4106 illum
704 4055 911 4123 gratias
959 4055 1088 4113 huic
1134 4073 1324 4128 agens,
1373 4061 1519 4128 quod
1564 4061 1653 4114 ille
1700 4067 1928 4117 mortem
1979 4076 2077 4130 pro

499 4145 757 4201 omnibus
784 4163 879 4217 per
904 4163 1121 4204 crucem
1154 4152 1405 4217 subierit,
1437 4153 1595 4222 cujus
1624 4156 1815 4209 mortis
1848 4152 2073 4224 ﬁguram

499 4227 649 4291 dedit
678 4238 1007 4308 baptismum
1036 4244 1486 4313 regenerationis.
1518 4246 1725 4311 Laudat
1753 4247 1916 4303 etiam
1947 4250 2074 4317 quia

501 4330 555 4381 in
603 4332 821 4386 nomine
862 4331 1095 4400 Christi,
1134 4334 1278 4391 Deus
1322 4348 1644 4393 cunctorum
1695 4340 1980 4403 Dominus,
2020 4341 2073 4393 in

501 4423 705 4491 Spiritu
754 4433 947 4480 saneto
991 4443 1099 4481 non
1145 4429 1347 4499 abjecit
1384 4432 1681 4486 humanum
1728 4450 1935 4505 genus;
1976 4434 2072 4489 sed

498 4516 667 4572 variis
708 4519 1045 4588 temporibus
1082 4524 1289 4576 variam
1336 4525 1735 4595 providentiam
1784 4528 2068 4583 adhibuit:

640 4677 686 4709 υ
710 4678 779 4731 al.
807 4677 1102 4750 οι]ι1.ἡμῖν.
1181 4681 1226 4711 ’⁸
1253 4680 1289 4733 f.
1322 4682 1432 4733 τόν.

2692 2027 3085 2083 ΚΕΦΑΛΑΙΟΝ
3120 2027 3251 2080 MB'.

2112 2135 2153 2188 Β
2184 2124 2323 2191 Περὶ
2351 2124 2677 2192 χρίσματος
2707 2121 2811 2175 τοῦ
2836 2120 3133 2189 μυστικοῦ
3160 2119 3369 2172 ἐλαίου
3394 2117 3766 2187 εὐχαριστία.

2254 2216 2563 2289 Εὐλογείται
2590 2214 2643 2265 δὲ
2671 2212 2831 2265 τοῦτο
2865 2213 3011 2283 παρά
3030 2211 3123 2265 τοῦ
3147 2212 3451 2282 ἀρχιερέως
3473 2214 3553 2272 είς
3575 2210 3769 2279 ἄφεσιν

2182 2306 2485 2379 ἁμαρτιῶν,
2547 2307 2641 2361 καὶ
2703 2304 3152 2378 προκατασκευὴν
3206 2302 3301 2355 τοῦ
3367 2302 3761 2373 βαπτίσματος.

2196 2401 2559 2455 Ἐπικαλεῖται
2585 2399 2693 2471 γὰρ
2722 2399 2865 2452 οὕτω
2892 2398 3004 2469 (51)
3032 2398 3123 2450 τὸν
3162 2397 3457 2466 ἀγέννητον
3493 2396 3647 2458 Θεὸν,
3676 2395 3797 2447 τὸν’

2182 2495 2399 2567 Πατέρα
2438 2494 2534 2548 τοῦ
2574 2491 2841 2565 Χριστοῦ,
2884 2491 2975 2543 τὸν
3024 2489 3247 2560 βασιλέα
3283 2489 3465 2559 πάσης
3502 2487 3789 2565 αἰσθητῆς

2182 2590 2275 2642 καὶ
2301 2588 2497 2659 νοητῆς
2529 2587 2761 2656 φύσεως,
2793 2586 2879 2637 ἵνα
2916 2583 3119 2655 ἀγιάσῃ
3146 2581 3206 2633 τὸ
3235 2580 3408 2633 ἔλαιον
3437 2579 3513 2649 τῷ
3540 2580 3770 2649 ὀνόματι

2180 2678 2276 2733 τοῦ
2305 2680 2513 2751 Κυρίου
2546 2677 2739 2749 Ἰησοῦ,
2763 2677 2857 2730 καὶ⁵
2886 2674 3037 2749 δώσῃ
3058 2675 3215 2745 χάριν
3242 2672 3639 2743 πνευματικὴν,
3672 2673 3771 2733 καὶ

2181 2773 2406 2844 δύναμιν
2439 2771 2818 2842 ὲνεργητικὴν,
2863 2768 3055 2836 ἄφεσίν
3082 2784 3142 2819 τε
3172 2764 3474 2837 ἁμαρτιῶν,
3505 2764 3597 2816 καὶ
3627 2781 3770 2834 προ-

2182 2864 2535 2936 παρασκευὴν
2553 2860 2840 2933 ὁμολογίας
2863 2858 3255 2929 βαπτίσματος,
3274 2858 3415 2922 ὥστε
3434 2856 3524 2909 τὸν
3545 2856 3770 2926 χριόμε-

2181 2954 2633 3017 νον,ἀνπολυθέντα
2661 2953 2842 3024 πάσης
2879 2950 3153 3015 ἀσεϐείας,
3192 2950 3341 3014 ἀξιον
3383 2948 3634 3019 γενέσθαι
3669 2948 3769 3019 τῆς

2184 3048 2435 3117 μυήσεως
2463 3047 2581 3099 κατ’
2610 3044 2829 3115 ἐντολὴν
2857 3043 2951 3096 τοῦ
2981 3041 3339 3110 Μονογενοῦς.

2687 3136 3079 3190 ΚΕΦΑΛᾹΙΟΝ
3112 3135 3245 3188 Ml".

2344 3232 2484 3300 Περὶ
2516 3231 2621 3284 τοῦ
2644 3229 2942 3300 μυστικοῦ
2971 3229 3189 3295 ὕδατος
3215 3226 3591 3296 εὐχαριστία.

2250 3320 2381 3377 Εἶτα
2409 3325 2626 3396 ἔρχεται
2655 3326 2735 3387 είς
2770 3323 2832 3375 τὸ
2866 3321 3030 3393 ὕδωρ.
3064 3322 3292 3390 Εὐλογεῖ
3319 3322 3411 3374 καὶ
3436 3319 3649 3384 δοξάζει
3677 3319 3770 3372 τὸν

2181 3418 2456 3489 Δεσπότην
2502 3416 2636 3469 Θεὸν
2673 3415 2763 3469 τὸν
2799 3415 3235 3485 παντοκράτορα,
3274 3412 3365 3466 τὸν
3403 3411 3625 3480 Πατέρα
3671 3410 3765 3463 τοῦ

2179 3511 2515 3580 Μονογενοῦς
2558 3508 2694 3563 Θεοῦ
2739 3509 2873 3581 (59.),
2925 3506 3287 3580 εὐχαριστῶν,
3331 3507 3359 3559 ὁ
3411 3503 3625 3574 ἱερεύς·
3683 3504 3765 3555 ὅτι.

2181 3604 2496 3665 ἀπέστειλεν
2534 3602 2946 3675 ὲνανθρωπῆσαι
2984 3601 3075 3653 τὸν
3116 3600 3243 3663 Υἱὸν
3292 3596 3455 3650 αὐτοῦ
3495 3595 3559 3648 δι’
3594 3596 3761 3666 ἡμᾶς,

2132 3684 2147 3704 ⁴
2182 3699 2267 3752 ἵνα
2302 3700 2449 3770 ἡμᾶς
2486 3696 2636 3770 σώσῃ
2661 3714 2673 3725 ·
2724 3697 2804 3748 ὅτι
2848 3695 3112 3765 ἠνέσχετο,
3148 3693 3245 3769 τῆς
3299 3689 3765 3761 ὲνανθρωπήσειιλς

2181 3793 2417 3864 ὑπήκοον
2446 3791 2606 3850 αὐτὸν
2636 3788 2887 3859 γενέσθαι
2920 3790 2977 3840 ὲν
3021 3788 3184 3849 πᾶσι,
3224 3783 3457 3857 κηρύξαι
3488 3780 3763 3853 βασιλείαν

2177 3883 2443 3956 οὐρανῶν,
2471 3884 2661 3952 ἄφεσιν
2696 3880 3006 3952 ἁμαρτιῶν,
3038 3877 3246 3949 νεκρῶν
3279 3876 3593 3930 ἀνάστασιν.
3644 3873 3767 3937 Ἐπὶ

2176 3977 2387 4041 τούτοις
2415 3977 2707 4047 προσκυνεῖ
2737 3973 2895 4026 αὑτὸν
2923 3958 3012 4024 τὸν
3052 3970 3311 4041 μονογενῆ
3343 3966 3480 4031 Θεὸν.
3516 3968 3633 4037 μετ’
3664 3966 3761 4018 αὐ-

2177 4070 2289 4133 τὸν,
2320 4070 2413 4125 καὶ
2438 4068 2503 4121 δι’
2537 4066 2694 4120 αὐτὸν
2723 4064 3057 4136 εὐχαριστῶν
3094 4061 3260 4132 αὐτῷ,
3291 4060 3368 4131 τῷ
3403 4055 3760 4121 ἀναδέξασθαι

2178 4162 2338 4215 αὐτὸν
2365 4161 2474 4218 τῶν
2491 4160 2535 4193 ⁷⁸
2565 4159 2703 4229 ὑπὲρ
2732 4159 2947 4211 πάντων
2985 4156 3211 4209 θάνατον
3242 4152 3328 4206 διὰ
3360 4150 3454 4205 τοῦ
3499 4149 3759 4221 σταυροῦ,

2174 4248 2237 4311 οὗ
2268 4254 2436 4307 τύπον
2467 4253 2631 4308 ἔδωκε
2662 4252 2727 4304 τὸ
2757 4250 3035 4321 βάπτισμα
3062 4250 3161 4319 τῆς
3195 4245 3635 4314 παλιγγενεσίας.
3666 4246 3761 4295 Δο-

2178 4344 2326 4412 ξάζει
2355 4364 2414 4400 τε
2442 4347 2525 4399 ὅτι
2555 4348 2612 4398 ὲν
2647 4344 2725 4415 τῷ
2755 4345 2978 4414 ὀνόματι
3006 4341 3109 4397 τοῦ,
3138 4338 3397 4411 Χριστοῦ,
3431 4337 3561 4399 Θεὸς
3596 4338 3625 4388 ὁ
3653 4334 3763 4386 τῶν

2175 4440 2309 4492 ὅλων
2342 4438 2565 4509 Κύριος,
2588 4438 2643 4490 ὲν
2672 4437 2811 4506 ἀγίῳ
2840 4435 3116 4505 Πνεύματι
3145 4434 3244 4485 οὐκ
3267 4428 3539 4501 ἀπέρριψε
3564 4428 3625 4479 τὸ
3650 4425 3757 4478 τῶν

2176 4531 2475 4603 ἀνθρώπων
2513 4530 2687 4600 γένος,
2736 4528 2869 4581 ἀλλά
2898 4526 3172 4598 διαφόροις
3217 4524 3424 4603 καιροῖς
3470 4518 3757 4589 διαφόρους

1819 4837 2177 4892 ΥΧΒΙΟΒΠΜ
2215 4838 2443 4905 NOTAE.

571 5021 679 5089 {28)
725 5020 849 5087 Τοῖς
874 5021 1258 5085 ἀποστόλοις.
1297 5020 1455 5074 Deest
1482 5019 1535 5072 in
1579 5019 1754 5075 altero
1792 5016 1914 5078 cod.
1942 5017 2071 5073 vi“-

2178 5036 2228 5089 p.
2268 5019 2388 5080 1'25,
2422 5020 2511 5089 Α.)
2567 5016 2699 5083 Quae
2730 5017 2873 5072 enim
2913 5018 3222 5089 laudantur,
3257 5017 3390 5089 haec,
3427 5017 3512 5069 ἵνα
3538 5017 3628 5070 καὶ
3656 5017 3751 5089 τὴν

496 5064 699 5148 deberi.
728 5064 895 5145 Cuia.

568 5164 680 5233 (29)
716 5162 1020 5230 Καθολικῇ
1062 5161 1409 5233 Ἐκκλησία.
1444 5160 2073 5233 Satisconstataposto-

485 5229 673 5289 lorum
706 5247 821 5287 aevo
852 5234 1110 5287 usitatum
1136 5248 1244 5286 nor.
1277 5231 1445 5285 fuisse
1469 5233 1571 5284 hoc
1592 5229 1845 5300 loquendi
1876 5247 2068 5299 genus.

492 5305 647 5359 Alter
676 5302 847 5373 codex
884 5302 1045 5359 habet
1085 5319 1182 5373 pro
1214 5302 1473 5373 καθολικῇ
1520 5318 1674 5357 voces
1708 5302 1800 5354 καὶ
1838 5303 2075 5373 ἀποστοον

492 5375 641 5446 λικῇ.
680 5372 785 5429 Sed
823 5389 924 5428 nec
956 5371 1189 5446 apostoli
1227 5375 1329 5444 ipsi
1367 5371 1616 5429 solebant
1644 5373 1731 5429 sui
1760 5375 1859 5446 aevi
1892 5371 2073 5446 Eccle-

493 5443 631 5569 siam
661 5446 741 5501 sic
775 5443 1008 5501 vocare.‘
1042 5447 1116 5500 lta
1152 5446 1332 5500 locuta
1366 5453 1494 5501 sunt
1528 5443 1811 5514 sequentia
1847 5445 2065 5497 saecula.

518 5534 570 5569 Β.

518 5534 570 5572 ν.

567 5587 676 5657 (50)
701 5590 804 5654 Εὶς
819 5587 1044 5657 σαρκὸς
1062 5586 1417 5641 ἀνάστασιν.
1441 5584 1665 5640 Frustra
1686 5585 1882 5657 asserit
1903 5582 2074 5657 Fran-.

492 5656 677 5712 ciseus
710 5656 1013 5713 Turrianus
1048 5659 1354 5726 respexisse
1382 5658 1449 5710 ad
1483 5657 1595 5711 haec
1633 5658 1797 5711 verba
1823 5656 2064 5725 Sophro-

493 5730 643 5785 uium
665 5726 1215 5798 Hierosolymitanum
1234 5769 1247 5784 .
1280 5728 1331 5780 in
1356 5727 1585 5798 epistola
1609 5726 1697 5778 illa
1718 5742 1814 5779 sua
1836 5742 1955 5794 qua:
1981 5742 2064 5780 re-

494 5801 666 5854 iurtur
678 5799 892 5852 actione
908 5797 955 5850 ιιι
996 5806 1163 5851 sextae
1175 5798 1389 5866 synodi,
1406 5798 1495 5849 ubi
1512 5797 2060 5866 aliquenisapientum

492 5869 641 5927 citat
668 5866 957 5936 (Editionis
984 5864 1221 5925 Biuianai
1247 5884 1374 5923 ann.
1404 5867 1557 5932 1618,
1585 5875 1715 5921 tom.
1739 5864 1822 5931 lll,
1854 5874 1971 5937 part
2022 5882 2055 5927 ι,

2176 5086 2360 5160 εἰκόνα
2387 5086 2545 5160 σῴσῃ
2563 5130 2576 5151 ,
2614 5088 2708 5140 καὶ
2733 5090 2832 5159 τὴν
2864 5087 3040 5160 σάρκα
3064 5088 3417 5160 Δἁθαναζτ-ίσῃζ
3446 5094 3679 5160 exstant
3696 5086 3747 5160 in

2174 5159 2436 5228 Gregorio
2461 5156 2806 5218 Nazianzeno
2839 5156 2980 5212 orat.
3020 5158 3109 5222 38,
3140 5176 3193 5229 p.
3230 5156 3449 5221 620$;
3482 5165 3621 5212 orat.
3658 5156 3746 5222 4%,

2175 5247 2227 5284 υ.
2262 5230 2388 5284 682.
2413 5229 2472 5283 C.
2509 5229 2645 5284 Cor.

2218 5273 2227 5284 .
2262 5245 2388 5290 062,
2413 5245 2472 5283 υ.
2509 5245 2645 5284 υοτ.

2174 5247 2227 5300 p.
2262 5247 2388 5290 οδε,
2413 5247 2472 5283 ι..
2509 5247 2645 5284 eor.

2246 5300 2363 5370 (51)
2399 5301 2580 5353 Οὕτω.
2632 5300 2784 5355 Alter
2826 5300 2998 5355 codex
3031 5291 3203 5362 οὗτος.
3252 5296 3407 5364 Quod
3444 5298 3691 5370 sequitur
3720 5297 3749 5347 ὀ

2172 5372 2468 5443 ἀγέννητος
2499 5370 2631 5443 Θεὸς
2659 5379 2743 5425 est
2770 5370 2932 5443 etiam
2963 5371 3218 5439 loquendi
3246 5370 3487 5443 formula
3516 5369 3749 5421 Ariano-

2174 5438 2315 5503 rum,
2350 5438 2599 5510 Quamvis
2634 5441 2925 5510 czeteroqui
2959 5438 3205 5495 sit’vera.
3234 5438 3402 5510 Cum.

2246 5509 2565 5580 (ὂὶγθεοῦ.
2596 5510 2770 5565 Etiam
2794 5509 2897 5565 hoc
2929 5511 3220 5582 μονογενὴς
3250 5509 3380 5582 Θεὸς
3406 5510 3639 5563 alienum
3664 5514 3747 5582 est

2176 5598 2209 5635 a
2237 5584 2381 5652 ston
2415 5583 2751 5649 apostolico,
2794 5582 2886 5637 sed
2922 5580 3200 5652 proprium
3240 5580 3602 5638 Arianorum.
3652 5580 3744 5646 qui

2177 5651 2391 5723 Patrem
2412 5652 2703 5723 ἀγέννητον
2723 5651 3011 5714 vocabant,
3030 5662 3087 5707 ut
3107 5652 3350 5723 vidimus
3368 5651 3529 5723 paulo
3552 5655 3745 5723 antea;

2175 5721 2369 5777 Filium
2400 5718 2525 5776 vero
2564 5718 2815 5792 γεννητόν
2862 5730 2914 5777 et
2955 5723 3214 5793 μονογενῆ
3249 5718 3400 5774 Θεόν.
3430 5719 3584 5793 ρυρᾴ
3617 5732 3745 5793 cum

2170 5794 2464 5848 olfeiideret
2481 5786 2801 5863 scriptorem
2822 5786 3107 5848 lilii-arium
3124 5786 3346 5849 alterius
3369 5795 3489 5847 cod.
3508 5786 3740 5844 Vindah.

2170 5882 2267 5937 pro
2292 5864 2424 5928 Θεοῦ
2457 5864 2547 5929 ως
2574 5863 2791 5935 scripsit
2825 5863 2972 5921 Υίοῦ.
