4062 6258
370 375 392 428 1
404 375 467 428 Oxi
477 376 509 427 εἰ

1254 365 1851 422 CONSTITUTIONES
1890 360 2589 421 APOSTOLICAE.—-LIB.
2628 359 2736 416 Vll.

3486 360 3624 415 1646

368 488 623 561 προνλίας
654 488 947 556 ἐποιήσατο
969 501 981 512 °
1016 484 1135 535 τότε
1161 481 1270 552 (55)
1305 480 1472 551 Ἀδὰμ
1501 480 1648 551 αὐτῷ
1678 483 1734 533 ὲν
1765 495 1942 550 παρα-

2050 487 2176 531 tunc
2205 476 2309 547 ipsi
2334 475 2543 531 Adamo
2570 477 2625 530 in
2657 474 2943 545 paradiso;
2991 476 3224 545 primum
3272 475 3489 545 quidem
3536 492 3624 531 ra-

364 578 547 650 δείσῳ,
583 577 796 649 πρῶτον
831 576 926 646 μὲν
953 575 1164 645 τρυφῆς
1200 573 1342 643 λόγῳ
1374 574 1466 624 τὸν
1506 571 1833 642 παράδεισον
1866 572 1944 622 οὶ-

368 672 626 743 κητήριον
649 671 791 732 δοὺς,
818 668 1006 720 ἔπειτα
1033 666 1287 737 προνοίας
1309 665 1450 735 λόγῳ
1474 663 1692 735 ἐντολὴν
1720 663 1947 733 ποιησά-

373 780 529 835 μενος
550 780 562 792 ·
600 760 909 833 ἁμαρτόντα
937 759 1014 822 δὲ,
1047 758 1361 830 δικαιοσύνῃ
1398 755 1622 820 ὲξώσας,
1653 754 1947 827 ἀγαθότητι

367 857 423 909 δὲ
457 857 529 926 μὴ
559 853 871 925 ἀπορρίψας
910 853 989 914 είς
1028 850 1090 903 τὸ
1127 848 1405 912 παντελὲς,
1436 847 1571 901 ἀλλὰ
1598 848 1692 900 καὶ
1727 848 1852 910 τοὺς
1889 845 1948 910 ἐξ

370 945 533 1001 αὑτοῦ
565 946 706 999 κατὰ
732 944 979 1015 διαδοχὴν
1009 943 1278 1014 διαφόρως
1316 939 1636 1003 παιδεύσας·
1671 939 1737 992 δι’
1767 938 1824 991 ὂν
1857 939 1948 992 ἐπὶ

367 1037 428 1089 τὸ
453 1034 735 1107 τέρματοῦ
762 1034 955 1097 αἰῶνος
985 1032 1267 1087 ἀπέστειλε
1290 1034 1379 1085 τὸν
1408 1032 1536 1085 Υἱὺν
1559 1031 1721 1084 αὑτοῦ
1743 1030 1948 1101 ἄνθρω-

370 1146 469 1181 πον
515 1126 766 1194 γενέσθαι
803 1126 868 1178 δι’
900 1124 1238 1196 ἀνθρώπους,
1278 1126 1369 1178 καὶ
1406 1123 1581 1177 πάντα
1624 1123 1694 1175 τὰ
1741 1122 1949 1194 ἀνθρὼ-

372 1236 499 1272 πινα
561 1218 707 1289 πάθη
765 1216 1152 1281 ἀναδέξασθαι,
1208 1218 1379 1288 χωρὶς
1432 1217 1724 1287 ἁμαρτίας.
1778 1217 1948 1268 Αὑτὸν

367 1307 461 1363 οὖν
503 1312 595 1363 καὶ
638 1309 733 1361 νῦν
788 1309 1173 1379 παρακαλείτω
1225 1312 1253 1361 6
1306 1310 1483 1380 ἱερεὺς
1536 1309 1673 1379 πρὸς
1722 1308 1798 1378 τῷ
1851 1307 1947 1378 βα-

370 1403 662 1472 πτίσματι,
703 1402 795 1454 καὶ
824 1401 1056 1470 λεγέτω,
1090 1402 1413 1455 ὅτισΚάτιδε
1460 1401 1520 1465 ἐξ
1566 1400 1813 1471 ούρανοῦ,
1857 1400 1949 1453 καὶ

371 1494 594 1562 ἁγίασον
640 1493 701 1546 τὸ
741 1492 883 1564 ὕδωρ
931 1492 1089 1546 τοῦτο
1112 1510 1124 1522 ·
1167 1492 1255 1557 δὸς
1289 1493 1345 1546 δὲ
1382 1492 1491 1564 (54)
1532 1493 1689 1564 χάριν
1724 1492 1817 1545 καὶ
1856 1491 1948 1544 δύ-

368 1605 550 1657 ναμιν,
569 1585 708 1639 ὥστε
739 1584 830 1638 τὸν
860 1584 1268 1655 βαπτιζόμενον,
1301 1588 1418 1640 κατ’
1448 1585 1663 1656 ἐντολὴν
1691 1584 1784 1636 τοῦ
1813 1585 1856 1635 Χ
1866 1602 1949 1655 ρι-

372 1677 496 1730 στοῦ
546 1694 660 1743 σου,
703 1676 850 1747 αύτῷ
892 1677 1363 1747 συππλιυρωθῆναι,
1412 1679 1491 1740 εἰς
1537 1675 1945 1740 συναποθανεῖν,

370 1770 463 1822 καὶ
493 1770 848 1839 συνταφῆναι,
882 1770 974 1821 καὶ
1006 1771 1397 1841 συναναστῆναι
1419 1770 1500 1832 εἰς
1542 1770 1813 1825 υἱοθεσίαν
1848 1773 1947 1844 τὴν

2047 571 2194 625 tione
2223 569 2543 624 deliciarum
2569 568 2718 623 dedit
2760 566 2837 621 illi
2882 566 3198 635 paradisum
3243 567 3297 621 in
3328 567 3625 623 habitatio-

2048 677 2205 726 nem;
2236 658 2432 715 deinde
2459 658 2674 712 ratione
2703 655 3060 728 providentia
3094 656 3410 711 mandatum
3454 658 3627 713 tradi-

2048 753 2162 818 dit;
2209 758 2334 822 post
2366 759 2650 820 peccatum
2682 756 2862 804 autem
2884 788 2899 815 ,
2947 764 3046 819 per
3074 749 3335 818 iustitiam
3363 766 3489 805 eum
3530 767 3625 806 ex—

2052 845 2209 914 pulit,
2241 860 2338 913 per
2367 844 2663 897 bonitatem
2698 858 2829 897 vero
2868 857 2977 897 non
3024 857 3091 897 ex
3135 850 3246 896 toto
3276 842 3495 913 abjecit,
3528 844 3624 900 sed

2048 940 2102 989 et
2133 944 2382 1006 posteros
2411 935 2533 1003 ejus
2573 935 2817 990 vicissim
2849 934 3084 989 erudivit
3128 934 3362 990 diversis
3402 935 3624 993 modis:

2049 1039 2269 1099 propter
2296 1044 2455 1099 quem
2483 1028 2538 1081 in
2560 1035 2805 1083 extremo
2832 1029 3015 1083 saeculi
3045 1029 3195 1084 misit
3218 1028 3415 1083 Filium
3440 1046 3621 1096 suum,

2050 1129 2110 1176 ut
2135 1122 2299 1176 homo
2330 1121 2482 1176 ﬁeret
2516 1121 2797 1176 hominum
2827 1136 3014 1188 causa,
3057 1130 3109 1176 et
3138 1136 3329 1177 omnes
3359 1122 3624 1181 humanos

2050 1212 2298 1277 aii'ectus,
2326 1221 2550 1282 excepto
2578 1222 2824 1282 peccato,
2861 1214 3184 1283 susciperet.
3214 1213 3395 1284 Ipsum
3424 1231 3552 1285 ergo
3573 1225 3626 1270 et

2050 1320 2199 1359 nunc
2224 1304 2437 1359 invocet
2469 1305 2726 1360 sacerdos
2770 1305 2874 1360 sub
2917 1307 3251 1375 baptismum
3280 1346 3294 1371 ,
3341 1322 3404 1361 ac
3436 1308 3621 1364 dicat:

2051 1395 2283 1467 Respice
2303 1395 2369 1451 de
2394 1398 2556 1461 coelo,
2580 1406 2634 1452 et
2665 1397 2945 1453 sanctiﬁca
2972 1399 3112 1451 hanc
3136 1414 3332 1469 aquam
3356 1417 3368 1465 ;
3398 1399 3465 1453 da
3496 1417 3625 1456 vero

2048 1488 2280 1559 gratiam
2321 1497 2375 1543 et
2414 1490 2690 1553 virtutem,
2725 1501 2785 1543 ut
2814 1490 2907 1560 qui
2944 1492 3273 1561 baptizatur,
3324 1492 3624 1547 secundum

2051 1579 2368 1634 mandatum
2410 1579 2609 1636 Christi
2641 1583 2753 1647 tui,
2791 1599 2915 1636 cum
2947 1584 3136 1638 eodem
3167 1584 3538 1654 cruciﬁgatur,
3572 1593 3627 1640 et

2050 1674 2464 1739 commoriatur,
2500 1683 2554 1730 et
2582 1677 3005 1747 consepeliatur,
3049 1684 3103 1731 et
3133 1667 3547 1732 consuscitetur'
3569 1678 3624 1733 in

2053 1764 2397 1835 adOptionem
2440 1782 2560 1836 quae
2608 1768 2663 1822 in
2711 1784 2777 1825 eo
2823 1768 2901 1831 iit,
2951 1775 3010 1822 ut
3058 1768 3357 1838 perimatur
3403 1770 3623 1839 quidem

370 1861 426 1912 ὲν
443 1860 609 1931 αύτῷ,
640 1861 717 1931 τῷ
744 1860 1080 1932 νεκρωθῆναι
1104 1862 1199 1932 μὲν
1226 1864 1291 1932 τῇ
1321 1863 1581 1932 ἁμαρτίᾳ,
1611 1862 1772 1933 ζῆσαι
1795 1862 1849 1916 δὲ
1876 1866 1942 1935 τῇ

2054 1868 2299 1928 peccato,
2345 1860 2491 1913 vivat
2532 1868 2712 1916 autem
2756 1861 3003 1931 justitiae.
3048 1861 3113 1915 Et
3160 1869 3283 1932 post
3317 1862 3453 1926 hoc,
3496 1878 3623 1918 cum

368 1952 697 2026 δικαιοσύνῃ.
746 1955 856 2006 Καὶ
894 1954 1033 2024 μετὰ
1059 1953 1237 2018 τοῦτο,
1280 1953 1547 2024 βαπτίσας
1585 1956 1744 2009 αὐτὸν
1778 1955 1836 2008 ὲν
1873 1957 1948 2027 τῷ

2051 1952 2407 2024 baptizaverit
2434 1970 2557 2009 eum
2591 1953 2648 2008 in
2678 1954 2898 2009 nomine
2927 1952 3126 2018 Patris,
3156 1931 3209 2009 et
3239 1952 3386 2018 Filii,
3416 1962 3471 2011 et
3501 1953 3626 2026 Spi-

369 2043 588 2114 ὀνόματι
620 2045 713 2097 τοῦ
757 2046 990 2116 Πατρὸς,
1041 2046 1134 2099 καὶ
1180 2045 1274 2098 τοῦ
1318 2044 1472 2108 Υἱοῦ,
1523 2048 1613 2100 καὶ
1650 2047 1743 2101 τοῦ
1792 2050 1946 2115 ἁγίου

371 2134 703 2207 Πνεύματος,
737 2137 978 2209 χρισάτω
1009 2137 1184 2209 μύρῳ,
1217 2138 1505 2207 ἐπιλέγων·

878 2230 1271 2282 ΚΕΦΑΑΑΙΟΝ
1304 2231 1435 2283 ΜΔ¹.

550 2318 690 2388 Περὶ
720 2320 823 2373 τοῦ
850 2321 1149 2389 μυστικοῦ
1181 2324 1375 2391 μύρου
1404 2325 1768 2391 εὐχαριστία.

441 2410 613 2483 Κύριε
641 2414 669 2464 6
696 2411 846 2477 Θεὸς,
876 2416 904 2466 ὸ
933 2414 1225 2483 ἀγέννητος
1238 2416 1303 2479 ⁷⁷,
1335 2417 1427 2469 καὶ
1447 2416 1756 2480 ἀδέσποτος,
1786 2419 1813 2469 6
1843 2419 1950 2470 τῶν

368 2501 505 2555 ὅλων
542 2503 763 2575 Κύριος,
792 2506 821 2557 6
846 2506 945 2577 τὴν
973 2506 1148 2577 ὀσμὴν
1175 2506 1275 2576 τῆς
1303 2508 1554 2576 γνώσεως
1583 2508 1676 2562 τοῦ
1708 2510 1950 2578 Εὐάγγε-

368 2594 481 2647 λίου
510 2596 566 2647 ὲν
595 2598 727 2649 πᾶσι
772 2599 883 2660 τοῖς
914 2596 1120 2650 ἔθνεσιν
1150 2596 1377 2668 εὔοσμον
1423 2600 1849 2670 παρασχόμενος·
1885 2603 1947 2654 σὺ

368 2688 463 2741 καὶ
490 2685 585 2740 νῦν
611 2687 769 2742 τοῦτο
796 2688 855 2742 τὸ
886 2689 1054 2760 μύρον
1084 2689 1171 2753 δὸς
1198 2692 1417 2760 ὲνεργὲς
1448 2691 1701 2759 γενέσθαι
1741 2694 1833 2745 ἐπὶ
1871 2694 1950 2764 τῷ

373 2778 770 2851 βαπτιζομένῳ,
799 2780 938 2834 ὥστε
968 2780 1190 2851 βεϐαίαν
1221 2782 1315 2835 καὶ
1358 2783 1553 2851 πάγιον
1591 2786 1648 2837 ὲν
1676 2785 1825 2855 αὐτῷ
1851 2786 1950 2858 τὴν

370 2872 595 2924 εὐωδίαν
628 2876 808 2943 μεῖναι
834 2872 930 2926 τοῦ
960 2874 1195 2945 Χριστοῦ
1236 2892 1350 2938 σου,
1381 2877 1474 2928 καὶ
1520 2877 1950 2931 συναποθανόντα

370 2966 530 3018 αὑτὸν
560 2965 954 3035 συναναστῆναι
998 2966 1092 3018 καὶ
1125 2966 1355 3037 συζῆσαι
1396 2966 1546 3038 αύτῷ
1588 2968 1720 3039 (55).
1763 2968 1951 3023 Ταῦτα

370 3056 465 3109 καὶ
510 3056 579 3110 τὰ
623 3056 831 3119 τούτοις
875 3056 1141 3110 ἀκόλουθα
1185 3058 1409 3126 λεγέτω.
1452 3060 1710 3115 Ἐκάστου
1760 3060 1868 3133 γὰρ
1914 3065 1948 3133 ή

369 3146 593 3218 δύναμις
622 3148 721 3216 τῆς
749 3132 1084 3218 χειροθεσίας
1110 3150 1256 3203 ἐστὶν
1284 3150 1444 3222 αὕτη·
1489 3152 1582 3205 ἐὰν
1612 3153 1719 3226 γὰρ
1768 3132 1845 3226 μὴί
1873 3132 1952 3219 είς

370 3238 598 3291 ἕκαστον
630 3239 740 3309 (56)
788 3239 991 3294 τούτων
1038 3241 1326 3313 ἐπίκλησις
1372 3243 1595 3315 γένηται
1640 3245 1793 3317 παρά
1838 3246 1948 3317 (57)
1977 3280 2018 3332 (λ

370 3329 462 3382 τοῦ
494 3330 747 3394 εὐσεϐοῦς
779 3333 966 3403 ἱερέως
992 3330 1213 3403 τοιαύτη
1243 3350 1345 3396 τις,
1386 3337 1463 3397 εἰς
1492 3334 1635 3407 ὕδωρ
1676 3337 1832 3408 μόνον
1861 3356 1958 3391 και

370 3421 614 3475 ταϐαίνει
643 3425 671 3476 ό
700 3423 1108 3495 βαπτιζόμενος,
1140 3425 1215 3487 ὡς
1256 3426 1495 3479 Ἰουδαῖοι
1527 3428 1659 3497 (58),
1691 3430 1785 3481 καὶ
1814 3432 1951 3483 ἀπο-

370 3513 574 3567 τίθεται
608 3515 766 3585 μόνον
795 3516 886 3568 τὸν
918 3516 1085 3587 ῥύπον
1116 3515 1208 3569 τοῦ
1242 3516 1510 3587 σώματος,
1555 3521 1617 3572 ού
1658 3522 1748 3573 τὸν
1782 3522 1955 3593 ῥύπον

369 3605 469 3674 τῆς
496 3605 692 3676 ψυχῆς.
726 3607 881 3659 Μετὰ
906 3607 1083 3669 τοῦτο,
1117 3607 1286 3671 ἑστὼς
1314 3609 1695 3679 προσευχέσθω
1741 3614 1837 3683 τὴν
1866 3616 1953 3667 εύ-

370 3697 470 3766 χὴν
504 3697 569 3768 ἣν
599 3696 833 3761 ἐδίδαξεν
864 3700 1011 3769 ἡμᾶς
1047 3701 1075 3751 6
1121 3699 1324 3771 Κύριος
1364 3702 1496 3773 (59)·
1545 3703 1854 3770 ἀναγκαίως
1897 3706 1951 3758 δὲ

368 3787 459 3841 τὸν
488 3788 791 3840 ἀναστάντα
818 3789 894 3841 δεῖ
924 3791 1143 3844 ἑστάναι
1174 3793 1269 3845 καὶ
1309 3793 1727 3864 προσεύχεσθαι,
1758 3794 1845 3848 διὰ
1892 3797 1952 3849 τὸ

368 3878 461 3931 τὸν
519 3880 860 3951 ἐγειρόμενον
904 3883 1082 3955 ὄρθιον
1128 3883 1283 3939 εἶναι·
1334 3888 1428 3939 καὶ
1484 3889 1644 3951 αὐτὸς
1688 3883 1780 3941 οὖν
1832 3905 1954 3941 συν-

368 3971 656 4025 αποθανὼν
671 3974 748 4046 τῷ
769 3976 986 4047 Χριστῷ
999 3981 1090 4031 καὶ
1114 3979 1474 4051 συνεγερθεὶς,
1498 3981 1759 4050 στηκέτω.
1786 3981 1953 4051 Προσ-

368 4064 610 4136 ευχέσθω
629 4068 685 4120 δὲ
705 4070 845 4122 κατά
872 4071 1130 4134 ἀνατολάς
1146 4071 1274 4143 (40)
1299 4075 1392 4125 καὶ
1421 4072 1528 4144 γὰρ
1561 4073 1654 4126 καὶ
1682 4072 1837 4125 τοῦτο
1854 4073 1949 4141 γέ-

368 4171 611 4228 γραπται
633 4160 689 4212 ὲν
704 4165 769 4232 τῇ
786 4162 1012 4234 δευτέρᾳ
1039 4163 1145 4217 τῶν
1162 4163 1673 4235 Παραλειπομένων,
1698 4165 1778 4216 ὃτι
1813 4164 1949 4235 μετά

367 4248 430 4301 τὸ
452 4251 861 4323 συντελεσθῆναι
881 4254 972 4308 τὸν
993 4254 1116 4308 ναὸν
1140 4255 1231 4308 τοῦ
1252 4257 1454 4327 Κυρίου
1471 4256 1574 4309 ὑπὸ
1584 4255 1675 4309 τοῦ
1694 4255 1956 4326 βασιλέως

372 4343 729 4415 Σολομῶντος,
760 4348 818 4398 ὲν
846 4346 997 4417 αὐτῷ
1022 4346 1098 4416 τῷ
1127 4347 1464 4417 ὲγκαινισμῷ
1491 4349 1539 4400 οἱ
1573 4349 1754 4419 ἱερεῖς,
1784 4350 1877 4400 καὶ
1905 4349 1953 4399 οἱ

376 4435 605 4501 Λευῖται,
639 4439 732 4491 καὶ
760 4440 809 4491 οἱ
852 4439 1141 4509 ψαλτῳδοὶ,
1177 4438 1313 4509 μετὰ
1358 4440 1650 4510 κυμϐάλων
1680 4440 1774 4493 καὶ
1819 4439 1955 4509 ψαλ-

440 4576 484 4606 ⁷⁷
507 4576 876 4649 21.ἀγένητος.
952 4576 998 4608 ⁷⁸
1025 4575 1214 4630 Matth.
1244 4591 1316 4641 VI,
1335 4573 1385 4627 9.

2050 2046 2189 2100 ritus
2216 2046 2414 2111 sancti,
2446 2046 2580 2100 linat
2606 2054 2906 2117 unguento,
2940 2061 3006 2101 ac
3034 2047 3199 2101 dicat:

2590 2274 2591 2277 η
2612 2225 2839 2281 CAPUT
2878 2226 3059 2282 XLIV.

2263 2319 2337 2374 De
2375 2321 2596 2396 mystico
2627 2328 2889 2390 unguento
2921 2320 3059 2373 actio
3088 2323 3408 2390 gratiarum.

2125 2409 2349 2465 Domine
2372 2410 2534 2476 Deus,
2570 2412 2662 2481 qui
2692 2411 2967 2481 ingenitus
3002 2428 3083 2478 es,
3115 2420 3167 2466 et
3198 2413 3475 2468 dominum
3514 2431 3623 2470 non

2052 2502 2242 2567 habes,
2276 2503 2393 2574 ipse
2437 2504 2681 2558 omnium
2726 2502 3021 2571 Dominus;
3052 2506 3144 2575 qui
3178 2507 3399 2561 odorem
3431 2509 3623 2579 cogni-

2052 2595 2219 2650 tionis
2239 2593 2514 2665 Evangelii
2544 2596 2598 2648 in
2631 2595 2886 2651 omnibus
2927 2597 3180 2667 gentibus
3224 2613 3443 2653 suavem
3487 2616 3621 2668 prae-

2052 2686 2219 2743 buisti
2253 2706 2266 2742 :
2299 2694 2355 2741 tu
2381 2696 2435 2743 et
2458 2703 2604 2742 nunc
2629 2694 2825 2757 praesta
2857 2695 2915 2742 ut
2943 2688 3046 2744 hoc
3070 2698 3404 2761 unguentum
3436 2692 3623 2747 eliicax

2053 2777 2148 2831 ﬁat
2173 2778 2227 2831 in
2265 2778 2570 2849 baptizato;
2606 2795 2714 2849 quo
2760 2780 2916 2834 ﬁrma
2955 2790 3009 2836 et
3049 2783 3264 2838 stabilis
3311 2794 3528 2839 maneat
3571 2786 3625 2840 in

2053 2869 2172 2940 ipso
2204 2871 2500 2941 fragrantia
2536 2872 2737 2927 Christi
2780 2873 2879 2937 tui,
2929 2874 3017 2926 cui
3074 2874 3190 2943 ipse
3228 2883 3621 2942 commortuus,

2053 2964 2457 3018 consuscitetur
2486 2978 2551 3018 ac
2582 2963 2856 3018 convivat.
2895 2963 3019 3019 Hac
3059 2973 3113 3020 et
3139 2965 3225 3020 his
3261 2977 3623 3023 consentanea

2053 3054 2318 3126 proferat.
2358 3054 2496 3109 Nam
2537 3055 2653 3109 haac
2693 3064 2777 3111 est
2819 3063 3063 3126 potestas
3104 3058 3471 3128 impositionis
3508 3075 3626 3113 ma-

2054 3163 2224 3202 nuum
2255 3146 2551 3217 unicuique
2575 3146 2732 3203 factae
2758 3167 2771 3201 :
2802 3149 2908 3203 nisi
2937 3149 3080 3203 enim
3114 3150 3168 3203 in
3202 3153 3627 3222 unumquodque

2053 3254 2242 3294 eorum
2268 3240 2395 3294 talis
2425 3240 2691 3310 quaepiam
2724 3240 2997 3294 invocatio
3028 3256 3057 3295 a
3092 3242 3181 3312 pio
3210 3244 3493 3298 sacerdote
3523 3245 3627 3299 ad-

2054 3330 2341 3396 hibeatur,
2373 3332 2465 3402 qui
2493 3332 2820 3401 baptizatur,
2848 3333 2903 3386 in
2937 3349 3131 3403 aquam
3165 3343 3371 3390 tantum
3400 3336 3616 3393 descen-

2052 3421 2152 3486 dit,
2177 3433 2235 3478 ut
2260 3421 2454 3487 Judaei,
2480 3433 2534 3478 et
2558 3426 2804 3495 corporis
2832 3433 3042 3479 tantum
3074 3427 3287 3490 sordes,
3315 3444 3420 3481 non
3444 3436 3628 3485 autem

2053 3514 2250 3569 animae
2290 3515 2533 3584 deponit.
2565 3514 2695 3571 Post
2736 3517 2869 3582 hoc,
2904 3525 3058 3574 stans
3106 3518 3255 3573 dicat
3298 3519 3627 3585 orationem,

2052 3619 2215 3674 quam
2246 3605 2433 3661 docuit
2462 3622 2562 3662 nos
2595 3607 2858 3664 Dominus
2887 3609 2932 3640 ⁷⁸
2969 3629 2981 3664 :
3017 3610 3247 3675 scilicet,
3293 3612 3386 3681 qui
3435 3628 3615 3668 resur-

2052 3697 2214 3762 rexit,
2257 3698 2570 3753 necessario
2613 3699 2775 3754 debet
2827 3709 3087 3756 stareac
3139 3716 3318 3769 orare,
3365 3705 3625 3773 quoniam

2055 3789 2147 3858 qui
2192 3791 2459 3861 exsurgit,
2492 3798 2711 3847 erectus
2751 3799 2876 3848 est:
2915 3803 2968 3848 et
3004 3794 3123 3864 ipse
3166 3794 3353 3865 igitur,
3389 3797 3480 3865 qui
3517 3813 3625 3851 una

2053 3896 2177 3933 cum
2209 3881 2427 3940 Christo
2474 3890 2724 3939 mortuus
2751 3892 2836 3940 est
2878 3899 2942 3940 ac
2986 3889 3309 3952 resurrexit,
3340 3897 3463 3944 stet.
3493 3889 3626 3946 Pre-

2053 3982 2207 4030 cetur
2234 3991 2363 4030 vero
2390 3974 2457 4028 ad
2503 3976 2767 4031 orientem
2797 3997 2809 4031 :
2843 3978 3043 4033 etenim
3082 3980 3185 4034 hoe
3232 3996 3447 4051 quoque
3486 3983 3629 4038 scri-

2053 4074 2205 4135 ptum
2238 4075 2322 4122 est
2362 4067 2417 4120 in
2455 4068 2697 4123 secundo
2736 4068 3219 4140 Paralipomenon,
3260 4074 3427 4143 quod,
3474 4083 3623 4145 post-

2051 4174 2213 4228 quam
2244 4160 2503 4230 templum
2536 4158 2750 4215 Domini
2791 4176 2821 4214 a
2867 4178 2992 4232 rege
3034 4162 3323 4220 Salomone
3363 4182 3621 4222 consum—

2051 4260 2255 4305 matum
2308 4251 2430 4318 fuit,
2493 4252 2550 4307 in
2604 4253 2722 4323 ipsa
2774 4253 3118 4311 dedicatione
3168 4258 3522 4326 sacerdotes,
3567 4268 3627 4314 et

2050 4341 2245 4406 levita},
2280 4350 2333 4397 et
2363 4351 2639 4411 cantores,
2674 4360 2801 4401 cum
2830 4347 3095 4417 cymbalis
3117 4355 3171 4403 et
3205 4350 3479 4419 psalteriis
3516 4362 3624 4406 ste~

2052 4442 2236 4491 terunt
2264 4435 2331 4491 ad
2369 4438 2662 4503 orientem,
2704 4438 3010 4501 laudantes,
3065 4452 3119 4496 et
3168 4442 3510 4511 conﬁtentes,
3556 4458 3621 4500 ac

1610 4690 1616 4699 '
1668 4685 2027 4739 VARIORL’M
2061 4686 2290 4742 ΝΟΤίΕ.

440 4801 547 4875 (55)
592 4803 746 4875 Τότε.
779 4800 926 4855 Alter
954 4799 1076 4855 cod.
1112 4797 1347 4853 Vindob.
1379 4797 1540 4852 habet
1574 4797 1649 4868 τῷ
1680 4797 1757 4863 δέ,
1784 4801 1929 4867 quod

2050 4799 2195 4870 ἡμῶν
2226 4803 2253 4853 ό
2288 4803 2343 4875 έν
2383 4806 2806 4875 τοῖςίοὺρανοῖς,
2841 4812 2971 4867 etc.,
3007 4807 3098 4861 ubi

370 4873 580 4927 melius.
612 4873 777 4925 Cum.

460 4942 547 4996 5h
588 4942 678 4994 Δὲ.
719 4942 812 4995 Est
835 4943 888 4996 in
921 4942 1092 4995 altero
1123 4938 1285 4992 Vind.
1320 4938 1379 4991 τέ
1410 4939 1605 4993 melius
1660 4937 1735 4992 In.

460 4942 522 4995 54
588 4942 678 4994 Δὲ.
719 4942 812 4995 Est
835 4943 888 4996 in
921 4942 1092 4995 altero
1123 4942 1285 4992 Vind.
1320 4942 1379 4991 τέ
1410 4942 1605 4993 melius
1661 4942 1735 4992 In.

439 4942 547 5084 (55)
586 5012 696 5063 Καὶ
726 5012 1218 5084 συναποθανόντα
1248 5010 1452 5084 αύτόν,
1477 5020 1592 5084 etc.
1614 5007 1781 5063 Recte
1799 5023 1932 5084 cum

366 5078 473 5136 isto
510 5078 627 5149 loco
659 5081 955 5151 conjunges
978 5081 1478 5151 interpretationem
1504 5079 1844 5135 Balsamonis
1867 5078 1933 5131 ad

365 5158 630 5205 can'onem
662 5149 1025 5205 Laodicenum
1055 5149 1143 5205 48.
1180 5150 1314 5205 Cor.

406 5219 550 5290 ξτ(56)
603 5221 741 5273 Ἐὰν
772 5220 877 5289 τὰρ
901 5223 985 5289 μὴ
1011 5225 1098 5286 εἱς
1127 5222 1404 5284 ἕκαστον,
1438 5226 1551 5290 etc.
1577 5218 1843 5288 Loquitur
1866 5220 1933 5275 de

366 5285 691 5358 hptismate
723 5285 999 5344 ordinario
1041 5285 1381 5356 adultorum;
1413 5289 1558 5359 quod
1600 5285 1705 5345 nisi
1746 5291 1935 5344 scdulo

368 5376 432 5415 ac
459 5360 735 5428 ritejuxta
764 5366 931 5412 totam
965 5362 1338 5414 czeremoniam
1373 5360 1616 5413 tradatur
1659 5376 1687 5414 a
1727 5360 1816 5428 pio
1848 5376 1935 5415 sa-

367 5432 607 5495 cerdote,
635 5438 688 5485 et
720 5429 1052 5500 suscipiatur
1081 5446 1108 5482 a
1154 5432 1241 5500 pio
1286 5432 1698 5493 catechumeno,
1740 5430 1935 5483 animae

366 5501 556 5557 sordes
586 5514 693 5553 non
715 5499 954 5568 depellit,
987 5516 1085 5553 nec
1117 5499 1273 5554 suum
1303 5502 1510 5555 obtinet
1538 5500 1808 5555 elleclum.
1856 5500 1931 5555 In.

457 5571 547 5636 57)
582 5569 768 5636 Παρὰ.
806 5569 954 5621 Alter
984 5568 1215 5624 Vindob.
1250 5571 1408 5625 habet
1438 5571 1528 5624 hic
1553 5571 1675 5623 ὑπό.
1712 5570 1877 5624 Cum.

457 5637 545 5696 58)
597 5638 883 5695 Ἰουδαῖοι.
916 5637 1135 5693 Rectius
1163 5639 1218 5692 in
1245 5640 1433 5694 eodem
1460 5642 1508 5693 οἱ
1538 5640 1796 5694 Ἰουδαῖοι.
1823 5641 1894 5694 11).

457 5572 526 5625 57
582 5570 768 5636 Παρὰ.
806 5570 954 5621 Alter
984 5570 1215 5624 Vindob.
1250 5571 1408 5625 habet
1438 5571 1528 5624 hic
1553 5571 1675 5623 ὑπό.
1712 5570 1877 5624 Cum.

457 5571 547 5712 58)
597 5638 883 5695 Ἰουδαῖοι.
916 5637 1135 5693 Rectius
1163 5639 1218 5692 in
1245 5640 1433 5694 eodem
1460 5642 1508 5693 οἱ
1538 5640 1796 5694 Ἰουδαῖοι.
1823 5641 1894 5694 11).

435 5570 545 5782 (59)
582 5709 750 5782 Μετέι
770 5708 942 5782 τοῦζο
961 5708 1179 5782 -ἐσζώς,
1211 5709 1577 5782 ειοριοιιηηθε
1601 5711 1931 5782 Chrysosto-

368 5770 693 5842 nnis.'h0m.
721 5778 754 5833 6
784 5780 837 5832 in
869 5770 1161 5845 Epistolani
1191 5778 1257 5831 ad
1299 5777 1628 5833 Colossenses
1655 5796 1672 5831 :
1716 5770 1935 5843 Εὐθέως

367 5850 473 5921 γὰρ
518 5851 772 5915 ἀνελθὼν,
820 5848 988 5902 ταῦτα
1037 5848 1326 5917 φθέγγεται
1374 5850 1438 5901 τὰ
1476 5852 1708 5919 ῥήματα·
1758 5852 1939 5924 Πάτττρ

3161 4808 3287 4877 (hoc
3333 4817 3391 4862 ut
3439 4811 3617 4867 obiter

2045 4874 2318 4947 moneam)
2345 4944 2353 4947 _
2383 4874 2527 4947 quod
2585 4874 2868 4947 sequitur:
2894 4876 3005 4928 Ούκ
3052 4878 3137 4928 ἐπ’
3170 4874 3311 4947 ’ὄψιν
3345 4880 3531 4934 πίπτει
3559 4882 3615 4935 τι*

2043 4941 2273 5019 παιδίον,
2301 4941 2364 4996 ὀύ
2396 4941 2548 5009 ξύλον
2574 4941 2733 5019 -ὁρῂ,
2768 4945 2886 4999 οὐδὲ
2922 4948 3122 5019 πηγήν,
3168 4941 3485 5019 corruptum
3536 4952 3618 5005 vi-

2043 5012 2225 5089 detur,
2253 5022 2430 5089 atque
2440 5012 2829 5089 corrigendum
2853 5012 3143 5089 scribendo
3174 5012 3373 5087 πεδίον,
3398 5021 3525 5089 quia
3550 5022 3615 5075 ad

2079 5083 2353 5139 aradisum
2384 5086 2577 5139 alludit
2599 5083 2664 5141 'S.
2707 5087 2916 5141 doctor.
2952 5084 3015 5141 Et
3045 5103 3174 5142 vero
3206 5089 3341 5145 solis
3362 5083 3616 5149 ﬁdelibus

2063 5153 2242 5225 icebat
2269 5157 2572 5211 orationem
2593 5157 2929 5212 Dominicam
2957 5158 3219 5225 proferre,
3240 5160 3480 5214 nondum
3512 5163 3619 5215 ini-4

2040 5224 2189 5299 t_i_atis
2210 5241 2321 5299 non
2364 5225 2561 5299 licebat
2609 5247 2622 5282 :
2678 5235 2735 5280 ut
2778 5224 2991 5299 esserte
3033 5226 3191 5299 docet
3234 5229 3616 5299 Theodoritus,

2047 5292 2197 5371 ζέων.
2228 5293 2481 5371 [ab.,_lib
2508 5311 2567 5371 v,_
2612 5311 2731 5371 cap.
2777 5297 2871 5371 28,
2906 5306 3026 5366 post
3064 5298 3513 5371 Clirysostomum
3547 5292 3614 5358 ad

2044 5362 2235 5436 Matth.
2263 5381 2336 5431 vu,
2359 5365 2446 5429 l2,
2479 5375 2531 5420 et
2555 5362 2741 5420 homil.
2773 5366 2828 5430 2,
2861 5362 2921 5420 in'
2940 5362 3291 5436 posteriorem
3324 5370 3391 5423 ad
3421 5370 3615 5426 Corin-

2046 5434 2213 5517 thios,
2266 5437 2753 5517 utque‘colligitur
2784 5453 2847 5491 ex
2878 5434 3190 5517 _A‘ugust‘in_i
3243 5442 3611 5517 sermonibus.

2046 5502 2370 5574 Quanquam
2408 5506 2458 5559 id
2487 5502 2752 5561 orationis
2784 5502 3067 5561 recitatum
3103 5508 3273 5564 fuisse
3297 5528 3325 5564 a
3359 5514 3614 5568 catechu-

2045 5574 2223 5697 inlenis
2249 5577 2412 5699 ιέιιιιο
2442 5587 2567 5630 ante
2590 5577 2944 5645 baptismum,
2972 5578 3200 5647 legimus
3228 5581 3282 5633 in
3306 5580 3612 5639 Ritualibus

2066 5659 2081 5696 1
2124 5660 2218 5699 l‘lS.
2295 5662 2365 5699 o1-

2066 5659 2218 5699 lDl‘lS.
2250 5659 2365 5700 υοτ

2110 5716 2218 5787 (40)
2256 5717 2421 5787 Kurd,
2446 5714 2777 5787 ᾀνατολάς-
2803 5714 2877 5770 lta
2922 5716 2975 5769 in
3020 5730 3122 5770 ms.
3150 5714 3543 5783 Alexandrino,
3573 5715 3616 5771 ll

2044 5786 2280 5857 Paralip.
2315 5802 2368 5849 v,
2404 5786 2490 5840 12.
2524 5786 2599 5839 11).
