4062 6258
549 348 570 403 1
582 345 686 402 059

547 463 615 518 X.
654 458 842 519 Oratio
871 474 964 530 pro
993 458 1260 526 ﬁdelibus.

547 559 636 614 XI.
686 555 954 610 Invocatio
983 568 1077 620 pro
1104 551 1362 620 ﬁdelibus.

547 649 661 706 XII.
699 647 1022 705 Constitutio
1051 645 1261 708 Jacobi,
1287 644 1475 712 fratris
1506 636 1733 691 Joannis
1757 631 2007 688 Zebeda'i.

550 835 689 891 XIII.
731 835 922 890 Oratio
976 847 1069 900 pro
1119 826 1383 900 ﬁdelibus,
1441 834 1557 896 post
1603 821 1836 876 divinam
1878 816 2108 872 oblatio-
2163 824 2166 828 '

616 945 755 984 nem.

548 1021 690 1076 XIV.
723 1019 911 1075 Oratio
935 1025 1050 1086 post
1079 1012 1514 1068 communionem.

549 1114 668 1170 XV.
715 1112 980 1167 Invocatio
1010 1120 1129 1178 post
1157 1105 1590 1160 communionem.

546 1207 688 1265 XVI.
729 1206 806 1260 De
875 1202 1205 1257 ordinatione
1267 1196 1724 1268 presbyterorum,

618 1301 843 1356 Joannis
876 1317 907 1352 a
937 1297 1156 1350 Domino
1180 1292 1376 1345 dilecti.

549 1394 714 1450 XVII.
759 1392 830 1446 De
859 1388 1197 1444 ordinatione
1229 1385 1597 1442 diaconorum,
1627 1379 1933 1435 constitutio
1981 1376 2109 1430 Phi-

622 1488 770 1542 linvi.

548 1503 1052 1635 XVIIiI’.LInoocatio
1078 1569 1429 1625 ordinationis
1462 1565 1694 1619 diaconi.

545 1672 667 1728 XIX
735 1669 805 1724 De
821 1667 1143 1728 diaconissa,
1166 1660 1475 1718 constitutio
1499 1656 1898 1712 Bartltolomaai.

545 1767 666 1828 XX.
711 1762 981 1820 Invocatio
1007 1761 1064 1814 in
1087 1755 1419 1813 ordinatione
1439 1751 1772 1806 diaconissar.

543 1861 687 1917 XXI.
733 1859 808 1912 De
831 1853 1192 1915 subdiaconis,
1217 1847 1523 1904 constitutio
1563 1843 1798 1898 Thomas.

547 1951 711 2009 XXII.
753 1949 829 2004 De
858 1945 1156 2008 lectoribus,
1199 1940 1506 1997 constitutio
1542 1934 1803 1990 Matthwi.

545 2044 738 2101 XXIII.
780 2041 814 2096 Ι
827 2040 967 2095 ισοὺὶ
999 2037 1202 2098 Alphwi
1232 2033 1536 2088 constitutio
1568 2029 1630 2083 de
1653 2024 2060 2095 confessoribus.

1804 1195 2110 1250 constitutio

550 2225 740 2283 XXIV.
783 2222 1036 2293 Ejusdem
1065 2219 1127 2274 de
1155 2214 1464 2287 uirginibus.

552 2321 715 2376 XXV.
764 2317 966 2374 ιιι)ὐωὶ
1003 2319 1338 2384 cognomento
1396 2304 1650 2362 Thaddazi
1700 2300 2003 2358 constitutio
2050 2300 2114 2356 de

627 2412 817 2467 viduis.

549 2504 735 2563 XXVI.
781 2503 927 2559 Idem
963 2500 1026 2554 de
1053 2498 1336 2554 exorcista.

549 2596 760 2653 XXVII.
802 2594 987 2650 Simon
1015 2590 1310 2656 Canauita,
1337 2587 1400 2642 de
1423 2587 1661 2656 episcopo
1678 2625 1692 2650 ,
1718 2599 1752 2638 a
1773 2591 1898 2655 quot
1933 2579 2115 2635 debeat

623 2688 882 2743 ordinari.

551 2780 789 2837 XXVIII.
833 2777 1084 2848 Ejusdem
1115 2792 1355 2834 canones.
1377 2772 1752 2842 deepiscopis,
1774 2769 2111 2840 presbyteris,

620 2875 880 2937 diaconis,
907 2883 955 2926 et
978 2871 1191 2942 reliquis
1222 2869 1448 2922 clericis.
1637 2889 1640 2894 -
1937 2919 1944 2928 ,

551 2967 744 3026 XXIX.
791 2967 863 3021 De
893 2965 1246 3020 benedictione
1279 2977 1431 3031 aqua:
1456 2969 1506 3014 et
1541 2958 1672 3024 olei,
1717 2954 1960 3011 Μαιήιωὶ
1989 2971 2115 3008 con-

618 3063 843 3117 stitutio.

553 3154 721 3212 XXX.
758 3153 1032 3224 Ejusdem,
1064 3151 1129 3206 de
1158 3149 1407 3220 primitiis
1435 3157 1485 3201 et
1511 3145 1750 3200 decimis.

551 3250 744 3305 XXXI.
788 3247 1061 3317 Ejusdem,
1095 3243 1160 3298 de
1186 3244 1252 3297 iis
1281 3258 1397 3313 qua:
1423 3245 1724 3309 supersunt.

557 3339 770 3398 XXXII.
825 3341 972 3394 Varii
997 3353 1220 3391 canones
1249 3333 1410 3388 Pauli
1442 3331 1689 3402 apostoli,
1713 3328 1777 3383 de
1805 3329 1870 3382 iis
1904 3327 1992 3398 qui
2025 3343 2114 3380 ac-

623 3433 813 3488 cedunt
844 3431 912 3486 ad
951 3430 1291 3498 baptismum,
1321 3442 1450 3497 quos
1482 3432 1716 3495 oporteat
1740 3421 2033 3483 admittere,
2063 3427 2112 3473 et

621 3542 750 3594 quos
776 3525 1008 3590 reficere.

553 3615 800 3672 XXXIII.
843 3617 1043 3682 Quibus
1071 3613 1251 3668 diebus
1278 3610 1468 3682 famuli
1489 3609 1707 3665 debeant
1733 3608 1934 3679 feriari.

554 3707 794 3763 XXXIV.
835 3707 1035 3774 Quibus
1056 3707 1223 3770 horis,
1273 3715 1324 3760 et
1373 3719 1535 3776 quare
1594 3703 1650 3757 in
1685 3701 1760 3756 eis
1800 3696 2115 3768 precandum

624 3804 714 3856 sit.

551 3892 768 3948 XXXV.
810 3891 997 3946 Jacobi
1028 3892 1212 3962 fratris
1255 3891 1465 3945 Domini
1488 3890 1794 3944 constitutio
1815 3885 1879 3941 de
1903 3899 2117 3953 ,oesper—

628 3988 735 4040 tino
764 3985 962 4055 officio.

555 4077 796 4133 XXXVI.
839 4077 1025 4134 Oratio
1056 4079 1358 4137 lucernalis.

555 4170 818 4227 XXXVII.
863 4170 1172 4227 Gratiarum
1200 4174 1339 4228 actio
1367 4174 1670 4229 lucernalis.

554 4263 842 4320 XXXVIII.
887 4263 1194 4319 Gratiarum
1217 4268 1354 4320 actio
1377 4269 1657 4322 matutina.

555 4355 796 4412 XXXIX.
840 4356 1114 4428 Impositio
1144 4375 1331 4413 manus
1362 4361 1646 4415 matutina.

555 4449 668 4503 XL.
714 4449 984 4504 Invocctto
1006 4466 1100 4519 pro
1129 4451 1401 4519 primitiis.

552 4539 688 4597 XLI.
730 4541 917 4597 Oratio
949 4558 1043 4611 pro
1074 4544 1315 4598 mortuis.

556 4633 713 4690 XLII.
757 4635 1030 4701 Quomodo
1064 4646 1113 4690 et
1135 4637 1349 4706 quando
1395 4646 1635 4706 oporteat
1662 4634 1895 4706 ﬁdelium
1929 4634 2118 4705 defun-

623 4737 827 4781 ctorum
851 4729 968 4798 ﬁeri
1002 4731 1304 4794 memorias,
1329 4739 1376 4784 et
1401 4730 1538 4801 quod
1559 4745 1624 4784 ea:
1642 4746 1822 4784 eorum
1842 4729 2116 4800 facultati-

623 4820 721 4875 bus
745 4823 818 4875 sit
839 4823 1157 4892 pauperibus
1191 4823 1538 4894 largiendum.

1475 336 1530 396 S.
1563 333 1950 393 CLEMENTIS
1983 333 2002 386 I
2037 331 2198 388 ROM.
2239 333 2438 390 ΡΟΝΤ.
2477 335 2700 391 ΟΡΕΒΛ
2737 337 2960 393 DUBIA.

2140 451 2183 505 Α
2217 453 2267 499 ι’.
2312 449 2748 520 Προσφὼνησις
2773 453 2924 522 ὑπὲρ
2959 453 3076 507 τῶν
3107 453 3356 508 πιστῶν.

3631 345 3756 405 ICGO

2211 547 2302 592 ια’.
2359 542 2703 611 Ὲπίκλησις
2723 543 2839 598 τῶν
2861 545 3110 600 πιστῶν.

2211 633 2299 685 ιϐ’.
2339 632 2612 701 Διάταξις
2668 636 2960 702 Ἰακώϐου,
3016 638 3122 693 τοῦ
3177 639 3443 710 ἀδελφοῦ
3507 641 3760 702 Ἰωάννου

2225 745 2232 752 ·
2278 725 2383 778 τοῦ
2409 727 2748 782 Ζεϐεδαίου.

2211 823 2297 884 ιγ’.
2328 819 2761 888 Προσφώνησις
2786 821 2885 875 ἐπὶ
2910 823 3027 878 τῶν
3049 825 3282 879 πιστῶν
3292 827 3444 894 μετὰ
3468 826 3581 898 τὴν
3610 829 3762 884 θείαν

2278 909 2604 979 ἀναφοράν.

2211 997 2300 1052 ιδ’.
2341 1001 2781 1072 Προσφώνησις
2799 1006 2950 1074 μετὰ
2979 1007 3094 1077 τὴν
3113 1009 3473 1080 μετάληψιν.

2213 1098 2295 1145 ιε’.
2351 1094 2695 1164 Ἐπίκλησις
2719 1099 2870 1167 μετὰ
2898 1100 3013 1168 τὴν
3030 1101 3389 1171 μετάληψιν.

2211 1193 2306 1250 ις’.
2383 1188 2524 1256 Περὶ
2582 1193 2947 1259 χειροτονίας
2989 1195 3449 1262 πρεσϐυτέρων,
3509 1196 3761 1266 διάταξις

2293 1279 2566 1335 Ἰωάννου
2600 1283 2706 1336 τοῦ
2737 1284 3102 1354 φιλουμένου
3131 1287 3248 1341 ὑπὸ
3277 1289 3519 1356 Κυρίου.

2211 1368 2294 1431 ιζ’.
2335 1372 2476 1439 Περὶ
2532 1377 2899 1443 χειροτονίας
2959 1377 3268 1443 διακόνων,
3326 1381 3432 1434 τοῦ
3479 1381 3760 1437 Φιλίππου

2280 1463 2566 1532 διάταξις.

2213 1563 2306 1627 ιη’.
2363 1558 2706 1628 Ἐπίκλησις
2729 1564 3090 1631 χειροτονίας
3117 1563 3415 1619 διακόνου.

2214 1655 2300 1705 ιϐ’.
2342 1651 2484 1719 Περὶ
2514 1651 2926 1723 διακονίσσης,
2955 1658 3401 1727 Βαρθολομαίω
3427 1657 3704 1726 διάταξις.

2212 1750 2280 1796 κ’.
2337 1743 2684 1813 Ἐπίκλησις
2709 1745 2809 1798 ἐπὶ
2832 1749 3196 1816 χειροτονίας
3216 1749 3625 1820 διακονίσσης.

2216 1844 2325 1891 κα¹.
2365 1837 2506 1906 Περὶ
2535 1839 2965 1909 ὐποδιακόνων,
2991 1843 3251 1911 διάταξις
3281 1845 3391 1900 τοῦ
3411 1843 3600 1916 Θωμᾶ.

2212 1933 2318 1984 κϐ’.
2359 1931 2502 2000 Περὶ
2534 1933 2953 2003 ἀναγνωστῶν,
2989 1936 3096 1991 τοῦ
3137 1938 3438 1993 Ματθαίου
3489 1937 3762 2006 διάταξις.

2211 2033 2320 2095 κγ’.
2376 2025 2640 2080 Ἰακώϐου
2673 2025 2777 2081 τοῦ
2815 2028 3089 2098 Ἁλφαίου
3117 2028 3642 2099 περὶόμολοτητῶν
3661 2027 3766 2084 διάο

2279 2119 2466 2185 τάξις.

2212 2213 2320 2268 κδ’.
2369 2215 2478 2269 Τοῦ
2507 2216 2692 2270 αὐτοῦ
2721 2217 2853 2286 περὶ
2880 2219 3204 2287 παρθένων.

2214 2317 2315 2363 κε’.
2356 2311 2641 2365 Λεϐϐαίου
2695 2311 2802 2366 τοῦ
2850 2313 3276 2383 ἐπικληθέντος
3318 2312 3613 2369 Θαδδαίου
3646 2311 3766 2381 περὶ

2282 2405 2482 2475 χηρῶν
2511 2405 2796 2473 διάταξις.

2215 2505 2332 2564 κς’.
2360 2499 2414 2552 Ὁ
2443 2499 2624 2566 αὐτὸς
2654 2501 2788 2568 περὶ
2820 2502 3196 2569 ἐπορκιστοῦ.

2212 2589 2312 2654 κζ’.
2351 2594 2547 2664 Σίμων
2565 2598 2598 2649 ό
2620 2597 2844 2652 Κανανὶ
2848 2613 2943 2663 της
2956 2635 2970 2658 ,
2985 2598 3116 2664 περὶ
3136 2596 3240 2650 τοῦ
3259 2595 3375 2651 ὑπὸ
3395 2595 3608 2648 πόσων
3623 2594 3767 2664 opsi-

2281 2691 2376 2742 λει
2405 2690 2865 2757 χειροτονεῖσθαι
2896 2694 2930 2744 ὀ
2953 2691 3302 2757 ἐπίσκοπος.

2213 2787 2324 2850 κη’.
2371 2783 2480 2836 Τοῦ
2503 2783 2964 2851 αὐτοῦ,κανόνες
2991 2786 3121 2854 περὶ
3144 2786 3505 2849 ὲπισκόπω,
3519 2787 3767 2855 πρεσϐυο

2282 2874 2488 2943 τέρων,
2524 2875 2834 2942 διακόνων,
2865 2877 2960 2931 καὶ
2991 2877 3218 2933 λοιπῶν
3247 2880 3567 2948 κληρικῶν.

2216 2968 2323 3020 κθ’.
2361 2967 2503 3034 Περὶ
2526 2969 2806 3037 εὐλογίας
2833 2968 3050 3037 ὕδατος
3078 2969 3178 3025 καὶ
3211 2971 3440 3036 ἐλαίου,
3482 2972 3593 3027 τοῦ
3619 2976 3769 3028 Ματ-

2289 3058 2460 3112 θαίου
2487 3058 2772 3127 διάταξις.

2140 3140 2186 3204 C
2217 3152 2292 3204 λ’.
2342 3151 2452 3206 Τοῦ
2479 3154 2664 3208 αὐτοῦ
2691 3154 2823 3223 περὶ
2849 3156 3134 3226 ἀπαρχῶν
3157 3156 3256 3211 καὶ
3283 3154 3570 3212 δεκατῶν.

2215 3245 2329 3298 λα’.
2374 3243 2483 3298 Τοῦ
2507 3245 2692 3299 αὐτοῦ
2724 3247 2856 3315 περὶ
2885 3249 3392 3319 περισσευμάτων.

2215 3335 2328 3387 λϐ.
2367 3336 2630 3400 Κανόνες
2655 3335 2922 3406 διάφοροι
2967 3339 3210 3394 Παύλου
3259 3340 3365 3394 τοῦ
3408 3341 3770 3406 ἀποστόλου,

2286 3428 2419 3496 περὶ
2435 3427 2553 3481 τῶν
2580 3431 2947 3498 προσιόντων
2973 3430 3053 3497 τῷ
3074 3432 3462 3502 βαπτίσματι,
3493 3434 3663 3501 τινας
3692 3432 3775 3488 δεῖ

2286 3521 2744 3591 προσδέχεσθαι,
2778 3523 2875 3576 καὶ
2898 3523 3065 3590 τίνας
3089 3523 3554 3582 ἀποϐάλλεσθαι.

2217 3615 2329 3682 λγδ.
2363 3615 2503 3681 Οἵας
2530 3615 2752 3684 ἡμέρας
2780 3614 2874 3669 δεῖ
2895 3616 3098 3685 ἀργεῖν
3125 3615 3266 3681 τοὺς
3290 3615 3538 3682 οἰκέτας.

2217 3707 2328 3763 λδ.
2367 3708 2550 3774 Ποίας
2568 3707 2740 3776 ὥρας,
2780 3709 2875 3762 καὶ
2900 3709 3054 3764 διατί
3076 3711 3144 3764 ἐν
3164 3711 3403 3776 ταύταις
3420 3709 3514 3765 δεῖ
3529 3711 3772 3780 προσεύ-

2291 3805 2521 3868 χεσθαι.

2218 3897 2324 3948 λε’.
2377 3894 2638 3948 Ἰακώϐου
2669 3893 2772 3948 τοῦ
2794 3893 3057 3964 ἀδελφοῦ
3081 3894 3336 3962 Χριστοῦ
3359 3893 3627 3961 διάταξις
3651 3892 3771 3962 περὶ

2289 3987 2626 4055 ἑσπερινοῦ.

2220 4080 2338 4142 λς’.
2367 4076 2803 4146 Προσφώνησις
2830 4079 3195 4148 ἐπιλύχνιος.

2219 4169 2325 4230 λζ’.
2366 4172 2736 4240 Εὐχαριστία
2760 4172 3126 4241 ἐπιλύχνιος.

2220 4265 2338 4330 λη’.
2383 4265 2750 4332 Εὺχαριστία
2781 4265 3037 4333 όρθρινή.

2219 4356 2329 4409 λθ’.
2368 4349 2712 4423 Χειροθεσία
2730 4349 2987 4425 όρθρινή.

2143 4488 2194 4548 D
2215 4452 2295 4514 μ’.
2349 4447 2698 4516 Ἐπίκλησις
2726 4449 2825 4502 ἐπὶ
2854 4450 3159 4520 ἀπαρχῶν.

2212 4547 2330 4610 μα’.
2363 4539 2796 4611 Προσφώνησις
2821 4544 2972 4612 ὑπὲρ
2994 4543 3112 4598 τῶν
3138 4543 3592 4614 κεκοιμημένων.

2210 4635 2326 4702 μϐ.
2354 4633 2488 4699 Πῶς
2506 4632 2600 4686 δεῖ
2622 4635 2719 4687 καὶ
2739 4635 2883 4689 πότε
2912 4637 3179 4704 γίνεσθαι
3206 4640 3311 4703 τὰς
3335 4636 3453 4690 τῶν
3483 4635 3774 4708 κοιμηθέν-

2285 4743 2404 4779 των
2423 4725 2651 4780 πιστῶν
2663 4727 2894 4796 μνείας·
2923 4728 3022 4782 καὶ
3044 4728 3132 4782 ὅτι
3152 4729 3221 4782 ἐκ
3247 4728 3366 4783 τῶν
3391 4731 3775 4798 ὑπαρχόντων

2285 4817 2489 4884 αὐτοῖς
2517 4817 2612 4873 δεῖ
2631 4819 2993 4889 παρέχεσθαι
3023 4820 3260 4892 πένησι.

554 4913 735 4971 XLIII.
779 4916 932 4983 Quod
973 4919 1161 4990 impios
1201 4936 1265 4974 ea:
1299 4921 1406 4975 vita
1443 4919 1744 4975 decedentes
1782 4919 1912 4973 nihil
1932 4921 2116 4990 juvent

2213 4916 2325 4979 μγ.
2369 4911 2488 4964 Ὅτι
2527 4911 2667 4979 τσὺς
2695 4913 2932 4980 ἀσεϐεῖς
2976 4913 3375 4984 τελευτῶντας
3419 4913 3598 4986 οὐδέν
3643 4916 3773 4990 (εὖτ.

623 5012 910 5078 ηιεηιονὶω,
941 5013 1017 5066 vel
1042 5013 1316 5068 mandata.

549 5099 736 5159 XLIV.
777 5104 854 5159 De
881 5105 1120 5164 ebriosis.

2282 5002 2464 5058 λοῦσι
2483 5005 2702 5075 μνεῖαι,
2729 5007 2768 5077 ἣ
2800 5009 3060 5064 ἐντολαί.

2211 5103 2324 5175 μδ.
2350 5105 2492 5173 Περὶ
2512 5105 2812 5174 μεθύσων.

555 5196 711 5253 XLV.
746 5198 824 5252 De
855 5204 1162 5270 recipiendis
1203 5203 1270 5258 iis
1321 5203 1410 5273 qui
1449 5213 1660 5272 propter
1704 5201 1970 5260 Christum
2017 5223 2114 5276 pa-

2213 5166 2334 5300 ita;
2348 5166 2489 5272 Περὶ
2512 5166 2619 5258 τοῦ
2657 5202 3055 5272 ὑποδέχεσθαι
3081 5201 3222 5268 τοὺς
3248 5166 3626 5300 διὰοΧριστὸν
3651 5200 3775 5254 διω-

623 5291 826 5346 tiuntur
853 5295 1278 5361 persecutionem.

2283 5284 2591 5368 βμέινους.

554 5384 735 5439 XLVI.
773 5385 926 5452 Quod
947 5388 1316 5458 unusquisque,
1359 5389 1415 5443 in
1445 5405 1504 5443 eo
1546 5391 1716 5461 gradu
1757 5390 1904 5456 cleri,
1937 5392 1994 5446 in
2013 5407 2114 5462 quo

2213 5391 2331 5460 μς’.
2371 5391 2496 5444 Ὅτι
2521 5390 2773 5458 ἕκαστος
2789 5387 3150 5459 ἐνῷὲτάχθη
3182 5389 3402 5459 κλήρῳ,
3426 5391 3650 5461 ὀφείλει
3677 5387 3774 5457 ἐμ-

621 5487 698 5532 est
760 5479 1074 5532 constitutus
1101 5519 1115 5543 ,
1169 5478 1351 5534 debeat
1409 5497 1712 5551 permanere
1766 5493 1817 5538 et
1880 5485 2111 5540 ordinem

619 5584 827 5622 servare
851 5586 871 5634 ;
893 5587 997 5625 non
1023 5588 1140 5626 vero
1171 5577 1239 5627 ad
1267 5591 1323 5629 se
1354 5590 1538 5646 rapere
1564 5592 1681 5648 qua:
1708 5579 1988 5633 commissa
2015 5595 2117 5634 non

619 5668 761 5712 sunt.

552 5747 754 5807 XLVII.
786 5752 1023 5808 Canones
1048 5754 1404 5808 ecclesiastici.

2276 5485 2504 5556 μένειν,
2562 5485 2660 5539 καὶ
2706 5483 3031 5554 φυλάττειν
3080 5482 3195 5552 τὴν
3247 5483 3440 5548 τάξιν,
3483 5482 3642 5541 ἀλλὰ
3685 5477 3770 5551 μὴ

2275 5577 2466 5644 ἑαυτῷ
2494 5575 2772 5646 ἁρπάζειν
2802 5576 2873 5630 τὰ
2895 5576 2981 5646 μὴ
3010 5575 3472 5646 ἑτχειρισθέντα.

2155 5827 2158 5834 ι
2208 5763 2313 5837 μζ.
2346 5766 2606 5831 Κανόνες
2631 5764 3139 5832 ἐκκλησιαστικοί.
