4062 6258
547 266 691 359 ιοιε

1463 301 1519 355 S.
1555 299 1946 361 CLEMENTIS
1982 304 1996 358 Ι
2031 299 2195 357 ROM.
2230 299 2430 357 PONT.
2466 298 2694 356 OPERA
2726 298 2952 356 DUBIA.

3643 302 3777 356 1065

542 418 703 487 cujus
732 416 811 473 rei
861 418 1018 474 testis
1049 418 1165 491 ipse
1197 418 1381 489 Deus;
1422 430 1482 476 ut
1510 424 1638 478 dum
1672 422 1806 477 dicit
1856 422 1913 475 in
1958 420 2096 490 lege:

2214 415 2376 481 αὐτὸς
2407 417 2435 469 6
2462 415 2613 480 Θεὸς,
2661 416 2739 479 ὼς
2765 415 2892 469 ὅταν
2938 413 3072 488 λέγῃ
3099 413 3157 467 ὲν
3182 411 3261 483 τῷ
3291 410 3457 483 νόμῳ·
3520 429 3539 461 ι
3574 411 3692 465 Ὅτι
3723 415 3779 465 ὲν

548 529 567 561 ‹
593 510 862 576 Quoniam
889 510 944 565 in
974 511 1096 567 aliis
1136 513 1340 584 linguis
1368 514 1560 583 loquar
1607 514 1809 585 populo
1866 512 2015 575 huic,
2058 520 2111 566 et

541 603 595 657 in
635 601 794 657 labiis
827 603 986 667 aliis;
1019 612 1074 659 et
1108 619 1212 661 non
1244 607 1468 662 credent
1495 608 1563 661 ".
1595 627 1614 659 ι
1643 605 1755 661 Nec
1780 606 1928 661 enim
1957 602 2112 674 IEgi-

540 694 635 763 ptii
684 694 1036 749 crediderunt
1074 696 1221 761 Deo,
1280 715 1403 753 cum
1460 698 1672 770 Moyses
1714 705 1796 752 tot
1853 704 2115 767 tantaque

543 788 699 857 signa
731 795 786 842 et
826 788 1069 858 prodigia
1100 786 1302 842 faceret
1327 806 1342 844 :
1372 803 1545 857 neque
1580 788 1870 843 multitudo
1898 786 2113 845 Iudico-

542 895 663 933 rum
691 880 922 934 credidit
948 880 1188 942 Christo,
1219 880 1420 952 Moysis
1446 880 1611 933 simili
1639 881 1705 945 “,
1735 896 1858 934 cum
1892 895 2108 936 omnem

539 972 789 1023 morbum
822 986 1146 1041 omnemque
1169 972 1535 1028 inﬁrmitatem
1558 981 1812 1028 curaret:
1845 981 1901 1027 et
1933 987 2110 1043 neque

537 1060 661 1114 illos
698 1064 966 1131 permovit
1003 1064 1151 1134 virga
1182 1064 1235 1117 in
1261 1072 1567 1133 serpentem
1595 1065 1854 1131 animata,
1884 1070 1939 1120 et
1990 1079 2111 1118 ma-

538 1168 645 1209 nus
670 1155 791 1209 alba
816 1155 979 1217 facta,
1009 1156 1165 1211 Nilus
1188 1157 1240 1210 in
1258 1158 1579 1227 sanguinem
1604 1173 1797 1214 versus
1817 1157 1862 1190 °"
1890 1177 1904 1226 ;
1930 1173 2109 1228 neque

537 1245 639 1301 hos
672 1247 803 1301 caeci
835 1248 1102 1311 videntes,
1156 1250 1336 1304 claudi
1379 1250 1745 1318 ambulantes,
1792 1258 1847 1306 et
1903 1252 2106 1305 mortui

535 1338 889 1394 suscitati":
923 1354 986 1394 ac
1039 1340 1117 1395 illi
1149 1341 1369 1412 quidem
1424 1342 1752 1397 resistebant
1801 1340 2007 1398 Jannes
2052 1352 2107 1397 et

537 1428 809 1487 Mambres
861 1432 944 1499 ”;
1006 1431 1133 1489 huic
1182 1449 1311 1489 vero
1365 1433 1552 1490 Annas
1599 1442 1654 1490 et
1709 1435 1964 1507 Caiphas.
2014 1434 2105 1490 Sic

534 1537 645 1577 non
679 1522 933 1579 omnibus
982 1526 1137 1596 signa
1181 1526 1547 1597 persuadent,
1598 1528 1694 1585 sed
1719 1528 1786 1584 iis
1838 1529 2106 1584 duntaxat

534 1616 628 1686 qui
666 1616 900 1673 candide
941 1617 1009 1673 de
1066 1619 1233 1675 rebus
1260 1619 1514 1690 iudicant
1541 1640 1556 1689 ;
1586 1637 1817 1691 quorum
1849 1629 1904 1676 et
1934 1637 2103 1678 causa

531 1705 642 1762 Deo
674 1715 933 1778 tanquam
964 1711 1197 1780 sapienti
1242 1712 1570 1767 moderatori
1624 1713 1803 1783 placet
1847 1720 1904 1769 ut
1932 1714 2099 1767 mira-

529 1801 649 1853 cula
672 1808 1089 1874 perpetrentur;
1123 1819 1233 1859 non
1255 1805 1538 1859 hominum
1568 1805 1801 1869 viribus,
1835 1804 1930 1861 sed
2002 1818 2101 1858 sua

528 1895 828 1951 voluntate.
856 1896 873 1929 ί
903 1895 1030 1951 Haec
1056 1905 1238 1951 autem
1284 1896 1408 1951 ideo
1470 1911 1863 1962 memoramus,
1896 1906 1958 1951 ut
2008 1897 2103 1967 qui

524 1988 861 2045 charismata
899 1989 1216 2058 hujusmodi
1246 1998 1608 2060 acceperunt,
1638 2004 1748 2044 non
1794 2006 1854 2045 se
1903 1989 1960 2044 in
2005 2006 2102 2046 eos

525 2080 619 2149 qui
647 2095 760 2136 non
806 2088 1134 2151 acceperunt
1161 2081 1424 2149 etl‘eraut;
1478 2081 1810 2136 charismata
1842 2081 2099 2146 dicimus,

526 2188 647 2241 quae
675 2187 770 2242 per
793 2173 1059 2229 miracula
1093 2193 1106 2228 :
1141 2175 1398 2244 quoniam
1423 2190 1582 2229 nemo
1603 2185 1686 2230 est
1705 2191 1799 2246 per
1819 2175 2100 2231 Christum

524 2264 581 2317 in
617 2263 781 2318 Deum
814 2266 1067 2331 credens,
1090 2266 1184 2336 qui
1226 2282 1335 2322 non
1364 2267 1635 2339 acceperit
1666 2267 1941 2323 charisma
1990 2269 2102 2340 spi-

524 2357 722 2411 rituale
756 2376 768 2412 :
810 2358 987 2428 ipsum
1028 2359 1229 2415 etenim
1273 2359 1397 2427 hoc,
1442 2360 1727 2415 liberatum
1758 2376 1882 2417 esse
1936 2360 2102 2431 impio

522 2451 819 2505 multorum
841 2451 1065 2505 deorum
1089 2453 1262 2515 cultu.
1289 2462 1342 2508 et
1371 2452 1670 2510 credidisse
1691 2452 1799 2509 Deo
1829 2452 1973 2510 Patri
2007 2472 2101 2526 per

520 2540 823 2606 Christum,
838 2544 1110 2598 charisma
1130 2544 1220 2601 Dei
1242 2553 1345 2612 est;
1365 2554 1422 2600 ut
1439 2555 1514 2611 et,
1534 2547 2101 2617 abjecisseJudaicum

522 2636 795 2700 velamen,
818 2651 882 2691 ac
905 2637 1205 2693 credidisse
1226 2622 1372 2709 quod
1394 2638 1487 2694 Dei
1521 2640 1862 2711 beneplacito
1901 2638 2102 2713 Unige—

521 2729 672 2783 nitus
709 2730 803 2799 qui
825 2738 953 2786 ante
989 2731 1190 2788 saecula
1231 2732 1555 2793 exsistebat,
1600 2732 1655 2787 in
1690 2742 1933 2790 extremo
1962 2742 2101 2789 tem-

519 2837 652 2891 pore
676 2838 745 2876 ex
789 2823 1004 2894 virgine
1053 2830 1219 2880 natus
1264 2832 1370 2885 est.
1403 2827 1525 2880 sine
1548 2824 1651 2879 viri
1684 2827 2015 2893 concubitu;
2045 2836 2099 2882 et

518 2914 664 2983 quod
698 2915 751 2968 in
793 2916 906 2971 vita
950 2924 1209 2989 tanquam
1259 2916 1424 2972 homo
1473 2925 1726 2975 versatus
1755 2926 1861 2984 est,
1891 2920 2099 2991 absque

519 3014 767 3076 peccato,
802 3008 1022 3079 impleta
1060 3012 1207 3064 omni
1234 3010 1449 3080 justitia
1488 3010 1662 3082 legis;
1702 3013 1958 3084 quodque
1982 3029 2099 3084 per-

2217 509 2635 581 ἑτερογλώσσοις
2662 508 2880 580 λαλήσω
2901 506 2980 578 τῷ
2999 506 3115 578 λαῷ
3132 506 3326 576 τούτῳ,
3354 504 3447 558 καὶ
3467 504 3526 558 ὲν
3553 504 3778 575 χείλεσιν

2214 602 2440 673 ἑτέροις,
2475 602 2568 655 καὶ
2594 600 2656 654 οὐ
2694 600 2769 672 μὴ
2797 600 3175 654 πιστεύσωσιν.
3215 619 3233 650 ι
3269 595 3405 653 Οῦτε
3453 597 3562 669 γὰρ
3593 598 3644 650 oi
3690 597 3779 651 Αί-

2211 696 2429 767 γύπτιοι
2491 695 2813 749 ἐπίστευσαν
2863 691 2941 763 τῷ
2999 691 3138 764 Θεῷ,
3202 690 3481 754 Μωῦσέως
3544 688 3777 743 τοσαῦτα

2213 790 2411 859 σημεῖα
2438 788 2531 841 καὶ
2562 786 2765 858 τέρατα
2791 784 3173 856 πεποιηκότος·
3211 783 3336 837 οὔτε
3365 782 3431 836 τὰ
3464 781 3644 853 πλήθη
3674 781 3777 836 τῶν

2223 882 2488 935 Ἰουδαίων
2515 880 2594 951 τῷ
2626 879 2702 943 ὡς
2735 880 2957 933 Μωῦσεϊ
2988 876 3229 950 Χριστῷ,
3277 877 3459 929 πᾶσαν
3500 874 3656 927 νόσον
3687 875 3779 929 καὶ

2210 976 2391 1027 πᾶσαν
2426 972 2696 1044 μαλακίαν
2724 973 2783 1025 ὲν
2825 971 3010 1033 αὐτοῖς
3037 968 3452 1041 θεραπεύσαντι·
3515 968 3612 1021 καὶ
3655 965 3775 1022 οὔτε

2208 1066 2449 1129 ἐκείνους
2509 1063 2824 1136 ὲδυσώπησε
2876 1063 3068 1135 ῥάϐδος
3112 1060 3495 1133 ὲμψυχουμένη
3543 1060 3656 1132 (75)
3701 1063 3778 1124 είς

2206 1158 2349 1229 ὅφιν,
2380 1159 2475 1213 καὶ
2502 1159 2625 1230 χεὶρ
2664 1157 3075 1227 λευκαινομένη,
3119 1156 3212 1209 καὶ
3238 1155 3427 1219 Νεῖλος
3446 1154 3777 1227 αἱματούμε-

2207 1268 2317 1315 νος·
2376 1250 2499 1303 οὔτε
2522 1250 2744 1313 τούτους
2774 1248 2968 1319 τυφλοὶ⁵
3008 1246 3424 1311 ἀναϐλέποντες,
3480 1247 3574 1299 καὶ
3615 1245 3775 1317 χωλοὶ

2206 1341 2653 1415 περιπατοῦντες,
2687 1344 2781 1396 καὶ
2800 1342 2983 1413 νεκροὶ
3031 1339 3376 1410 ἀνιστάμενοι
3402 1338 3538 1410 (76),
3573 1340 3668 1393 καὶ
3698 1338 3777 1410 τῷ

2208 1439 2305 1508 μὲν
2336 1437 2652 1490 ἀνθίσταντο
2705 1434 2908 1506 Ἰαννὴς
2935 1433 3004 1466 ¹⁰⁹
3024 1434 3117 1488 καὶ
3138 1432 3414 1503 Μαμϐρῆς
3443 1431 3576 1501 (77)·
3616 1430 3695 1503 τῷ
3718 1431 3777 1487 δὲ

2208 1529 2405 1593 ¹Ἀννας
2437 1529 2531 1582 καὶ
2562 1528 2838 1598 Καϊάφας·
2869 1525 3042 1590 οῦτως
3097 1526 3161 1579 οὐ
3193 1524 3402 1589 πάντας
3430 1524 3669 1578 δυσωπεῖ
3707 1525 3776 1579 τὰ

2206 1624 2427 1694 σημεῖα,
2448 1620 2583 1674 ἀλλά
2618 1620 2811 1693 μόνους
2841 1621 2968 1683 τοὺς
2987 1617 3353 1689 εὐγνώμονας,
3386 1610 3460 1671 ὧν
3493 1619 3587 1671 καὶ
3617 1618 3774 1689 χάριν

2202 1713 2411 1767 εὐδοκεῖ
2440 1714 2469 1766 6
2501 1712 2634 1776 Θεὸς
2677 1710 3041 1765 ἐπιτελεῖσθαι
3082 1710 3354 1781 δυνάμεις,
3388 1709 3464 1774 ὡς
3511 1710 3673 1780 σοφὸς
3700 1713 3779 1764 οἱ-

2204 1804 2450 1875 κονόμος·
2483 1806 2545 1859 ού
2574 1807 2639 1877 τῇ
2674 1805 2782 1857 τῶν
2812 1803 3111 1876 ἀνθρώπων
3144 1803 3307 1874 ίσχύῖ,
3328 1803 3462 1857 ἀλλά
3482 1808 3546 1877 τῇ
3582 1805 3773 1859 ἑαυτοῦ

2205 1896 2474 1968 βουλήσει.
2506 1898 2691 1951 Ταῦτα
2711 1897 2766 1951 δέ
2788 1915 2989 1969 φαμεν,
3007 1897 3099 1949 ἐπὶ
3125 1897 3185 1949 τὸ
3209 1896 3283 1967 μὴ
3310 1896 3777 1968 ὲπαίρεσθαιτοὺς

2201 1989 2462 2054 λαϐόντας
2487 1991 2800 2063 χαρίσματα
2834 1990 3031 2052 τοιάδε,
3059 1989 3198 2043 κατά
3229 1989 3334 2042 τῶν
3371 1989 3445 2062 μὴ
3478 1989 3771 2044 λαϐόντων·

2201 2085 2517 2157 χαρίσματα
2546 2084 2601 2138 δὲ
2653 2083 2904 2154 λέγομεν,
2965 2080 3033 2135 τά
3062 2081 3150 2134 διὰ
3190 2082 3298 2134 τῶν
3357 2080 3617 2152 σημείων·
3654 2083 3777 2137 ἐπεὶ

2201 2179 2303 2231 οὐκ
2335 2178 2481 2232 ἔστιν
2510 2176 2795 2249 ἄνθρωπος
2846 2175 3141 2238 πιστεύσας
3166 2173 3252 2227 διὰ
3293 2172 3528 2245 Χριστοῦ
3558 2176 3639 2238 είς
3679 2175 3777 2229 τὸν

2201 2268 2354 2332 Θεὸν,
2386 2268 2444 2332 ὃς
2475 2269 2575 2322 οὐκ
2605 2268 2792 2339 εἴληφε
2853 2267 3096 2338 χάρισμα
3128 2265 3516 2336 πνευματικόν·
3552 2267 3686 2320 αὐτό
3714 2283 3775 2321 τι

2199 2360 2307 2432 γὰρ
2333 2361 2393 2415 τὸ
2422 2359 2799 2429 ἀπαλλαγῆναι
2833 2357 3091 2412 πολυθέου
3125 2357 3397 2420 ἀσεϐείας,
3417 2358 3511 2411 καὶ
3544 2358 3780 2415 πιστεῦ-

2201 2471 2291 2508 σαι
2322 2453 2440 2526 Θεῷ
2464 2454 2638 2527 Πατρὶ
2669 2452 2755 2507 διὰ
2781 2450 3041 2525 Χριστοῦ,
3068 2445 3315 2522 χάρισμά
3359 2451 3476 2503 ἐστι
3517 2451 3675 2505 Θεοῦ·
3712 2452 3779 2505 τό
3808 2498 3819 2509 .

2198 2564 2256 2601 τε
2289 2547 2591 2620 ἀπορῤίψαι
2621 2546 2680 2599 τὸ
2721 2546 3009 2600 Ἰουδαϊκὸν
3043 2543 3325 2615 κάλυμμα,
3356 2543 3450 2597 καὶ
3483 2542 3775 2598 πιστεῦσαι

2198 2639 2279 2692 ὅτι
2310 2639 2524 2708 εὐδοκία
2551 2636 2686 2691 Θεοῦ
2720 2637 2747 2689 6
2776 2637 2881 2709 πρὸ
2925 2637 3133 2690 αἰώνων
3171 2636 3499 2708 Μονογενὴς,
3534 2637 3593 2691 ὲν
3620 2639 3777 2692 ὑστέ-

2202 2747 2278 2801 ρῳ
2309 2729 2485 2801 καιρῷ
2515 2732 2580 2783 ἐκ
2621 2729 2892 2801 παρθένου
2927 2729 3237 2800 γεγένηται,
3267 2728 3388 2799 δίχα
3415 2728 3629 2801 ὁμιλίας
3669 2730 3775 2783 ἀν-

2196 2820 2338 2893 δρός·
2370 2822 2465 2875 καὶ
2492 2822 2573 2874 ὅτι
2601 2820 2981 2874 ἐπολιτεύσατο
3009 2821 3085 2884 ὡς
3116 2820 3402 2892 ἄνθρωπος
3429 2820 3558 2877 ἄνευ
3590 2821 3779 2895 ἁμαρ.

2196 2914 2337 2978 τίας,
2366 2914 2661 2986 πληρώσας
2716 2916 2895 2968 πᾶσαν
2923 2913 3267 2986 δικαιοσύνην
3305 2913 3403 2985 τὴν
3433 2911 3531 2969 τοῦ
3574 2914 3768 2986 νόμου·

2198 3008 2291 3059 καὶ
2317 3007 2397 3060 ὅτι
2428 3006 2772 3077 συγχωρήσει
2802 3004 2937 3059 Θεοῦ
2974 3006 3203 3077 σταυρὸν
3235 3006 3542 3077 ὑπέμεινεν,
3575 3007 3780 3078 αἰσχύ-

519 3100 781 3157 missione
803 3100 894 3157 Dei
931 3100 1072 3162 Deus
1090 3101 1353 3167 Verbum,
1391 3111 1575 3173 spreto
1624 3104 1911 3169 dedecore,
1964 3122 2092 3161 cru-

2199 3116 2293 3171 νης
2324 3100 2745 3172 καταφρονήσας
2773 3099 2802 3151 6
2834 3098 2967 3163 Θεὸς
3012 3099 3202 3168 Λόγος·
3250 3100 3344 3153 καὶ
3384 3101 3465 3154 ὅτι
3504 3100 3777 3165 ἀπέθανε,

518 3208 637 3250 cem
674 3195 968 3261 sustinuit;
1000 3203 1054 3250 et
1102 3196 1246 3265 quod
1294 3204 1542 3251 mortuus
1583 3202 1667 3251 est
1710 3212 1776 3251 ac
1820 3198 2086 3268 sepultus,

516 3296 570 3341 ct
601 3288 901 3344 resurrexit
938 3289 992 3342 in
1029 3288 1231 3352 triduo,
1266 3295 1429 3358 atque
1461 3297 1584 3359 post
1633 3291 2093 3346 resurrectionem

517 3394 643 3432 cum
665 3380 931 3449 apostolis
958 3380 1151 3435 diebus
1175 3380 1539 3451 quadraginta
1586 3382 1903 3452 permansit,
1936 3397 2088 3437 com-

518 3470 773 3541 pletaque
803 3473 951 3526 omni
982 3473 1375 3528 constitutione
1394 3514 1409 3536 ,
1445 3483 1761 3544 assumptus
1784 3482 1867 3529 est
1910 3476 1964 3529 in
1994 3490 2091 3530 eo-

519 3577 641 3616 rum
672 3572 969 3634 conspectu
998 3564 1063 3618 ad
1100 3563 1265 3619 Deum
1314 3572 1368 3620 et
1400 3564 1619 3620 Patrem
1641 3566 1736 3636 qui
1771 3582 1895 3621 eum
1928 3566 2094 3622 mise-

516 3663 625 3711 rat.
673 3654 778 3722 Qui
809 3656 925 3735 haec
955 3657 1208 3723 credidit,
1239 3674 1347 3713 non
1394 3659 1592 3714 stolide
1617 3673 1683 3712 ac
1735 3659 1873 3713 citra
1924 3660 2093 3713 ratio-

516 3764 663 3813 nem,
688 3749 785 3806 sed
828 3764 952 3804 cum
996 3750 1206 3820 judicio
1258 3768 1321 3807 ac
1353 3751 1701 3816 certitudine,
1741 3750 1788 3808 is
1818 3751 2090 3806 charisma

515 3858 547 3896 a
578 3841 689 3899 Deo
720 3852 1047 3900 consecutus
1077 3851 1199 3899 est:
1234 3844 1486 3900 similiter
1520 3844 1681 3899 etiam
1715 3845 1809 3915 qui
1843 3844 1912 3899 ab
1940 3845 2088 3900 omni

518 3933 713 3992 haeresi
740 3946 990 3992 servatus
1020 3935 1142 3991 fuit.
1177 3934 1294 3991 Non
1315 3952 1445 4008 ergo
1474 3936 1745 4007 quispiam
1780 3953 1970 3993 eorum
1994 3938 2088 4010 qui

514 4027 673 4097 signa
695 4034 750 4083 et
777 4035 1029 4098 portenta
1060 4028 1287 4093 faciunt,
1310 4028 1521 4099 judicet
1553 4044 1619 4084 ac
1648 4028 1868 4085 damnet
1893 4046 2085 4101 quem-

514 4136 680 4190 quam
712 4121 974 4188 tidelium,
1005 4122 1102 4193 qui
1131 4122 1336 4178 donum
1361 4138 1423 4179 ea
1445 4122 1711 4195 nperandi
1736 4138 1846 4179 non
1870 4124 1940 4179 sit
1961 4122 2093 4179 ade-

518 4219 645 4281 ptus
670 4228 684 4264 :
717 4212 935 4270 diversa
959 4215 1162 4286 quippe
1187 4222 1317 4271 sunt
1355 4213 1447 4270 Dei
1476 4214 1836 4279 charismata,
1870 4216 1937 4271 ab
1968 4217 2088 4286 ipso

518 4320 614 4373 per
644 4304 927 4361 Christum
957 4307 1166 4363 tributa
1198 4326 1212 4361 :
1246 4322 1311 4361 ac
1335 4313 1393 4363 tu
1415 4307 1634 4377 quidem
1652 4307 1914 4378 accepisti
1946 4307 2086 4375 hoc;

2200 3191 2293 3255 καὶ
2312 3191 2506 3263 ἐτάφη,
2533 3192 2627 3245 καὶ
2667 3191 2864 3264 ἀνέστη
2896 3190 2983 3245 διά
3007 3191 3171 3263 τριῶν
3213 3191 3456 3264 ἡμερῶν,
3491 3193 3585 3246 καὶ
3630 3193 3784 3264 μετὰ

2197 3295 2297 3354 την
2340 3282 2635 3337 ἀνάστασιν
2689 3284 3098 3356 τεσσαράκοντα
3156 3284 3370 3356 ἡμέρας
3423 3286 3784 3357 παραμείνας

2195 3379 2309 3442 τοῖς
2340 3376 2679 3440 ἀποστόλοις,
2710 3377 2804 3430 καὶ
2831 3375 3124 3447 πληρώσας
3156 3378 3335 3429 πᾶσαν
3378 3375 3621 3440 διάταξιν
3644 3377 3787 3431 ἀνε-

2196 3469 2373 3542 λήφθη
2408 3473 2496 3525 ἐπ’
2541 3472 2726 3543 ὄψεσιν
2754 3470 2934 3523 αὐτῶν
2968 3471 3103 3542 πρὸς
3136 3471 3227 3523 τὸν
3258 3468 3653 3524 ἀποστείλαντα
3679 3472 3789 3525 a6-

2194 3564 2285 3618 τὸν
2325 3563 2455 3618 Θεὸν
2512 3564 2606 3619 καὶ
2651 3564 2892 3635 Πατέρα.
2948 3564 3006 3617 ’0
3062 3563 3235 3617 ταῦτα
3284 3562 3623 3627 πιστεύσας,
3672 3563 3787 3635 οὐχ

2197 3655 2401 3723 ἁπλῶς,
2437 3657 2556 3711 οὐδὲ
2609 3656 2838 3726 ἀλόγως,
2875 3656 3010 3710 ἀλλά
3043 3658 3221 3729 κρίσει
3249 3657 3341 3710 καὶ
3399 3655 3785 3728 πληροφορίᾳ,

2194 3748 2437 3822 χάρισμα
2464 3750 2682 3822 εἴληφεν
2714 3751 2779 3802 ὲκ
2807 3748 2961 3802 Θεοῦ·
3012 3750 3271 3812 ὡσαύτως
3301 3748 3357 3801 δὲ
3388 3748 3483 3801 καὶ
3511 3748 3539 3801 6
3588 3748 3790 3821 πάσης

2197 3842 2460 3913 αἱρέσεως
2489 3842 2839 3911 ἀπαλλαγείς.
2876 3841 2966 3913 Μὴ
2992 3840 3085 3895 οὖν
3114 3860 3198 3903 τις
3226 3840 3333 3893 τῶν
3350 3839 3651 3894 ποιούντων
3687 3856 3793 3913 ση-

2198 3937 2342 4004 μεῖα,
2377 3936 2471 3989 καὶ
2496 3935 2717 4007 τέρατα,
2751 3936 2979 4008 κρινέτω
2998 3934 3119 3989 τινὰ
3138 3933 3244 3987 τῶν
3276 3933 3480 3986 πιστῶν
3517 3932 3591 4005 μὴ
3608 3930 3795 3998 ἀξιω-

2196 4026 2353 4080 Θέντα
2387 4029 2646 4101 ἐνεργεῖν·
2680 4029 2911 4100 διάφορα
2940 4029 3048 4101 γάρ
3084 4030 3197 4081 εστι
3227 4027 3293 4080 τά
3322 4026 3416 4080 τοῦ
3443 4024 3580 4080 Θεοῦ
3608 4026 3797 4099 χαρί-

2195 4135 2396 4190 σματα,
2441 4122 2571 4194 παρ’
2616 4121 2782 4175 αὐτοῦ
2829 4120 2916 4175 διά
2963 4118 3198 4193 Χριστοῦ
3257 4118 3524 4189 διδόμενα·
3572 4114 3679 4172 καὶ
3718 4118 3796 4172 σὺ

2196 4214 2294 4284 μὲν
2326 4212 2553 4286 εἴληφας
2579 4210 2757 4267 τοῦτο·
2802 4214 3009 4275 ἐκεῖνος
3038 4200 3094 4266 δὲ
3135 4210 3261 4266 ἀλλο
3279 4228 3350 4264 τι·
3405 4209 3437 4280 ἢ
3467 4209 3575 4282 γὰρ
3606 4207 3801 4277 λόγον

2195 4306 2404 4378 σοφίας,
2438 4306 2472 4377 ἢ
2505 4306 2777 4376 γνώσεως,
2802 4305 3176 4379 ἢδιακρίσεως
3195 4302 3595 4374 πνευμάτων,ἢ
3632 4301 3799 4373 πρό-

518 4397 610 4454 ille
644 4415 773 4455 vero
812 4401 961 4456 aliud
990 4400 1308 4472 quoddam;
1351 4407 1445 4456 aut
1475 4402 1620 4456 enim
1660 4416 1968 4459 sermonem
2000 4415 2088 4456 sa-

2199 4417 2392 4470 γνωσιν
2421 4400 2530 4454 τῶν
2565 4399 2880 4472 μελλόντων,
2919 4398 2954 4471 ἢ
2982 4398 3137 4469 λόγον
3169 4394 3491 4459 διδακτικὸν,
3528 4392 3561 4448 ἢ
3588 4392 3805 4457 ἀνεξι-

622 4581 667 4613 ⁹⁸
708 4580 810 4636 lsa.
872 4598 1061 4648 xxvm,
1096 4584 1181 4648 ll;
1220 4581 1383 4639 lCor.
1416 4598 1530 4648 τιν,
1559 4583 1649 4638 21.

1748 4584 1793 4616 ’⁸
1834 4581 1991 4644 Deut.
2035 4602 2189 4642 xvm.

3459 4582 3504 4614 ὀ
3543 4578 3586 4633 ll
3622 4579 3801 4638 Tim.

2294 4584 2340 4619 ’ν
2376 4584 2552 4642 Exod.
2581 4600 2683 4647 vn.
2715 4582 2773 4639 4.
2874 4581 2922 4615 ⁸⁸
2954 4581 3146 4639 Matth.
3179 4596 3260 4648 XI,
3302 4581 3355 4637 5.

521 4666 604 4715 ιιι,
635 4652 688 4708 8.
772 4654 840 4684 '°‘
882 4654 953 4709 al.
1000 4655 1277 4726 Ἰαμϐρής.
1312 4654 1402 4709 Sic
1430 4661 1486 4710 et
1507 4657 1645 4709 alter
1682 4653 1841 4710 Vind.
1925 4656 1942 4686 ¹
1984 4658 2019 4711 l.
2057 4655 2096 4729 Ιρ

2199 4665 2228 4713 ι.
2265 4656 2524 4728 interpol.
2558 4656 2625 4710 ad
2658 4654 2839 4725 Magn.
2868 4653 2957 4710 Η.

1814 4832 2176 4891 VARIORUM
2208 4834 2438 4890 NOTAE.

584 5024 700 5097 (75)
722 5019 1230 5097 L’Eydrvxovyém.
1265 5018 1325 5075 In
1348 5020 1521 5075 altero
1559 5019 1683 5075 cod.
1720 5016 2089 5090 Ἶίιιιῖ.ψυχου-

513 5092 875 5172 (domum.
2076 5161 2089 5173 .

585 5166 696 5238 (76)
733 5163 1161 5238 Ἀνιστάμενοι.
1210 5160 1401 5238 Idem:
1441 5161 1799 5233 ἐγειρόμενοι,
1857 5159 2091 5215 solemni

510 5232 938 5313 synpjymprum
971 5232 1317 5313 ιηίειιιιιςεξλι)ζ
1370 5302 1384 5313 .
1489 5303 1503 5313 _
1621 5302 1636 5313 _
1685 5300 1748 5313 ψ

605 5300 711 5386 ῙἹῩ
731 5304 983 5386 ,Ἰαννὴς
1012 5302 1443 5386 καὶ.;Ιαμρ³ρής.
1476 5302 1639 5386 ᾼριιά
1685 5300 1948 5386 Niconem
1981 5317 2084 5356 ms.

512 5380 565 5433 in
590 5373 852 5435 Pandecte
894 5392 1057 5430 serm.
1099 5374 1197 5437 45,
1235 5375 1323 5428 ubi
1365 5375 1495 5429 citat
1536 5373 1701 5429 istum
1744 5373 1919 5427 locum
1959 5386 2083 5425 cum

512 5450 629 5505 hoc.
647 5451 806 5504 titulo
833 5466 846 5501 :
897 5447 991 5499 Ἐκ
1035 5444 1142 5498 τῶν
1172 5444 1466 5510 διατάξεων
1515 5444 1622 5497 τῶν
1652 5443 1822 5512 ἁγίων
1850 5440 2081 5495 ἀποστό-

509 5517 636 5593 λων,
666 5519 1120 5593 διάλῇλημεντος,
1149 5516 1275 5588 περὶ
1305 5515 1678 5593 χαρισμάτωχ,
1717 5514 1915 5593 legitur
1953 5512 2078 5564 Ἰαν-

511 5560 1028 5670 ἒιαί”ῐαμέ⁸ρ’ἧς.
1067 5560 1268 5655 magni)
1288 5560 1435 5641 ccr‘t'e
1459 5560 1583 5639 c‘um
1610 5560 1948 5643 discriomine,
1978 5597 2078 5635 no-

512 5676 655 5710 mina
694 5673 974 5710 manorum
1034 5656 1263 5710 istorum
1302 5656 1532 5710 eﬂ'erunt
1580 5655 1939 5710 scribuntaue
1977 5667 2075 5705 auo

512 5664 655 5713 mina
694 5677 778 5714 ma
819 5673 974 5711 orum
1034 5664 1263 5711 istorum
1302 5664 1532 5710 ederunt
1580 5664 1939 5722 scribuntque
1977 5667 2073 5705 au-

511 5735 730 5792 ctores,
772 5676 1007 5791 gebrmi,
1039 5725 1214 5779 Grzeci
1278 5732 1333 5777 et
1356 5725 1532 5778 Latini
1561 5742 1575 5789 ;
1614 5724 1698 5777 his
1722 5723 1834 5777 fere
1856 5722 2073 5785 modis;

510 5796 717 5854 Joanne
741 5838 757 5865 ,
795 5797 968 5851 Janne
1004 5805 1059 5850 ct
1097 5794 1319 5861 Mamre,
1340 5794 1539 5849 Jamre.
1579 5792 1798 5863 Ἰαννὴς,
1848 5792 2071 5859 ’ῐάννης,

2210 5020 2435 5095 Ἰαννῆς)
2471 5019 2677 5095 ’ῐοενκίὶςθ
2696 5018 2965 5095 Ἰριάνὶιης,
2983 5020 3271 5095 ἰ-έιμντιςει
3301 5018 3581 5095 Ἰμμδρὴςς
3630 5023 3812 5095 Ἰάμ-

2214 5037 2435 5091 1αννης,
2475 5037 2876 5084 νιαννιςγιωανν
2919 5037 2965 5084 ς,
2986 5037 3132 5091 ἰαμν
3175 5037 3271 5083 get
3321 5037 3581 5093 ιαμορης,
3638 5037 3803 5095 ῖιαμ.

2192 5092 2225 5141 6
2263 5110 2348 5163 ης,
2396 5091 2674 5162 Ἰαμϐρῆς,
2710 5089 2863 5160 Ἰαμϐ
2880 5037 2983 5154 Ἶις,
3015 5037 3221 5161 Μαμτὸρ
3263 5108 3291 5154 ς
3318 5091 3512 5171 iisdem
3564 5106 3803 5151 accen-

2192 5109 2374 5213 tifms.
2414 5160 2694 5213 Μαιιϐοίς.
2742 5108 2901 5213 amur
2945 5160 3169 5213 lecam
3220 5091 3485 5213 ἓαιιὸοης
3536 5162 3803 5213 inversa

2188 5160 2374 5233 tibus,
2414 5160 2694 5233 Μαμϐρίς,
2742 5160 2886 5233 apud
2931 5160 3485 5233 ῨϐιγιεειωΖαμὸρῆς
3536 5162 3809 5233 inversa

2188 5232 2325 5303 [orte
2364 5230 2539 5303 prima
2580 5230 2759 5287 littera
2793 5230 2863 5303 Μ,
2898 5230 3086 5303 sicque
3121 5238 3329 5303 mutata
3359 5230 3414 5285 in
3442 5230 3502 5303 ζ.
3529 5231 3809 5299 Janncs,

2182 5299 2424 5366 Jamnes,
2454 5300 2712 5365 Joannes,
2734 5309 2788 5355 ct
2814 5299 3103 5364 Mambres,
3142 5299 3409 5357 Jambres.
3450 5300 3815 5362 Emendan-

2182 5373 2311 5427 dum
2351 5373 2533 5427 forsan
2574 5372 2787 5426 initium
2828 5370 3113 5426 conﬂictus
3151 5371 3377 5425 Arnobii
3416 5388 3539 5426 cum
3604 5375 3813 5431 Sera-

2186 5443 2393 5526 pioneﬁ:
2436 5441 2864 5525 Supervenientea
2912 5438 3171 5512 ﬁgyptii,
3194 5442 3302 5526 qui
3334 5452 3390 5495 ut
3427 5445 3815 5526 ostenderent

2185 5511 2239 5567 ie
2267 5514 2602 5583 antiquorum
2634 5514 2912 5580 provincirr
2953 5511 3065 5567 sui:
3116 5513 3488 5582 magistrorum
3514 5511 3807 5586 discipu-

2182 5586 2283 5646 los,
2308 5583 2502 5637 Jamu's
2524 5582 2760 5636 videlicet
2784 5594 2835 5637 et
2865 5582 3123 5638 Mambris
3155 5588 3286 5651 (non
3334 5582 3533 5638 Jannes
3583 5583 3805 5642 Ham-

2180 5653 2319 5723 bres)
2349 5669 2478 5720 quos
2526 5663 2781 5707 memorat
2824 5654 3107 5723 Apostolus
3162 5652 3362 5723 famula
3412 5654 3510 5709 Dei
3560 5653 3808 5718 Ποκο

2173 5725 2481 5794 quibusdam
2510 5724 2791 5794 prastigiis
2824 5722 3093 5784 restitisse,
3124 5732 3228 5779 etc.
3261 5722 3396 5779 Cor.
