4044 6254
327 330 466 389 1065

1208 326 1805 386 CONSTITUTIONES
1854 328 2333 389 APOSTOLICA‘Z.
2365 364 2436 373 —-
2466 332 2593 387 [ΑΒ.
2634 329 2767 387 VlIL

3444 331 3587 390 1066

331 446 553 509 κακίαν,
588 444 622 518 ἦ
648 444 976 517 ἐγκράτειαν
1002 442 1245 514 ἔννομον.
1276 445 1386 497 Καὶ
1411 446 1520 516 γὰρ
1550 446 1643 498 καὶ
1667 445 1908 515 Μωυσῆς
1936 498 1939 507 ,

2019 448 2246 517 pientiae,
2278 448 2364 504 vel
2390 447 2634 502 scientiae
2661 448 2707 512 ¹,
2737 455 2833 502 aut
2886 447 3157 504 rationem
3193 448 3586 505 discernendo—

330 540 361 594 6
393 537 487 593 τοῦ
520 537 655 591 Θεοῦ
678 537 996 608 ἄνθρωπος,
1027 537 1085 589 έν
1121 535 1381 607 Αἰγύπτῳ
1438 536 1697 589 ἐπιτελῶν
1727 536 1795 589 τὰ
1815 553 1911 607 ση-

335 635 485 704 μεῖα,
514 632 575 684 οὐ
594 628 913 701 κατεπήρθη
944 629 1052 682 τῶν
1072 622 1376 700 ὁμοφύλωνλ
1402 630 1495 683 καί⁵
1524 628 1643 692 θεὸς
1671 628 1909 701 κληθεὶς,

332 727 433 778 οὐκ
462 722 857 795 ὴλαζονεύσατο
891 722 1028 793 μετά
1054 720 1149 774 τοῦ
1187 720 1315 774 ἰδίου
1357 722 1637 793 προφήτου
1679 721 1907 794 Ἀαρών.

350 816 486 868 Ἀλλ’
505 814 628 868 οὐτε
683 816 713 867 6
746 812 843 867 τοῦ
898 814 1056 883 Ναυῆ
1100 812 1332 885 Ἰησοῦς,
1390 813 1739 883 ἡγησάμενος
1795 815 1911 884 μετ’

333 909 497 962 αὐτὸν
526 906 621 960 τοῦ
650 905 802 970 λαοῦ,
831 905 935 960 κᾶν
964 904 1042 975 τῷ
1069 904 1204 975 πρὸς
1233 906 1360 966 τοὺς
1406 903 1723 967 Ἰεϐουσίους
1754 904 1913 956 πολέ-

335 1019 424 1072 μῳ
454 1001 658 1071 στήσας
676 1000 769 1053 τὸν
800 998 949 1070 ἥλιον
980 998 1125 1052 κατά
1152 996 1379 1050 Γαϐαὼν
1397 1035 1414 1060 ,
1445 997 1539 1050 καί
1558 996 1654 1067 τὴν
1684 996 1913 1067 σελήνην

334 1093 476 1147 κατὰ
507 1096 769 1166 φάραγγα
800 1076 995 1153 Ᾱίλὼν,
1026 1089 1113 1143 διὰ
1141 1090 1203 1142 τὸ
1227 1089 1301 1160 μὴ
1327 1090 1620 1160 αὐταρκεῖν
1646 1088 1783 1159 πρὸς
1814 1087 1913 1158 τὴν

334 1186 493 1258 νίκην
523 1186 622 1258 τὴν
654 1183 889 1257 ἡμέραν,
947 1182 1163 1254 ἐπήρθη
1201 1182 1344 1235 κατά
1374 1180 1471 1234 τοῦ
1516 1182 1719 1245 Φινεὲς,
1748 1180 1783 1251 ἢ
1817 1179 1911 1233 τοῦ

332 1277 536 1331 Χαλέϐ.
568 1276 703 1330 Οὐτε
756 1274 1027 1346 Σαμουὴλ,
1058 1272 1298 1328 τοσαῦτα
1350 1273 1627 1345 παράδοξα
1658 1275 1911 1345 ποιήσας,

335 1373 468 1443 παρ’
501 1371 651 1424 οὐδὲν
672 1371 919 1441 ἡγήσατο
944 1367 1037 1420 τὸν
1069 1367 1292 1437 Θεοφιλῆ
1336 1367 1517 1420 Δαϐίδο
1566 1368 1659 1421 καί
1691 1385 1773 1420 τοι
1807 1368 1913 1436 ἀμ-

335 1463 557 1535 φότεροι
586 1461 883 1532 προφῆταυ
942 1460 1038 1513 καὶ
1069 1458 1098 1510 6
1130 1461 1226 1530 μὲν
1246 1500 1260 1523 ,
1291 1461 1580 1530 ἀρχιερεὺς
1607 1459 1740 1530 (78),
1764 1460 1793 1511 6
1833 1458 1909 1519 δὲ,

335 1555 612 1627 βασιλεύς.
647 1553 758 1606 Καὶ
781 1552 921 1606 ἑπτὰ
946 1552 1198 1623 χιλιάδων
1228 1552 1587 1624 ὑπαρχουσῶν
1623 1552 1679 1605 ὲν
1699 1551 1914 1623 Ἰσραὴλ

333 1648 532 1715 ἁγίων,
578 1646 687 1700 τῶν
723 1644 796 1717 μὴ
836 1646 1169 1716 καμψάντων
1226 1644 1354 1712 γόνυ
1412 1647 1477 1715 τῇ
1540 1643 1706 1707 Βάαλ,
1757 1643 1914 1714 μόνος

348 1740 538 1803 Ἠλίας
593 1742 653 1792 ὲν
708 1740 925 1803 αὐτοῖς,
972 1739 1066 1791 καὶ
1120 1738 1149 1789 6
1193 1737 1380 1790 τούτου
1440 1735 1686 1807 μαθητὴς
1736 1728 1913 1790 Ἐλισ-

336 1836 493 1895 σαῖος
556 1830 953 1903 θαυματοποιοὶ¹
999 1829 1336 1901 γεγένηνταιο
1371 1827 1483 1881 ἀλλ’
1542 1826 1666 1881 οὐτε
1725 1827 1909 1891 Ἠλίας

329 1924 430 1978 τὸν
493 1922 782 1993 οἰκονόμον
846 1921 1054 1975 Ἀϐδιοῑ)
1135 1920 1533 1991 ὲξεμυκτήρισε
1566 1959 1581 1983 ,
1640 1917 1912 1990 φοϐούμε-

333 2034 429 2071 νον
478 2017 574 2088 μὲν
628 2015 719 2067 τὸν
769 2014 900 2067 Θεὸν
923 2052 937 2076 ,
996 2013 1057 2065 οὐ
1095 2010 1349 2065 ποιοῦντα
1405 2010 1461 2063 δὲ
1516 2013 1733 2081 σημεῖα·
1790 2008 1913 2062 οὒτε

350 2109 650 2172 Ἐλισσαῖος
675 2107 766 2159 τὸν
799 2103 994 2159 ἑαυτοῦ
1032 2103 1278 2175 μαθητὴν
1324 2102 1615 2175 φρίττοντα
1639 2104 1764 2165 τοὺς
1818 2120 1916 2155 πο-

331 2200 559 2273 λεμίους
620 2199 916 2271 ὑπερεῖδεν.
984 2197 1142 2250 Ἀλλά
1192 2196 1303 2268 γὰρ
1348 2195 1472 2248 οὔτε
1523 2194 1719 2265 Δανιὴλ
1765 2197 1793 2247 ὁ
1836 2213 1917 2248 σο-

330 2294 477 2364 φὸς,
523 2291 738 2364 ῥυσθεὶς
781 2291 1030 2362 δεύτερον
1079 2291 1143 2342 ἐκ
1176 2289 1443 2359 πόματος
1496 2288 1745 2352 λεόντων,
1791 2287 1915 2341 οὔτε

325 2388 385 2440 οἱ
413 2389 563 2458 τρεῖς
590 2386 775 2447 παῖδες
805 2386 869 2437 ὲκ
897 2385 1129 2455 καμίνου
1173 2382 1343 2453 πυρὸς
1360 2422 1374 2444 ,
1406 2380 1768 2446 ὲξουδένωσαν
1791 2384 1916 2445 τοὺς

328 2480 557 2543 λοιποὺς
582 2477 691 2531 τῶν
722 2476 1025 2548 ὁμοφύλων.
1098 2474 1422 2527 Ἡπίσταντο
1463 2474 1571 2545 γὰρ
1616 2475 1698 2527 ὅτι
1742 2474 1805 2526 οὐ
1848 2475 1915 2548 τῇ

322 2571 514 2643 οἰκείᾳ
532 2546 767 2641 δυνάμει-
798 2569 1171 2641 περιεγένοντο
1198 2566 1305 2620 τῶν
1336 2566 1543 2630 δεινῶν,
1568 2565 1705 2620 ἀλλά
1728 2568 1795 2637 τῇ
1823 2546 1919 2617 τού

330 2663 481 2718 Θεοῦ
512 2662 678 2733 ἰσχύϊ,
713 2662 807 2715 καὶ
857 2662 1059 2732 σημεῖα
1106 2658 1413 2721 ἐπετέλουν,
1453 2658 1547 2711 καὶ
1576 2656 1684 2710 τῶν
1726 2657 1918 2728 δυσχε-

328 2756 451 2828 ρῶν
503 2754 927 2823 ἀπηλλάττοντο.
960 2750 1167 2805 Οὐκοῦν
1201 2750 1388 2822 μηδεὶς
1430 2748 1582 2821 ὐμῶν
1613 2747 1920 2819 ὲπαιρέσθω

325 2846 484 2901 κατὰ
525 2845 619 2899 τοῦ
664 2844 925 2914 ἀδελφοῦ,
958 2844 1062 2898 κᾶν
1088 2844 1373 2914 προφήτης
1403 2839 1473 2916 ᾗ,
1506 2841 1609 2896 κάν
1644 2840 1917 2912 θαυματο-

322 2938 515 3001 ποιός.
561 2938 624 2990 El
655 2936 763 3008 γὰρ
790 2937 917 3007 δοθῇ
964 2935 1159 3007 μηκέτι
1204 2930 1343 2988 εἶναί
1385 2951 1486 2988 που
1531 2936 1778 2995 ἄπιστον,
1822 2949 1919 2984 πε-

324 3028 502 3103 ριττὴ
539 3027 724 3081 λοιπὸν
756 3027 907 3080 ἔσται
938 3029 1089 3081 πᾶσα
1137 3027 1379 3099 σημείων
1424 3025 1690 3097 ἐνέργεια.
1721 3023 1795 3076 Τὸ
1822 3024 1921 3094 μὲν

2011 555 2133 594 rum
2169 541 2484 610 spirituum,
2502 549 2597 594 aut
2624 540 3108 610 praacognitionem
3134 541 3465 606 futurorum,
3491 549 3588 601 aut

2011 648 2319 688 sermonem
2345 641 2531 701 aptum
2559 633 2625 687 ad
2652 633 2982 697 docendum,
3009 642 3103 687 aut
3133 633 3467 703 patientiam,
3492 641 3590 693 aut

2013 726 2404 780 continentiam
2434 726 2755 795 legitimam.
2802 724 3016 780 Etenim
3046 725 3258 797 Moyses
3285 728 3447 783 homo
3466 726 3585 795 Dei,

2013 832 2138 872 cum
2164 818 2219 872 in
2254 817 2493 889 Egypto
2536 819 2689 889 signa
2722 818 3028 888 perficeret,
3058 834 3169 874 non
3207 834 3266 874 se
3314 821 3370 874 in
3414 836 3587 891 pOpu-

2014 913 2157 967 lares
2189 927 2318 968 suos
2347 912 2571 976 extulit;
2594 926 2828 981 eumque
2856 910 2994 966 deus
3024 910 3327 981 appellatus
3356 911 3585 980 fuisset;

2013 1020 2125 1061 non
2155 1003 2455 1073 superbivit
2480 1004 2534 1057 iu
2569 1019 2730 1058 suum
2762 1003 3084 1073 pr0phetam
3106 1004 3380 1058 Aaronem
3402 1004 3444 1059 ³.
3478 1002 3589 1062 Sed

2013 1104 2067 1152 et
2087 1096 2249 1151 .lesus
2276 1094 2439 1150 Navae
2468 1095 2635 1159 filius,
2666 1096 2759 1165 qui
2806 1102 2930 1165 post
2961 1094 3200 1165 Moysem
3232 1094 3429 1149 ductor
3484 1094 3590 1151 fuit

2015 1188 2224 1257 pepuli,
2248 1188 2503 1258 quamvis
2526 1188 2580 1241 in
2612 1188 2757 1242 bello
2800 1187 3090 1242 adversum
3116 1186 3417 1251 Jebusteos,
3442 1188 3590 1258 quod

2012 1297 2124 1336 non
2154 1282 2427 1337 sufliceret
2452 1280 2571 1336 dies
2596 1279 2664 1334 ad
2689 1280 3000 1343 victoriam,
3057 1280 3227 1334 solem
3260 1280 3492 1335 stitissct
3520 1279 3589 1335 ad

2014 1373 2351 1436 Gabaonem,
2382 1380 2437 1429 et
2467 1374 2651 1428 lunam
2675 1372 2743 1426 ad
2765 1373 2960 1428 vallem
2991 1372 3271 1427 Aialonem
3298 1392 3313 1439 ;
3339 1389 3455 1443 .non
3507 1382 3593 1427 ta-

2013 1483 2138 1522 men
2175 1467 2230 1521 in
2258 1466 2517 1521 Phineem
2552 1474 2645 1520 aut
2694 1465 2993 1521 Chalebum
3050 1466 3361 1535 arrogantia
3414 1466 3592 1521 elatus

2014 1560 2151 1615 est‘.
2180 1559 2365 1629 Neque
2397 1558 2635 1624 Samuel,
2663 1559 2756 1628 qui
2782 1565 2859 1611 tot
2884 1558 3019 1610 mira
3050 1564 3106 1612 et
3140 1557 3418 1627 inopinata
3439 1556 3590 1622 fecit,

2015 1652 2164 1721 pium
2210 1667 2273 1705 ac
2305 1651 2417 1706 Deo
2472 1651 2701 1705 charum
2759 1650 3018 1705 Davidem
3064 1650 3220 1704 nihili
3258 1651 3452 1705 duxit:
3496 1652 3593 1707 sed

2016 1745 2178 1798 ambo
2202 1752 2358 1798 erant
2392 1743 2668 1813 prophetae
2695 1760 2709 1808 ;
2742 1750 2795 1797 et
2821 1742 2911 1798 ille
2945 1742 3165 1812 quidem
3198 1743 3465 1812 pontifex,
3503 1744 3594 1800 hic

2018 1853 2147 1893 vero
2181 1853 2301 1892 rex.
2358 1836 2567 1891 Etcum
2610 1836 2667 1889 in
2706 1833 2904 1889 lsraele
2951 1843 3135 1890 essent
3178 1843 3385 1905 septem
3417 1836 3593 1890 millia

2016 1937 2353 1994 sanctorum,
2390 1929 2484 1999 qui
2510 1944 2620 1983 non
2648 1934 3009 1983 curvaverant
3042 1942 3181 1997 genu
3216 1926 3361 1981 Baali
3390 1925 3497 1986 ⁸-⁶;
3526 1944 3595 1983 ex

2016 2022 2152 2093 ipsis
2184 2024 2334 2079 solus
2359 2022 2524 2086 Elias,
2565 2022 2795 2091 ejusque
2834 2020 3138 2090 discipulus
3168 2018 3395 2074 Elisaeus
3423 2020 3593 2072 mira-

2016 2116 2266 2170 culorum
2307 2114 2592 2169 ell‘ectores
2649 2113 2872 2169 fuerunt
2910 2133 2923 2166 :
2957 2127 3068 2166 non
3100 2119 3279 2165 tamen
3312 2110 3458 2165 Elias
3499 2111 3591 2165 de-

2016 2207 2142 2263 risit
2186 2206 2414 2261 Abdiam
2444 2222 2812 2270 (nconomum,
2845 2206 3125 2259 timentem
3156 2205 3374 2274 quidem
3400 2203 3592 2269 Deum,

2018 2308 2073 2354 at
2104 2300 2260 2369 signa
2292 2316 2402 2353 non
2440 2298 2769 2366 facientem;
2802 2314 2979 2367 neque
3006 2297 3234 2352 Elisazus
3267 2296 3595 2364 discipulum

2019 2409 2180 2448 suum
2210 2393 2397 2449 hostes
2418 2393 2924 2464 perhorrescentem
2949 2390 3197 2461 deSpexit
3216 2391 3254 2444 ⁷.
3321 2387 3424 2443 Sed
3449 2390 3596 2442 enim

2020 2501 2197 2555 neque
2229 2486 2447 2556 sapiens
2475 2484 2686 2549 Daniel,
2736 2485 2823 2539 bis
2851 2500 2920 2539 ex
2960 2498 3055 2538 ore
3090 2483 3307 2537 leonum
3352 2488 3593 2550 ereptus,

2018 2593 2199 2647 neque
2238 2586 2352 2633 tres
2396 2578 2551 2647 pueri
2584 2595 2652 2633 ex
2682 2578 2826 2648 ignis
2863 2576 3088 2631 fornace
3129 2576 3399 2632 liberati“.
3432 2572 3594 2630 nihili

2020 2668 2267 2724 fecerunt
2284 2671 2523 2739 reliquos
2545 2685 2657 2724 sua:
2673 2670 2850 2740 gentis
2875 2668 3144 2722 homines.
3164 2667 3424 2723 Sciebant
3443 2667 3596 2721 enim

2022 2777 2082 2818 se
2109 2777 2220 2817 non
2258 2761 2375 2817 suis
2403 2762 2614 2817 viribus
2653 2761 2897 2831 pericula
2941 2759 3329 2822 evasisse,.sed
3360 2758 3457 2812 Dei
3479 2757 3597 2811 vir-

2022 2862 2137 2909 tute
2158 2870 2285 2908 cum
2313 2854 2469 2924 signa
2504 2854 2817 2923 peregisse,
2851 2860 2963 2905 tum
3011 2852 3079 2905 ab
3113 2850 3383 2921 angustiis
3426 2849 3599 2905 fuisse

2024 2954 2291 3001 servatos.
2321 2945 2508 3015 Itaque
2537 2962 2698 3000 nemo
2741 2952 2980 2999 vestrum
3004 2984 3017 3007 ,
3046 2944 3172 2998 licet
3200 2944 3271 2997 sit
3310 2942 3598 3012 propheta,

2023 3039 2151 3093 licet
2206 3038 2601 3091 miraculorum
2641 3044 2934 3106 operator,
2964 3051 3023 3091 se
3064 3036 3328 3089 adversus
3374 3033 3600 3088 fratrem

322 3124 448 3197 γὰρ
477 3116 615 3175 εἶναι
648 3120 865 3192 εὐσεϐῆ,
889 3123 953 3173 ὲκ
970 3122 1069 3192 τῆς
1085 3121 1179 3174 τοῦ
1202 3138 1345 3183 τινος
1365 3119 1576 3183 εὐνοίας
1598 3136 1612 3149 ·
1642 3118 1772 3172 τὸδὲ
1793 3117 1921 3205 θαυ-

2023 3131 2269 3185 extollat.
2302 3128 2357 3182 Si
2381 3129 2528 3183 enim
2559 3128 2609 3182 id
2635 3128 2815 3194 detur,
2842 3136 2901 3181 ut
2929 3128 3114 3182 nullus
3145 3125 3380 3195 amplius
3411 3124 3482 3179 sit
3512 3123 3600 3176 in-

322 3217 676 3290 ματοποιεῖν,
705 3214 770 3267 ὲκ
797 3214 897 3285 τῆς
936 3212 1031 3266 τοῦ
1072 3213 1419 3284 ἐνεργοῦντος
1458 3212 1775 3283 δυνάμεως·
1844 3197 1920 3260 ὧν

2030 3221 2224 3286 ﬁdelis,
2249 3220 2522 3291 superflua
2544 3221 2806 3291 deinceps
2828 3221 2935 3275 erit
2958 3220 3138 3273 omnis
3164 3218 3446 3288 signorum
3470 3229 3595 3285 ope-

332 3311 396 3365 εὺ
424 3309 772 3381 μὲν-πρῶτον
797 3308 947 3378 ἡμᾶς
974 3306 1172 3369 αὐτοὺς
1194 3306 1315 3377 ὁρᾷ,
1339 3304 1402 3358 τὸ
1432 3304 1489 3358 δὲ
1522 3303 1773 3375 δεύτερον
1791 3299 1924 3356 Θεὸν

2029 3316 2189 3371 ratio.
2212 3314 2423 3369 Etenim
2454 3330 2579 3370 esse
2609 3315 2781 3384 pium,
2805 3328 2874 3367 ex
2900 3312 3043 3366 bona
3066 3309 3376 3379 cujuspiam
3404 3307 3595 3361 volun-

325 3402 432 3457 τὸν
475 3399 836 3471 ὶνεργοῦντα,
894 3398 962 3450 δι’
1006 3397 1073 3460 ἃς
1104 3395 1437 3468 προείπομεν
1476 3395 1673 3459 αἰτίας.
1718 3388 1925 3448 Οὐκοῦν

2027 3412 2139 3460 tate
2178 3406 2387 3473 oritur;
2428 3412 2483 3457 at
2530 3404 2811 3459 miracula‘
2838 3411 3080 3473 patrare,
3123 3418 3191 3456 ex
3225 3401 3426 3454 virtute
3456 3399 3604 3456 illius

326 3496 486 3566 μήτε
519 3491 770 3562 βασιλεὺς
806 3490 1154 3558 ἐξουθενείτω
1190 3489 1317 3550 τούς
1358 3489 1466 3541 ὐπ’
1497 3488 1657 3541 αὐτὸν
1702 3504 1927 3558 στρατη-

2027 3496 2121 3566 qui
2164 3504 2422 3553 oneratur
2456 3515 2468 3549 :
2504 3510 2738 3564 quorum
2785 3495 3021 3564 primum
3054 3492 3275 3564 quidem
3305 3506 3408 3545 nos
3452 3491 3604 3561 ipsos

323 3585 507 3658 γούς·
555 3587 690 3656 μήτε
715 3586 975 3656 ἄρχοντες
1002 3582 1129 3645 τοὺς
1159 3580 1452 3652 ὑπηκόους.
1482 3580 1573 3650 Μὴ
1613 3580 1780 3633 ὄντων
1818 3580 1927 3651 γὰρ

322 3679 451 3733 τῶν
485 3676 820 3748 ἀρχομένων,
856 3675 1101 3746 περιττοὶ
1124 3674 1173 3726 οἱ
1190 3673 1450 3744 ἄρχοντες
1472 3690 1485 3701 ι
1527 3673 1622 3725 καὶ
1647 3672 1721 3743 μὴ
1758 3672 1927 3725 ὄντων

326 3768 691 3843 στρατηγῶν,
732 3768 794 3821 οὐ
839 3769 1094 3838 στήσεται
1131 3764 1394 3834 βασιλεία.
1432 3763 1590 3817 Ἀλλά
1635 3763 1769 3835 μηδὲ
1810 3764 1929 3816 έπί-

321 3878 553 3923 σκοπος
584 3858 895 3931 ὲπαιρέσθω
928 3856 1069 3911 κατά
1096 3856 1203 3909 τῶν
1242 3856 1509 3909 διακόνων
1534 3895 1549 3917 ,
1595 3854 1629 3924 ἢ
1658 3855 1765 3907 τῶν
1798 3871 1931 3925 πρε-

321 3953 657 4024 σϐυτέρων·
698 3952 832 4023 μήτε
864 3952 969 4021 μὴν
1010 3951 1058 4002 οί
1089 3948 1446 4021 πρεσϐύτεροι
1474 3948 1613 4002 κατά
1638 3936 1732 4002 τοῦ
1758 3948 1888 4002 λαοῦ
1912 3966 1925 3979 ’

318 4049 395 4115 ἐξ
429 4044 685 4115 ἀλλήλων
711 4044 821 4116 γάρ
848 4044 995 4096 ἐστιν
1033 4044 1066 4112 ἡ
1110 4042 1366 4101 σύστασις
1404 4040 1497 4093 τοῦ
1539 4040 1931 4113 συναθροίσμα-

2028 3586 2270 3655 respicit,
2296 3585 2594 3640 secundum
2618 3600 2748 3639 vero
2780 3584 2970 3648 Deum,
2997 3584 3069 3638 ob
3097 3598 3294 3638 causas
3326 3596 3491 3650 supra
3519 3579 3604 3633 di-

2026 3684 2148 3731 ctas
2167 3685 2507 3745 Operantem.
2540 3677 2708 3746 Igitur
2737 3692 2914 3747 neque
2943 3677 3241 3745 imperator
3270 3673 3427 3727 nihili
3463 3687 3602 3741 pen-

2029 3762 2122 3816 dat
2147 3765 2424 3819 exercitus
2450 3763 2619 3819 duces
2646 3766 2740 3835 qui
2774 3766 2878 3818 sub
2902 3766 3025 3834 ipse
3059 3771 3225 3831 sunt;
3256 3777 3433 3832 neque
3465 3776 3603 3831 pree-

2030 3855 2157 3909 fecti
2185 3870 2280 3911 eos
2314 3856 2407 3925 Qui
2432 3856 2567 3925 ipsis
2600 3865 2811 3926 parent.
2845 3855 2982 3909 Nam
3012 3855 3058 3910 si
3102 3870 3210 3908 non
3242 3854 3355 3908 sint
3403 3853 3603 3922 quibus

2028 3950 2413 4020 praeficiantur,
2446 3946 2771 4016 supervacui
2810 3952 2973 3999 erant
3005 3943 3278 4013 prafeeti;
3316 3949 3372 3997 et
3404 3942 3448 3996 si
3484 3957 3594 3995 non

2031 4042 2140 4096 sint
2184 4041 2354 4095 duces
2396 4037 2689 4101 exercitus,
2722 4052 2829 4091 non
2877 4036 3043 4090 stabit
3095 4034 3406 4104 imperium.
3454 4033 3596 4098 Quin

323 4159 450 4206 τος.
490 4138 563 4192 Οἴ
584 4154 644 4189 τε
677 4139 785 4208 γὰρ
815 4137 1123 4198 ἐπίσκοποι,
1154 4136 1246 4188 καὶ
1276 4135 1325 4187 οἱ
1366 4133 1742 4205 πρεσϐύτεροι,
1770 4130 1932 4184 τινῶν

2032 4133 2194 4187 etiam
2230 4148 2328 4186 nec
2370 4131 2657 4202 cpiscopus
2705 4129 2759 4182 in
2809 4128 3068 4181 diaconos
3111 4127 3193 4179 vel
3253 4126 3599 4194 presbyteros

326 4236 481 4287 sla-tv
518 4232 689 4302 ἱερεῖς
718 4246 731 4259 ·
767 4229 862 4282 καὶ
905 4230 953 4281 οἱ
992 4227 1190 4291 λαῖκοὶ,
1231 4226 1391 4279 τινῶν
1439 4228 1545 4279 είσι
1587 4224 1764 4278 λαῖκοί
1790 4242 1803 4254 ·
1839 4226 1933 4277 καὶ

2033 4225 2362 4289 extollatse,
2395 4238 2493 4278 nec
2513 4220 2811 4292 presbyteri
2836 4219 2888 4273 in
2922 4219 3131 4288 plebem
3162 4237 3175 4271 :
3213 4232 3278 4272 ex
3350 4217 3598 4284 utrisque

323 4326 392 4380 τὸ
427 4324 542 4396 μὲν
571 4316 710 4373 εἶναι
739 4320 1086 4391 Χριστιανὸν,
1119 4320 1211 4387 ἐφ’
1249 4319 1407 4389 ἡμῖν’
1446 4317 1509 4369 τὸ
1536 4318 1592 4370 δὲ
1614 4314 1929 4378 ἀπόστολον,

2034 4315 2179 4368 enim
2213 4323 2385 4368 castus
2425 4310 2747 4379 compositio
2787 4317 2981 4362 exstat.
3020 4307 3271 4376 Episc0pi
3300 4306 3499 4376 quippe
3532 4319 3597 4357 ac

323 4417 362 4491 ἢ
377 4395 719 4475 ἐπίσκοπον,
740 4412 913 4483 ἢάλλο
927 4429 1004 4475 τι,
1017 4412 1115 4463 οὐκ
1131 4411 1213 4479 ἐφ’
1236 4411 1386 4480 ἡμῖν,
1401 4407 1513 4461 ἀλλ’
1530 4408 1621 4460 ἐπὶ
1644 4406 1720 4477 τῷ
1740 4406 1933 4459 διδόντι

2035 4405 2353 4477 presbyteri,
2402 4402 2763 4474 quorumdam
2814 4411 2942 4459 sunt
2980 4400 3312 4461 sacerdotes,
3362 4406 3417 4451 et
3453 4395 3597 4458 laici,

323 4484 458 4580 εδεῷ
483 4505 563 4559 τὰ
589 4504 921 4577 χαρίσματα.
954 4501 1137 4555 Ταῦτα
1172 4503 1267 4573 μὲν
1319 4498 1412 4555 οὖν
1451 4502 1543 4554 ἐπὶ
1574 4500 1822 4553 τοσοῦτον
1854 4502 1929 4553 εί-

2034 4499 2395 4564 quorumdam
2416 4506 2542 4552 sunt
2560 4496 2683 4553 laici
2701 4512 2716 4561 ;
2735 4510 2799 4550 ac
2823 4508 2944 4549 esse
2962 4492 3181 4563 quidem
3205 4490 3596 4551 Christianum,

320 4600 539 4674 ρήσθω
561 4596 649 4651 διὰ
666 4597 792 4659 τοὺς
821 4595 1150 4662 ἀξιωθέντας
1169 4593 1565 4665 χαρισμάτωνῆ
1581 4592 1926 4663 ἀξιωμάτων.

2034 4592 2089 4645 in
2129 4597 2315 4644 nostra
2361 4586 2617 4640 consistit
2656 4588 2963 4652 potestate;
3012 4586 3069 4631 at
3100 4592 3224 4633 esse
3253 4573 3561 4645 apostolum
3584 4612 3601 4635 ,

322 4668 429 4749 aut
460 4690 814 4761 episc0pum,
870 4697 965 4742 aut
992 4687 1124 4757 quid
1150 4686 1347 4749 simile,
1397 4694 1600 4740 nostrae
1658 4700 1767 4739 non
1814 4691 1899 4739 est
1944 4682 2253 4753 potestatis,
2294 4694 2484 4734 verum
2528 4676 2595 4729 ad
2633 4675 2803 4729 Deum
2843 4672 3158 4742 largitorem
3208 4668 3603 4723 charismatum

319 4759 603 4858 pertinet.
630 4780 754 4835 Haec
770 4780 936 4851 igitur
952 4781 1216 4835 hactenus
1245 4779 1393 4833 dicta
1444 4777 1579 4840 sint,
1622 4783 1843 4847 propter
1890 4791 1986 4833 eos
2035 4776 2128 4847 qui
2158 4774 2309 4845 dignl
2347 4769 2520 4827 habiti
2552 4775 2680 4823 sunt
2732 4773 2791 4820 ut
2845 4763 3176 4819 charismata
3202 4760 3287 4815 vel
3315 4759 3606 4828 dignitates

323 4877 685 4945 acciperent.

884 4960 1280 5015 ΚΕΦΑΛᾹῙΟΝ
1318 4960 1392 5012 B'.

512 5053 657 5121 Περὶ
689 5053 807 5107 τῶν
836 5036 1182 5106 ἐπισκόπὼν
1212 5051 1319 5121 καί
1348 5049 1785 5118 πρεσϐυτέρων

932 5123 1196 5187 ἀναξίων
1224 5120 1354 5193 (79).

332 5222 574 5279 Ἐκεῖνο
592 5217 649 5270 δὲ
679 5216 1038 5288 προστίθεμεν
1065 5214 1143 5285 τῷ
1167 5214 1328 5285 λόγῳ,
1350 5214 1431 5267 ὃτι
1462 5211 1586 5266 οὐτε
1610 5213 1716 5275 πᾶς
1742 5214 1771 5265 6
1788 5228 1923 5282 προ-

407 5339 431 5368 ¹
467 5330 646 5387 lCor.
671 5331 842 5400 111,8.
918 5330 940 5361 ³
967 5328 1141 5384 Exod.
1175 5328 1341 5392 vu,l.
1417 5326 1570 5383 l’Jos.
1605 5342 1659 5380 ι.
1745 5325 1817 5360 ⁸ο⁸
1835 5322 1901 5377 ιιι
1928 5320 2060 5393 Reg.
2088 5335 2205 5383 xu,
2234 5319 2331 5382 l8;
2386 5315 2543 5370 Rom.
2567 5330 2644 5377 XI,
2670 5313 2724 5369 4.

320 5426 455 5472 xw,
498 5418 593 5460 ιιι.

2636 4946 2867 5002 CAPUT
2925 4944 2986 5002 ll.

2292 5044 2366 5097 De
2386 5042 2642 5112 episcopis
2672 5050 2721 5093 et
2744 5036 3062 5110 presbyteris
3092 5032 3343 5103 indignis.

2099 5202 2232 5259 Illud
2251 5218 2379 5258 vero
2403 5200 2640 5257 sermoni
2665 5194 3103 5265 addimus;quod
3134 5208 3232 5248 nec
3256 5193 3433 5249 omnis
3491 5189 3605 5259 qui.

2824 5309 2931 5365 ’Ν
2962 5309 3097 5380 Reg.
3126 5325 3197 5364 vi.
3304 5311 3326 5341 ⁸
3361 5308 3499 5363 Dan.
3531 5322 3604 5372 vr,

1658 5505 2020 5563 VARIORUM
2053 5503 2283 5559 NOTAE.

405 5608 535 5681 (78)
570 5607 683 5681 K_al
712 5611 747 5681 ό
770 5606 913 5681 μὲνΔ
935 5606 1262 5681 ἀρχιερεύς.
1326 5606 1502 5673 Super
1539 5604 1739 5681 celebri
1781 5617 1929 5673 quas.

326 5676 560 5741 stione.
600 5677 839 5732 fueritne
880 5676 1099 5730 Samuel
1138 5692 1385 5729 summus
1440 5676 1702 5744 pontifex.
1746 5688 1928 5728 sacer-

326 5756 443 5810 dos
480 5756 730 5804 tantum.
773 5763 840 5799 an
880 5747 1043 5800 levita
1084 5760 1290 5806 merus.
1325 5747 1495 5799 multa
1523 5760 1552 5797 a
1584 5745 1770 5799 multis
1792 5744 1930 5800 scri-

322 5845 383 5885 ιει
459 5829 625 5885 sunt,
656 5834 779 5886 qum
817 5816 1061 5887 proferre
1086 5815 1221 5869 nihil
1250 5823 1332 5869 est
1356 5831 1597 5871 necesse.
1633 5816 1768 5869 Cor.

685 5917 962 5970 Ρηιιοι.
1009 5912 1124 5968 Gn.
1170 5912 1215 5967 l.

2113 5597 2225 5668 (79)
2244 5596 2381 5661 Περὶ
2410 5593 2546 5656 τῶν.
2566 5601 2671 5648 etc.
2698 5588 3125 5668 U_terq_ue‘V_ind.
3158 5586 3335 5668 codex.
3347 5588 3525 5668 5:01:
3545 5588 3605 5668 οὐ

2038 5656 2394 5795 uagae-Ei;
2417 5668 2444 5719 6
2474 5663 2831 5736 προφητεύων
2852 5656 2890 5731 ’ἢ
2926 5661 3184 5731 δαίμονας
3209 5656 3482 5713 ἐκϐάλλων
3519 5657 3611 5710 εὐ-

2038 5758 2097 5794 σε
2173 5758 2220 5803 ς.
2300 5754 2423 5793 ιειι.

3197 5887 3272 5946 3ῑι
