4062 6258
534 302 662 362 1071

1421 304 1477 359 S.
1515 294 1910 359 CLEMENT’IS
1943 302 1962 355 l
1997 299 2160 358 ROM.
2194 294 2399 356 'PONT.
2435 297 2663 355 OPERA
2699 294 2925 358 DUBIA.

3626 303 3735 362 10τῖ

530 427 693 493 gatus
726 416 962 490 populus
986 432 1094 472 una
1126 432 1250 472 cum
1274 417 1613 490 presbyterio
1638 434 1704 475 ac
1728 419 2000 490 episcopis
2016 419 2105 490 qui

2213 393 2310 472 ’καὶ
2338 417 2664 489 ἁρέσαντος,
2706 414 2973 469 συνελθὼν
3003 417 3032 469 ὁ
3069 414 3197 479 λαὸς
3228 406 3345 486 ἅμα
3379 412 3456 485 τῷ
3484 416 3740 485 πρεσϐυτε.

529 520 827 585 praesentes
856 517 1040 573 erunt,
1082 511 1137 564 in
1184 510 1273 565 die
1302 509 1603 576 Dominica,
1634 513 1962 567 consentiat.
1997 513 2101 578 Qui

528 622 660 661 vero
685 606 828 659 inter
856 603 1098 673 reliquos
1127 604 1439 673 praseipuus
1480 610 1585 668 est,
1637 603 1935 675 interroget
1974 620 2103 674 pre-

530 696 830 769 sbyterium
875 711 939 749 ac
982 695 1216 766 plebem,
1250 710 1319 749 an
1346 696 1460 765 ipse
1488 704 1592 759 est,
1631 711 1790 766 quem
1825 696 1879 751 in
1913 698 2103 767 prasi-

530 788 653 845 dem
694 787 975 859 postulant
1005 802 1020 841 ε
1055 794 1109 841 et
1137 788 1244 842 illis
1276 787 1667 852 annuentibus,
1695 787 1893 842 iterum
1925 797 2100 859 roget,

530 896 598 935 an
626 880 695 935 ab
731 880 988 936 omnibus
1031 880 1404 935 testimonium
1448 880 1667 945 habeat,
1711 881 1857 951 quod
1902 880 2104 953 dignus

529 972 603 1027 sit
634 986 829 1042 magna
872 971 976 1025 hac
1003 978 1056 1025 et
1091 971 1287 1027 illustri
1338 971 1696 1041 prml‘ectura;
1747 988 1815 1026 an
1867 988 1988 1043 quae
2035 973 2103 1028 ad

529 1064 788 1134 pietatem
820 1065 877 1118 in
896 1062 1062 1119 Deum
1092 1071 1362 1133 spectant,
1388 1064 1455 1118 ah
1480 1065 1598 1133 ipso
1618 1066 1728 1120 sint
1751 1073 1899 1120 recte
1924 1064 2101 1133 facta;

529 1170 599 1210 an
640 1156 766 1225 jura
804 1172 932 1226 erga
979 1156 1230 1212 homines
1269 1164 1518 1223 servata;
1560 1172 1623 1211 an
1662 1146 1979 1213 domestica:
2014 1174 2104 1215 res

528 1248 758 1317 pulchre
802 1249 1150 1318 dispensatce,
1201 1264 1269 1302 an
1300 1249 1424 1302 vitae
1456 1250 1708 1303 instituta
1756 1250 1875 1305 sine
1918 1266 2104 1321 repre-

531 1339 815 1394 hensione.
849 1340 1097 1410 Cumque
1137 1340 1379 1397 universi
1414 1342 1642 1411 pariter,
1677 1344 1981 1398 secundum
2013 1363 2105 1401 ve-

530 1430 768 1494 ritatem,
813 1445 922 1484 non
953 1439 1132 1487 autem
1165 1433 1466 1487 secundum
1507 1434 1861 1505 anticipatam
1891 1438 2105 1507 opinio-

530 1536 679 1586 nem,
708 1523 985 1578 testificati
1021 1522 1231 1579 fuerint
1262 1526 1423 1581 talem
1455 1542 1579 1582 eum
1610 1542 1767 1594 esse;
1792 1529 1949 1600 quasi
1977 1538 2104 1586 ante

525 1613 764 1683 judicem
808 1613 1000 1679 Deum,
1045 1631 1109 1671 ac
1152 1615 1456 1685 Christum,
1521 1631 1810 1690 praesente,
1869 1623 2101 1690 scilicet,

528 1707 691 1760 etiam
722 1714 913 1761 saneto
947 1702 1179 1777 Spiritu,
1222 1717 1274 1765 et
1303 1712 1558 1768 omnibus
1590 1714 1799 1768 sanctis
1834 1729 1898 1769 ac
1928 1714 2103 1770 admi-

528 1798 861 1853 nistratoriis
907 1800 1238 1870 spiritibus;
1271 1819 1466 1859 rursus
1510 1805 1674 1860 tertio
1725 1807 2102 1871 sciscitentur,

526 1905 596 1945 an
628 1907 752 1945 vere
779 1892 977 1963 dignus
1006 1894 1077 1948 sit
1108 1894 1414 1950 ministerio
1436 1914 1450 1962 ;
1471 1905 1530 1951 ut
1561 1898 1615 1951 in
1643 1912 1737 1953 ore
1762 1899 1995 1953 duorum
2018 1900 2103 1955 vel

524 1981 693 2036 trium
714 1984 943 2039 testium
979 1992 1086 2040 stet
1121 2000 1283 2041 omne
1310 1987 1630 2056 verbum”;
1659 1998 1821 2061 atque
1844 1992 1912 2047 iis
1942 1995 2104 2048 tertio

526 2074 982 2141 assentientibus,
1036 2076 1262 2149 dignum
1312 2093 1466 2147 esse;
1527 2095 1559 2134 a
1613 2082 1830 2137 cunctis
1886 2092 2103 2153 petatur

527 2166 745 2235 signum
773 2168 1136 2236 assensionis,
1162 2178 1214 2225 et
1238 2170 1491 2227 alacriter
1514 2162 1730 2239 dantes,
1764 2174 2059 2231 audiantur
2085 2198 2098 2233 :

528 2256 854 2328 silentioque
913 2256 1079 2325 facto,
1128 2277 1272 2318 unus
1331 2278 1398 2317 ex
1445 2264 1639 2334 primis
1688 2268 1961 2337 episcopis
1996 2284 2103 2322 una

527 2361 653 2402 eum
684 2346 898 2406 duobus
927 2351 1048 2407 aliis
1072 2366 1239 2423 prope
1266 2354 1439 2411 altare
1470 2362 1646 2423 stans,
1698 2359 1927 2429 reliquis
1985 2360 2102 2430 epi—

528 2440 713 2506 scOpis
741 2455 805 2495 ac
829 2443 1166 2514 presbyteris
1199 2446 1362 2501 tacite
1384 2448 1691 2513 orantibus,
1727 2456 1891 2521 atque
1914 2451 2104 2507 diaco-

527 2529 618 2586 nis
652 2530 833 2587 divina
881 2533 1169 2606 Evangelia
1196 2552 1362 2608 super
1408 2549 1571 2608 caput
1594 2541 1712 2610 ejus
1758 2542 1849 2611 qui
1882 2543 2107 2599 ordina-

527 2629 617 2675 tur
639 2630 825 2694 aperta
857 2628 1191 2694 tenentibus,
1223 2629 1371 2685 dicat
1392 2630 1459 2685 ad
1485 2631 1651 2688 Deum
1680 2654 1692 2689 :

599 2977 644 3010 ³⁸
681 2976 870 3035 Matth.
903 2994 1061 3041 xvm,
1093 2979 1180 3036 16.

2212 512 2310 584 ρίῳ
2342 511 2436 565 καὶ
2474 513 2593 574 τοῖς
2620 509 2884 580 παροῦσιν
2933 507 3280 569 ἐπισκόποις.
3333 505 3392 558 ὲν
3440 505 3608 577 ἡμέρᾳ
3646 510 3742 563 Κυ.

2210 605 2372 676 ριακῇ
2405 601 2538 673 (89),
2574 598 2978 654 συνευδοκείτω.
3020 600 3078 652 ’0
3104 598 3161 652 δὲ
3200 598 3489 669 πρόκριτος
3516 596 3612 651 τῶν
3652 617 3741 654 Αοι.

2202 696 2355 760 πῶν,
2383 696 2647 766 ἐρωτάτω
2674 691 3070 765 πρεσϐυτέριον
3093 690 3188 743 καὶ
3213 684 3303 742 τὸν
3336 688 3489 753 λαὸν,
3534 691 3578 741 εί
3609 692 3744 757 αὐτός

2207 787 2384 855 ἐστιν),
2418 788 2478 841 ὃν
2509 786 2787 839 αἰτοῦνται
2822 786 2905 848 εἰς
2925 785 3161 856 ἄρχοντα
3184 820 3199 847 ,
3232 781 3328 834 καὶ
3359 780 3742 847 ἐπινευσάντων,

2210 878 2684 950 προσεπερωτάτω
2723 879 2771 929 εἰ
2823 876 3180 947 μαρτυρεῖται
3232 871 3335 926 ὑπὸ
3382 870 3588 924 πάντων
3622 871 3745 938 ἄξιος

2210 966 2352 1024 εἶναι
2380 971 2480 1041 τῆς
2515 969 2755 1041 μεγάλης
2784 967 2987 1039 ταύτης
3017 965 3128 1037 (90)
3166 964 3261 1019 καὶ
3303 963 3553 1034 λαμπρᾶς
3576 963 3747 1034 ἡγεμο-

2206 1061 2353 1125 νίας,
2383 1062 2433 1115 εἰ
2451 1059 2521 1113 τὰ
2550 1059 2693 1113 κατὰ
2720 1060 2820 1129 τὴν
2854 1060 2934 1122 είς
2977 1057 3109 1111 Θεὸν
3158 1055 3305 1127 αὐτῷ
3334 1054 3602 1108 εὐσέϐειαν
3636 1073 3747 1109 κατ-

2205 1152 2494 1223 ώρθωται,
2549 1154 2600 1205 εί
2649 1152 2719 1206 τὰ
2762 1151 2898 1223 πρὸς
2947 1147 3265 1221 ἀνθρώπους
3313 1148 3495 1200 δίκαια
3536 1147 3748 1215 πεφύλα-

2206 1261 2354 1307 κται,
2378 1247 2425 1297 εἰ
2455 1244 2523 1297 τὰ
2554 1243 2696 1297 κατὰ
2724 1244 2815 1296 τὸν
2845 1238 2992 1295 οἶκον
3021 1240 3184 1294 αὐτοῦ
3215 1239 3394 1301 καλῶς
3420 1239 3747 1310 ᾠκονόμηται,

2208 1336 2256 1387 εἰ
2285 1336 2355 1389 τὰ
2392 1335 2535 1388 κατὰ
2577 1337 2667 1389 τὸν
2709 1335 2820 1405 βίον
2852 1333 3248 1403 ἀνεπιλήπτως.
3283 1330 3394 1383 Καὶ
3423 1331 3626 1383 πάντων
3654 1332 3751 1401 ἅμα

2210 1427 2353 1480 κατὰ
2387 1427 2676 1499 ἀλήθειαν,
2728 1427 2846 1479 ἀλλ’
2901 1426 2961 1478 οὐ
3000 1424 3143 1479 κατὰ
3192 1423 3458 1496 πρόληψιν
3506 1439 3750 1494 μαρτυρη-

2211 1520 2420 1573 σάντων
2453 1518 2695 1573 τοιοῦτον
2741 1520 2903 1572 αὑτὸν
2934 1512 3073 1571 εἶναι
3098 1557 3113 1581 ,
3149 1516 3225 1580 ὼς
3259 1517 3353 1569 ἐπὶ
3397 1516 3615 1586 δικαστῇ
3652 1515 3751 1586 Θεῷ

2207 1614 2303 1668 καὶ
2333 1612 2556 1684 Χριστῷ
2579 1652 2594 1676 ,
2630 1611 2898 1683 παρόντος
2920 1609 3121 1681 δηλαδὴ
3168 1608 3264 1661 καὶ
3293 1605 3386 1659 τοῦ
3434 1607 3583 1674 ἁγίου
3607 1606 3752 1659 Πνεύ-

2217 1723 2384 1778 ματος
2407 1745 2421 1768 ,
2473 1706 2567 1759 καὶ
2614 1704 2832 1758 πάντων
2882 1703 2991 1755 τῶν
3040 1701 3209 1769 ἁγίων
3253 1700 3351 1754 καὶ
3397 1697 3754 1770 λειτουργωιῶν

2207 1798 2533 1869 πνευμάτων
2563 1797 2708 1868 (91),
2762 1798 2827 1849 ὲκ
2875 1794 3059 1866 τρίτου
3104 1792 3266 1846 πάλιν
3317 1791 3687 1853 πυθέσθωσαν,
3714 1792 3755 1845 si

2207 1889 2355 1956 ἄξιός
2379 1889 2527 1942 ἐστιν
2568 1888 2784 1959 ἀληθῶς
2811 1888 2910 1957 τῆς
2936 1883 3294 1954 λειτουργίας*
3329 1883 3418 1935 ἵνα
3464 1882 3553 1935 ἐπὶ
3580 1881 3758 1953 στόμαο

2205 1998 2297 2045 τος
2324 1980 2419 2033 δύο
2456 1980 2489 2051 ἢ
2537 1979 2707 2051 τριῶν
2758 1977 3051 2050 μαρτύρων
3102 1975 3272 2046 σταθῇ
3318 1975 3428 2028 πᾶν
3476 1975 3636 2045 ρῆμω
3680 1971 3760 2027 καὶ

2210 2070 2548 2142 συνθεμένων
2579 2070 2758 2125 αὐτῶν
2807 2071 2871 2122 ὲκ
2904 2067 3086 2141 τρίτου
3118 2066 3266 2133 ἄξιον
3316 2061 3490 2129 εἶναι,
3539 2060 3760 2121 ἀπαιτη-

2211 2166 2428 2221 σθωσαν
2466 2165 2515 2217 οἱ
2548 2164 2751 2226 πάντες
2794 2160 3042 2232 σύνθημα
3080 2158 3212 2230 (92)·
3254 2158 3347 2210 καὶ
3372 2154 3554 2220 δόντες
3581 2153 3761 2227 προθύ-

2211 2278 2354 2333 μως,
2388 2257 2795 2312 ἀκουέσθωσαν·
2838 2255 2933 2308 καὶ
2968 2252 3179 2323 σιωπῆς
3207 2250 3535 2321 γενομένης,
3569 2244 3646 2312 εἷς
3670 2246 3763 2301 τῶν

2209 2351 2439 2425 πρώτων
2466 2350 2778 2403 ἐπισκόπων
2808 2348 2923 2419 ἅμα
2968 2348 3061 2400 καὶ
3092 2345 3243 2399 δυσὶν
3288 2343 3529 2415 ἑτέροις,
3561 2340 3762 2413 πλησίον

2206 2444 2299 2498 τοῦ
2330 2442 2713 2514 θυσιαστηρίου
2745 2439 2945 2502 ἑστὼς,
2980 2437 3088 2490 τῶν
3116 2434 3318 2489 λοιπῶν
3355 2433 3664 2489 ἐπισκόπων
3683 2431 3764 2487 καὶ

2209 2535 2594 2609 πρεσϐυτέρων
2633 2535 2810 2604 σιωπῇ
2847 2528 3330 2602 προσευχομένων,
3364 2526 3476 2579 τῶν
3515 2526 3570 2579 δὲ
3607 2522 3763 2578 διακό-

2214 2644 2316 2684 νων
2348 2627 2418 2681 τὰ
2442 2627 2558 2681 θεῖα
2587 2625 2893 2694 Εὑαγγέλια
2924 2622 3016 2676 ἐπὶ
3043 2621 3142 2691 τῆς
3186 2618 3277 2672 τοῦ
3311 2617 3763 2690 χειροτονουμένου

2213 2720 2455 2791 κεφαλῆς
2514 2717 2895 2788 ἀνεπτυγμένα
2958 2711 3322 2782 κατεχόντων,
3383 2711 3588 2780 λεγέτω
3648 2707 3764 2779 πρὸς

2211 2813 2361 2865 Θεόψ

1838 3135 2198 3192 VARIORUM
2238 3136 2467 3195 NOTAE.

601 3314 715 3386 (89)
763 3315 866 3369 Ἐν
890 3314 1382 3389 ἡμέρᾳ-Κυριακῆ.
1410 3314 1469 3369 In
1493 3317 1639 3373 tritis
1661 3326 1716 3389 et
1737 3318 1969 3389 vulgatis
1995 3332 2103 3372 non

2217 3326 2409 3379 sute,et
2432 3329 2641 3370 rursum
2664 3320 3019 3389 unusquisque
3043 3315 3296 3373 Ecclesia:
3316 3338 3457 3386 sum,
3484 3331 3538 3375 et
3559 3322 3767 3388 reliqua,

528 3396 617 3444 est
634 3384 1054 3440 immorandum.
1085 3384 1271 3454 Itaque
1296 3401 1592 3455 proponam
1614 3384 1958 3441 solummodo
1986 3403 2103 3441 cor-

529 3467 751 3527 ruptum
783 3470 1045 3527 canonem
1080 3456 1295 3527 concilii
1325 3455 1800 3527 Caesaraugustam
1832 3458 1998 3520 tertii,
2043 3464 2103 3511 ut

529 3525 839 3583 emendem.
872 3525 1093 3595 Legitur
1125 3545 1139 3581 :
1186 3526 1251 3579 In
1283 3535 1524 3579 sanctum
1557 3525 1607 3582 ei
1642 3528 1773 3581 satis
1814 3527 2105 3581 venerabile

531 3596 814 3651 concilium
844 3595 1190 3654 residentibus
1224 3598 1526 3649 nuntiatum
1556 3607 1634 3652 est
1670 3598 1838 3663 nobis,
1869 3614 1927 3651 eo
1966 3597 2106 3667 quod

532 3666 697 3736 aliqui
740 3667 1035 3737 pontiﬁces
1065 3667 1298 3737 regulam
1342 3668 1577 3737 veritatis
1620 3666 2100 3737 prtetermittentes,

531 3737 778 3791 ecclesias
802 3753 917 3806 qua:
944 3754 976 3789 a
1006 3736 1246 3805 ﬁdelibus
1290 3738 1382 3806 pia
1410 3736 1679 3792 devotione
1704 3748 2103 3801 construuntur,

531 3817 684 3863 extra
705 3806 887 3861 diebus
911 3806 1203 3861 Dominicis
1236 3817 1556 3879 consecrent.
1585 3808 1648 3879 Si
1669 3825 1791 3879 ergo
1821 3825 1937 3862 cum
1960 3808 2106 3877 quis-

532 3894 630 3949 que
662 3886 915 3949 nostrum,
956 3878 1271 3949 mortalium
1292 3878 1361 3930 ad
1408 3878 1737 3932 sacerdotale
1775 3888 2108 3949 promovetur

535 3948 789 4030 ofﬁcium,
822 3948 1139 4030 nullatenus
1162 3948 1399 4030 patimur
1428 3958 1499 4030 ,ιιι
1642 3948 1873 4030 reliquis
1899 3948 2104 4030 diebus,

535 4017 639 4090 nisi
678 4028 883 4090 tantum
924 4017 1217 4073 Dominicis
1263 4019 1660 4090 festivitatibus,
1705 4017 1760 4073 iii
1782 4020 1873 4090 qui
1891 4019 2106 4072 honoris

534 4088 680 4159 digni
720 4087 975 4142 habentur
1015 4090 1208 4158 oﬁicio,
1256 4089 1311 4143 in
1333 4090 1515 4143 ordine
1543 4087 1907 4159 prwﬁciantur
1944 4090 2109 4145 eccle-

535 4159 771 4231 siastico,
797 4171 992 4231 quanto
1024 4160 1190 4231 magis
1210 4168 1265 4212 ut
1281 4159 1529 4229 deiﬁcata
1545 4170 1731 4231 sancta
1754 4161 1967 4230 templa,
1992 4176 2108 4231 qua:

536 4228 600 4282 ab
633 4228 927 4283 hominibus
960 4230 1202 4298 ﬁdelibus
1233 4228 1508 4284 censentur
1536 4228 1958 4299 honoriﬁcanda,
1996 4228 2109 4284 sine

534 4300 717 4353 diebus
734 4299 1027 4354 Dominicis
1049 4301 1418 4368 perhibeantur
1440 4301 1835 4358 consecranda?
1857 4301 2108 4369 cujusque

535 4386 639 4423 non
691 4371 877 4423 talium
924 4370 1355 4439 prwsumptiones
1397 4373 1725 4439 pontiﬁcum,
1774 4388 1880 4425 non
1937 4371 2109 4430 solum

537 4450 841 4493 sanctorum
858 4439 1084 4493 Patrum
1108 4440 1464 4495 cohiberemur
1483 4444 1753 4510 prohibere
1774 4443 2107 4504 sententiam,

536 4510 626 4564 sed
661 4510 875 4576 propria
910 4510 1281 4564 deliberatione
1318 4529 1609 4576 censemus,
1654 4523 1711 4566 ut
1741 4513 1876 4565 nulli
1904 4513 2110 4581 penitus

533 4582 865 4648 pontiﬁcum,
913 4581 968 4633 in
1018 4585 1409 4652 quibuscunque
1505 4585 1747 4637 rovinciis
1784 4583 2104 4646 constitutis,

539 4651 731 4705 amodo
764 4652 935 4705 liceat.
960 4662 1150 4705 matter
1182 4654 1337 4705 certis
1371 4600 1552 4705 diebus
1584 4653 1900 4705 Dominicis.
1946 4652 2104 4705 eccle—

539 4651 731 4706 amodo
764 4652 935 4716 liceat,
959 4662 1150 4718 pratter
1182 4654 1337 4705 certis
1371 4652 1455 4707 die

538 4722 649 4793 sias
692 4732 907 4775 sanctas
932 4738 1255 4776 consecrare.
1293 4720 1471 4778 Scribi
1500 4724 1659 4780 debet
1685 4744 1697 4778 :
1725 4721 1991 4793 Cujusque
2017 4740 2112 4777 nos

540 4790 731 4845 talium
754 4794 1186 4860 pra’sumptiones
1208 4794 1536 4862 pontiﬁcum,
1568 4810 1672 4847 non
1705 4790 1878 4849 solum
1900 4790 2115 4847 sancto-

538 4878 658 4914 rum
694 4862 919 4915 Patrum
943 4864 1241 4917 cohibemur
1273 4864 1542 4932 prohibere
1568 4866 1855 4923 sententia:
1879 4863 1968 4917 sed
1996 4879 2115 4931 pro-

536 4933 660 5059 ἔτεα
706 4933 1079 4987 deliberatione
1123 4950 1415 4999 censemus,
1463 4945 1518 4988 ut
1568 4935 1702 4989 nulli
1728 4936 1955 5004 penitus,
2005 4946 2108 4991 etc.

584 5018 676 5059 οτ.

584 5018 676 5060 οτ.

611 5072 724 5146 (90)
754 5076 993 5143 Ταύτης.
1028 5076 1179 5130 Alter
1202 5074 1325 5130 cod.
1358 5075 1452 5127 τοῦ
1481 5074 1637 5129 Θεοῦ.
1671 5075 1768 5130 CL.

613 5145 726 5217 (91)
756 5146 868 5199 Καὶ
913 5146 1153 5217 ,πάντων
1184 5146 1303 5199 τῶν
1338 5146 1522 5215 ἁγίων
1549 5146 1646 5200 καὶ
1692 5146 2118 5216 λειτουργικῶν

539 5216 913 5287 πνευμάτων.
941 5216 1179 5283 Etenim,
1198 5218 1356 5287 juxta
1377 5219 1703 5273 sententiam
1727 5216 1827 5273 SS.
1855 5217 2073 5272 Patrum
2094 5258 2111 5283 ,

540 5288 748 5358 angelis
777 5289 967 5412 lgiones
1009 5295 1137 5343 sunt
1182 5289 1461 5349 ecclesiae,
1516 5289 1817 5357 praesertim
1863 5300 2112 5359 tempore

541 5359 711 5412 divini
739 5374 772 5412 o
832 5360 924 5412 cii.
957 5368 1011 5412 et
1032 5360 1087 5412 in
1114 5360 1556 5412 solemnitatibus
1581 5379 1596 5412 :
1626 5374 1764 5412 auos
1797 5359 1940 5412 inter
1965 5360 2112 5412 prin-

541 5359 711 5413 divini
739 5359 924 5423 oﬂicii,
957 5368 1011 5414 et
1032 5360 1087 5413 in
1114 5360 1556 5415 solemnitatibus
1581 5379 1596 5416 :
1626 5374 1764 5430 quos
1797 5359 1940 5415 inter
1965 5360 2113 5429 prin-

543 5430 718 5501 cipem
744 5431 994 5485 obtinent
1025 5430 1207 5485 locum
1250 5431 1425 5501 angeli
1467 5431 1726 5501 praesides
1779 5446 1843 5484 ac
1892 5431 2111 5500 patroni

543 5500 921 5571 ecclesiarum,
941 5502 1116 5571 angeli
1147 5500 1414 5571 altaribus
1433 5500 1758 5558 assistentes
1788 5508 1951 5571 atque
1971 5516 2109 5570 pra:-

547 5569 843 5642 sidentes._
884 5569 1171 5642 Insigniter
1246 5570 1619 5628 Tertullianus
1684 5571 1763 5625 De
1827 5569 2107 5642 pudicitia,

546 5654 666 5711 cap.
700 5640 766 5711 14
784 5658 797 5693 :
815 5640 962 5696 Lusit
989 5640 1153 5711 igitur
1174 5652 1223 5696 et
1254 5642 1318 5697 de
1345 5660 1441 5698 suo
1469 5644 1660 5710 spiritu
1687 5652 1735 5695 et
1765 5642 1828 5696 de
1858 5640 2110 5696 Ecclesia:

548 5708 765 5793 Angela,
798 5708 1195 5793 etc._9rigenes
1226 5714 1413 5768 homil.
1444 5708 1547 5793 Η,⁵
1564 5715 1619 5767 in
1644 5712 1936 5793 Numeros:
1961 5711 2107 5793 Olfe-

551 5788 673 5832 runt
695 5790 743 5834 et
782 5784 954 5853 angeli
979 5782 1267 5850 primitias,
1320 5784 1674 5853 unusquisque
1711 5782 1864 5837 credo
1907 5784 2075 5854 gentis

2213 3392 2338 3510 quae
2382 3389 2514 3457 lege,
2547 3388 2592 3442 si
2626 3402 2810 3455 vacat;
2852 3388 3036 3445 hotuil.
3065 3390 3137 3445 ΞΟ
3179 3410 3193 3446 :
3237 3390 3543 3444 Secundum
3577 3409 3634 3443 ea
3671 3406 3772 3459 qua!

2254 3474 2446 3510 oannes
2484 3462 2538 3510 in
2579 3463 2891 3510 Anocalupsi
2943 3459 3144 3510 scribit-
3198 3462 3484 3510 unicuiaue
3541 3460 3772 3510 Ecclesia:

2254 3474 2446 3531 oannes
2484 3462 2538 3511 in
2579 3463 2891 3531 Apocalypsi
2943 3459 3144 3525 scribit,
3198 3462 3484 3531 unicuique
3540 3460 3773 3514 Ecclesia:

2212 3529 2529 3597 generaliter
2571 3530 2788 3598 angelus
2833 3542 3042 3599 prteest.
3094 3531 3331 3599 Humilia
3375 3529 3442 3585 l5
3486 3534 3544 3585 in
3590 3531 3776 3585 Lucam

2209 3601 2369 3680 binos
2402 3597 2689 3680 episcopos
2721 3597 2963 3680 singulis.
2988 3597 3239 3654 ecclesiis
3270 3599 3563 3680 praeponit,
3596 3599 3770 3680 visibi-

2208 3667 2313 3723 lem
2344 3684 2408 3724 ac
2435 3667 2784 3732 invisi—bilem,
2814 3667 3093 3723 hominem
3118 3667 3284 3738 atque
3315 3670 3576 3737 angelum
3632 3667 3769 3720 Mitto

2208 3740 2312 3809 alia
2342 3740 2483 3803 loca,
2509 3741 2647 3809 alios
2690 3738 3236 3809 auctores.Adjungo
3260 3738 3531 3792 duntaxat
3561 3739 3773 3808 gemella

2208 3808 2393 3865 Basilii
2429 3817 2483 3864 et
2510 3808 2735 3864 Palladii
2771 3829 2784 3864 :
2818 3810 2985 3876 illius,
3024 3808 3187 3879 epist.
3216 3808 3315 3879 191
3358 3827 3371 3862 :
3409 3808 3525 3862 Καὶ
3562 3811 3591 3861 ό
3621 3810 3775 3875 ἄγγε-

2207 3878 2803 3961 λος-όθτῆςηξκκλησίας
2824 3880 3022 3961 ,ἔφορος
3042 3878 3378 3961 συναπῆλθεν
3409 3880 3573 3961 ὑμξν;
3604 3879 3773 3961 hujus,

2209 3951 2266 4004 in
2307 3947 2444 4003 Vita'
2468 3947 2834 4021 Chrgsostomi
2852 3947 2883 4002 ε’
2904 3947 3164 4021 Egressus
3176 3947 3267 4021 est
3296 3947 3539 4021 camilla
3572 3947 3775 4018 angelus

2248 4037 2417 4090 uoque
2460 4019 2716 4075 ecclesiis.
2762 4020 2881 4075 Jam
2914 4021 2981 4074 de
3013 4019 3220 4089 angelis
3263 4019 3546 4090 altarium,
3594 4026 3776 4090 praeter

2258 4089 2439 4144 ratum
2480 4091 2765 4161 spirituale
2804 4106 2925 4161 cap.
2970 4089 3025 4152 4,
3066 4096 3312 4161 testatur
3342 4089 3401 4161 S.
3436 4089 3772 4161 Epiphanius

2210 4162 2404 4216 hanesi
2434 4159 2527 4225 25,
2564 4178 2689 4231 cap.
2718 4162 2771 4224 5,
2799 4159 2949 4231 hisce
2970 4159 3154 4231 verbis
3190 4180 3203 4214 :
3250 4159 3614 4231 Ἀπὸγτῆςτου
3636 4159 3779 4231 ἁγίου

2212 4231 2462 4285 Ἰωάννου
2480 4228 2912 4301 Ἀποέαλύψεως,
2926 4230 2982 4294 ὃς
2994 4229 3218 4301 γράφων
3235 4232 3331 4301 μιᾷ
3342 4228 3656 4301 τῷνἘκ;ιλη
3665 4229 3780 4281 σιῶν

2208 4304 2273 4355 ὲκ
2284 4302 2578 4373 προσώπου
2603 4298 2828 4373 Κυρίου,
2851 4298 3093 4373 τουτέστι
3112 4300 3188 4371 τῷ
3209 4298 3497 4373 extum?
3514 4298 3594 4373 τῷ
3617 4298 3782 4373 ἐκεῖσε

2211 4369 2639 4434 κατασταθέντι,
2674 4369 2770 4425 σὺν
2822 4374 2909 4442 τῇ)
2950 4369 3177 4442 δυνάμει
3222 4369 3316 4442 τοῦ
3365 4369 3781 4442 ἁγίουίᾴγγέλομυ

2208 4442 2303 4496 τοῦ
2342 4444 2433 4495 ἐπὶ
2466 4443 2559 4496 τοῦ
2593 4439 3006 4513 θυσιαστηρίου,
3039 4439 3236 4513 φησίν,
3262 4440 3329 4493 Et
3364 4441 3545 4495 sancti
3567 4439 3783 4513 {cannis

2211 4513 2558 4583 Apocalypsi;
2609 4515 2699 4582 qui
2740 4511 2808 4566 ad
2843 4506 3017 4583 unam
3053 4506 3399 4583 ecclesiarum
3413 4580 3445 4583 __
3457 4525 3533 4583 ea:
3580 4506 3786 4583 Domini

2211 4580 2435 4653 persona
2456 4580 2707 4647 scribens,
2740 4584 2793 4637 id
2822 4590 2921 4647 est,
2951 4581 3018 4635 ad
3057 4582 3355 4651 episcopum
3382 4580 3501 4633 illic
3536 4581 3785 4653 constitu-

1491 4670 1552 4732 u_s
1569 4653 1900 4732 Dominicis,
1946 4652 2109 4707 eccle—
2141 4676 2188 4732 ι)
2212 4651 2500 4732 ιιιιη,“ειιιη
2549 4653 2941 4732 an_gel_i__sancti
2968 4654 3156 4732 virtute
3178 4654 3266 4732 qui
3296 4659 3382 4732 est
3411 4667 3577 4732 super
3601 4651 3784 4732 altare,

2219 4727 2335 4780 ait:
2358 4724 2433 4780 De
2457 4721 2658 4795 templo
2690 4723 3185 4795 Hierosolymitano
3207 4723 3313 4777 ista
3346 4721 3403 4775 Β.
3438 4721 3785 4795 ῌίιολτίἰηςιιιιι

2218 4797 2276 4851 in
2314 4791 2625 4849 Matthaeum
2657 4810 2866 4850 canone
2892 4791 3027 4847 ul't.:
3067 4792 3249 4847 Velum
3292 4791 3472 4860 templi
3490 4791 3786 4848 scinditur;

2220 4868 2345 4935 quia
2367 4864 2553 4919 exinde
2582 4866 2802 4933 populus
2822 4873 2899 4918 est
2922 4862 3118 4917 divisus
3148 4865 3202 4916 in
3232 4871 3450 4935 partes,
3484 4871 3536 4915 et
3580 4861 3678 4935 veli
3707 4862 3793 4913 ho—

2222 4932 2320 4991 nor
2342 4952 2460 4989 cum
2482 4932 2726 4989 custodia
2755 4935 2926 5005 angeli
2954 4934 3267 5005 protegentis
3301 4932 3571 5005 aufertur.
3599 4933 3787 4984 Amto-

2221 5009 2298 5063 ris
2321 5021 2449 5066 vero
2501 5007 2770 5059 sermonis
2799 5003 2852 5069 5,
2899 5007 2954 5058 in
3016 5003 3344 5058 Dominicam
3391 5003 3790 5064 Ascensionem,

2223 5077 2367 5148 apud
2395 5068 2869 5148 Chrysostomum,
2892 5085 3026 5148 tom_.
3060 5073 3130 5128 Vl
3177 5094 3189 5128 :
3223 5073 3488 5148 Ἀγγελος
3571 5068 3794 5148 ὲξῄλατο

2223 5141 2623 5219 τεταραγμένος
2650 5148 2715 5199 ὲκ
2731 5144 2847 5219 nou
2888 5144 3016 5219 ναοῦ
3036 5141 3542 5219 ,περιεσχισμένου
3568 5144 3665 5195 τοῦ
3700 5157 3792 5219 σια-

2217 5212 2633 5288 ταπετὰσματος
2663 5216 2757 5270 τοῦ
2786 5212 3200 5288 οἵκοψΑηρειιὶε
3228 5231 3256 5267 e
3280 5212 3504 5281 templa,
3531 5213 3794 5267 conscisso

2218 5291 2327 5346 velo
2358 5287 2510 5352 tedis,
2541 5288 2757 5341 territus
2778 5287 3021 5359 exsiluit.
3045 5287 3121 5339 In.
3307 5352 3337 5359 _
3488 5354 3523 5359 __
3633 5353 3644 5359 _
3779 5348 3792 5359 .

2291 5360 2407 5431 (9‘2)
2434 5361 2733 5431 Σρῖθῃμα,
2776 5357 2836 5411 1η
2866 5358 3124 5431 praeclara
3166 5354 3278 5431 illa‘
3305 5352 3529 5431 Synesii
3560 5352 3792 5431 episcopi

2218 5422 2446 5509 epistola
2473 5429 2576 5509 67;
2603 5422 2987 5509 Σύνθημίτῆς
3016 5422 3364 5509 χειροτονίας
3400 5422 3596 5509 semel
3620 5428 3797 5509 ralllfén-l

2219 5492 2477 5558 lectorem
2500 5503 2641 5553 scire
2680 5492 2864 5562 velim,
2897 5492 3050 5552 θ’ωό
3086 5492 3152 5551 de
3189 5496 3375 5550 multis
3420 5494 3635 5549 ritibus
3683 5492 3797 5546 ideo

2218 5585 2391 5642 pauca
2421 5570 2507 5622 vel
2540 5568 2677 5622 nihil
2715 5568 2990 5642 adnotari,
3016 5568 3143 5638 quia
3179 5582 3288 5642 per
3303 5566 3564 5621 homines
3610 5562 3795 5617 doctos

2220 5636 2548 5710 przeventus,
2596 5652 2785 5692 eorum
2845 5636 3051 5710 scripta
3093 5636 3390 5707 compilare
3442 5646 3797 5707 nequaquam

2218 5712 2484 5770 sustineo.
2509 5709 2646 5764 Cor.
