4062 6258
360 342 500 401 1073

894 458 1289 513 ΚΕΦΑΛΑΙΟΝ
1329 463 1403 514 Ε’.

515 550 868 617 Ἐπέᾶιλησις
895 551 993 603 ἐπὶ
1022 554 1388 620 χειροτονίας
1421 554 1784 609 ἐπισκόπων.

445 637 505 697 ’0
532 642 629 705 ὢν,
662 641 933 705 Δέσποτα,
968 643 1162 714 Κύριε,
1195 648 1223 698 6
1268 645 1428 711 Θεὸς,
1462 649 1490 699 6
1518 648 1933 720 παντοκράτωρ,

361 737 392 790 ὁ
420 734 576 806 μόνος
606 732 925 804 ἀγέννητος,
985 736 1077 789 καὶ
1117 736 1486 802 ἀϐασίλευτος*
1527 741 1554 792 6
1584 740 1671 793 ἀεὶ
1703 738 1807 803 ὢν,
1842 741 1937 794 καὶ

365 827 471 897 πρὸ
500 824 606 877 τῶν
636 824 845 878 αἰώνων
870 827 1148 899 ὑπάρχων·
1250 830 1411 882 παντὶ
1433 830 1476 862 ³⁵
1527 831 1776 902 ἀνενδεὴς
1797 872 1811 893 ,
1843 834 1939 885 καὶ

304 974 311 981 _
367 917 547 988 πάσης
570 917 750 981 αἰτίας
779 920 873 971 καὶ
899 920 1165 988 γενέσεως
1209 922 1495 993 κρείττωνο
1544 926 1571 977 6
1616 923 1773 995 μόνος
1808 924 1940 995 ἁλη-

365 1009 509 1071 θινὸς
524 1048 538 1071 ,
558 1010 586 1061 6
610 1008 770 1079 μόνος
791 1010 971 1079 σοφός’
995 1014 1023 1065 6
1047 1010 1122 1065 ὢν
1143 1013 1302 1084 μόνος
1336 1015 1615 1084 ’Ύψιστοςο
1636 1018 1665 1069 6
1683 1020 1749 1088 τῇ
1780 1016 1938 1087 φύσει

364 1099 611 1169 ἀόρατος·
641 1093 704 1152 οὗ
734 1102 990 1172 ήγνῶσις
1033 1103 1287 1176 ἄναρχος
1327 1108 1356 1159 6
1394 1107 1552 1177 μόνος
1588 1108 1816 1177 ἀγαθὸς,
1847 1111 1940 1163 καὶ

368 1192 728 1265 ἀσύγκριτος,
760 1198 787 1249 6
825 1195 893 1250 τά
944 1198 1121 1251 πάντα
1168 1199 1324 1262 εἰδὼς
1356 1200 1483 1270 πρὶν
1530 1201 1794 1273 γενέσεως
1842 1204 1940 1256 αύ-

366 1286 539 1340 τῶνοό
563 1288 672 1340 τῶν
702 1289 959 1360 κρυπτῶν
981 1291 1246 1363 γνώστης·
1269 1296 1296 1349 ὁ
1316 1295 1625 1365 ἀπρόσιτος·
1653 1298 1681 1349 ὁ
1710 1296 1941 1349 ἀδέσπο-

367 1395 478 1440 τος·
535 1380 563 1431 6
592 1377 726 1442 Θεὸς
776 1381 869 1433 καὶ
923 1382 1108 1455 Πατὴρ
1157 1384 1251 1438 τοῦ
1296 1386 1612 1456 μονογενοῦς
1646 1387 1775 1440 Υίοῦ
1824 1404 1939 1454 σου,

371 1469 467 1523 τοῦ
497 1470 630 1523 Θεοῦ
662 1473 755 1523 καὶ
782 1473 1032 1544 Σωτῆρος
1059 1476 1236 1546 ἡμῶνο
1268 1479 1296 1530 ὁ
1327 1477 1654 1549 δημιουργὸς
1672 1479 1778 1534 τῶν
1807 1480 1942 1535 ὂλων

370 1561 439 1615 δι’
471 1561 658 1615 αὐτοῦ·
716 1565 744 1616 6
805 1567 1129 1638 προνοητὴς,
1172 1571 1200 1621 ὀ
1235 1569 1507 1640 κηδεμών·
1542 1572 1570 1624 6
1600 1572 1789 1644 Πατὴρ
1835 1573 1942 1628 τῶν

371 1654 698 1725 οἰκτιρμῶν,
730 1656 822 1709 καὶ
844 1656 976 1721 Θεὸς
998 1659 1178 1731 πάσης
1210 1662 1623 1733 παρακλήσεως
1656 1666 1685 1717 6
1715 1665 1773 1717 ἐν
1806 1665 1944 1737 ὑψη-

372 1746 483 1810 λοῖς
514 1748 812 1813 κατοικῶν,
843 1751 937 1803 καὶ
972 1751 1040 1805 τὰ
1087 1754 1316 1807 ταπεινὰ
1363 1756 1592 1828 ἐφορῶν.
1630 1757 1700 1810 Σὺ
1752 1759 1779 1810 ὁ
1822 1758 1944 1822 δοὺς

373 1839 533 1910 ὅρους
576 1840 927 1911 Ἐκκλησίας,
958 1842 1046 1896 διὰ
1075 1844 1172 1915 τῆς
1201 1847 1466 1918 ἐνσάρκου
1514 1848 1814 1920 παρουσίας
1852 1849 1945 1902 τοῦ

374 1932 611 2005 Χριστοῦ
657 1951 749 1986 σου
767 1975 780 1999 ,
809 1936 914 1989 ὑπὸ
949 1937 1185 2010 μάρτυρι
1213 1939 1290 2009 τῷ
1320 1941 1657 2012 Παρακλήτῳ
1678 1983 1691 2007 ,
1726 1941 1813 1995 διὰ
1838 1943 1945 1996 τῶν

377 2026 483 2079 σῶν
506 2027 815 2081 ἀποστόλων
839 2069 852 2093 ,
881 2030 974 2081 καὶ
1013 2030 1167 2101 ἡμῶν
1203 2032 1310 2084 τῶν
1344 2033 1525 2104 χάριτι
1569 2037 1633 2105 σῇ
1663 2033 1945 2106 παρεστώ-

374 2134 482 2172 των
530 2119 866 2173 ἐπισκόπων·
924 2124 951 2175 6
992 2123 1290 2194 προορίσας
1322 2125 1380 2191 ἐξ
1424 2126 1597 2196 ἀρχῆς
1649 2127 1813 2198 ἱερεῖς
1868 2128 1947 2190 είς

374 2210 695 2265 ἐπιστασίαν
726 2210 855 2265 λαοῦ
891 2229 1015 2277 σου,
1062 2214 1225 2267 Ἀ6ελ
1268 2217 1325 2268 ἐν
1359 2216 1628 2287 πρώτοις,
1674 2217 1811 2287 Σὴθ,
1855 2219 1948 2271 καὶ

388 2301 553 2366 Ἐνὼς
573 2344 587 2368 ,
628 2304 721 2356 καὶ
779 2304 977 2376 Ἑνὼχ,
1012 2308 1105 2359 καὶ
1134 2308 1254 2360 Νῶε
1274 2348 1287 2373 ,
1323 2310 1416 2361 καὶ
1463 2310 1794 2380 Μελχισεδὲκ
1817 2350 1830 2374 ,
1856 2312 1949 2363 καὶ

340 2387 354 2401 ’
388 2394 529 2448 Ἰώδ·
560 2396 898 2461 ὁάναδείξας
966 2398 1214 2471 Ἀϐραὰμ
1258 2403 1351 2455 καὶ
1402 2403 1528 2466 τοὺς
1584 2404 1802 2467 λοιποὺς
1846 2421 1951 2456 πα-

372 2490 642 2561 τριάρχας
684 2490 779 2544 σὺν
824 2494 937 2555 τοίς
982 2497 1193 2556 πιστοῖς
1231 2511 1323 2546 σου
1369 2495 1694 2563 θεράπουσιν
1726 2498 1954 2551 Μωῦσεῖ

373 2584 472 2636 καὶ
510 2582 747 2655 Ἀαρὼν,
783 2586 876 2637 καὶ
930 2585 1235 2658 Ἐλεαζάρῳ
1277 2588 1372 2640 καὶ
1400 2588 1603 2651 Φινεές·
1630 2591 1657 2641 6
1685 2588 1741 2656 ἐξ
1774 2587 1951 2641 αὐτῶν

376 2676 866 2747 προχειρισάμενος
906 2678 1199 2748 ἄρχοντας,
1232 2680 1327 2731 καὶ
1361 2680 1521 2750 ἱερεῖς
1564 2681 1622 2732 ἐν
1662 2682 1728 2751 τῇ
1780 2683 1950 2752 σκηνῇ

377 2767 473 2820 τοῦ
503 2768 822 2839 μαρτυρίουο
851 2772 879 2823 6
910 2770 1001 2822 τὸν
1030 2770 1283 2842 Σαμουὴλ
1312 2772 1668 2844 ἐκλεξάμενος
1697 2777 1775 2838 εἰς
1804 2775 1954 2845 ἱερέα

380 2859 477 2913 καὶ
528 2860 828 2931 προφήτην⁸
870 2860 948 2931 τῷ
994 2860 1355 2934 ἀγιάσματίη
1398 2880 1490 2917 σου
1540 2864 1953 2935 ἀλειτούργητον

381 2951 461 3024 μὴ
494 2950 887 3020 ἐγκαταλιπών·
919 2955 947 3005 ὁ
975 2954 1272 3026 εὐδοκήσας
1302 2956 1361 3007 ἐν
1398 2952 1479 3017 οἷς
1524 2956 1759 3027 ᾑρετίσω
1804 2955 1957 3023 δοξα-

381 3042 601 3113 σοῆναι.
635 3044 805 3108 Αὐτὸς
832 3045 927 3099 καὶ
968 3046 1063 3100 νῦν
1118 3047 1363 3120 μεσιτείᾳ
1404 3048 1497 3102 τοῦ
1542 3050 1778 3122 Χριστοῦ
1830 3068 1952 3115 σου,

1202 342 1802 401 CONSTITUTIONES
1846 338 2320 397 ΑΡΟΞΤΟΜΟΔΕ.
2357 369 2423 379 —-
2458 337 2581 392 LIB.
2624 336 2758 392 νιιι.

3470 338 3615 395 ΫΟἎ

2654 456 2882 512 CAPUT
2926 457 2985 511 ν.

2256 551 2522 605 Invocatio
2558 551 2610 603 in
2643 550 2973 603 ordinatione
3004 551 3387 618 episcoporum.

2109 642 2211 709 Qui
2244 659 2322 709 es,
2358 642 2489 697 here
2537 641 2787 705 Domine,
2834 640 2998 704 Deus,
3038 642 3407 713 omnipotens,
3448 645 3607 702 solus

2041 733 2320 804 ingenitus
2347 749 2409 788 ac
2438 748 2622 804 regem
2654 748 2765 787 non
2794 733 3037 799 habens;
3072 735 3163 803 qui
3196 750 3411 808 semper
3440 754 3528 800 es,
3556 747 3611 793 et

2042 834 2168 881 ante
2192 827 2390 881 srecula
2420 826 2669 893 exsistis;
2701 825 2793 895 qui
2823 826 2975 880 nullo
3015 825 3247 896 indiges,
3282 844 3609 900 omnemque

2041 935 2264 974 causam
2300 927 2463 989 atque
2510 926 2690 972 ortum
2729 934 2990 987 superas;
3041 919 3191 974 solus
3235 937 3419 975 verus.
3458 923 3610 979 solus

2043 1012 2295 1081 sapiens;
2321 1012 2409 1082 qui
2443 1011 2593 1067 solus
2614 1010 2929 1066 Altissimus
2953 1028 3032 1074 es,
3060 1020 3257 1066 natura
3285 1014 3610 1084 invisibilis;

2042 1104 2199 1173 cujus
2232 1104 2499 1174 cognitio,
2548 1118 2743 1174 expers
2789 1104 3079 1173 principii;
3116 1106 3267 1160 solus
3300 1106 3506 1179 bonus,
3551 1123 3615 1163 ac

2044 1197 2488 1266 incomparabilis
2511 1214 2524 1263 ;
2549 1197 2642 1267 qui
2668 1196 2850 1251 omnia
2874 1197 3018 1251 nosti
3050 1207 3177 1252 ante
3224 1214 3386 1269 quam
3412 1200 3613 1267 ﬁant";

2044 1289 2384 1342 occultorum
2414 1289 2684 1358 cognitor,
2727 1287 3078 1356 inaccessus;
3126 1290 3349 1345 domino
3378 1308 3612 1359 carens;

2044 1381 2189 1437 Deus
2213 1390 2267 1436 et
2284 1380 2447 1436 Pater
2479 1382 2740 1451 unigeniti
2763 1380 2882 1436 Filii
2924 1384 3024 1449 tui,
3076 1384 3171 1439 Dei
3210 1400 3273 1439 ac
3304 1385 3613 1445 Servatoris

2045 1476 2253 1541 nostri;
2285 1473 2537 1529 conditor
2569 1474 2947 1529 universorum
2967 1491 3061 1546 per
3094 1476 3308 1546 ipsum,
3338 1479 3615 1547 provisor,

2048 1576 2219 1633 tutor;
2254 1567 2415 1620 Pater
2440 1565 2960 1629 misericordiarum,
2994 1575 3048 1619 et
3096 1569 3239 1622 Deus
3272 1569 3442 1624 totius
3487 1584 3620 1623 con-

2050 1658 2541 1727 solationis";qui
2591 1658 2645 1712 in
2707 1659 2830 1713 altis
2880 1658 3115 1726 habitas,
3171 1669 3223 1713 et
3274 1659 3500 1713 humilia
3536 1677 3623 1725 re-

2051 1752 2295 1822 spicis“.
2331 1749 2412 1803 Tu
2442 1750 2532 1819 qui
2564 1750 2763 1804 dedisti
2806 1751 2953 1820 leges
2986 1766 3050 1805 ac
3094 1752 3310 1822 regulas
3342 1753 3622 1821 Ecclesia},

2048 1861 2143 1916 per
2170 1844 2373 1906 Christi
2405 1844 2483 1897 tui
2512 1848 2802 1896 adventum
2846 1843 2901 1896 in
2925 1857 3109 1906 carne,
3142 1844 3246 1898 sub
3279 1852 3417 1899 teste
3450 1843 3620 1897 Para-

2050 1939 2211 2003 cleto,
2244 1953 2341 2008 per
2371 1936 2652 2007 apostolos
2686 1944 2830 2001 tuos,
2881 1950 2946 1989 ac
2987 1952 3088 1990 nos
3118 1938 3290 2005 gratia
3319 1945 3410 1989 tua
3441 1946 3623 1992 astan-

2048 2040 2132 2087 tes
2165 2032 2480 2102 episcopos;
2514 2030 2607 2100 qui
2638 2029 2707 2083 ab
2740 2028 2895 2083 initio
2944 2030 3255 2098 priestitisti
3302 2029 3618 2085 sacerdotes

2050 2125 2104 2178 in
2132 2123 2315 2194 populi
2355 2122 2434 2176 tui
2483 2121 2850 2176 curationem.
2899 2120 3121 2175 Abelem
3175 2120 3227 2175 in
3278 2121 3492 2191 primis,
3527 2120 3625 2176 Se~
3710 2122 3724 2147 ³

2051 2218 2227 2281 thum,
2257 2216 2522 2280 Enosum,
2565 2213 2909 2276 Henochum,
2942 2210 3137 2276 Neam,
3168 2213 3624 2269 Melchisedecnm

2051 2320 2105 2366 et
2131 2310 2364 2377 Jobum;
2395 2310 2488 2380 qui
2525 2308 2862 2362 constituisti
2902 2305 3272 2361 Abrahamum
3316 2317 3369 2362 et
3399 2316 3627 2364 caeteros

2052 2401 2418 2473 patriarchas,
2452 2416 2576 2454 cum
2608 2398 2856 2452 ﬁdelibus
2879 2398 2987 2452 tuis
3017 2396 3257 2464 famulis,
3284 2398 3487 2471 Moyse,
3524 2402 3626 2454 Aa-

2055 2509 2206 2557 rone,
2262 2492 2542 2556 Eleazaro,
2586 2489 2820 2556 Phince;
2856 2489 2949 2559 qui
2994 2490 3048 2543 in
3095 2490 3231 2560 ipsis
3272 2490 3627 2561 desumpsisti

2055 2586 2351 2655 principes,
2384 2593 2438 2637 et
2469 2582 2788 2639 sacerdotes
2816 2582 2872 2635 in
2904 2582 3257 2638 tabernaculo
3289 2584 3626 2652 testimonii;

2056 2677 2147 2747 qui
2172 2674 2478 2730 Samuelem
2498 2673 2710 2745 elegisti
2732 2675 2784 2727 in
2814 2673 3156 2728 sacerdotem
3185 2689 3249 2729 ac
3274 2677 3625 2745 prophetam;

2058 2769 2152 2839 qui
2174 2767 2545 2822 sanetuarium
2574 2773 2725 2820 tuum
2744 2765 2863 2820 sine
2881 2766 3153 2821 ministris
3182 2782 3293 2821 non
3318 2768 3625 2836 reliquisti;

2057 2861 2146 2929 qui
2188 2858 2563 2914 benevolentia
2596 2865 2923 2927 prosecutus
2970 2873 3029 2912 es
3057 2873 3153 2914 eos
3210 2858 3266 2912 in
3296 2859 3496 2929 quibus
3534 2876 3631 2913 vo-

2061 2954 2214 3009 luisti
2282 2951 2571 3007 celebrari.
2629 2950 2749 3020 Ipse
2802 2964 2948 3003 nunc
3024 2964 3265 3018 quoque,
3320 2950 3629 3005 intercessu
3691 2982 3700 2991 -

2058 3044 2261 3101 Christi
2286 3043 2387 3106 tui,
2422 3058 2517 3113 per
2538 3057 2640 3095 nos
2673 3041 2897 3096 infunde
2927 3042 3178 3096 virtutem
3205 3042 3523 3111 principalis
3552 3043 3630 3096 tui

375 3136 449 3189 δι’
482 3136 637 3207 ἡμῶν
673 3137 859 3209 ἐπίχεε
907 3139 1007 3209 τὴν
1056 3140 1281 3210 δύναμιν
1328 3141 1422 3196 τοῦ
1477 3142 1805 3213 ἡγεμονικοῦ
1862 3160 1953 3196 σου

2060 3136 2319 3209 Spiritus,
2346 3135 2439 3206 qui
2493 3134 2944 3189 subministratur
2991 3149 3085 3203 per
3127 3135 3386 3188 dilectum
3431 3134 3631 3189 Filium

376 3229 724 3302 Πνεύματος,
778 3233 915 3304 ὅπερ
970 3231 1296 3289 διακονεῖται
1359 3235 1437 3307 τῷ
1478 3236 1820 3311 ἠγαπημένῳ
1862 3254 1955 3290 σου

376 3323 540 3376 Παιδί
581 3323 752 3395 Ἰησοῦ
802 3324 1055 3396 Χριστῷ,
1109 3327 1245 3399 ὅπερ
1290 3328 1601 3400 ἐδωρήσατο
1629 3329 1820 3401 γνώμῃ
1866 3347 1956 3383 σου

374 3415 497 3477 τοῖς
537 3415 712 3484 ἁγίοις
744 3415 1063 3481 ἀποστόλοις
1117 3434 1210 3469 σου
1264 3418 1359 3471 τοῦ
1390 3422 1605 3473 αἰωνίου
1670 3421 1825 3474 Θεοῦ.
1861 3423 1960 3486 Δὸς

375 3508 443 3559 ἐν
471 3505 549 3577 τῷ
576 3507 797 3578 ὀνόματί
833 3524 957 3571 σου,
989 3508 1401 3578 καρδιογνῶστα
1433 3511 1563 3576 Θεέ,
1598 3512 1689 3565 ἐπὶ
1720 3513 1809 3566 τὸν
1842 3513 1961 3566 δοῦ-

374 3597 474 3651 λόν
510 3615 603 3651 σου
631 3599 780 3652 τόνδε
801 3640 815 3663 ,
837 3599 895 3652 ὃν
923 3599 1149 3666 ἐξελέξω
1177 3601 1257 3664 είς
1290 3601 1586 3656 ἐπίσκοπον
1604 3642 1618 3667 ,
1651 3604 1959 3674 ποιμαίνειν

372 3690 485 3759 τὴν
532 3690 691 3759 ἁγίαν
750 3708 843 3743 σου
905 3692 1171 3763 ποίμνην,
1220 3695 1315 3746 καὶ
1371 3694 1785 3767 άρχιερατεύειν
1839 3714 1958 3763 σοι,

373 3783 692 3854 ἀμέμπτως
739 3784 1153 3856 λειτουργοῦντα
1202 3785 1393 3849 νυκτὸς
1438 3788 1529 3839 καὶ
1583 3788 1836 3859 ἡμέρας
1867 3791 1961 3842 καὶ

373 3875 799 3946 ἐξιλασκόμενόν
843 3893 935 3928 σου
965 3876 1024 3928 τὸ
1068 3878 1358 3950 πρόσωπον
1376 3917 1389 3942 ,
1422 3879 1845 3951 ἐπισυναγαγεῖν
1871 3880 1963 3937 τὸν

372 3965 618 4037 ἀριθμὸν
663 3966 771 4019 τῶν
823 3967 1175 4038 σωζομένων,
1244 3972 1338 4022 καὶ⁹
1392 3971 1724 4042 προσφέρειν
1777 3973 1963 4027 σοιτὰ

373 4058 533 4130 δῶρα
556 4058 654 4128 τῆς
686 4060 846 4127 ἁγίας
878 4077 969 4112 σου
1014 4060 1357 4132 Ἐκκλησίας.
1393 4062 1491 4127 Δὸς
1519 4064 1687 4133 αὐτῷ,
1720 4064 1963 4120 Δέσποτα

377 4148 795 4223 παντόκρατορ,
850 4150 939 4204 διὰ
988 4151 1081 4204 τοῦ
1115 4153 1353 4223 Χριστοῦ
1389 4171 1480 4207 σου
1504 4193 1518 4219 ,
1547 4155 1646 4225 τὴν
1677 4157 1963 4225 μετουσίαν

375 4242 482 4298 τοῦ
516 4243 671 4310 ἁγίου
724 4244 1060 4315 Πνεύματος·
1109 4245 1250 4298 ὥστε
1289 4246 1431 4317 ἔχειν
1475 4246 1720 4311 ἐξουσίαν
1750 4250 1964 4317 ἀφιέναι

380 4336 665 4407 ἁμαρτίας
694 4328 832 4388 κατὰ
849 4337 946 4408 τὴν
972 4337 1189 4408 ἐντολήν
1220 4355 1338 4403 σου,
1378 4338 1574 4391 διδόναι
1602 4340 1833 4412 κλήρους
1852 4341 1963 4414 (95)

381 4427 534 4483 κατά
547 4428 608 4480 τὸ
626 4429 872 4499 πρόσταγ
880 4430 955 4500 μά
969 4447 1059 4483 σου
1069 4430 1235 4495 ,λύειν
1251 4431 1309 4484 δέ
1324 4431 1501 4485 πάντα
1519 4432 1813 4503 σύνδεσμον
1826 4432 1965 4487 κατὰ

2060 3239 2213 3285 tuum
2244 3227 2430 3283 Jesum
2459 3227 2762 3290 Christum,
2796 3240 3067 3296 quemque
3102 3226 3385 3281 voluntate
3414 3234 3507 3280 tua
3535 3227 3630 3280 do-

2059 3322 2208 3377 navit
2236 3319 2445 3376 sanctis
2476 3318 2738 3388 apostolis
2770 3318 2837 3371 ad
2868 3326 2919 3372 te
2960 3328 3224 3373 aeternum
3254 3318 3425 3373 Deum
3459 3318 3635 3389 perti-

2060 3416 2339 3471 nentibus.
2364 3412 2439 3465 Da
2469 3413 2526 3465 in
2556 3410 2777 3466 nomine
2805 3418 2922 3476 tuo,
2954 3409 3099 3465 Deus
3134 3410 3386 3481 cognitor
3426 3408 3631 3472 cordis,

2061 3510 2190 3563 huic
2221 3522 2379 3564 servo
2405 3514 2518 3570 tuo,
2552 3506 2730 3561 eleCto
2778 3520 2807 3558 a
2841 3511 2893 3559 te
2941 3504 2996 3558 in
3028 3505 3367 3575 episc0pum,
3411 3518 3636 3573 pascere

2063 3609 2313 3656 sanctum
2338 3607 2491 3653 tuum
2518 3612 2758 3668 gregem,
2809 3604 2865 3651 et
2891 3583 3204 3667 pontiﬁcem
3246 3605 3401 3651 tuum
3454 3611 3634 3665 agere,

2063 3694 2345 3763 inculpate
2400 3691 2807 3746 ministrantem
2838 3697 3001 3744 nocte
3049 3704 3111 3743 ac
3143 3689 3259 3755 die;
3292 3698 3345 3744 et
3374 3688 3638 3757 placando

2066 3785 2256 3840 faciem
2288 3792 2459 3848 tuam,
2492 3797 2822 3852 congregare
2850 3796 3137 3835 numerum
3168 3797 3357 3835 eorum
3381 3781 3473 3850 qui
3503 3779 3639 3834 salvi

2066 3878 2224 3939 ﬁunt,
2263 3889 2327 3929 ac
2350 3875 2544 3930 oﬁerre
2579 3874 2675 3929 tibi
2706 3874 2849 3927 dona
2878 3881 3085 3928 sancta:
3116 3883 3222 3927 tua:
3252 3872 3527 3933 Ecclesiae.
3557 3870 3634 3929 Da

2065 3969 2165 4031 illi,
2197 3967 2420 4021 Domine
2463 3967 2835 4036 omnipotens,
2877 3980 2972 4033 per
3004 3964 3285 4019 Christum
3323 3974 3474 4019 tuum
3512 3979 3637 4033 par?

2065 4051 2439 4129 ticipaﬁonem
2472 4059 2647 4114 sancti
2684 4057 2920 4126 Spiritus
2947 4075 2959 4121 ;
2989 4065 3049 4109 ut
3089 4056 3283 4110 habeat
3312 4065 3636 4124 potestatem

2065 4152 2379 4208 remittendi
2434 4158 2658 4223 peccata
2710 4150 3033 4211 secundum~
3086 4148 3403 4202 mandatum
3463 4158 3637 4215 tuum,

2066 4246 2231 4301 dandi
2274 4245 2450 4300 cleros
2501 4259 2596 4298 seu
2625 4242 2845 4297 ordines
2867 4239 3271 4295 ecclesiasticos
3317 4240 3471 4308 juxta
3504 4255 3642 4308 prae-

2068 4346 2283 4408 ceptum
2335 4322 2509 4401 tuum,
2556 4346 2611 4390 et
2656 4333 2901 4387 solvendi
2950 4348 3110 4387 omne
3140 4332 3416 4386 vinculum
3444 4347 3642 4387 sceun-

2071 4434 2202 4489 dum
2234 4438 2559 4502 potestatem
2596 4443 2759 4499 quam
2791 4426 3027 4480 tribuisti
3066 4425 3326 4495 apostolis
3343 4424 3439 4488 ”';
3475 4433 3642 4493 utque

380 4520 489 4591 τὴν
505 4518 750 4586 ἐξουσίαν
772 4522 835 4592 ἢν
858 4521 1065 4586 ἔδωκας
1087 4525 1200 4586 τοῖς
1220 4524 1556 4588 ἀποστόλοις·
1582 4527 1892 4598 εὐαρεστεῖν
1911 4527 1968 4581 δέ

2077 4525 2173 4581 tibi
2227 4527 2437 4595 placeat
2499 4524 2553 4576 in
2608 4514 3051 4582 mansuetudine,
3105 4526 3158 4573 et
3202 4518 3404 4572 mundo
3453 4518 3639 4581 corde,

384 4628 477 4665 σοι
494 4612 549 4664 ἐν
572 4612 860 4683 πραότητι,
890 4614 983 4665 καὶ
995 4614 1214 4687 καθαρᾷ
1229 4616 1448 4687 καρδίᾳ,
1468 4618 1772 4689 ἀτρέπτως,
1794 4619 1968 4689 ἀμέμ-

383 4721 562 4767 πτως,
577 4704 943 4775 ἀνεγκλήτως,
960 4706 1169 4776 προσφέ
1176 4707 1339 4778 ροντά
1350 4725 1430 4760 σοι
1448 4708 1588 4761 καθα
1597 4710 1692 4779 ράν
1706 4712 1799 4763 καὶ
1812 4710 1966 4763 αναί-

387 4813 601 4867 μακτον
630 4796 850 4861 θυσίαν,
876 4798 942 4868 ἣν
974 4797 1063 4852 διὰ
1084 4798 1321 4869 Χριστοῦ
1340 4800 1570 4867 διετάξω
1588 4802 1649 4854 τὸ
1671 4803 1967 4873 μυστήριον

380 4887 700 4959 τῆςΚαινῆς
713 4889 1002 4961 Διαθήκης,
1027 4891 1107 4953 είς
1120 4891 1293 4962 ὀσμὴν
1314 4892 1564 4957 εὐωδίας,
1579 4893 1668 4947 διὰ
1685 4893 1777 4947 τοῦ
1809 4894 1964 4963 ἁγίου

384 4982 593 5045 Παιδός
626 4998 721 5036 σου
768 4983 938 5053 Ἰησοῦ
965 4984 1202 5056 Χριστοῦ
1250 4985 1343 5038 τοῦ
1390 4985 1525 5039 Θεοῦ
1577 4987 1669 5039 καὶ
1717 4987 1968 5059 Σωτῆρος

473 5163 516 5194 ³⁸
558 5162 592 5216 l‘.
626 5162 823 5230 πάντη.
922 5163 967 5193 ⁸ο
1006 5164 1141 5220 Dan.
1174 5164 1405 5229 xm,42.

387 5234 467 5266 ⁸³⁸
508 5232 695 5287 Matth.
730 5247 882 5295 xvm,
914 5232 1001 5287 18.

1500 5163 1541 5195 εί
1580 5162 1622 5215 ll
1649 5164 1775 5220 Cor.
1809 5180 1847 5228 ι,
1874 5165 1925 5219 '5.
2001 5164 2046 5195 "
2086 5163 2230 5219 Psal.
2266 5178 2395 5227 cxn,
2427 5164 2478 5217 5.

2072 4624 2408 4679 constanter,
2464 4615 2741 4685 inculpate
2790 4626 2853 4665 ac
2902 4609 3455 4679 irreprehcnsibiliter
3509 4608 3642 4663 oile-

2071 4711 2243 4766 rendo
2266 4710 2363 4764 tibi
2394 4723 2590 4778 purum
2624 4715 2679 4761 et
2726 4706 3067 4760 incruentum
3100 4702 3453 4767 sacriﬁcium,
3497 4703 3639 4771 quod

2074 4818 2169 4873 per
2198 4800 2480 4857 Christum
2514 4796 2855 4854 constituisti
2906 4795 3224 4866 mysterium
3264 4792 3402 4848 Novi
3449 4792 3642 4847 Testa-

2074 4895 2263 4958 menti,
2294 4894 2351 4947 in
2393 4892 2617 4946 odorem
2649 4888 2969 4954 suavitatis;
3004 4903 3098 4957 per
3142 4893 3393 4941 sanctum
3445 4882 3642 4937 Filium

2077 4996 2228 5040 tuum
2259 4983 2445 5042 Jesum
2511 4982 2812 5046 Christum,
2860 4980 3026 5034 Deum
3073 4993 3135 5031 ac
3184 4976 3645 5031 Salvatoremno-

2574 5162 2619 5191 ⁸³
2657 5159 2693 5213 t'.
2729 5158 2788 5210 τὸ
2818 5157 3080 5227 ἁγίασμα.
3115 5153 3203 5210 Sic
3234 5164 3287 5210 et
3314 5156 3451 5210 alter
3478 5153 3641 5213 Vind,

1674 5404 1932 5462 VARIOR
1945 5406 2041 5464 un
2078 5404 2309 5461 none.
2409 5462 2415 5479 ,

468 5585 587 5659 (95)
626 5584 860 5639 Διδόγαι
891 5583 1168 5659 κλήρους.
1207 5584 1465 5640 Primitns
1488 5601 1556 5642 ne
1583 5593 1824 5659 sorteac
1852 5598 1961 5637 sor-

382 5652 596 5715 titione
623 5662 885 5725 usurpata
921 5670 1021 5707 vox
1054 5652 1278 5725 κλῆρος,
1307 5666 1492 5724 postea
1531 5656 1596 5710 ad
1646 5656 1814 5709 multa
1843 5668 1965 5724 quae

377 5729 598 5785 sortito
619 5724 1004 5793 obtingebant,
1034 5724 1477 5792 signiﬁcationem
1501 5742 1656 5781 suam
1693 5725 1962 5789 extendit;

379 5799 461 5855 ad
505 5797 857 5871 dignitatem,
910 5795 1125 5854 locum,
1168 5810 1481 5861 numerum,
1526 5796 1804 5859 ordinem,
1840 5810 1965 5864 pos-

2071 5579 2409 5640 sessionem,
2446 5574 2707 5641 ‘aliaque.
2762 5571 2937 5641 Atque
2979 5567 3302 5641 Ιιίογκλῆροι
3354 5570 3502 5641 sunt,
3562 5566 3644 5621 vel

2074 5649 2357 5721 speciatim
2383 5638 2614 5721 ordines
2635 5650 2692 5721 et
2719 5639 2923 5711 gradus
2955 5640 3323 5721 clerico-rum;
3361 5638 3446 5721 vel
3480 5652 3643 5716 gene-

2073 5706 2234 5777 ratim
2293 5719 2409 5771 loca
2442 5706 2906 5775 Christianorum,
2954 5709 3093 5763 inter
3133 5706 3384 5770 clericos,
3434 5706 3667 5775 laicosgv

2074 5799 2303 5853 stantes,
2340 5788 2557 5857 lapsns;
2598 5784 2854 5855 virgines,
2890 5780 3102 5835 viduas.
3140 5790 3241 5835 etc.
3281 5778 3427 5835 Cor.
