4044 6254
356 346 494 404 ιοϊι

1234 337 1829 397 CONSTITUTIONES
1869 337 2343 397 APOSTOLICIE.
2379 371 2450 383 ——
2481 341 2610 397 LIB.
2648 338 2782 399 VIII.

3476 352 3621 409 {078

346 459 495 518 κατὰ
516 457 754 514 διάνοιαν
773 455 914 526 ὑπὲρ
932 453 1113 508 αὐτῶν
1138 453 1643 524 προσευχέσθωσαν,
1665 453 1934 521 λέγοντες·“

2037 453 2337 511 attentione
2365 462 2522 511 orent
2550 454 2796 512 dicentes
2828 475 2841 511 :
2871 456 3033 529 Kyrie
3057 457 3284 516 elcison.
3339 460 3615 522 Diaconus

350 553 523 625 Κύριε
568 550 805 621 ἐλέησον.
838 545 1163 601 Διακονείτω
1207 544 1265 599 δὲ
1311 545 1453 617 ὑπὲρ
1498 544 1695 608 αὐτῶν,
1737 544 1926 613 λέγων·

362 647 535 717 ’Υπὲρ
560 645 667 697 τῶν
698 641 1116 711 κατηχουμένων
1147 639 1346 702 πάντες
1365 638 1441 709 (5)
1470 638 1560 692 τὸν
1590 638 1721 692 Θεὸν
1750 654 1931 710 παραν-

350 739 684 807 καλέσωμεν,
703 734 792 788 ἵνα
818 734 846 786 ό
874 731 1096 801 ἀγαθὸς,
1129 730 1530 802 φιλάνθρωπος,
1555 729 1797 802 εὐμενῶς
1816 733 1931 786 εἰσ-

348 829 555 900 ακούσῃ
590 826 698 880 τῶν
738 825 974 897 δεήσεων
1013 824 1192 877 αὐτῶν
1240 824 1333 876 καὶ
1376 822 1485 876 τῶν
1512 822 1928 895 παρακλήσεων,

349 921 443 975 καὶ
484 917 917 992 προσδεξάμενος
958 916 1135 970 αὐτῶν
1179 915 1277 987 τὴν
1325 914 1531 969 ἱκεσίαν
1576 914 1928 987 ἀντιλάϐηται

346 1012 548 1074 αὐτῶν,
578 1011 675 1065 καὶ
713 1009 789 1082 δῷ
808 995 1011 1073 ¹αὐτοῖς
1039 1007 1109 1062 τὰ
1134 1008 1409 1080 αἰτήματα
1436 1007 1544 1062 τῶν
1571 1006 1806 1079 καρδιῶν
1833 1008 1931 1062 αὐ-

330 1103 453 1158 ’τῶν
487 1103 624 1175 πρὸς
665 1102 727 1157 τὸ
776 1100 1070 1174 συμφέρον,
1100 1099 1424 1171 ἀποκαλύψῃ
1453 1100 1637 1163 αὐτοῖς
1659 1098 1721 1151 τὸ
1748 1099 1928 1168 Εὐαγ-

343 1197 523 1266 γέλιον
556 1195 652 1249 τοῦ
689 1192 926 1267 Χριστοῦ
956 1192 1145 1257 αὐτοῦ,
1178 1191 1388 1265 φωτίσῃ
1423 1192 1619 1253 αὐτοὺς
1643 1191 1742 1265 καὶ
1773 1208 1926 1245 συνε-

340 1289 490 1361 τίσῃ,
512 1288 773 1360 παιδεύσῃ
803 1286 1001 1349 αὐτοὺς
1027 1286 1126 1358 τὴν
1148 1283 1497 1353 θεογνωσίαν,
1518 1282 1699 1354 διδάξῃ
1728 1283 1927 1347 αὐτοὺς

342 1381 415 1435 τά
458 1380 855 1453 προστάγματα
889 1378 1054 1433 αὐτοῦ
1086 1379 1177 1432 καὶ
1204 1377 1273 1430 τά
1298 1374 1661 1447 δικαιώματα,
1691 1378 1927 1445 ἐγκατα-

346 1474 589 1546 φυτεύσῃ
618 1474 676 1526 ὲν
703 1473 887 1535 αὐτοῖς
915 1471 1005 1525 τὸν
1034 1469 1197 1540 ἁγνὸν
1224 1468 1394 1524 αὐτοῦ
1424 1469 1519 1522 καὶ
1546 1469 1812 1541 σωτήριον
1834 1468 1929 1537 φό-

346 1567 462 1631 ϐον,
494 1566 731 1638 διανοίξῃ
759 1564 828 1619 τά
854 1559 967 1618 ὦτα
993 1563 1101 1617 τῶν
1130 1562 1368 1634 καρδιῶν
1396 1560 1572 1616 αὐτῶν
1601 1562 1737 1632 πρὸς
1774 1560 1835 1614 τὸ
1869 1561 1927 1615 ἐν

346 1659 423 1730 τῷ
450 1660 599 1731 νόμῳ
629 1656 793 1712 αὐτοῦ
824 1654 1208 1725 καταγίνεσθαι
1235 1655 1450 1726 ἡμέρας
1480 1654 1575 1708 καὶ
1601 1654 1813 1717 νυκτὸς,
1836 1652 1926 1723 βε-

345 1750 554 1822 6αιώσῃ
582 1751 638 1803 δὲ
663 1750 857 1813 αὐτοὺς
885 1750 944 1802 ἐν
970 1751 1035 1819 τῇ
1066 1746 1333 1819 εὐσεϐείᾳ,
1360 1748 1534 1819 ένώσῃ
1565 1748 1659 1801 καὶ
1690 1748 1926 1816 ἐγκατα-

332 1821 587 1915 -ριθμήσῃ
609 1842 807 1905 αὐτοὺς
825 1841 903 1913 τῷ
933 1841 1074 1912 άγίῳ
1102 1838 1270 1893 αὐτοῦ
1296 1840 1551 1911 ποιμνίῳ,
1583 1838 1924 1904 καταξιώσας
1958 1821 1999 1875 Β

344 1936 542 1999 αὐτοὺς
585 1933 680 1987 τοῦ
710 1932 936 2006 λουτροῦ
968 1932 1067 2004 τῆς
1096 1931 1535 2001 παλιγγενεσίας,
1565 1931 1659 1984 τοῦ
1689 1930 1922 2003 ἐνδύμα-

342 2045 437 2092 τος
475 2027 575 2098 τῆς
611 2024 919 2098 ἀφθαρσίας
948 2024 1045 2097 (4),
1076 2025 1177 2095 τῆς
1207 2024 1375 2089 ὅντως
1406 2023 1572 2095 ζωῆς,
1604 2023 1830 2096 ρὐηται
1866 2023 1924 2077 δὲ

343 2120 541 2182 αὐτοὺς
569 2118 676 2172 ἀπὸ
705 2118 885 2188 πάσης
913 2116 1188 2181 ἀσεϐείας,
1210 2118 1306 2171 καὶ
1336 2116 1410 2189 μὴ
1441 2115 1516 2187 δῷ
1542 2116 1706 2169 τόπον
1733 2115 1811 2186 τῷ
1837 2115 1924 2170 άλ-

342 2210 540 2283 λοτρίῳ
567 2212 685 2265 κατ’
715 2209 913 2277 αὐτῶν,
944 2209 1214 2282 καθαρίσῃ
1259 2210 1316 2263 δὲ
1362 2210 1558 2273 αὐτοὺς
1583 2208 1691 2263 ἀπὸ
1724 2209 1925 2272 παντὸς

345 2304 624 2376 μολυσμοῦ
657 2302 858 2375 σαρκὸς
885 2303 979 2356 καὶ
1006 2302 1331 2373 πνεύματος,
1360 2302 1613 2373 ὲνοικήσῃ
1640 2317 1700 2354 τε
1733 2302 1792 2354 ὲν
1824 2301 1924 2355 αὐ-

337 2398 457 2459 τοῖς
490 2396 582 2449 καί
608 2396 1028 2467 ὲμπεριπατήσῃ
1056 2394 1142 2448 διὰ
1172 2395 1265 2448 τοῦ
1289 2393 1524 2465 Χριστοῦ
1557 2393 1741 2458 αὐτοῦ,
1772 2393 1924 2447 εὐλο-

336 2488 486 2559 γήσῃ
532 2485 630 2550 τὰς
661 2486 898 2549 εἰσόδους
942 2486 1119 2541 αὐτῶν
1152 2487 1246 2541 καὶ
1275 2486 1374 2550 τὰς
1402 2485 1633 2552 ἐξόδους,
1664 2485 1759 2539 καὶ
1791 2501 1924 2538 κατ-

333 2579 540 2652 ευθύνῃ
577 2581 760 2643 αὐτοῖς
790 2579 860 2633 τὰ
905 2580 1241 2652 προκείμενα
1282 2582 1361 2644 εἰς
1392 2580 1453 2633 τὸ
1488 2581 1780 2651 συμφέρον.
1803 2580 1924 2632 Ἔτι

333 2673 577 2736 ἐκτενῶς
613 2672 755 2745 ὑπὲρ
790 2672 970 2726 αὐτῶν
1015 2671 1399 2743 ἰκετεύσωμεν,
1431 2672 1518 2725 ἵνα
1551 2672 1800 2741 ἀφέσεως
1827 2688 1923 2724 τυ-

335 2766 528 2837 χόντες
552 2764 660 2818 τῶν
694 2764 1180 2836 πλημμελημάτων
1214 2764 1300 2817 διὰ
1325 2764 1425 2833 τῆς
1459 2764 1730 2835 μυήσεως,
1764 2762 1925 2827 ἀξιω-

339 2858 479 2910 θῶσι
497 2856 605 2909 τῶν
625 2857 796 2925 ἁγίων
822 2858 1159 2928 μυστηρίων,
1197 2857 1292 2909 καὶ
1317 2856 1417 2925 τῆς
1453 2855 1588 2926 μετά
1614 2854 1722 2907 τῶν
1753 2854 1923 2923 ἁγίων

337 2949 622 3021 διαμονῆς.
642 2949 969 3021 Ἐγείρεσθε,
1004 2950 1053 3002 οἰ
1095 2949 1507 3020 κατηχούμενοι.
1544 2948 1656 3019 Τὴν
1703 2947 1923 3018 εἰρήνην

337 3042 435 3097 τοῦ
469 3041 604 3096 Θεοῦ
636 3040 726 3094 διὰ
749 3040 844 3093 τοῦ
883 3039 1120 3111 Χριστοῦ
1163 3038 1326 3094 αὐτοῦ
1366 3038 1682 3111 αἰτήσασθε,
1721 3040 1923 3110 εἰρηνι-

2037 563 2166 603 vero
2218 564 2318 619 pro
2365 548 2447 603 eis
2484 557 2757 618 precetur,
2790 550 2980 608 dicens
3016 570 3029 607 :
3064 549 3171 608 Pro
3207 556 3618 615 catechumenis

2032 653 2224 696 omnes
2274 640 2445 697 Deum
2485 641 2839 711 invocemus;
2870 652 2952 708 ut,
2980 646 3075 715 qui
3123 646 3302 703 bonus
3346 663 3410 703 ac
3439 652 3607 707 homi-

2032 746 2164 786 num
2215 747 2408 789 amans
2451 743 2557 801 est,
2587 734 2820 806 benigne
2843 737 3099 792 exaudiat
3127 753 3316 795 eorum
3359 743 3617 797 obsecra-

2031 824 2208 880 tiones
2234 838 2298 879 ac
2326 841 2554 895 preces;
2579 835 2654 891 et,
2689 838 2944 898 suscepta
2972 844 3163 885 eorum
3189 832 3611 902 supplicatione,

2032 931 2189 987 opem
2223 917 2331 972 illis
2363 916 2523 982 ferat,
2556 917 2757 990 detque
2799 920 3089 989 petitiones
3118 923 3303 980 cordis
3343 924 3610 996 ipsorum,

2030 1016 2193 1078 prout
2246 1010 2327 1068 eis
2384 1010 2643 1081 expedit;
2696 1013 2899 1069 revelet
2970 1014 3179 1070 eisdem
3255 1015 3608 1089 Evangeliqu

2028 1099 2237 1158 Christi
2289 1101 2406 1169 sui;
2450 1103 2722 1158 illuminet
2746 1120 2843 1161 eos
2868 1120 2932 1161 ac
2962 1105 3247 1174 instituat;
3275 1110 3486 1163 erudiat
3517 1126 3603 1165 co-

2026 1193 2274 1266 gnitione
2325 1210 2390 1250 ac
2435 1196 2698 1267 religione
2743 1198 2961 1265 divina;
2993 1198 3187 1254 doceat
3218 1201 3475 1255 mandata
3512 1218 3610 1259 sua

2026 1292 2084 1341 et
2106 1285 2562 1355 justiﬁcationes;
2607 1289 2813 1345 inserat
2858 1289 2913 1343 in
2946 1289 3026 1345 eis
3072 1299 3283 1347 castum
3310 1308 3376 1348 ac
3408 1294 3611 1351 saluta—

2029 1394 2145 1437 rem
2176 1380 2430 1436 timorem
2461 1397 2656 1449 suum;
2704 1380 2915 1451 aperiat
2960 1396 3124 1438 aures
3172 1384 3357 1441 cordis
3395 1401 3605 1453 eorum,

2031 1478 2090 1526 ut
2118 1471 2176 1526 in
2205 1471 2326 1543 ejus
2369 1471 2486 1544 lege
2516 1472 2606 1528 die
2639 1486 2704 1527 ac
2734 1480 2896 1530 nocte
2933 1483 3299 1545 occupentur;
3326 1485 3380 1533 et
3409 1481 3611 1536 conﬁr-

2016 1570 2140 1619 met
2186 1578 2282 1620 eos
2328 1562 2386 1619 in
2441 1565 2673 1634 pietate;
2719 1566 2923 1622 adunet
2969 1575 3134 1638 atque
3158 1580 3483 1626 annumeret
3513 1589 3609 1631 eos

2029 1661 2222 1712 sancto
2267 1670 2370 1711 suo
2400 1656 2571 1726 gregi,
2612 1656 2832 1713 donatis
2880 1657 2949 1714 iis
2988 1658 3208 1716 lavacro
3236 1666 3609 1733 regeneratio-

2030 1746 2138 1809 nis,
2167 1747 2487 1803 indumento
2523 1748 2967 1817 immortalitatis,
3011 1766 3139 1807 vera
3182 1753 3320 1818 vita;
3351 1754 3609 1813 “liberet

2027 1850 2157 1895 vero
2185 1840 2308 1895 illos
2335 1840 2405 1895 ab
2434 1843 2583 1895 omni
2629 1841 2926 1912 impietate,
2960 1850 3014 1899 et
3043 1860 3152 1899 non
3179 1845 3270 1901 det
3297 1846 3478 1902 locum
3509 1850 3607 1905 ad-

2027 1933 2272 1989 versario
2302 1941 2494 1989 contra
2526 1934 2682 2003 illos;
2715 1936 2939 1992 mundet
2968 1946 3149 1992 autem
3176 1939 3326 2009 ipsos
3355 1941 3425 1995 ab
3456 1944 3607 1998 omni

2025 2023 2437 2095 inquinamento
2485 2026 2669 2081 carnis
2697 2036 2752 2083 et
2780 2027 3009 2098 spiritus
3024 2029 3104 2095 ";
3136 2030 3512 2102 inhabitetque
3549 2034 3606 2089 in

2023 2117 2104 2173 eis
2145 2132 2210 2171 ac
2254 2117 2572 2180 inambulet.
2604 2135 2700 2190 per
2730 2119 3009 2175 Christum
3041 2122 3289 2191 suum“;
3315 2124 3606 2181 benedicat

2022 2209 2280 2264 introitus
2310 2225 2374 2264 ac
2400 2212 2581 2267 exitus
2603 2212 2875 2279 eorum",
2914 2222 3079 2284 atque
3112 2215 3387 2284 proposita
3418 2217 3607 2272 mode-

2024 2308 2179 2358 retur
2227 2301 2295 2359 iis
2344 2303 2414 2358 ad
2461 2306 2827 2359 commodum.
2878 2307 3074 2361 Adhuc
3126 2308 3332 2364 intente
3361 2325 3460 2379 pro
3495 2311 3604 2366 illis

2027 2395 2421 2466 supplicemus,
2454 2403 2535 2459 ut,
2559 2398 2940 2453 remissionem
2971 2398 3295 2454 delictorum
3324 2403 3604 2457 consecuti

2026 2502 2123 2557 per
2151 2487 2410 2557 baptismi
2442 2487 2829 2553 initiationem,
2863 2488 3012 2560 digni
3059 2490 3192 2546 liant
3238 2482 3444 2549 sanctis
3486 2510 3604 2567 my-

2020 2578 2232 2645 steriis,
2263 2585 2317 2633 et
2349 2580 2731 2648 permansione
2767 2596 2893 2633 cum
2926 2584 3152 2637 sanctis.
3192 2581 3429 2654 Surgite,
3454 2595 3604 2643 cate-

2024 2669 2300 2724 chumeni.
2353 2669 2550 2726 Pacem
2600 2670 2715 2726 Dei.
2766 2688 2862 2740 per
2908 2671 3189 2729 Christum
3236 2676 3357 2745 ejus
3404 2679 3599 2746 petite;

2024 2761 2167 2817 diem
2200 2762 2466 2831 quietum,
2505 2777 2569 2816 ac
2612 2764 2732 2819 sine
2762 2771 3007 2833 peccato,
3046 2766 3231 2821 itidem
3267 2784 3426 2824 omne
3461 2778 3599 2826 tem-

2024 2868 2126 2924 pus
2157 2854 2282 2909 vitae
2311 2862 2541 2921 vestrm;
2594 2861 2822 2909 mortem
2859 2853 3264 2925 Christianam;
3309 2861 3601 2930 propitium

2022 2961 2089 3001 ac
2119 2946 2442 3002 benevolum
2475 2945 2674 3013 Deum;
2709 2948 2921 3001 veniam
2954 2947 3418 3007 delictorum.Vos
3452 2953 3601 3023 ipsos

2025 3037 2124 3092 soli
2155 3036 2399 3109 Ingenito
2432 3035 2564 3099 Deo,
2602 3052 2698 3107 per
2723 3037 3001 3093 Christum
3034 3040 3178 3111 ejus,
3204 3045 3597 3099 commendate.

339 3136 445 3207 κὴν
583 3133 795 3205 ἡμέραν
822 3132 917 3186 καὶ
948 3132 1328 3204 ἀναμάρτητον
1359 3132 1452 3187 καὶ
1480 3131 1657 3185 πάντα
1683 3130 1773 3185 τὸν
1804 3131 1923 3203 χρό-

2025 3129 2305 3195 Inclinate,
2330 3139 2383 3185 et
2414 3130 2645 3199 accipite
2678 3130 3130 3213 benedictionem.
3166 3132 3362 3201 Porro,
3400 3135 3456 3189 in
3487 3137 3603 3191 sin-

338 3246 431 3285 νον
459 3229 560 3299 τῆς
589 3228 735 3299 ζωῆς
762 3226 937 3298 ὑμῶν,
970 3224 1253 3297 χριστιανά
1294 3224 1446 3295 ὑμῶν
1480 3223 1550 3277 τά
1577 3224 1725 3295 τέλη,
1762 3223 1917 3277 ἵλεων

337 3323 437 3377 καὶ
480 3320 687 3393 εὐμενῆ
722 3320 814 3374 τὸν
845 3318 995 3383 Θεὸν,
1036 3317 1226 3386 ἄφεσιν
1256 3315 1760 3387 πλημμελημάτων,
1790 3317 1918 3369 ἐαυ-

336 3415 468 3477 τούς
503 3413 583 3485 τῷ
626 3412 772 3485 μόνῳ
798 3411 1075 3481 ἀγεννήτῳ
1107 3407 1223 3479 Θεῷ
1250 3407 1337 3461 διὰ
1368 3408 1461 3461 τοῦ
1487 3406 1722 3479 Χριστοῦ
1755 3405 1919 3460 αὐτοῦ

337 3492 671 3576 παράθεσθε.
706 3504 958 3571 Κλίνατε,
992 3502 1087 3555 καὶ
1119 3499 1444 3570 εὐλογεῖσθε.
1478 3501 1594 3568 Ἐφ’
1624 3499 1837 3569 ἑκάστῳ
1858 3498 1915 3551 δὲ

337 3596 547 3652 τούτων
573 3588 649 3654 ὧν
676 3597 705 3650 ὁ
727 3596 973 3659 διάκονος
1000 3593 1329 3665 προσφωνεῖ,
1352 3592 1427 3656 ὡς
1459 3592 1810 3662 προείπομεν,
1834 3590 1919 3643 λε-

338 3688 487 3758 γέτω
512 3688 698 3751 όλαός·
723 3688 915 3760 Κύριε,
937 3686 1176 3757 ἐλέησονο
1209 3685 1303 3737 καὶ
1324 3683 1430 3756 πρὸ
1458 3684 1675 3736 πάντων
1692 3682 1760 3735 τά
1787 3699 1916 3735 παι-

2021 3223 2164 3295 gulis
2220 3222 2415 3277 horum
2474 3236 2593 3292 quae
2660 3221 2925 3278 diaconus
2975 3224 3338 3295 proloquitur,
3387 3234 3444 3280 ut
3486 3228 3601 3298 jam

2019 3315 2280 3380 diximus,
2321 3315 2554 3386 populus
2590 3314 2917 3384 respondeat
2958 3333 2971 3370 :
3024 3315 3212 3386 Kyrie,
3259 3318 3505 3388 eleison;
3548 3328 3603 3375 et

2020 3413 2146 3463 ante
2174 3414 2404 3462 cunctos
2438 3406 2614 3477 pueri.
2649 3405 3069 3461 Catechumenis
3100 3416 3278 3463 autem
3309 3410 3487 3480 capita
3519 3410 3603 3465 in-

2021 3498 2372 3560 clinantibus,
2397 3499 2686 3568 cpiscopus
2709 3498 2995 3553 ordinatus
3020 3498 3302 3556 benedicat
3330 3501 3411 3557 eis
3439 3501 3605 3558 bene-

2022 3589 2263 3646 dictione
2310 3589 2626 3661 hujusmodi
2666 3609 2678 3644 :
2713 3588 2857 3645 Deus
2905 3590 3274 3660 omnipotens,
3324 3592 3601 3664 ingenitus

2022 3692 2078 3737 et
2135 3681 2475 3748 inaccessus,
2528 3683 2678 3739 solus
2730 3697 2894 3738 verus
2934 3680 3100 3745 Deus,
3148 3682 3289 3739 Deus
3340 3691 3392 3739 et
3442 3683 3602 3740 Pater

338 3783 429 3837 δία
465 3782 558 3854 (6).
582 3783 883 3837 Κλινόντων
914 3781 971 3835 δὲ
1003 3778 1181 3834 αὐτῶν
1210 3777 1309 3843 τὰς
1340 3777 1601 3848 κεφαλὰς,
1636 3776 1925 3845 εὐλογείτω

2032 3773 2238 3830 Christi
2276 3775 2356 3831 tui
2407 3774 2673 3846 unigeniti
2726 3773 2847 3830 Filii
2893 3774 2994 3836 tui,
3038 3773 3181 3831 Deus
3213 3773 3501 3837 Paracleti.
3536 3792 3602 3834 ac

411 3918 460 3951 ⁸⁵
493 3916 637 3972 Citat
659 3914 874 3973 Nicetas
906 3912 1217 3970 Serronius.
1253 3912 1388 3967 Vide
1417 3911 1537 3967 Vet.
1592 3920 1719 3967 test.
1795 3910 1839 3942 ”
1870 3907 2050 3966 llCor.
2085 3926 2182 3974 vn,
2213 3909 2261 3965 Ι.
2335 3910 2380 3943 ⁸⁸
2420 3910 2462 3964 ll
2491 3909 2616 3964 Cor.
2650 3925 2726 3972 vr,
2762 3909 2846 3965 16.
2921 3909 2964 3942 ⁴⁷
2999 3908 3145 3964 Psal.
3180 3924 3304 3972 cxx,
3335 3910 3385 3967 8.

1617 4092 1979 4149 VARIORUM
2014 4092 2224 4147 ΝΟΤᾸΞ
2237 4134 2250 4148 .

336 4216 507 4271 missa
534 4226 553 4264 :
576 4210 899 4283 Hono‘tpév
927 4230 1072 4276 τινες
1111 4213 1208 4283 ,καὶ
1249 4211 1396 4266 ἄλλοι
1417 4210 1534 4283 τῶν
1581 4211 1917 4283 τούςλὶεροὺς

334 4283 668 4363 amittatur);
681 4280 1234 4363 διαδεξαμένων-θεῖοι
1263 4282 1518 4363 ποιμένες
1537 4282 1629 4333 καὶ
1659 4280 1916 4363 διδάσκα-
2010 4329 2017 4339 ,

2008 4329 2025 4405 ῖς
2052 4421 2061 4431 ,
2091 4282 2167 4421 lii

333 4356 415 4409 λοι
432 4355 533 4425 τῆς
568 4350 1022 4474 Ἐκκλησίας,’τὶῃθ
1043 4353 1141 4435 τῆς
1159 4350 1423 4422 μυστικῆς
1452 4350 1792 4421 λειτουργίας
1824 4352 1919 4404 ἐκ·

334 4425 483 4474 θεσιν
518 4422 810 4474 ἐγγράφως
842 4440 981 4474 κατα
1015 4438 1245 4474 ιποντες.
1264 4424 1327 4474 τῆ
1360 4420 1652 4474 Ἐκκλησία
1681 4422 1917 4474 παραδε-

334 4420 498 4505 ρεσιν
518 4420 810 4505 ἐγγράφως
826 4420 1245 4505 ⁵καί-ιταλιπόντες,
1264 4424 1328 4492 τῇ
1360 4420 1652 4505 ’ῌκκλησίᾳ
1681 4422 1917 4493 παραδε-

2021 4211 2090 4265 ἐν
2122 4209 2180 4277 ᾔ.
2217 4209 2420 4264 Desunt
2452 4208 2565 4263 huic
2590 4210 2643 4262 in
2673 4210 2795 4263 cod.
2832 4207 2985 4261 Vind.
3017 4209 3186 4262 CLER.

2091 4276 2167 4349 (5)
2206 4279 2452 4349 Πάντες.
2486 4278 2801 4349 Addit-cod.
2834 4277 2997 4331 Vind.
3023 4277 3274 4349 ἐκτενῶς,
3309 4276 3377 4339 In.

2213 4349 2323 4420 Τοῦ
2348 4348 2676 4417 ἐνδύματος
2704 4348 2814 4420 τῆς
2840 4348 3196 4420 ἀφθαρσίας.
3218 4346 3369 4420 IIinc
3395 4348 3595 4420 Grego-

2018 4417 2160 4492 rium
2190 4418 2593 4492 Nazianzenum
2631 4418 2908 4492 accepisse
2950 4434 3111 4492 suum
3152 4417 3354 4489 ἔνδυμα
3384 4417 3598 4492 ἀφθαρ-

332 4486 609 4549 δὼκασιν”
625 4486 689 4573 ἓξ
710 4486 790 4547 ’ὧν
821 4493 878 4545 δὲ
898 4493 1128 4573 ’πρῶτοιὶ
1143 4486 1288 4573 οὗτοι
1303 4486 1413 4545 ’καὶ
1433 4486 1916 4573 διαπρύσιοίτυγ-

2023 4489 2315 4573 elegerat.
2346 4489 2590 4573 4.2,.‘pag.
2621 4486 3250 4573 68.5,;adnotatijicet‘as
3282 4486 3399 4569 ian
3434 4486 3591 4573 vere,

332 4564 653 4644 χάνουσιν,ὅ
680 4580 739 4617 τε
769 4557 1035 4644 μακάριος
1061 4562 1310 4644 μης,
1328 4561 1461 4615 ότοῦ
1484 4557 1785 4644 κορυφαῖοι)
1810 4557 1916 4643 τῶν

2021 4560 2211 4641 dubito
2246 4580 2271 4644 ε’
2294 4557 2961 4644 potnit’enirnnhabere‘ab
2987 4558 3109 4613 aliis
3131 4560 3407 4644 .Iitnrgiis‘;
3442 4561 3593 4644 verbi

332 4580 653 4635 χανουσιν,ο
680 4580 739 4617 τε
769 4580 1035 4634 μακάριος
1061 4580 1310 4687 ἈΛημᾶΕΞ,
1328 4580 1461 4615 οτου
1491 4580 1785 4644 κορυφαιου
1810 4580 1913 4643 των

326 4635 649 4721 emam
709 4633 955 4721 μαθητὴς
1002 4634 1094 4718 κρα
1146 4633 1196 4685 δι
1256 4633 1584 4721 λκοςνθύῑίρ
1611 4649 1731 4721 ira:
1748 4633 1913 4721 ἐερυιξ

330 4704 649 4775 ἀποστόλων
676 4701 1212 4775 -ὐπαγορευσάντων,
1242 4701 1368 4775 etc._
1402 4701 1564 4756 Multi
1607 4701 1815 4775 quidem
1862 4713 1910 4775 et

331 4776 428 4829 alii
458 4774 629 4829 divini
666 4772 917 4827 Ecclesiae
958 4783 1197 4839 pastores
1246 4782 1294 4826 et
1334 4772 1570 4827 doctores
1618 4774 1708 4842 qui
1742 4774 1909 4826 sacris

328 4854 697 4900 successerunt
743 4844 1018 4913 apostolis,
1064 4844 1297 4912 mystica:
1327 4846 1501 4913 niissre
1536 4843 1911 4911 expositionem

326 4916 561 4995 scriptis
584 4913 958 4995 demandantes
990 4913 1334 4995 tradiderunt
1354 4912 1609 4995 Ecclesiw
1638 4927 1657 4965 :
1687 4929 1907 4995 quorum

328 4987 488 5051 primi
516 4986 661 5054 iique
687 4985 1082 5051 prwclarissimi
1130 4993 1251 5037 sunt
1280 4984 1334 5036 hi
1362 4999 1380 5038 :
1407 4984 1587 5039 beatus
1660 4984 1909 5037 nimirum

334 5054 603 5118 Clemens,
632 5054 880 5123 principis
911 5054 1270 5123 apostolorum
1300 5054 1586 5119 discipulus
1629 5063 1678 5107 et
1704 5070 1909 5107 succes-

336 5142 446 5188 sor,
474 5128 564 5192 qui
605 5124 771 5177 sacris
803 5124 1054 5190 apostolis
1082 5125 1131 5177 ei
1155 5124 1496 5187 dictantibus,
1530 5125 1680 5177 illaut
1720 5123 1905 5187 edidit,

336 5202 442 5248 etc.
484 5195 804 5263 Similiaque
831 5193 1086 5248 Nicolaus
1118 5194 1505 5251 Methonensis.
1544 5195 1623 5247 ‘At
1651 5194 1905 5248 cardina-

339 5262 405 5317 lis
436 5262 749 5327 Bessarion’,
798 5265 1046 5318 scribens
1073 5265 1141 5319 de
1170 5272 1513 5320 sacramento
1540 5264 1904 5326 eucharistiaa,

338 5336 623 5401 proﬁtetur
692 5334 965 5403 liturgiam
1039 5333 1334 5389 Clementis
1400 5335 1542 5389 inter
1596 5335 1907 5404 apocrypha

338 5404 753 5475 commemorari
778 5407 978 5475 solere.
1018 5404 1083 5475 Et
1112 5421 1240 5460 vero
1268 5406 1394 5475 quia
1430 5404 1699 5459 monitore
1746 5419 1907 5459 nemo

339 5471 543 5545 indiget
572 5474 639 5529 de
661 5473 1007 5545 conferendis
1032 5474 1171 5529 inter
1200 5491 1259 5531 se
1283 5471 1451 5531 variis
1489 5475 1748 5545 liturgiis,
1774 5490 1904 5529 sua-

340 5542 479 5597 debo
509 5552 718 5598 tantum
736 5550 812 5614 fut
860 5544 916 5597 in
946 5544 1067 5614 hoc
1099 5546 1275 5614 capite
1306 5546 1532 5601 adeatur
1573 5542 1905 5614 Chrysosto-

339 5627 461 5666 inus
492 5614 682 5669 homil.
725 5613 779 5674 2.
814 5615 868 5667 in
897 5613 960 5667 ll
989 5614 1058 5667 ad
1091 5613 1412 5680 Corinthios,
1444 5632 1569 5670 cum
1600 5613 1905 5683 Augustino

339 5683 497 5755 epist.
537 5684 636 5738 107
667 5691 729 5755 et
752 5684 874 5750 119,
898 5698 1108 5755 necnon
1140 5684 1375 5742 Basilius
1399 5702 1483 5755 ep.
1517 5686 1645 5747 241,
1680 5685 1771 5738 ubi
1803 5700 1904 5753 κη-

344 5751 592 5826 ρύγματα
620 5754 1045 5826 ὲκκλησιαστικά
1070 5765 1367 5826 nuncupat,
1415 5751 1537 5826 qtae
1578 5756 1667 5809 hic
1696 5763 1748 5809 et
1776 5751 1904 5808 alibi

344 5819 598 5877 dicuntur
625 5819 1054 5897 προσφωνήσεις.
1083 5819 1367 5884 Cor—1H
1401 5819 1527 5881 θεία
1568 5826 1903 5893 λειτουργία

2016 4631 2190 4701 gratia
2224 4627 2308 4685 ab~
2344 4629 2435 4682 illa
2467 4630 2608 4699 apud
2638 4627 3091 4700 Chrysostomum
3131 4627 3317 4682 homil.
3357 4630 3412 4689 2,
3442 4632 3496 4685 in
3528 4629 3593 4684 ΙΙ

2016 4701 2085 4747 ad
2116 4699 2438 4747 Corinthios-
2457 4699 2534 4747 En
2568 4699 2754 4747 Graeca
2792 4698 2991 4747 N-icetm
3018 4714 3049 4747 θ
3076 4699 3357 4747 codicibus
3372 4699 3552 4747 Βιιρίἰς
3579 4722 3591 4747 τ

2015 4698 2085 4753 ad
2116 4699 2438 4756 Corinthios.
2457 4698 2537 4754 En
2568 4698 2764 4753 Graeca
2790 4698 2991 4753 Nicetze
3018 4714 3049 4753 e
3076 4699 3357 4754 codicibus
3372 4699 3552 4770 Regiis
3579 4722 3591 4756 :

2013 4771 2280 4841 Εἴληπται
2311 4770 2368 4841 δὲ
2400 4769 2459 4841 rb
2488 4768 2726 4841 ἔνδυμα
2744 4769 2855 4838 τῆς
2869 4769 3346 4841 ἀφθαρσίας,άπδ
3368 4770 3596 4841 τῆςῃόκ-

2011 4838 2263 4921 τασίξλου
2296 4838 2983 4921 τῆςριἀΚλήμεντοςοἾνα
3008 4838 3137 4911 γὰρ,
3154 4840 3308 4921 φησὶ,
3330 4838 3595 4921 καταξιῶ-

2013 4928 2080 4983 σῃ
2110 4912 2306 4983 αὐτοὺς
2326 4909 2674 4983 λουτροῦ
2696 4911 2805 4983 -τῆς
2837 4909 3405 4983 παλιγγενεσίας-τοῦ
3440 4910 3593 4983 avsis:

2014 4979 2181 5052 ματος
2210 4982 2309 5053 τῆς
2337 4979 2666 5062 ἀφθαρσίας.
2696 4979 2841 5062 Idem
2874 4979 3134 5050 Theologi
3174 4981 3494 5048 explanator
3522 4980 3601 5035 adi

2014 5061 2150 5107 orat.
2188 5053 2278 5113 40,
2308 5068 2359 5105 ιι.
2389 5052 2442 5112 4,
2474 5068 2554 5106 su:
2610 5052 2848 5113 loquitur
2882 5049 3242 5113 ε’Λφθαρσίας
3279 5049 3335 5101 δὲ
3370 5049 3590 5113 ἔνδυμα,

2010 5061 2150 5107 orat.
2188 5061 2278 5116 40,
2308 5068 2359 5105 ιι.
2389 5061 2442 5112 4,
2474 5061 2554 5106 sic
2610 5061 2848 5119 loquitur
2882 5061 3254 5136 ε’Λφυαρσιας
3279 5061 3335 5101 δε
3370 5061 3590 5119 ενδυμα,

2010 5123 2151 5175 κατά
2193 5123 2291 5185 τὰς
2338 5120 2700 5183 ἀποστολικάς
2733 5120 3037 5186 διατάξεις,
3076 5138 3151 5191 ως
3193 5137 3304 5191 της,
3330 5120 3592 5191 αἰσχύνης

2011 5193 2395 5314 συγκάλυμᾶια.
2428 5192 2829 5259 Συγκαλύπτων
2876 5191 2984 5260 γὰρ
3024 5189 3256 5314 ταύτῃν,
3284 5189 3593 5260 ἀφθαρσίας

2011 5263 2202 5314 ὲνδύει.
2236 5262 2285 5314 δι
2352 5262 2414 5314 τὸ
2443 5262 2764 5314 ἀποφαίνειν
2802 5261 2900 5314 τὴν
2949 5260 3125 5314 dtuth
3207 5259 3443 5314 φθαρτον
3481 5259 3591 5314 ἀπὸ

2008 5263 2202 5327 ὲνδύει,
2236 5259 2325 5315 διὰ
2352 5262 2414 5314 τὸ
2443 5262 2764 5330 ἀποφαίνειν
2802 5261 2900 5330 τὴν
2949 5259 3125 5331 ψυχὴν
3170 5259 3443 5331 ἄφθαρτον
3481 5259 3591 5314 ἀπὸ

2008 5332 2303 5403 ἁμαρτίας,
2334 5333 2431 5385 καὶ
2465 5329 2711 5402 καθαρὰν
2741 5332 2817 5393 ὡς
2842 5329 2902 5383 τὸ
2929 5329 3203 5454 ἀπαίρχῆς.
3236 5329 3366 5385 Cor.

2079 5403 2156 5454 (5)
2195 5401 2539 5454 Ειοηνικήν.
2572 5401 2734 5454 Addit
2761 5400 2882 5454 cod.
2933 5399 3032 5453 Vin
3080 5442 3093 5454 .
3129 5402 3251 5454 τήν.
3284 5417 3366 5453 non

2079 5399 2156 5473 (Ei)
2195 5401 2539 5469 Εἰρηνικήν.
2572 5399 2734 5457 Addit
2761 5400 2882 5456 cod.
2933 5399 3251 5467 Vind.ci1v,
3284 5417 3391 5453 non
3425 5401 3582 5454 male.

2007 5471 2184 5614 0‘56};
2201 5545 2276 5597 Τὰ
2302 5541 2523 5614 παιδία,
2557 5520 2655 5614 vel
2682 5540 2834 5614 pueri
2860 5557 3050 5595 omnes
3084 5560 3097 5598 ;
3126 5540 3593 5614 quemadmodum

2008 5611 2149 5681 apud
2167 5612 2693 5693 Easiliumﬂomilia
2716 5613 2773 5665 in
2801 5611 2995 5693 [antth
3017 5620 3065 5693 et
3090 5613 3402 5693 siceitatem,
3428 5611 3585 5693 item:

2007 5699 2112 5752 que
2161 5684 2614 5753 Chrysostomum
2669 5681 2858 5753 homil.
2916 5681 2982 5734 72
3029 5683 3085 5735 in
3136 5681 3583 5753 Mattlurunt,vel

2009 5754 2161 5823 pueri
2208 5752 2377 5829 sacra:
2420 5753 2799 5829 symphoniae;_
2830 5752 3136 5829 de‘qnibus
3170 5752 3355 5829 _1nulti_
3381 5752 3585 5829 docue-

2008 5821 2158 5890 runt,
2190 5824 2390 5895 quique
2423 5821 2478 5880 in
2512 5821 2831 5896 Euchologio
2881 5821 3042 5880 ILVP.
3084 5823 3295 5894 virique
3324 5821 3582 5876 dor-tissi-
