4062 6258
501 328 642 386 161⁸19

1412 325 1472 383 S.
1503 323 1897 382 CLEMENTIS
1934 324 1955 379 I
1989 322 2157 380 ROM.
2194 322 2397 381 PONT.
2432 320 2659 379 OPERA
2693 322 2915 381 DUBIA.

3625 330 3753 387 I080

495 441 741 499 omnium
786 440 1085 509 Dominus;
1128 442 1225 513 qui
1254 456 1352 512 per
1382 441 1664 498 Christum
1692 442 1993 514 discipulos
2015 443 2071 498 in

2176 443 2371 504 αὐτοὺς
2389 441 2418 493 6
2432 438 2827 512 χειροτονηθεὶς
2850 439 3152 505 ἐπίσκοπος
3167 438 3422 509 εὐλογίαν
3441 441 3668 498 musae
3700 446 3755 503 ’θ

495 536 754 591 doctores
794 534 1157 598 constituisti,
1191 532 1261 588 ad
1290 533 1510 604 pietatis
1544 533 1891 603 disciplinam
1920 552 1936 589 :
1964 533 2083 605 ipse

494 637 551 683 ct
579 643 727 682 nunc
760 627 969 694 respice
1000 643 1168 697 super
1208 642 1400 683 servos
1445 634 1593 690 tuos,
1617 626 1983 683 catechizatos
2024 627 2082 683 in

493 718 698 774 Christi
732 718 1165 790 tuiEvangelio;
1209 728 1265 774 et
1294 719 1363 773 da
1389 720 1475 775 eis
1510 734 1608 774 cor
1633 733 1857 784 novum,
1890 719 2082 790 etspi-

492 811 659 866 ritum
691 818 903 865 rectum
936 810 1135 864 innova
1167 810 1226 866 in
1258 810 1557 866 visceribus
1585 825 1776 864 eorum
1794 810 1867 875 η,
1899 818 1960 865 ut
1981 826 2080 866 co-

396 902 401 907 ’
492 911 761 974 gnoscant
792 917 856 956 ac
884 900 1090 957 faciant
1122 902 1457 957 voluntatem
1485 909 1657 965 tuam,
1692 900 1748 955 in
1775 900 1941 957 corde
1959 901 2079 972 φιρ-

492 1011 566 1049 no
594 1001 650 1050 et
672 994 857 1049 anima
886 995 1105 1050 volente
1136 1011 1151 1048 :
1184 994 1410 1064 dignare
1452 993 1577 1047 illos
1618 993 1927 1049 initiatione
1952 1009 2081 1049 san-

492 1092 581 1139 cta
611 1102 626 1152 ;
662 1095 717 1141 et
752 1086 931 1140 aduna
962 1085 1089 1141 illos
1116 1084 1184 1139 ad
1213 1093 1456 1141 sanctam
1497 1084 1797 1141 Ecclesium
1824 1093 1996 1149 tuam,
2024 1094 2081 1140 et

495 1178 584 1233 fac
628 1179 923 1250 participes
953 1177 1265 1232 divinorum
1299 1178 1721 1248 mysteriorum;
1772 1193 1871 1250 per
1919 1178 2079 1234 Chri-

495 1279 666 1336 stum,
700 1286 852 1341 spem
899 1279 1167 1336 nostram,
1200 1271 1294 1342 qui
1344 1283 1445 1338 pro
1488 1271 1623 1341 ipsis
1671 1278 1922 1326 mortuus
1958 1279 2075 1339 est;

382 1422 389 1429 ς
492 1378 593 1432 per
622 1377 783 1431 quem
818 1362 914 1417 tibi
939 1362 1113 1433 gloria
1157 1370 1215 1417 et
1239 1360 1508 1427 adoratio,
1535 1362 1591 1417 in
1618 1371 1811 1418 sancto
1842 1361 2075 1434 Spiritu,

492 1454 550 1508 in
584 1455 800 1509 saecula.
820 1455 1013 1509 Amen.
1034 1452 1099 1507 Et
1121 1461 1245 1524 post
1270 1454 1374 1508 hoc
1402 1453 1671 1510 diaconus
1695 1454 1843 1509 dicat
1862 1473 1877 1511 :
1896 1453 2075 1520 Exite,

490 1546 890 1610 catechumeni,
944 1546 1000 1599 in
1047 1560 1198 1615 pace.
1237 1544 1486 1616 Cumque
1528 1546 1565 1599 ii
1595 1546 1848 1612 exierint,
1876 1545 2024 1602 dicat
2058 1565 2072 1601 :

490 1636 678 1702 Orate,
712 1638 1066 1707 energumeni
1090 1644 1148 1691 et
1172 1638 1352 1692 vexati
1390 1653 1421 1691 a
1449 1637 1731 1708 Spiritibus
1757 1637 2072 1693 immundis.

487 1729 700 1785 lntente
749 1728 932 1784 cuncti
987 1745 1088 1799 pro
1122 1730 1257 1800 ipsis
1286 1730 1681 1800 deprecemur;
1719 1736 1778 1784 ut
1807 1729 2075 1800 benignus

2182 532 2316 597 Θεὸς
2340 532 2421 605 (7)
2452 533 2481 585 6
2511 530 2928 602 παντοκράτωρ,
2956 534 2985 584 6
3011 532 3303 603 ἀγέννητος
3329 533 3425 587 xui
3444 533 3754 607 ἀπρόσιτος,

2180 627 2211 679 6
2242 625 2403 698 μόνος
2441 624 2693 696 ἀληθινὸς
2724 624 2874 689 Θεὸς,
2907 625 2936 677 6
2972 624 3103 689 Θεὸς
3140 626 3235 679 καὶ
3269 626 3461 700 Πατὴρ
3500 627 3597 683 τοῦ
3624 630 3757 703 Χρισ

2183 717 2311 771 στοῦ
2346 734 2440 771 σου
2472 717 2566 770 τοῦ
2601 716 2922 788 μονογενοῦς
2951 716 3082 769 Υἱοῦ
3113 734 3230 782 σου,
3250 719 3279 770 6
3306 717 3438 782 Θεὸς
3465 718 3561 774 τοῦ
3578 720 3757 795 Παρα-

2182 809 2385 881 κλήτου
2416 808 2514 882 (8),
2546 810 2642 862 καὶ
2672 808 2780 861 τῶν
2814 808 2951 861 ὅλων
2987 808 3211 880 Κύριος·
3246 812 3275 863 6
3301 810 3388 865 διὰ
3417 812 3655 883 Χριστοῦ
3679 813 3756 869 δι-

2178 900 2481 963 δασκάλους
2502 901 2629 964 τοὺς
2651 900 2897 971 μαθητὰς
2917 901 3217 973 ἐπιστήσας
3248 904 3385 975 πρὸς
3410 903 3648 976 μάθησιν
3663 906 3757 979 τῆς

2181 991 2483 1055 εὐσεϐείας·
2505 991 2668 1055 αὐτὸς
2699 992 2791 1045 xui
2821 991 2916 1044 νῦν
2950 991 3097 1045 ἔπιδε
3126 993 3220 1046 ἐπὶ
3250 995 3377 1058 τοὺς
3392 994 3612 1061 δούλους
3642 1014 3756 1067 σου,

2178 1083 2307 1146 τοὺς
2337 1083 2776 1154 κατηχουμένους
2804 1083 2866 1136 τὸ
2893 1083 3224 1153 Εὑαγγέλιον
3251 1084 3346 1140 τοῦ
3369 1087 3609 1158 Χριστοῦ
3644 1105 3753 1143 σου·

2179 1175 2276 1228 καὶ
2306 1175 2394 1239 δὸς
2414 1175 2597 1238 αὐτοῖς
2628 1174 2852 1246 καρδίαν
2889 1175 3101 1247 καινὴν,
3133 1178 3227 1230 xui
3241 1178 3466 1250 Πνεῦμα
3491 1179 3648 1246 εὐθές
3666 1182 3755 1250 ἐγ-

2180 1266 2421 1322 καίνισον
2452 1270 2512 1321 ἐν
2541 1270 2655 1332 τοῖς
2681 1268 2932 1336 ἐγκάτοις
2962 1268 3159 1336 αὐτῶν,
3191 1270 3328 1341 πρὸς
3358 1270 3420 1324 τὸ
3448 1271 3646 1326 ειδέναι
3667 1276 3758 1328 καὶ

2180 1361 2354 1413 ποιεῖν
2374 1359 2436 1413 τὸ
2458 1359 2670 1431 θέλημά
2699 1376 2814 1425 σου,
2834 1361 2892 1412 ἐν
2926 1360 3125 1431 καρδίᾳ
3152 1361 3347 1433 πλήρει
3376 1363 3470 1416 xui
3498 1363 3645 1436 ψυχῇ
3669 1364 3757 1418 θε-

2178 1448 2363 1523 λούσῃ·
2399 1452 2730 1516 καταξίωσον
2762 1452 2959 1516 αὐτοὺς
3006 1454 3106 1524 τῆς
3149 1454 3310 1523 ἁγίας
3360 1457 3632 1528 μυήσεως,
3662 1458 3758 1512 καὶ

2178 1545 2377 1599 ἐνωσον
2411 1545 2607 1609 αὐτοὺς
2638 1548 2705 1617 τῇ
2741 1546 2872 1618 ἁγίᾳ
2906 1563 3000 1599 σου
3027 1547 3341 1619 Ἐκκλησία,
3378 1549 3472 1601 xui
3500 1548 3757 1620 μετόχους

2178 1635 2404 1707 ποίησον
2443 1637 2551 1691 τῶν
2588 1637 2747 1692 θείων
2784 1639 3115 1710 μυστηρίων,
3138 1638 3230 1692 διὰ
3260 1640 3518 1711 Χριστοῦ,
3549 1641 3649 1712 τῆς
3670 1641 3755 1695 ἐλ-

2177 1729 2331 1792 πίδος
2360 1729 2536 1799 ἡμῶν,
2571 1729 2665 1783 τοῦ
2687 1730 2827 1802 ὑπὲρ
2856 1730 3032 1785 αὐτῶν
3064 1730 3450 1795 ἀποθανόντος·
3482 1733 3553 1786 δι’
3580 1725 3645 1785 οῦ
3674 1749 3755 1787 σοι

488 1820 659 1886 Deus,
698 1834 796 1893 per
826 1796 1104 1879 Christum
1144 1796 1393 1893 increpet
1442 1822 1755 1878 immundos
1800 1837 1865 1879 ac
1900 1796 2071 1879 malos

2176 1821 2305 1885 δόξα
2332 1796 2427 1875 si
2456 1796 2529 1875 τδ
2560 1822 2741 1890 σέϐας,
2777 1796 2836 1876 ἐν
2871 1824 3011 1894 ἁγίῳ
3039 1823 3337 1894 Πνεύματι,
3367 1825 3449 1887 είς
3474 1826 3602 1889 τοὺς
3626 1825 3755 1880 αίῶ-

489 1916 736 1985 spiritus,
768 1922 823 1971 et
873 1915 1068 1970 liberet
1116 1915 1390 1985 supplices
1424 1930 1555 1971 suos
1606 1915 1677 1970 ab
1717 1916 2074 1985 oppressione

488 2022 555 2062 ac
600 2008 888 2079 tyrannide
935 2007 1238 2062 adversarii
1272 2026 1286 2062 :
1319 2008 1411 2077 qui
1469 2007 1771 2076 increpavit
1803 2008 2071 2078 legionem

487 2100 801 2155 daemonum
815 2101 881 2164 δ’,
914 2107 967 2154 et
1016 2098 1281 2169 originem
1327 2098 1453 2151 mali
1486 2098 1801 2164 diabolum;
1832 2099 2074 2168 increpet

489 2194 609 2263 ipse
658 2209 808 2247 nunc
856 2206 1073 2261 quoque
1120 2196 1401 2259 apostatas
1442 2188 1658 2259 pietatis
1678 2188 1747 2253 ⁸ο,
1781 2197 1835 2244 et
1880 2188 2074 2244 liberet

486 2292 775 2342 creaturas
803 2298 934 2340 suas
981 2298 1012 2336 a
1051 2282 1257 2336 diaboli
1283 2282 1591 2346 vexatione,
1623 2290 1679 2337 et
1706 2282 1931 2337 mundet
1954 2297 2071 2350 eas,

486 2393 627 2448 quas
653 2393 851 2449 magna
878 2391 1003 2430 cum
1030 2374 1297 2445 sapientia
1323 2373 1646 2428 condidit“.
1678 2373 1872 2429 Adhuc
1899 2373 2074 2429 inten-

488 2479 542 2527 te
563 2485 662 2543 pro
690 2470 826 2541 ipsis
855 2482 1160 2540 precemur.
1191 2463 1359 2521 Serva
1390 2475 1445 2521 et
1474 2466 1623 2535 erige
1648 2465 1793 2531 illos,
1815 2464 1979 2532 Deus,
2013 2466 2069 2520 in

486 2562 688 2617 virtute
747 2570 860 2616 tua.
898 2559 1183 2626 Inclinate,
1229 2558 1602 2628 energumeni,
1649 2565 1815 2629 atque
1844 2557 2069 2613 benedi-

486 2655 721 2711 ctionem
754 2653 1002 2724 accipite.
1036 2650 1103 2706 Et
1141 2650 1433 2721 episcopus
1463 2650 1807 2719 deprecetur,
1839 2650 2064 2706 dicens:

2179 1930 2293 1976 νας.
2312 1914 2502 1985 Ἀμήν.
2526 1915 2637 1968 Καὶ
2666 1914 2806 1985 μετά
2828 1915 2984 1969 τοῦτο
3002 1917 3030 1968 6
3048 1915 3291 1979 διάκονος
3313 1916 3536 1986 λεγέτω·
3557 1918 3759 1990 Προέλ-

2180 2005 2322 2073 θετε,
2352 2007 2401 2059 οί
2436 2007 2854 2079 κατηχούμενοι,
2886 2011 2943 2063 ἐν
2973 2011 3183 2082 εἰρήνῃ·
3224 2011 3318 2064 xui
3353 2010 3492 2081 μετά
3522 2011 3585 2066 τὸ
3616 2012 3760 2078 ἐξελ-

2180 2096 2290 2151 θεῖν
2332 2099 2545 2169 αύτοὺς,
2595 2099 2820 2168 λεγέτω·
2854 2101 2927 2172 (9)
2974 2100 3237 2168 Εὕξασθε,
3285 2103 3334 2155 oi
3380 2103 3759 2175 ἐνεργούμενα

2180 2190 2289 2242 ὑπὸ
2328 2190 2654 2261 πνευμάτων
2702 2192 3047 2265 ἀκαθάρτων.
3068 2194 3331 2257 Ἐκτενῶς
3370 2194 3570 2259 πάντες
3621 2195 3759 2266 ὑπὲρ

2176 2281 2355 2335 αὐτῶν
2407 2282 2719 2354 δεηθῶμεν·
2772 2284 2919 2348 ὃπως
2967 2287 2995 2338 6
3043 2285 3419 2358 φιλάνθρωπος
3471 2286 3627 2355 Θεὸς,
3674 2286 3762 2341 διὰ

2173 2372 2413 2445 Χριστοῦ
2462 2376 2763 2447 ἐπιτιμήσῃ
2821 2380 2935 2439 τοῖς
2991 2378 3320 2449 ἀκαθάρτοις
3366 2379 3460 2432 xui
3506 2380 3761 2451 πονηροῖς

2175 2466 2470 2537 πνεύμασι,
2501 2466 2597 2520 καὶ
2626 2466 2857 2539 ρύσηται
2900 2470 3028 2532 τοὺς
3071 2470 3234 2523 αὑτοῦ
3289 2470 3471 2534 ἱκέτας
3504 2469 3616 2542 (10)
3653 2470 3761 2525 ἀπὸ

2172 2560 2272 2631 τῆς
2298 2558 2395 2612 τοῦ
2435 2558 2713 2631 ἀλλοτρίου
2747 2561 3221 2624 καταδυναστείας·
3257 2564 3285 2615 6
3322 2564 3656 2634 ἐπιτιμήσας
3684 2562 3760 2635 τῷ

2172 2650 2401 2719 λεγεῶνι
2443 2650 2551 2704 τῶν
2595 2651 2883 2722 δαιμόνων,
2918 2654 3013 2706 xui
3055 2653 3133 2724 τῷ
3175 2653 3469 2727 ἀρχεκάκῳ
3509 2653 3756 2725 διαϐόλῳ,

485 2746 784 2818 ἐπιτιμήσῃ
828 2744 989 2807 αὐτὸς
1039 2742 1129 2796 xui
1190 2741 1284 2796 νῦν
1320 2744 1432 2805 τοῖς
1486 2741 1820 2805 ἀποστάταις
1872 2742 1971 2812 τῆς
2024 2742 2323 2809 εὐσεϐείας,
2372 2742 2465 2795 xui
2513 2741 2744 2814 ρύσηται
2798 2742 2866 2795 τὰ
2916 2744 3112 2797 ἑαυτοῦ
3158 2744 3450 2816 πλάσματα
3495 2744 3604 2798 ἀπὸ
3658 2744 3758 2817 τῆς

486 2839 768 2912 ἐνεργείας
793 2835 979 2904 αὐτοῦ,
1009 2835 1102 2888 xui
1126 2832 1396 2905 καθαρίσῃ
1428 2833 1565 2887 αύτά
1607 2834 1643 2888 ἀ
1687 2834 1824 2905 μετά
1869 2835 2068 2906 πολλῆς
2128 2836 2316 2904 σοφίας
2348 2836 2751 2907 ἐποίησεν.”Ετι
2774 2835 3007 2897 ἐκτενῶς
3054 2836 3195 2907 ὑπὲρ
3225 2836 3403 2890 αὐτῶν
3456 2837 3753 2909 δεηθῶμεν.

484 2936 668 2991 Σῶσον
700 2931 795 2985 xui
827 2929 1130 3000 ἀνάστησον
1167 2926 1366 2990 αὐτοὺς
1398 2929 1427 2979 6
1457 2926 1608 2993 Θεὸς,
1641 2929 1697 2979 ἐν
1735 2930 1800 2997 τῇ
1850 2927 2077 2997 δυνάμει
2128 2945 2245 2983 σου.
2278 2928 2531 2996 Κλίνατε,
2564 2931 2613 2982 oi
2645 2929 3047 3001 ἐνεργούμενοι,
3096 2930 3189 2984 xui
3234 2924 3565 2999 εὐλογεῖσθε.
3594 2917 3706 2987 Κᾶὶ
3731 2932 3760 2986 6

487 3027 785 3087 ἐπίσκοπος
808 3020 1140 3091 ἐπευχέσθω,
1167 3018 1363 3088 λέγων·

1101 3133 1330 3192 CAPUT
1368 3133 1482 3189 VII.

913 3229 1103 3285 Oratio
1140 3244 1236 3298 pro
1265 3226 1648 3297 energumenis.

558 3324 661 3391 Qui
708 3322 902 3378 fortem
951 3320 1156 3391 ligasti,
1186 3327 1241 3375 et
1282 3326 1481 3373 cuncta
1512 3332 1644 3373 vasa
1693 3315 1814 3385 ejus
1842 3314 2071 3384 diripui-

485 3416 655 3483 sti”;
686 3414 780 3485 qui
822 3412 1024 3469 dedisti
1066 3412 1227 3467 nobis
1274 3417 1597 3481 potestatem
1628 3406 1875 3462 calcandi
1905 3421 2070 3477 supra

486 3516 768 3579 serpentes
796 3513 850 3562 et
882 3505 1225 3576 scorpiones,
1256 3512 1311 3560 et
1336 3518 1523 3575 {super
1560 3516 1777 3557 omnem
1812 3500 2068 3553 virtutem

484 3599 784 3664 inimici“;
813 3599 905 3669 qui
933 3596 1264 3652 hcmicidam
1306 3603 1612 3667 serpentem
1641 3594 1879 3649 vinctum
1900 3588 2072 3645 tradi-

485 3694 615 3749 disti
644 3692 822 3756 nobis,
853 3691 996 3747 sicut
1026 3704 1305 3759 passerem
1352 3688 1627 3759 pueris“;
1679 3701 1840 3756 quem
1884 3682 2067 3739 omnia

485 3787 735 3850 horrent,
775 3799 838 3838 ac
895 3789 1136 3838 tremunt
1190 3797 1221 3835 a
1278 3781 1418 3845 facie
1465 3779 1753 3851 potestatis
1784 3770 1943 3842 tuae;'
1973 3776 2068 3844 qui

483 3878 733 3935 eumdem
764 3894 794 3932 e
823 3877 962 3933 cmlo
992 3875 1048 3930 in
1080 3882 1281 3931 terram
1307 3875 1451 3929 sicut
1482 3873 1666 3943 fulgur
1702 3870 1958 3925 decidere
1987 3866 2068 3923 fe-

483 3972 608 4027 cisti
629 3971 697 4037 ⁸⁸,
729 3986 839 4026 non
870 3985 999 4027 casu
1033 3968 1275 4032 locali“,
1309 3968 1401 4023 sed
1454 3968 1524 4022 ab
1572 3966 1780 4021 honore
1821 3963 1876 4016 in
1914 3962 2068 4030 igno-

483 4064 730 4129 miniam,
772 4070 995 4135 propter
1024 4061 1389 4116 voluntariam
1422 4059 1598 4129 ipsius
1629 4055 1924 4119 malitiam;
1970 4067 2068 4107 cu-

478 4156 571 4227 jus
621 4163 876 4226 aspectus
927 4154 1171 4209 exsiccat
1208 4152 1531 4225 abyssos";
1563 4159 1616 4205 et
1648 4150 1807 4203 mina:
1838 4144 2069 4216 liquefa-

481 4249 636 4303 ciunt
673 4246 970 4310 montes“,
1005 4253 1060 4300 et
1106 4246 1308 4301 veritas
1363 4253 1546 4298 manet
1599 4243 1655 4296 in
1702 4238 2063 4303 aeternum”;

481 4357 643 4412 quem
674 4340 900 4395 laudant
927 4338 1183 4399 infantes,
1213 4347 1267 4392 et
1306 4336 1636 4392 benedicunt
1690 4337 1956 4389 lactentes
1979 4331 2065 4398 ‘°;

482 4450 643 4506 quem
683 4434 962 4490 celebrant
992 4440 1156 4503 atque
1189 4430 1417 4486 adorant
1447 4429 1623 4501 angeli
1640 4429 1719 4496 ⁶¹;
1750 4428 1845 4498 qui
1893 4423 2069 4493 respi-

2642 3135 3037 3190 ΚΕΦΑΛΑΙΟΝ
3074 3139 3128 3191 Ζι
3167 3138 3299 3209 (η).

2573 3227 2740 3296 Ὑπὲρ
2768 3226 2888 3281 τῶν
2912 3229 3376 3299 ἐνεργουμένων.

2256 3317 2313 3368 '0
2346 3315 2436 3369 τὸν
2471 3319 2687 3393 ἰσχυρὸν
2729 3319 2925 3389 δήσας,
2958 3322 3050 3374 καὶ
3088 3321 3264 3375 πάντα
3295 3323 3363 3377 τά
3394 3326 3561 3397 σκεύη
3595 3328 3757 3383 αὐτοῦ
3844 3324 3847 3365 ἶ

2171 3407 2494 3480 διαρπάσας·
2541 3414 2569 3465 6
2613 3412 2737 3477 δοὺς
2780 3414 2912 3484 ἡμῖν
2950 3414 3199 3480 ἐξουσίαν
3241 3417 3426 3470 ἐπάνω
3457 3417 3632 3487 ὄφεων
3667 3423 3759 3477 xui

2175 3502 2449 3573 σκορπίων
2492 3507 2702 3571 πατεῖν,
2730 3505 2833 3558 καὶ·
2875 3506 2968 3559 ἐπί
3013 3509 3191 3561 πᾶσαν
3238 3509 3336 3580 τὴν
3389 3509 3618 3582 δύναμιν
3663 3513 3756 3567 τοῦ

2171 3592 2386 3664 ἐχθροῦ·
2418 3596 2447 3647 6
2478 3596 2571 3651 τὸν
2610 3596 3051 3668 ἀνθρωποκτόνον
3089 3600 3234 3669 ὅφιν,
3260 3601 3544 3675 δεσμώτην
3578 3622 3758 3677 παρα-

2170 3686 2293 3749 δοὺς
2320 3688 2472 3757 ἡμῖν,
2505 3689 2580 3752 ὡς
2615 3688 2892 3754 στρουθίον
2938 3690 3189 3755 παιδίοις·
3236 3691 3295 3745 δν
3334 3693 3510 3747 πάντα
3547 3698 3751 3767 φρίττει

2171 3778 2264 3831 καὶ
2292 3779 2506 3849 τρέμει,
2559 3780 2667 3833 ἀπὸ
2721 3780 3011 3852 προσώπου
3043 3783 3327 3855 δυνάμεώς
3376 3803 3491 3839 σου·
3533 3790 3561 3840 6
3589 3788 3755 3860 ῥήξας

2170 3870 2330 3923 αὑτὸν
2380 3871 2455 3934 ὡς
2491 3872 2781 3944 ἀστραπὴν
2813 3873 2874 3938 ἐξ
2904 3874 3134 3947 ούρανοῦ
3162 3878 3243 3940 είς
3272 3878 3397 3949 γῆν,
3434 3880 3496 3932 οὐ
3547 3882 3755 3953 τοπικῷ

2174 3964 2436 4034 ρήγματι,
2453 3961 2587 4015 ἀλλὰ
2599 3961 2707 4015 ἀπὸ
2720 3963 2886 4034 τιμῆς
2897 3967 2977 4028 είς
2990 3966 3233 4037 ἀτιμίαν,
3249 3968 3315 4020 δι’
3330 3970 3576 4024 ἑκούσιον
3589 3970 3753 4025 αὐτοῦ

2170 4053 2490 4107 κακόνοιαν·
2526 4047 2587 4107 οὗ
2633 4055 2694 4107 τὸ
2745 4054 2963 4127 βλέμμα
2999 4057 3239 4130 ξηραίνει
3272 4060 3562 4131 ἀϐύσσους,
3595 4064 3689 4118 καὶ
3719 4067 3753 4137 ή

2168 4146 2364 4218 ἀπειλὴ
2391 4148 2547 4218 τήκει
2572 4146 2696 4219 ὅρη,
2719 4148 2812 4201 xui
2842 4150 2875 4220 ἡ
2899 4149 3121 4221 ἀλήθεια
3144 4152 3295 4222 μένει
3329 4155 3409 4217 είς
3433 4155 3526 4209 τὸν
3558 4156 3748 4210 αἰῶνα·

2168 4238 2226 4291 ὃν
2254 4241 2392 4292 αίνεῖ
2419 4238 2488 4292 τά
2518 4240 2707 4311 νήπια,
2751 4241 2842 4293 καὶ
2872 4241 3083 4310 εὐλογεῖ
3111 4244 3179 4296 τά
3209 4244 3526 4315 θηλάζοντα·
3562 4248 3619 4300 ὃν
3647 4249 3753 4319 ὗμ-

2167 4330 2318 4383 νοῦσι
2346 4332 2440 4383 xui
2468 4330 2864 4401 προσκυνοῦσιν
2893 4333 3137 4402 ἄγγελοι·
3162 4339 3189 4389 6
3210 4338 3517 4393 ἐπιϐλέπων
3548 4342 3639 4395 ἐπί⁷
3655 4343 3752 4414 τὴν

2168 4422 2290 4492 γῆν,
2312 4421 2404 4475 xui
2433 4421 2601 4474 ποιῶν
2619 4423 2787 4494 αὐτὴν
2806 4424 3049 4496 τρέμειν·
3070 4429 3098 4480 6
3118 4429 3421 4500 ἁπτόμενος
3438 4432 3544 4485 τῶν
3559 4434 3747 4505 ὀρέων,

483 4527 565 4583 cis
592 4541 757 4597 super
787 4533 1011 4588 terram,
1039 4533 1093 4579 et
1122 4523 1259 4578 facis
1304 4538 1425 4578 eam
1458 4530 1725 4588 tremere;
1757 4520 1848 4590 qui
1881 4516 2061 4587 tangis

2176 4514 2262 4567 xui
2286 4514 2656 4578 καπνίζονται·
2690 4518 2718 4569 6
2750 4495 2989 4572 ἀπειλῶν
3029 4495 3322 4591 θάλασσαν,
3352 4525 3445 4577 καὶ
3484 4495 3751 4598 ξηραίνων

483 4626 718 4684 montes,
765 4626 819 4673 et
851 4617 1063 4671 fumant
1077 4616 1155 4683 “;
1189 4616 1284 4686 qui
1312 4615 1563 4686 inerepas
1595 4629 1767 4678 mare,
1800 4621 1855 4668 et
1882 4610 2063 4665 exsic-

2166 4605 2359 4678 αὐτὴν,
2391 4608 2485 4661 καὶ
2512 4608 2720 4672 πάντας
2746 4612 2875 4675 τοὺς
2902 4616 3182 4685 ποταμοὺς
3213 4616 3407 4681 αὐτοὺς
3429 4618 3539 4689 (12)
3563 4619 3749 4691 ἐξερη-

554 4732 600 4765 ⁵⁸
641 4731 788 4786 Psal.
818 4730 988 4795 1.,l2.
1060 4730 1108 4761 δ’
1135 4730 1304 4785 Marc.
1342 4747 1394 4793 ν,
1426 4728 1482 4784 9.
1556 4728 1601 4760 ⁸⁰
1626 4727 1793 4781 Zach.
1834 4740 1918 4786 In,
1948 4723 2003 4778 2.
2078 4718 2125 4753 ’ί
2164 4718 2204 4773 l.
2253 4719 2427 4790 Ignat.
2484 4718 2748 4822 interpol.
2804 4723 2871 4778 ad
2928 4721 3147 4796 Smyrn.
3185 4727 3234 4782 7.
3312 4729 3360 4760 δ’
3401 4729 3593 4787 Matth.
3646 4749 3743 4794 xu,

672 4802 719 4822 ιιι
758 4800 856 4822 ι--.
932 4818 961 4822 --
1025 4801 1088 4822 In
1209 4800 1255 4822 In
1301 4800 1390 4822 I‘L
1421 4814 1476 4822 ..-
1543 4798 1607 4822 οι
1645 4798 1784 4822 .......Ι
1824 4794 1959 4822 ῐγν
2089 4791 2137 4822 σε
2177 4788 2289 4822 ῐιιη
2339 4807 2368 4822 ν
2431 4789 2496 4822 ΑΩ
2661 4792 2680 4822 ι
2719 4790 2934 4822 ῡοΛ-ιᾹΛ
2972 4794 3122 4822 In“...
3210 4798 3274 4822 -J
3340 4799 3546 4822 nL:I:__
3607 4820 3634 4822 _,
3702 4804 3718 4822 ι

482 4804 572 4859 29.
672 4802 719 4834 ⁵³
758 4800 890 4857 Luc.
932 4818 987 4864 Χ,
1020 4801 1110 4855 I9.

483 4876 539 4941 9;
572 4888 647 4936 χι,
681 4888 779 4926 ιιι.

479 4948 531 5002 3.
635 4944 677 4974 “
717 4941 864 4997 Psal.
894 4956 1042 5007 xcvt,
1074 4943 1130 4998 8.

1208 4800 1255 4833 ”
1291 4800 1394 4855 Job
1421 4814 1512 4863 XL,
1543 4798 1614 4853 24
1643 4798 1786 4867 apud
1824 4794 1987 4867 LXX.

1225 4942 1281 5013 “_
1308 4940 1453 4997 Psal.
1484 4955 1605 5004 cur,
1637 4938 1725 4993 52.

932 4818 987 4864 Χ,
1020 4801 1110 4855 19.
1208 4800 1255 4833 ιι
1291 4788 1394 4855 λοι,
1421 4814 1512 4863 χι,
1543 4798 1614 4853 24
1643 4798 1786 4867 apud
1824 4794 1987 4848 LXX.
2089 4791 2137 4823 ⁵⁵
2177 4788 2309 4844 ἰαυοῖ
2339 4807 2394 4853 x,
2431 4789 2520 4846 18.
2631 4788 2680 4822 ⁸⁸
2718 4788 3144 4865 Pseudo-lghat.
3208 4798 3277 4853 ad
3339 4799 3573 4872 Philipp.
3607 4820 3660 4866 χ,
3690 4788 3746 4866 4,

892 4871 935 4902 ⁸⁷
976 4869 1122 4927 Psal.
1152 4886 1241 4935 cv,
1281 4871 1348 4937 9;
1380 4870 1486 4925 Isa.
1525 4885 1600 4934 LI,
1638 4870 1725 4922 10.
1801 4867 1847 4898 ⁸⁸
1887 4864 2034 4920 Psal.
2066 4876 2213 4924 xcvn,
2247 4861 2313 4928 5;
2353 4860 2454 4915 lsa.
2485 4877 2629 4927 um,
2663 4862 2715 4917 I.
2793 4863 2838 4897 ⁸⁸
2878 4862 3025 4921 Psal.
3056 4882 3205 4931 cxvn,
3230 4868 3284 4923 2.
3364 4872 3409 4903 °°
3448 4870 3595 4927 Psal.
3627 4890 3746 4937 vm,

2661 4792 2685 4872 ξ
2718 4790 3144 4872 Pseudo-Ighat.
3208 4798 3277 4872 ad
3339 4799 3573 4872 Philipp.
3607 4820 3660 4866 χ,
3690 4790 3747 4866 4',

1788 5046 2148 5106 VARIORUM
2188 5043 2425 5101 NOTAE.

481 5178 555 5232 mi
586 5175 775 5232 Jacobi
806 5175 997 5241 Goar.,
1025 5192 1078 5248 p.
1110 5175 1236 5239 359,
1267 5176 1616 5248 appellantur
1642 5173 1901 5248 ὀρφανοί,
1930 5184 2066 5241 pro-

480 5249 571 5301 cul
599 5248 768 5303 dubio
796 5250 941 5318 quod
974 5263 1005 5302 e
1026 5244 1254 5318 pupillis
1284 5244 1355 5301 ac
1377 5246 1654 5318 destitutis
1675 5244 2063 5318 ‘Ecclesiatque

480 5314 1214 5390 eleemosynaindigcntibus
1228 5318 1451 5390 assumi
1483 5317 1744 5390 solerent.
1779 5314 1915 5390 Cor.

555 5388 633 5459 (7)
684 5378 739 5441 ’ό
767 5391 929 5455 Θεός.
962 5378 1035 5443 Ῑη
1084 5386 1206 5443 cod.
1228 5385 1393 5459 Vind.
1427 5387 1723 5458 praaligitur
1758 5406 1771 5440 :
1804 5387 1944 5455 Κεφ.
1979 5378 2061 5451 ς’,

480 5458 785 5530 χειροθεσία
813 5461 922 5514 τῶν
956 5458 1395 5530 κατηχουμένων,
1432 5459 1758 5530 additurque
1802 5459 2063 5530 minutio-

2169 5163 2242 5218 vii
2271 5178 2409 5239 opus
2434 5162 2510 5239 ρο
2526 5163 2813 5239 Trinitatis,
2842 5173 2975 5239 tom.
3000 5165 3065 5234 II;
3085 5167 3273 5239 Dogm.
3325 5169 3525 5237 theol.,-
3552 5172 3648 5229 lib.
3674 5170 3740 5239 V,

2169 5248 2328 5301 c.vu,
2359 5233 2411 5299 7,
2443 5234 2498 5299 8,
2530 5234 2598 5303 9;
2630 5243 2686 5290 et
2720 5236 2815 5291 lib.
2850 5235 2989 5300 VIII,
3022 5233 3072 5294 c'.
3106 5233 3253 5303 x,'5.

2239 5325 2317 5395 (9)
2358 5325 2591 5409 Additur
2626 5327 2715 5382 hic
2739 5329 2793 5382 in
2820 5329 3112 5387 cod.Vind.
3147 5336 3285 5404 Κεφ.
3313 5334 3375 5401 ζ’.
3413 5336 3742 5409 Προσφώνηο

2239 5414 2251 5448 :
2284 5397 2425 5448 ὑπὲρ
2453 5414 2560 5448 των
2593 5400 3019 5448 ἐνεργουμένων-
3045 5402 3210 5448 Πιπιι,

2166 5413 2251 5459 an;
2284 5400 2425 5483 ὑπὲρ
2453 5400 2560 5482 τῶν
2593 5400 3019 5471 ἐνεργουμένων.
3045 5402 3213 5458 CLER.
3242 5400 3252 5404 ⁷
3326 5400 3331 5401 ν
3468 5400 3479 5409 ’
3574 5400 3585 5407 ’
3695 5400 3707 5408 ⁷

2236 5466 2347 5543 (19)
2406 5468 2630 5532 Ῑκετας.
2663 5469 2813 5524 Alter
2847 5472 2970 5526 cod.
3009 5474 3246 5543 οἰκέτας,
3280 5493 3453 5532 servos
3491 5478 3740 5533 domesti-

482 5527 634 5601 ribtts
689 5530 886 5585 litteris
916 5549 929 5585 :
966 5527 1256 5601 τῆςάγίας
1289 5529 1563 5601 ἀναφορᾶς
1590 5529 1685 5581 τοῦ
1734 5527 1890 5595 ἁγίου
1924 5528 2061 5579 ἀπο-

2176 5527 2269 5589 ςοέ.
2298 5527 2372 5591 In.

483 5600 669 5672 στόλου
706 5601 976 5672 Ἀνδρέου.
1008 5600 1182 5672 (Σιτειι.

547 5668 634 5740 (8)Δ
667 5671 775 5722 Τοῦ
803 5667 1214 5740 Παρακλήτου.
1246 5667 1479 5740 Additur
1508 5670 1562 5723 in
1592 5669 1713 5723 cod.
1746 5668 1907 5721 Vind.
1928 5686 2062 5740 προ-

481 5736 739 5809 ϐολεύςλθι
759 5736 1037 5809 omittitur
1063 5739 1374 5809 Θεόςείηοιη
1406 5738 1648 5809 Filiuset
1666 5741 1904 5809 Spiritus
1932 5736 2063 5793 san-

483 5814 609 5861 ctus
635 5806 963 5861 dicebantur
994 5807 1256 5877 προϐολαὶ
1288 5808 1519 5877 Πατρός.
1553 5807 1688 5863 Vide
1707 5806 1875 5864 Dion.
1903 5808 2061 5864 Peta-

2237 5607 2348 5685 μη
2389 5607 2446 5685 In
2480 5615 2713 5685 utroque
2736 5611 2925 5668 codice
2947 5614 3051 5671 hoc
3082 5624 3246 5685 caput
3274 5618 3595 5675 inscribitur
3618 5621 3739 5674 Χει-

2173 5676 2386 5755 ροθεσξα
2412 5677 2507 5755 ἐπὶ
2539 5676 2646 5755 τῶν
2675 5681 3099 5755 ἐνεργουμένων.
3118 5676 3206 5739 lib.

2242 5748 2351 5818 (l2)
2390 5748 2640 5815 Αὐτούς.
2674 5747 2836 5807 Deest
2869 5747 2925 5808 in
2953 5757 3076 5810 cod.
3116 5756 3274 5813 Vind.
3305 5758 3383 5815 Io.
