4044 6254
328 366 469 426 1085

1214 358 1804 419 CONSTITUTIONES
1837 357 2511 417 APOSTOLICIE.—LIB.
2548 359 2685 415 Vill.

3428 355 3567 415 1086

324 489 529 558 κόσμον
562 483 841 548 ἀναδείξας
869 480 956 534 διὰ
988 481 1247 552 Χριστοῦ,
1282 484 1377 535 καὶ
1408 482 1571 553 νόμον
1601 482 1725 545 δοὺς
1754 480 1901 553 αὐτῷ

2005 482 2300 548 mundum,
2325 482 2440 539 sive
2461 482 2766 537 ornamenti
2797 490 3176 535 ornamentum
3208 478 3435 535 effecisti
3474 494 3570 549 per

324 580 563 649 ἔμφυτον
593 575 687 629 καὶ
711 572 975 645 γραπτὸν,
1005 572 1142 644 πρὸς
1170 572 1231 625 τὸ
1271 572 1371 643 ζῇν
1414 572 1575 625 αὐτὸν
1602 571 1900 643 ὲνθέσμως,

323 671 399 733 ὡς
428 666 660 738 λογικόν·
706 666 801 718 καὶ
830 664 1129 736 ἁμαρτόντι
1173 663 1454 736 ὑποθήκην
1480 664 1603 727 δοὺς
1636 664 1772 736 πρὸς
1804 681 1902 734 με-

323 763 540 818 τάνοιαν
567 759 667 830 τὴν
689 757 886 812 σαυτοῦ
907 755 1236 828 ἀγαθότηταο
1272 755 1421 810 ἔπιδε
1452 756 1544 809 ἐπὶ
1570 758 1698 821 τοὺς
1723 756 1904 811 κεκλι-

324 855 492 916 κότας
522 870 603 905 σοι
637 850 840 921 αὐχένα
869 849 1048 920 ψυχῆς
1080 849 1175 903 καὶ
1204 847 1473 920 σώματος’
1503 850 1585 904 ὅτι
1628 850 1689 903 οὐ
1724 850 1901 921 βούλει

323 947 415 998 τὸν
462 943 689 998 θάνατον
716 941 812 995 τοῦ
859 940 1214 1013 ἀμαρτωλοῦ,
1248 939 1387 994 ἀλλὰ
1435 941 1536 1013 τὴν
1582 941 1901 1013 μετάνοιαν,

325 1036 465 1091 ὥστε
498 1034 842 1105 ἀποστρέψαι
870 1033 1033 1087 αὑτὸν
1066 1032 1175 1087 ἀπὸ
1201 1032 1302 1104 τῆς
1332 1032 1454 1089 ὁδοῦ
1485 1031 1647 1087 αὑτοῦ
1673 1033 1774 1104 τῆς
1809 1050 1901 1087 πο-

322 1130 495 1199 νηρᾶς
518 1167 533 1191 ,
582 1128 678 1181 καὶ
727 1125 844 1198 ζῇν.
893 1125 951 1179 '0
984 1124 1279 1179 Νινευῖτῶν
1325 1123 1759 1196 προσδεξάμενος
1800 1125 1901 1197 τὴν

316 1220 633 1292 μετάνοιαν·
662 1220 690 1271 6
720 1214 887 1270 θέλων
922 1216 1131 1281 πάντας
1158 1214 1479 1289 ἀνθρώπους
1518 1217 1780 1287 σωθῆναι,
1809 1217 1902 1269 καὶ

322 1314 405 1376 εἰς
433 1312 725 1379 ἐπίγνωσιν
755 1307 1011 1381 ἀληθείας
1044 1308 1239 1363 ἐλθεῖνο
1279 1312 1308 1364 ό
1337 1310 1432 1364 τὸν
1459 1311 1574 1363 υἱὸν
1603 1308 1901 1382 προσδεξά-

324 1424 507 1479 μενος,
540 1404 631 1458 τὸν
664 1402 1050 1473 καταφαγόντα
1074 1402 1165 1455 τὸν
1196 1401 1308 1473 βίον
1339 1402 1503 1456 αὐτοῦ
1531 1402 1776 1481 ἀσώτως,
1805 1416 1903 1457 πα-

320 1500 531 1570 τρικοῖς
556 1495 903 1565 σπλάγχνοις,
928 1494 1016 1548 διὰ
1044 1495 1143 1565 τὴν
1173 1495 1478 1566 μετάνοιανο
1510 1494 1670 1558 αὐτὸς
1692 1495 1785 1548 καὶ
1805 1494 1901 1549 νῦν

325 1588 617 1661 πρόσὸεξαι
647 1587 756 1641 τῶν
789 1580 1109 1641 ίκετῶνσου
1143 1588 1243 1659 τὴν
1284 1587 1640 1659 μετάγνωσιν·
1677 1587 1759 1641 ὅτι
1800 1588 1901 1641 οὐκ

324 1681 473 1734 ἐστιν
507 1679 563 1745 ὃς
592 1682 691 1751 οὐχ
737 1679 1113 1751 ἁμαρτήσεται
1146 1696 1259 1733 σοι·
1299 1698 1317 1733 ι
1358 1679 1484 1733 Ἐάν
1524 1681 1634 1751 γάρ
1675 1680 1901 1751 ἀνομίας

325 1772 689 1844 παρατηρήσῃ
714 1811 729 1835 ,
760 1772 934 1843 Κύριε
958 1810 974 1836 ,
1006 1771 1181 1845 Κύριε
1205 1811 1219 1835 ,
1244 1770 1333 1835 τίς
1364 1771 1729 1843 ὖποστήσεται
1754 1788 1768 1837 ;
1816 1772 1898 1824 ὅτι

325 1862 479 1935 παρά
507 1862 588 1916 σοὶ
621 1867 649 1917 ό
683 1864 908 1935 ἱλασμός
944 1864 1081 1919 ἐστι’
1120 1883 1139 1916 ι
1186 1863 1279 1917 καὶ
1308 1862 1758 1934 ἀποκατάστησον
1799 1863 1898 1917 αὑ-

322 1957 451 2018 τοὺς
477 1958 544 2026 τῇ
575 1944 703 2027 ἁγίᾳ
737 1970 831 2007 σου
863 1954 1177 2027 Ἐκκλησία,
1202 1956 1261 2007 ὲν
1286 1957 1353 2027 τῇ
1385 1957 1623 2027 προτέρᾳ
1651 1953 1777 2024 ἀξίᾳ
1810 1957 1902 2011 καὶ

322 2050 479 2118 τιμῇ,
512 2045 599 2099 διά
628 2038 722 2099 τοῦ
755 2044 993 2118 Χριστοῦ
1022 2046 1116 2100 τοῦ
1146 2046 1280 2102 Θεοῦ
1314 2047 1406 2101 καὶ
1440 2048 1693 2121 Σωτῆρος
1720 2047 1897 2121 ήμῶν·

322 2138 389 2192 δι’
404 2130 466 2192 οὗ
480 2156 560 2191 σοι
574 2137 699 2205 δόξα
725 2136 820 2192 καὶ
843 2137 1237 2210 προσκύνησις,
1259 2141 1318 2193 ὲν
1340 2139 1418 2211 τῷ
1442 2139 1579 2209 ἁγίῳ
1600 2140 1901 2213 Πνεύματι,

322 2231 405 2293 εἰς
432 2230 559 2293 τοὺς
587 2229 808 2294 αἰῶνας.
831 2230 1024 2302 Ἀμήν.
1050 2233 1161 2285 Καὶ
1180 2231 1469 2295 όδιάκονος
1496 2232 1719 2303 λεγέτω·
1751 2235 1907 2290 Ἀπο-

321 2320 517 2376 λύεσθε
545 2323 594 2375 οἰ
628 2324 684 2376 ὲν
719 2322 997 2396 μετανοίᾳ.
1035 2325 1145 2377 Καὶ
1177 2323 1531 2395 προστιθέτω·
1569 2327 1748 2398 Μήτις
1793 2327 1904 2381 τῶν

325 2415 402 2486 μὴ
433 2414 748 2485 δυναμένων
781 2413 1091 2487 προελθέτω
1109 2415 1242 2488 (25)’
1283 2418 1397 2470 ὅσοι
1427 2420 1607 2473 πιστοὶ
1625 2419 1759 2491 (24),
1790 2420 1906 2473 κλί-

320 2522 505 2576 νωμεν
532 2506 680 2573 γόνυο
715 2506 998 2578 δεηθῶμεν
1018 2507 1112 2561 τοῦ
1142 2508 1277 2561 Θεοῦ
1309 2509 1397 2563 διά
1424 2510 1517 2563 τοῦ
1547 2512 1782 2583 Χριστοῦ
1807 2514 1905 2566 αὑ-

317 2598 434 2651 τοῦ.
476 2598 680 2661 Πάντες
714 2599 980 2664 συντόνως
1010 2600 1103 2654 τὸν
1135 2600 1267 2655 Θεὸν
1295 2601 1382 2655 διὰ
1410 2602 1502 2657 τοῦ
1536 2604 1772 2676 Χριστοῦ
1804 2605 1901 2659 αὑ-

318 2684 415 2743 τοῦ
456 2690 946 2762 παρακαλέσωμεν.

874 2806 1272 2862 ΚΕΦΑΛΔῘΟΝ
1306 2811 1361 2863 I’.

600 2898 1039 2967 Προσφώνησις
1065 2899 1217 2969 ὑπὲρ
1246 2900 1363 2955 τῶν
1386 2902 1635 2958 πιστῶν.

402 2986 580 3061 ’Υπὲρ
605 2989 707 3059 τῆς
732 2990 954 3061 εἰρήνης
984 2992 1077 3045 καὶ
1100 2993 1202 3062 τῆς
1230 2994 1547 3058 εὐπαθείας
1576 2994 1670 3048 τοῦ
1701 2996 1903 3068 κόσμου

320 3080 415 3135 καὶ
450 3079 559 3134 τῶν
601 3081 771 3149 ἀγίων
804 3081 1142 3152 Ἐκκλησιῶν
1191 3084 1495 3157 δεηθῶμεν,
1529 3088 1678 3151 ὅπως
1726 3090 1755 3143 6
1796 3088 1906 3144 τῶν

2001 576 2304 642 Christum,
2333 585 2386 631 et
2417 576 2587 647 legem
2614 574 2664 629 ei
2696 574 2891 629 dedisti
2922 573 3163 627 innatam
3212 583 3265 627 et
3285 572 3567 642 scriptam,

2001 676 2062 723 ut
2088 669 2327 739 legitime
2356 668 2581 732 viveret,
2606 674 2863 737 tanquam
2887 665 3099 718 ratione
3130 663 3418 733 praeditus;
3448 661 3570 732 qni-

2001 778 2109 832 que
2132 762 2181 817 ei
2206 769 2496 831 postquam
2518 758 2782 829 peccavit,
2810 756 3045 813 tribuisti
3072 755 3364 811 bonitatem
3395 764 3566 818 tuam,

2001 854 2416 909 incitamentum
2454 852 2518 907 ad
2549 851 2927 924 paenitentiam
2956 869 2969 905 :
3004 849 3215 919 respice
3256 849 3309 901 in
3348 862 3445 901 eos
3474 844 3567 916 qui

2000 947 2268 1003 cervicem
2291 947 2486 1001 anima:
2509 952 2563 1002 et
2583 943 2830 1015 corporis
2851 941 3252 996 inclinaverunt
3271 939 3371 993 tibi
3400 956 3413 991 :
3440 938 3565 1008 quia

2000 1055 2112 1095 non
2142 1039 2226 1094 vis
2257 1044 2486 1094 mortem
2535 1035 2873 1107 peccatoris,
2910 1033 3006 1089 sed
3051 1031 3460 1103 pmnltentiam;
3509 1038 3569 1084 ut

2002 1138 2214 1188 avertat
2240 1146 2300 1186 se
2338 1146 2369 1185 a
2404 1130 2491 1185 via
2523 1144 2622 1186 sua
2651 1127 2876 1189 mala,et
2906 1126 3051 1181 vivat
3070 1126 3137 1180 ".
3170 1124 3275 1190 Qui
3301 1123 3570 1179 Ninivita-

2000 1242 2124 1281 rum
2154 1223 2535 1295 paanitentiam
2566 1220 2919 1290 recepisti";
2952 1218 3045 1289 qui
3068 1219 3151 1272 vis
3181 1232 3371 1272 omnes
3394 1214 3570 1269 homi-

1999 1333 2099 1374 nes
2125 1318 2306 1373 salvos
2329 1314 2467 1378 ﬁeri,
2488 1321 2545 1369 et
2572 1312 2638 1367 ad
2670 1311 2998 1384 agnitionem
3021 1310 3268 1364 veritatis
3288 1309 3474 1364 venire
3490 1309 3568 1376 ⁷³;

2001 1409 2095 1481 qui
2127 1408 2367 1479 paternis
2404 1404 2707 1461 visceribus
2737 1401 3029 1473 suscepisti
3060 1400 3228 1454 lilium
3259 1401 3413 1456 illum
3432 1439 3448 1464 ,
3472 1400 3571 1465 bo-

1998 1514 2196 1557 norum
2248 1512 2475 1554 suorum
2517 1497 2859 1551 decoctorem
2903 1492 3191 1563 prodigum
3226 1506 3291 1545 ac
3326 1490 3572 1545 luxurio-

2000 1607 2145 1656 sum,
2163 1590 2308 1662 quod
2331 1605 2456 1645 eum
2488 1588 2777 1659 paeniteret
2800 1584 2924 1640 facti
2941 1585 3016 1638 τις
3045 1584 3162 1654 ipse
3184 1597 3330 1636 nunc
3354 1596 3573 1653 quoque

2000 1684 2187 1755 accipe
2232 1682 2537 1753 supplicum
2579 1688 2797 1733 tuorum
2844 1676 3256 1748 paenitentiam;
3294 1676 3419 1745 quia
3459 1686 3570 1729 non

2000 1786 2085 1835 est
2110 1777 2206 1849 qui
2237 1792 2347 1831 non
2369 1784 2556 1846 peccet
2585 1773 2680 1828 tibi
2702 1772 2748 1803 "
2784 1791 2797 1825 :
2840 1790 2858 1823 ι
2887 1769 2946 1825 Si
2963 1771 3107 1826 enim
3142 1768 3457 1839 iniquitates
3472 1768 3572 1822 ob-

2002 1870 2329 1933 servaveris,
2362 1867 2609 1930 Domine,
2645 1864 2892 1931 Domine,
2916 1862 3043 1934 quis
3073 1860 3403 1918 sustinebit?
3433 1874 3571 1929 quo-

2003 1963 2153 2018 niam
2193 1961 2337 2031 apud
2372 1967 2425 2015 te
2465 1958 2778 2031 propitiatio
2820 1961 2905 2013 est
2925 1955 3002 2023 ";
3034 1973 3052 2008 ι
3082 1960 3137 2009 et
3176 1953 3403 2008 restitue
3445 1952 3570 2009 illos

2002 2062 2206 2112 sancta:
2233 2052 2491 2108 Ecclesia:
2515 2059 2644 2116 tuae,
2678 2050 2731 2104 in
2764 2050 3000 2119 priorem
3026 2046 3348 2116 dignitatem
3378 2060 3443 2103 ac
3473 2044 3572 2099 ho-

2001 2161 2213 2212 norem,
2235 2160 2330 2216 pcr
2350 2143 2626 2199 Christum
2647 2141 2817 2197 Deum
2841 2156 2904 2195 ac
2928 2138 3262 2194 Salvatorem
3287 2144 3572 2205 nostrum;

2002 2255 2100 2311 per
2124 2253 2286 2308 quem
2315 2236 2408 2291 tibi
2435 2235 2608 2307 gloria
2652 2243 2705 2290 et
2732 2232 3000 2298 adoratio,
3035 2231 3091 2285 in
3118 2236 3312 2286 sancto
3336 2226 3569 2299 Spiritu,

2002 2332 2057 2385 in
2106 2329 2325 2385 saecula.
2371 2327 2564 2383 Amen.
2614 2325 2680 2379 Et
2726 2324 2995 2381 diaconus
3034 2324 3181 2378 dicat
3218 2339 3235 2377 :
3266 2320 3447 2384 Abite,
3475 2320 3571 2390 qui

2001 2428 2136 2479 estis
2165 2422 2219 2476 in
2253 2419 2593 2491 pmnitentia.
2628 2417 2694 2471 Et
2719 2416 2881 2473 addat
2908 2436 2921 2471 :
2952 2414 3124 2470 Nemo
3154 2429 3344 2469 eorum
3369 2413 3570 2484 quibus

2001 2530 2113 2569 non
2142 2513 2287 2578 licm,
2315 2520 2493 2567 exeat.
2523 2508 2627 2576 Qui
2654 2508 2839 2564 fideles
2863 2523 3075 2573 sumus,
3102 2505 3385 2563 ﬂectamus
3406 2519 3567 2576 genu.

2000 2603 2296 2660 Precemur
2322 2602 2491 2658 Deum
2515 2618 2610 2672 per
2631 2601 2909 2656 Christum
2928 2599 3069 2669 ejus.
3094 2597 3296 2654 Omnes
3316 2602 3572 2653 contente

2002 2695 2171 2753 Deum
2200 2710 2297 2769 per
2323 2694 2605 2752 Christum
2633 2693 2754 2765 ejus
2785 2692 3142 2763 appellemus.

2613 2806 2843 2863 CAPUT
2883 2804 2953 2861 Χ.

2495 2900 2681 2957 Oratio
2707 2915 2801 2969 pro
2832 2895 3096 2969 ﬁdelibus.
3578 2962 3587 2971 κ

2070 2995 2178 3051 Pro
2198 3008 2333 3065 pace
2358 3002 2413 3050 et
2436 2993 2829 3063 tranquillitate
2852 2989 3041 3045 mundi
3070 2996 3231 3058 atque
3256 2972 3577 3041 sanctarum

2003 3089 2374 3146 Ecclesiarum
2405 3102 2655 3153 oremus,
2691 3094 2750 3139 ut
2777 3085 2922 3140 Deus
2952 3081 3346 3146 universitatis,
3380 3095 3546 3150 perpe

320 3173 466 3227 ὅλων
488 3172 620 3237 Θεὸς
643 3173 814 3228 ἀΐδιον
838 3173 933 3228 καὶ
952 3174 1309 3246 ἀναφαίρετον
1332 3179 1431 3251 τὴν
1453 3179 1649 3234 ἑαυτοῦ
1679 3182 1901 3254 εἰρήνην

2006 3194 2156 3238 tuam
2205 3190 2260 3238 et
2309 3181 2562 3237 stabilem
2614 3194 2769 3235 suam
2804 3193 2994 3250 pacem
3040 3175 3199 3232 nobis
3250 3175 3479 3241 tribuat;
3511 3180 3571 3227 ut

321 3269 461 3338 ἡμῖν
498 3267 856 3339 παράσχοιτο,
888 3268 974 3320 ἵνα
1005 3268 1064 3320 ὲν
1093 3266 1434 3341 πληροφορίᾳ
1461 3272 1560 3343 τῆς
1592 3275 1711 3326 κατ’
1745 3274 1899 3327 εὐσέ-

321 3358 480 3413 ϐειαν
527 3360 728 3431 ἀρετῆς
775 3358 1150 3423 διατελοῦντας
1194 3363 1342 3431 ἡμᾶς
1393 3349 1725 3437 συντηρήσῃ·
1759 3366 1902 3439 ὑπὲρ

322 3450 428 3519 τῆς
452 3449 611 3517 ἁγίας
635 3451 931 3523 καθολικῆς
958 3452 1052 3506 καὶ
1074 3452 1437 3525 ἀποπολικῆς
1458 3457 1781 3529 Ἐκκλησίας
1801 3460 1903 3530 τῆς

325 3541 437 3596 ἀπὸ
461 3541 710 3611 περάτων
733 3543 838 3606 ἕως
867 3544 1120 3615 περάτων
1141 3544 1437 3616 δεηθῶμεν·
1468 3547 1615 3611 ὅπως
1640 3551 1670 3602 ό
1699 3550 1903 3622 Κύριος

326 3632 577 3687 ἄσειστον
602 3634 770 3706 αὐτὴν
796 3636 891 3689 καὶ
919 3636 1309 3691 ἀκλυδώνιστον
1339 3639 1636 3713 διαφυλάξῃ
1668 3644 1760 3697 καὶ
1788 3645 1903 3700 διαι-

325 3724 541 3796 τηρήσῃ
590 3726 750 3797 μέχρι
780 3728 880 3798 τῆς
928 3728 1234 3794 συντελείας
1272 3731 1368 3784 τοῦ
1413 3732 1628 3798 αἰῶνος,
1674 3736 1901 3809 τεθεμε-

326 3815 598 3888 λιωμένην
618 3818 711 3871 ἐπὶ
734 3819 833 3890 τήν
858 3820 1078 3893 πέτραν.
1106 3823 1216 3876 Καὶ
1237 3824 1375 3895 ὑπὲρ
1403 3825 1502 3895 τῆς
1529 3826 1714 3882 ἐνθάδε
1744 3830 1903 3899 ἁγίας

326 3909 621 3979 παροικίας
669 3909 965 3983 δεηθῶμεν·
999 3914 1145 3977 ὅπως
1189 3916 1499 3989 καταξιώσῃ
1533 3921 1693 3990 ήμᾶξ
1721 3922 1749 3973 ὁ
1793 3923 1902 3977 τῶν

323 4000 463 4053 ὅλων
495 4002 696 4072 Κύριος
727 4004 1019 4068 ἀνενδότως
1048 4006 1146 4077 τὴν
1174 4006 1495 4079 ἐπουράνιον
1522 4012 1686 4065 αὑτοῦ
1714 4013 1902 4069 ἐλπίδα

324 4092 706 4162 μεταδιώκειν,
737 4095 829 4148 καὶ
859 4096 1197 4152 ἀδιάλειπτον
1218 4099 1366 4170 αὑτῷ
1392 4100 1492 4171 τῆς
1510 4101 1747 4173 δεήσεως
1764 4106 1900 4159 ἀπο-

322 4183 525 4238 διδόναι
572 4185 666 4256 τὴν
705 4187 943 4259 ὀφειλήν,
1010 4190 1180 4261 ’Υπὲρ
1226 4192 1408 4263 πάσης
1453 4196 1759 4267 ἐπισκοπῆς
1802 4200 1903 4269 τῆς

325 4275 429 4330 ὑπὸ
463 4278 559 4331 τὸν
602 4279 829 4351 οὐρανὸν
872 4280 982 4333 τῶν
1013 4282 1451 4355 ὀρθοτομοῦντων
1494 4288 1586 4341 τὸν
1615 4288 1771 4358 λόγον
1800 4292 1902 4363 τῆς

326 4368 425 4438 σῆς
442 4370 702 4442 ἀληθείας
717 4372 1012 4444 δεηθῶμεν·
1035 4374 1130 4428 καὶ
1152 4376 1290 4447 ὑπὲρ
1312 4378 1407 4430 τοῦ
1425 4379 1724 4434 ἐπισκόπου
1744 4384 1902 4453 ἡμῶν

337 4455 595 4517 ’ίακώὸου
639 4464 731 4517 καὶ
761 4464 871 4518 τῶν
908 4467 1211 4537 παροικῶν
1249 4468 1413 4523 αὑτοῦ
1460 4470 1739 4545 δεηθῶμεν
1763 4476 1896 4547 (25)*

395 4625 437 4654 ⁷¹
482 4623 679 4704 Ezecb.
716 4625 862 4696 xvmj
887 4634 941 4682 et
979 4642 1175 4683 xum.
1249 4631 1295 4661 ⁷³
1332 4628 1455 4686 Jon.
1502 4649 1585 4688 ιιι.
1659 4636 1705 4667 ⁷³
1743 4634 1763 4688 ι
1797 4635 1901 4691 Tiu

2002 4654 2043 4704 ι,
2077 4638 2132 4694 4.
2207 4640 2255 4672 “
2292 4636 2424 4693 Luc.
2482 4652 2571 4691 xv.
2647 4634 2691 4666 ⁷⁸
2717 4632 2783 4689 lll
2822 4631 2956 4701 Reg.
2988 4642 3108 4693 Vill,
3134 4623 3227 4681 46.

330 4709 524 4757 enix,
558 4694 609 4749 ὅ.

2001 3291 2103 3332 nos
2141 3282 2430 3332 conservet
2464 3279 2881 3343 perseverantes
2912 3273 2965 3325 in
2998 3268 3334 3340 plenitudine
3372 3268 3474 3337 pia:
3506 3281 3572 3322 ac

2002 3370 2272 3441 religiosa:
2293 3367 2533 3423 virtutis.
2555 3364 2662 3420 Pro
2685 3371 2875 3421 sancta
2898 3361 3168 3418 catholica
3198 3368 3251 3415 et
3272 3358 3571 3429 apostolica

2002 3463 2272 3527 Ecclesia,
2299 3477 2330 3515 a
2362 3460 2561 3515 ﬁnibus
2586 3474 2762 3528 usque
2788 3456 2855 3512 ad
2883 3456 3018 3511 ﬁnes
3051 3462 3295 3515 extensa,
3319 3466 3568 3517 oremus;

1994 3562 2064 3609 ut
2091 3553 2354 3609 Dominus
2381 3567 2501 3607 eam
2532 3552 2915 3605 inconcussam
2950 3554 3005 3603 et
3037 3546 3294 3607 ﬂuctibus
3320 3560 3425 3598 non
3457 3544 3572 3614 agi-

2003 3653 2170 3701 tatam
2201 3650 2489 3699 conservet
2524 3650 2689 3712 atque
2727 3650 2966 3705 tueatur,
3009 3654 3181 3709 usque
3210 3636 3277 3693 ad
3313 3650 3571 3691 consum-

2003 3737 2295 3791 mationem
2327 3734 2515 3792 smeuli
2537 3777 2552 3799 ,
2584 3733 2867 3789 fundatam
2900 3746 3067 3802 super
3095 3737 3323 3800 petram.
3362 3727 3427 3781 Et
3471 3741 3571 3797 pro

2003 3837 2195 3885 sancta
2218 3829 2321 3883 hac
2337 3828 2572 3900 parmcia
2603 3842 2824 3882 oremus
2839 3863 2856 3889 ,
2879 3831 2938 3878 ut
2962 3831 3283 3879 cunctorum
3308 3820 3569 3876 Dominus

2003 3922 2165 3978 nobis
2211 3922 2377 3977 donet
2418 3920 2726 3975 consectari
2763 3920 2883 3972 sine
2923 3917 3244 3973 remissione
3288 3914 3569 3969 cmlestem

2002 4014 2177 4085 ipsius
2208 4029 2357 4084 spem
2385 4053 2400 4079 ,
2430 4023 2483 4068 et
2512 4012 2740 4067 reddere
2776 4010 2879 4079 ipsi
2912 4008 3196 4063 assiduum
3236 4004 3569 4077 precationis

2001 4107 2265 4162 debitum.
2298 4105 2406 4160 Pro
2433 4106 2689 4161 universo
2724 4103 2828 4158 sub
2862 4100 3019 4155 cmlis
3050 4098 3320 4154 existente
3357 4096 3571 4171 episco-

2003 4210 2132 4269 patu
2162 4214 2375 4263 eorum,
2404 4199 2498 4269 qui
2535 4204 2682 4251 recte
2708 4194 3039 4264 dispertiunt
3065 4191 3292 4247 verbum
3322 4187 3569 4243 veritatis

2002 4299 2132 4357 tum,
2176 4306 2441 4347 oremus:
2474 4297 2528 4345 et
2570 4304 2670 4359 pro
2716 4287 2974 4357 epiSCOpo
3022 4290 3212 4337 nostro
3257 4278 3461 4335 Iacobo
3504 4294 3569 4334 ac

2003 4384 2258 4457 parmciis
2299 4384 2419 4454 ejus
2457 4396 2679 4437 oremus
2723 4398 2737 4435 :
2781 4393 2879 4448 pro
2918 4374 3174 4447 episcopo
3213 4379 3404 4427 nostro
3445 4369 3568 4424 Cle-

2003 4483 2185 4533 mente
2204 4492 2267 4531 ac
2287 4475 2544 4546 paruaciis
2562 4473 2682 4543 ejus
2701 4485 2921 4526 oremus
2943 4482 3072 4538 :pro
3092 4464 3348 4535 episcopo
3378 4470 3568 4518 nostro

3326 4623 3374 4654 ’⁷⁸
3413 4620 3558 4677 Psal.

1658 4856 2017 4914 νΑιιιοιιωι
2051 4854 2284 4914 ΝΟΤιΕ.

404 5017 516 5085 (25)
553 5016 645 5090 ἃ]ιὶ
674 5036 761 5090 τις
790 5019 907 5090 τῶν
928 5020 1015 5089 μὴ
1049 5020 1396 5090 δυναμένων
1416 5019 1765 5089 προελθέτω.
1809 5019 1897 5075 ln-
1926 5024 1972 5080 D

336 5095 548 5166 ter-pres
572 5087 1234 5166 Bovius‘le‘gis‘sevidetn’r
1262 5087 1635 5166 προσελθέτω.
1672 5090 1891 5156 Nullus,

339 5157 535 5225 inquit,
575 5173 638 5211 ea:
683 5157 959 5230 prohibitis
991 5160 1224 5230 accedat.
1254 5157 1385 5228 Quae
1413 5161 1639 5230 scriptio
1686 5177 1893 5230 nequa-

338 5241 504 5300 quam
522 5235 604 5300 est
626 5229 985 5300 aspernanda.
1021 5229 1134 5285 Lib.
1160 5246 1223 5294 ιι,
1247 5247 1365 5300 cap.
1392 5230 1461 5285 57
1484 5249 1496 5286 :
1532 5229 1896 5300 φυλαττέσθω-

342 5297 536 5376 saviis
551 5298 602 5349 αἰ
631 5296 811 5376 θύραι,
844 5300 915 5368 μή
945 5318 1028 5376 τις
1049 5302 1270 5376 amaro;
1288 5296 1602 5376 Δεἷο-ἐλθοιίῆ
1630 5300 1890 5376 άμρητοςς

337 5370 393 5437 et
426 5367 498 5437 lib
523 5367 629 5437 hoc,
658 5367 780 5426 ult..
805 5367 928 5437 capi.
961 5370 1019 5423 ll
1054 5386 1067 5422 :
1102 5372 1165 5423 υἰ
1197 5370 1252 5424 δὲ
1283 5372 1516 5424 διάκονοι
1553 5367 1892 5424 ἱστάσθωσαν

337 5435 417 5519 εἰς
442 5435 539 5518 τὰς
564 5434 672 5489 τῶν
704 5434 1161 5519 ἀνδρῶν’-θύρας,
1194 5441 1287 5494 καὶ
1318 5441 1763 5519 ριίηῦποδιίὶκονοι
1812 5442 1892 5505 εἰς

337 5502 436 5566 τάς
461 5505 576 5582 τῶν
596 5502 885 5575 γυναικῶν·
919 5502 1065 5582 ὅπως
1201 5528 1287 5575 τις
1315 5511 1537 5578 ἐξέλθοι.
1583 5510 1723 5582 Lege
1765 5502 1887 5565 can:

339 5582 510 5647 apost.
549 5578 602 5639 9,
631 5584 683 5632 et
712 5593 875 5647 supra
906 5579 973 5632 ad
995 5578 1176 5647 u,_54.
1209 5583 1343 5635 Cor.

369 5644 989 5723 .(24)_"_00'0t_;iw'rol.
1037 5645 1155 5723 Non
1203 5648 1379 5723 solum
1424 5649 1733 5723 diaconiet
1770 5650 1899 5723 sub:

331 5711 540 5787 diaconi
578 5720 648 5772 ita
684 5719 908 5773 edicunt
940 5736 954 5771 :
991 5717 1137 5787 quod
1169 5719 1516 5773 observatum
1554 5721 1768 5786 multis;
1800 5722 1894 5777 sed

2035 5030 2046 5047 ι
2228 5020 2407 5093 ’Υπὲρ
2434 5019 2539 5074 τοῦ
2568 5019 2902 5093 ἐπισκόπου
2934 5017 3432 5093 ἠμῶνςρακώᾷου,
3457 5026 3563 5074 etc.

2000 5086 2104 5147 Per
2133 5086 2476 5147 occasionem
2509 5091 2726 5160 corrigo
2764 5086 3075 5160 Simeonem
3109 5086 3563 5160 Thessalonicen-

2001 5178 2114 5216 sem
2147 5178 2266 5231 cap.
2295 5162 2327 5215 6
2372 5161 2494 5215 libri
2529 5159 2604 5214 De
2633 5157 2810 5231 sacris
2825 5157 3243 5231 ordinationibus
3276 5177 3293 5209 :
3325 5158 3431 5231 Καὶ
3456 5157 3564 5231 τῶν

2002 5225 2261 5303 βασιλέων
2294 5231 2567 5303 μνησθεὶς,
2591 5231 2667 5303 ᾡς
2694 5228 2921 5303 ἐκδίκων
2951 5228 3053 5296 τῆς
3092 5225 3436 5303 ςΕκκλησίας,
3470 5228 3565 5280 καὶ

1998 5294 2093 5373 τοῦ
2123 5294 2568 5373 άρχιεπισκόπουῃ,
2595 5300 2669 5373 ᾡς
2696 5294 3070 5373 τιοιμαίνοντος
3088 5299 3144 5349 έν
3166 5294 3404 5373 Χριστῷ,
3433 5304 3562 5373 etc_.,

2000 5372 2091 5426 ubi
2123 5364 2472 5426 doctissinms
2510 5370 2751 5424 Morinus
2781 5364 2969 5428 edidit,
3014 5367 3089 5429 ὡς
3120 5364 3292 5436 πηνὴν
3323 5364 3473 5427 ὄντος
3506 5366 3563 5416 ὲν

1998 5442 2217 5513 Χριστῷ
2238 5460 2254 5505 ;
2290 5443 2596 5513 vertitque,
2644 5444 3025 5513 impera!o_r_um_
3055 5452 3253 5513 quoque
3304 5436 3560 5513 meminit,

2000 5501 2062 5564 ιιί
2077 5501 2325 5567 Ecclesia:
2345 5501 2706 5579 defensorum;
2723 5518 2771 5562 et
2794 5501 3189 5573 archiepiscopi,
3212 5515 3270 5579 ut
3286 5522 3336 5579 in
3352 5503 3563 5560 Christo

1996 5583 2273 5651 pauperis,
2302 5577 2529 5652 legendo
2552 5581 2805 5660 πένητος.
2841 5578 2998 5643 Quod
3033 5586 3211 5660 autem
3246 5577 3564 5660 hic‘oratur

1992 5646 2112 5778 Ero
2142 5646 2421 5708 senectute
2483 5646 2744 5734 episcopi,
2799 5664 3023 5703 cernere
3070 5648 3231 5701 etiam
3279 5653 3363 5701 est
3417 5646 3561 5728 apud

2039 5724 2441 5778 hrvsostomum
2456 5721 2649 5778 homil.
2671 5719 2707 5774 2
2736 5718 2811 5775 De
2830 5717 3198 5778 prophetarum
3221 5716 3556 5778 obscuntate,

2039 5724 2441 5794 hrysostomum
2456 5716 2649 5778 homil.
2671 5716 2707 5774 Ξ
2736 5718 2811 5775 De
2829 5717 3198 5789 prophetarum
3221 5716 3556 5782 obscuritate,

332 5784 488 5871 etiam
518 5789 769 5871 lectores...
800 5790 853 5842 in
878 5784 1221 5871 Ἐιιςίιοιρρίο
1266 5784 1897 5871 ΑίιαιὶαηομιιριιιΙ-Μο-
1992 5784 2122 5849 tom:
2158 5792 2245 5849 lli.
2280 5793 2355 5849 In.

334 5854 507 5911 linum
546 5860 617 5915 De
654 5859 1076 5927 ordinatitnibus
1102 5854 1423 5919 ercorum,
1449 5876 1498 5923 υ.
1536 5854 1653 5917 ίθθξ
1676 5863 1751 5918 in.
