4062 6258
555 344 581 401 Ι
592 341 699 401 087

1424 335 1483 394 S.
1523 334 1914 393 CLEMENTIS
1951 337 1971 391 l
2009 333 2176 392 ROM.
2216 332 2419 392 PONT.
2459 334 2688 393 OPEBA
2716 335 2944 394 DUBIA.

3638 343 3768 401 1088

550 453 756 512 Evodio
800 458 855 510 et
899 449 1156 522 ραι-σκιῆς
1204 449 1326 522 ejus
1370 458 1592 507 oremus
1631 470 1644 505 :
1685 457 1744 507 ut
1800 451 2103 508 misericors

2218 452 2359 531 ὑπὲρ
2389 453 2482 509 τοῦ
2513 454 2811 511 ἐπισκόπου
2840 454 2998 527 ήμῶν
3018 453 3331 527 Κλήμεντος
3352 454 3448 509 καὶ
3468 454 3577 510 τῶν
3598 473 3775 530 παροι-

549 547 694 603 Deus
723 547 849 602 illos
876 543 1141 601 Ecclesiis
1165 544 1372 600 sanctis
1401 544 1518 599 suis
1539 551 1760 615 praestet
1783 544 2113 613 incolumes,

548 631 886 706 honoratos,
920 637 1224 708 longaevos,
1270 643 1324 693 et
1369 638 1607 707 praebeat
1657 637 1739 692 eis
1792 638 2114 695 honoratam

548 737 887 788 senectutem
916 730 971 784 in
1010 730 1212 800 pietate
1242 744 1304 785 ac
1330 729 1565 799 justitia.
1622 728 1799 784 Etiam
1846 747 1945 801 pro
1992 748 2118 807 pre-

547 823 783 894 sbyteris
813 823 1016 878 nostris
1048 838 1268 887 oremus
1293 861 1308 887 ,
1355 829 1417 876 ut
1467 821 1730 880 Dominus
1762 823 1956 879 liberet
1987 824 2112 881 illos

545 917 615 975 ab
648 917 793 970 omni
824 917 967 987 turpi
1013 931 1078 971 ac
1119 929 1285 986 prava
1318 929 1407 981 re,
1440 922 1494 970 et
1528 915 1791 971 concedat
1820 915 1930 972 illis
1966 916 2111 973 inte-

544 1025 706 1080 grum.
755 1018 810 1065 et
860 1016 1188 1067 honoratum
1236 1009 1659 1080 presbyterium.
1708 1008 1816 1065 Pro
1857 1011 2114 1067 universo

545 1105 751 1159 Christi
787 1103 1039 1160 diaconio
1096 1119 1161 1159 ac
1207 1103 1516 1160 ministerio
1567 1119 1829 1171 oremus,
1893 1110 1954 1158 ut
2009 1103 2114 1159 Dor

545 1197 728 1251 minus
766 1196 1100 1266 inculpatam
1136 1196 1271 1267 ipsis
1316 1198 1583 1268 largiatur
1625 1196 2109 1259 ministrationem.

542 1286 652 1343 Pro
718 1289 1052 1352 lectoribus,
1111 1290 1469 1354 cantoribus,
1526 1290 1873 1361 virginibus,
1933 1289 2113 1351 viduis

542 1388 597 1435 et
624 1381 841 1456 pupillis
872 1396 1092 1436 oremus
1136 1397 1150 1434 :
1190 1397 1290 1451 pro
1319 1383 1386 1437 iis
1414 1383 1509 1453 qui
1555 1382 1612 1437 in
1661 1381 2019 1439 matrimonio
2059 1391 2113 1437 et

543 1473 840 1532 liberorum
882 1473 1262 1546 procreatione
1288 1474 1502 1541 vivunt,
1528 1489 1772 1539 oremus,
1823 1481 1884 1528 ut
1923 1473 2110 1529 Domi-

541 1587 648 1626 nus
677 1571 999 1627 misereatur
1044 1584 1234 1631 eorum
1288 1567 1559 1629 umidum.
1608 1565 1716 1621 Pro
1744 1567 2012 1623 eunuchis
2056 1567 2111 1622 in

540 1661 826 1723 sanctitate
856 1652 1258 1721 ambulantibus
1310 1675 1551 1716 oremus.
1602 1656 1711 1717 Pro
1745 1659 1813 1716 iis
1856 1658 1949 1729 qui
1974 1648 2082 1714 con

536 1754 803 1808 tinentem
832 1760 886 1809 et
914 1753 1225 1825 religiosam
1272 1762 1439 1822 agunt
1478 1753 1665 1818 vitam,
1702 1768 1944 1809 oremus.
2003 1748 2111 1807 Pro

536 1844 607 1899 iis
630 1844 722 1914 qui
769 1844 825 1905 in
873 1854 1062 1899 sancta
1116 1840 1362 1898 Ecclesia
1397 1826 1702 1899 oblationes
1756 1843 1987 1908 faciunt,
2044 1857 2109 1898 ac

533 1937 910 2007 eleemosynas
939 1935 1270 2007 pauperibus
1300 1935 1452 2000 dant,
1495 1950 1755 1993 oremus:
1819 1945 1873 1991 et
1905 1951 2006 2008 pro
2040 1936 2109 1993 iis

534 2027 629 2098 qui
677 2027 906 2081 Domino
931 2026 1041 2083 Deo
1067 2036 1257 2083 nostro
1292 2026 1506 2082 hostias
1546 2036 1601 2083 et
1655 2028 1924 2103 primitias
1973 2028 2108 2085 oll‘e—

534 2126 685 2182 runt,
717 2133 936 2173 oremus
961 2157 978 2183 ,
1033 2124 1093 2172 ut
1141 2117 1285 2172 Deus
1316 2118 1557 2189 optimus
1608 2128 1989 2181 remuneretur
2012 2135 2107 2176 eos

536 2211 851 2268 cmlcstibus
883 2210 998 2266 suis
1027 2211 1220 2281 gratiis
1245 2250 1260 2275 ,
1293 2208 1490 2283 detque
1521 2210 1590 2266 iis
1622 2209 1677 2264 in
1705 2212 1957 2283 praesenti
1983 2227 2110 2267 cen-

541 2302 773 2373 tuplum,
811 2312 865 2356 et
890 2303 943 2356 in
973 2301 1157 2357 futuro
1183 2301 1363 2373 vitam,
1394 2310 1699 2370 mternam;
1741 2310 1904 2373 atque
1945 2302 2109 2358 danet

539 2394 679 2466 ipsis
709 2410 809 2464 pro
847 2395 1192 2464 temporariis
1225 2404 1457 2461 aeterna,
1506 2411 1606 2467 pro
1653 2396 1887 2451 terrenis
1940 2398 2105 2462 caele:

538 2487 646 2544 stia
676 2487 747 2542 ⁷⁷.
781 2484 1012 2542 Oremus
1037 2503 1136 2557 pro
1163 2503 1356 2545 recens
1386 2488 1677 2559 baptizatis
1717 2488 1979 2553 fratribus
2009 2504 2108 2544 no-

533 2580 666 2637 stris
685 2623 699 2647 ,
726 2588 786 2633 ut
814 2578 1075 2635 Dominus
1098 2595 1193 2635 eos
1222 2580 1464 2637 stabiliat
1483 2595 1547 2635 ac
1570 2580 1767 2635 ﬁrmet.
1792 2579 1897 2635 Pro
1924 2580 2107 2635 fratri-

536 2672 642 2725 bus
665 2670 868 2725 nostris
888 2670 1030 2726 mala
1058 2671 1365 2726 valetudine
1387 2671 1600 2731 afﬂictis
1628 2686 1883 2743 oremus;l
1914 2679 1971 2726 ut
2001 2671 2102 2735 Do-

537 2762 718 2817 minus
746 2760 939 2817 liberet
968 2760 1091 2816 illos
1142 2762 1291 2816 omni
1321 2762 1513 2817 morbo
1560 2772 1610 2818 et
1642 2764 1789 2816 omni
1823 2764 2100 2833 languore,

534 2866 809 2921 sanusque
838 2851 1093 2907 restituat
1122 2836 1327 2909 sancta:
1351 2868 1464 2908 suae
1503 2851 1780 2908 Ecclesia.
1810 2853 1917 2909 Pro
1950 2855 2102 2908 navi-

530 2944 785 3021 gantibus
814 2959 878 2998 ac
906 2944 1009 2998 iter
1054 2943 1385 3000 habentibus
1415 2960 1653 3001 oremus.
1686 2943 1793 3000 Pro
1825 2947 1892 3001 iis
1922 2947 2014 3017 qui
2046 2947 2102 3002 in

529 3038 785 3101 metallis,
818 3036 1051 3102 exsiliis,
1086 3036 1354 3092 custodiis
1383 3044 1437 3092 et
1464 3038 1724 3102 vinculis,
1751 3046 1973 3109 propter
2001 3056 2101 3095 no-

2221 546 2355 601 κιῶν
2397 547 2561 602 αὐτοῦ
2614 546 2912 619 δεηθῶμεψ
2964 546 3103 618 ὑπὲρ
3152 546 3247 599 τοῦ
3290 546 3588 601 ἐπισκόπου
3628 543 3775 619 ἡμῶν

2219 639 2437 697 Εὐοδίου
2477 638 2588 710 (26)
2636 639 2730 692 καὶ
2773 639 2883 691 τῶν
2930 638 3230 709 παροικιῶν
3279 636 3443 692 absab
3489 637 3770 711 δεηθῶμιν·

2218 731 2366 794 ὅπως
2391 732 2421 785 6
2445 730 2741 802 οἰκτίρμων
2769 729 2901 793 Θεὸς
2924 722 3217 802 χαρίσηται
3244 730 3442 795 αὐτοὺς
3458 732 3579 795 ταῖς
3605 731 3774 800 ἁγίαις

2218 821 2379 876 αὑτοῦ
2436 822 2783 895 Ἐκκλησίαις
2844 821 3053 887 σώους,
3113 822 3367 894 ἐντίμους
3391 861 3407 889 ,
3471 840 3772 896 μακροημι-

2220 913 2492 986 ρεύοντας·
2528 914 2622 967 καὶ
2660 914 2840 985 τίμιον
2890 915 3073 978 αὐτοῖς
3118 914 3179 967 τὸ
3221 897 3398 986 γῆρας
3437 913 3773 987 παράσχηται

2216 1006 2274 1058 ἐν
2310 1004 2561 1077 εὐσεϐείᾳ
2604 1006 2698 1059 καὶ
2743 1005 3075 1077 δικαιοσύνῃ’
3106 1006 3201 1060 καὶ
3236 1007 3377 1080 ὑπὲρ
3407 1007 3516 1061 τῶν
3547 1007 3772 1080 πρεσϐυ-

2214 1096 2388 1169 τέρων
2415 1096 2574 1169 ἡμῶν
2605 1097 2902 1170 δεηθῶμενο
2936 1099 3084 1163 ὅπως
3110 1101 3138 1152 6
3167 1099 3370 1175 Κύριος
3411 1099 3637 1172 ρύσηται
3680 1100 3771 1154 αύ-

2215 1188 2343 1251 τοὺς
2378 1188 2485 1242 ἀπὸ
2525 1190 2725 1253 παντὸς
2769 1190 2966 1243 ἀτόπου
3009 1190 3103 1243 καλ¹
3143 1190 3381 1266 πονηροῦ
3424 1192 3770 1262 πράγματος,

2215 1281 2309 1333 καὶ
2339 1281 2477 1334 σῶον
2504 1282 2597 1335 καὶ
2644 1280 2858 1352 ἔντιμον
2905 1282 2965 1335 τὸ
3009 1281 3400 1354 πρεσϐυτέριον
3447 1283 3629 1346 αὐτοῖς
3672 1299 3770 1338 πα-

2202 1362 2425 1445 ράσχοι.
2469 1374 2637 1444 ’Υπὲρ
2684 1374 2865 1447 πάσης
2906 1374 3004 1445 τῆς
3038 1376 3097 1428 ἐν
3128 1374 3349 1447 Χριστῷ
3384 1375 3658 1439 διακονίας
3684 1374 3771 1429 καὶ

2216 1464 2515 1536 ὑπηρεσίας
2545 1465 2844 1538 δεηθῶμεν·
2879 1466 3027 1530 ὅπως
3058 1468 3087 1520 6
3116 1466 3322 1538 Κύριος
3368 1467 3652 1539 ἄμεμπτον
3681 1466 3770 1539 τὴν

2213 1556 2485 1612 διακονίαν
2519 1558 2699 1623 αὐτοῖς
2732 1559 3100 1635 παράσχηται.
3161 1559 3333 1631 Ὑπὲρ
3378 1559 3768 1628 ἀναγνωστῶν,

2212 1649 2450 1718 ψαλτῶν,
2470 1651 2775 1722 παρθένων,
2809 1652 2992 1722 χηρῶν
3017 1669 3076 1705 τε
3094 1651 3186 1705 καὶ
3205 1651 3453 1725 ὀρφανῶν
3477 1651 3768 1724 δεηθῶμεψ

2214 1742 2355 1815 ὑπὲρ
2382 1743 2490 1797 τῶν
2518 1746 2577 1797 ἐν
2626 1744 2907 1813 συζυγίαις
2947 1744 3041 1797 καὶ
3064 1725 3428 1814 τεκνογονίαις
3464 1744 3734 1817 δεηθῶμεν
3754 1763 3767 1778 ·

2213 1838 2361 1901 ὅπως
2384 1837 2412 1889 6
2443 1837 2646 1909 Κύριος
2694 1838 2818 1899 τοὺς
2853 1836 3061 1900 πάντας
3106 1836 3303 1899 αὐτοὺς
3332 1835 3553 1913 ἐλεήσῃ.
3613 1837 3771 1917 Ὑπὲρ

2211 1931 2478 2001 εὐνούχων
2504 1931 2667 1995 ὁσίως
2720 1930 3096 2002 πορευομένων
3125 1928 3423 2001 δεηθῶμεν.
3471 1930 3643 2002 ’Υπὲρ
3673 1930 3771 1983 τῶν

2208 2023 2267 2075 ἐν
2295 2021 2615 2094 ἐγκρατείᾳ,
2648 2022 2743 2075 καὶ
2796 2020 3046 2093 εὐλαϐείᾳ
3097 2019 3399 2091 δεηθῶμεν.
3472 2004 3770 2092 Ὑπὲρτῶν

2209 2112 2696 2185 καρποφορούντων
2720 2114 2777 2165 ἐν
2822 2115 2887 2189 τῇ
2920 2111 3048 2184 ἁγίᾳ
3083 2111 3394 2185 Ἐκκλησίᾳ,
3429 2113 3525 2173 καὶ
3569 2111 3770 2167 ποιούν-

2206 2222 2314 2260 των
2350 2208 2464 2269 τοῖς
2514 2205 2707 2277 πένησι
2749 2203 2853 2268 τὰς
2894 2202 3259 2277 ἐλεημοσύνας
3310 2202 3631 2276 δεηθῶμενή
3686 2204 3769 2258 καὶ

2209 2298 2350 2369 ὑπὲρ
2372 2297 2480 2350 τῶν
2513 2297 2610 2361 τὰς
2634 2296 2820 2360 θυσίας
2841 2297 2934 2349 καὶ
2965 2295 3064 2359 τὰς
3086 2294 3337 2367 ἀπαρχὰς
3366 2297 3768 2370 προσφερόντων

2205 2390 2395 2460 Κυρίῳ
2421 2388 2498 2459 τῷ
2531 2388 2651 2461 Θεῷ
2682 2387 2835 2459 ἡμῶν
2864 2386 3141 2458 δεηοῶμεν
3165 2405 3179 2419 ο
3235 2388 3381 2450 ὅπως
3413 2389 3443 2439 ὁ
3468 2375 3768 2457 πανάγαθος

2192 2472 2339 2544 Θεὸς
2367 2481 2670 2553 ἀμείψηται
2703 2482 2900 2545 αὐτοὺς
2943 2484 3063 2544 ταῖς
3107 2480 3451 2551 ἐπουρανίαις
3479 2480 3645 2533 absab
3672 2481 3767 2534 δω-

2207 2577 2377 2643 ρεαῖς,
2412 2575 2506 2628 καὶ
2558 2574 2632 2645 δῷ
2689 2574 2871 2637 αὐτοῖς
2908 2576 2965 2627 ἐν
3010 2572 3089 2645 τῷ
3127 2573 3349 2646 παρόντι
3384 2574 3767 2628 ἑκατονταπλα-

2207 2666 2375 2732 σίονα,
2407 2668 2499 2721 καὶ
2529 2670 2584 2721 ἐν
2603 2667 2681 2739 τῷ
2710 2666 2957 2738 μέλλοντι
2987 2666 3131 2735 ζωὴν
3159 2665 3392 2731 αἰώνιον,
3424 2666 3521 2720 καὶ
3553 2666 3767 2745 χαρίσηέ

2201 2776 2291 2812 ται
2326 2761 2508 2823 αὐτοῖς
2556 2761 2676 2813 ἀντὶ
2733 2759 2839 2812 τῶν
2890 2758 3238 2830 προσκαίρων
3286 2757 3354 2811 τά
3408 2757 3625 2823 αἰώνια,
3657 2760 3767 2814 ἀντὶ

2199 2852 2309 2906 τῶν
2342 2851 2594 2921 ἐπιγείων
2620 2850 2687 2904 τὰ
2706 2838 3021 2921 ἐπουράνια.
3062 2850 3233 2921 Ὑπὲρ
3264 2849 3372 2903 τῶν
3403 2852 3766 2920 νεοφωτίστων

2199 2943 2443 3013 ἀδελφῶν
2472 2943 2627 3015 ἡμῶν
2676 2942 2991 3014 δεηθῶμεν·
3037 2942 3185 3005 ὅπως
3236 2943 3265 2995 ὁ
3310 2941 3516 3013 Κύριος
3548 2943 3765 3015 στηρίξῃ

2202 3036 2399 3100 αὐτοὺς
2455 3036 2549 3089 καὶ
2612 3019 2909 3106 βεϐαἶώσῃ.
2981 3033 3153 3104 Ὑπὲρ
3210 3033 3318 3087 τῶν
3375 3035 3434 3086 ἐν
3490 3022 3767 3109 ἀρρωστίᾳ

529 3143 655 3182 men
690 3125 927 3189 Domini,
958 3136 1270 3189 versantur,
1299 3139 1536 3179 oremus.
1596 3123 1703 3178 Pro
1734 3126 1928 3179 acerba
1980 3141 2095 3181 ser-

2204 3125 2596 3199 ἐξεταζομένων
2644 3126 2886 3195 ἀδελφῶν
2917 3128 2949 3196 ὴ
2959 3125 3071 3196 μῶν
3088 3125 3393 3197 δεηθῶμεν·
3426 3127 3580 3191 ὅπως
3608 3129 3636 3180 6
3659 3127 3765 3180 Κύι

528 3215 703 3270 vitute
739 3212 1017 3283 oppressis
1042 3227 1284 3268 oremus.
1345 3210 1451 3267 Pro
1488 3212 1723 3267 inimicis
1754 3221 1808 3267 et
1847 3214 1973 3269 odio
2000 3216 2100 3269 ha-

527 3306 783 3361 bentibus
828 3319 950 3372 nos,
1000 3317 1217 3359 oremus
1272 3321 1287 3359 :
1348 3319 1447 3373 pro
1503 3306 1957 3375 persequentibus
1997 3323 2100 3364 nos

528 3404 749 3467 propter
781 3410 977 3449 nomen
1002 3394 1238 3459 Domini,
1269 3410 1526 3451 oremus:
1558 3404 1618 3450 ut
1658 3396 1939 3466 Dominus,
1993 3402 2096 3456 mi-

531 3490 698 3560 tigato
728 3504 913 3543 eorum
970 3486 1172 3552 furore,
1225 3487 1453 3560 dissipet
1500 3490 1637 3545 iram
1695 3492 1959 3549 adversus
1995 3510 2097 3550 nos

527 3582 879 3636 concitatam.
911 3579 1018 3634 Pro
1072 3580 1139 3636 iis
1190 3581 1284 3651 qui
1314 3581 1448 3638 foris
1477 3592 1625 3648 sunt,
1662 3599 1725 3638 ac
1754 3601 1943 3641 errore
1994 3587 2098 3640 du-

527 3684 744 3739 cuntur,
779 3688 1026 3740 oremus;
1058 3681 1118 3727 ut
1140 3672 1404 3729 Dominus
1429 3676 1551 3733 illos
1574 3687 1875 3735 convertat.
1911 3679 2096 3735 Infan-

526 3771 658 3822 tium
685 3766 941 3821 Ecclesiae
999 3764 1381 3833 recordemur;
1434 3767 1511 3820 uti
1567 3766 1852 3834 Dominus,
1886 3785 1981 3827 eos
2039 3772 2092 3826 in

522 3860 718 3912 timore
745 3871 848 3911 suo
871 3854 1062 3910 reddat
1093 3854 1383 3925 perfectos,
1407 3862 1462 3910 et
1492 3855 1559 3910 ad
1599 3871 1910 3912 mensuram
1962 3867 2094 3913 zela-

528 3947 598 4002 tis
629 3949 908 4019 perducat.
945 3947 1050 4003 Pro
1084 3948 1245 4003 nobis
1267 3947 1500 4002 invicem
1531 3963 1781 4017 oremus;
1817 3961 1878 4007 ut
1906 3949 2091 4007 Domi-

527 4054 634 4095 nus
671 4040 845 4109 gratia
888 4055 986 4094 sua
1017 4049 1197 4095 servet
1244 4056 1344 4096 nos
1382 4057 1447 4096 ac
1493 4042 1765 4097 custodiat
1805 4060 1977 4114 usque
2021 4045 2086 4099 ad

525 4129 709 4193 ﬁnem,
747 4140 800 4183 et
835 4128 1025 4185 liberet
1076 4146 1177 4188 nos
1206 4148 1236 4186 a
1278 4135 1440 4198 malo,
1469 4142 1521 4189 et
1550 4135 1617 4189 ab
1648 4137 1903 4191 omnibus
1930 4152 2089 4191 scan-

525 4218 662 4274 dalis
690 4225 1031 4290 operantium
1076 4224 1419 4294 iniquitatem
1456 4227 1523 4291 ⁷⁸,
1554 4236 1608 4281 et
1640 4229 1819 4283 salvos
1855 4244 1955 4284 nos
1989 4231 2093 4284 du-

526 4319 615 4362 cat
658 4310 709 4363 in
774 4327 998 4382 regnum
1057 4329 1215 4368 suum
1271 4317 1508 4371 cceleste.
1552 4318 1657 4372 Pro
1705 4319 1855 4373 omni
1909 4319 2087 4374 anima

524 4398 833 4456 Christiana
864 4417 1103 4459 oremus.
1152 4405 1312 4460 Salva
1344 4416 1397 4462 et
1427 4408 1574 4478 erige
1618 4410 1757 4473 nos,
1785 4409 1948 4475 Deus,
1986 4413 2090 4466 mi-

2206 3234 2320 3291 ριος
2352 3219 2580 3291 ρύσηται
2608 3218 2803 3281 αὐτοὺς
2834 3216 3015 3288 πάσης
3073 3217 3227 3271 νόσου
3263 3218 3353 3271 καὶ
3389 3217 3573 3289 πάσης
3606 3219 3767 3290 μαλα-

2201 3309 2345 3374 κίας,
2397 3311 2491 3363 καὶ
2543 3308 2716 3379 σώους
2770 3310 3193 3380 ἀποκαταστήσῃ
3222 3311 3289 3379 τῇ
3321 3309 3450 3381 ἁγίᾳ
3480 3307 3763 3363 αὐτοῦἘκ-

2199 3400 2416 3474 κλησίςι.
2466 3402 2639 3473 ’Υπὲρ
2672 3400 2945 3455 πλεόντων
2990 3401 3085 3454 καὶ
3117 3401 3541 3472 ὁδοιπορούντων
3574 3401 3765 3474 δεηθῶ-

2202 3511 2298 3564 μεν
2322 3510 2336 3525 ο
2374 3494 2514 3565 ὑπὲρ
2544 3494 2652 3547 τῶν
2683 3495 2740 3546 ἐν
2773 3492 3052 3565 μετάλλοις
3083 3492 3177 3545 καὶ
3211 3492 3447 3565 ἐξορίαις
3476 3495 3575 3548 καὶ
3606 3493 3766 3564 φυλαο

2197 3586 2320 3648 κατς
2350 3586 2444 3638 καὶ
2499 3584 2719 3655 δεσμοῖς
2759 3582 2925 3637 ὄντων
2957 3582 3045 3636 διὰ
3088 3583 3150 3636 τὸ
3194 3584 3364 3654 ὄνομα
3394 3584 3489 3638 τοῦ
3539 3584 3770 3658 Κυρίου,

2196 3675 2471 3748 δεηθῶμεν
2494 3693 2508 3707 υ
2564 3676 2705 3747 ὑπὲρ
2751 3676 2857 3728 τῶν
2891 3677 2948 3727 ἐν
2978 3676 3152 3746 πικρᾷ
3186 3675 3400 3748 δουλείᾳ
3429 3693 3762 3731 καταπονου-

2188 3769 2373 3839 μένων
2403 3768 2680 3840 δεηθῶμεν
2705 3786 2720 3800 ο
2752 3768 2893 3839 ὑπὲρ
2922 3767 3131 3838 ἐχθρῶν
3170 3767 3265 3819 καὶ
3298 3767 3597 3834 μισούντων

2195 3860 2470 3932 δεηθῶμεν
2495 3878 2508 3891 ·
2545 3861 2685 3931 ὑπὲρ
2712 3859 2824 3912 τῶν
2881 3859 3185 3912 διωκόντων
3218 3860 3365 3930 ἡμᾶς
3395 3860 3482 3913 διὰ
3509 3862 3575 3915 τὸ
3600 3862 3762 3933 ὄνομα

2194 3952 2286 4004 τοῦ
2318 3946 2542 4024 Κσρίου,
2586 3950 2863 4021 δεηθῶμεν
2887 3966 2902 3981 ο
2936 3950 3083 4012 ὅπως
3109 3952 3138 4002 6
3171 3950 3371 4021 Κύριος
3403 3952 3652 4022 πραΰνας
3675 3952 3762 4006 τὸν

2194 4041 2359 4113 Ουμὸν
2381 4042 2559 4095 αὐτῶν
2606 4040 2928 4112 διασκεδάσῃ
2950 4041 3048 4112 τὴν
3081 4040 3198 4095 καθ’
3223 4044 3255 4111 ή
3266 4041 3379 4112 μῶν
3407 4042 3580 4114 ὀργήν
3613 4044 3724 4116 (27)
3743 4061 3781 4085 ο.

2192 4133 2332 4204 ὑπὲρ
2362 4133 2471 4186 τῶν
2516 4132 2621 4200 ἔξω
2661 4132 2829 4187 ὄντων
2866 4133 2960 4185 καὶ
2992 4133 3418 4204 πεπλανημένων
3444 4134 3500 4187 δε
3512 4134 3759 4207 ηθῶμενε

2190 4224 2338 4287 ὅπως
2365 4226 2396 4278 6
2424 4226 2629 4297 Κύριος
2662 4226 2861 4287 αὐτοὺς
2909 4225 3232 4296 ἐπιστρέψῃ.
3264 4225 3384 4279 Τῶν
3431 4228 3640 4297 νηπίων
3665 4228 3760 4299 τῆς

2201 4316 2523 4388 Ἐκκλησίας
2585 4316 3082 4388 μνημονεύσωμεν·
3143 4317 3291 4379 ὅπως
3350 4319 3379 4370 6
3419 4318 3627 4389 Κύριος
3672 4336 3760 4373 τε..

2191 4408 2420 4473 λειώσας
2450 4409 2591 4463 αὐτὰ
2621 4411 2676 4463 ἐν
2708 4410 2787 4481 τῷ
2809 4408 2957 4480 φόϐῳ
2983 4408 3177 4471 absab,
3211 4410 3291 4473 είς
3325 4410 3519 4481 μέτρον
3546 4410 3761 4482 ἡλικίας

520 4491 816 4547 sericordia
870 4502 981 4548 tua.
1042 4493 1363 4565 Surgamus.
1418 4496 1647 4554 Orantes
1715 4500 1938 4567 intente,
1987 4517 2087 4558 nos

2204 4501 2393 4572 ἱγάγῃσ
2455 4501 2596 4572 ὑπὲρ
2643 4500 2882 4572 ἀλλήλων
2919 4500 3223 4572 δεηθῶμεψ
3280 4501 3428 4564 ὅπως
3472 4502 3501 4553 6
3558 4502 3759 4576 Κύριος

522 4581 670 4652 ipsos
724 4592 885 4654 atque
946 4594 1161 4653 mutuo,
1211 4588 1413 4643 viventi
1466 4589 1597 4652 Deo,
1654 4605 1752 4660 per
1805 4591 2085 4647 Christum

2204 4594 2394 4664 τηρήσῃ
2426 4590 2537 4663 (28)
2565 4594 2712 4663 ἡμᾶς
2765 4594 2859 4646 καὶ
2918 4592 3127 4664 φυλάξῃ
3159 4596 3226 4665 τῇ
3252 4593 3415 4646 absab
3458 4594 3646 4665 χάριτι
3678 4597 3757 4659 είς

518 4673 641 4741 ejus
694 4677 1161 4733 commendemus.
1213 4678 1471 4738 Precetnr
1508 4689 1687 4735 autem
1741 4681 2007 4751 pontifex,
2034 4694 2089 4740 et

2204 4683 2351 4747 τέλος,
2380 4684 2473 4736 καὶ
2515 4684 2744 4756 ρύσηται
2803 4686 2949 4756 ἡμᾶς
2996 4684 3091 4737 τοῦ
3144 4684 3379 4757 πονηροῦ
3410 4685 3505 4738 καὶ
3540 4687 3756 4740 πάντων

514 4764 659 4819 dicat
688 4782 702 4818 :

2184 4775 2292 4828 τῶν
2328 4774 2633 4829 σκανδάλων
2688 4776 2794 4829 τῶν
2827 4776 3205 4848 ἐργαζομένων
3252 4778 3350 4848 τὴν
3382 4777 3631 4848 ἀνομίαν,
3663 4777 3756 4831 καὶ

516 4852 663 4925 σώσῃ
692 4856 771 4919 εἰς
799 4855 897 4927 τὴν
931 4856 1201 4926 βασιλείαν
1247 4858 1412 4912 absab
1435 4860 1532 4931 τὴν
1563 4862 1905 4933 ἐπουράνιον.
1963 4869 2137 4943 ’Υπὲρ
2183 4870 2362 4941 πάσης
2398 4870 2576 4941 ψυχῆς
2606 4872 2920 4941 χριστιανῆς
2951 4868 3249 4940 δεηθῶμεν.
3289 4869 3469 4923 Σῶσον
3500 4871 3595 4923 καὶ
3622 4870 3752 4924 ἀνά-

516 4963 708 5018 στησον
756 4951 902 5020 ἡμᾶς
951 4951 978 5003 6
1032 4951 1163 5014 Θεὸς
1191 4951 1269 5023 τῷ
1329 4952 1468 5006 ἐλέει
1519 4972 1632 5008 σου.
1699 4958 2084 5035 Ἑγειρώμεθα,
2134 4963 2428 5036 Δεηθέντες
2457 4964 2689 5027 ἐκτενῶς
2738 4965 2981 5026 ἑαυτοὺς
3011 4964 3105 5016 καὶ
3154 4962 3412 5035 ἀλλήλους
3456 4962 3535 5017 τῶ
3589 4963 3754 5029 ζῶντι

512 5037 629 5109 Θεῷ
646 5038 733 5093 διὰ
758 5040 852 5094 τοῦ
881 5043 1115 5112 Χριστοῦ
1134 5043 1297 5096 absab
1325 5044 1713 5116 παραθώμεοα.
1752 5050 2095 5123 Ἐπευχέσθω
2124 5054 2180 5108 δὲ
2214 5054 2323 5127 (29)
2355 5058 2384 5109 6
2408 5056 2718 5126 ἀρχιερεὺς,
2753 5056 2847 5107 καὶ
2880 5053 3102 5121 λεγέτω·

1099 5158 1326 5214 CAPUT
1374 5158 1463 5213 XI.

956 5248 1224 5305 Invocatio
1243 5266 1337 5320 pro
1361 5250 1621 5321 ﬁdelibus.

581 5335 807 5395 Domine
832 5342 1197 5413 omnipotens,
1238 5343 1562 5411 celsissime,
1598 5348 1691 5417 qui
1723 5347 1778 5404 in
1811 5350 1938 5408 altis
1976 5351 2072 5408 lia-

578 5454 621 5485 ’τ
661 5454 852 5511 Matth.
883 5474 998 5524 χιι,
1030 5459 1121 5514 29.
1196 5458 1244 5492 ⁷⁸
1281 5458 1429 5517 Psal.
1462 5476 1586 5531 οη,
1619 5462 1676 5519 9.

2700 5168 3097 5223 ΚΕΦΑΛΑΙΟΝ
3129 5169 3232 5221 ΙΑ’.

2578 5263 2928 5329 Ἐπίκλησις
2962 5260 3081 5314 τῶν
3109 5259 3359 5315 πιστῶν.

2246 5355 2417 5428 Κύριε
2474 5354 2869 5425 παντόκρατορ,
2904 5352 3128 5424 ὕψιστε,
3172 5353 3202 5405 6
3248 5353 3306 5407 ἐν
3354 5351 3573 5425 ὑψηλοῖς
3614 5367 3748 5406 κατ-

1822 5596 2183 5654 VARIORUM
2211 5596 2443 5653 NOTAE.

735 5726 1024 5813 Εὐοδίαν.Δ
1040 5730 1152 5813 his:
1166 5731 1325 5813 Vind.
1345 5736 1859 5813 ‘:l\vbtavab._CLen.

575 5790 685 5860 (27)
736 5795 962 5864 'opmr.
996 5799 1158 5853 Addit
1186 5804 1307 5857 cod.
1345 5802 1504 5862 Vind.
1530 5790 1930 5876 δεηοῶμενῖιυ.

2405 5738 2659 5815 Τηρῄςῃ.
2695 5742 3027 5815 Διατῃρήσῃ.
3055 5742 3188 5798 Cod.
3223 5743 3381 5815 Yind.
3414 5743 3489 5803 In.

2270 5740 2338 5794 28
2405 5739 2659 5807 Τηρήσῃ.
2695 5742 3027 5815 Διατηρήσῃ.
3055 5742 3188 5798 Cod.
3223 5743 3304 5798 Vit

2249 5739 2358 5883 $29;
2395 5810 2481 5865 Δέ.
2516 5806 2619 5865 Οὖν
2649 5810 2768 5867 cod.
2808 5810 2964 5867 Vind.
3004 5815 3223 5869 rectius.
3250 5812 3305 5869 lu
