4062 6258
348 332 490 390 1089

1221 337 1818 396 CONSTITUTIO‘NES
1855 336 2529 393 APOSTOLICIE.——LIB.
2568 338 2701 396 Vill.

3446 343 3588 399 1090

344 451 534 520 οικῶν,
553 451 687 538 ἆγιεη
705 453 763 507 ἐν
793 452 968 522 ἁγίοις
994 453 1632 524 ἀναπαυόμενε,ἄναρχε,
1657 452 1888 524 μόναρχε
1903 469 1916 482 ·

2024 450 2187 513 bitas,
2220 456 2440 516 sancte,
2473 452 2564 519 qui
2625 452 2680 505 in
2727 451 2937 508 sanctis
2985 451 3306 522 requiescis,
3362 454 3591 527 originis

341 555 373 598 ο
424 544 517 599 διὰ
565 545 801 619 Χριστοῦ
862 547 1122 616 κήρυγμα
1190 544 1444 613 γνώσεως
1484 546 1607 609 δοὺς
1659 546 1790 617 ἡμῖν
1840 545 1921 607 εἰς

344 636 646 706 ἐπίγνωσιν
671 640 769 709 τῆς
798 636 898 708 σῆς
937 637 1096 709 δόξης
1129 639 1226 692 καὶ
1268 637 1362 691 τοῦ
1405 636 1666 709 ὀνόματός
1711 655 1825 701 σου,
1858 631 1919 689 οὗ

346 729 695 801 ἐφανέρωσεν
751 734 885 802 ἡμῖν
947 733 1028 795 είς
1084 730 1388 802 κατάληψιν
1414 747 1427 762 ο
1493 730 1655 793 αὐτὸς
1685 730 1777 783 καὶ
1826 729 1920 783 νῦν

346 821 497 876 ἔπιδε
527 822 595 876 δι’
627 821 789 876 αὐτοῦ
840 823 933 877 ἐπί
960 824 1021 877 τὸ
1065 823 1315 894 ποίμνιόν
1357 839 1449 875 σου
1481 820 1668 874 τοῦτον
1707 822 1800 875 καὶ
1824 821 1919 873 λύ-

344 931 552 986 τρωσαι
586 914 720 969 αὐτὸ
751 915 931 986 πάσης
956 915 1200 983 ἀγνοίας,
1240 914 1335 968 καὶ
1364 916 1605 985 πονηρᾶς
1631 911 1880 985 πράξεως
1902 930 1916 944 ·

345 1008 437 1060 καὶ
464 1006 553 1067 δὸς
584 1006 735 1078 φόϐῳ
764 1006 1044 1076 φοϐεῖσθαί
1073 1024 1152 1072 σε,
1187 1007 1281 1060 καὶ
1332 1006 1518 1077 ἀγάπῃ
1550 1006 1769 1075 ἀγαπᾷν
1826 1022 1916 1068 σε,

344 1100 439 1150 καὶ
469 1097 787 1152 στέλλεσθαι
833 1100 941 1152 ἀπὸ
971 1097 1262 1171 προσώπου
1307 1097 1463 1169 δόξης
1496 1114 1587 1149 σου
1611 1113 1626 1129 ·
1685 1096 1920 1166 εὐμενὴς

345 1190 527 1253 αὐτοῖς
556 1190 741 1259 γενοῦ,
772 1192 868 1245 καὶ
899 1192 1075 1258 ἵλεως,
1110 1192 1207 1245 καὶ
1234 1192 1467 1262 ἐπήκοος
1512 1191 1569 1243 ἐν
1599 1190 1717 1252 ταῖς
1748 1206 1918 1260 προσ-

344 1284 533 1351 ευχαῖς
587 1282 765 1336 αὐτῶν
789 1300 805 1315 ·
865 1285 957 1337 καὶ
1023 1283 1257 1352 φύλαξον
1330 1281 1527 1344 αὐτοὺς
1577 1281 1916 1352 ἀτρέπτους,

345 1374 697 1445 ἀμέμπτους,
750 1375 1154 1447 ἀνεγκλήτους·
1202 1376 1291 1429 ἵνα
1330 1369 1461 1427 ὦσιν
1517 1373 1660 1442 ἆγιοι
1707 1372 1918 1443 σώματι

346 1466 443 1519 καὶ
473 1466 638 1539 ψυχῇ,
693 1468 767 1539 μὴ
808 1468 1023 1539 ἔχοντες
1084 1467 1269 1521 σπῖλον
1322 1468 1355 1537 ἢ
1405 1465 1592 1538 ῥυτίδα
1638 1465 1671 1535 ή
1715 1482 1767 1517 τι
1810 1463 1918 1517 τῶν

343 1557 599 1613 τοιούτων
625 1577 638 1589 ·
663 1559 778 1611 ἀλλ’
811 1561 897 1612 ἴνα
929 1554 1060 1613 ὦσιν
1092 1561 1289 1631 ἄρτιοι,
1321 1559 1413 1612 καί
1437 1557 1623 1628 μηδεὶς
1648 1558 1707 1608 ἐν
1740 1556 1920 1618 αὐτοῖς

344 1646 380 1724 ᾖ
418 1650 635 1714 κολοϐὸς
653 1651 686 1721 ἢ
705 1652 917 1725 ἀτελής.
945 1652 1170 1724 Ἀρωγέ,
1192 1651 1403 1714 δυνατὲ,
1424 1648 1915 1721 ἀπροσωπόληπτε,

343 1743 503 1811 γενοῦ
534 1743 880 1817 ἀντιλήπτωρ
907 1743 1003 1798 τοῦ
1032 1744 1158 1797 λαοῦ
1202 1762 1294 1797 σου
1324 1743 1536 1807 τούτου,
1567 1742 1625 1796 ὃν
1659 1740 1918 1813 ἐξηγόρα-

345 1851 444 1898 σας
468 1835 578 1908 (50)
603 1834 680 1907 τῷ
711 1837 877 1908 τιμίῳ
902 1836 997 1890 τοῦ
1018 1836 1253 1908 Χριστοῦ
1287 1853 1379 1889 σου
1423 1836 1633 1907 αἵματι.
1668 1832 1913 1906 Προστά-

342 1944 461 2000 της,
493 1929 799 2002 ἐπίκουρος,
823 1930 1043 2000 ταμίας,
1085 1929 1278 2000 φύλαξ,
1332 1933 1507 1999 τεῖχος
1534 1929 1914 2000 ἐρυμνότατον,

342 2021 623 2093 φραγμὸς,
682 2022 951 2091 ἀσφάλεια
1004 2021 1155 2092 (51),
1207 2022 1288 2074 ὅτι
1339 2021 1403 2074 ἐκ
1442 2021 1539 2090 τῆς
1587 2020 1687 2088 σῆς
1736 2018 1917 2090 χειρὸς

339 2115 516 2177 οὐδεὶς
549 2113 795 2185 ἁρπάσαι
844 2113 1064 2167 δύναται
1086 2130 1102 2145 ο
1148 2113 1269 2166 οὐδὲ
1296 2113 1403 2185 γάρ
1431 2115 1545 2166 ἐστι
1571 2113 1702 2176 Θεὸς
1729 2113 1918 2185 ὥσπερ

344 2208 410 2261 σὺ
440 2207 627 2279 ἕτερος
650 2225 665 2239 ο
697 2207 780 2259 ὅτι
810 2208 867 2260 ὲν
902 2207 987 2260 col
1040 2208 1074 2277 ἡ
1107 2207 1352 2278 ὑπομονὴ
1384 2205 1559 2276 ἡμῶν.
1596 2225 1615 2255 ι
1665 2205 1915 2273 Ἀγίασον

342 2300 539 2363 αὐτοὺς
568 2301 623 2352 ἐν
656 2302 724 2370 τῇ
756 2298 979 2370 ἀληθείᾳ
1012 2315 1126 2363 σου,
1160 2299 1241 2350 ὅτι
1264 2299 1291 2349 ὁ
1322 2298 1477 2366 λόγος
1504 2299 1532 2350 6
1564 2297 1655 2360 σὸς
1691 2297 1918 2368 ἀλήθειά

341 2393 542 2446 ἐστιν.»
593 2391 1043 2464 Ἀπροσχάριστε,
1064 2390 1466 2463 ἀπαραλόγιστε
1485 2406 1501 2422 ο
1536 2390 1693 2461 ῥῦσαι
1721 2390 1916 2454 αὐτοὺς

340 2484 524 2555 πάσης
551 2484 709 2537 νόσου
743 2484 836 2537 xal
864 2484 1045 2555 πάσης
1077 2484 1365 2554 μαλακίας,
1388 2483 1587 2547 παντὸς
1618 2483 1918 2555 παραπτώ-

344 2593 534 2647 ματος,
599 2576 780 2647 πάσης
842 2576 1106 2647 ἐπηρείας
1160 2577 1252 2629 xal
1314 2576 1547 2647 ἀπάτης,
1599 2577 1707 2630 ἀπὸ
1751 2577 1914 2646 φόϐου

341 2668 560 2741 ἐχθροῦ,
587 2668 696 2722 ἀπὸ
726 2667 914 2739 βέλους
944 2668 1241 2738 πετομένου
1266 2668 1498 2748 ἡμέρας,
1529 2668 1638 2721 ἀπὸ
1660 2669 1919 2739 πράγμα-

341 2778 434 2824 τος
492 2762 549 2814 ἐν
615 2761 796 2814 σκότει
851 2762 1307 2832 διαπορευομένου
1353 2779 1365 2791 ·
1439 2763 1532 2814 καὶ
1582 2761 1916 2827 καταξίωσον

342 2854 541 2917 αὐτοὺς
570 2853 669 2925 τῆς
709 2852 927 2907 αἰωνίου
959 2853 1122 2924 ζωῆς,
1160 2854 1259 2923 τῆς
1316 2855 1379 2906 ἐν
1420 2854 1639 2926 Χριστῷ
1691 2854 1769 2925 τῷ
1800 2854 1917 2924 Υἱῷ

345 2961 440 2999 σου
472 2944 550 3015 τῷ
584 2948 879 3016 μονογενεί,
921 2945 999 3016 τῷ
1030 2944 1148 3015 Θεῷ
1178 2946 1271 2999 καὶ
1300 2946 1510 3017 Σωτῆρι
1538 2944 1692 3015 ἡμῶν
1712 2962 1726 2977 ο
1761 2945 1825 2998 δι’
1854 2941 1915 2997 οὗ

344 3054 427 3093 σοι
454 3037 580 3106 δόξα
609 3038 703 3092 καὶ
739 3039 919 3103 σέϐας,
954 3039 1011 3091 ἐν
1045 3039 1184 3109 ἁγίῳ
1214 3039 1514 3109 Πνεύματι,
1542 3038 1656 3102 νῦν,
1686 3039 1781 3091 καὶ
1805 3039 1913 3103 ἀεὶ,

345 3130 438 3184 xal
463 3132 544 3194 εἰς
572 3131 699 3195 τοὺς
729 3131 931 3194 αἰῶνας
951 3130 1059 3182 τῶν
1101 3130 1329 3183 αἰώνων.
1394 3130 1583 3202 Ἀμήν.
1621 3131 1731 3184 Kal
1778 3130 1916 3202 μετά

342 3223 501 3276 τοῦτο
527 3224 730 3293 λεγέτω
761 3226 789 3276 6
818 3223 1063 3286 διάκονος
1086 3240 1099 3253 ·
1154 3223 1505 3294 Πρόσχωμεν.
1570 3224 1677 3277 Καὶ
1732 3225 1913 3278 ἀσπα-

345 3315 518 3381 ζέσθω
545 3319 573 3370 ὁ
605 3317 901 3381 ἐπίσκοπος
955 3316 1053 3386 τὴν
1088 3315 1401 3386 ἐκκλησίαν,
1442 3316 1536 3370 καί
1564 3316 1767 3385 λεγέτω
1789 3336 1801 3349 ·
1851 3318 1916 3373 Ἠ

344 3409 533 3480 εἰρήνη
561 3410 657 3463 τοῦ
713 3409 847 3463 Θεοῦ
909 3410 1045 3480 μετά
1099 3408 1312 3461 πάντων
1365 3408 1518 3479 ὑμῶν
1544 3426 1557 3439 ο
1592 3410 1744 3464 καὶὸ
1790 3410 1918 3477 λαὸς

344 3500 758 3573 ἀποκρινάσθωο
813 3503 923 3556 Kal
960 3502 1095 3574 μετά
1121 3502 1219 3556 τοῦ
1268 3502 1574 3574 πνεύματός
1604 3521 1716 3557 σου.
1750 3505 1861 3557 Kal
1888 3507 1917 3559 6

342 3592 587 3658 διάκονος
642 3595 849 3649 εἰπάτω
905 3597 1100 3648 πᾶσιν·
1172 3591 1534 3648 Ἀσπάσασθε
1567 3594 1825 3667 ἀλλήλους
1859 3598 1916 3650 ἐν

344 3684 607 3755 φιλήματι
666 3685 825 3755 ἁγίῳ.
874 3687 984 3738 Kal
1035 3685 1461 3750 ἀσπαζέσθωσαν
1506 3687 1554 3739 οί
1581 3687 1674 3740 τοῦ
1715 3688 1914 3760 κλήρου

341 3775 435 3827 τὸν
464 3776 762 3829 ἐπίσκοπον
790 3776 923 3848 ('59.),
954 3778 1002 3829 οἱ
1053 3777 1230 3831 λαῐκοί
1283 3777 1473 3849 ἄνδρες
1518 3779 1644 3842 τοὺς
1674 3779 1913 3845 λαῖκοὺς,

345 3869 403 3919 αἱ
439 3871 696 3935 γυναῖκες
720 3868 819 3932 τάς
846 3871 1127 3939 γυναῖκας.
1175 3869 1254 3923 Τά
1284 3870 1465 3924 παιδία
1491 3870 1548 3923 δὲ
1572 3871 1916 3942 στηκέτωσαν

346 3957 484 4029 πρὸς
511 3959 589 4029 τῷ
620 3959 838 4032 βήματι,
905 3962 999 4015 καὶ
1049 3961 1288 4025 διάκονος,
1321 3963 1503 4026 αὐτοῖς
1544 3964 1729 4035 ἕτερος
1777 3964 1917 4018 ἔστω

344 4050 606 4120 ἐφεστὼς,
630 4052 778 4115 ὅπως
808 4053 881 4124 μὴ
908 4053 1203 4107 ἀτακτῶσι.
1235 4055 1345 4108 Kal
1368 4054 1517 4108 ἄλλοι
1547 4056 1781 4110 διάκονοι
1816 4075 1916 4110 πε-

347 4142 766 4214 ριπατείτωσαν,
788 4146 882 4199 καὶ
909 4145 1279 4199 σκοπείτωσαν
1325 4147 1451 4210 τοὺς
1476 4147 1671 4219 ἄνδρας
1696 4148 1789 4201 καὶ
1819 4148 1918 4213 τὰς

345 4237 628 4303 γυναῖκας,
659 4235 805 4299 ὅπως
841 4236 914 4307 μὴ
974 4236 1200 4307 θόρυϐός
1255 4255 1341 4302 τις
1398 4240 1512 4312 (55)
1545 4241 1787 4312 γένηται,
1822 4243 1918 4296 καὶ⁹

350 4328 423 4398 μή
444 4340 527 4388 τις
556 4325 741 4398 νεύσῃ,
768 4326 802 4398 ἦ
835 4327 1113 4399 ψιθυρῖσῃ,
1147 4328 1180 4398 ἢ
1217 4329 1474 4401 νυστάξῃ.
1510 4334 1573 4384 Ol
1595 4332 1651 4384 δὲ
1682 4333 1917 4388 διάκονοι

348 4418 686 4473 ἰστάσθωσαν
733 4420 813 4484 είς
863 4420 959 4484 τὰς
991 4419 1100 4473 τῶν
1149 4420 1357 4493 ἀνδρῶν
1389 4422 1576 4495 θύρας,
1600 4426 1693 4479 καὶ
1720 4428 1768 4478 οἱ
1795 4427 1919 4481 ὑπο-

2018 557 2235 612 expers,
2268 544 2597 607 monarcha;
2628 544 2720 614 qui
2756 560 2849 613 per
2872 544 3151 599 Christum
3178 545 3376 600 dedisti
3429 548 3591 621 nobis

2018 634 2350 704 cognitionis
2397 635 2837 705 praedicationem
2898 637 2952 691 in
3013 637 3342 707 agnitionem
3404 640 3591 708 gloria:

2018 733 2125 780 tua:
2166 741 2230 781 ac
2277 727 2516 782 nominis
2573 728 2675 794 tui,
2725 728 2871 799 quod
2924 730 3293 784 manifestavit
3323 730 3480 785 nobis
3520 732 3590 785 ad

2018 819 2560 890 comprehensionem
2607 840 2619 875 :
2663 821 2780 890 ipse
2809 836 2955 875 nunc
2992 838 3209 891 quoque
3243 824 3454 891 respice
3493 838 3591 891 per

2018 910 2198 979 ipsum
2222 912 2275 965 in
2298 913 2400 966 hoc
2423 913 2565 967 ovile
2600 920 2752 967 tuum
2775 931 2789 979 ;
2809 922 2863 968 et
2895 914 3065 968 libera
3100 914 3231 967 illud
3263 916 3405 968 omni
3440 915 3591 985 igno-

2018 1005 2217 1067 rantia,
2243 1013 2297 1059 et
2335 1020 2500 1073 prava
2541 1007 2781 1069 actione;
2807 1014 2860 1060 et
2884 1006 2951 1059 da
2985 1014 3041 1059 ut
3072 1016 3123 1061 te
3155 1008 3346 1062 timore
3377 1011 3588 1073 timeat,

2018 1112 2083 1151 ac
2114 1097 2407 1151 dilectione
2429 1105 2483 1151 te
2512 1097 2723 1168 diligat,
2750 1108 2804 1153 et
2824 1100 3213 1154 contremiscat
3246 1116 3276 1153 a
3306 1100 3443 1155 facie
3474 1101 3591 1170 glo-

2018 1190 2115 1243 riae
2143 1198 2289 1244 tuae:
2328 1192 2405 1245 sis
2436 1191 2515 1246 eis
2547 1191 2808 1256 clemens,
2866 1193 3158 1263 propitius,
3196 1208 3258 1246 ac
3304 1194 3591 1248 exauditor

2020 1281 2075 1335 in
2110 1283 2367 1351 precibus
2392 1298 2622 1348 eorum;
2672 1290 2726 1337 et
2758 1284 2970 1338 custodi
3025 1286 3146 1339 illos
3197 1286 3588 1350 immutabiles,

2020 1374 2453 1444 irreprehensos,
2483 1376 2789 1444 inculpatos
2818 1395 2830 1430 :
2889 1385 2949 1430 ut
2988 1378 3098 1431 sint
3131 1380 3306 1433 sancti
3359 1394 3592 1449 corpore

2020 1478 2178 1538 atque
2214 1470 2413 1531 anima,
2446 1484 2553 1522 non
2588 1470 2851 1524 habentes
2880 1471 3171 1534 maculam,
3226 1480 3318 1525 aut
3374 1488 3586 1542 rugam,

2017 1574 2109 1616 aut
2138 1561 2340 1630 aliquid
2372 1560 2715 1629 hujusmodi;
2742 1562 2837 1617 sed
2865 1570 2923 1616 ut
2970 1564 3079 1619 sint
3122 1566 3338 1634 integri,
3378 1567 3590 1621 nullus-

2018 1670 2123 1724 que
2151 1653 2293 1708 inter
2319 1668 2414 1707 eos
2452 1654 2523 1708 sit
2553 1655 2779 1708 mutilus
2799 1694 2815 1719 ,
2846 1657 2931 1709 vel
2975 1655 3349 1726 imperfectus.
3394 1657 3590 1712 Defen-

2021 1762 2131 1811 sor,
2160 1754 2375 1815 potens,
2409 1760 2764 1813 personarum
2798 1762 2905 1800 non
2936 1758 3219 1817 acceptor;
3250 1748 3326 1802 sis
3360 1750 3591 1807 auxilia-

2022 1846 2108 1892 tor
2138 1839 2324 1908 populi
2357 1839 2435 1895 tui
2467 1841 2651 1908 hujus,
2679 1855 2838 1908 quem
2862 1839 3140 1893 redemisti
3171 1840 3593 1909 pretiosoChri-

2020 1930 2089 1984 sti
2113 1931 2191 1984 tui
2222 1932 2527 2001 sanguine:
2585 1939 2871 2000 patronus,
2913 1931 3165 1999 adjutor,
3197 1938 3588 2001 propugnator,

2018 2029 2229 2087 custos,
2261 2037 2455 2077 murus
2484 2023 2815 2085 tutissimus,
2864 2022 3087 2085 vallum,
3148 2022 3360 2075 firmum
3404 2023 3593 2092 praesi-

2016 2113 2188 2178 dium,
2216 2115 2469 2184 quoniam
2492 2130 2558 2169 ex
2587 2129 2748 2168 manu
2780 2121 2871 2166 tua
2901 2128 3062 2167 nemo
3090 2123 3266 2182 potest
3295 2130 3483 2183 rapere
3506 2114 3586 2167 7’:

2019 2223 2128 2263 non
2156 2209 2302 2263 enim
2334 2217 2420 2263 est
2469 2209 2610 2263 alius
2657 2206 2802 2262 Deus
2852 2208 2995 2261 sicut
3027 2216 3105 2272 tu,
3132 2207 3260 2276 quia
3301 2207 3356 2261 in
3408 2215 3459 2262 te
3508 2215 3593 2260 cst

2019 2309 2208 2356 nostra
2231 2302 2588 2372 exspectatio.
2623 2318 2641 2350 ‹
2674 2298 2965 2354 Sanctiﬁca
2988 2316 3082 2355 eos
3108 2301 3164 2353 in
3205 2300 3429 2353 veritate
3459 2306 3588 2365 tua;

2018 2395 2277 2464 quoniam
2311 2408 2490 2449 sermo
2540 2399 2669 2447 tuus
2719 2394 2922 2447 veritas
2980 2399 3064 2445 est
3093 2392 3192 2445 ⁸ο.»
3245 2390 3347 2455 Qui
3402 2390 3592 2460 gratia:

2018 2508 2184 2549 causa
2228 2493 2364 2547 nihil
2412 2493 2549 2562 agis,
2589 2491 2682 2561 qui
2712 2491 2889 2560 decipi
2919 2505 3027 2543 non
3056 2495 3248 2557 potes;
3301 2487 3468 2541 libera
3494 2502 3591 2541 eos

2017 2585 2167 2640 omni
2195 2587 2386 2640 morbo
2409 2594 2461 2640 et
2478 2585 2626 2639 omni
2653 2583 2992 2646 infirmitate,
3014 2580 3161 2635 omni
3186 2579 3408 2643 delicto,
3441 2578 3587 2631 omni

2018 2678 2218 2748 injuria
2278 2685 2332 2733 et
2391 2677 2605 2742 fraude,
2659 2692 2691 2729 a
2729 2677 2926 2729 timore
2976 2672 3183 2726 inimici
3227 2670 3295 2736 εί,
3329 2685 3358 2723 a
3391 2671 3589 2740 sagitta

2018 2773 2235 2827 volante
2263 2788 2358 2842 per
2387 2771 2549 2835 diem,
2580 2786 2611 2823 a
2640 2769 2860 2839 negotio
2907 2768 2963 2821 in
3011 2767 3250 2821 tenebris
3297 2765 3589 2836 perambu-

2018 2859 2166 2913 lante
2194 2859 2275 2923 ⁸²;
2308 2866 2363 2913 et
2391 2859 2618 2929 dignare
2654 2858 2776 2912 illos
2801 2867 3003 2912 aeterna
3033 2858 3164 2919 vita,
3195 2871 3315 2925 quae
3346 2855 3402 2909 in
3429 2854 3592 2908 Chri-

2019 2961 2104 3006 sto
2131 2951 2271 3005 Filio
2300 2960 2394 3006 tuo
2445 2952 2746 3021 unigenito,
2779 2949 2888 3004 Deo
2939 2964 3003 3004 ac
3053 2949 3335 3003 Salvatore
3365 2956 3589 3016 nostro;

2018 3061 2116 3116 per
2136 3061 2298 3115 quem
2328 3045 2424 3099 tibi
2459 3044 2634 3114 gloria
2687 3053 2742 3099 et
2772 3044 2977 3105 cultus,
3017 3042 3072 3095 in
3127 3049 3318 3096 sancto
3357 3039 3588 3111 Spiritu,

1939 3159 1985 3219 α
2020 3152 2187 3200 nunc,
2213 3145 2267 3191 et
2295 3151 2533 3204 semper,
2565 3144 2620 3190 et
2664 3139 2721 3189 in
2754 3134 2952 3190 saecula
3002 3134 3345 3187 saaculorum.
3394 3133 3587 3186 Amen.

2018 3227 2215 3284 Postea
2269 3227 2534 3282 diaconus
2583 3226 2730 3280 dicat
2776 3225 3204 3280 :Attendamus.
3272 3222 3337 3274 Et
3392 3222 3591 3276 salutet

2017 3325 2308 3391 episcopus
2343 3321 2632 3375 ecclesiam
2658 3358 2673 3382 ,
2700 3333 2763 3372 ac
2794 3318 2975 3373 dicat:
3039 3318 3145 3369 Pax
3176 3316 3290 3378 Dei,
3317 3332 3439 3369 cum
3473 3330 3591 3367 om-

2017 3417 2181 3471 nibus
2226 3414 2399 3469 vobis.
2443 3412 2509 3465 Et
2562 3413 2797 3483 populus
2831 3412 3195 3480 respondeat:
3230 3408 3296 3461 Et
3326 3422 3449 3463 cum
3478 3408 3593 3476 spi-

2020 3505 2127 3559 ritu
2157 3513 2273 3559 tuo.
2308 3501 2583 3557 Diaconus
2618 3517 2747 3556 vero
2806 3502 2951 3556 dicat
3003 3500 3261 3554 omnibus
3290 3516 3304 3553 :
3346 3496 3593 3550 Salutate

2017 3612 2118 3652 vos
2147 3597 2379 3650 invicem
2406 3595 2463 3647 in
2492 3594 2684 3648 osculo
2709 3601 2902 3648 sancto
2929 3612 2941 3648 :
2973 3601 3027 3648 et
3057 3592 3241 3646 clerici
3274 3589 3593 3643 osculentur

2019 3690 2355 3761 episcopum,
2390 3690 2513 3743 laici
2547 3687 2648 3741 viri
2678 3688 2871 3751 laicos,
2912 3685 3123 3740 femina:
3156 3684 3404 3738 feminas.
3429 3680 3590 3735 Pueri

2020 3788 2203 3835 autem
2236 3788 2382 3835 stent
2420 3779 2487 3833 ad
2516 3789 2850 3849 suggestum.
2879 3778 2955 3830 Ac
2988 3777 3253 3829 diaconus
3278 3775 3417 3828 alius
3456 3772 3590 3840 ipsis

2020 3872 2223 3942 prtesit,
2256 3886 2324 3925 ne
2348 3871 2657 3924 inordinate
2684 3884 2741 3921 se
2784 3876 2990 3937 gerant.
3018 3866 3085 3918 At
3117 3865 3206 3917 alii
3243 3864 3458 3917 diaconi
3496 3864 3589 3917 de-

2019 3962 2730 4032 ambulent,inspiciantque
2743 3961 2888 4013 viros
2912 3974 2977 4013 ac
3002 3959 3279 4020 mulieres,
3296 3973 3364 4011 ne
3392 3959 3590 4026 strepi-

2019 4066 2109 4112 tus
2145 4057 2345 4125 aliquis
2375 4057 2604 4120 oriatur,
2657 4060 2711 4105 et
2755 4066 2825 4105 ne
2870 4049 2995 4119 quis
3048 4058 3243 4103 nutum
3288 4049 3476 4111 faciat,
3507 4049 3591 4103 vel

2019 4154 2293 4210 susurret,
2324 4146 2408 4200 vel
2432 4144 2708 4198 dormitet.
2739 4140 2965 4195 Diaconi
2986 4154 3116 4193 vero
3139 4147 3282 4194 stent
3304 4140 3372 4192 ad
3394 4140 3591 4208 januas

2018 4240 2282 4298 virorum,
2318 4244 2373 4291 et
2432 4233 2754 4290 subdiaconi
2786 4232 2853 4285 ad
2908 4233 3107 4299 januas
3151 4230 3480 4293 mulierum;
3533 4237 3592 4282 ut

2019 4345 2181 4385 nemo
2232 4328 2564 4397 egrediatur,
2615 4338 2750 4379 neve
2804 4322 3077 4393 aperiatur
3123 4321 3293 4390 janua
3350 4330 3592 4388 tempore

2020 4422 2335 4485 oblationis,
2369 4420 2496 4473 licet
2550 4415 2806 4470 adveniat
2854 4412 3125 4484 quispiam
3180 4411 3373 4465 fidelis.
3438 4409 3592 4464 Unus

347 4511 580 4566 διάκονοι
611 4512 689 4576 είς
722 4512 819 4577 τὰς
843 4512 952 4567 τῶν
981 4491 1272 4583 γυναικῶν·
1309 4491 1470 4579 ὅπως-
1489 4518 1650 4588 μήτις
1691 4519 1913 4586 ἐξέλθοι,

2022 4523 2202 4571 autem
2234 4511 2603 4567 subdiaconus
2635 4507 2725 4562 det
2752 4504 3130 4563 sacerdotibus
3162 4517 3380 4572 aquam,
3415 4500 3481 4554 ad
3516 4501 3591 4552 la—

350 4602 486 4674 μήτε
530 4604 749 4676 ἀνοιχθῇ
780 4607 813 4676 ή
844 4605 1002 4677 θύρα,
1034 4606 1137 4659 κᾶν
1184 4607 1374 4671 πιστός
1403 4625 1489 4672 τις
1530 4606 1586 4682 ᾖ,
1641 4611 1784 4665 κατά
1824 4614 1915 4668 τὸν

346 4695 534 4765 καιρὸν
582 4696 683 4767 τῆς
741 4697 1036 4768 ἀναφορᾶς.
1080 4693 1176 4761 Εἷς
1234 4698 1292 4751 δὲ
1349 4700 1697 4765 ὑποδιάκονος
1732 4702 1916 4757 διδότω

2024 4608 2260 4664 vandum
2285 4620 2480 4658 manus
2504 4620 2520 4669 ;
2556 4617 2676 4671 qua:
2719 4616 2809 4656 res
2835 4600 3053 4670 signum
3076 4606 3160 4652 est
3188 4594 3445 4666 puritatis
3468 4592 3589 4646 ani-

2025 4714 2236 4756 marum
2269 4696 2379 4750 Deo
2415 4700 2878 4749 consecratarum.

347 4788 599 4859 ἀπόνιψιν
640 4792 839 4864 χειρῶν
876 4796 989 4856 τοῖς
1038 4792 1242 4863 ἱερεῦσι
1282 4792 1416 4865 (54),
1457 4793 1721 4865 σύμϐολον
1754 4797 2117 4870 καθαρότητος
2148 4790 2336 4865 ψυχῶν
2364 4789 2483 4860 Θεῷ
2512 4786 2900 4857 ἀνακειμένων.

423 4954 470 4985 ⁷⁸
506 4953 665 5011 Joan.
698 4971 754 5020 κ,
783 4956 874 5010 29.

975 4956 1020 4989 ⁸⁸
1061 4955 1225 5012 Joan.
1259 4973 1394 5020 xvn,
1428 4957 1511 5011 17.
1589 4959 1633 4989 ⁸¹
1671 4958 1816 5015 Psal.
1849 4977 2005 5023 inn,
2035 4960 2092 5015 2.
2166 4959 2210 4990 θ’
2249 4956 2394 5011 Psal.
2433 4969 2520 5017 xc,
2550 4952 2603 5006 5.

1653 5120 2017 5179 VARIOBUM
2055 5119 2290 5176 NOTAE.

422 5254 531 5327 (30)
581 5255 1000 5327 Ἐξηγόρασας.
1036 5255 1193 5313 Vind.
1244 5256 1500 5313 codices:
1565 5257 1663 5311 Ὃν
1688 5258 1913 5326 ἐξελέξω

350 5324 377 5377 ὲ
422 5273 531 5327 (ου)
580 5273 1000 5379 agamagam
1041 5273 1054 5308 ι

379 5340 1054 5448 κιέῖίίφοαΐαδὲῗῒσσά

421 5394 535 5466 (51)
573 5394 860 5463 Φρατμὸς,
892 5396 1206 5465 ἀσφάλεια,
1238 5395 1430 5454 ldem-z
1466 5399 1717 5470 φραγμὸς
1738 5402 1914 5473 ἀσφα-

348 5461 517 5533 λείας,
536 5467 709 5533 paries
739 5466 1052 5518 securitatis.
1081 5466 1152 5521 In.

424 5531 546 5606 (32)
588 5533 1095 5617 Ἀςπαζέσθωσαη
1128 5538 1182 5589 οί
1229 5537 1353 5617 τοᾷ*
1379 5537 1606 5617 κλήρου
1635 5535 1759 5617 ’τὸν
1785 5535 1913 5617 ἐπί-

350 5603 602 5659 σκοπον.
656 5603 879 5658 Canone
932 5603 1240 5660 Laodiceno
1292 5608 1407 5663 19:
1460 5603 1558 5663 εἷθ’
1602 5607 1774 5669 οὕτως
1812 5605 1910 5677 τὴν

348 5676 572 5757 εἰρήνην
598 5673 851 5757 δίδοσθαιζ
885 5675 994 5757 καὶ.
1013 5675 1145 5757 μετά
1195 5677 1256 5733 τὸ
1284 5678 1695 5757 ,πρεσϐυτέρους
1723 5676 1909 5757 δοῦναι

351 5676 572 5798 είρῨγ-νην
598 5676 851 5736 δίδοσθαι,
885 5676 977 5726 καὶ
1013 5676 1145 5761 μετά
1195 5677 1256 5733 τὸ
1296 5678 1695 5799 πρεσϐυτέρους
1723 5676 1908 5765 δοῦναι

351 5761 429 5819 τῳ
455 5817 464 5819 4
492 5745 741 5819 πισκόπῳ
799 5745 895 5815 τὴν
952 5746 1192 5819 εἰρηνην,
1240 5746 1359 5798 τότε
1390 5765 1516 5819 τοιὲς
1598 5765 1785 5810 αικους
1810 5747 1908 5819 τὴν

354 5816 575 5899 εἰρήνην
604 5815 819 5899 διδόναι,
873 5815 1018 5895 quod
1065 5823 1399 5899 postremum
1460 5815 1909 5899 zonarasninter-

357 5883 601 5955 pretatur
626 5886 700 5941 De
727 5885 1047 5939 salutatione
1092 5883 1419 5938 sacerdotum
1451 5904 1481 5940 a
1514 5889 1688 5956 laicis,
1712 5887 1906 5959 Diony-

2021 5260 2139 5316 sius
2200 5258 2442 5329 Exiguus
2506 5254 2584 5310 De
2624 5254 3258 5329 s_alutatione__laicorun_t
3314 5253 3449 5307 inter
3497 5267 3587 5314 se;

2022 5323 2327 5399 utrumque
2379 5335 2561 5381 autem
2636 5326 2840 5380 factum
2907 5323 3077 5381 fuisse
3145 5324 3279 5379 satis
3349 5330 3585 5378 constat.

2018 5400 2155 5455 Cor.

2091 5470 2202 5541 (55)
2247 5467 2551 5541 Tim-Deest
2582 5467 2636 5541 in
2660 5465 2793 5541 cod.
2823 5463 2983 5520 Vind.
3014 5464 3182 5541 qua.

2218 5540 2339 5612 Εἷς
2362 5536 2429 5590 δὲ
2456 5536 3009 5612 ῥποριάριρνος-,-βῐο.
3040 5533 3205 5612 Rem,
3228 5534 3589 5612 idemque_r_ei

2019 5604 2325 5680 symbolum
2360 5608 2532 5680 tradit
2557 5606 2798 5680 Cyrillus
2850 5604 3405 5680 Hier_osolymitanus.:
3430 5605 3590 5659 initio

2017 5675 2221 5734 ultima:
2273 5675 2636 5747 Catecheseos
2692 5675 3114 5747 Mystagogiczei
3155 5676 3253 5747 sed
3276 5676 3587 5747 ministrum

2016 5750 2147 5803 facit
2175 5751 2487 5804 diaconum.
2519 5746 2585 5800 Ut
2634 5746 2839 5811 autem,
2879 5748 2954 5799 ait
2983 5754 3178 5800 auctor
3224 5746 3587 5812 Quwstionum

2028 5820 2220 5898 Veteris
2245 5828 2295 5873 et
2322 5818 2458 5898 Νουξ
2488 5818 2828 5898 Testainenti,
2852 5826 2983 5870 tom.
3018 5816 3078 5898 ιν
3124 5814 3371 5898 Ορεηιηι.
3391 5816 3447 5871 S.
3475 5815 3587 5898 ¹Αυ-

2018 5892 2242 5960 gustini,
2267 5890 2565 5960 quaestione
2592 5888 2683 5943 HM
2710 5930 2723 5956 ,
2758 5906 2859 5944 non
2891 5889 3067 5942 omnia
3111 5885 3405 5942 ministeria
3436 5885 3585 5949 οὺειέ
