4062 6258
533 303 662 362 1091

1121 419 1353 478 CAPUT
1383 420 1501 479 Xll.

657 536 981 623 Constitutio
1011 536 1222 604 Jacobi,
1252 538 1438 608 fratris
1467 535 1693 593 Joannis
1719 534 1978 592 Zebedwi.

612 686 779 766 Porro
806 712 907 782 ego
929 707 1186 769 Iacobus,
1210 707 1378 763 frater
1394 705 1620 762 Joannis
1650 704 2010 766 Zebedtei,aio
2051 711 2112 761 ut

532 805 720 859 statim
773 801 1039 858 diaconus
1071 801 1255 856 dicat:
1309 798 1387 853 Ne
1430 799 1553 868 quis
1580 813 1647 853 ex
1677 798 2110 854 catechumenis.

534 894 615 952 Ne
665 896 790 967 quis
834 910 900 952 ex
953 893 1317 948 audientibus.
1372 888 1451 945 Ne
1512 889 1637 961 quis
1665 905 1733 945 ex
1775 888 2108 946 inﬁdelibus.

534 986 615 1043 Ne
668 987 793 1057 quis
838 1001 906 1041 ex
929 982 1298 1040 beterodoxis.
1330 980 1432 1047 Qui
1464 981 1703 1051 priorem
1739 980 2109 1051 precationem

535 1076 769 1144 fecistis,
822 1077 985 1132 exite.
1037 1073 1263 1138 Matres,
1296 1072 1562 1128 assumite
1610 1087 1831 1142 pueros.
1864 1070 1943 1127 Ne
1986 1070 2111 1142 quis

534 1179 729 1226 contra
783 1168 1039 1238 aliquem.
1077 1164 1156 1221 Ne
1205 1165 1329 1235 quis
1380 1165 1437 1219 in
1487 1164 1787 1235 hypocrisi.
1820 1162 1999 1219 Erecti
2043 1161 2111 1217 ad

536 1259 827 1317 Dominum
857 1272 980 1313 cum
1025 1256 1223 1311 timore
1272 1270 1337 1309 ac
1380 1262 1619 1311 tremore
1640 1262 1849 1311 stemus
1881 1255 1947 1309 ad
1980 1253 2115 1309 olle-

535 1351 788 1409 rendum.
826 1349 1037 1415 Quibus
1082 1347 1355 1419 peractis,
1387 1344 1606 1401 diaconi
1650 1346 1796 1401 dona
1843 1342 1908 1400 ad
1943 1346 2115 1401 altare

538 1444 865 1499 admoveant
903 1440 1164 1511 episcopo
1198 1457 1210 1494 :
1239 1452 1304 1493 ac
1329 1438 1632 1510 presbyteri
1668 1452 1697 1493 a
1725 1437 1936 1493 dextris
1966 1438 2114 1494 illius

536 1543 593 1592 et
618 1549 649 1589 a
680 1532 923 1589 sinistris
952 1538 1118 1593 stent,
1145 1537 1205 1583 ut
1245 1528 1502 1599 discipuli
1560 1529 1822 1600 magistro
1852 1528 2117 1583 assisten-

536 1632 642 1681 tes.
676 1623 792 1679 Duo
848 1630 1028 1676 autem
1054 1621 1271 1676 diaconi
1298 1635 1361 1675 ex
1400 1626 1631 1691 utraque
1679 1626 1833 1691 parte
1888 1619 2113 1685 altaris,

537 1723 763 1774 teneant
820 1713 1094 1770 flabellum
1119 1728 1187 1770 ex
1218 1712 1479 1767 tenuibus
1517 1711 1872 1776 membranis,
1912 1718 2007 1766 aut
2047 1727 2116 1766 ex

1344 306 1403 363 S.
1454 304 1852 363 CLEMEN'NS
1888 308 1908 361 1
1947 305 2116 364 11011.
2172 306 2376 366 PONT.
2435 306 2661 365 OPERA
2713 305 2940 364 DUBIA.

2130 430 2179 490 Α

3627 316 3748 376 1092

2727 424 3123 479 ΚΕΦΔΛΔΙΟΝ
3151 423 3252 477 lB'.

2210 537 2481 606 Διάταξις
2520 538 2820 602 Ἰακώϐου,
2877 540 2985 592 τοῦ
3032 538 3300 607 ἀδελφοῦ
3354 538 3621 596 Ἰωάννου
3663 543 3752 599 τοῦ

2827 608 3071 663 Ζεϐεδαι
3073 626 3165 662 ου.
3310 622 3317 628 ’

2276 701 2423 772 Φημὶ
2453 700 2517 772 δὴ
2558 699 2713 769 κάγὼ
2758 700 3013 763 Ἰάκωϐος
3046 699 3185 770 (55),
3219 701 3248 752 ὁ
3276 700 3502 770 ἁδελφὸς
3534 703 3756 761 Ἰωάννου

2207 786 2302 844 τοῦ
2332 791 2640 855 Ζεϐεδαίου,
2681 792 2747 846 ἵν’
2797 792 2957 855 εὐθὺς
2981 794 3012 844 ὁ
3040 793 3289 856 διάκονος
3329 792 3497 865 λέγῃ·
3556 797 3640 867 Μή
3685 814 3757 862 τις

2207 884 2317 938 τῶν
2379 884 2820 957 κατηχουμένων.
2909 886 2999 957 Μή
3070 903 3155 946 τις
3213 885 3321 939 τῶν
3400 887 3754 959 ἀκροωμένων·

2208 977 2299 1048 Μή
2353 993 2438 1040 τις
2496 976 2604 1030 τῶν
2660 978 2926 1033 ἀπίστων.
2974 980 3065 1051 Μή
3096 996 3181 1042 τις
3208 979 3317 1032 τῶν
3347 978 3673 1051 ἑτεροδόξων.
3704 985 3760 1036 Ol

2208 1068 2308 1141 τὴν
2338 1068 2562 1141 πρώτην
2590 1071 2755 1142 εὐχὴν
2777 1072 3059 1142 εὐχόμενοι
3076 1070 3365 1144 προέλθετε
3395 1071 3525 1143 (56).
3555 1074 3629 1127 Τὰ
3647 1091 3761 1129 παι-

2210 1159 2299 1215 δία
2352 1162 2842 1234 προσλαμϐάνεσθε
2895 1164 2955 1217 αἱ
3011 1164 3264 1236 μητέρες·
3302 1165 3375 1236 μή
3420 1181 3501 1227 τις
3531 1166 3666 1219 κατά
3688 1183 3763 1219 τι-

2212 1271 2319 1318 νος.
2355 1256 2446 1327 Μή
2474 1273 2558 1319 τις
2586 1257 2645 1308 ὲν
2671 1255 2978 1328 ὑποκρίσει.
3027 1256 3206 1329 Ὀρθοὶ
3232 1256 3370 1329 πρὸς
3400 1256 3597 1328 Κύρων
3643 1258 3763 1328 μετά

2214 1347 2378 1417 φόϐου
2406 1348 2501 1401 καὶ
2531 1348 2737 1420 τρόμου
2766 1347 2999 1412 ἑστῶτες
3030 1343 3181 1420 ὦμεν
3210 1348 3557 1420 προσφέρειν.
3578 1343 3669 1403 Ὧν
3686 1368 3765 1419 γε-

2215 1440 2453 1510 νομένων
2481 1441 2530 1493 ol
2552 1440 2787 1494 διάκονοι
2820 1441 3245 1513 προσαγέτωσαν
3269 1439 3338 1493 τὰ
3368 1439 3514 1511 δῶρα
3543 1440 3618 1510 τῷ
3658 1444 3763 1494 ὲπι-

2217 1532 2406 1604 σκόπῳ
2437 1533 2574 1605 πρὸς
2596 1534 2658 1587 τὸ
2690 1534 3095 1607 θυσιαστήριον·
3133 1534 3228 1587 καὶ
3255 1534 3305 1585 οἱ
3339 1532 3683 1603 πρεσϐύτεροι
3711 1535 3766 1586 ἐκ

2215 1624 2406 1691 δεξιῶν
2439 1626 2602 1680 αὐτοῦ
2635 1627 2730 1680 καὶ
2762 1627 2823 1691 ἐξ
2853 1626 3148 1697 εὐωνύμων
3209 1626 3583 1694 στηκέτωσαν,
3613 1625 3682 1687 ὡς
3708 1625 3766 1679 ἂν

2222 1717 2461 1788 μαθηταὶ
2488 1719 2836 1790 παρεστῶτες
2890 1718 3214 1789 διδασκάλῳ.
3255 1718 3360 1771 Δύο
3386 1717 3445 1771 δὲ
3469 1717 3693 1771 διάκονοι
3720 1715 3771 1781 ἐξ

536 1817 732 1890 pennis
763 1814 1013 1887 pavonis,
1069 1820 1164 1866 aut
1189 1827 1253 1867 ex
1302 1811 1492 1878 linteo;
1521 1817 1577 1865 et
1632 1809 1838 1864 sensim
1898 1808 2122 1879 abigant

2225 1811 2501 1883 ἑκατέρων
2523 1812 2631 1864 τῶν
2666 1811 2846 1884 μερῶν
2875 1811 2967 1864 τοῦ
2999 1810 3383 1881 θυσιαστηρίου
3415 1809 3769 1879 κατεχέτωσαν

536 1922 704 1981 parva
730 1907 987 1963 animalia
1016 1906 1324 1973 volitantia,
1367 1921 1436 1962 ne
1480 1905 1535 1961 in
1579 1905 1785 1960 calices
1842 1904 2109 1960 incidant.

537 1999 725 2055 Orans
756 1999 924 2070 igitur
944 1998 1087 2068 apud
1119 2012 1178 2053 se
1208 1996 1475 2068 pontifex,
1501 2011 1613 2051 una
1642 2012 1766 2051 cum
1811 1996 2114 2052 sacerdoti-

535 2090 665 2154 bus.
693 2098 749 2145 et
776 2090 1119 2160 splendidam
1175 2096 1380 2145 vestem
1430 2089 1681 2153 indutus,
1734 2096 1998 2159 stansque
2045 2088 2113 2144 ad

539 2181 735 2245 altare,
768 2188 1031 2251 tropaeum
1055 2179 1237 2235 crucis
1267 2179 1320 2234 in
1372 2178 1553 2234 fronte
1607 2195 1773 2235 manu
1810 2180 1975 2235 faciat
2020 2194 2115 2235 co-

538 2285 660 2327 ram
692 2272 971 2339 omnibus,
1000 2288 1065 2327 ac
1105 2272 1251 2327 dicat
1284 2272 1510 2328 :Gratia
1556 2274 1950 2345 omnipotentis
1992 2273 2112 2339 Dei,

537 2370 594 2421 et
609 2364 849 2420 cbaritas
873 2363 1091 2419 Domini
1119 2364 1296 2421 nostri
1318 2363 1448 2421 Iesu
1476 2363 1706 2430 Christi,
1725 2374 1779 2421 et
1808 2364 2117 2420 communi-

538 2460 694 2515 catio
724 2457 903 2514 sancti
944 2456 1205 2528 Spiritus,
1243 2458 1317 2514 sit
1358 2474 1483 2513 cum
1521 2460 1779 2515 omnibus
1810 2460 1986 2517 vobis.
2021 2459 2119 2515 At-

538 2566 650 2623 que
668 2566 861 2607 omnes
893 2566 1001 2605 una
1030 2566 1167 2607 voce
1203 2550 1576 2621 respondeant
1602 2570 1615 2605 :
1643 2550 1709 2606 Et
1760 2566 1886 2607 cum
1918 2551 2117 2622 spiritu

538 2652 658 2701 tuo.
699 2642 839 2699 Tum
887 2645 1125 2716 pontifex
1162 2666 1175 2701 :
1208 2644 1439 2702 Sursum
1490 2651 1748 2708 mentem;
1781 2651 1837 2700 et
1878 2659 2071 2703 omnes
2104 2663 2119 2700 :

538 2738 819 2796 Habemus
843 2740 911 2795 ad
952 2738 1263 2796 Dominum.
1288 2739 1355 2793 Et
1390 2738 1672 2809 pontifex:
1706 2738 1925 2795 Gratias
1980 2754 2114 2809 aga-

541 2848 670 2888 mus
691 2832 942 2901 Domino;
973 2843 1026 2889 et
1047 2834 1232 2889 cuncti
1259 2852 1272 2887 :
1303 2832 1536 2904 Dignum
1564 2840 1620 2887 et
1663 2833 1873 2901 justum
1907 2839 2013 2888 est.
2051 2832 2116 2886 Et

538 2924 789 2996 pontifex
832 2926 981 2981 dicat
1016 2925 1197 2982 :Vere
1227 2926 1454 2996 dignum
1495 2932 1550 2980 et
1587 2925 1798 2994 justum
1828 2932 1937 2989 est,
1989 2933 2118 2980 ante

2214 1905 2275 1971 ἐξ
2307 1907 2521 1978 ὑμένων
2552 1905 2764 1958 λεπτῶν
2800 1905 3027 1977 ριπίδιον
3064 1904 3197 1975 ('57),
3229 1904 3262 1973 ἢ
3295 1901 3513 1974 πτερῶν
3566 1901 3771 1964 ταῶνος,

2214 1998 2247 2070 ἢ
2281 1998 2489 2068 ὀθόνηςο
2521 1996 2615 2049 καὶ
2647 1996 2828 2068 ἠρέμα
2874 1994 3314 2050 ἀποσοϐείτωσαν
3365 1996 3439 2049 τὰ
3488 1995 3653 2066 μικρὰ
3679 1995 3773 2048 τῶν

2218 2089 2532 2159 ἱπταμένων
2554 2087 2727 2153 ζώων,
2762 2089 2910 2153 ὅπως
2941 2088 3006 2143 ἂν
3042 2089 3115 2161 μὴ
3150 2088 3595 2160 ἐγχρίμπτωνται
3622 2089 3695 2150 εἰς
3716 2086 3776 2140 τὰ

2220 2182 2470 2237 κύπελλα
2505 2174 2636 2254 (58).
2659 2182 2969 2254 Εὐξάμενος
2987 2179 3080 2235 οὖν
3110 2182 3230 2235 καθ’
3253 2181 3447 2234 ἑαυτὸν
3465 2183 3493 2233 ὁ
3511 2180 3776 2252 ἀρχιερεὺς

2216 2274 2335 2347 ἅμα
2361 2277 2475 2339 τοῖς
2540 2274 2771 2347 ἱερεῦσι,
2809 2275 2903 2328 καὶ
2953 2273 3209 2346 λαμπρὰν
3236 2274 3443 2345 ἐσθῆτα
3507 2272 3777 2344 μετενδὺς,

2216 2366 2311 2421 καὶ
2335 2365 2467 2429 στὰς
2519 2367 2655 2437 πρὸς
2714 2365 2793 2436 τῷ
2858 2366 3248 2438 θυσιαστηρίῳ,
3301 2366 3362 2419 τὸ
3417 2366 3671 2438 τρόπαιον
3697 2363 3778 2417 τοῦ

2221 2459 2454 2532 σταυροῦ
2483 2457 2626 2513 κατὰ
2655 2458 2749 2511 τοῦ
2785 2457 3033 2528 μετώπου
3064 2460 3129 2528 τῇ
3160 2457 3304 2529 χειρὶ
3325 2457 3689 2529 ποιησάμενος
3711 2457 3782 2518 εις

2221 2553 2431 2615 πάντας
2463 2551 2596 2622 (59),
2632 2550 2857 2603 εἰπάτω·
2899 2551 2962 2603 Ἠ
2993 2550 3151 2622 χάρις
3206 2548 3301 2603 τοῦ
3359 2546 3782 2621 παντοκράτορος

2223 2646 2382 2709 Θεοῦ,
2411 2644 2505 2698 καὶ
2526 2646 2559 2716 ἡ
2581 2643 2768 2714 ἀγάπη
2791 2642 2883 2695 τοῦ
2905 2643 3111 2713 Κυρίου
3140 2643 3298 2714 ἡμῶν
3336 2642 3518 2714 Ἰησοῦ
3542 2639 3782 2715 Χριστοῦ,

2219 2741 2366 2811 καὶὴ
2390 2739 2645 2793 κοινωνία
2665 2736 2766 2790 τοῦ
2782 2737 2935 2805 ἁγίου
2957 2735 3096 2790 Πνεύ
3106 2753 3293 2807 ματος,
3322 2735 3470 2790 ἔστω
3502 2735 3638 2808 μετὰ
3664 2736 3782 2790 πάν-

2218 2850 2327 2886 των
2355 2832 2528 2903 ὑμῶν’
2564 2832 2658 2885 καὶ
2688 2830 2888 2895 πάντες
2923 2829 3225 2900 συμφώνως
3255 2829 3589 2899 λεγέτωσαν,
3609 2829 3783 2883 δτικαὶ

2225 2924 2363 2995 μετὰ
2388 2923 2480 2978 τοῦ
2514 2924 2824 2995 πνεύματός
2853 2940 2967 2975 σου.
2996 2922 3105 2975 Καὶ
3127 2923 3154 2974 ὁ
3188 2923 3503 2994 ἀρχιερεύςο
3540 2924 3681 2975 Ἀνω
3704 2921 3785 2973 τὸν

541 3019 724 3074 omnia
776 3019 1000 3076 laudare
1049 3026 1104 3075 te
1158 3035 1347 3075 verum
1398 3018 1588 3082 Deum,
1648 3027 1776 3075 ante
1829 3029 2115 3075 creaturas

2221 3017 2367 3072 νοῦνο
2391 3019 2483 3071 καὶ
2507 3017 2725 3080 πάντες·
2746 3017 2979 3087 Ἔχομεν
2994 3016 3131 3086 πρὸς
3152 3016 3245 3070 τὸν
3266 3015 3495 3088 Κύριον.
3526 3017 3676 3071 Καὶὸ
3701 3016 3787 3085 ἀρ-

540 3110 885 3178 existentem,
927 3128 947 3163 ι
992 3126 1059 3167 ex
1084 3125 1193 3182 quo
1222 3110 1404 3166 omnis
1461 3111 1762 3180 paternitas
1803 3110 1859 3165 in
1892 3111 2034 3167 caelo
2064 3120 2119 3167 et

2223 3109 2457 3181 χιερεύς“
2493 3110 2989 3181 Εὐχαριστήσωμεν
3028 3107 3106 3179 τῷ
3157 3109 3366 3182 Κυρίῳ’
3430 3112 3527 3165 καὶ
3584 3110 3782 3168 πάντες·

1858 3245 2220 3305 VARIORUM
2260 3250 2491 3305 NOTAE.

544 3366 789 3449 quierunt
927 3364 1170 3450 ordinent
1203 3374 1386 3450 agant.
1429 3362 1691 3450 Romana:
1720 3362 2121 3450 Ecclesiaedia-

2226 3366 2349 3450 σθαι
2354 3367 2508 3450 μετα
2511 3366 2580 3450 τὸ
2592 3367 2914 3450 μεταλαϐεῖν
2925 3369 3133 3450 πάντας
3149 3367 3256 3450 τῶν
3270 3367 3446 3450 ἁγίων
3466 3370 3787 3450 μυστηρίων,

545 3432 694 3499 coni,
718 3432 1002 3490 multitudo
1039 3436 1173 3505 facit
1212 3432 1542 3511 clericorum.
1578 3432 1722 3511 Nam
1763 3436 1939 3505 utique
1956 3436 2123 3511 et_al~

2225 3438 2284 3511 έν
2312 3432 2389 3509 τῷ
2410 3432 2621 3511 μέλλειν
2648 3441 2775 3511 τοὺς
2822 3439 3117 3511 κληρικοὺς
3160 3440 3252 3511 ἐπ).
3275 3432 3336 3491 τδ
3370 3432 3791 3509 σκέυοφυλάκιον

548 3516 662 3581 tare
681 3516 953 3581 portarent
983 3514 1033 3581 et
1062 3522 1188 3581 vasa
1210 3506 1343 3581 ejus,
1377 3516 1427 3560 et
1457 3522 1647 3576 aquam
1677 3507 1732 3559 in
1781 3521 1968 3581 manus
1998 3506 2123 3581 [un-

2224 3506 2658 3581 ἀποκαθιστάναι
2705 3509 2774 3581 τά
2798 3506 2955 3581 τιμίά
2980 3508 3503 3581 ῥιπίδ-ια,Αδισκάργια,
3532 3506 3623 3563 καὶ
3637 3513 3788 3581 ποτή-

545 3574 728 3651 derent
756 3575 1209 3651 sacerdoti,_s_icut
1236 3575 1468 3651 videm_us
1499 3574 1591 3644 per
1618 3592 1796 3629 omnes
1826 3574 2119 3651 Ecclesias.

2227 3595 2347 3651 pta,
2369 3580 2463 3633 καὶ
2491 3580 2625 3633 ἄλλα
2648 3578 2767 3651 ἱερά
2798 3574 2991 3651 σκεύη,
3016 3579 3150 3650 μετὰ
3267 3581 3330 3631 ὲκ
3359 3574 3474 3651 τῶν
3508 3581 3660 3651 παρὰ
3682 3574 3793 3651 τρά.

547 3645 754 3720 lnj’ita
780 3643 835 3720 S_.
860 3644 1356 3720 Hareelliauctore
1385 3643 1684 3720 Fortunato
1705 3646 1846 3716 apud
1875 3645 2118 3720 Surium,

2223 3643 2427 3720 πεζίων
2473 3650 2565 3703 καί
2600 3643 2715 3720 ,τὴν
2742 3643 2975 3720 διάδοσιν
3001 3643 3328 3720 ἀποτεθῆναι
3353 3650 3550 3720 πάντα
3584 3643 3663 3712 et;
3704 3643 3792 3720 τὴν

548 3717 575 3772 1
614 3716 927 3778 Novembr.,
986 3715 1379 3771 subdiaconale
1415 3715 1781 3771 ministerium
1811 3732 1935 3772 esse
1975 3715 2120 3771 di'ci-

547 3795 658 3846 tur.
677 3800 872 3855 aquam
902 3786 1156 3855 episcopo
1175 3783 1424 3841 manibus
1444 3786 1728 3842 abluendis
1751 3787 1965 3842 offerre.
1980 3787 2116 3842 Cor.

619 3854 741 3928 (35)
777 3854 1063 3928 Ἰάκωϐος.
1092 3854 1147 3910 In
1176 3855 1333 3928 _Viud.
1374 3858 1641 3928 scholium
1671 3856 1778 3928 hoc
1807 3858 2027 3928 additur
2063 3858 2120 3928 in

1001 3926 1254 3990 Ἰάκωϐος
1303 3928 1333 3979 ὁ
1384 3927 1481 3980 τοῦ
1530 3926 1843 3997 Ζεϐεδαίου,
1894 3927 2121 3997 ἀδελφὸς

562 3997 828 4070 Ἰωάννου,
862 3996 1125 4070 ἐκήρυξεν
1174 3997 1232 4070 έν
1252 3999 1352 4070 --τῇ
1374 4068 1380 4070 Α
1404 3997 1647 4070 ⁸Ἰουδαίᾳ
1679 3996 1741 4049 τὸ
1769 3996 2116 4070 Εμύαγγέλιον,

546 4066 785 4153 ἀνῃρέθη
823 4066 1062 4153 μαχαίρᾳ
1103 4066 1486 4153 ύπὺηᾘρὼδου
1517 4066 1632 4121 τοῦ
1656 4067 1975 4139 τετράρχου,
2024 4070 2120 4125 καὶ

550 4137 725 4210 κεῖται
767 4137 824 4189 ὲν
853 4137 1177 4210 Κᾳισαρείει.
1205 4137 1373 4193 Cum

623 4206 735 4279 (56)
760 4209 836 4279 οι
868 4205 983 4274 τὴν
1020 4205 1260 4275 πρώτην
1290 4207 1603 4277 εὐχόμενοι
1652 4207 1990 4276 προέλθετε.
2024 4206 2117 4264 1η-

549 4277 722 4348 telligi
739 4277 939 4332 debent
966 4292 1157 4348 preces
1186 4292 1399 4339 eorum.
1445 4282 1538 4348 qui
1585 4280 1868 4348 mysteriis
1922 4281 2119 4336 adesse

552 4364 662 4419 non
675 4346 979 4404 _sinuntur.’
1000 4346 1137 4419 Nam
1156 4347 1204 4403 si
1228 4346 1478 4419 accipere
1502 4346 1740 4403 velis'de
1779 4351 2026 4405 oratione
2050 4352 2115 4405 li-

549 4418 751 4492 d_e_lium
777 4433 901 4492 mox
931 4418 1291 4492 praecedente,
1311 4427 1370 4472 ut
1394 4420 1628 4492 sumitur
1651 4420 1829 4492 capite
1859 4421 1928 4476 55
1956 4436 2116 4492 προσ-

552 4486 733 4560 έλθετε
788 4486 1076 4557 legendum
1109 4488 1207 4542 tibi
1231 4492 1373 4560 erit,
1418 4489 1647 4543 accedite
1675 4503 1694 4542 :
1718 4486 1847 4560 quia
1888 4486 2118 4546 munera

549 4558 922 4613 oﬁ'erebantur
956 4572 1140 4613 coram
1172 4559 1442 4615 fidelibus.
1472 4559 1611 4616 Cor.
1634 4564 1659 4607 ἓ

623 4628 735 4700 (57)
780 4628 1083 4685 Ῥιπίδιον.
1135 4629 1436 4691 Abstinebo
1485 4630 1661 4686 inutili
1699 4631 2039 4700 expositione
2060 4640 2116 4688 et

551 3925 665 3981 haec
714 3925 879 3981 'verba
905 3943 919 3980 :

2224 3719 2384 3791 ἁγίαν
2411 3718 2711 3791 τράπεζαν,
2749 3718 2846 3791 καὶ
2871 3718 3153 3791 ιιιιαλθῆναιΔ
3168 3718 3258 3771 τὸν
3275 3718 3605 3791 τελευταῖον
3626 3718 3790 3791 στίχον

2220 3789 2314 3842 τοῦ
2340 3788 2673 3860 κοινωνικοῦ,
2697 3788 2927 3860 Λέγεται
2952 3788 3218 3860 καὶτοῦτο
3241 3788 3300 3842 τὸ
3319 3791 3647 3860 τροπάριον·
3674 3788 3807 3859 Πλητ

2225 3860 2452 3931 ρωθήτω
2480 3860 2541 3913 τὸ
2565 3859 2748 3931 στόμα
2765 3858 2921 3929 ήμῶν
2944 3859 3221 3931 αἰνέσεως,
3250 3858 3452 3931 Κύριε,
3498 3858 3651 3924 ὅπως
3676 3858 3791 3912 ἀνυέ-

2224 3927 2515 4000 μνήσωμεν
2538 3929 2635 4001 τὴν
2661 3927 2818 4001 δόξαν
2840 3945 2966 4001 σου,
2992 3930 3073 3983 ὅτι
3095 3927 3548 3999 ἠξίωσαςὰγίων
3579 3947 3672 3985 σου
3705 3947 3793 4001 μετ

2218 4001 2448 4072 Ἐρισχεῖν,
2468 3999 2797 4072 μυσέηρίων-
2824 4000 3071 4072 Tinam
3090 4001 3237 4072 ἡμᾶς
3251 4001 3313 4072 ἐκ(
3329 4001 3412 4071 τῷ
3441 4001 3525 4072 σῷ
3550 3999 3795 4071 ἀγιαάμῷ

2218 4068 2356 4138 ὅλην
2400 4068 2498 4141 τὴν
2548 4068 2779 4193 ἡμέρανκ
2802 4068 3142 4139 μελετῶντας
3166 4071 3263 4141 τὴν
3294 4068 3655 4142 δικαιοσύνην
3687 4068 3791 4122 σου.

2234 4138 2565 4193 Ἀλληλούία.
2637 4141 2902 4193 eeendum
2932 4139 3167 4193 videtur.
3194 4141 3259 4192 ἐκ
3288 4140 3398 4193 τῶν
3432 4157 3791 4193 παοατοαπε-

2234 4138 3167 4214 ξᾼλληλούίαέΙιεεεηόίυηι-νίόεῑμψτ,
3194 4138 3259 4192 ἐκ
3288 4140 3398 4214 τῶν
3432 4138 3794 4214 παρατραπε-

2219 4210 2350 4281 ζίων
2381 4211 2473 4264 καὶ
2504 4210 2859 4281 τὴνίδιάδοσιν
2898 4210 3231 4281 άποτεθῆναι
3273 4211 3375 4281 και
3415 4210 3794 4279 πάνταμροει.

2218 4279 2433 4352 λέγεται
2461 4280 2515 4334 δὲ
2538 4279 2710 4334 τοῦτο.
2734 4282 2813 4334 Ac
2834 4281 3151 4352 vertendum
3176 4300 3189 4335 :
3211 4280 3318 4336 Sub
3351 4279 3548 4352 Sergio
3571 4284 3798 4352 patriar-

2218 4351 2317 4403 cha
2374 4350 2958 4420 Constantinopolitano
3016 4351 3315 4405 institutum
3370 4350 3473 4406 esti
3532 4350 3797 4421 psallere.

2218 4429 2493 4491 postquam
2524 4438 2557 4475 a
2598 4421 2800 4475 cunctis
2839 4430 3025 4475 sancta
3056 4423 3305 4490 mysteria
3349 4434 3607 4491 percepta
3663 4430 3796 4484 sunt,

2217 4506 2337 4545 cum
2362 4506 2452 4559 per
2468 4492 2685 4545 clericos
2722 4492 2777 4544 in
2802 4492 3101 4545 sacrarium
3150 4491 3429 4559 referenda
3486 4505 3617 4547 sunt
3659 4508 3800 4546 uene-

2218 4561 2391 4615 randa
2418 4562 2657 4630 ﬂabella,
2685 4561 2844 4627 disci,
2895 4562 3107 4623 calices,
3150 4562 3367 4631 aliaque
3415 4579 3591 4617 sacra
3654 4578 3796 4619 vasa.

2216 4640 2493 4700 postquam
2519 4648 2546 4687 e
2575 4632 2826 4686 mensulis
2873 4640 2923 4685 et
2980 4630 3368 4686 distributionis
3414 4634 3669 4703 reliquiae
3688 4672 3702 4696 ,
3732 4640 3798 4703 et

552 4698 814 4752 citatione
836 4713 969 4773 erga
992 4701 1444 4773 consuetudinem
1475 4715 1503 4753 a
1535 4717 1645 4773 n_on
1694 4698 2111 4773 paucisdescri-
2142 4704 2191 4764 ι)
2217 4698 2395 4756 omnia
2441 4704 2494 4755 in
2531 4720 2734 4756 sacram
2765 4718 2998 4756 mensam
3026 4710 3147 4755 sunt
3200 4702 3455 4773 reposita,
3488 4698 3654 4773 atque
3682 4702 3803 4756 ulti-

551 4777 721 4851 ptam,
743 4784 778 4851 a_
799 4769 1048 4850 plurimis
1072 4779 1451 4851 memora-tam,
1466 4778 1525 4826 ut
1547 4770 1750 4826 Graecis
1771 4772 2110 4851 familiarem,

555 4837 630 4893 ita
666 4837 873 4893 Latinis
913 4855 1021 4893 non
1063 4842 1288 4894 omnino
1310 4842 1549 4907 ignotam
1577 4861 1589 4896 :
1615 4850 1904 4896 contentus
1942 4842 2116 4895 addu-

553 4911 703 4981 xisse
730 4909 840 4981 duo
868 4909 1006 4973 loca,
1031 4909 1282 4964 Latinum
1314 4927 1507 4971 unum,
1535 4927 1645 4981 quo
1674 4927 1797 4968 cum
1851 4912 1944 4965 illo
2001 4911 2115 4966 Hil-

553 4978 761 5032 deberti
783 4980 1171 5052 conjungatur,
1195 4981 1422 5036 alterum
1450 4978 1719 5047 Graicum,
1745 4981 1874 5052 quia
1911 4981 2113 5037 obscu-

554 5063 683 5112 rus,
725 5063 755 5120 a
803 5048 965 5104 docto
1000 5048 1308 5120 interprete
1366 5052 1548 5107 minus
1597 5053 1734 5107 bene
1762 5048 2109 5117 'conrersus,

554 5126 720 5193 atque
740 5119 795 5173 in
831 5119 1288 5193 mendo‘cub’ans,
1313 5136 1415 5191 ope
1450 5131 1639 5193 nostra
1668 5122 1896 5193 indiget.
1947 5122 2115 5193 Igitur

554 5187 1122 5258 in'Consuetudinibus
1182 5187 1490 5246 monasterii
1517 5187 2011 5248 Cluniacensis'lili.
2049 5209 2110 5258 ιι,

527 5273 675 5328 .cap.
701 5256 1078 5332 30,8picilegii
1127 5262 1437 5317 Acheriaui.
1464 5272 1596 5319 tom.
1623 5260 1713 5324 IV,
1744 5278 1799 5332 p.
1827 5262 1949 5325 142,
1975 5256 2114 5319 seri;

556 5335 707 5402 ptum
742 5329 972 5402 habetur
1001 5350 1015 5386 :
1046 5331 1192 5386 Unus
1223 5344 1397 5385 autem
1422 5329 1807 5394 ministrorum,
1838 5335 1927 5402 qui
1975 5351 2114 5388 sem-

554 5413 644 5473 νεῖ
662 5401 766 5453 duo
796 5400 979 5455 debent
1004 5418 1136 5467 esse,
1160 5414 1308 5457 stans
1332 5419 1449 5457 cum
1483 5403 1694 5473 ﬂabello
1739 5400 1895 5472 prope
1937 5421 2114 5458 sacer-

553 5469 748 5544 dotem,
771 5486 841 5544 ea;
859 5488 958 5541 quo
986 5489 1288 5527 muscarum
1315 5469 1583 5543 infestatio
1605 5469 1881 5544 exsurgere
1910 5476 2111 5542 incipit,

556 5538 721 5614 donec
749 5538 990 5614 ﬁniatur,
1016 5561 1105 5597 eas
1135 5560 1312 5596 arcere
1334 5538 1681 5614 a'sacriﬁcio,
1724 5538 1784 5598 εἴ
1824 5544 1889 5596 ab
1929 5538 2111 5610 altari,

555 5625 648 5662 seu
669 5609 872 5684 abipso
890 5614 1159 5684 sacerdote
1180 5631 1281 5666 non
1306 5609 1548 5684 negligit.
1564 5613 1618 5667 lu
1644 5614 1913 5668 Chronico
1931 5609 2110 5668 autem

559 5681 705 5746 quod
730 5680 1157 5754 Alexandrinum
1196 5680 1406 5745 vocant.
1434 5680 1487 5753 ᾖ.
1513 5685 1619 5740 89?.
1652 5704 1663 5737 :
1713 5684 1834 5754 Ἐπὶ
1884 5685 2112 5754 Σεργίου

530 5749 896 5821 .πατριάρχου
929 5749 1541 5817 Κωνσταντινουπόλεως
1598 5753 1861 5825 ἐπενοήθη
1918 5749 2113 5827 ψάλλε-

2221 4788 2337 4826 mus
2366 4774 2750 4827 communionis
2780 4789 2956 4828 uersus
2997 4781 3241 4826 cantatus
3292 4772 3418 4840 fuit.
3466 4772 3692 4826 Dicitur
3709 4788 3800 4824 ett-

2220 4853 2321 4897 tem
2352 4843 2448 4896 hoc
2472 4844 2761 4911 troparium
2801 4860 2890 4897 seu
2940 4842 3222 4896 modulus:
3253 4842 3566 4908 Impleatur
3607 4861 3667 4897 os
3712 4858 3800 4895 no-

2216 4924 2387 4967 strum
2412 4914 2585 4976 laude,
2614 4912 2852 4977 Domine,
2893 4921 2951 4965 ut
2996 4912 3307 4967 celebremus
3347 4913 3595 4982 gloriam
3638 4926 3799 4974 tuam,

2217 4985 2343 5053 quia
2373 5000 2466 5037 nos
2492 4984 2772 5053 participes
2798 4984 2970 5052 facere
2998 4993 3301 5036 sanctarum
3329 4994 3561 5036 tuorum
3619 4993 3801 5053 myste-

2218 5054 2417 5107 riorum
2440 5054 2687 5124 dignatus
2717 5071 2792 5109 es.
2823 5053 2984 5107 Serva
3010 5068 3103 5106 nos
3143 5053 3199 5105 in
3231 5062 3337 5124 tua
3362 5055 3800 5124 sanctiﬁcatione

2221 5132 2329 5178 toto
2360 5123 2444 5177 die
2471 5122 2780 5178 meditantes
2793 5124 3064 5193 justitiam
3107 5133 3272 5193 tuam.
3306 5122 3581 5193 Alleluia.
3631 5126 3801 5193 Παρα-

2202 5194 2489 5274 ⁴ξιτροξιιιτεξον
2534 5194 2700 5274 babes
2732 5194 2784 5247 in
2817 5192 3055 5274 Liturgia
3107 5192 3309 5274 iacebo
3358 5192 3689 5274 ἁϐελφοθέῳ
3706 5192 3801 5274 tri-

2218 5262 2391 5319 buta:
2426 5271 2558 5318 utet
2590 5263 2657 5318 de
2686 5264 2927 5333 tropario
2973 5263 3065 5316 illo
3115 5263 3337 5329 ibidem,
3377 5271 3565 5333 atque
3624 5262 3684 5319 in
3736 5263 3800 5318 li-

2204 5336 2414 5399 turgiis
2445 5335 2583 5389 aliis.
2617 5335 2752 5389 Cor.

2292 5400 2401 5476 (38)
2441 5408 2545 5469 Εὶς
2567 5403 2638 5476 τὰ
2667 5405 2957 5476 κύπελλα.
2992 5400 3086 5476 Sic
3126 5402 3179 5476 in
3212 5402 3460 5472 liturgiis
3494 5411 3555 5459 et
3602 5405 3660 5459 in
3708 5416 3798 5457 or-

2201 5472 2556 5529 dinationum
2595 5474 2791 5528 ritibus
2823 5474 3088 5535 invenies,
3106 5472 3174 5525 τὰ
3236 5476 3505 5543 ποτήρια,
3527 5476 3663 5539 τοὺς
3682 5490 3803 5595 κρα-

2216 5544 2408 5595 τῆρας.
2440 5543 2506 5595 τὰ
2535 5542 2663 5595 ἆγια
2692 5545 2943 5595 ποτήρια.
2993 5544 3053 5595 τὸ
3100 5542 3313 5595 πρῶτον
3357 5546 3664 5595 ποτήριον.
3744 5543 3802 5595 ὐο

3744 5558 3802 5596 υο

2216 5544 2408 5615 τῆρας,
2440 5543 2508 5616 τά
2535 5542 2669 5616 ἆγιαλ
2692 5545 2943 5616 ποτήρια,
2993 5544 3053 5596 τὸ
3100 5542 3313 5613 πρῶτον
3357 5542 3665 5616 ποτήριον,

2217 5612 2766 5684 ποτήριαξιιιιετόυηι
2799 5612 2941 5667 enim
2990 5630 3099 5668 non
3136 5612 3302 5684 unum
3336 5612 3590 5671 calicem
3646 5612 3801 5669 adhi-

2220 5682 2420 5738 bebant
2443 5682 2613 5737 ϐιαιρί
2641 5698 2855 5736 sacrum
2886 5685 3246 5738 celebrantes.
3270 5682 3344 5735 lo.

2291 5754 2401 5824 (59)
2435 5756 2536 5819 Εἰς
2567 5752 2812 5818 πάντας.
2833 5754 2988 5809 Deest
3014 5756 3063 5808 in
3096 5755 3263 5809 altero
3285 5750 3414 5809 cod.
3433 5750 3773 5811 Vind.CLsr
