4044 6254
344 338 479 399 1097

1183 348 1775 408 CONSTITUTIONES
1823 348 2295 411 PPOSTOLICE.
2331 386 2401 400 --
2433 354 2559 415 LIB.
2599 361 2732 420 Vill.

3442 372 3463 439 i
3477 373 3579 428 098

340 459 466 511 ποτὲ
494 457 552 512 δέ
583 457 903 532 στρωννύων
943 429 1112 534 άΰτὴν
1141 464 1220 528 είς
1252 464 1363 536 (51)
1388 466 1590 531 πεδίον,
1648 468 1744 521 καί
1782 465 1900 519 ποτὲ

1981 514 1988 526 .
2016 483 2136 524 sum
2166 470 2497 533 facientibus
2523 479 2596 535 sit
2621 480 2689 536 ad
2719 480 3120 553 navigationem
3142 485 3342 549 facilis,
3394 487 3450 541 in
3500 489 3577 543 Ie-

342 554 443 625 μέν
477 554 747 625 ἐκμαίνων
776 555 1025 626 χειμῶνι,
1061 556 1191 609 ποτέ
1213 557 1269 610 δέ
1296 560 1551 629 πραΰνων
1584 560 1811 635 γαλήνῃ.
1839 562 1915 625 ὡς

341 646 685 717 ναυσιπόροις
722 646 1034 718 πλωτῆρσιν
1072 646 1293 703 εὔκολον
1325 645 1462 703 εἶναι
1496 650 1635 722 arpi);
1664 653 1910 725 πορείαν·

2010 562 2233 620 nitatem
2264 570 2577 627 serenitatis
2606 572 2761 633 ducis
2791 592 2805 629 :
2835 576 2928 645 qui
2964 579 3226 633 mundum
3274 587 3514 635 creatum
3547 594 3579 634 a

2011 662 2064 709 te
2088 671 2183 726 per
2208 653 2512 726 Christum,
2546 661 2725 719 iluviis
2761 664 3007 730 cinxisti,
3058 669 3399 724 torrentibus
3448 683 3577 739 pro-

337 736 367 788 ό
404 740 666 808 ποταμοῖς
704 736 971 803 διαζώσας
1006 739 1097 793 τὸν
1147 740 1254 793 ἀπὸ
1294 741 1388 794 σοῦ
1424 741 1512 795 διά
1550 744 1783 814 Χριστοῦ
1822 761 1900 813 γε·

2010 746 2183 813 lulsti,
2212 752 2545 820 perennibus
2577 751 2819 812 fontibus
2848 757 3159 827 perfudisti,
3187 767 3261 823 et,
3306 758 3373 812 ad
3416 736 3576 813 terra:

336 822 555 899 νόμενον
606 829 807 900 κόσμον
833 869 848 894 ,
905 831 998 884 καὶ
1052 832 1373 905 χειμάρροις
1425 834 1758 900 ἐπικλύσας,
1816 838 1910 891 καὶ

336 920 539 987 πηγαῖς
566 918 811 983 ἀεννάοις
843 920 1102 991 μεθύσας,
1129 922 1280 995 ίΒρεσι
1324 923 1383 977 δὲ
1437 926 1800 996 περισφίγξας
1826 930 1907 994 είς

228 1010 233 1015 ’
333 1010 492 1081 ἕδραν
524 1014 735 1085 ἀτρεμῆ
791 1014 896 1085 γῆς
925 1017 1357 1090 ἀσφαλεστάτην.
1400 1019 1752 1094 Ὲπλήρωσας
1796 1026 1906 1099 γάρ

333 1122 427 1159 σου
460 1108 552 1161 τὸν
582 1109 808 1181 κόσμον,
842 1110 936 1164 καὶ
962 1110 1329 1189 διεκόσμησας
1357 1118 1517 1171 αὑτὸν
1548 1116 1797 1190 βοτάναις
1823 1121 1907 1174 εὑο

330 1201 517 1271 όσμοις
548 1204 640 1257 καὶ
669 1205 924 1276 ίασίμοις·
985 1207 1142 1273 ζώοις
1187 1210 1401 1277 πολλοῖς
1456 1217 1550 1268 καὶ
1604 1215 1900 1288 διαφόροις,

329 1294 583 1366 ἀλκίμοις
611 1293 706 1351 καὶ
722 1298 1151 1373 ἀσθενεστέροις,
1201 1307 1485 1378 ἐδωδίμοις
1513 1310 1607 1362 καὶ
1635 1311 1899 1382 ἐνεργοῖς,

324 1387 554 1459 ἡμέροις
581 1392 674 1445 καὶ
702 1394 1031 1459 ἀτιθάσσοις·
1064 1398 1306 1471 ἑρπετῶν
1340 1406 1647 1474 συριγμοῖς,
1681 1405 1901 1476 πτηνῶν

325 1483 585 1537 ποικίλων
614 1485 896 1555 κλαγγαῖς·
954 1490 1215 1545 ἐνιαυτῶν
1272 1493 1510 1558 κύκλοις,
1577 1497 1759 1567 μηνῶν
1806 1499 1900 1551 καὶ

323 1577 547 1647 ἡμερῶν
575 1579 847 1651 ἀριθμοῖς,
877 1583 1095 1654 τροπῶν
1138 1584 1344 1651 τάξεσι·
1403 1586 1582 1657 νεφῶν
1635 1590 1899 1663 δμδροτό-

323 1687 435 1724 κων
462 1671 796 1744 διαδρομαῖς,
827 1676 907 1740 είς
935 1678 1162 1748 καρπῶν
1214 1678 1396 1747 γονὰς,
1456 1680 1551 1734 καὶ
1595 1680 1747 1747 ζώων
1802 1683 1897 1736 σύ-

2007 838 2392 896 inconcussam
2418 858 2482 897 ac
2513 844 2879 919 ﬁrmissimam
2909 848 3113 913 sedem,
3149 849 3422 905 montibus
3438 863 3575 903 con-

2007 930 2619 1005 strinxisti.lmplevisti
2660 939 2923 993 mundum
2977 947 3129 994 tuum
3180 954 3245 994 ac
3295 938 3574 999 eacrnasti

2007 1018 2194 1077 herbis
2215 1022 2465 1080 odoratis
2492 1036 2546 1081 et
2581 1028 2919 1095 salubribus;
2946 1031 3131 1085 multis
3153 1030 3431 1101 variisque
3454 1030 3573 1086 ani-

2004 1113 2303 1179 mantibus,
2338 1117 2584 1175 robustis
2622 1135 2685 1174 ac
2730 1120 3146 1188 infirmioribus,
3178 1123 3477 1179 esculentis
3510 1136 3575 1177 ac

2002 1210 2292 1279 operariis,
2318 1210 2593 1268 cicuribus
2627 1229 2691 1269 ac
2715 1212 2875 1282 feris;
2905 1224 2957 1270 et
2998 1223 3315 1286 serpentum
3372 1217 3570 1282 sibilis,

2002 1310 2167 1374 atque
2190 1304 2528 1361 diversarum
2554 1308 2835 1363 volucrum
2884 1309 3264 1379 clangoribus;
3302 1322 3571 1364 annorum

2001 1394 2246 1460 circulis.
2292 1397 2562 1454 mensium
2600 1413 2665 1453 ac
2702 1399 2914 1454 dierum
2958 1400 3224 1464 numeris,
3272 1407 3571 1470 tempesta-

2000 1493 2117 1540 tum
2173 1488 2349 1555 serie;
2396 1490 2623 1545 nubium
2703 1491 2907 1547 imbres
2962 1492 3366 1562 procreantium
3396 1490 3573 1547 cursi-

2001 1579 2126 1644 bus,
2163 1580 2232 1635 ad
2263 1580 2540 1637 fructuum
2582 1582 2727 1639 fetus
2752 1624 2768 1648 ,
2814 1583 2881 1637 ad
2922 1585 3239 1638 animalium
3274 1598 3569 1640 conserva-

1999 1671 2225 1737 tionem,
2252 1673 2636 1730 libramentum
2671 1683 2958 1731 ventorum
2986 1674 3229 1730 ﬂantium
3272 1690 3395 1730 cum
3422 1676 3469 1730 'a
3514 1682 3571 1731 te

324 1781 515 1818 στασιν
540 1804 554 1830 ,
610 1767 849 1838 σταθμὸν
903 1766 1122 1841 ἀνέμων
1173 1770 1535 1826 διαπνεόντων
1585 1776 1675 1828 ὅτε
1722 1792 1896 1848 προσ-

1994 1764 2260 1834 jubentur
2294 1766 2363 1831 θ’,
2388 1767 2797 1829 multitudinem
2842 1769 3091 1839 stirpium
3141 1782 3207 1823 ac
3252 1768 3566 1823 herbarum.

246 1878 257 1893 ε
318 1858 561 1929 ταχθῶσι
591 1860 743 1933 παρὰ
776 1862 890 1925 σοῦ,
921 1863 1030 1919 τῶν
1060 1864 1243 1934 φυτῶν
1272 1867 1364 1919 καὶ
1400 1866 1509 1920 τῶν
1540 1867 1779 1939 βοτανῶν
1832 1868 1895 1923 τὸ

322 1951 544 2022 πλῆθος.
600 1954 710 2008 Καὶ
738 1955 798 2007 οὺ
840 1956 999 2026 μόνον
1052 1957 1144 2010 τὸν
1182 1958 1385 2030 κόσμον
1432 1960 1891 2033 ἐδημιούργησας·

320 2043 456 2097 ἀλλά
485 2045 579 2098 καὶ
624 2045 714 2099 τὸν
769 2048 1166 2120 κοσμοπολίτην
1216 2046 1501 2122 ἄνθρωπον
1553 2053 1612 2105 ἐν
1661 2053 1811 2124 αὐτῷ
1839 2056 1895 2108 ἐ·-

321 2136 571 2208 ποίησας,
603 2139 806 2209 κόσμου
837 2139 1039 2211 κόσμον
1069 2142 1229 2196 αὑτὸν
1260 2142 1370 2215 (52)
1392 2144 1692 2213 ἀναδείξας.
1712 2141 1893 2211 Εἶπας

318 2227 428 2300 γὰρ
455 2232 520 2300 τῇ
552 2232 617 2300 σῇ
646 2230 835 2302 Σοφίᾳ·
867 2251 884 2283 ι
922 2233 1245 2305 Ποιήσωμεν
1274 2235 1560 2308 ἄνθρωπον
1598 2240 1716 2291 κατ’
1748 2238 1893 2291 είκό-

320 2338 386 2373 να
432 2322 726 2393 ἡμετέραν,
768 2325 862 2376 καὶ
916 2324 1038 2378 καθ’
1093 2326 1368 2397 ὁμοίωσιν·
1425 2328 1521 2384 καὶ
1574 2328 1891 2401 ἀρχέτωσαν

312 2412 424 2466 τῶν
456 2414 652 2483 ἰχθύων
683 2416 783 2488 τῆς
835 2417 1129 2489 θαλάσσης,
1178 2421 1271 2473 καὶ
1319 2419 1427 2473 τῶν
1482 2421 1743 2474 πετεινῶν
1794 2421 1889 2477 τοῦ

312 2505 565 2577 οὐρανοῦ.
598 2526 616 2556 ι
650 2508 740 2560 Διὸ
768 2510 859 2562 καὶ
892 2510 1198 2582 πεποίηκας
1226 2513 1388 2566 αὐτὸν
1415 2513 1481 2566 ἐκ
1524 2512 1702 2585 ψυχῆς
1756 2512 1890 2567 ἀθα-

313 2599 475 2652 νάτου
532 2602 625 2653 καὶ
670 2600 919 2673 σώματος
976 2604 1289 2659 σκεδαστοῖν
1322 2603 1421 2677 τῆς
1469 2601 1566 2677 μὲν
1595 2608 1658 2659 ἐκ
1684 2604 1779 2660 τοῦ
1812 2608 1886 2679 μὴ

310 2692 487 2757 ὄντος,
518 2692 609 2746 τοῦ
638 2694 693 2747 δὲ
724 2695 787 2747 ἐκ
814 2694 922 2748 τῶν
976 2697 1257 2769 τεσσάρων
1312 2698 1610 2769 στοιχείων·
1655 2699 1749 2753 καὶ
1804 2699 1888 2754 δέ-

308 2783 493 2846 δωκας
544 2785 729 2852 αὐτῷ,
788 2785 927 2840 κατά
985 2788 1084 2858 μὲν
1131 2789 1231 2859 τὴν
1287 2789 1503 2861 ψυχὴν,
1577 2791 1675 2863 τὴν
1738 2792 1887 2861 λογιο

308 2877 412 2948 κὴν
446 2876 772 2945 διάγνωσιν,
819 2878 1097 2944 εὐσεϐείας
1140 2881 1235 2934 καὶ
1287 2882 1539 2947 ἀσεϐείας
1590 2882 1881 2955 διάκρισιν,

239 2994 247 3001 ·
304 2968 518 3023 δικαίου
549 2970 642 3024 καὶ
669 2971 854 3025 ἀδίκου
906 2975 1313 3046 παρατήρησιν·
1359 2976 1500 3029 κατά
1526 2976 1581 3029 δέ
1615 2977 1678 3030 τδ
1726 2976 1884 3047 σῶμα

301 3063 406 3135 τὴν
452 3062 757 3131 ’πένταθλον
813 3063 1052 3135 ἐχαρίσω
1093 3066 1361 3137 αἴσθησιν,
1417 3067 1508 3120 καὶ
1562 3068 1663 3140 τὴν
1719 3085 1883 3139 μετα-

1996 1854 2182 1927 Neque
2212 1857 2390 1912 solum
2421 1858 2717 1913 condidisti
2743 1859 3031 1925 mundum,
3059 1858 3156 1916 sed
3204 1869 3258 1915 et
3314 1858 3371 1911 in
3427 1858 3569 1928 ipso,

1995 1949 2183 2003 mundi
2222 1949 2398 2005 civem
2453 1948 2730 2005 hominem
2784 1950 3033 2017 effecisti,
3090 1965 3156 2006 ac
3206 1965 3329 2006 eum
3380 1949 3572 2005 mundi

1993 2042 2281 2106 mundum,
2334 2057 2431 2097 seu
2478 2051 2708 2098 ornatus
2752 2049 3005 2098 ornatum
3072 2039 3431 2099 constituisti.
3477 2041 3571 2094 Di-

1992 2130 2119 2186 xisti
2151 2132 2295 2186 enim
2321 2132 2613 2204 Sapientiae
2643 2142 2749 2189 tua:
2790 2153 2803 2189 :
2832 2154 2850 2187 ι
2882 2133 3172 2190 Faciamus
3203 2134 3477 2189 hominem
3502 2131 3571 2186 ad

1992 2217 2281 2291 imaginem
2304 2230 2572 2289 nostram,
2609 2231 2664 2279 et
2704 2222 2773 2279 ad
2808 2223 3221 2279 similitudinem
3258 2243 3271 2279 :
3312 2230 3366 2278 et
3395 2222 3570 2277 domi-

1990 2323 2192 2368 nentur
2207 2315 2453 2385 piscibus
2466 2331 2553 2371 ma
2563 2316 2661 2382 ris,
2679 2326 2733 2371 et
2749 2318 3063 2373 volatilibus
3077 2316 3204 2372 cmli
3222 2315 3293 2371 ⁵⁸.
3320 2336 3340 2369 ι
3361 2314 3571 2370 "Ideo-

1995 2422 2102 2476 que
2125 2406 2300 2463 fecisti
2333 2424 2457 2464 eum
2488 2425 2555 2464 ex
2590 2410 2771 2465 anima
2799 2410 3096 2465 immortali
3126 2419 3179 2466 et
3211 2424 3439 2480 corpore
3462 2409 3571 2465 dis-

1988 2499 2227 2570 sipabili;
2261 2500 2353 2554 illa
2383 2501 2601 2572 quidem
2642 2518 2709 2557 ex
2742 2502 2914 2557 nihilo
2945 2501 3157 2567 eﬂecta,
3190 2502 3294 2557 hoc
3333 2517 3464 2558 vero
3492 2514 3562 2559 ex

1987 2600 2223 2663 quatuor
2249 2592 2557 2658 elementis,
2590 2601 2646 2650 et
2671 2594 2870 2650 dedisti
2902 2595 2973 2660 ei,
3006 2595 3059 2649 in
3106 2595 3288 2649 anima
3344 2594 3565 2666 quidem

1987 2684 2306 2739 rationalem
2368 2684 2836 2755 dijudicationem,
2887 2686 3107 2757 pietatis
3151 2702 3213 2742 ac
3264 2687 3564 2758 impietatis

1985 2774 2393 2840 discretionem,
2421 2776 2557 2847 justi
2581 2791 2645 2832 ac
2676 2775 2866 2847 injusti
2901 2779 3455 2847 animadversionem;
3503 2779 3561 2833 in

1984 2882 2214 2937 corpore
2241 2876 2424 2924 autem
2452 2868 2667 2925 donasti
2711 2871 3122 2941 quinquertium
3157 2884 3418 2928 sensuum
3477 2884 3565 2927 at-

1982 2975 2090 3030 que
2122 2969 2327 3016 motum
2363 2962 2795 3032 progressivum.
2835 2962 2917 3018 Tu
2957 2979 3215 3035 namque,
3260 2964 3404 3021 Deus
3445 2979 3563 3021 om-

1983 3052 2274 3121 nipotens,
2328 3069 2426 3124 per
2475 3054 2793 3121 Christum,
2833 3055 2889 3110 in
2952 3056 3135 3113 Edene
3177 3055 3242 3111 ad
3293 3059 3560 3113 orientem

302 3155 540 3227 ϐατικὴν
601 3156 830 3227 κίνησιν.
885 3154 957 3210 Σὺ
1004 3157 1141 3229 γὰρ,
1191 3158 1290 3211 Θεέ
1340 3161 1747 3233 παντόκρατορ,
1793 3156 1881 3214 διά

1981 3144 2239 3215 plantasti
2276 3145 2590 3218 paradisum
2612 3148 2680 3215 ",
2712 3152 2861 3204 omni
2911 3166 3107 3221 genere
3149 3151 3556 3207 esculentarum

280 3230 546 3323 ⁴Χριστοῦ
580 3248 903 3320 παράδεισον
931 3249 989 3302 ἐν
1023 3250 1179 3324 Ἐδέμ
1209 3252 1346 3305 κατά
1374 3230 1634 3319 ἀνατολάς
1663 3230 1880 3323 ἐφύτευ-

272 3359 430 3406 ,σας,
475 3340 741 3395 παντοίων
782 3340 1055 3413 ἐδωδίμων
1103 3343 1314 3414 κόσμῳ,
1358 3345 1450 3397 καὶ
1504 3347 1562 3398 ἐν
1610 3346 1758 3418 αύτῷ
1802 3345 1880 3410 ὡς

300 3434 366 3488 ἂν
421 3435 478 3487 ἐν
528 3434 680 3505 ἑστίᾳ
734 3434 1013 3488 πολυτελεῖ
1067 3436 1357 3506 εἰσήγαγες
1402 3438 1581 3490 αὐτόν·
1637 3440 1744 3496 κάν
1799 3438 1878 3511 τῷ

301 3528 479 3578 ποιεῖν
507 3525 669 3597 νόμον
705 3526 941 3589 δέδωκας
981 3526 1129 3598 αύτῷ
1175 3527 1435 3600 ἔμφυτον,
1473 3513 1642 3592 ὅπως.
1668 3529 1876 3584 οἴκοθεν

301 3618 394 3670 καὶ
425 3619 553 3687 παρ’
586 3617 774 3671 ἐαυτοῦ
810 3618 920 3689 ἔχοι
949 3619 1017 3672 τὰ
1061 3619 1350 3692 σπέρματα
1395 3622 1494 3692 τῆς
1528 3620 1871 3690 θεογνωσίας.

299 3707 622 3777 Είσαγαγὼν
651 3709 707 3762 δὲ
737 3712 816 3773 είς
849 3711 940 3764 τὸν
970 3712 1069 3782 τῆς
1105 3712 1313 3785 τρυφῆς
1352 3706 1702 3785 παράδεισον,
1734 3714 1873 3767 πάν-

294 3816 404 3854 των
446 3802 544 3872 μὲν
589 3802 794 3874 ἀνῆκας
830 3803 978 3876 αὐτῷ
1022 3803 1121 3877 τὴν
1160 3804 1403 3869 ἐξουσίαν
1446 3796 1583 3878 πρὸς
1634 3805 1871 3878 μετάλη-

292 3891 409 3961 ψιν,
445 3892 563 3954 ἐνὸς
599 3894 655 3947 δέ
694 3894 855 3966 μόνου
891 3895 991 3968 τὴν
1040 3895 1228 3973 γεῦσιν
1268 3897 1508 3960 ἀπεῖπας
1556 3899 1644 3951 ἐπί
1697 3898 1871 3952 ἐλπίδι

294 3985 657 4057 κρειττόνων,
703 3987 810 4052 ἵνα,
836 3988 931 4041 ἐὰν
983 3988 1189 4061 φυλάξῃ
1237 3990 1335 4061 τὴν
1379 3987 1627 4061 ἐντολὴν,
1676 3990 1871 4060 μισθὸν

291 4078 499 4147 ταύτης
547 4078 646 4150 τὴν
686 4079 979 4133 ἀθανασίαν
1029 4081 1337 4152 κομίσηται,
1396 4081 1764 4155 Ἀμελήσαντα
1812 4082 1868 4135 δέ

288 4170 389 4241 τῆς
424 4169 665 4241 ἐντολῆς,
691 4171 784 4224 καὶ
814 4172 1144 4244 γευσάμενον
1174 4174 1619 4247 ἀπηγορευμένον
1651 4174 1866 4247 καρποῦ

285 4262 474 4335 ἀπάτῃ
522 4262 697 4332 ὄφεως
729 4266 820 4319 καὶ
852 4266 1149 4338 συμϐουλίᾳ
1193 4270 1468 4337 γυναικὸς,
1502 4268 1596 4322 τοῦ
1635 4271 1732 4342 μὲν
1762 4288 1866 4324 πα-

287 4355 536 4426 ραδείσου
562 4356 783 4421 δικαίως
810 4357 1014 4423 ἐξωσας
1044 4360 1226 4425 αὑτὸν,
1264 4360 1558 4433 ἀγαθὰτητι
1595 4362 1652 4416 δέ
1696 4364 1777 4426 είς
1803 4363 1865 4416 τὸ

1916 3240 1919 3247 ’
1982 3238 2294 3308 plantarum
2338 3249 2625 3308 ornatum,
2662 3250 2718 3297 et
2750 3243 2804 3298 iu
2834 3259 2958 3300 eum
2987 3252 3246 3314 tanquam
3282 3244 3337 3299 in
3368 3245 3560 3315 epipa-

1901 3346 1904 3362 ·
1980 3345 2099 3387 ram
2141 3332 2361 3388 domum
2396 3334 2660 3389 induxisti
2697 3336 2999 3404 hominem;
3042 3352 3232 3408 quem,
3266 3353 3390 3392 cum
3438 3338 3557 3393 elli-

1979 3438 2156 3491 ceres,
2200 3427 2319 3497 lege
2374 3429 2614 3484 naturali
2646 3443 2709 3484 ac
2754 3430 2918 3485 insita
2967 3430 3208 3495 donasti,
3252 3445 3360 3501 quo
3406 3430 3556 3487 intus

1978 3533 2043 3574 ac
2068 3535 2133 3573 cx
2168 3536 2226 3576 se
2270 3521 2495 3579 haberet
2524 3522 2855 3603 cognitionis
2886 3522 2980 3579 Dei
3025 3525 3256 3580 semina.
3288 3522 3552 3582 Introdu-

1976 3628 2106 3668 cens
2139 3623 2319 3670 autem
2348 3632 2473 3671 eum
2503 3617 2558 3672 in
2589 3617 2904 3689 paradisum
2930 3619 3275 3685 deliciarum,
3310 3628 3553 3691 potesta-

1974 3718 2083 3766 tem
2112 3711 2330 3782 quidem
2362 3713 2605 3767 omnium
2633 3713 2701 3767 ad
2735 3712 3175 3784 participandum
3202 3715 3546 3783 concessisti,
3588 3768 3596 3775 ,

1976 3804 2138 3859 unius
2173 3820 2303 3859 vero
2334 3805 2506 3860 solius
2544 3813 2818 3875 gustatum
2850 3805 2908 3858 in
2942 3820 3100 3877 spem
3142 3806 3428 3861 meliorum
3460 3822 3548 3862 re-

1972 3911 2092 3951 rum
2121 3896 2473 3962 interdixisti,
2507 3906 2566 3951 ut
2597 3898 2643 3953 si
2677 3895 2995 3951 mandatum
3039 3898 3364 3962 custodiret,
3396 3898 3546 3956 illius

1972 3990 2169 4045 servati
2206 3991 2510 4046 mercedem
2547 3989 2713 4045 ferret
2752 3990 3238 4046 immortalitatem.
3270 3990 3409 4046 Cum
3448 4008 3549 4046 au-

1968 4089 2076 4137 tem
2112 4084 2428 4138 mandatum
2460 4084 2719 4153 neglexit,
2762 4093 2819 4139 et
2857 4082 3052 4139 fraude
3083 4086 3376 4153 serpentis,
3420 4101 3543 4140 mu-

1967 4175 2227 4245 lierisque
2258 4177 2510 4241 consilio,
2540 4177 2784 4246 gustavit
2813 4176 3147 4246 prohibitum
3177 4176 3442 4243 lructum;
3476 4192 3543 4231 ex

1968 4268 2221 4338 paradiso
2249 4269 2471 4338 quidem
2513 4268 2663 4338 justo
2715 4268 2868 4322 illum
2899 4267 3253 4339 expulisti",
3298 4268 3543 4325 bonitate

1963 4375 2093 4415 vero
2121 4367 2235 4421 tua,
2270 4359 2522 4416 funditus
2554 4368 2871 4430 pereuntem
2902 4376 3012 4415 non
3055 4359 3393 4430 despexisti:
3424 4368 3542 4416 erat

284 4448 544 4512 παντελὲς
571 4450 938 4521 ἀπολλύμενον
965 4453 1062 4523 οὐχ
1092 4454 1387 4525 ὑπερεῖδες·
1424 4454 1513 4507 σὺν
1541 4456 1647 4528 γὰρ
1674 4452 1743 4529 ἦν
1769 4456 1860 4527 δη·
1890 4488 1900 4544 1

1981 4454 2109 4509 anim
2135 4452 2414 4523 opiﬁcium
2442 4460 2631 4520 tuum;
2657 4449 2752 4508 sed
2781 4453 2874 4523 qui
2905 4452 2954 4508 ei
2982 4452 3299 4522 subjeceras
3322 4460 3540 4508 creato-

282 4540 622 4613 μιούργημα·
668 4543 802 4597 ἀλλά
840 4543 1215 4611 καθυποτᾴξας
1240 4546 1386 4617 αὐτῷ
1420 4546 1519 4618 τὴν
1549 4548 1742 4612 κτίσιν,
1776 4548 1860 4602 δέ·
1891 4540 1900 4544 ’

1981 4560 2111 4609 'am,
2154 4542 2353 4599 dedisti
2401 4554 2461 4598 ut
2507 4544 2624 4600 suis
2677 4545 2975 4601 sudoribus
3008 4559 3071 4598 ac
3119 4544 3400 4601 laboribus
3430 4545 3537 4599 sibi

279 4630 462 4697 δωκας
489 4635 634 4707 αὐτῷ
662 4636 881 4700 οἰκείοις
916 4638 1100 4710 ἱδρῶσι
1131 4640 1225 4693 καὶ
1251 4640 1432 4703 πόνοις
1460 4640 1700 4712 πορίζειν
1731 4644 1858 4696 ἐαυ-

273 4725 355 4797 τῷ
398 4726 504 4797 τὴν
548 4729 772 4800 τροφὴν,
814 4728 906 4781 σοῦ
953 4729 1129 4784 πάντα
1185 4731 1409 4800 φύοντος
1461 4735 1554 4787 καὶ
1604 4731 1858 4800 αὔξοντος

277 4817 372 4870 καὶ
416 4820 787 4885 πεπαίνοντος·
820 4823 997 4894 χρόνῳ
1035 4823 1091 4878 δὲ
1131 4823 1280 4896 πρὸς·
1306 4825 1483 4895 ὀλίγον
1530 4827 1691 4879 αὑτὸν
1740 4826 1857 4879 κοι-

278 4909 464 4977 μίσας,
497 4911 644 4982 ὅρκῳ
692 4916 772 4977 είς
807 4915 1225 4985 παλιγγενεσίαν
1266 4917 1547 4982 ἐκάλεσας·
1588 4918 1714 4989 ὅρον
1754 4918 1850 4972 θα-

276 5000 435 5055 νάτου
478 5002 665 5067 λύσας,
706 5003 850 5077 ζωὴν
876 5007 935 5073 ἐξ
979 5009 1325 5074 ἀναστάσεως
1375 5011 1709 5082 ἐπηγγείλω·
1760 5013 1854 5066 καὶ

1961 4645 2178 4709 pararet
2205 4638 2440 4704 victum,
2486 4645 2541 4693 te
2584 4638 2766 4693 omnia
2800 4637 3158 4708 producente,
3207 4645 3440 4708 augente
3470 4651 3537 4695 ac

1960 4736 2307 4785 maturante:
2339 4738 2501 4800 atque
2541 4743 2665 4785 eum
2709 4730 2861 4785 brevi
2894 4745 3090 4786 somno
3121 4730 3398 4796 aﬂ'ectum,
3436 4746 3535 4802 per

1952 4822 2337 4893 jusjurandum
2379 4821 2445 4877 ad
2491 4823 2958 4894 regenerationem
3009 4824 3255 4890 vocasti;
3311 4824 3533 4879 decreto

1958 4916 2152 4971 mortis
2182 4916 2386 4979 soluto,
2413 4915 2579 4970 vitam
2604 4930 2670 4971 ex
2704 4917 3108 4972 resurrectione
3136 4917 3437 4987 promisisti
3458 4918 3527 4991 ",

1957 5008 2144 5079 Neque
2171 5010 2274 5064 hoc
2301 5010 2510 5076 solum;
2546 5024 2737 5072 verum
2767 5010 2932 5064 etiam
2960 5026 3028 5066 ex
3063 5012 3298 5081 posteris
3330 5010 3471 5080 ejus,
3496 5025 3528 5065 a

275 5092 336 5143 οὺ
366 5095 524 5147 τοῦτο
557 5097 735 5167 μόνον,
766 5097 899 5154 ἀλλά
931 5102 1025 5155 καὶ
1056 5104 1184 5165 τοὺς
1221 5102 1280 5167 ἐξ
1314 5101 1479 5155 αὑτοῦ
1525 5105 1604 5166 εἰς
1651 5103 1852 5175 πλῆθος

1981 5104 2089 5158 ein
2125 5103 2526 5158 multitudinem
2556 5103 3011 5159 innumerabilem
3058 5103 3268 5168 eil‘usis,
3296 5118 3392 5160 eos
3429 5103 3525 5173 qui

273 5183 575 5258 ἀνάριθμον
624 5189 737 5262 (55)
782 5193 939 5263 χέας,
980 5195 1107 5259 τοὺς
1143 5192 1505 5266 ἐμμείναντάς
1552 5211 1633 5248 σοι
1669 5194 1852 5260 ἐδόξα-

345 5322 527 5397 ’_’_.lob
573 5342 766 5393 xxvm,
819 5329 910 5383 25.
1008 5333 1056 5365 ⁸³
1093 5332 1227 5390 Gen.
1252 5348 1289 5397 ι,
1320 5332 1411 5387 26.

271 5391 314 5424 ’τ
360 5391 523 5472 iiebr.
564 5413 635 5452 vi.

1537 5332 1583 5365 ”
1624 5334 2029 5408 PSBUdO-lgnat.
2060 5376 2103 5402 ,ν
2131 5337 2197 5392 ad
2264 5334 2466 5392 Heron.
2495 5338 2547 5392 4.

1953 5196 2054 5251 tibi
2084 5196 2451 5261 adhaeserunt,
2483 5196 2824 5268 gloriﬁcasti,
2855 5212 2953 5253 eos
2980 5213 3111 5253 vero
3139 5199 3230 5268 qui
3275 5212 3305 5251 a
3343 5204 3399 5252 te
3427 5196 3525 5252 de-

2678 5337 2724 5369 "
2761 5335 2895 5393 Gen.
2950 5353 3011 5395 ιι.
3161 5336 3206 5368 ⁸⁸
3246 5332 3381 5391 Gen.
3433 5349 3518 5390 nl.

1569 5554 1933 5614 VARIORUM
1972 5558 2204 5616 ΝΟΤᾹΣ.

342 5702 452 5790 (5!)
484 5712 609 5776 Εἰς.
644 5712 904 5779 Quamvis
934 5718 1157 5774 minime
1186 5718 1367 5790 inepta
1399 5720 1471 5775 sit
1504 5719 1619 5790 haec
1652 5720 1835 5783 lenio,

272 5780 505 5857 fitamen
553 5797 893 5854 nequaquam
943 5789 1249 5857 spernenda
1280 5780 1394 5844 'est
1445 5790 1566 5845 cod.
1598 5780 1835 5848 Vindob.

270 5838 435 5901 lectio
463 5850 558 5919 ὡς,
594 5838 917 5910 sternens—fut
944 5838 1249 5926 similia}.
1278 5838 1444 5916 Cirin.

458 5944 731 6012 Pauor.
777 5949 889 6011 Gn.
928 5950 974 6012 i.

2008 5722 2121 5792 (52)
2162 5723 2375 5792 Abydi».
2406 5720 2688 5779 Omittitur
2710 5725 2765 5779 in
2813 5725 2935 5780 Md.
2969 5722 3228 5789 Vindob.,
3259 5725 3353 5779 sed
3393 5730 3515 5785 per-

1936 5793 2065 5849 inde
2102 5790 2207 5847 est.
2238 5790 2315 5848 in.

2009 5862 2127 5934 (53)
2176 5863 2543 5934 ’Ardpzopor.
2578 5863 2738 5923 Vind.
2764 5867 2887 5923 (od.
2912 5865 3298 5938 ἀναρίθμητον.
3331 5868 3408 5925 In.

3086 5959 3162 6018 35
