4062 6258
533 351 671 411 1099

1358 343 1417 398 S.
1460 336 1850 397 CLEMENTIS
1886 335 1907 389 Ι
1946 332 2113 392 ROM.
2154 329 2355 388 PONT.
2399 329 2628 388 OPERA
2666 328 2893 388 DUBIA.

3640 333 3774 391 “00

527 467 802 527 fecerunt,
838 461 1132 533 punivisti;
1179 458 1419 515 admisso
1445 457 1661 527 quidem
1696 454 1882 508 Abelis
1923 451 2095 507 sacri-

2201 464 2319 510 σας,
2352 448 2477 509 τοὺς
2505 446 2560 499 δὲ
2601 446 2944 507 ἀποστάντας
2990 461 3082 497 σου
3121 443 3399 507 ἐκόλασας·
3434 442 3649 496 καὶτοῦ
3682 447 3775 515 μὲν

526 561 671 623 ﬁcio,
707 567 768 613 ut
796 556 1105 612 innocentis
1127 554 1204 622 ’3;
1240 551 1533 607 fratricida:
1572 556 1751 602 autem
1787 546 1941 601 Caini
1974 561 2095 599 mu-

523 670 676 716 nere,
722 660 782 706 ut
825 648 1155 711 detestandi,
1190 645 1451 702 fastidito.
1493 642 1561 695 Et
1609 640 1676 695 ad
1721 640 1835 694 haec
1866 639 2092 694 Sethum

523 763 588 802 ac
634 746 872 801 Enosum
906 742 1225 811 suscepisti,
1274 746 1436 807 atque
1486 734 1803 789 Henochum
1849 741 2094 788 transtu-

522 840 636 895 listi
663 839 732 894 ’9.
764 835 847 891 Tu
881 838 1026 891 enim
1055 850 1115 889 es
1147 829 1324 901 opifex
1360 822 1661 891 hominum,
1687 827 1811 880 vitae
1842 826 2089 895 largitor,

522 931 837 1000 indigentiae
874 928 1147 998 expletor;
1193 924 1369 992 legum
1416 919 1591 981 dator,
1636 933 1836 991 easque
1867 934 2093 973 servan-

522 1024 659 1077 tium
710 1028 1110 1084 remunerator,
1160 1017 1675 1087 transgredientium
1731 1013 1950 1069 vindex.
1986 1011 2090 1079 Qui

521 1116 787 1170 diluvium
837 1116 1025 1185 ingens
1069 1110 1273 1165 mundo
1335 1117 1553 1180 propter
1593 1108 1757 1178 impie
1791 1107 2089 1161 viventium

523 1207 925 1262 multitudinem
944 1203 1194 1267 intulisti,
1218 1210 1347 1256 eteo
1370 1218 1434 1256 ex
1448 1200 1654 1254 diluvio
1678 1200 1732 1254 in
1751 1214 1874 1253 arca
1895 1198 2091 1267 eripui-

521 1300 588 1354 sti
620 1314 728 1353 una
774 1313 896 1352 cum
924 1303 1047 1351 octo
1070 1294 1356 1349 animabus
1381 1293 1591 1362 justum
1615 1290 1785 1346 Noam
1813 1290 1901 1355 ‘°°,
1928 1290 2089 1345 finem

519 1392 735 1462 quidem
793 1405 981 1445 eorum
1032 1388 1125 1458 qui
1175 1388 1584 1457 praeterieram,
1637 1384 1903 1455 originem
1961 1399 2088 1439 vero

519 1496 988 1538 successurorum.
1035 1480 1138 1546 Qui
1185 1479 1519 1533 horrendum
1583 1478 1763 1548 ignem
1824 1475 2087 1531 adversus

518 1572 927 1628 Sodomitanam
976 1572 1310 1641 pentapolim
1379 1572 1733 1636 concitasti‘,
1777 1579 1833 1625 et
1884 1578 2087 1633 terram

516 1665 832 1734 frugiferam
862 1664 917 1717 in
940 1663 1272 1733 salsuginem
1298 1664 1339 1725 ’,
1370 1671 1590 1733 propter
1619 1663 1916 1733 nequitiam
1940 1662 2087 1718 illius

514 1757 840 1818 incolarum,
895 1755 1173 1826 redegisti,
1222 1769 1285 1809 ac
1336 1762 1583 1809 sanctum
1637 1753 1833 1809 Lotum
1881 1771 1948 1811 ex
2001 1756 2087 1809 in-

512 1848 708 1903 cendio
750 1848 942 1903 eruisti
968 1847 1006 1901 ³.
1041 1846 1124 1902 Tu
1170 1848 1367 1917 esqui
1421 1848 1793 1901 Abrahamum
1840 1848 2083 1903 liberasti

512 1940 656 1993 avita
707 1939 1002 2009 impietate,
1045 1949 1100 1995 et
1149 1940 1338 1994 mundi
1392 1939 1661 1994 haeredem
1712 1940 2081 2005 constituisti,

510 2032 729 2102 ipsique
758 2031 1037 2087 Christum
1073 2042 1225 2087 tuum
1278 2048 1539 2103 apparere
1568 2033 1770 2088 fecisti.
1802 2031 1906 2099 Qui
1952 2032 2087 2088 Mel-

510 2125 856 2180 cbisedecum
890 2126 1194 2195 pontificem
1218 2126 1388 2181 divini
1417 2126 1598 2181 cultus
1623 2125 1945 2197 designasti.
1979 2125 2081 2192 Qui

508 2217 681 2281 multa
736 2233 958 2288 passum
1024 2218 1284 2276 famulum
1333 2226 1486 2273 tuum
1546 2218 1771 2286 Jobum,
1818 2221 2081 2274 victorem

508 2313 804 2381 serpentis,
839 2312 1067 2383 originis
1099 2312 1386 2375 malorum,
1415 2310 1709 2366 declarasti
1734 2311 1773 2365 ".
1808 2309 1911 2376 Qui
1942 2309 2084 2365 lsaa-

508 2416 634 2456 cum
686 2402 915 2458 effecisti
980 2403 1148 2458 filium
1203 2404 1607 2473 promissionis.
1663 2402 1768 2468 Qui
1817 2401 2079 2458 Jacobum

508 2494 795 2549 duodecim
843 2494 1075 2551 filiorum
1120 2504 1350 2567 patrem,
1399 2496 1627 2565 ejusque
1665 2502 1973 2565 postremos
2018 2494 2082 2549 in

506 2587 913 2665 multitudinem
948 2589 1279 2658 propagasti,
1332 2596 1385 2643 et
1429 2588 1495 2643 ad
1548 2586 1842 2659 Egyptum
1890 2588 1946 2641 in
1995 2602 2084 2643 se-

506 2680 791 2749 ptuaginta
833 2681 1073 2751 quinque
1128 2681 1413 2736 animabus
1479 2680 1928 2741 introduxisti'.,
1960 2677 2077 2745 Tu,

505 2769 765 2838 Domine,
812 2790 919 2829 non
964 2774 1261 2845 despexisti
1313 2773 1640 2844 Josephum;
1689 2774 1785 2831 sed
1825 2774 1935 2839 illi,
1982 2789 2081 2844 pro

505 2866 758 2922 mercede
810 2868 1083 2923 castitatis
1124 2878 1216 2922 tua
1256 2882 1422 2922 causa
1475 2874 1730 2931 servataa,
1779 2865 1975 2920 dedisti
2023 2873 2080 2919 ut

506 2956 778 3029 JEgyptiis
806 2969 1083 3029 praeesset.
1108 2959 1211 3027 Tu,
1244 2958 1492 3024 Domine,
1524 2957 1780 3014 llebrteos
1814 2959 1881 3012 ab
1910 2956 2080 3028 Egy-

504 3049 636 3119 ptiis
667 3066 981 3120 oppressos,
1007 3052 1077 3105 ob
1109 3051 1380 3120 promissa
1409 3052 1654 3121 patribus
1692 3068 1879 3107 eorum
1913 3051 2075 3119 facta,

505 3157 615 3195 non
646 3143 963 3214 neglexisti;
995 3158 1205 3207 verum,
1232 3141 1498 3214 Egyptiis
1522 3144 1754 3213 punitis,
1782 3144 2007 3199 liberast

447 3294 457 3303 .
504 3252 751 3325 Cumque
778 3256 1024 3311 homines
1060 3257 1230 3327 legem
1261 3257 1568 3311 naturalem
1599 3258 1996 3328 corrupissent,
2026 3271 2080 3316 et

504 3355 840 3409 creaturam,
870 3347 1032 3402 modo
1072 3349 1293 3418 quidem
1318 3349 1598 3404 fortuitam
1651 3351 2074 3421 arbitrarentur,

503 3436 669 3492 modo
697 3446 878 3492 autem
920 3441 1209 3510 plusquam
1238 3448 1453 3511 oportet
1484 3442 1840 3509 honorarent,
1871 3461 1933 3501 ac
1977 3446 2076 3502 tibi

503 3530 747 3583 omnium
781 3528 890 3585 Deo
920 3540 1326 3601 compararent;
1355 3548 1464 3588 non
1492 3535 1667 3590 sivisti
1696 3551 1884 3591 errore
1912 3536 2070 3607 duci;

455 3695 463 3704 ⁸
503 3621 636 3691 quin
670 3623 853 3691 potius
898 3623 1047 3679 edito
1090 3634 1280 3681 sancto
1332 3626 1537 3683 famulo
1582 3636 1676 3683 tuo
1726 3629 1931 3702 Moyse,
1978 3647 2076 3702 per

501 3728 628 3768 eum
672 3714 844 3786 legem
874 3716 1133 3786 scriptam
1178 3718 1233 3771 in
1284 3720 1552 3777 naturalis
1607 3720 1939 3793 adjutorium
1975 3724 2074 3777 tri-

502 3805 671 3862 buisti
696 3809 753 3875 7;
789 3816 844 3862 et
889 3816 1170 3866 creaturas
1216 3811 1506 3867 ostendisti
1548 3827 1687 3883 opus
1736 3820 1891 3868 tuum
1927 3830 2070 3881 esse,

492 3911 746 3979 errorem
774 3914 902 3954 vero
929 3899 997 3955 de
1027 3901 1374 3957 multitudine
1404 3902 1650 3971 deorum,
1674 3906 2070 3962 exterminasti.

503 3989 780 4046 Aaronem
821 4000 874 4048 et
922 4001 1174 4063 posteros
1210 3994 1332 4065 ejus
1360 3995 1569 4052 honore
1608 3998 1933 4052 sacerdotali
1977 3998 2073 4054 de-

493 4078 706 4151 ‘corasti
732 4116 745 4151 :
780 4096 1057 4164 Hebraeos,
1084 4114 1209 4155 cum
1232 4108 1522 4168 peccarent
1542 4140 1557 4166 ,
1584 4086 1903 4171 castigasti;
1946 4116 2073 4157 cum

498 4198 926 4255 reverterentur,
968 4193 1295 4263 suscepisti:
1346 4190 1632 4265 Egyptios
1663 4194 1849 4249 decem
1898 4195 2073 4266 plagis

490 4273 649 4355 iultus
683 4298 743 4339 es
782 4303 794 4338 :
828 4286 967 4339 mari
1008 4284 1185 4340 diviso
1234 4286 1501 4356 traiecisti
1554 4284 1829 4342 lsraelitas
1872 4307 1884 4342 :
1920 4289 2069 4344 inse-

489 4382 659 4464 lcutos
688 4376 975 4448 {Egyptios
1004 4378 1249 4435 delevisti
1283 4380 1662 4436 submersione
1691 4400 1704 4436 :
1740 4382 1889 4452 ligno
1929 4398 2072 4436 ama-

499 4482 617 4521 ram
676 4485 875 4540 aquam
924 4470 1243 4533 dulcescere
1301 4473 1475 4530 fecisti
1532 4494 1544 4528 :

498 4574 693 4628 aquam
723 4561 1013 4631 profudisti
1043 4584 1055 4619 :
1085 4580 1115 4620 e
1137 4566 1277 4621 cmlo
1315 4580 1570 4620 mannam
1606 4566 1862 4636 depluisti
1890 4587 1900 4621 :
1932 4583 2072 4637 pra:-

498 4652 666 4708 buisti
715 4670 781 4709 ex
825 4670 949 4710 aere
977 4670 1180 4725 escam,
1226 4665 1690 4728 ortygmnetram:
1734 4660 2069 4716 constituisti

497 4754 659 4801 nocte
685 4748 995 4803 columnam
1029 4749 1171 4821 ignis
1201 4749 1269 4803 ad
1300 4750 1743 4815 illustrationem,
1771 4760 1824 4806 et
1853 4753 1944 4807 die
1974 4768 2069 4808 co-

488 4837 739 4917 lumnam
774 4841 933 4896 nubis
962 4843 1029 4896 ad
1060 4842 1437 4897 umbraculum
1469 4843 1526 4897 in
1550 4850 1706 4897 testu.
1746 4841 1850 4898 Per
1880 4843 2066 4899 Jesum

497 4929 691 4985 ducem
745 4933 1017 4989 exercitus
1044 4952 1075 4988 ιι
1118 4942 1173 4989 te
1212 4934 1571 4999 declaratum,
1622 4943 1828 5005 septem
1879 4946 2068 5007 gentes

492 5021 928 5079 Cbananzeorum
959 5025 1245 5095 evertisti“,
1265 5024 1555 5081 Jordanem
1587 5026 1867 5097 dirupisti,
1959 5028 2057 5083 Ilu-

566 5160 613 5192 ’³
652 5160 785 5215 Gen.
819 5177 892 5215 IV.
970 5162 1014 5194 ”
1054 5161 1219 5217 Eccli.
1246 5178 1394 5227 xux,
1427 5164 1514 5230 l9;
1538 5161 1674 5219 Gen.
1721 5181 1795 5229 ιν,
1836 5182 1889 5221 v.

494 5231 516 5261 ’
556 5228 703 5284 Psal.
732 5248 841 5297 cvr,
864 5234 953 5287 54.
1031 5232 1052 5263 ³
1073 5231 1207 5289 Gen.
1240 5250 1339 5297 xu,
1372 5228 1507 5289 etc.'
1556 5236 1575 5265 ⁸
1617 5236 1653 5288 l.
1688 5234 1857 5306 lgnat.
1886 5238 2138 5306 interpol.
2159 5240 2226 5293 ad
2260 5228 2522 5293 Τιιιιιζιι)
2550 5237 2615 5291 ad
2651 5234 2766 5288 Sm.
2794 5235 2844 5287 7.

494 5299 515 5330 ⁸
558 5300 727 5355 Exod.
756 5319 792 5363 ι,
816 5312 919 5357 etc.
996 5304 1013 5334 ⁷
1045 5303 1079 5355 ι.
1104 5302 1202 5357 lsa.
1234 5320 1329 5359 vin
1367 5304 1436 5357 20
1466 5307 1517 5358 in
1548 5305 1707 5359 LXX.
1783 5307 1936 5361 8.los.
1968 5310 2162 5363 111.10.

1856 5322 1936 5361 os.
1968 5323 2051 5372 ιιι,
2076 5322 2162 5363 ’lU.

491 5299 515 5330 ⁸
558 5300 727 5355 Exod.
756 5319 792 5367 ι,
816 5312 919 5357 etc.
996 5304 1013 5334 ⁷
1045 5303 1079 5355 ι.
1104 5302 1202 5357 lsa.
1234 5320 1329 5359 vin
1367 5304 1436 5357 20
1466 5307 1517 5358 in
1548 5305 1707 5359 LXX.

2210 537 2383 601 ’Δϐἐλ,
2416 538 2493 601 ὡς
2538 538 2683 591 ὁσίου
2724 536 3154 607 προσδεξάμενος
3194 536 3293 607 τὴν
3340 535 3550 599 θυσίαν,
3597 535 3689 588 τοῦ
3724 537 3775 591 δὲ

2194 630 2580 699 ἀδελφοκτόνον
2621 629 2763 682 Κάῖν
2810 628 3178 699 ἀποστραφεὶς
3214 628 3275 679 τὸ
3310 627 3503 698 δῶρον,
3542 627 3617 691 ὡς
3654 630 3772 681 ἐνα-

2193 722 2341 790 γοῦς.
2373 723 2482 775 Καὶ
2514 721 2648 791 πρὸς
2672 720 2882 783 τούτοις
2901 719 2992 773 τὸν
3023 719 3267 790 Σὴθ,ικα“ι
3292 719 3383 773 τὸν
3425 718 3589 782 Ἐνὼς
3614 736 3774 791 προσ-

2191 813 2383 867 ελάϐου
2407 852 2420 876 ,
2464 812 2559 866 καὶ
2602 813 2695 865 τὸν
2737 810 2912 881 Ἑνὼχ
2962 810 3365 882 μετατέθεικας.
3404 812 3476 864 Σὺ
3520 809 3630 882 γὰρ
3660 807 3714 881 εἴ
3745 814 3773 866 ὁ

2192 904 2523 975 δημιουργὸς
2562 904 2673 956 τῶν
2712 904 2809 957 ἀνθ
2821 903 3047 975 ρώπων,
3087 904 3179 956 καὶ
3216 904 3316 972 τῆς
3348 900 3493 973 ζωῆς
3522 902 3769 973 χορηγὸς,

2192 996 2285 1048 καὶ
2321 997 2421 1066 τῆς
2463 995 2670 1059 ἐνδείας
2710 995 3023 1066 πληρωτὴς·
3066 996 3159 1047 καὶ
3202 993 3310 1047 τῶν
3366 995 3548 1064 νόμων
3592 993 3769 1067 δοτὴρ,

2191 1088 2285 1139 καὶ
2314 1087 2423 1140 τῶν
2454 1086 3059 1155 φυλαττόντωνναίηοὺς
3094 1085 3510 1157 μισθαποδότης,
3547 1085 3771 1139 καὶτῶν

2190 1179 2638 1251 παραϐαινόντων
2682 1180 2880 1242 αὐτοὺς
2911 1179 3140 1241 ἔκδικος.
3188 1180 3244 1231 Ὀ
3276 1179 3366 1231 τὸν
3408 1177 3579 1248 μέγαν
3610 1193 3771 1230 κατα-

2190 1270 2429 1342 κλυσμὸν
2483 1269 2776 1340 ἐπαγαγὼν
2814 1269 2892 1341 τῷ
2942 1270 3131 1341 κόσμῳ
3174 1269 3261 1323 διὰ
3303 1270 3365 1322 τὸ
3418 1268 3621 1339 πλῆθος
3664 1267 3769 1321 τῶν

2189 1362 2592 1433 ἀσεϐησάντων,
2623 1363 2718 1416 καὶ
2745 1363 2840 1416 τὸν
2867 1362 3073 1431 δίκαιον
3103 1361 3225 1414 Νῶε
3264 1360 3567 1431 ῥυσάμενος
3590 1360 3654 1413 ἐκ
3674 1358 3767 1413 τοῦ

2190 1453 2573 1525 κατακλυσμοῦ
2607 1456 2662 1507 ἐν
2688 1453 2916 1525 λάρνακι
2944 1454 3038 1506 σὺν
3074 1451 3215 1506 ὀκτὼ
3242 1452 3461 1522 ψυχαῖς,
3493 1450 3643 1527 τέλος
3673 1451 3767 1521 μὲν

2188 1545 2296 1599 τῶν
2341 1534 2771 1617 παρῳχηκότων,
2804 1545 2979 1617 ἀρχὴν
3007 1545 3063 1597 δέ
3108 1545 3215 1597 τῶν
3252 1544 3550 1615 μελλόντων
3593 1542 3770 1611 ἐπιγί-

2189 1635 2394 1689 νεσθαι.
2437 1638 2494 1689 Ὁ
2524 1636 2585 1689 τὸ
2613 1636 2842 1708 φοϐερὸν
2874 1635 2985 1707 πῦρ
3013 1636 3154 1689 κατά
3182 1637 3279 1707 τῆς
3307 1636 3616 1708 Σοδομηνῆς
3648 1653 3769 1689 πενο

2188 1728 2464 1791 ταπόλεως
2512 1728 2877 1798 ἐξάψας,μκα“ι
2920 1729 3023 1799 γῆν
3076 1728 3421 1800 καρποφόρον
3471 1730 3550 1791 είς
3594 1727 3767 1799 ἅλμην

2117 1815 2159 1869 Β
2189 1820 2414 1891 θέμενος
2453 1822 2561 1874 ἀπὸ
2590 1822 2787 1884 κακίας
2813 1822 2921 1874 τῶν
2970 1821 3363 1875 κατοικούντων
3400 1823 3457 1875 ἐν
3487 1812 3647 1893 αὐτῇ,
3676 1822 3768 1875 καὶ
3824 1884 3829 1891 η

2179 1912 2274 1965 τὸν
2304 1913 2448 1966 ὅσιον
2484 1911 2608 1965 Λὼτ
2642 1912 2954 1984 ἐξαρπάσας
2998 1911 3090 1965 τοῦ
3142 1911 3492 1984 ἐμπρησμοῦ.
3532 1914 3605 1967 Σὺ
3646 1907 3698 1965 εἷ
3740 1913 3769 1966 ὁ

2182 2004 2272 2057 τὸν
2330 2004 2580 2075 Ἀϐραάμ
2632 2005 2932 2075 ῥυσάμενος
2981 2005 3310 2077 προγονικῆς
3362 2004 3638 2068 ἀσεϐείας,
3674 2004 3768 2058 καὶ

2184 2095 2515 2167 κληρονόμον
2542 2095 2635 2148 τοῦ
2670 2096 2873 2167 κόσμου
2903 2097 3273 2168 καταστήσας,
3326 2096 3419 2152 καὶ
3466 2094 3769 2166 ἐμφανίσας

2183 2188 2447 2259 αὐτῷντὸν
2488 2188 2719 2259 Χριστόν
2751 2205 2864 2241 σου.
2903 2186 2966 2240 '0
2995 2188 3085 2241 τὸν
3129 2186 3483 2258 Μελχισεδὲκ,
3512 2186 3769 2259 ἀρχιερέα

2182 2280 2281 2350 τῆς
2317 2279 2572 2351 λατρείας
2595 2266 3098 2352 προχειρισάμενος.
3117 2275 3176 2333 ’0
3196 2280 3285 2333 τὸν
3318 2279 3653 2333 πολύτλαντα
3680 2278 3769 2333 θε-

2185 2372 2427 2442 ράποντά
2454 2389 2547 2425 σου
2588 2372 2707 2424 Ἰὼϐ
2735 2372 2960 2443 νικητὴν
2981 2370 3075 2423 τοῦ
3106 2369 3413 2441 ἀρχεκάκου
3443 2371 3619 2439 ὄφεως
3645 2371 3769 2425 ἀνα-

2181 2463 2375 2528 δείξας.
2421 2466 2478 2517 ὐ
2513 2465 2604 2517 τὸν
2650 2458 2834 2517 Ἰσαὰκ
2874 2463 3204 2532 ἐπαγγελίας
3233 2464 3347 2515 υἱὸν
3378 2462 3763 2534 ποιησάμενος

2181 2557 2209 2608 ὁ
2233 2556 2324 2608 τὸν
2359 2554 2550 2609 Ἰακὼϐ
2581 2556 2792 2626 πατέρα
2824 2554 3030 2607 δώδεκα
3055 2555 3279 2619 παίδων,
3314 2556 3407 2608 καὶ
3435 2556 3564 2619 τοὺς
3590 2553 3650 2619 ἐξ
3677 2556 3768 2608 αὑ-

2180 2644 2273 2699 τοῦ
2303 2649 2381 2710 είς
2410 2646 2613 2719 πλῆθος
2642 2647 2791 2717 χέας,
2823 2647 2917 2699 καὶ
2946 2645 3253 2717 εἰσαγαγὼν
3286 2648 3366 2710 είς
3396 2646 3667 2715 Αἴγυπτον
3708 2647 3767 2699 ἐν

2182 2737 2546 2809 ἐϐδομήκοντα
2591 2738 2751 2805 πέντε
2792 2736 3007 2807 ψυχαῖς.
3048 2738 3119 2790 Σὺ
3156 2734 3349 2808 Κύριε,
3404 2732 3625 2809 Ἰωσὴφ

2180 2830 2278 2899 οὐχ
2308 2830 2604 2900 ὑπερεῖδες
2639 2828 2773 2881 ἀλλά
2810 2828 2998 2899 μισθὸν
3028 2829 3127 2899 τῆς
3170 2827 3257 2881 διὰ
3306 2829 3364 2881 σέ
3413 2828 3767 2901 σωφροσύνης

2181 2920 2383 2983 ἔδωκας
2423 2919 2570 2990 αὐτῷ
2607 2920 2667 2972 τὸ
2694 2920 2801 2972 τῶν
2840 2920 3149 2987 Αἰγυπτίων
3195 2920 3401 2991 ἄρχειν.
3443 2920 3517 2973 Σὺ
3565 2919 3764 2992 Κύριε,

2192 3011 2473 3083 Ἐϐραίους
2516 3012 2620 3064 ὑπὸ
2670 3011 2985 3079 Αἰγυπτίων
3022 3011 3524 3082 καταπονουμένους
3559 3011 3622 3065 οὐ
3664 3028 3766 3064 πε-

2106 3149 2147 3206 C
2184 3103 2403 3173 ριεῖδες,
2442 3102 2528 3157 διὰ
2555 3103 2655 3166 τάς
2694 3103 2830 3173 πρὸς
2867 3104 2993 3165 τοὺς
3034 3103 3276 3174 πατέρας
3310 3102 3767 3172 αὑτῶψέπαγγε-

2181 3194 2314 3258 λίας·
2359 3195 2470 3248 ἀλλ’
2502 3194 2738 3267 ἐρρύσω,
2784 3194 3017 3259 κολάσας
3068 3194 3413 3263 Αἰγυπτίους.
3448 3193 3777 3267 Παραφθεια

2182 3287 2393 3359 ράντων
2431 3287 2488 3341 δὲ
2526 3286 2635 3340 τῶν
2679 3285 2979 3358 ἀνθρώπων
3021 3286 3111 3339 τὸν
3156 3285 3381 3354 φυσικὸν
3423 3284 3620 3357 νόμον,
3668 3286 3769 3339 καὶ

2177 3380 2277 3452 τὴν
2322 3378 2519 3442 κτίσιν,
2566 3378 2696 3431 ποτέ
2747 3378 2842 3448 μὲν
2873 3376 3178 3447 αὐτόματον
3225 3375 3591 3449 νομισάντων,
3630 3375 3768 3431 ποτὶ

2177 3471 2233 3525 δέ
2278 3470 2457 3525 πλεῖον
2494 3469 2527 3541 ἢ
2567 3468 2646 3522 δεῖ
2695 3468 3061 3541 τιμησάντων,
3094 3468 3188 3521 καὶ
3240 3468 3327 3521 σοὶ
3361 3466 3444 3538 τῷ
3483 3465 3604 3539 Θεῷ
3646 3466 3767 3523 τῶν

2178 3563 2392 3616 πάντων
2424 3559 2841 3613 συνταττόντων·
2874 3561 2974 3613 οὐκ
3004 3559 3188 3621 εἴασας
3234 3558 3568 3626 πλανᾶσθαιῖ,
3623 3556 3768 3612 ἀλλά

2177 3652 2454 3719 ἀναδείξας
2480 3652 2570 3705 τὸν
2601 3650 2753 3719 ἆγιόν
2777 3668 2866 3703 σου
2892 3650 3195 3721 θεράποντα
3223 3650 3481 3721 Μωῦσῆν,
3503 3649 3571 3704 δι’
3593 3648 3767 3703 αὐτοῦ

2177 3746 2314 3818 πρὸς
2347 3744 2597 3816 βοήθειαν
2624 3742 2719 3795 τοῦ
2750 3742 2979 3811 φυσικοῦ
3014 3743 3105 3796 τὸν
3138 3740 3379 3813 γραπτὸν
3409 3740 3572 3812 νόμον
3605 3739 3769 3796 δέδωι

2176 3857 2298 3904 κας,
2331 3838 2425 3891 καὶ
2456 3836 2553 3908 τὴν
2597 3836 2773 3890 κτίσιν
2814 3834 3017 3901 ἐδειξας
3060 3834 3149 3887 σὺν
3180 3834 3339 3905 ἔργον
3384 3826 3545 3899 εῖναι,
3568 3831 3685 3904 τὴν⁹
3704 3829 3765 3885 δὲ

2177 3930 2434 3985 πολύΘεΟν
2463 3928 2669 3998 πλάνην
2715 3926 3001 3998 ἐξώρισας.
3040 3926 3143 3979 Τὸν
3192 3923 3396 3996 Ἀαρὼν
3426 3923 3675 3988 καὶτοὺς
3701 3918 3768 3990 ἐξ

2176 4021 2339 4076 αὐτοῦ
2372 4022 2620 4093 ἱερατικῇ
2664 4022 2799 4090 τιμῇ
2841 4017 3117 4082 ἐδόξασας·
3156 4016 3441 4087 Ἑϐραίους
3490 4014 3769 4086 ἁμαρτόν-

2173 4132 2271 4177 τας
2312 4113 2605 4177 ἐκόλασας,
2652 4110 3075 4182 ἐπιστρέφοντας
3138 4107 3330 4173 ἐδέξω·
3381 4106 3506 4170 τοὺς
3544 4106 3762 4175 Αιγυπ-

2172 4208 2320 4270 τίους
2350 4204 2675 4275 δεκαπλήγῳ
2713 4203 3060 4274 ἐτιμωρήσωο
3096 4199 3367 4254 θάλασσαν
3401 4196 3612 4265 διελὼν,
3657 4197 3771 4253 Ἰσ-

2177 4298 2432 4371 ραηλίτας
2473 4296 2802 4358 διεϐίϐασαςο
2838 4293 3164 4363 Αἰγυπτίους
3203 4289 3591 4357 ἐπιδιώξαντας
3620 4291 3769 4345 ὑπο-

2173 4389 2427 4462 ϐρυχίους
2465 4386 2751 4450 ἀπώλεσας
2976 4384 3115 4455 ξύλῳ
3175 4383 3368 4454 πικρὸν
3410 4381 3555 4453 ὕδωρ
3594 4380 3770 4452 ἐγλΰ-

1597 4490 1661 4529 ex
1722 4484 1876 4545 petra
1932 4475 2068 4531 dura

2181 4498 2361 4544 κανας·
2403 4482 2467 4533 ἐκ
2502 4479 2705 4549 πέτρας
2743 4477 3047 4549 ἀκροτόμου
3094 4475 3239 4547 ὕδωρ
3274 4474 3521 4545 ἀνέχεας*
3559 4470 3767 4537 ἐξτοὺ-

2177 4571 2335 4644 ρανοῦ
2369 4571 2429 4624 τὸ
2477 4571 2650 4642 μάννα
2683 4564 2839 4632 ῦσας·
2882 4570 3087 4640 τροφὴν
3130 4567 3188 4634 ἐξ
3231 4566 3392 4639 ἀέρος
3443 4565 3771 4637 ὀρτυγομή-

2169 4681 2324 4736 τραν·
2362 4663 2549 4716 στῦλον
2594 4662 2764 4733 πυρὸς
2794 4662 2891 4731 τὴν
2924 4661 3094 4714 νύκτα
3143 4659 3280 4731 πρὸς
3325 4657 3623 4729 φωτισμὸν,
3662 4658 3771 4712 καὶ

2172 4738 2359 4809 στῦλον
2383 4756 2609 4827 νεφέλης
2638 4755 2850 4826 ἡμέραν
2876 4754 3011 4825 πρὸς
3054 4751 3320 4821 σκιασμὸν
3352 4750 3611 4814 θάλπους.
3649 4746 3772 4804 Τδν
3836 4738 3841 4795 Ῑ

2184 4848 2386 4918 Ἰησοῦν
2426 4848 2727 4920 στρατηγὸν
2770 4845 3068 4911 ἀναδείξας,
3101 4843 3240 4897 ἐπτά
3277 4842 3403 4915 ἐθνη
3429 4841 3770 4897 Χαναναίων

2168 4941 2231 4993 δι’
2264 4940 2426 4994 αὑτοῦ
2461 4940 2730 5005 καθεῖλες,
2776 4937 3042 5008 Ἰορδάνην
3085 4921 3393 5009 διέρῤηξας,
3424 4936 3553 4999 τοὺς
3581 4950 3770 4987 ποτα-

2166 5035 2299 5103 μοὺς
2341 5032 2519 5103 Ἠθάμ
2558 5032 2854 5103 ἐξήρανας,
2901 5028 3057 5099 τείχη
3091 5027 3425 5099 κατέρῤιψας
3471 5024 3583 5097 (56)
3621 5024 3769 5080 ἄνευ

1963 5167 2031 5198 ¹⁰⁰
2069 5166 2204 5222 Gen.
2236 5185 2312 5232 vr,
2337 5185 2442 5233 vn;
2474 5166 2493 5219 Ι
2523 5165 2674 5221 Petr.
2711 5179 2797 5228 ιιι,
2850 5164 2940 5217 20.
2998 5164 3035 5233 7’
3064 5160 3198 5217 Gen.
3234 5177 3372 5233 xui;
3422 5160 3557 5233 Sap.
3584 5159 3767 5233 _x,_§.

2923 5236 2942 5264 '
2979 5232 3115 5287 Gen.
3152 5247 3297 5295 xLVt,
3325 5228 3396 5285 2‘7
3417 5228 3563 5303 apud
3584 5228 3765 5285 LXX;

1788 5454 2155 5540 vanionuu
2198 5482 2435 5539 NOTJE.

493 5614 680 5738 Clgi)
734 5617 973 5686 Ἰωσήφ.
1006 5617 1196 5673 Melius
1236 5620 1327 5671 τὸν
1376 5619 1591 5690 Ἰωσήφ,
1634 5619 1687 5671 in
1746 5617 1868 5672 cod.
1902 5616 2062 5672 Vind.

571 5755 681 5823 (55)
733 5756 1093 5822 Ἀπώλεσας.
1150 5757 1463 5819 Ἑκόλασας,
1494 5758 1555 5811 C.
1583 5756 1650 5811 V.
1695 5759 1875 5811 minus
1908 5757 2065 5822 bene,

492 5837 623 5893 ‘cum
648 5823 885 5898 Egyptii
915 5841 1025 5881 non
1053 5842 1242 5895 minas
1273 5834 1484 5881 tantum
1512 5826 1783 5895 dederint,
1802 5827 1947 5897 quod
1977 5842 2069 5884 su-

2175 5615 2495 5698 perstitibus
2543 5614 2719 5683 potuit
2763 5613 3099 5681 contingere,
3142 5612 3235 5667 sed
3287 5610 3537 5669 funditus
3570 5612 3770 5683 perie-

2174 5686 2789 5825 Πῐξέϋἒῡίίίιαινέῥῤιιίοιιιςἒ
2807 5751 2970 5807 Recte
2996 5750 3236 5825 quidem,
3262 5751 3356 5809 sed
3385 5768 3485 5809 nec
3517 5752 3667 5808 male
3704 5755 3771 5813 in

2176 5821 2296 5885 cod.
2327 5821 2483 5882 Vind.
2511 5821 2856 5896 κατέρρηξας
2881 5821 3183 5893 pet-rupis“.
3211 5821 3287 5880 In.
