4062 6258
264 3941 279 4027 l

248 5389 253 5455 ξ
340 5389 667 5461 προσηλώθη
688 5392 715 5442 ὁ
736 5391 969 5463 ἀπαθὴς,
994 5395 1085 5447 καὶ
1110 5394 1375 5448 ἀπέθανεν
1404 5396 1431 5447 6
1461 5398 1526 5467 τῇ
1554 5394 1927 5464 φύσειάθάνα-

327 381 456 435 1101

1178 375 1775 435 CONSTITUTIONES
1811 372 2360 430 APOSTDLleE.—
2394 371 2521 426 LIB.
2563 372 2699 428 Vill.

3451 369 3585 425 1102

322 494 733 568 μηχανημάτων
770 493 863 548 καὶ
895 492 1073 565 χειρὸς
1110 492 1472 565 ἀνθρωπίνης.
1519 491 1688 562 ’Υπὲρ
1730 491 1902 544 ἀπάν-

2012 489 2126 543 vios
2150 488 2325 541 Ethan
2357 489 2634 553 siccasti',
2663 503 2847 542 muros
2877 488 3221 558 prostravisti
3239 488 3446 557 absque
3478 505 3587 541 ma-

323 604 431 642 των
464 605 546 642 σοι
586 590 619 658 ὴ
661 587 803 651 δόξα,
846 587 1089 640 Δέσποτα
1134 586 1530 657 παντόκρατορ.
1564 586 1652 644 Σὲ,
1673 601 1913 656 προσκυ-

324 680 507 734 νοῦσιν
549 678 840 750 ἀνάριθμοι
890 680 1143 750 στρατιαὶ
1193 678 1474 747 ἀγγέλων,
1528 678 1908 749 ἀρχαγγέλων,

325 772 558 844 θρόνων,
610 771 968 842 κυριοτήτων,
1021 769 1227 841 ἀρχῶν,
1276 770 1554 835 ἐξουσιῶν,
1605 768 1908 839 δυνάμεων,

326 863 610 935 στρατιῶν,
641 861 875 915 αἰώνων
906 862 975 916 τά
1006 862 1294 934 χερουϐὶμ,
1328 864 1422 916 καὶ
1452 863 1522 915 τά
1567 860 1913 933 έξαπτέρυγα

326 956 586 1026 σεραφὶμ,
613 957 732 1018 ταῖς
768 956 870 1025 μὲν
898 955 1018 1007 δυσὶ
1048 954 1532 1007 κατακαλύπτοντα
1558 954 1685 1016 τοὺς
1722 953 1909 1019 πόδας,

321 1050 439 1109 ταῖς
466 1046 522 1099 δὲ
546 1046 666 1098 δυσὶ
697 1046 795 1109 τὰς
825 1045 1083 1115 κεφαλὰς,
1105 1049 1223 1109 ταῖς
1247 1046 1303 1098 δὲ
1330 1046 1451 1098 δυσὶ
1484 1045 1781 1115 πετόμενα,
1816 1045 1912 1098 καὶ

323 1138 567 1206 λέγοντα,
601 1137 719 1208 ἅμα
754 1137 953 1207 χιλίαις
994 1137 1230 1207 χιλιάσιν
1268 1136 1646 1209 ἀρχαγγέλων,
1692 1137 1786 1189 καὶ
1818 1153 1914 1206 μυ-

326 1232 467 1302 ρίαις
518 1231 774 1302 μυριάσιν
811 1228 1080 1297 ἀγγέλων,
1110 1228 1550 1291 ἀκαταπαύστως
1581 1228 1676 1281 καὶ
1712 1227 1911 1297 ἀσιγή-

323 1342 431 1387 τως
466 1321 719 1393 βοώσαιςο
753 1322 845 1374 καὶ
885 1323 993 1383 πᾶς
1024 1324 1052 1373 6
1080 1319 1207 1383 λαὸς
1239 1321 1355 1391 ἅμα
1385 1320 1612 1373 εἰπάτω
1650 1341 1668 1371 ι
1700 1320 1909 1388 Ἄγιος,

324 1416 495 1484 ἅγιος,
524 1414 701 1483 ἆγιος,
734 1415 937 1484 Κύριος
976 1412 1223 1466 Σαϐαὼθ·
1260 1413 1470 1484 πλήρης
1501 1414 1529 1465 6
1559 1411 1789 1483 οὐρανὸς
1819 1412 1913 1465 καὶ

324 1508 588 1579 ἡγῆτῆς
630 1505 789 1576 δόξης
825 1505 1013 1558 αὐτοῦ’
1058 1503 1349 1575 εὐλογητὸς
1390 1507 1471 1568 είς
1514 1505 1640 1567 τοὺς
1687 1492 1907 1567 αἰῶνας.

336 1601 526 1672 Ἀμήν.
551 1621 569 1651 ι
605 1600 715 1653 Καὶ
743 1601 770 1652 6
802 1599 1089 1671 ἀρχιερεὺς
1118 1597 1245 1667 ἐξῆς
1270 1596 1493 1665 λεγέτω’
1524 1595 1711 1666 Ἀγιος
1730 1596 1839 1669 γὰρ
1863 1594 1915 1650 εἴ

324 1694 397 1756 ὼς
444 1690 690 1763 ἀληθῶς,
730 1692 823 1744 καὶ⁹
868 1691 1159 1758 πανάγιος,
1206 1688 1426 1758 ὕψιστος
1467 1689 1560 1742 καὶ
1603 1689 1911 1759 ὐπερυψού-

2013 580 2195 635 chinis
2235 587 2289 634 et
2336 580 2544 649 absque
2590 594 2754 633 manu
2806 580 3043 635 humana
3070 581 3133 635 ¹⁰.
3170 579 3276 634 Pro
3327 582 3585 636 omnibus

2010 672 2109 726 tibi
2140 672 2334 742 gloria,
2366 670 2595 726 Domine
2626 674 2991 742 omnipotens.
3017 673 3058 703 ¹¹
3090 671 3167 727 Te
3220 672 3452 728 adorant
3500 674 3587 728 in-

2010 765 2375 819 numerabiles
2438 765 2607 833 copize
2678 766 3029 835 angelorum,
3087 765 3583 835 archangelorum,

2010 860 2368 921 thronorum,
2420 857 2886 924 dominationum,
2938 859 3374 928 principatuum,
3430 866 3588 928 pote-

2014 958 2253 1014 statum,
2302 950 2601 1013 virtutum,
2657 950 3030 1014 exercituum,
3097 950 3419 1005 saeculorum
3490 964 3588 1003 seu

2011 1051 2379 1107 aeternorum;
2428 1050 2483 1096 et
2531 1042 2861 1109 cberubini;
2917 1044 3045 1098 item
3108 1043 3387 1111 seraphini
3439 1041 3588 1097 senis

2013 1138 2116 1192 alis
2165 1134 2410 1205 praediti,
2460 1136 2606 1190 binis
2649 1137 2868 1205 quidem
2918 1137 3161 1191 velantes
3213 1135 3378 1205 pedes
3425 1149 3587 1197 suos,

2011 1230 2158 1284 binis
2193 1243 2324 1282 vero
2367 1228 2582 1297 capita,
2630 1235 2683 1282 et
2726 1228 2940 1283 duabus
2983 1229 3105 1281 aliis
3148 1230 3399 1282 volantes
3428 1228 3493 1291 η,
3526 1242 3591 1280 ac

2012 1321 2259 1375 dicentes
2291 1334 2395 1373 una
2428 1335 2553 1373 cum
2590 1320 2735 1373 mille
2768 1319 3009 1373 millibus
3055 1319 3505 1389 archangelorum
3537 1328 3592 1373 et

2010 1412 2171 1468 denis
2205 1413 2448 1467 millibus
2474 1411 2673 1466 denum
2711 1413 2943 1465 millium
2984 1413 3302 1481 angelorum
3332 1412 3396 1476 ¹³,
3438 1412 3593 1467 inde-

2014 1506 2257 1561 sinenter
2295 1521 2358 1560 ac
2418 1506 2537 1560 siue
2574 1506 2727 1559 vocis
2780 1505 3185 1559 intermissione
3225 1505 3593 1559 clamantibus

2014 1596 2091 1669 (et
2120 1600 2298 1655 omnis
2328 1600 2561 1669 populus
2586 1597 2747 1653 simul
2771 1596 2937 1665 dicat)
2964 1616 2977 1651 :
3016 1616 3033 1646 ι
3061 1596 3317 1660 Sanctus,
3346 1607 3592 1660 sanctus,

2015 1700 2272 1755 sanctus,
2327 1690 2593 1744 Dominus
2651 1688 2938 1743 Sabaoth:
2986 1688 3129 1757 pleni
3182 1696 3312 1742 sunt
3360 1689 3487 1742 coeli
3539 1696 3595 1743 et

327 1802 481 1855 μενος
512 1787 591 1847 είς
621 1785 747 1847 τοὺς
768 1782 985 1845 αἰῶνας.
1012 1783 1198 1850 Ἀγιος
1227 1782 1283 1834 δέ
1313 1782 1406 1835 καὶ
1431 1784 1459 1834 6
1493 1782 1785 1853 μονογενής
1817 1798 1909 1834 σου

2016 1792 2162 1839 terra
2190 1782 2364 1854 gloria
2399 1782 2518 1851 ejus
2545 1799 2559 1835 :
2594 1780 2921 1835 Benedictus
2953 1779 3008 1833 in
3040 1781 3259 1834 saecula.
3285 1780 3457 1833 Amen
3482 1781 3545 1834 η.
3568 1800 3587 1831 ι

315 1851 438 1941 Ῠὶὸς
460 1880 489 1931 6
517 1877 719 1949 Κύριος
752 1876 911 1947 ἡμῶν
949 1877 1043 1929 καὶ
1083 1876 1215 1939 Θεὸς
1256 1874 1463 1946 Ἰησοῦς
1554 1876 1808 1947 Χριστός·
1850 1876 1910 1938 ὃς

2014 1877 2080 1930 Ει
2108 1851 2353 1945 pontifex
2381 1884 2572 1955 postea
2602 1874 2751 1929 dicat
2778 1892 2791 1927 :
2830 1872 3067 1927 Sanctus
3089 1873 3235 1926 enim
3262 1887 3387 1927 vere
3414 1887 3496 1937 es,
3530 1886 3597 1927 ac

323 1973 403 2035 εἰς
444 1971 617 2023 πάντα
671 1969 1157 2042 ὑπηρετησάμενός
1204 1985 1285 2022 σοι
1337 1969 1415 2039 τῷ
1468 1968 1587 2039 Θεῷ
1619 1968 1783 2021 αὐτοῦ
1814 1970 1909 2021 καὶ

2014 1971 2419 2031 sanctissimus,
2460 1967 2764 2022 altissimus
2808 1974 2861 2020 et
2897 1965 3335 2034 superexaltatus
3386 1964 3442 2017 in
3492 1978 3596 2017 sm-

323 2063 515 2133 Πατρὶ,
532 2062 683 2130 είςίτε
704 2062 1061 2133 δημιουργίαν
1089 2062 1363 2133 διάφορον,
1389 2062 1484 2114 καὶ
1508 2060 1761 2132 πρόνοιαν
1788 2077 1909 2114 κατ-

324 2154 574 2225 άλληλον,
602 2154 663 2207 οὐ
697 2154 931 2226 περιεῖδε
966 2152 1028 2206 τὸ
1052 2153 1209 2222 γένος
1252 2154 1359 2207 τῶν
1401 2154 1702 2226 ἀνθρώπων
1738 2155 1908 2208 ἀπολ-

321 2248 568 2319 λύμενον,
615 2245 749 2299 ἀλλά
802 2244 941 2317 μετά
990 2245 1218 2315 φυσικὸν
1260 2245 1453 2316 νόμον,
1488 2245 1626 2316 μετά
1678 2246 1908 2317 νομικὴν

322 2338 662 2411 παραίνεσιν,
710 2336 848 2407 μετά
908 2338 1279 2408 προφητικούς
1326 2336 1611 2407 ἐλέγχους,
1665 2341 1761 2392 καὶ
1809 2339 1909 2403 τὰς

320 2432 427 2485 τῶν
494 2430 741 2499 ἀγγέλων
802 2428 1138 2494 ἐπιστασίας,
1179 2428 1658 2501 παραφθειρόντων
1696 2432 1791 2485 σὺν
1830 2431 1908 2502 τῷ

323 2523 460 2594 θετῷ
506 2524 604 2577 καὶ
636 2522 725 2575 τὸν
758 2522 985 2590 φυσικὸν
1028 2520 1221 2590 νόμον,
1268 2522 1362 2574 καὶ
1402 2521 1503 2590 τῆς
1555 2523 1774 2593 μνήμης
1816 2525 1907 2575 ἐκ-

322 2616 624 2670 ϐαλλόντων
669 2615 761 2667 τὸν
815 2614 1217 2684 κατακλυσμὸν,
1257 2616 1357 2686 τὴν
1414 2614 1757 2685 ἐκπύρωσιν,
1807 2616 1908 2679 τάς

322 2712 441 2763 κατ’
466 2706 777 2776 Αἰγυπτίων
807 2706 1040 2777 πληγάς,
1070 2707 1168 2770 τὰς
1198 2706 1339 2760 κατά
1369 2706 1755 2777 Παλαιστηνῶν
1781 2726 1909 2777 σφα-

321 2800 455 2869 γάς,
489 2800 585 2853 καὶ
622 2798 919 2869 μελλόντων
967 2799 1090 2853 ὅσον
1126 2799 1337 2852 οὐδέπω
1388 2799 1722 2853 ἀπόλλυσθαι
1769 2800 1906 2853 πάν-

323 2910 450 2957 των,
497 2892 783 2961 εὐδόκησεν
829 2892 989 2954 αὐτὸς
1028 2889 1219 2962 γνώμῃ
1263 2894 1329 2963 σῇ
1366 2894 1394 2945 6
1431 2891 1765 2962 δημιουργὸς
1813 2893 1907 2946 ἀν-

324 2982 563 3055 θρώπου,
609 2982 890 3054 ἄνθρωπος
938 2983 1219 3051 γενέσθαι,
1256 2984 1284 3037 6
1324 2984 1622 3055 νομοθέτης
1666 2984 1772 3038 ὐπὸ
1819 2985 1906 3039 νὶ-

325 3092 479 3147 μους,
520 3077 549 3128 6
580 3076 866 3147 ἀρχιερεὺς
916 3076 1129 3146 ίερείον,
1163 3076 1192 3128 6
1232 3077 1434 3147 ποιμὴν
1479 3076 1768 3148 πρόϐατον,
1813 3079 1908 3131 καὶ⁹

2011 2064 2155 2118 cula.
2190 2061 2430 2116 Sanctus
2475 2075 2696 2130 quoque
2749 2058 3065 2129 unigenitus
3096 2064 3223 2111 tuus
3257 2056 3451 2121 Filius,
3486 2055 3597 2110 Do-

2010 2156 2194 2209 minus
2228 2164 2414 2211 noster
2442 2161 2496 2207 et
2526 2152 2689 2214 Deus,
2722 2149 2884 2205 Jesus
2924 2149 3218 2215 Christus;
3250 2148 3346 2218 qui
3380 2148 3448 2202 ad
3476 2162 3595 2205 orn-.-

2010 2247 2105 2300 nia
2144 2246 2241 2301 tibi
2271 2245 2381 2301 Deo
2415 2259 2516 2299 suo
2547 2252 2602 2299 et
2638 2241 2825 2307 Patri»,
2864 2251 2981 2295 tum
3026 2240 3084 2294 in
3112 2241 3265 2294 varia
3295 2240 3593 2305 creatione,

2010 2346 2127 2393 tum
2176 2338 2234 2391 in
2281 2336 2627 2406 providentia
2678 2333 3065 2398 convenienti,
3106 2332 3451 2394 ministrans,
3484 2346 3597 2385 non

2009 2430 2260 2501 despexit
2293 2444 2465 2500 genus
2510 2426 2810 2481 humanum
2852 2426 2997 2497 quod
3046 2425 3298 2495 peribat:
3335 2423 3431 2480 sed
3474 2431 3599 2493 post

2010 2525 2318 2579 naturalem
2349 2524 2543 2593 legem,
2574 2530 2697 2592 post
2722 2521 2949 2591 legalem
2982 2519 3436 2583 admonitionem,
3465 2524 3594 2587 post

2008 2616 2356 2687 propheticas
2411 2614 2900 2684 reprehensiones,
2938 2620 2992 2667 et
3038 2612 3355 2682 angelorum
3403 2609 3599 2680 praefe-

2010 2722 2231 2777 cturas;
2263 2724 2390 2763 cum
2422 2707 2594 2779 legem
2624 2707 2929 2762 naturalem
2965 2720 3072 2760 una
3100 2720 3225 2759 cum
3256 2701 3371 2772 lege
3394 2703 3599 2772 scripta

2010 2818 2106 2857 seu
2156 2803 2334 2873 posita
2382 2802 2689 2865 violarent,
2736 2807 2900 2869 atque
2930 2815 2960 2853 e
2990 2798 3254 2852 memoria
3291 2796 3594 2881 abjicerent

2009 2896 2311 2961 diluvium,
2358 2894 2840 2964 conflagrationem
2915 2889 3342 2951 Sodomiticam,
3405 2887 3597 2956 plagas

2011 2989 2300 3059 Egyptiis,
2344 2996 2399 3043 et
2427 2987 2605 3041 caedes
2638 2984 2943 3039 Palaastinis
2978 2983 3177 3044 illatas,
3234 2994 3471 3049 cumque
3521 2977 3591 3029 il-

2010 3082 2118 3136 lico
2168 3080 2397 3151 perituri
2430 3087 2613 3136 essent
2661 3092 2881 3144 omnes;
2929 3092 2993 3131 ex
3042 3074 3311 3131 sententia
3342 3080 3434 3125 tua
3483 3070 3600 3140 ipse

323 3166 703 3238 ἐξευμενίσατό
724 3185 783 3220 σε
812 3167 902 3220 τὸν
931 3166 1124 3220 ἑαυτοῦ
1152 3166 1282 3220 Θεὸν
1310 3169 1404 3221 καὶ
1429 3168 1671 3241 Πατέρα,
1704 3170 1799 3224 καί
1826 3170 1904 3242 τῷ

2012 3174 2193 3244 elegit,
2223 3180 2442 3226 creator
2474 3171 2738 3235 hominis,
2774 3170 2938 3224 homo
2968 3169 3115 3235 fieri;
3162 3168 3463 3239 legislator,
3496 3166 3599 3219 sub

325 3260 515 3331 κόσμῳ
556 3258 874 3331 κατήλλαξε,
923 3258 1018 3313 καὶ
1052 3260 1149 3331 τῆς
1190 3262 1541 3333 ἐπικειμένης
1579 3262 1747 3333 ὀργῆς
1782 3263 1909 3325 τούς

326 3353 534 3415 πάντας
570 3352 929 3424 ἠλευθέρωσε,
979 3353 1268 3423 γενόμενος
1314 3354 1379 3405 ἐκ
1411 3355 1713 3426 παρθένου,
1759 3354 1912 3424 γενό-

330 3462 488 3518 μενος
525 3447 582 3498 ἐν
628 3446 810 3517 σαρκὶ,
843 3448 872 3499 6
906 3446 1037 3509 Θεὸς
1068 3446 1258 3514 Λόγος,
1303 3448 1331 3499 6
1364 3446 1647 3517 ἀγαπητὸς
1686 3447 1836 3513 Υίὸς,
1884 3449 1913 3500 6

327 3537 670 3608 πρωτότοκος
716 3536 897 3607 πάσης
945 3536 1195 3600 κτίσεως,
1242 3536 1383 3590 κατά
1420 3538 1520 3601 τὰς
1566 3538 1697 3609 περὶ
1746 3539 1910 3592 αὐτοῦ

326 3631 419 3684 ὐπ’
460 3628 624 3682 αὐτοῦ
666 3628 1068 3700 προῤῥηθείσας
1110 3628 1449 3699 προφητείας
1494 3629 1559 3682 ἐκ
1599 3629 1913 3701 σπέρματος

323 3721 506 3788 Δαϐὶδ,
535 3721 630 3773 καὶ
668 3720 939 3790 Ἀϐραὰμ,
988 3720 1158 3791 φυλῆς
1220 3721 1407 3774 Ἰούδαο
1459 3722 1554 3775 καὶ
1584 3723 1807 3791 γέγονεν
1853 3722 1912 3777 ἐν

329 3816 514 3886 μήτρᾳ
551 3812 816 3883 παρθένου
858 3815 885 3865 6
927 3812 1271 3867 διαπλάσσων
1308 3814 1516 3878 πάντας
1554 3817 1681 3879 τοὺς
1709 3832 1911 3884 γεννω-

329 3905 545 3977 μένους,
570 3906 661 3958 καί
687 3903 1079 3976 ἐνεσαρκώθηό
1100 3907 1360 3977 ἄσαρκος,
1389 3910 1417 3961 6
1448 3908 1694 3980 ἀχρόνως
1722 3926 1914 3980 γεννη-

327 3997 445 4059 θεὶς
480 3998 537 4049 ἐν
575 3996 750 4068 χρόνῳ
780 3996 1089 4067 γεγένηταιο
1136 3999 1589 4071 πολιτευσάμενος
1626 4001 1788 4065 ὁσίως
1820 4003 1915 4055 καὶ

329 4088 627 4151 παιδεύσας
670 4088 963 4160 ἐνθέσμως,
999 4092 1179 4145 πᾶσαν
1210 4092 1362 4145 νόσον
1404 4094 1499 4147 καλ⁸
1532 4095 1711 4147 πᾶσαν
1742 4094 1916 4165 μαλα-

328 4182 456 4237 κίαν
484 4181 545 4246 ἐξ
572 4181 873 4253 ἀνθρώπων
918 4181 1215 4251 ἀπελάσας,
1257 4188 1459 4257 σημεῖά
1489 4204 1549 4238 τε
1588 4186 1682 4240 καὶ
1711 4188 1916 4260 τέρατα

329 4276 389 4329 ἐν
415 4275 494 4346 τῷ
520 4274 634 4347 λαῷ
666 4278 915 4347 ποιήσαςο
950 4278 1156 4348 τροφῆς
1186 4280 1280 4331 καὶ
1308 4279 1473 4333 ποτοῦ
1505 4280 1598 4333 καὶ
1624 4278 1793 4333 ὖπνου
1829 4298 1917 4352 με·

329 4368 598 4435 ταλαϐὼν,
632 4371 660 4423 6
692 4369 908 4441 τρέφων
947 4370 1156 4435 πάντας
1194 4374 1320 4435 τοὺς
1349 4372 1649 4443 χρῄζοντας
1684 4376 1912 4447 τροφῆς,

2014 3265 2261 3336 legibus;
2293 3264 2561 3335 pontifex,
2592 3264 2807 3329 hostia;
2840 3271 3048 3332 pastor,
3079 3261 3237 3325 ovis;
3271 3269 3324 3314 ct
3354 3267 3407 3314 te
3438 3273 3599 3313 suum

2013 3357 2183 3413 Deum
2234 3372 2300 3411 ac
2347 3356 2565 3411 Patrem
2624 3355 2863 3427 placavit
2917 3363 3081 3425 atque
3115 3352 3321 3407 mundo
3353 3351 3603 3405 reconci-

2013 3451 2187 3515 liavit,
2219 3461 2560 3521 cunetosque
2595 3450 2663 3505 ab
2703 3450 3023 3503 imminente
3064 3448 3145 3502 ira
3195 3445 3473 3508 liberavit,
3521 3442 3602 3496 fa-

2012 3550 2135 3597 ctus
2184 3557 2251 3597 ex
2285 3542 2516 3613 virgine,
2565 3541 2745 3597 factus
2794 3541 2853 3595 in
2899 3556 3088 3606 carne,
3144 3538 3288 3594 Deus
3328 3537 3599 3597 Verbum,

2014 3635 2247 3690 dilectus
2298 3633 2507 3698 Filius,
2548 3634 2947 3705 primogenitus
2994 3633 3176 3686 omnis
3216 3637 3505 3689 creaturae,
3548 3636 3604 3680 et

2015 3728 2318 3783 secundum
2353 3727 2671 3797 prophetias
2713 3727 2781 3781 ab
2828 3726 2949 3796 ipso
2994 3725 3063 3779 de
3094 3740 3153 3779 se
3184 3722 3472 3795 praedictas
3512 3732 3603 3771 or-

2014 3826 2104 3874 tus
2147 3834 2211 3875 ex
2259 3818 2467 3874 semine
2519 3818 2739 3873 Davidis
2782 3825 2837 3873 et
2885 3816 3184 3871 Abrahami
3233 3831 3297 3870 ae
3344 3813 3412 3868 de
3455 3810 3605 3864 tribu

2014 3910 2205 3969 Iudae:
2240 3911 2282 3941 “'
2313 3920 2368 3967 et
2400 3912 2578 3967 factus
2618 3921 2703 3966 est
2747 3912 2801 3964 in
2845 3918 3003 3964 utero
3036 3908 3297 3976 Virginis,
3338 3907 3606 3960 formator

2015 4007 2261 4061 omnium
2300 4007 2396 4078 qui
2424 4004 2754 4077 gignuntur;
2785 4003 3105 4056 incarnatus
3133 4010 3237 4064 est,
3284 4000 3377 4069 qui
3420 3996 3605 4051 carnis

2014 4115 2243 4170 expers;
2297 4098 2392 4171 qui
2450 4100 2572 4155 sine
2628 4109 2874 4168 tempore
2934 4096 3189 4169 genitus,
3244 4093 3300 4145 in
3363 4102 3608 4159 tempore

2014 4199 2179 4247 natus
2202 4200 2327 4247 est:
2358 4200 2547 4247 sancte
2581 4192 2737 4255 vixit,
2781 4200 2836 4245 et
2866 4190 3104 4261 legitime
3136 4185 3353 4254 docuit;
3385 4195 3604 4236 onmem

2017 4284 2268 4339 morbum
2329 4291 2385 4338 et
2452 4299 2669 4338 omnem
2729 4282 3104 4337 infirmitatem
3162 4281 3230 4334 ab
3288 4272 3606 4333 hominibus

2016 4377 2261 4445 expulit;
2331 4376 2488 4446 signa
2553 4384 2607 4431 et
2671 4376 2920 4446 prodigia
2989 4375 3045 4427 in
3113 4374 3314 4443 populo
3379 4369 3601 4424 edidit:

334 4462 429 4514 καὶ
449 4462 786 4543 ἐμπιμπλῶν
816 4464 924 4515 πᾶν
971 4462 1110 4527 ζῶον
1154 4464 1418 4529 εὐδοκίας
1459 4466 1768 4538 ἐφανέρωσέ
1818 4484 1911 4521 σου

2018 4468 2231 4536 cibum,
2288 4476 2506 4538 potum,
2562 4483 2816 4523 somnum
2893 4468 3038 4537 cepit
3090 4466 3169 4530 is,
3224 4465 3318 4535 qui
3373 4467 3605 4516 cunctos

331 4554 395 4607 τὸ
436 4540 607 4626 ὄνομα
647 4558 762 4618 τοῖς
802 4555 1269 4631 ἀγνωῦσινηαύτὸ,
1303 4559 1402 4629 τὴν
1445 4533 1665 4627 ἄγνοιαν
1712 4560 1911 4629 ἐφυγά-

2020 4563 2279 4617 alimento
2330 4561 2639 4633 indigentes
2689 4561 2897 4624 nutrit,
2938 4573 3208 4628 omneque
3258 4555 3460 4609 animal
3498 4553 3606 4606 im-

332 4647 508 4715 δευσε,
538 4649 637 4720 τὴν
677 4648 957 4703 εὐσέϐειαν
1003 4649 1430 4723 ἀνεζωπύρωσε,
1463 4653 1525 4705 τὸ
1564 4653 1775 4725 θέλημά
1822 4670 1911 4707 σου

2022 4654 2134 4726 plet
2179 4654 2521 4721 beneplacito
2552 4653 2594 4685 ¹⁶
2629 4669 2641 4706 :
2684 4652 3052 4708 manifestavit
3093 4665 3289 4705 nomen
3334 4658 3485 4701 tuum
3536 4644 3606 4697 iis

333 4740 639 4812 ἐπλήρωσε,
678 4741 741 4795 τὸ
771 4741 930 4813 ἔργον
962 4742 990 4795 ὃ
1033 4742 1239 4807 ἔδωκας
1271 4745 1418 4816 αὐτῷ
1463 4746 1765 4800 ἐτελείωσε.
1805 4747 1911 4801 Καὶ

2023 4747 2118 4817 qui
2170 4746 2306 4801 illud
2365 4748 2727 4817 ignorabant;
2788 4745 2998 4816 fugavit
3053 4742 3453 4814 ignorantiam;
3491 4737 3608 4806 pie—

335 4832 506 4886 ταῦτα
533 4834 709 4887 πάντα
737 4835 1109 4908 κατορθώσας,
1156 4838 1343 4909 χερσὶν
1389 4838 1603 4909 ἀνόμων
1647 4856 1911 4910 κατασχε-

2024 4848 2192 4895 tatem
2259 4840 2652 4906 exsuscitavit;
2710 4840 3048 4893 voluntatem
3112 4845 3259 4890 tuam
3323 4830 3606 4901 implevit;

337 4925 472 4989 θείς,
524 4928 715 4997 ἱερέων
756 4930 849 4983 καὶ
887 4930 1192 5001 ἀρχιερέων
1228 4930 1597 5002 ψευδωνύμων
1642 4931 1738 4985 καὶ
1788 4931 1911 4984 λαοῦ

2026 4950 2165 5006 opus
2204 4936 2351 5004 quod
2389 4934 2439 4989 ei
2478 4933 2709 4997 dedisti,
2752 4931 3155 4988 consummavit
3193 4930 3233 4959 ⁸⁷
3265 4948 3278 4983 :
3321 4936 3483 4996 atque
3520 4923 3608 4978 his

338 5017 679 5088 παρανόμου,
703 5019 961 5092 προδοσίᾳ
985 5020 1080 5074 τοῦ
1112 5022 1211 5093 τὴν
1232 5021 1430 5075 κακίαν
1457 5024 1802 5095 νοσήσαντος,
1826 5025 1911 5076 καὶ

2027 5027 2287 5082 omnibus
2322 5026 2555 5081 feliciter
2586 5026 2778 5096 gestis,
2811 5040 2907 5095 per
2931 5024 3297 5095 proditionem
3344 5020 3493 5072 illius
3514 5017 3607 5085 qui

340 5110 514 5164 πολλά
547 5110 737 5164 παθὼν
772 5115 861 5165 ὑπ’
882 5113 1079 5179 αὐτῶν,
1105 5115 1200 5169 καὶ
1229 5116 1408 5169 πᾶσαν
1440 5115 1661 5186 ἀτιμίαν
1685 5116 1911 5181 ὑποστάς

2030 5120 2253 5173 malitia:
2281 5119 2474 5173 morbo
2504 5118 2817 5189 languebat,
2847 5117 3276 5186 comprehensus
3318 5122 3402 5167 est
3435 5110 3608 5163 mania

343 5207 407 5274 σῇ
434 5206 797 5276 συγχωρήσει,
824 5206 1150 5277 παραδοθεὶς
1179 5207 1395 5279 Πιλάτῳ
1422 5207 1500 5278 τῷ
1542 5207 1801 5279 ἡγεμόνι,
1829 5211 1911 5262 καλ

2031 5211 2133 5266 bus
2163 5211 2582 5281 ﬂagitiosorum,
2609 5225 2804 5280 nempe
2837 5208 2978 5263 falso
3008 5209 3230 5262 nomine
3255 5203 3605 5276 gaudentium

342 5296 549 5367 κριθεὶς
573 5300 601 5349 6
625 5298 839 5369 κριτὴς,
875 5302 969 5353 καὶ
1002 5301 1357 5373 κατακριθεὶς
1380 5303 1409 5353 6
1442 5302 1664 5374 Σωτὴρ,
1706 5302 1911 5374 σταυρᾷ

2032 5305 2377 5359 sacerdotum
2410 5318 2474 5357 ac
2505 5304 2845 5372 pontificum,
2875 5310 2928 5356 et
2957 5301 3144 5371 populi
3180 5299 3353 5368 iniqui
3379 5313 3396 5359 ς
3437 5311 3467 5347 a
3488 5294 3604 5362 qui-

2031 5396 2133 5453 bus
2157 5397 2327 5452 multa
2357 5412 2554 5467 passus
2590 5403 2693 5460 est,
2724 5404 2777 5451 et
2803 5410 3020 5451 omnem
3044 5396 3085 5426 ¹⁸
3115 5391 3467 5465 ignominiam
3486 5403 3605 5443 sus-

401 5648 599 5733 tPsal.
626 5663 844 5733 uitaui:
876 5650 980 5733 '15.
1014 5731 1019 5733 Α
1082 5653 1139 5732 _‘°
1184 5654 1305 5733 los,
1348 5674 1425 5733 ιη.Δ
1457 5728 1496 5733 _
1537 5660 1578 5733 *f
1616 5659 1787 5733 lgnat.
1834 5661 1911 5717 int

2012 5664 2088 5719 οι.
2124 5665 2190 5719 ad
2221 5664 2387 5720 Trall.
2437 5665 2488 5718 5.
2605 5665 2646 5697 ¹²
2682 5663 2777 5719 Ιειιη
2824 5681 2899 5727 νι,
2942 5664 2997 5719 2.
3112 5664 3154 5695 ¹³
3190 5663 3323 5733 Dan.
3356 5676 3463 5725 vu,
3513 5660 3605 5715 10.

334 5717 381 5818 1:
415 5718 1327 5818 lia."ft:Elm‘ilgq‘ak‘linterpol.
1364 5730 1429 5784 ad
1456 5717 1757 5801 Tralli“);
1791 5734 1859 5790 ad
1896 5717 2013 5790 Sui.
2048 5717 2113 5801 li;
2144 5717 2209 5793 ad
2232 5717 2410 5808 Magn.
2438 5717 2524 5791 ll.
2608 5738 2649 5767 ¹⁶
2677 5717 2823 5793 ΡὟδίιι.
2847 5717 3025 5803 (ὲᾷιᾸγ,
3056 5736 3140 5791 16.
3222 5737 3260 5766 ’⁷
3290 5717 3606 5788 δυευίκγιι.

416 5791 584 5861 Ignat.
618 5792 814 5860 interp.
846 5794 910 5846 ad
940 5791 1107 5846 Trall.
1135 5796 1217 5849 10.
