4062 6258
515 344 652 399 1105

1347 342 1402 396 S.
1446 340 1843 396 CLEMENTIS
1873 341 1891 393 l
1930 340 2101 400 ROM.
2138 339 2339 397 PONT.
2381 339 2610 397 OPERA
2646 341 2874 399 DUBIA.

3622 350 3741 406 HM

503 460 691 525 tinuit,
725 458 999 526 permissu
1057 467 1187 524 tuo;
1221 458 1457 515 traditus
1486 466 1572 514 est
1616 456 1793 512 Pilato
1821 458 2038 526 praesidi
2070 476 2085 525 ;

2192 476 2302 523 τος,
2331 459 2427 512 καὶ
2452 459 2623 529 ὲτάφη
2653 459 2683 512 ό
2722 455 3003 522 ξωοποιὸς,
3038 458 3125 510 ἵνα
3155 456 3361 521 πάθους
3388 456 3519 530 λύσῃ
3547 463 3634 515 καὶ
3658 464 3743 517 θα-

498 551 780 618 judicatus
824 558 930 617 est,
970 551 1173 619 judcx;
1205 552 1601 606 condemnatus
1631 558 1736 615 est,
1784 549 2035 604 Salvator
2066 568 2081 616 ;

503 644 655 697 cruci
686 642 877 697 allixus
899 651 1005 709 est,
1037 644 1131 713 qui
1164 645 1272 714 pati
1313 660 1421 698 non
1455 650 1664 713 potest;
1700 655 1949 697 mortuus
1979 651 2082 706 est,

502 743 709 788 natura
742 737 1099 801 immortalis;
1146 737 1393 806 sepultus
1423 744 1529 799 est,
1572 736 1698 789 vitae
1728 736 1992 802 effector;
2025 743 2084 789 ut

410 870 413 871 ν
505 827 631 881 illos
661 838 883 897 propter
923 844 1064 898 quos
1116 828 1433 888 advenerat,
1465 843 1494 881 a
1537 828 1797 897 passione
1828 828 2083 893 solveret,

505 925 559 968 et
584 930 610 969 a
639 926 813 971 morte
836 916 1087 987 eriperet,
1119 927 1179 972 ut
1204 918 1405 973 diaboli
1438 916 1654 972 vincula
1687 928 1982 985 rumperet,
2013 915 2083 969 il-

507 1006 722 1076 liusque
753 1023 819 1062 ex
860 1008 1069 1063 fallacia
1102 1010 1356 1065 liberaret
1386 1010 1636 1064 homines
1663 1028 1676 1063 :
1724 1008 2024 1063 resurrexit
2052 1022 2084 1063 θ

505 1102 738 1155 mortuis
762 1102 921 1156 tertia
951 1103 1038 1157 die
1069 1123 1083 1157 :
1110 1102 1469 1172 quadraginta
1491 1102 1687 1157 diebus
1712 1112 2086 1158 commoratus

504 1208 631 1248 cum
654 1193 958 1264 discipulis,
984 1204 1297 1263 assumptus
1325 1204 1407 1248 est
1430 1194 1485 1248 in
1504 1194 1675 1249 cmlos
1695 1213 1710 1261 ;
1733 1204 1788 1249 et
1815 1195 1881 1249 ad
1898 1195 2087 1251 dexte-

507 1302 625 1341 ram
658 1289 863 1343 assidet
888 1288 1003 1353 tibi,
1040 1286 1149 1341 ι)ρο
1180 1302 1243 1341 ac
1290 1285 1436 1339 Patri
1467 1302 1588 1341 suo.
1617 1286 1658 1317 "
1686 1286 1953 1342 Memores
1985 1288 2087 1357 igi-

509 1388 598 1435 tur
629 1396 818 1435 eorum
852 1397 972 1451 quae
995 1389 1216 1449 propter
1246 1394 1345 1434 nos
1374 1380 1619 1449 pertulit,
1644 1380 1846 1450 gratias
1872 1381 2085 1447 agimus

507 1472 629 1536 tibi,
669 1471 810 1526 Deus
846 1472 1218 1540 omnipotens,
1252 1487 1360 1526 non
1413 1480 1679 1542 quantum
1712 1472 1994 1537 debemus,
2030 1479 2085 1526 at

506 1572 771 1633 quantum
800 1578 1127 1632 possumus;
1167 1572 1220 1619 et
1249 1565 1702 1619 constitutionem
1734 1564 1854 1634 ejus
1894 1560 2085 1635 imple-

506 1670 648 1711 mus.
676 1654 733 1708 In
758 1670 864 1724 qua
896 1656 1040 1710 enim
1066 1664 1231 1712 nocte
1256 1658 1596 1722 tradebatur,
1630 1673 1771 1728 pane
1792 1658 1999 1713 sanetis
2020 1672 2084 1712 ac

505 1747 871 1805 immaculatis
904 1750 1162 1805 manibus
1192 1751 1307 1805 suis
1331 1760 1576 1820 accepto,
1611 1758 1665 1806 et
1700 1750 1925 1806 elevatis
1951 1766 2085 1805 ocu-

504 1838 574 1893 lis
603 1839 669 1894 ad
695 1847 748 1894 te
773 1839 943 1896 Deum
977 1857 1137 1896 suum
1170 1857 1234 1896 ac
1259 1817 1501 1906 Patrem,
1536 1843 1717 1913 fregit,
1746 1853 1798 1898 et
1821 1843 1972 1898 dedit
1999 1843 2085 1897 di-
2116 1817 2156 1871 Β

506 1930 756 2000 scipulis,
780 1933 969 1989 dicens
995 1949 1008 1986 :
1042 1952 1059 1983 ι
1110 1932 1225 1990 Hoc
1254 1943 1339 1989 est
1370 1936 1693 2004 mysterium
1721 1936 1859 1990 Novi
1891 1934 2085 1991 Testa-

503 2024 701 2089 menti,
742 2026 975 2096 accipite
1001 2042 1067 2081 ex
1093 2042 1180 2091 eo,
1230 2028 1563 2082 manducate
1592 2047 1605 2082 :
1634 2028 1739 2082 hoc
1761 2034 1845 2084 est
1881 2043 2084 2099 corpus

503 2130 710 2181 meum,
740 2116 885 2186 quod
926 2133 1023 2187 pro
1067 2119 1255 2174 multis
1294 2117 1589 2189 frangitur,
1616 2119 1671 2173 in
1703 2120 2085 2175 remissionem

503 2216 876 2276 peccatorum.
913 2208 1180 2265 Similiter
1215 2211 1447 2266 calicem
1478 2211 1701 2267 miscuit
1737 2226 1805 2267 ex
1851 2210 1981 2266 vino
2029 2218 2084 2267 et

501 2311 666 2368 aqua,
702 2301 1087 2365 sanctilicavit,
1115 2316 1179 2356 ac
1204 2302 1354 2357 dedit
1388 2303 1604 2370 iisdem,
1648 2303 1838 2358 dicens
1865 2319 1877 2355 :
1909 2302 2086 2359 Bibite

501 2405 569 2446 ex
597 2406 662 2446 eo
691 2408 883 2448 omnes
910 2412 922 2448 :
957 2394 1047 2448 hic
1077 2402 1161 2449 est
1194 2395 1419 2466 sanguis
1450 2411 1627 2461 meus,
1652 2396 1744 2467 qui
1772 2410 1872 2466 pro
1897 2396 2083 2451 multis

501 2484 801 2540 ell‘unditur
819 2486 874 2539 in
893 2487 1277 2543 remissionem
1299 2496 1672 2558 peccatorum.
1702 2487 1816 2543 Hoc
1838 2487 2001 2542 facite
2028 2488 2083 2543 in

501 2592 680 2633 meam
754 2581 1349 2636 commemorationem.
1413 2581 1863 2651 Quotiescunque
1933 2581 2083 2636 enim

501 2672 907 2728 manducabitis
940 2688 1133 2744 panem
1164 2675 1331 2739 hunc,
1351 2683 1405 2729 et
1429 2675 1627 2730 bibetis
1654 2675 1802 2729 hunc
1828 2674 2080 2740 calicem,

500 2773 734 2819 mortem
766 2780 943 2821 meam
999 2767 1420 2832 annuntiabitis,
1472 2767 1648 2822 donec
1702 2767 1916 2821 veniam
1954 2767 2021 2821 ὀ.
2059 2784 2077 2818 ι

501 2857 544 2886 ’³
575 2855 766 2927 Itaque
798 2874 1068 2915 memores
1120 2860 1396 2931 passionis
1435 2861 1579 2929 ejus,
1625 2869 1677 2915 et
1723 2860 1936 2925 mortis,
1969 2866 2023 2915 et
2049 2875 2081 2913 a

498 2951 731 3006 mortuis
778 2953 1223 3017 resurrectionis,
1275 2962 1439 3023 atque
1475 2953 1531 3006 in
1563 2954 1766 3008 coelum
1816 2953 2078 3022 reditus;

500 3057 715 3097 necnon
743 3045 972 3099 secundi
1002 3046 1291 3111 adventus,
1326 3062 1487 3116 quem
1516 3045 1660 3101 idem
1690 3045 1937 3100 facturus
1965 3052 2078 3109 est,

2189 558 2350 608 νάτου
2381 554 2629 623 ἐξέληται
2656 554 2878 616 τούτους
2902 552 3029 615 τοὺς
3063 551 3175 623 (57)
3206 552 3272 605 δι’
3291 553 3384 615 οὓς
3408 557 3742 624 παρεγένετο,

2187 647 2283 700 καὶ
2311 644 2547 718 ρήξῃτὰ
2589 645 2766 715 δεσμὰ
2810 644 2904 698 τοῦ
2948 644 3216 707 διαϐόλου,
3260 646 3355 697 καὶ
3381 646 3602 717 ρύσηται
3635 651 3746 714 τοὺς

2188 738 2507 811 ἀνθρώπους
2551 740 2616 792 ὲκ
2658 738 2757 808 τῆς
2806 738 3021 810 ἀπάτης
3062 738 3226 792 αὐτοῦ
3251 755 3264 767 ·
3319 739 3412 791 καὶ
3459 740 3647 813 ἀνέστη
3690 744 3746 796 ἐκ

2188 832 2396 904 νεκρῶν
2433 835 2499 903 τῇ
2544 831 2702 903 τρίτῃ
2739 830 2924 903 ἡμέρᾳ
2947 846 2961 861 ο
2995 831 3089 883 καὶ
3114 831 3516 901 τεσσαράκοντα
3551 833 3749 903 ἡμέρας

2188 924 2535 995 ὲνδιατρίψας
2577 922 2689 993 (58)
2718 925 2831 985 τοῖς
2872 921 3165 993 μαθηταῖς,
3200 921 3472 993 ἀνελήφθη
3518 925 3595 987 είς
3633 925 3747 989 τοὺς

2186 1015 2467 1087 οὐρανοὺς,
2500 1015 2596 1068 καὶ
2638 1013 2906 1084 ὲκαθέσθη
2932 1016 2995 1066 ἐκ
3040 1013 3230 1078 δεξιῶν
3267 1030 3359 1066 σου
3388 1012 3481 1066 τοῦ
3508 1012 3636 1068 Θεοῦ
3663 1018 3747 1071 καὶ

2187 1106 2399 1178 Πατρὸς
2420 1105 2604 1159 αὑτοῦ.
2630 1106 2985 1176 Μεμνημένοι
3005 1102 3098 1159 οὖν
3118 1099 3193 1159 ὧν
3212 1104 3279 1158 δι’
3296 1106 3444 1176 ἡμᾶς
3478 1105 3744 1177 ὑπέμεινε,

2188 1196 2616 1269 εὐχαριστοῦμεν
2646 1214 2749 1260 σοι,
2780 1196 2881 1250 Θεὲ
2916 1199 3319 1270 παντόκρατορ,
3347 1198 3445 1268 οὐχ
3470 1199 3587 1253 ὅσον
3614 1200 3747 1270 ὀφεί-

2185 1287 2370 1360 λομεν,
2415 1288 2530 1342 ἀλλ’
2552 1290 2677 1341 ὅσον
2722 1289 3022 1359 δυνάμεθα,
3066 1289 3162 1341 καὶ
3196 1289 3299 1360 τὴν
3333 1288 3571 1356 διάταξιν
3598 1291 3746 1346 αὑτοῦ

2185 1379 2516 1451 πληροῦμεν.
2560 1380 2647 1434 Ἑν
2738 1379 2847 1451 γὰρ
2871 1381 3025 1433 νυκτὶ
3044 1381 3377 1452 παρεδίδοτο,
3407 1380 3583 1435 λαϐὼν
3602 1383 3746 1455 ἄρτον

2184 1474 2304 1534 ταῖς
2338 1472 2520 1540 ἁγίαις
2544 1473 2639 1525 καὶ
2660 1470 2912 1543 ἀμώμοις
2933 1471 3098 1525 αὑτοῦ
3120 1473 3298 1544 χερσὶ,
3337 1472 3433 1526 καὶ
3460 1472 3747 1544 ἀναϐλέψας

2185 1562 2324 1633 πρὸς
2358 1563 2417 1615 σὲ
2450 1563 2542 1617 τὸν
2585 1563 2720 1617 Θεὸν
2764 1562 2930 1617 αὐτοῦ
2979 1564 3074 1618 καὶ
3119 1565 3360 1636 Πατέρα,
3406 1566 3502 1619 καὶ
3542 1566 3744 1631 κλάσας,

2185 1653 2354 1708 ἔδωκε
2389 1658 2502 1719 τοῖς
2539 1656 2808 1727 μαθηταῖς
2847 1654 3017 1710 εἰπών
3043 1674 3056 1687 ·
3091 1674 3111 1708 ι
3149 1656 3320 1710 Τοῦτο
3362 1658 3424 1711 τὸ
3473 1660 3748 1731 μυστήριον

2183 1746 2282 1817 τῆς
2292 1746 2497 1817 Καινῆς
2507 1747 2779 1819 Διαθήκης
2797 1765 2810 1778 ·
2833 1748 3027 1802 λάϐετε
3047 1747 3105 1814 ἐξ
3126 1748 3313 1812 αὐτοῦ,
3340 1749 3543 1818 φάγετε
3562 1767 3577 1781 θ
3606 1750 3750 1804 τοῦτό

2183 1840 2301 1891 ἐστι
2328 1838 2391 1891 τὸ
2416 1838 2577 1910 σῶμά
2612 1857 2735 1911 μου,
2768 1840 2830 1894 τὸ
2856 1841 2987 1913 περὶ
3023 1840 3237 1894 πολλῶν
3282 1840 3646 1912 θρυπτόμενον
3679 1843 3750 1906 εἰς

2183 1930 2376 2000 ἄφεσιν
2406 1932 2687 2003 ἁμαρτιῶν
2709 1949 2722 1964 ·
2755 1933 3017 1995 ὡσαύτως
3035 1933 3209 1986 καὶτὸ
3240 1934 3500 2005 ποτήριον
3529 1932 3753 2003 κεράσας

2184 2022 2242 2090 ἐξ
2265 2023 2411 2077 οῖνου
2451 2025 2546 2077 καὶ
2584 2023 2778 2088 ὕδατος
2821 2024 2953 2095 (59),
2994 2024 3091 2078 καὶ
3122 2025 3374 2093 ἁγιάσας,
3406 2025 3672 2078 ἐπέδωκεν
3688 2024 3750 2056 ⁸⁸⁸

2184 2115 2386 2180 αὐτοῖς,
2419 2116 2620 2185 λέγων·
2641 2117 2801 2170 Πίετε
2827 2117 2885 2184 ὲξ
2914 2117 3079 2170 αὐτοῦ
3112 2117 3311 2180 πάντες
3335 2134 3348 2147 ·
3379 2117 3539 2170 τοῦτό
3566 2118 3675 2170 ἐστι
3697 2116 3751 2170 τὸ

2184 2202 2325 2278 αἷμά
2367 2225 2467 2279 μου
2486 2248 2500 2273 ,
2538 2209 2599 2262 τὸ
2634 2210 2763 2281 περὶ
2797 2209 3006 2263 πολλῶν
3044 2210 3402 2281 ἐκχυνόμενον
3452 2212 3533 2275 εἰς
3574 2211 3752 2281 ἄφεσιν

2185 2300 2487 2371 ἁμαρτιῶν.
2532 2300 2702 2354 Τοῦτο
2743 2304 2949 2356 ποιεῖτε
2990 2304 3072 2365 είς
3112 2303 3211 2373 τὴν
3262 2303 3401 2375 ἐμὴν
3438 2302 3747 2375 ἀνάμνησιν.

2196 2391 2415 2456 ὐσάκις
2446 2391 2555 2465 γάρ
2597 2392 2691 2447 ἐὰν
2721 2393 2939 2465 ἐσθίητε
2976 2394 3068 2447 τὸν
3110 2394 3273 2465 ἀρτον
3292 2393 3513 2460 τοῦτον,
3553 2396 3643 2449 καὶ
3673 2393 3754 2446 πί-

2183 2502 2312 2557 νητε
2365 2484 2427 2538 τὸ
2484 2487 2741 2557 ποτήριον
2794 2485 2952 2538 τοῦτο
2975 2524 2989 2550 ,
3056 2486 3146 2540 τὸν
3191 2486 3419 2540 θάνατον
3480 2486 3573 2541 τὸν
3635 2486 3754 2558 ἐμὸν

2184 2576 2581 2646 καταγγέλλετε
2601 2616 2616 2641 ,
2666 2577 2825 2650 ἄχρις
2869 2577 2936 2631 ἂν
2983 2577 3142 2631 ἔλθω.
3180 2597 3199 2630 ›
3249 2579 3609 2651 Μεμνημένοι.
3649 2578 3752 2632 τοί-

2184 2686 2278 2723 νυν
2315 2669 2410 2723 τοῦ
2459 2670 2666 2735 πάθους
2705 2670 2893 2735 αὑτοῦ,
2938 2673 3031 2725 καὶ
3053 2671 3145 2725 τοῦ
3177 2671 3431 2736 θανάτου,
3463 2670 3673 2742 καὶτῆς
3697 2672 3755 2725 ἐκ

2184 2761 2392 2833 νεκρῶν
2431 2762 2811 2827 ἀναστάσεως,
2854 2764 2947 2818 καὶ
2997 2766 3095 2836 τῆς
3138 2768 3219 2829 εἰς
3268 2766 3535 2837 οὐρανοὺς
3572 2766 3756 2820 ἐπανό-

2182 2852 2294 2917 δου,
2334 2854 2557 2925 καὶτῆς
2588 2854 2885 2927 μελλούσης
2920 2855 3084 2908 αὑτοῦ
3120 2857 3383 2929 δευτέρας
3425 2858 3752 2930 παρουσίας.

2184 2941 2297 3020 ὲνῇ
2328 2946 2544 3018 ἔρχεται
2583 2947 2721 3018 μετά
2748 2948 2903 3020 δόξης
2931 2950 3327 3021 καὶδυνάμεως
3350 2955 3537 3023 κρῖναι
3566 2951 3756 3016 ζῶντας

2185 3040 2277 3091 καὶ
2322 3040 2571 3110 νεκροὺς,
2626 3040 2719 3093 καὶ
2761 3041 3055 3095 ἀποδοῦναι
3090 3042 3305 3113 ἑκάστῳ
3348 3043 3496 3098 κατὰ
3530 3043 3602 3098 τὰ
3634 3044 3759 3115 ἔργα

500 3133 557 3187 in
576 3149 685 3205 quo
705 3151 829 3192 cum
852 3137 1023 3207 gloria
1055 3145 1108 3192 et
1134 3145 1405 3209 potestate
1440 3138 1622 3191 veniet
1646 3137 1894 3205 judicare
1930 3136 2083 3191 vivos

2187 3132 2372 3196 αὐτοῦ,
2424 3132 2807 3205 προσφέρομέν
2839 3151 2918 3187 σοι
2950 3134 3027 3205 τῷ
3051 3134 3259 3205 βασιλεί
3306 3136 3399 3188 καὶ
3443 3134 3594 3208 Θεῷ,
3629 3132 3758 3188 κατά

500 3234 555 3281 et
584 3237 837 3284 mortuos
864 3230 931 3292 “,
963 3238 1018 3283 et
1062 3229 1291 3285 reddere
1324 3230 1556 3298 singulis
1581 3231 1741 3301 juxta
1784 3244 1951 3299 opera
1983 3242 2078 3283 eo-

501 3334 624 3371 rum
652 3319 732 3386 ”;
780 3320 881 3375 tibi
932 3322 1047 3393 regi
1079 3337 1143 3375 ac
1190 3321 1300 3377 Deo
1330 3337 1524 3392 panem
1557 3322 1706 3377 hunc
1758 3330 1814 3378 et
1854 3322 2079 3377 calicem

500 3412 650 3465 hunc
706 3412 1013 3478 oﬂ‘erimus,
1066 3414 1368 3470 secundum
1430 3414 1882 3470 constitutionem
1937 3413 2079 3483 ejus,

500 3506 706 3577 gratias
738 3509 834 3562 tibi
880 3524 977 3578 per
1003 3524 1129 3563 eum
1176 3517 1422 3579 agentes,
1468 3508 1595 3577 quia
1627 3521 1729 3562 nos
1760 3506 1955 3577 dignos
1985 3509 2083 3559 ha-

502 3599 695 3663 buisti,
730 3600 826 3671 qui
864 3608 1139 3656 staremus
1169 3616 1354 3655 coram
1388 3608 1463 3667 te,
1503 3615 1567 3655 ac
1597 3600 1910 3655 sacerdotio
1957 3598 2084 3653 fun-

500 3708 754 3762 geremur
775 3693 872 3747 tibi
898 3710 912 3760 ;
935 3702 989 3748 et
1014 3694 1292 3764 poscimus
1325 3702 1398 3755 te,
1426 3702 1484 3746 ut
1519 3708 1684 3763 super
1712 3692 1829 3747 haec
1858 3691 2003 3747 dona
2027 3692 2082 3745 in

501 3795 803 3856 conspectu
848 3796 943 3841 tuo
991 3786 1272 3857 proposita
1306 3786 1519 3855 placate
1549 3785 1838 3855 respicias,
1888 3791 1948 3838 tu
1988 3783 2082 3854 qui

500 3878 706 3934 nullius
740 3877 953 3949 indiges
990 3878 1156 3944 Deus,
1196 3886 1250 3933 ct
1280 3878 1642 3948 beneplaceas
1677 3878 1733 3932 in
1779 3877 1860 3932 eis
1885 3875 1953 3930 ad
1983 3875 2084 3929 ho-

501 3985 691 4024 norem
728 3968 936 4025 Christi
986 3971 1089 4035 tui,
1143 3980 1306 4041 atque
1356 3985 1524 4041 supra
1583 3969 1688 4023 hoc
1744 3967 2081 4023 sacrificium

502 4062 689 4116 mittas
733 4072 981 4117 sanctum
1014 4071 1168 4118 tuum
1201 4062 1488 4133 Spiritum,
1536 4069 1728 4118 testem
1762 4059 2083 4131 passionum

501 4152 718 4209 Domini
745 4153 897 4219 Jesu,
938 4163 994 4209 ut
1023 4156 1273 4210 exhibeat
1306 4170 1501 4225 panem
1535 4155 1679 4209 hunc
1702 4168 1904 4223 corpus
1924 4153 2084 4207 Chri-

503 4245 573 4301 sti
597 4246 696 4307 tui,
728 4254 782 4301 et
814 4247 1042 4304 calicem
1074 4248 1219 4303 hunc
1249 4247 1573 4318 sanguinem
1605 4244 1814 4299 Christi
1848 4244 1952 4307 tui,
1974 4258 2083 4314 quo

503 4340 800 4410 participes
830 4342 1003 4405 illius,
1038 4342 1106 4397 ad
1151 4342 1408 4412 pietatem
1436 4338 1856 4401 conﬁrmentur,
1883 4337 2081 4393 remis-

2184 3225 2283 3297 τὴν
2298 3224 2462 3278 αὑτοῦ
2489 3224 2751 3292 διάταξιν,
2777 3226 3059 3298 τὸν.ἄρτον
3080 3226 3288 3291 τοῦτον,
3311 3228 3406 3281 καὶ
3427 3228 3495 3282 τὸ
3515 3228 3760 3300 ποτήριον

2184 3318 2360 3381 τοῦτο,
2389 3318 2838 3388 εὐχαριστοῦντές
2864 3336 2947 3373 σοι
2967 3321 3033 3374 δι’
3056 3320 3243 3385 αὐτοῦ,
3278 3323 3363 3390 ἐφ’
3384 3318 3471 3386 οἷς
3497 3320 3758 3393 κατηξίω-

2187 3426 2286 3474 σας
2323 3412 2473 3481 ἡμᾶς
2513 3410 2733 3464 ἑστάναι
2762 3410 2993 3465 ἐνώπιόν
3022 3430 3137 3477 σου,
3172 3414 3266 3467 καὶ
3315 3414 3619 3487 ἱερατεύειν
3663 3432 3757 3479 σοι,

2186 3505 2279 3557 καὶ
2318 3503 2575 3575 ἀξιοῦμέν
2616 3520 2697 3568 σε,
2743 3505 2892 3569 ὅπως
2934 3507 3178 3577 εὐμενῶς
3226 3508 3531 3582 ἐπιϐλέψῃς
3574 3509 3666 3563 ἐπὶ
3696 3508 3758 3561 τὰ

2184 3596 2519 3667 προκείμενα
2553 3596 2701 3668 δῶρα
2727 3597 2899 3651 ταῦτα
2929 3597 3159 3651 ἐνώπιόν
3191 3616 3307 3663 σου,
3340 3601 3404 3655 σὺ
3448 3603 3478 3655 ὁ
3519 3600 3762 3672 ἀνενδεὴς

2182 3688 2335 3751 Θεὸς,
2367 3688 2461 3741 καὶ
2482 3688 2782 3760 εύδοκήσῃς
2811 3691 2896 3741 ἐπ’
2917 3690 3097 3753 αὐτοῖς
3118 3693 3197 3755 είς
3225 3691 3391 3762 τιμὴν
3419 3692 3519 3747 τοῦ
3533 3690 3761 3764 Χριστοῦ

2186 3797 2299 3843 σου,
2349 3780 2443 3834 καὶ
2481 3780 2846 3852 καταπέμψῃς
2874 3782 2934 3834 τὸ
2962 3780 3115 3850 ἅγιόν
3147 3800 3240 3835 σου
3288 3783 3521 3857 Πνεῦμα
3551 3786 3645 3838 ἐπὶ
3670 3783 3762 3854 τὴν

2183 3871 2370 3926 θυσίαν
2399 3873 2620 3945 ταύτην,
2650 3874 2741 3926 τὸν
2766 3874 3018 3946 μάρτυρα
3042 3875 3150 3929 τῶν
3173 3875 3518 3948 παθημάτων
3543 3876 3637 3931 τοῦ
3660 3876 3763 3931 Κυ-

2185 3965 2301 4035 ρίου
2347 3965 2543 4037 Ἰησοῦ,
2566 3966 2712 4029 δπως
2731 3967 2980 4037 ἀποφήνῃ
3001 3967 3093 4020 τὸν
3108 3969 3269 4039 ἄρτον
3287 3968 3482 4024 τοῦτον
3505 3969 3662 4041 σῶμα
3676 3967 3763 4021 τοῦ

2183 4057 2420 4130 Χριστοῦ
2467 4075 2582 4118 σου,
2614 4058 2707 4110 καὶ
2736 4058 2798 4110 τὸ
2842 4060 3097 4130 ποτήριον
3143 4060 3302 4113 τοῦτο
3330 4055 3473 4134 αἷμα
3504 4061 3600 4115 τοῦ
3634 4061 3761 4131 Χρι-

2184 4150 2310 4203 στοῦ
2365 4167 2480 4213 σου,
2530 4152 2617 4203 ἵνα
2658 4152 2709 4203 οί
2758 4150 3177 4222 μετᾳλαϐόντεςξ
3204 4153 3391 4215 αὑτοί,
3429 4152 3764 4225 βεϐαιωθῶσι

2183 4244 2322 4315 πρὸς
2350 4242 2653 4307 εὐσέϐειαν,
2696 4244 2947 4312 ἀφέσεως
2972 4245 3388 4316 ἁμαρτημάτων
3414 4246 3647 4317 τύχωσι,
3676 4243 3764 4298 τοῦ

2182 4334 2427 4389 διαϐόλου
2466 4337 2560 4389 καὶ
2587 4336 2689 4407 τῆς
2718 4336 2927 4407 πλάνης
2953 4336 3118 4390 αὐτοῦ
3152 4336 3413 4409 ῥυσθῶσι,
3449 4338 3767 4409 Πνεύματος

504 4431 714 4485 sionem
760 4445 1111 4502 peccatorum
1141 4441 1580 4503 consequantur,
1611 4430 1828 4486 diabolo
1853 4430 2082 4500 ejusque

2186 4428 2341 4497 ἀγίου
2380 4427 2758 4499 πληρωθῶσιν,
2787 4429 2926 4495 ἄξιοι
2950 4428 3042 4481 τοῦ
3070 4429 3304 4501 Χριστοῦ
3331 4446 3427 4483 σου
3460 4430 3764 4499 γένωνται,

500 4539 689 4579 errore
740 4526 1060 4593 liberentur,
1092 4526 1299 4598 Spiritu
1335 4535 1526 4582 sancto
1558 4526 1894 4598 repleantur,
1929 4524 2080 4595 digni

2188 4520 2334 4591 ζωῆς
2386 4520 2601 4574 αἰωνίου
2654 4521 2880 4591 τύχωσι,
2940 4520 3034 4573 σοῦ
3080 4520 3515 4591 καταλλαγέντπ
3569 4521 3765 4584 αὑτοξ,

500 4616 721 4673 Christo
745 4628 839 4673 tuo
864 4620 1016 4683 liant,
1039 4620 1207 4674 vitam
1239 4621 1625 4690 sempiternam
1666 4618 1980 4688 impetrent,
2028 4626 2082 4673 te

2186 4613 2431 4665 Δέσποτα
2464 4612 2863 4685 παντόκρατορ.
2896 4614 3018 4666 Ἔτι
3044 4613 3277 4685 δεόμεθά
3305 4631 3421 4679 σου,
3443 4615 3647 4687 Κύριε,
3677 4613 3767 4668 καὶ

500 4712 611 4767 illis
639 4715 1015 4780 reconciliato,
1056 4713 1287 4768 Domine
1324 4713 1692 4782 omnipotens.
1725 4709 1918 4764 Adhuc
1954 4723 2081 4763 ora-

2187 4705 2327 4778 ὑπὲρ
2366 4704 2467 4774 τῆς
2503 4704 2660 4774 ἁγίας
2704 4722 2797 4758 σου
2856 4706 3181 4778 Ἑκκλησίας
3226 4707 3325 4778 τῆς
3362 4708 3473 4762 ἀπὸ
3514 4708 3768 4780 περάτων

575 4851 835 4934 "ublicol.
868 4853 1218 4934 hlethon._De
1240 4872 1457 4934 corpore
1485 4873 1533 4914 et
1564 4863 1820 4934 sanguine
1851 4860 2069 4934 Christi.

2185 4861 2193 4891 ⁵
2224 4858 2549 4934 _I_Cor._;u;_
2572 4856 2761 4912 Matth.
2821 4872 2946 4934 xxvi
2976 4854 3223 4934 ;__ll_l_arc.
3279 4872 3389 4934 XIV_;
3437 4856 3579 4934 Lu_e_.
3611 4869 3763 4934 gum.

498 4924 730 5050 :IVGNie.
770 4924 1006 4980 Methou.
1039 4928 1191 4996 ἡμῖν.
1334 4924 1380 4959 ’ί
1421 4931 1592 5003 lgnat.
1627 4924 1882 5003 iiitet'pol.
1907 4932 1975 4985 ad
2008 4932 2100 4999 Ma;

2216 4930 2303 4983 ll.
2418 4930 2463 4960 "
2502 4927 2669 4983 Marc.
2705 4943 2821 4992 XIII,
2873 4926 2965 4993 26;
3000 4924 3044 4981 ll
3074 4924 3213 4981 Tim.
3251 4942 3323 4989 ιν,
3358 4928 3408 4982 1.
3521 4929 3569 4960 ³³
3611 4926 3765 4980 Rom.

1852 5115 2214 5173 VABIORlHll
2246 5114 2476 5171 NOTAE.

2183 5263 2512 5325 parastatkas,
2530 5263 2580 5307 et
2600 5253 2650 5306 Η
2656 5253 3014 5325 ydrophobus:
3034 5252 3207 5325 prima
3224 5253 3280 5325 in
3300 5250 3576 5325 Navalis;
3600 5252 3771 5325 altera

2186 5321 2393 5380 citante
2418 5321 2756 5380 Rabano'vel
2783 5321 2891 5378 alio
2918 5321 3154 5392 capIH,
3180 5324 3276 5377 lib.
3306 5331 3492 5375 contra
3510 5321 3769 5375 Judwos:

2187 5412 2309 5467 quae
2336 5395 2599 5464 explicari
2630 5403 2812 5467 potest
2841 5411 2936 5465 per
2967 5394 3330 5467 Epiphanium
3380 5393 3472 5446 ubi
3509 5394 3582 5467 d_e
3608 5392 3771 5467 Ebio—

2187 5462 2320 5521 natis
2344 5482 2356 5515 :
2383 5462 2542 5519 docet
2570 5462 2713 5519 enim
2738 5462 3146 5520 eos—limretic'os
3168 5479 3364 5533 aquam
3400 5478 3501 5531 pro
3518 5463 3652 5518 -Deo
3668 5462 3773 5533 'ha-

2187 5537 2394 5594 buisse,
2423 5536 2682 5604 illamque
2710 5551 2917 5589 meram
2945 5537 2997 5588 in
3032 5532 3281 5590 sanctum
3321 5534 3556 5586 calicem
3580 5532 3772 5604 immif

2188 5608 2350 5663 sisse.
2374 5605 2547 5658 Erunt
2576 5600 2757 5674 itaque
2781 5605 3150 5675 hydrophohae
3170 5606 3250 5657 vel
3280 5603 3654 5675 hydrophobi,
3678 5600 3772 5671 qui

2185 5692 2393 5747 aquam,
2413 5683 2751 5747 reverentur.
2780 5674 3164 5745 llydrotheitas
3194 5676 3357 5747 habes
3381 5674 3529 5747 apud
3564 5688 3775 5747 anony—

2186 5744 2332 5800 m‘um
2367 5746 2441 5800 De
2469 5745 2750 5798 hwresibus
2775 5744 3095 5815 scriptorem
3123 5762 3152 5798 a
3187 5745 3479 5800 Sirmoudo
3506 5745 3566 5798 iu
3592 5744 3774 5797 lucem

2184 5817 2691 5884 emissum,-htcresi
2727 5816 2964 5871 75.Cor.

574 5249 686 5323 (:37)
732 5251 893 5323 Τοὺς.
924 5251 1087 5307 Deest
1117 5253 1322 5308 rectius
1345 5254 1399 5307 in
1428 5253 1554 5307 eod.
1587 5254 1749 5311 Vind.
1769 5255 1939 5313 Cum.

503 5320 1165 5444 Viiﬁgl):ll‘:;6mtpl¢aq.
1210 5325 1604 5397 Συνδιατρίψας
1632 5328 1829 5383 melius
1859 5328 1917 5382 in
1956 5325 2080 5383 eod.

551 5406 737 5446 mum).
762 5406 836 5446 ID.

572 5460 680 5531 (59)
727 5463 793 5535 Td
825 5463 1109 5532 ποτήριον
1136 5466 1397 5535 κεράσας
1417 5465 1486 5531 ἐξ
1520 5467 1689 5521 οἴνου
1719 5467 1817 5519 καὶ
1844 5466 2080 5532 ὕδατος.

501 5530 704 5611 Contra
731 5533 870 5588 duas
894 5530 1132 5611 haereses
1162 5530 1229 5611 ei
1261 5530 1495 5611 adverso
1526 5547 1868 5611 pugnantes;
1896 5530 2085 5611 Mono-

503 5602 850 5681 physitarum
882 5613 937 5657 et
966 5606 1349 5681 Armeniorum
1405 5602 1767 5681 solo-vi'uoin
1801 5602 2082 5678 mysteriis

504 5678 798 5748 utentium,
831 5683 994 5742 atque
1026 5678 1384 5748 aqum-iorum
1434 5680 1549 5733 sive
1600 5678 2085 5748 hydroparastata-

511 5754 639 5809 rum
664 5744 778 5794 sola
821 5758 983 5809 aqua.
1026 5744 1101 5799 De
1139 5746 1224 5797 his
1252 5748 1609 5803 oliservahilis
1640 5744 1698 5799 et
1742 5744 1893 5800 varia
1923 5749 2083 5802 lectio

513 5812 582 5865 ad
613 5808 738 5882 Leg.
768 5808 975 5867 Nauali.
1008 5810 1300 5869 Theodosii
1326 5818 1409 5870 tit.
1445 5818 1477 5871 5
1504 5814 1578 5871 De
1603 5816 1830 5882 Judtcis,
1871 5816 2080 5887 Hydro-
