4062 6258
359 373 501 431 H05

1238 367 1837 425 CON-STITIJTIONES
1865 338 2414 424 APOSTOLICIE.-¥
2433 369 2562 425 LIB.
2600 371 2736 428 Vill.

3489 377 3543 431 Η
3557 379 3624 434 06

353 491 464 556 ἓως
493 487 857 565 περάτων,ἠν
893 487 1264 558 περιεποιήσω
1307 485 1386 557 τῷ
1413 486 1580 557 τιμίῳ
1621 486 1814 556 αἵματι
1839 484 1916 538 τοῐ

2040 500 2164 542 mus
2191 493 2264 551 te,
2299 484 2550 553 Domine,
2600 504 2701 558 pro
2753 488 2944 545 sancta
2987 489 3234 545 Ecclesia
3265 499 3380 555 tua,
3420 507 3542 562 qua:
3595 510 3625 548 a

352 584 597 656 Χριστοῦ
631 600 746 645 σου,
793 582 940 643 ὅπως
984 579 1152 650 αὐτὴν
1187 578 1522 650 διαφυλάξῃς
1554 579 1804 636 ἄσειστον
1841 580 1936 633 καὶ

354 675 776 738 ἀκλυδώνιστον,
807 673 934 743 ἄχρι
958 671 1062 742 τῆς
1108 671 1414 735 συντελείας
1446 671 1541 725 τοῦ
1580 672 1773 736 αἰῶνος
1798 689 1810 703 ·
1840 673 1949 726 καὶ·

354 771 498 843 ὑπὲρ
527 770 710 840 πάσης
745 765 1050 834 ἐπισκοπῆς
1076 765 1177 834 τῆς
1223 763 1622 836 ὀρθοτομούσης
1657 763 1749 817 τὸν
1779 763 1934 832 λόγον

351 866 452 935 τῆς
490 861 765 932 ἀληθείας.
816 860 936 911 Ἔτι
971 856 1394 930 παρακαλοῦμεν
1425 873 1485 909 σε
1531 856 1626 909 καὶ
1662 855 1802 927 ὑπὲρ
1831 855 1933 926 τῆς

352 956 491 1027 ἐμῆς
528 954 621 1008 τοῦ
653 950 1053 1024 προσφέροντός
1077 966 1158 1002 σοι
1183 947 1446 1010 οὐδενίας,
1483 947 1578 1001 καὶ
1620 947 1762 1018 ὑπὲρ
1793 964 1931 1001 παν-

349 1049 440 1112 τὸς
465 1047 559 1100 τοῦ
593 1044 1008 1118 πρεσϐυτερίου,
1041 1042 1182 1112 ὑπὲρ
1219 1040 1327 1094 τῶν
1365 1041 1626 1094 διακόνων
1656 1041 1750 1093 καὶ
1793 1057 1929 1094 παν-

347 1142 439 1205 τὸς
467 1139 560 1193 τοῦ
583 1138 808 1210 κλήρου,
839 1137 927 1189 ἵνα
938 1135 1144 1197 πάντας
1167 1134 1411 1202 σοφίσας,
1441 1133 1752 1202 Πνεύματος
1774 1133 1928 1201 ἁγίου

350 1231 664 1305 πληρώσῃς.
701 1230 819 1282 Ἔτι
849 1226 1275 1301 παρακαλοῦμεν
1317 1243 1403 1289 σε,
1427 1226 1622 1296 Κύριε,
1664 1225 1804 1296 ὑπὲρ
1832 1225 1927 1278 τοῦ

350 1325 630 1396 βασιλέως,
662 1324 754 1376 καὶ
788 1321 896 1375 τῶν
926 1322 983 1373 ὲν
1010 1321 1249 1391 ὑπεροχῇ
1282 1319 1376 1371 καὶ
1415 1318 1618 1380 παντὸς
1639 1315 1734 1369 τοῦ
1760 1334 1925 1388 στρα-

345 1417 594 1479 τοπέδου,
629 1415 715 1467 ἵνα
748 1411 1136 1485 είρηνεύωνται
1165 1410 1232 1463 τὰ
1275 1410 1413 1481 πρὸς
1456 1412 1626 1481 ἡμᾶς,
1676 1411 1824 1474 ὅπως
1869 1413 1926 1465 ὲν

345 1509 546 1582 ἡσυχίᾳ
579 1508 674 1562 καὶ
703 1505 925 1577 ὁμονοίᾳ
951 1504 1229 1573 διάγοντες
1264 1502 1356 1556 τὸν
1402 1503 1578 1557 πάντα
1613 1504 1800 1575 χρόνον
1826 1504 1928 1575 τῆς

347 1602 492 1672 ζωῆς
529 1599 706 1672 ἡμῶν,
742 1597 1052 1668 δοξάζωμεν
1096 1614 1154 1650 σε
1197 1595 1285 1650 διὰ
1332 1595 1505 1669 Ἰησοῦ
1543 1597 1780 1670 Χριστοῦ
1824 1599 1925 1670 τῆς

282 1726 292 1736 -
344 1693 556 1756 ἐλπίδος
593 1691 771 1762 ήμῶν.
807 1691 928 1743 Ἔτι
957 1688 1338 1760 προσφέρομεν
1374 1706 1454 1742 σοι
1485 1689 1579 1743 καὶ
1609 1690 1750 1762 ὑπὲρ
1785 1690 1923 1744 πάν-

342 1804 451 1841 των
479 1785 588 1840 τῶν
616 1786 710 1839 ἀπ’
735 1783 928 1845 αἰῶνος
955 1781 1441 1854 εὐαρεστησάντων
1471 1799 1551 1835 σοι
1591 1782 1783 1852 ἁγίων,
1819 1801 1924 1836 πα-

343 1878 636 1954 τριαρχῶν,
683 1875 1008 1949 προφητῶν,
1041 1875 1286 1940 δικαίων,
1322 1875 1662 1940 ἀποστόλων,
1718 1876 1924 1949 μαρτύ-

345 1990 474 2045 ρων,
507 1970 874 2042 ὁμολογητῶν,
916 1967 1258 2033 ἐπισκόπων,
1291 1967 1706 2042 πρεσϐυτέρων,
1738 1969 1922 2023 διακό-

343 2083 467 2130 νων,
496 2064 881 2126 ὑποδιακόνων,
922 2061 1304 2131 ἀναγνωστῶν,
1327 2061 1569 2132 ψαλτῶν,
1599 2061 1883 2133 παρθένων
1905 2102 1919 2126 ,

342 2133 546 2228 χηρῶν,
577 2155 809 2219 λαῖκῶν,
846 2155 940 2208 καὶ
981 2154 1199 2207 πάντων
1226 2146 1301 2208 ὧν
1337 2154 1498 2218 αὐτὸς
1528 2153 1814 2208 ἐπίστασαι
1853 2153 1923 2208 τὰ

340 2249 595 2320 ὀνόματα.
621 2249 741 2301 Ἔτι
770 2247 1147 2318 προσφέρομεν
1170 2263 1250 2300 σοι
1282 2247 1422 2318 ὑπὲρ
1443 2247 1535 2300 τοῦ
1560 2247 1688 2300 λαοῦ
1708 2247 1918 2312 τούτου,

342 2343 428 2395 ἴνα
449 2341 729 2412 ἀναδείξῃς
759 2341 918 2396 αὐτὸν
937 2342 1016 2404 εἰς
1038 2339 1258 2393 ἔπαινον
1279 2338 1372 2392 τοῦ
1392 2339 1629 2410 Χριστοῦ
1649 2355 1741 2393 σου
1765 2339 1921 2410 βασί-

352 2431 492 2483 λειον
527 2430 845 2502 ἱεράτευμα,
879 2416 1029 2496 ἔθνος
1060 2432 1233 2501 ἅγιον·
1261 2433 1401 2504 ὑπὲρ
1432 2433 1542 2489 τῶν
1582 2438 1640 2491 ὲν
1664 2433 1931 2508 παρθενίᾳ

352 2521 446 2574 καὶ
479 2522 690 2594 ἁγνείᾳ,
720 2523 860 2595 ὑπὲρ
900 2523 1009 2577 τῶν
1039 2524 1222 2595 χηρῶν
1258 2525 1359 2597 τῆς
1407 2527 1754 2599 Ἐκκλησίας,
1786 2527 1928 2599 ὑπὲρ

261 2649 265 2654 ς
349 2613 457 2667 τῶν
481 2617 538 2668 έν
562 2617 778 2687 σεμνοῖς
802 2616 997 2686 γάμοις
1019 2618 1113 2669 καὶ
1137 2619 1527 2687 τεκνογονίαις,
1555 2621 1695 2692 ὑπὲρ
1714 2619 1820 2673 τῶν
1843 2636 1930 2690 νη-

349 2707 488 2760 πίων
504 2708 596 2760 τοῦ
617 2707 748 2761 λαοῦ
773 2725 887 2772 σου,
904 2709 1050 2772 ὅπως
1069 2710 1273 2781 μηδένα
1291 2711 1448 2782 ἡμῶν
1464 2712 1766 2784 ἀπόϐλητον
1781 2728 1929 2782 ποιη-

351 2799 600 2869 σῃς.¹Έτι
621 2799 876 2870 ἀξιοῦμεν
902 2817 961 2852 σε
987 2803 1082 2854 καὶ
1111 2801 1251 2873 ὑπὲρ
1275 2802 1370 2872 τῆς
1393 2802 1598 2866 πόλεως
1615 2802 1814 2872 ταύτης
1832 2799 1927 2853 καὶ

339 2893 449 2946 τῶν
472 2891 838 2954 ἐνοικούντων,
865 2891 1007 2963 ὑπὲρ
1034 2891 1144 2944 τῶν
1175 2893 1232 2946 ὲν
1250 2891 1602 2965 ἀρρωστίαις,
1627 2893 1767 2965 ὑπὲρ
1804 2895 1915 2950 τῶν

340 2985 398 3037 ἐν
428 2985 602 3055 πικρᾷ
625 2983 854 3054 δουλείᾳ,
886 2983 1029 3055 ὑπὲρ
1055 2983 1164 3037 τῶν
1191 2985 1247 3037 ὲν
1276 2983 1528 3056 ὲξορίαις,
1562 2985 1702 3058 ὑπὲρ
1727 2986 1836 3040 τῶν
1855 2989 1913 3041 ὲν

336 3077 617 3148 δημεύσει,
647 3076 786 3149 ὑπὲρ
826 3075 1094 3130 πλεόντων
1138 3078 1233 3130 καὶ
1272 3077 1694 3150 ὁδοιπορούντων
1717 3095 1731 3110 '
1764 3080 1915 3144 ὅπως

1956 1833 2000 1889 Β

2039 576 2242 634 ﬁnibus
2267 578 2335 634 ad
2356 579 2490 636 lines
2513 580 2847 645 extenditur,
2873 597 3036 652 quam
3063 582 3350 652 acquisisti
3379 585 3625 653 pretioso

2036 669 2306 741 sanguine
2335 671 2546 726 Christi
2591 674 2704 740 tui;
2737 681 2798 727 ut
2834 688 2956 728 eam
2996 674 3390 730 inconcussam
3424 691 3490 728 ac
3519 676 3624 729 mi—

2035 763 2182 818 nime
2229 762 2586 820 ﬂuctuantem
2631 780 2927 820 conserves
2956 781 3131 835 usque
3159 766 3214 820 in
3258 769 3443 821 saeculi
3491 783 3623 822 con-

2035 856 2452 911 summationem
2490 858 2652 911 :item
2684 873 2784 928 pro
2812 858 3072 912 universo
3094 859 3440 929 episcOpatu,
3475 872 3624 915 recte

2033 947 2260 1000 verbum
2291 948 2541 1004 veritatis
2572 957 2844 1004 tractante
2883 965 2947 1004 ac
2992 950 3380 1007 distribuenle.
3427 952 3622 1007 Adhuc

2032 1052 2289 1109 rogamus
2320 1047 2372 1094 te
2419 1056 2518 1110 pro
2546 1055 2630 1096 me
2654 1041 2861 1096 nullius
2892 1042 3056 1111 pretii
3104 1042 3349 1108 homine,
3386 1045 3481 1114 qui
3515 1045 3616 1100 tibi
3712 1035 3715 1039 ’

2031 1129 2237 1197 oﬂ‘ero;
2282 1140 2336 1187 et
2368 1149 2467 1202 pro
2514 1133 2662 1187 omni
2688 1134 3050 1205 presbyterio,
3079 1151 3180 1205 pro
3223 1137 3496 1202 d-iaconis,
3551 1153 3618 1193 ac

2029 1222 2288 1278 universo
2332 1224 2518 1289 clero;
2566 1232 2625 1278 ut
2653 1240 2845 1282 omnes
2877 1227 3199 1295 sapientiam
3230 1245 3260 1283 a
3288 1237 3339 1283 te
3367 1230 3614 1298 edoctos,

2032 1314 2236 1386 Spiritu
2267 1325 2459 1371 sancto
2482 1318 2731 1388 impleas.
2757 1317 2951 1372 Adhuc
2971 1335 3230 1390 rogamus
3251 1328 3328 1387 te,
3361 1321 3611 1385 Domine,

2028 1423 2130 1477 pro
2171 1423 2317 1478 rege,
2352 1418 2405 1463 et
2435 1409 2501 1463 iis
2545 1410 2637 1479 qui
2688 1411 2741 1463 in
2793 1411 3133 1468 sublimitate
3164 1421 3292 1469 sunt
3329 1416 3394 1478 “,
3429 1423 3484 1469 et
3516 1431 3615 1484 pro

2028 1510 2227 1557 cuncto
2256 1503 2534 1568 exercitu;
2567 1511 2626 1556 ut
2656 1519 2745 1558 res
2782 1511 2985 1559 nostra:
3018 1505 3072 1559 in
3103 1521 3238 1574 pace
3271 1515 3561 1562 versentur
3595 1526 3610 1576 ;

2027 1610 2136 1664 quo
2167 1603 2342 1650 totum
2367 1597 2493 1651 vita:
2522 1605 2730 1652 nostrae
2763 1605 2979 1668 tempus
3010 1598 3062 1651 in
3093 1599 3276 1669 quiete
3305 1609 3360 1655 et
3389 1616 3618 1656 concor-

2027 1687 2116 1746 dia
2147 1687 2507 1756 trajicientcs,
2550 1696 2603 1743 te
2631 1705 2726 1758 per
2756 1688 2942 1745 Jesum
2975 1691 3256 1746 Christum
3306 1709 3456 1763 spem
3507 1710 3610 1748 no-

2027 1787 2197 1832 stram
2227 1779 2402 1848 gloria
2432 1779 2754 1836 adiciamus.
2807 1781 3003 1836 Adhuc
3042 1781 3322 1838 offerimus
3374 1785 3473 1838 tibi
3511 1801 3612 1854 pro

2026 1873 2282 1928 omnibus
2313 1874 2545 1932 sanctis.
2580 1875 2672 1944 qui
2711 1889 2741 1927 a
2773 1875 2976 1929 saeculo
3008 1875 3332 1945 placuerunt
3364 1876 3486 1940 tibi,
3512 1891 3611 1946 pa-

2024 1966 2304 2028 triarchis,
2340 1966 2646 2036 prophetis,
2689 1966 2880 2035 justis,
2931 1968 3219 2036 apostolis,
3249 1968 3607 2039 martyribus,

2025 2059 2456 2122 confessoribus,
2509 2058 2808 2130 episcopis,
2876 2060 3259 2131 presbyteris,
3315 2060 3606 2126 diaconis,

2025 2152 2398 2215 subdiaconis,
2433 2152 2751 2216 lectoribus,
2798 2153 3139 2218 cantoribus,
3165 2154 3494 2224 virginibus,
3525 2155 3610 2209 vi—

2023 2244 2168 2309 duis,
2216 2244 2376 2300 laicis
2403 2251 2458 2298 et
2503 2244 2762 2300 omnibus
2795 2259 3029 2314 quorum
3080 2252 3151 2298 tu‘
3190 2246 3332 2300 nosti
3361 2248 3604 2303 nomina.

2020 2338 2214 2394 Adhuc
2260 2337 2543 2392 oﬂ‘erimus
2581 2337 2680 2391 tibi
2733 2353 2833 2407 pro
2880 2338 3082 2408 populo
3115 2337 3256 2404 hoc;
3308 2346 3367 2392 ut
3397 2354 3520 2393 eum
3552 2341 3610 2396 in

2021 2430 2238 2485 laudem
2279 2429 2484 2485 Christi
2514 2430 2593 2484 tui
2647 2430 2907 2485 exhibeas
2959 2430 3143 2500 regale
3199 2431 3605 2499 sacerdotium,

2019 2531 2231 2594 gentem
2256 2531 2504 2578 sanctam
2539 2542 2551 2577 :
2585 2537 2685 2593 pro
2723 2523 2792 2578 iis
2823 2523 2916 2592 qui
2945 2523 3000 2576 in
3028 2523 3344 2593 virginitate
3364 2531 3417 2577 et
3439 2526 3608 2580 casti~

2019 2623 2130 2671 tate
2177 2615 2406 2682 vivunt;
2452 2631 2551 2686 pro
2595 2615 2778 2670 viduis
2829 2614 3120 2681 Ecclesiae;
3154 2629 3255 2686 pro
3286 2615 3354 2670 iis
3399 2616 3493 2685 qui
3548 2617 3604 2671 in

2017 2708 2224 2778 nuptiis
2263 2708 2532 2768 honestis.
2581 2722 2646 2760 ac
2696 2706 2750 2760 in
2799 2707 3255 2777 progeneratione
3303 2707 3605 2763 liberorum

2017 2799 2255 2869 degunt;
2289 2814 2388 2869 pro
2420 2799 2724 2854 infantibus
2755 2799 2931 2868 plebis
2964 2808 3088 2861 tum,
3123 2799 3202 2853 uti
3229 2806 3479 2854 nostrum
3510 2815 3606 2854 ne-

2015 2893 2218 2946 minem
2249 2892 2605 2961 rejiciendum
2631 2891 2856 2946 habeas.
2884 2891 3077 2946 Adhuc
3108 2892 3389 2963 poscimus
3430 2899 3481 2947 te
3505 2909 3604 2962 pro

2017 2983 2151 3037 urbe
2195 2983 2319 3048 hac,
2353 2992 2407 3038 et
2451 2983 2828 3039 habitantibus
2856 2983 2912 3037 in
2952 2998 3051 3050 ea;
3097 2999 3195 3052 pro
3229 2984 3469 3054 aegrotis,
3502 3000 3603 3054 pro

2019 3073 2157 3128 dura
2179 3075 2443 3130 servitute
2467 3075 2718 3142 aﬂlictis;
2744 3091 2845 3147 pro
2875 3077 3189 3144 exsulibus;
3222 3091 3324 3146 pro
3354 3077 3602 3147 proscri-

337 3170 623 3240 ἐπίκουρος
653 3168 762 3240 (60)
790 3169 920 3240 γένῃ
966 3169 1184 3222 πάντων
1211 3168 1404 3240 βοηθὸς
1425 3171 1517 3224 καί⁸
1538 3171 1908 3246 ἀντιλήπτωρ.

2018 3167 2163 3236 ptis;
2198 3182 2297 3237 pro
2323 3167 2731 3237 navigantibus,
2765 3175 2819 3222 et
2860 3169 2964 3224 iter
3007 3169 3378 3238 facientibus;
3429 3180 3490 3227 ut
3522 3174 3603 3229 sis

339 3255 460 3313 Ἔτι
487 3259 910 3332 παρακαλοῦμεν
942 3277 1000 3313 σε
1035 3260 1126 3314 καὶ
1147 3260 1286 3332 ὑπὲρ
1303 3262 1410 3314 τῶν
1446 3265 1744 3333 μισούντων
1766 3267 1914 3337 ἡμᾶς

335 3351 429 3406 καὶ
456 3353 754 3406 διωκόντων
786 3355 819 3424 ἠ
829 3354 934 3423 μᾶς
953 3352 1040 3406 διὰ
1068 3353 1129 3405 τὸ
1151 3352 1322 3424 δνομά
1356 3371 1470 3417 σου,
1503 3338 1642 3428 ὑπὲρ
1660 3357 1768 3410 τῶν
1809 3358 1914 3425 ἔξω

333 3441 501 3499 ὅντων
539 3446 633 3499 καὶ
667 3444 1124 3516 πεπλανημένων,
1162 3446 1310 3509 ὅπως
1351 3429 1684 3519 ἐπιστρέψῃς
1719 3449 1914 3514 αὐτοὺς

332 3539 413 3602 εἷς
449 3539 670 3608 ἀγαθὸν,
706 3539 800 3592 καὶ
829 3537 920 3591 τὸν
943 3537 1112 3608 Θυμδν
1151 3537 1331 3590 αὐτῶν
1355 3537 1620 3610 πραύνῃς.
1655 3541 1776 3592 Ἔτι
1804 3558 1912 3593 πα-

335 3631 674 3702 ρακαλοῦμεν
707 3648 765 3682 σε
788 3631 882 3682 καὶ
911 3629 1052 3701 ὑπὲρ
1081 3627 1189 3682 τῶν
1215 3646 1451 3700 κατηχου
1460 3630 1635 3700 μένων
1657 3631 1757 3702 τῆς
1798 3633 1914 3686 Ἑκ-

331 3722 579 3794 κλησίας,
620 3722 713 3775 καὶ
742 3722 883 3794 ὑπὲρ
913 3721 1022 3775 τῶν
1051 3720 1464 3793 χειμαζομένων
1491 3723 1595 3776 ὑπὸ
1627 3722 1723 3776 τοῦ
1752 3723 1908 3778 ἀλλο-

330 3816 481 3887 τρίου
509 3815 641 3887 (61),
669 3816 763 3867 καὶ
785 3815 924 3886 ὑπὲρ
943 3815 1050 3867 τῶν
1081 3816 1138 3868 ὲν
1172 3815 1428 3886 μετανοίᾳ
1447 3813 1691 3885 ἀδελφῶν
1719 3817 1750 3886 ἡ
1761 3815 1906 3886 μῶν·

330 3907 478 3969 ὅπως
497 3907 623 3969 τοὺς
655 3905 751 3977 μὲν
770 3905 1061 3978 τελειώσῃς
1087 3906 1144 3960 ὲν
1169 3908 1236 3978 τῇ
1266 3907 1466 3971 πίστει,
1498 3907 1626 3970 τοὺς
1653 3906 1709 3959 δὲ
1741 3906 1910 3960 καθα-

335 3998 485 4069 ρίσης
521 3998 585 4051 ἐκ
604 3997 704 4067 τῆς
724 3999 1005 4069 ἐνεργείας
1035 3997 1130 4051 τοῦ
1153 3999 1415 4068 πονηροῦ,
1442 3997 1551 4051 τῶν
1582 3999 1641 4051 δὲ
1681 3999 1782 4071 τὴν
1806 4016 1904 4071 με-

327 4088 549 4142 τάνοιαν
575 4085 871 4161 προσδεξῃ,
928 4091 1022 4143 καὶ
1058 4092 1420 4162 συγχωρήσῃς
1457 4090 1552 4144 καὶ
1592 4091 1774 4154 αὐτοῖς
1813 4093 1909 4145 καὶ

327 4183 459 4252 ἡμῖν
482 4179 550 4234 τὰ
581 4180 1001 4254 παραπτώματα
1036 4183 1216 4255 ἡμῶν.
1262 4185 1382 4236 Ἔτι
1413 4183 1793 4254 προσφέρομεν
1824 4201 1906 4238 σοι

329 4275 423 4328 καὶ
451 4273 591 4346 ὑπὲρ
619 4273 720 4344 τῆς
756 4275 1049 4346 εὐκρασίας
1077 4275 1170 4328 τοῦ
1203 4275 1366 4347 ἀέρος
1397 4275 1492 4328 καὶ
1519 4275 1618 4346 τῆς
1648 4275 1907 4347 εὐφορίας

327 4365 436 4418 τῶν
465 4366 692 4440 καρπῶν
714 4383 726 4396 °
759 4366 905 4431 ὅπως
933 4367 1230 4431 ἁνελλιπῶς
1278 4365 1784 4438 μεταλαμϐάνοντες
1796 4367 1905 4421 τῶν

327 4458 475 4530 παρά
506 4459 598 4512 σοῦ
625 4458 864 4527 ἀγαθῶν,
889 4459 1126 4530 αίνῶμεν
1156 4475 1214 4512 σε
1245 4458 1552 4522 ἀπαύστως,
1578 4458 1670 4512 τὸν
1697 4459 1906 4513 διδόντα

325 4552 529 4623 τροφὴν
555 4552 703 4625 πάσῃ
734 4552 916 4624 σαρκί.
952 4553 1073 4606 Ἔτι
1096 4551 1524 4624 παρακαλοῦμεν
1556 4569 1616 4605 σε
1645 4551 1739 4605 καὶ
1761 4552 1902 4625 ὑπὲρ

324 4646 432 4698 τῶν
462 4647 527 4700 δι’
547 4646 764 4716 εὔλογον
786 4646 964 4700 αἰτίαν
993 4647 1242 4699 ἀπόντων
1265 4662 1280 4676 ο
1311 4645 1457 4708 ὅπως
1487 4644 1734 4708 ἅπαντας
1755 4646 1905 4716 ἡμᾶς

324 4738 653 4812 διατηρήσας
689 4743 746 4794 ὲν
777 4743 844 4812 τῇ
875 4739 1148 4811 εὐσεϐείᾳ,
1181 4737 1590 4810 ἐπισυναγάγῃς
1617 4739 1673 4791 ὲν
1701 4741 1769 4809 τῇ
1803 4737 1902 4808 βα-

327 4831 501 4905 σιλείᾳ
526 4833 619 4887 τοῦ
648 4833 883 4905 Χριστοῦ
922 4851 1048 4895 σου,
1093 4831 1187 4884 τοῦ
1233 4830 1367 4885 Θεοῦ
1414 4831 1594 4903 πάσης
1640 4831 1902 4902 αἰσθητῆς

326 4925 421 4977 καὶ
440 4927 633 4997 νοητῆς
664 4927 896 4996 φύσεως,
935 4925 1028 4978 τοῦ
1070 4921 1331 4996 βασιλέως
1352 4925 1533 4997 ἡμῶν,
1563 4925 1897 4997 ἀτρέπτους,

323 5016 665 5086 ἀμέμπτους,
713 5017 1113 5086 ἀνεγκλήτουςο
1145 5019 1226 5071 ὅτι
1263 5035 1343 5070 σοι
1382 5020 1530 5071 πᾶσα
1555 5017 1701 5084 δόξα,
1733 5017 1898 5081 σέϐας

329 5106 423 5156 καὶ
474 5105 789 5176 εὐχαριστία
810 5146 824 5170 ,
881 5107 1013 5178 τιμὴ
1040 5110 1132 5161 καὶ
1163 5108 1554 5180 προσκύνησις,
1585 5108 1664 5180 τῷ
1694 5109 1893 5182 Πατρὶ,

541 5265 586 5295 ’⁸
627 5264 642 5316 Ι
675 5263 816 5318 Tim.
847 5282 908 5330 ιι,
938 5266 994 5320 2.

2016 3259 2328 3323 auxiliator,
2365 3260 2611 3313 omnium
2640 3259 2861 3329 adjutor
2887 3275 2951 3315 ac
2975 3261 3251 3317 defensor.
3281 3262 3476 3317 Adhuc
3508 3279 3601 3317 ro—

2014 3369 2208 3424 gamus
2228 3360 2282 3407 te
2312 3367 2411 3423 pro
2432 3353 2501 3409 iis
2546 3353 2638 3423 qui
2669 3353 2902 3409 oderunt
2925 3369 3048 3418 nos,
3073 3365 3126 3410 et
3153 3362 3374 3425 propter
3399 3370 3600 3412 nomen

2013 3452 2167 3499 tuum
2199 3461 2299 3500 nos
2323 3453 2762 3516 persequuntur;
2792 3461 2890 3516 pro
2926 3445 2994 3500 iis
3042 3447 3135 3517 qui
3182 3447 3315 3503 foris
3346 3457 3500 3514 sunt,
3534 3465 3600 3505 ac

2012 3544 2201 3591 errant
2228 3556 2239 3590 :
2266 3545 2324 3589 ut
2352 3537 2594 3593 adducas
2613 3553 2709 3594 eos
2734 3538 2799 3592 ad
2823 3539 3050 3601 bonum,
3075 3548 3127 3593 et
3146 3539 3382 3593 furorem
3407 3557 3599 3596 eorum

2013 3629 2250 3698 mitiges.
2281 3628 2481 3684 lterum
2525 3645 2784 3701 rogamus
2815 3639 2869 3686 te
2909 3647 3009 3701 pro
3047 3631 3307 3688 Ecclesia:
3337 3633 3599 3688 catechu-

2012 3721 2187 3776 menis
2212 3739 2226 3788 ;
2255 3729 2310 3775 et
2339 3737 2438 3792 pro
2470 3722 2537 3776 iis
2583 3723 2677 3793 qui
2708 3723 2777 3778 ab
2832 3723 3149 3779 adversario
3192 3725 3505 3794 jactantur;
3542 3735 3598 3782 et

2012 3828 2114 3883 pro
2156 3814 2536 3884 paenitentiam
2575 3816 2860 3885 agentibus
2918 3814 3184 3872 fratribus
3241 3818 3450 3874 nostris
3487 3839 3498 3872 :
3537 3826 3596 3874 ut

2013 3906 2220 3974 primos
2247 3907 2467 3976 quidem
2493 3906 2745 3978 perﬁcias
2785 3908 2840 3960 in
2873 3907 3014 3973 ﬁde;
3047 3909 3248 3964 alteros
3281 3925 3410 3964 vero
3435 3926 3597 3964 mun-

2010 3996 2108 4052 des
2125 4012 2154 4052 a
2179 3999 2466 4054 vexatione
2493 4001 2621 4053 mali
2644 4017 2657 4066 ;
2691 4001 2976 4055 tertiorum
3003 4010 3184 4056 autem
3217 4003 3594 4071 penitentiam

2011 4092 2306 4161 suscipias,
2332 4093 2718 4162 condonesque
2746 4106 2870 4146 cum
2899 4091 2988 4155 iis,
3024 4103 3137 4146 tum
3170 4094 3329 4148 nobis
3350 4110 3470 4163 qua:
3498 4095 3595 4149 de-

2011 4183 2292 4252 liquimus.
2317 4183 2609 4239 Oll‘erimus
2640 4198 2857 4253 quoque
2886 4183 2986 4236 tibi
3026 4199 3127 4252 pro
3157 4185 3300 4238 aeris
3331 4193 3596 4254 tempera-

2009 4282 2156 4340 tura,
2189 4287 2241 4332 ct
2265 4276 2480 4347 frugum
2508 4277 2788 4343 ubertate;
2826 4282 2884 4330 ut
2908 4275 3278 4332 indesinenter
3311 4278 3455 4332 bona
3489 4293 3518 4330 a
3539 4286 3594 4333 te

2010 4369 2206 4424 collata
2230 4369 2617 4440 percipientes,
2648 4368 2870 4422 assidue
2900 4367 3186 4422 laudemus
3220 4376 3296 4431 te,
3342 4368 3436 4438 qui
3491 4369 3593 4424 das

1981 4527 1984 4532 ι
2010 4475 2192 4514 escam
2216 4461 2363 4515 omni
2387 4461 2560 4514 carni.
2595 4459 2770 4513 Etiam
2795 4474 3050 4530 rogamus
3079 4467 3131 4514 te
3153 4475 3252 4528 pro
3281 4460 3368 4523 iis,
3407 4460 3500 4530 qui
3523 4463 3592 4515 ob

2009 4569 2231 4608 causam
2264 4553 2603 4623 probabilem
2633 4553 2889 4607 absentes
2919 4561 3046 4606 sunt
3072 4570 3084 4605 :
3112 4560 3171 4604 ut
3195 4567 3388 4607 omnes
3410 4568 3510 4607 nos
3535 4553 3592 4606 in

2005 4646 2206 4716 pietate
2234 4652 2588 4700 conservatos
2619 4660 2649 4699 a
2677 4651 2750 4707 te,
2771 4645 2824 4698 in
2855 4643 3059 4698 Christi
3087 4644 3186 4708 tui,
3211 4643 3304 4698 Dei
3325 4645 3592 4699 universa:

2003 4747 2215 4793 naturae
2239 4739 2342 4793 sub
2378 4753 2600 4793 sensum
2627 4749 2679 4792 et
2723 4737 3140 4806 intelligentiam
3193 4737 3463 4800 cadentis,
3498 4752 3589 4791 re-

2003 4833 2196 4902 gisque
2227 4831 2401 4886 nostri
2431 4847 2602 4900 regno
2632 4844 2957 4900 congreges,
2991 4828 3383 4893 immutabiles,
3420 4829 3590 4883 incul-

2005 4931 2184 4994 patos,
2215 4923 2629 4992 irreprehensos
2678 4939 2689 4972 :
2743 4921 3000 4990 quoniam
3033 4921 3132 4976 tibi
3171 4921 3351 4975 omnis
3381 4921 3586 4990 gloria,

2011 5017 2316 5080 veneratio,
2352 5015 2651 5085 gratiarum
2684 5015 2852 5077 actio,
2884 5013 3084 5079 honor,
3110 5012 3380 5073 adoratio,
3413 5010 3583 5073 Patri,

2005 5119 2059 5164 et
2093 5108 2250 5173 Filio,
2294 5115 2348 5161 ct
2382 5105 2610 5177 Spiritui
2642 5116 2858 5173 sancto,
2889 5121 3056 5172 nunc,
3099 5113 3153 5162 et
3177 5120 3411 5176 semper,
3443 5113 3498 5160 ct
3529 5105 3584 5158 in

1660 5426 2019 5504 vamonuu
2055 5449 2282 5504 NOTAE.

394 5613 506 5737 ‘60)
558 5614 920 5681 Ἐπίκουρος.
954 5613 1175 5669 Πάντων
1225 5619 1532 5690 ἐπίκουρος,
1571 5619 1624 5672 iu
1653 5615 1890 5672 Vindol).

394 5702 405 5737 ι
433 5727 442 5737 .
477 5694 534 5737 ut
557 5686 608 5737 in
655 5685 908 5737 versione
938 5683 1146 5737 Latina.
1178 5686 1344 5737 Cum.

267 5689 269 5694 '
323 5683 442 5738 cod.
477 5694 534 5738 ut
557 5686 608 5739 in
655 5685 908 5740 versione
938 5683 1146 5739 Latina.
1178 5686 1344 5743 Cum.

392 5755 516 5829 (Gl);
534 5754 976 5829 ~szla{alttér'wr
1000 5755 1115 5829 ὑπὸ
1148 5758 1250 5829 τοῦ
1267 5759 1607 5826 ἀλλοτρίου.
1639 5756 1742 5823 Qui
1765 5773 1886 5829 cap.

322 5822 562 5880 550157
593 5822 988 5898 Χειμαζόμενοι
1021 5827 1340 5898 simpliciter
1389 5822 1676 5892 dicuntur,
1710 5835 1767 5898 ut
1797 5822 1888 5881 εἶι-

321 5909 464 5952 none
499 5896 790 5969 Ancyrauo
820 5898 906 5962 l7,
940 5904 990 5952 cl
1019 5912 1046 5950 a
1079 5896 1311 5953 Maximo
1336 5902 1400 5953 ad
1425 5909 1585 5968 caput
1615 5916 1672 5966 νιν,
1705 5897 1888 5952 Hrcle--

2004 5616 2587 5702 siuslicazliierarcltiw:
2644 5616 3076 5702 Xatgtagépsvmn
3256 5617 3581 5702 πνεημάτων

2003 5687 2348 5757 ἀκαθάρτων,
2369 5695 2461 5740 aut
2490 5688 2594 5741 ὑπὸ
2611 5686 2917 5758 πνεύματος
2938 5687 3269 5758 ἀκαθάρτου,
3298 5689 3350 5741 in
3377 5686 3585 5742 Euche-

2002 5759 2180 5828 logiis.
2217 5757 2308 5811 Sic
2332 5759 2552 5813 eosdem
2585 5774 2985 5827 encrgun'ienos
3015 5757 3260 5814 invenies
3282 5759 3583 5827 appellatos

1998 5827 2412 5953 évpﬂnupgvou;
2435 5830 2486 5886 et
2509 5828 2613 5883 ὑπὸ
2641 5829 2962 5900 πνευμάτων
2993 5829 3314 5901 ἀκαθάρτων
3347 5828 3582 5901 ἐνοχλου-

1998 5917 2207 5953 ιιενους.
2269 5917 2378 5953 .o'r.

1998 5917 2207 5968 μείους.
2243 5917 2378 5954 μυτ.
