4044 6254
478 367 616 424 “07

1362 363 1418 418 S.
1457 361 1854 418 CLEMENTIS
1887 362 1908 415 l
1945 361 2111 418 80M.
2151 359 2356 419 PONT.
2393 361 2624 420 OPERA
2657 363 2886 421 DUBlA.

3609 360 3736 414 “03

475 481 689 536 inﬁnita
736 458 1182 550 ac'sempitcrna
1230 480 1433 534 sarcula
1485 478 1840 534 saeculorum.
1892 475 2073 547 Atque

2192 479 2286 532 καὶ
2304 478 2382 549 τῷ
2405 479 2541 550 Υἱῷ,
2569 481 2662 534 καὶ
2684 481 2762 553 τῷ
2780 481 2920 551 ἁγίῳ
2945 479 3084 534 Πνεὺ
3094 497 3241 551 ματι,
3270 479 3363 532 καὶ
3385 477 3501 545 νῦν,
3531 479 3621 532 καὶ
3642 479 3739 542 ἀεὶ,

474 573 656 630 omnis
694 573 931 642 populus
998 574 1168 626 Amen
1201 571 1551 642 respondeat.
1579 569 1645 623 Et
1668 570 1816 624 dicat
1853 569 2068 640 episco-

481 680 631 736 pus:
665 663 779 730 Pax
805 663 898 718 Dei
926 664 998 719 sit
1039 680 1162 718 cum
1202 665 1460 718 omnibus
1496 662 1678 718 vobis.
1710 661 2070 731 Cunctusque

479 757 717 828 populus
769 756 1141 827 respondeat:
1184 756 1251 810 Et
1288 772 1412 811 cum
1457 756 1654 826 spiritu
1683 764 1800 811 tuo.
1841 756 1918 811 Ac
1945 757 2067 811 dia-

477 863 652 904 conus
670 849 867 908 iterum
897 850 1153 919 praadicet
1177 868 1190 904 :

1074 1077 1303 1133 CAPUT
1345 1076 1479 1132 Xlll.

588 1194 774 1251 Oratio
795 1211 888 1262 pro
908 1193 1151 1264 ﬁdelibus
1181 1202 1301 1262 post
1326 1193 1561 1247 divinant
1589 1191 1938 1248 oblationem.

549 1353 744 1409 Adhuc
794 1359 957 1422 atque
1013 1350 1192 1405 adhuc
1243 1365 1468 1405 oremus
1518 1348 1690 1405 Deum
1752 1365 1850 1421 per
1904 1349 2068 1405 Chri-

478 1455 624 1502 stum
672 1447 814 1517 ejus,
865 1461 964 1515 pro
997 1459 1242 1502 munere.
1295 1444 1439 1513 quod
1489 1443 1723 1500 Domino
1755 1444 1865 1500 Deo
1913 1445 2066 1499 obla-

477 1547 592 1593 tum
622 1547 706 1608 est
735 1558 751 1605 ;
785 1547 844 1592 ut
877 1538 1042 1604 Deus,
1094 1537 1187 1605 qui
1238 1536 1418 1592 bonus
1455 1544 1562 1602 est,
1600 1536 1757 1602 illud,
1791 1535 2066 1593 mediante

478 1632 700 1686 Christo
741 1646 863 1694 suo,
911 1629 1143 1700 recipiat
1200 1629 1256 1684 in
1287 1630 1514 1684 cmleste
1545 1644 1707 1684 suum
1753 1629 1945 1691 altare,
1995 1628 2064 1683 ad

476 1723 700 1778 odorem
753 1722 1060 1778 suavitatis.
1117 1720 1224 1776 Pro
1273 1720 1520 1776 Ecclesia
1571 1721 1697 1784 hac,
1755 1728 1810 1774 et
1863 1720 2066 1791 pepulo

475 1831 735 1882 oremus;
795 1831 894 1885 pro
952 1815 1213 1870 universo
1268 1816 1629 1885 episcopatu,
1694 1812 1846 1868 omni
1900 1827 2058 1883 pres-

474 1909 714 1981 byterio,
741 1915 943 1964 cuncto
965 1907 1168 1964 Christi
1200 1907 1451 1962 diaeonio
1465 1922 1528 1960 ac
1552 1905 1879 1968 ministerio,
1905 1903 2055 1960 omni

479 2001 743 2057 Ecclesiae
773 2007 918 2055 coetu
944 2015 1200 2066 oremus;
1235 2010 1295 2052 ut
1322 1999 1588 2055 Dominus
1611 2000 1902 2055 universos
1929 2014 2063 2053 con-

477 2104 660 2152 servet
687 2102 850 2162 atque
879 2092 1174 2147 custodiat.
1208 2089 1314 2145 Pro
1346 2092 1569 2162 regibus
1593 2133 1607 2154 ,
1643 2099 1698 2146 et
1737 2092 1792 2146 in
1840 2092 2062 2148 sublimi

479 2202 749 2266 potestate
789 2192 1102 2248 constitutis
1144 2205 1398 2257 oremus;
1439 2197 1499 2244 ut
1541 2205 1628 2246 res
1667 2197 1869 2245 nostrm
1901 2189 2051 2260 paci-

478 2287 595 2340 lica:
625 2287 768 2348 sint;
811 2299 920 2354 quo
950 2283 1113 2338 vitam
1145 2282 1383 2351 quietam
1413 2291 1466 2335 et
1503 2280 1847 2348 tranquillam
1880 2285 2048 2346 nacti,

478 2379 535 2433 in
582 2379 730 2432 omni
780 2378 975 2446 pietate
1026 2391 1088 2429 ac
1138 2390 1350 2428 morum
1396 2373 1647 2428 castitate
1688 2373 1948 2442 degamus
1979 2373 2046 2426 ’⁸.

481 2468 801 2523 Sanctorum
833 2473 1132 2536 martyrum
1165 2479 1434 2518 memores
1460 2466 1665 2522 simus.
1696 2471 1754 2516 ut
1783 2463 1930 2532 digni
1960 2464 2052 2518 ha-

477 2561 708 2616 beamur
748 2559 1037 2628 participes
1081 2557 1194 2610 ﬁeri
1243 2572 1432 2612 eorum
1478 2556 1813 2610 certaminis.
1845 2554 1950 2610 Pro
1983 2556 2050 2613 iis

479 2651 572 2720 qui
609 2651 662 2709 in
699 2652 800 2704 ﬁde
845 2650 1226 2718 requicvcrunt
1257 2663 1496 2702 oremus.
1527 2646 1631 2701 Pro
1674 2647 1796 2702 coeli
1846 2654 2052 2717 tempe-

479 2746 666 2792 ratura
700 2747 752 2792 et
784 2737 999 2808 frugum
1043 2738 1354 2792 maturitate
1396 2753 1636 2792 oremus.
1670 2735 1772 2790 Pro
1804 2748 2050 2792 recenter

477 2831 750 2901 baptismo
772 2831 1087 2886 illuminatis
1107 2847 1347 2893 oremus,
1368 2842 1426 2883 ut
1441 2829 1902 2884 contirmenturin
1925 2829 2049 2895 (ide;

477 2935 691 2988 omnes,
726 2921 820 2977 alii
855 2921 921 2974 ab
965 2921 1088 2977 aliis
1126 2921 1443 2975 incitentur.
1473 2919 1689 2974 Suscita
1720 2935 1850 2982 nos,
1886 2914 2048 2982 Deus,

477 3014 534 3067 in
559 3015 734 3084 gratia
765 3022 879 3068 tua.
911 3012 1196 3074 Suscitati,
1225 3027 1327 3067 nos
1354 3012 1503 3081 ipsos
1526 3010 1636 3064 Deo
1658 3026 1755 3079 per
1772 3009 2055 3064 Christum

477 3106 600 3176 ejus
623 3107 1090 3160 commendemus.
1125 3104 1190 3157 Et
1213 3105 1510 3173 episcopus
1540 3103 1688 3156 dicat
1716 3120 1728 3155 ι
1762 3099 1930 3165 Deus,
1963 3103 2055 3173 qui

2188 571 2282 622 καὶ
2313 571 2394 634 είς
2423 571 2550 635 τοὺς
2572 572 2876 636 ἀνελλιπεῖς
2899 572 2993 625 καὶ
3011 572 3397 643 ἀτελευτήτους
3420 571 3620 634 αἰῶνας
3649 570 3746 622 τῶν

2187 659 2413 714 αίώνων.
2455 663 2567 716 Καὶ
2610 666 2719 726 πᾶς
2745 665 2773 715 6
2805 664 2930 726 λαὸς
2956 663 3179 732 λεγέτω
3229 664 3424 734 Ἀμήν.
3450 663 3561 715 Καὶ
3588 664 3616 715 6
3642 661 3748 713 ἐπί-

2189 769 2387 816 σκοπος
2415 755 2642 808 εἰπάτω·
2682 755 2746 808 Ἡ
2770 756 2958 827 εἰρήνη
2988 755 3082 808 τοῦ
3105 755 3240 809 Θεοῦ
3266 756 3351 823 εἴη
3381 753 3517 825 μετά
3544 753 3747 807 πάντων

2185 843 2362 912 ὑμῶν.
2400 844 2510 897 Καὶ
2543 847 2654 907 πᾶς
2684 846 2714 898 6
2743 845 2872 908 λαὸς
2899 845 3121 913 λεγέτω·
3160 846 3270 898 Καὶ
3314 845 3452 916 μετά
3475 843 3570 898 τοῦ
3599 844 3746 898 πνεύ-

2187 935 2357 1002 ματός
2389 953 2503 989 σου..
2537 937 2650 991 Καὶ
2679 939 2707 990 6
2727 938 2972 1001 διάκονος
2994 955 3062 1009 κη
3071 937 3528 1010 ρυσσέτω,πάλιν·

2696 1074 3097 1132 ΚΕΦΛΛᾹΙΟΝ
3130 1075 3227 1129 !I".

2166 1188 2608 1259 Hpooscdwnmc
2627 1186 2725 1240 ἐπὶ
2753 1185 2872 1241 τῶν
2887 1186 3117 1273 πιστῶν
3129 1185 3280 1256 μετὰ
3300 1185 3414 1255 τὴν
3432 1187 3600 1244 θείαν
3616 1187 3748 1243 ἀνα-

2856 1274 3071 1326 φοράν.

2241 1354 2362 1407 Ἔτι
2403 1354 2498 1407 καὶ
2525 1353 2605 1406 ἔτι
2635 1350 2915 1423 δεηοῶμεν
2957 1350 3050 1405 τοῦ
3082 1349 3216 1404 Θεοῦ
3255 1349 3346 1403 διά
3394 1349 3489 1404 τοῦ
3519 1350 3747 1423 Χριστοῦ

2166 1445 2353 1509 αὑτοῦ,
2386 1446 2528 1518 ὑπὲρ
2563 1445 2657 1500 τοῦ
2699 1443 2872 1518 δώρου
2899 1444 2992 1498 τοῦ
3029 1443 3523 1515 προπομισθέντος
3569 1443 3750 1516 Κυρίῳ

2164 1538 2247 1610 τῷ
2277 1537 2417 1609 Θεῷ,
2450 1537 2598 1602 ὅπως
2641 1537 2670 1589 ὁ
2705 1536 2907 1606 ἀγαθὸς
2947 1536 3080 1599 Θεὸς
3117 1535 3482 1608 προσδέξηται
3512 1536 3643 1589 αὑτὸ
3670 1536 3751 1589 διὰ

2163 1631 2265 1701 τῆς
2306 1630 2583 1702 μεσιτείας
2612 1629 2705 1684 τοῦ
2747 1628 2985 1702 Χριστοῦ
3019 1627 3184 1682 αὑτοῦ
3217 1631 3298 1692 είς
3334 1628 3395 1682 τὸ
3439 1629 3750 1701 ἐπουράνιον

2165 1721 2331 1775 αὑτοῦ
2377 1721 2783 1792 θυσιαστήριον,
2818 1722 2898 1783 εἰς
2929 1719 3104 1791 ὀσμὴν
3151 1719 3397 1784 εὐωδίας.
3446 1720 3619 1790 ’Υπὲρ
3657 1720 3752 1790 τῆς
3791 1703 3794 1708 ³

2181 1813 2507 1886 Ἐκκλησίας
2527 1815 2731 1883 ταύτης
2753 1813 2847 1867 καὶ
2863 1811 2957 1866 τοῦ
2989 1813 3117 1865 λαοῦ
3139 1812 3441 1884 δεηθῶμεν,
3474 1813 3619 1885 ὑπὲρ
3649 1812 3750 1866 πά·-

2160 1924 2260 1980 σης
2288 1907 2628 1990 ὲπισριοπῆς,
2652 1906 2852 1970 παντὸς
2883 1905 3274 1977 πρεσϐυτερίου
3294 1948 3309 1973 ,
3350 1906 3530 1977 πάσης
3561 1905 3662 1977 τῆς
3700 1905 3754 1958 ὲν

2163 2000 2388 2074 Χριστῷ
2432 2000 2706 2064 διακονίας
2746 1998 2848 2052 ,καὶ
2893 1998 3198 2070 ὑπηρεσίας
3226 1997 3358 2069 (62),
3411 1997 3615 2062 παντὸς
3660 1995 3751 2051 τοῦ

2165 2093 2530 2167 πληρώματος
2557 2093 2658 2164 τῆς
2699 2091 3026 2170 Ἐκκλησίας
3048 2090 3329 2162 δεηθῶμεν
3354 2109 3367 2120 ⁸
3394 2091 3544 2154 ὅπως
3580 2092 3608 2144 ὁ
3648 2089 3756 2144 Κὺ-

2169 2204 2281 2258 ριος
2313 2186 2522 2249 πάντας
2563 2185 2866 2257 δια-τηρήσῃ
2909 2185 3006 2238 καὶ
3032 2182 3357 2255 διαφυλάξῃ.
3398 2183 3570 2256 Ὑπὲρ
3603 2182 3752 2253 βασι-

2165 2279 2302 2333 λέων
2332 2279 2428 2332 καὶ
2458 2277 2567 2331 τῶν
2614 2279 2672 2332 ὲν
2707 2279 2950 2348 ὑπεροχῇ
2979 2275 3280 2348 δεηθῶμεν·
3314 2277 3400 2330 ἵνα
3431 2276 3757 2348 εἰρηνεὺων-

2165 2389 2257 2427 ται
2296 2371 2365 2426 τὰ
2404 2371 2539 2444 πρὸς
2571 2372 2741 2442 ἡμᾶς,
2790 2371 2941 2433 ὅπως
2990 2371 3200 2441 ἤρεμον
3241 2370 3336 2422 καὶ
3382 2370 3608 2440 ἡσύχιον
3648 2369 3758 2439 βίον

2167 2464 2401 2534 ἔχοντες,
2433 2463 2708 2534 διάγωμεν
2736 2463 2794 2515 ὲν
2841 2462 2990 2532 πάσῃ
3024 2460 3274 2533 εὐσεϐείᾳ
3323 2461 3415 2514 καὶ
3444 2462 3754 2533 σεμνότητι.

2169 2558 2289 2612 Τῶν
2312 2558 2480 2626 ἁγίων
2514 2556 2806 2629 μαρτύρων
2831 2553 3311 2626 μνημονεύσωμεν·
3336 2555 3484 2616 ὅπως
3513 2554 3760 2607 κοινωνοὶ

2167 2651 2423 2721 γενέσθαι
2450 2650 2551 2720 τῆς
2579 2649 2860 2720 ἀθλήσεως
2891 2646 3071 2700 αὐτῶν
3102 2644 3546 2716 καταξιωθῶμεν.
3584 2646 3763 2718 ’Υπὲρ

2166 2743 2276 2799 τῶν
2303 2745 2362 2801 ὲν
2397 2743 2577 2796 πίστει
2608 2740 3078 2811 ἀναπαυσαμένων
3115 2737 3414 2809 δεηθῶμεν.
3454 2737 3628 2809 Ὑπὲρ
3658 2738 3760 2808 τῆς

2167 2835 2463 2908 εὐκρασίας
2497 2835 2604 2888 τῶν
2634 2834 2812 2905 ἀέρων
2857 2834 2952 2886 καὶ
2987 2831 3344 2904 τελεσφορίας
3377 2830 3484 2884 τῶν
3527 2832 3759 2902 καρπῶν

2165 2925 2464 2999 δεηοῶμεν.
2509 2925 2680 2997 ’Υπὲρ
2716 2925 2823 2978 τῶν
2871 2924 3244 2994 νεοφωτίστων
3280 2923 3576 2994 δεηοῶμενο
3609 2924 3758 2986 ὅπως

2167 3017 2536 3088 βεϐαιωθῶσιν
2565 3019 2624 3070 ὲν
2651 3019 2717 3088 τῇ
2750 3016 2965 3082 πίστει,
2999 3016 3199 3079 πάντες
3238 3017 3328 3069 ὑπ’
3361 3015 3536 3070 ἄλλων
3576 3033 3756 3085 παρα-

2166 3111 2514 3165 καλέσθωσαν
2560 3109 2690 3182 (65).
2746 3109 3074 3180 Ἀνάστησον
3129 3111 3278 3181 ἡμᾶς
3323 3109 3352 3160 6
3401 3108 3535 3172 Θεὸς
3575 3110 3637 3162 ὲν
3690 3111 3755 3179 τῇ

478 3213 712 3268 magnus
750 3204 804 3251 et
847 3197 1027 3265 magni
1071 3195 1312 3249 nominis
1343 3209 1425 3254 cs,
1471 3208 1700 3262 magnus
1733 3195 1966 3249 consilio
1990 3196 2058 3259 ",

2170 3202 2348 3274 χάριτί
2404 3220 2519 3258 σουτ
2570 3203 2907 3268 ἀναστάντες
2959 3203 3185 3266 ἑαυτοὺς
3231 3202 3312 3274 τῷ
3354 3201 3473 3274 Θεῷ
3527 3202 3620 3256 διὰ
3664 3201 3756 3256 τοῦ

478 3298 533 3343 et
559 3298 755 3358 potens
785 3289 1088 3357 operibus;
1142 3285 1287 3342 Deus
1329 3293 1383 3339 et
1423 3284 1587 3339 Pater
1622 3287 1797 3339 sancti
1830 3285 1950 3340 Filii
1983 3288 2063 3342 tui

479 3379 610 3436 Jesu
647 3380 951 3434 Salvatoris
983 3380 1196 3442 nostri,
1231 3379 1446 3448 respice
1475 3393 1643 3448 super
1665 3393 1766 3433 nos
1794 3394 1858 3431 ac
1900 3396 2065 3452 super

480 3490 696 3545 gregem
738 3481 893 3527 tuum
978 3473 1147 3534 hunc,
1186 3487 1348 3541 quem
1402 3487 1498 3540 per
1537 3486 1663 3526 eum
1713 3471 1962 3542 delegisti
1995 3474 2064 3530 ad

478 3566 722 3621 nominis
742 3566 822 3619 tui
841 3564 1101 3635 gloriam;
1128 3573 1181 3618 et
1213 3563 1569 3618 sanctilicans
1588 3579 1792 3633 corpus
1814 3572 2062 3619 nostrum

481 3666 538 3715 et
571 3659 808 3712 animam
841 3664 1089 3711 nostram
1116 3697 1130 3718 ,
1177 3656 1420 3710 concede
1441 3696 1456 3718 ,
1507 3663 1566 3709 ut
1595 3656 1774 3710 eli‘ecti
1821 3659 1946 3727 puri
1995 3658 2066 3712 ab

481 3751 633 3807 omni
668 3749 1084 3820 inquinamento
1114 3749 1300 3803 carnis
1332 3763 1394 3802 ac
1427 3749 1658 3819 spiritus
1682 3752 1748 3815 ’⁷,
1784 3753 2066 3823 proposita

477 3845 625 3897 bona
677 3856 1122 3911 consequamur;
1167 3841 1556 3911 neminemque
1606 3851 1858 3897 nostrum
1918 3845 2064 3900 indi-

481 3949 648 4006 gnum
669 3935 907 4005 judices,
933 3949 1120 3988 verum
1156 3935 1233 3988 sis
1260 3941 1449 3987 noster
1476 3934 1717 4003 adjutor,
1746 3937 2063 4007 opitulator,

482 4036 893 4098 propugnator,
947 4043 1043 4096 per
1076 4027 1356 4081 Christum
1410 4037 1602 4094 tuum;
1651 4044 1777 4083 cum
1811 4045 1919 4100 quo
1969 4029 2066 4086 tibi

480 4120 684 4190 gloria.
719 4119 927 4182 honor,
968 4120 1120 4182 laus,
1164 4118 1492 4189 gloriﬁcatio
1517 4160 1532 4183 ,
1566 4122 1864 4190 gratiarum
1897 4121 2064 4187 actio,

481 4220 537 4270 et
565 4220 756 4268 sancto
783 4211 1047 4282 Spiritui,
1091 4213 1145 4266 in
1183 4212 1402 4267 srecula.
1435 4211 1622 4266 Amen.
1657 4212 1724 4265 Et
1775 4221 2065 4284 postquam

482 4321 677 4360 omnes
705 4305 978 4368 dixerint,
1014 4303 1221 4371 Amen;
1273 4304 1544 4359 diaconus
1586 4305 1772 4359 dicat:
1805 4305 2066 4360 Attenda-

481 4413 626 4456 mus.
663 4397 742 4451 Ac
772 4399 1068 4468 cpiscopus
1108 4399 1184 4451 ita
1234 4398 1300 4450 ad
1352 4399 1612 4468 populum
1660 4399 2062 4468 proloquatur:

485 4489 685 4544 Sancta
759 4491 990 4546 sanctis.
1056 4490 1413 4560 Populusquc
1465 4491 1795 4560 respondeat
1846 4509 1858 4544 :
1914 4490 2066 4548 Unus

2166 3294 2402 3366 Χριστοῦ
2435 3294 2600 3349 αὑτοῦ
2632 3293 3026 3367 παραθώμεοα.
3066 3294 3177 3348 Καὶ
3206 3296 3234 3346 6
3271 3293 3566 3358 ἐπίσκοπος
3607 3293 3757 3362 λεγέ-

2165 3405 2243 3440 τω
2265 3405 2277 3417 ·
2323 3389 2379 3441 Ὀ
2409 3387 2539 3452 Θεὸς
2565 3389 2594 3442 ὁ
2627 3389 2800 3460 μέγας
2829 3389 2923 3441 καὶ
2953 3387 3362 3459 μεγαλώνυμος,
3401 3387 3430 3440 6
3476 3387 3651 3458 μέγας
3689 3387 3754 3456 τῇ

2171 3479 2356 3554 βουλῇ,
2382 3481 2475 3534 καὶ
2511 3481 2772 3553 κραταιὸς
2817 3484 2929 3544 τοῖς
2959 3479 3170 3551 ἔργοις,
3205 3480 3232 3532 ὀ
3262 3479 3394 3543 Θεὸς
3425 3481 3520 3533 καὶ
3565 3477 3756 3551 Πατὴρ

2165 3573 2260 3626 τοῦ
2318 3574 2474 3641 ἁγίου
2531 3572 2729 3636 Παιδός
2761 3590 2856 3626 σου
2911 3571 3086 3643 Ἰησοῦ
3124 3571 3220 3625 τοῦ
3265 3573 3519 3644 Σωτῆρος
3575 3573 3754 3643 ἡμῶν,

2167 3665 2457 3736 ὲπίϐλεψον
2487 3667 2571 3736 ἐφ’
2601 3667 2751 3738 ἡμᾶς
2781 3666 2875 3718 καὶ
2919 3667 3012 3718 ἐπὶ
3041 3666 3103 3720 τὸ
3149 3665 3400 3736 ποίμνιόν
3436 3682 3528 3716 σου
3575 3664 3752 3722 τοῦτο.

2167 3758 2196 3811 ὃ
2223 3758 2290 3812 δι’
2321 3757 2488 3814 αὑτοῦ
2519 3758 2746 3823 ἐξελέξω
2792 3759 2872 3821 είς
2899 3756 3058 3821 δόξαν
3085 3756 3179 3810 τοῦ
3210 3757 3472 3826 ὀνόματός
3506 3773 3633 3824 σου,
3664 3755 3755 3808 καὶ

2170 3850 2402 3919 ἁγιάσας
2430 3853 2463 3921 ἡ
2473 3850 2590 3921 μῶν
2612 3849 2673 3903 τὸ
2703 3848 2861 3920 σῶμα
2884 3849 2992 3919 (6-4)
3031 3851 3124 3902 καὶ
3152 3849 3249 3920 τὴν
3277 3849 3456 3918 ψυχὴν
3489 3847 3755 3912 καταξίω-

2171 3960 2261 3996 σον
2291 3943 2567 4014 καθαροὺς
2596 3942 2918 4012 γενομένους
2944 3941 3051 3994 ἀπὸ
3081 3941 3282 4003 παντὸς
3313 3941 3592 4011 μολυσμοῦ
3628 3956 3755 4011 σαρ-

2168 4036 2264 4100 κὸς
2292 4037 2386 4089 καὶ
2415 4035 2742 4105 πνεύματος,
2773 4037 2956 4105 τυχεῖν
2975 4034 3082 4087 τῶν
3106 4033 3481 4106 προκειμένων
3513 4033 3751 4101 ἀγαθῶν,

2169 4113 2281 4180 κα“ι“
2297 4127 2499 4198 μηδένα
2527 4127 2686 4198 ἡμῶν
2715 4125 2932 4191 ἀνάξιον
2969 4127 3180 4199 κρίνῃς,
3211 4125 3347 4178 ἀλλά
3376 4125 3568 4195 βοηθὸς
3599 4127 3632 4195 ἡ
3643 4123 3752 4195 μῶν

2167 4221 2356 4290 γενοῦ,
2383 4220 2762 4291 ἀντιλήπτωρ,
2795 4219 3228 4289 ὑπερασπιστὴς,
3259 4217 3347 4270 διὰ
3388 4217 3482 4269 τοῦ
3515 4213 3752 4289 Χριστοῦ

2171 4332 2264 4368 σου
2288 4332 2301 4344 ·
2342 4314 2459 4386 μεθ’
2494 4307 2554 4366 οῦ
2592 4331 2673 4366 σοι
2704 4312 2853 4379 δόξα,
2885 4312 3040 4382 τιμὴ,
3069 4307 3234 4374 αἶνος,
3269 4309 3567 4378 δοξολογία,
3596 4310 3754 4378 εὑχα-

2171 4409 2389 4481 ριστῐα,
2426 4409 2522 4462 καὶ
2554 4407 2632 4478 τῷ
2683 4407 2824 4476 ἁγίῳ
2865 4404 3173 4476 Πνεὺμοιτι,
3224 4405 3302 4464 εἰς
3350 4403 3474 4465 τοὺς
3531 4401 3749 4460 αἰῶνας.

2183 4501 2373 4571 Ἀμήν.
2410 4501 2520 4553 Καὶ
2557 4499 2693 4571 μετά
2724 4499 2784 4551 τὸ
2835 4499 3042 4560 πάντας
3080 4498 3253 4550 εἰπεῖν
3277 4535 3292 4559 ,
3333 4494 3523 4571 Ἀμήψ
3576 4493 3605 4544 6
3643 4491 3753 4544 διά-

483 4589 749 4648 sanctus,
782 4599 926 4638 unus
962 4581 1230 4638 Dominus
1252 4621 1268 4646 ,
1300 4599 1446 4637 unus
1475 4580 1638 4638 Jesus
1668 4582 1926 4638 Christus
1948 4624 1961 4647 ,
2007 4584 2062 4639 in

2170 4609 2325 4656 κονος
2372 4592 2594 4661 λεγέτωο
2632 4578 2988 4664 Πρόσχωμεὺ.
3044 4589 3215 4642 Καὶό
3245 4587 3543 4649 ἐπίσκοπος
3589 4599 3752 4657 προσ-

482 4675 710 4745 gloriam
745 4674 840 4730 Dei
871 4674 1086 4737 Patris,
1134 4673 1457 4730 benedictus
1509 4675 1564 4728 in
1616 4675 1838 4730 saecula.
1869 4675 2062 4733 Amen.

488 4783 510 4819 ι
548 4765 734 4821 Gloria
766 4767 820 4821 in
861 4767 1150 4823 altissimis
1184 4765 1316 4830 Deo,
1349 4778 1403 4822 et
1435 4767 1486 4820 in
1521 4776 1666 4823 terra
1706 4784 1808 4838 pax
1830 4809 1845 4834 ,
1879 4769 1934 4823 in
1967 4770 2060 4824 bo-

557 4925 627 4980 ’³1
652 4925 860 4990 Tim.u,
895 4926 951 4981 Ξ.
1029 4925 1076 4957 ’⁸
1097 4925 1210 4982 Jer.
1243 4943 1416 4993 χχχιι,
1451 4927 1537 4982 19.
1617 4931 1660 4960 ⁵⁷
1693 4928 1737 4981 ll
1769 4929 1896 4985 Cor.
1928 4946 2026 4997 vn,
2060 4931 2113 4987 1.

2171 4685 2477 4754 φωνησάτω
2523 4684 2601 4755 τῷ
2646 4683 2760 4754 λαῷ
2788 4682 2950 4736 οὑτω·
2990 4681 3070 4735 Τά
3100 4680 3231 4750 ἆγια
3269 4683 3381 4744 τοῖς
3414 4680 3610 4747 ἁγίοις.
3648 4675 3750 4729 Καὶ

2170 4776 2198 4826 6
2230 4775 2356 4840 λαὸς
2402 4777 2741 4831 ὑπακουέτω·
2791 4776 2903 4848 (65)
2936 4772 3032 4840 Εἷς
3083 4774 3266 4844 ἅγιος,
3300 4770 3379 4838 εἷς
3409 4772 3644 4844 Κύριος,
3676 4763 3751 4830 εἷς

1819 5127 2184 5187 VARIORUM
2215 5130 2444 5188 ΝΟΤᾸΞ.

555 5315 817 5391 (62)7Καὶ
862 5316 1216 5391 ὑπηρεσίας.
1270 5313 1477 5391 Desunt
1525 5314 1580 5368 in
1627 5315 1753 5370 cod.
1793 5313 1956 5372 Vind.
2007 5331 2072 5371 ac

2177 5315 2842 5391 Constantitmtimperat._,
2883 5330 2946 5391 ἰν.
2979 5315 3124 5391 685:
3162 5317 3272 5371 Ποῦ
3311 5315 3517 5391 πρέπον
3543 5314 3610 5390 ἦν
3644 5316 3746 5391 καὶ

379 5391 388 5398 ’
485 5385 618 5448 sane
647 5385 840 5443 abesse
867 5389 994 5442 hinc
1017 5393 1268 5458 possunt.
1300 5385 1473 5458 Cuan.

555 5460 666 5530 (65)
717 5459 845 5513 ’Υπ’
889 5455 1096 5530 ἀλλων
1136 5457 1713 5530 παρακαλέσθωσαγ.
1765 5456 1824 5530 In
1879 5455 2070 5512 eodem

482 5527 672 5586 codice
695 5530 838 5602 ὑπὲρ
867 5529 1109 5602 ἀλλήλων
1136 5529 1626 5602 παρακαλέσωμεν.
1652 5527 1806 5594 Quod
1835 5530 2062 5590 rectius,

481 5602 530 5658 si
559 5602 708 5672 legas
745 5600 837 5655 ὑπ’
871 5600 1136 5672 ἀλλήλων.
1172 5601 1248 5672 lt).

560 5617 708 5722 tegas
745 5617 835 5655 ὑπ’
871 5617 1136 5672 αΑληΛων.
1174 5617 1248 5655 ιι).

817 5669 1006 5740 σῶμα.
1037 5670 1120 5724 Τὰ
1148 5671 1374 5740 σώματα
1411 5685 1465 5723 tn
1491 5671 1614 5726 cod.
1652 5668 2061 5740 Vimlob.,r1uod

484 5757 704 5800 melius.
739 5757 790 5795 ID

555 5811 668 5880 (65)
710 5810 1106 5865 Ύπίικουέτω.
1141 5809 1257 5862 Dixi
1286 5811 1531 5864 nonnihil
1569 5828 1756 5880 supra.
1787 5809 1942 5865 Nunc
1967 5812 2062 5864 ad-

482 5882 618 5952 jicio
642 5882 1081 5937 emendationem
1129 5883 1183 5933 in
1213 5880 1636 5958 .§.r.‘\thanasio.
1682 5881 1938 5948 Apologia
1995 5881 2062 5934 ad

1241 5945 1278 5967 οἱ

2175 5389 2320 5442 ὅσιον
2350 5387 2658 5442 ὑπακοῦσαι
2692 5389 2782 5440 τὸν
2812 5388 2938 5461 λαὸν
2976 5386 3039 5441 τὸ
3065 5389 3267 5461 Ἀμήνς
3306 5386 3404 5441 Ubi
3442 5386 3742 5461 conveniens

2174 5469 2290 5512 erat
2320 5470 2367 5512 et
2398 5469 2658 5522 sanctum,
2687 5469 2743 5512 ut
2771 5459 2992 5529 populus
3025 5459 3354 5529 responderet
3417 5459 3623 5514 Amen?
3641 5472 3744 5510 non

2173 5530 2577 5591 ὲπακοῦσαι,ιιῑ
2621 5531 2850 5586 audiret.
2900 5530 3055 5587 Patet
3096 5549 3163 5587 ex
3209 5546 3276 5584 eo
3317 5529 3460 5599 quod
3503 5532 3745 5599 sequitur

2172 5601 2358 5655 eadem
2411 5617 2568 5670 pag.:
2618 5601 2712 5653 ἐὰν
2759 5603 3026 5655 τοσούτων
3061 5602 3202 5655 λαῶν
3248 5597 3603 5654 συνελθόντων
3650 5597 3742 5667 μία

2171 5671 2394 5742 γένηται
2423 5673 2592 5743 φωνὴ,
2617 5671 2880 5743 λεγόντων
2907 5672 2985 5742 τῷ
3013 5672 3132 5743 Θεῷ
3157 5671 3218 5724 τὸ
3251 5671 3443 5743 Ἀμήν·
3475 5671 3560 5723 ubi
3583 5686 3645 5722 ex
3672 5675 3744 5720 tot

2173 5743 2435 5812 tantisque
2483 5742 2690 5809 populis
2741 5744 2791 5796 in
2847 5759 3011 5797 unum
3075 5742 3442 5810 certgregalis,
3499 5759 3599 5795 una
3649 5752 3742 5793 eux

2173 5815 2400 5878 oriatur,
2433 5812 2717 5867 dicentium
2755 5813 2896 5868 Deo:
2929 5816 3114 5869 Amen.
3150 5815 3287 5869 Cor.
