4062 6258
551 324 684 393 tm
1440 334 1497 389 s.
1533 335 1924 393 GLEMENTIS
1956 337 1976 391 ι
2011 338 2177 396 non.
2217 328 2418 398 roN'r.
2457 340 2683 397 OPERA
2718 340 2943 397 DUBlA.
3661 350 3781 411 tua

547 450 648 513 ris,
675 449 729 503 in
769 446 1077 503 custodiam
1110 446 1330 518 pietatis
1352 486 1366 510 ,
1411 446 1467 501 in
1499 448 1879 503 remissionem
1925 464 2099 518 pecca

2222 452 2519 518 εὐσεϐείας,
2537 456 2617 519 είς
2632 456 2823 525 ἄφεσιν
2840 455 3141 528 ἁμαρτιῶν,
3156 459 3237 521 είς
3255 457 3398 532 ζωὴν
3411 458 3506 513 τοῦ
3523 462 3781 535 μέλλοντος

545 541 749 604 torum,
782 539 838 594 in
866 538 1032 594 vitam
1064 538 1233 595 futuri
1266 540 1449 595 saeculi
1472 540 1539 595 ³⁸.
1572 539 1893 610 Surgamus.
1919 540 1976 596 In
1999 558 2099 613 grai

2224 545 2436 608 αἰῶνος.
2481 546 2871 618 Ἐγειρώμεθα.
2907 549 2995 601 Ἐν
3013 550 3194 621 χάριτι
3214 550 3443 622 Χριστοῦ
3474 553 3692 620 ἑαυτοὺς
3714 561 3780 631 τῷ

545 636 620 689 tia
651 633 881 700 Christi,
946 647 1049 687 nos
1099 632 1248 703 ipsos
1283 632 1419 694 Deo,
1447 632 1548 687 soli
1598 634 1842 701 ingenito
1885 633 1995 689 Deo
2017 675 2032 699 ,
2067 652 2097 692 e

2222 637 2340 708 Θεῷ
2367 637 2498 709 (70),
2530 639 2610 710 τῷ
2657 640 2804 710 μόνῳ
2835 641 3115 712 ἀγεννήτῳ
3153 641 3300 713 Θεῷ,
3335 644 3427 697 καὶ
3466 644 3547 717 τῷ
3578 648 3779 721 Χριστῷ

544 725 770 781 Christo
814 724 936 795 ejus
966 725 1434 780 commendemus.
1466 724 1643 795 Atque
1678 727 1970 797 episcopus
1997 743 2099 799 grav

2220 728 2384 783 αὑτοῦ
2416 731 2805 802 παραϐώμεθα.
2840 733 2948 807 Καὶ
2980 735 3008 786 6
3039 734 3336 798 ἐπίσκοπος
3383 736 3777 808 εύχαριστείτω.

544 817 744 871 tiarum
769 816 1041 872 actionem
1073 815 1316 886 proterat
1344 833 1357 870 :
2264 833 2268 837 ‘

1136 928 1367 985 CAPUT
1408 928 1524 985 XV.

864 1045 1132 1101 Invocatio
1191 1055 1307 1114 post
1356 1047 1799 1100 communionem.

2745 936 3141 1025 ΙξΕΦΑΛΑῐΟΝ
3164 937 3265 991 lE’.

2478 1048 2829 1117 Ἐπίκλησις
2866 1028 3017 1120 μετὰ
3038 1049 3165 1119 ,τὴν
3185 1044 3547 1123 μετάληψιν.

612 1159 840 1217 Domine
872 1160 1015 1216 Deus
1047 1160 1417 1230 omnipotens,
1448 1159 1613 1215 Pater
1642 1158 1846 1215 Christi
1881 1161 1984 1225 tui,
2018 1160 2099 1216 be-

2288 1162 2531 1218 Δέσποτα
2561 1165 2589 1217 6
2621 1164 2751 1240 Θεὸς
2771 1166 2799 1218 6
2824 1163 3239 1237 παντοκράτωρ,
3270 1162 3299 1215 6
3323 1162 3513 1235 Πατὴρ
3537 1162 3627 1218 τοῦ
3648 1164 3769 1236 Χρι-

540 1255 743 1313 ncdicti
782 1254 940 1322 Filii;
992 1254 1279 1310 exauditor
1318 1269 1510 1308 eorum
1538 1254 1630 1324 qui
1668 1260 1817 1309 recte
1860 1252 2099 1308 invocam

2224 1253 2351 1309 στοῦ
2374 1271 2467 1308 σου
2490 1255 2582 1310 τοῦ
2607 1254 2896 1326 εύλογητοῦ
2924 1255 3140 1320 Παιδὸς,
3164 1256 3191 1309 6
3214 1254 3322 1308 τῷν
3349 1257 3463 1325 μετ’
3497 1255 3771 1326 εὐθύτητος

539 1355 613 1412 te,
646 1348 896 1419 cognitor
925 1361 1149 1421 precum
1179 1346 1342 1401 etiam
1374 1362 1563 1401 eorum
1607 1346 1699 1416 qui
1740 1354 1957 1413 tacent;
1991 1361 2099 1416 gra-

2220 1345 2661 1417 ἐπικαλουμένων
2685 1364 2744 1401 σε
2765 1348 3019 1419 ἐπήκοος,
3042 1350 3071 1405 6
3090 1347 3183 1401 καὶ
3202 1347 3310 1400 τῶν
3336 1345 3655 1402 σιωπώντων
3673 1350 3770 1403 ὲπιρ

537 1441 646 1499 tias
698 1440 909 1512 agimus
941 1439 1076 1500 tibi,
1128 1438 1273 1509 quod
1313 1452 1415 1492 nos
1465 1438 1662 1508 dignos
1717 1438 1981 1495 censuisti
2021 1444 2099 1510 qu‘

2219 1435 2481 1507 στάμενος
2503 1436 2600 1503 τὰς
2628 1435 2913 1505 ἐντεύξειςο
2949 1437 3375 1510 εύχαριστοῦμέν
3393 1453 3497 1501 σοι,
3527 1440 3605 1492 ὅτι
3626 1456 3770 1511 κατη-

539 1533 996 1604 participaremus
1023 1540 1213 1586 sancta
1248 1539 1338 1584 tua
1369 1530 1651 1601 mysteria,
1686 1545 1806 1598 qua:
1836 1530 2099 1600 preabuisti

2219 1526 2415 1595 ξίωσας
2443 1532 2588 1602 ἡμᾶς
2617 1531 2935 1605 μεταλαϐεῖν
2954 1532 3059 1585 τῶν
3084 1531 3251 1600 ἁγίων
3274 1547 3365 1584 σου
3393 1532 3718 1603 μυστηρίων,
3738 1535 3769 1588 ἀ

536 1625 697 1683 nobis
752 1623 818 1681 ad
873 1623 1091 1694 plenam
1149 1637 1342 1678 eorum
1398 1636 1521 1692 qua:
1573 1620 1711 1677 bene
1756 1622 2099 1692 cognovimus

2202 1621 2491 1693 ,παρέσχου
2518 1626 2668 1704 ἡμῖν,
2689 1623 3058 1695 πληροφορίαν
3076 1624 3183 1679 τῶν
3205 1623 3387 1688 καλῶς
3410 1625 3767 1699 ἐγνωσμένων,

535 1717 975 1788 persuasionem,
1003 1715 1069 1770 ad
1104 1715 1407 1770 custodiam
1437 1714 1693 1785 pietatis,
1728 1714 1797 1769 ad
1829 1716 2099 1772 remissio

2213 1720 2294 1781 είς
2322 1717 2565 1789 φυλακὴν
2593 1718 2693 1788 τῆς
2717 1717 3019 1781 εὐσεϐείας,
3050 1719 3130 1781 είς
3158 1717 3350 1787 ἄφεσιν
3383 1717 3772 1790 πλημμελημά-

533 1825 659 1865 nem
688 1809 1013 1865 delictorum
1042 1827 1057 1875 ;
1088 1808 1347 1878 quoniam
1377 1822 1579 1863 nomen
1610 1805 1817 1863 Christi
1849 1809 1926 1863 tui
1956 1809 2099 1863 invo-

2210 1826 2339 1863 των·
2372 1809 2452 1862 ὅτι
2496 1810 2558 1862 τὸ
2586 1808 2755 1880 ὄνομα
2786 1808 2881 1863 τοῦ
2919 1808 3156 1880 Χριστοῦ
3192 1825 3287 1863 σου
3321 1811 3673 1882 ἐπικέκληται
3698 1813 3771 1883 ἐφ’

534 1912 717 1957 catum
752 1909 838 1957 est
881 1916 1048 1972 super
1081 1916 1204 1963 nos,
1236 1908 1290 1955 et
1332 1901 1431 1955 tibi
1474 1900 1716 1969 adjuncti
1756 1916 1967 1956 sumus.
2005 1900 2099 1967 Qui

2211 1903 2379 1973 ἡμᾶς,
2407 1900 2503 1955 καὶ
2532 1898 2617 1954 σοὶ
2644 1899 3127 1973 προσῳκειώμεθα.
3163 1901 3220 1956 '0
3245 1903 3488 1974 χωρίσας
3516 1905 3659 1974 ἡμᾶς
3687 1904 3773 1976 τῆς

534 1995 834 2066 segregasti
878 2008 981 2047 nos
1023 1992 1091 2047 ab
1126 1992 1420 2062 impiorum
1459 1991 1883 2054 communione,
1931 1992 2099 2048 aduna

2209 1993 2319 2046 τῶν
2346 1991 2554 2047 ἀσεϐῶν
2593 1992 2904 2057 κοινωνίας,
2932 1992 3133 2047 ἒνωσον
3173 1995 3322 2066 ἡμᾶς
3352 1994 3493 2067 μετὰ
3521 1996 3627 2051 τῶν
3653 1998 3772 2052 καθ-

532 2102 658 2142 cum
688 2087 756 2141 iis
784 2086 879 2156 qui
911 2084 1009 2139 tibi
1042 2091 1173 2139 sunt
1204 2084 1535 2146 consecrati,
1569 2082 1722 2137 ﬁrma
1751 2098 1853 2139 nos
1878 2083 1935 2137 in
1967 2084 2099 2140 veri-

2208 2084 2540 2155 ωσιωμένων
2585 2100 2706 2147 σοι,
2752 2084 3001 2156 στήριξον
3045 2087 3194 2156 ἡμᾶς
3242 2088 3300 2140 ὲν
3348 2089 3414 2159 τῇ
3452 2088 3673 2162 ἀληθείᾳ
3713 2093 3770 2163 τῇ

534 2187 647 2235 tate
677 2195 773 2250 per
807 2178 981 2234 sancti
1015 2174 1258 2248 Spiritus
1290 2176 1609 2243 adventum,
1637 2192 1757 2247 quae
1792 2177 2109 2249 ignoramus

528 2272 733 2337 revela,
766 2287 886 2342 qua:
918 2270 1182 2328 deficiunt
1215 2271 1429 2341 supple,
1461 2285 1583 2341 quae
1627 2270 1884 2325 novimus
1918 2286 2110 2347 corro-

532 2365 686 2421 bora.
725 2364 1051 2421 Sacerdotes
1084 2364 1394 2434 inculpatos
1419 2376 1681 2418 conserva
1712 2363 1769 2417 in
1797 2363 1947 2417 cultu
1973 2373 2103 2419 tuo:

530 2472 690 2529 reges
716 2466 872 2513 tuere
902 2457 956 2512 in
983 2472 1117 2527 pace
1141 2474 1157 2523 ;
1192 2456 1547 2526 magistratus
1576 2455 1630 2509 in
1650 2454 1862 2524 justitia
1885 2473 1901 2523 ;
1926 2471 2105 2512 aerem

526 2548 587 2603 in
611 2549 906 2619 temperie;
938 2548 1125 2619 fruges
1158 2548 1210 2602 in
1245 2548 1529 2613 ubertate;
1562 2547 1825 2602 mundum
1848 2548 1905 2602 in
1930 2548 2107 2602 omni-

529 2649 752 2712 potente
777 2642 1141 2713 providentia.
1167 2639 1369 2697 Gentes
1401 2640 1694 2696 bellicosas
1718 2640 1847 2696 seda
1873 2660 1885 2695 :
1914 2656 2106 2697 erran-

530 2742 616 2789 tes
653 2742 950 2791 converte:
987 2734 1246 2806 populum
1298 2741 1453 2789 tuum
1501 2733 1786 2790 sanctiﬁca
1818 2754 1831 2790 :
1864 2735 2104 2807 virgines

527 2840 796 2882 conserva
817 2827 1115 2899 :conjuges
1143 2826 1361 2882 custodi
1382 2825 1436 2879 in
1462 2825 1605 2881 ﬁde:
1642 2834 1828 2883 castos
1863 2829 2100 2886 robora:

527 2918 769 2975 infantes
794 2920 859 2974 ad
894 2927 1167 2974 maturam
1197 2926 1413 2974 aetatem
1443 2917 1649 2989 perduc
1674 2938 1687 2975 :
1720 2936 1895 2989 nuper
1918 2920 2102 2976 initia-

525 3019 614 3068 tos
659 3011 812 3066 ﬁrma
844 3031 858 3067 :
903 3013 1327 3068 catechumenos
1363 3010 1544 3075 erudi,
1579 3025 1643 3066 ac
1674 3010 1869 3082 dignos
1911 3012 2099 3068 initia-

528 3104 676 3160 tione
720 3102 929 3161 redde:
978 3118 1188 3173 nosque
1220 3117 1411 3158 omnes
1453 3117 1722 3173 congrega
1771 3103 1827 3157 in
1871 3119 2098 3174 regnum

526 3199 816 3261 cmlorum,
853 3198 906 3253 in
958 3196 1183 3253 Christo
1234 3195 1364 3253 Jesu
1403 3194 1635 3253 Domino
1691 3206 1920 3266 nostro;
1971 3194 2127 3254 cumf

524 3308 637 3361 quo
659 3292 757 3346 tibi
800 3291 993 3363 gloria,
1024 3290 1202 3344 honor
1237 3304 1301 3343 ac
1334 3289 1635 3351 veneratio,
1668 3296 1724 3344 et
1755 3296 1946 3345 sancto
1978 3287 2101 3362 Spi-

524 3384 678 3447 ritui,
708 3384 763 3439 in
786 3384 1006 3439 saecula.
1038 3382 1232 3437 Amen.
1260 3381 1325 3435 Et
1349 3382 1615 3437 diaconus
1648 3381 1833 3437 dicat:
1875 3380 1982 3437 Deo
2005 3398 2102 3453 per

420 3522 423 3525 .
523 3475 805 3530 Christum
846 3474 969 3543 ejus
994 3474 1274 3536 inclinate,
1299 3480 1354 3528 et
1384 3472 1613 3543 accipite
1639 3473 2097 3531 benedictionem.

524 3563 665 3621 Tum
701 3566 990 3636 episcopus
1044 3572 1318 3637 precetur,
1361 3564 1449 3620 his
1490 3564 1706 3619 verbis:
1740 3563 1884 3621 Deus
1923 3566 2100 3619 omni-

522 3665 752 3736 potens,
791 3673 957 3714 verax
999 3666 1053 3713 ct
1100 3657 1578 3729 incomparabilis,
1615 3657 1709 3728 qui
1762 3658 1965 3728 ubique
2004 3674 2100 3715 ex-

524 3753 710 3815 sistis,
751 3766 815 3808 ac
853 3750 1108 3806 omnibus
1150 3766 1392 3821 prmsens
1424 3766 1515 3814 es,
1547 3759 1600 3805 et
1634 3751 1691 3805 in
1738 3750 1887 3805 nullo
1926 3750 2100 3805 instar

524 3859 715 3900 eorum
737 3858 856 3914 qua:
878 3843 1067 3898 insunt
1096 3843 1423 3898 contineris:
1450 3842 1542 3913 qui
1571 3842 1704 3898 locis
1727 3857 1836 3898 non
1861 3841 2097 3897 circum-

525 3936 806 4001 scriberis,
837 3933 1175 4006 temporibus
1204 3949 1313 3989 non
1360 3933 1703 3997 vetustescis,
1741 3934 1956 3990 sacculis
1987 3949 2097 3990 non

524 4029 859 4094 tcrminaris,
891 4028 1074 4084 verbis
1110 4044 1219 4083 non
1248 4026 1563 4093 seducet-is;
1594 4027 1688 4098 qui
1717 4026 1860 4082 ortui
1892 4042 2003 4082 non
2036 4042 2098 4082 es

525 4121 828 4191 subjectus,
851 4127 905 4176 et
934 4119 1182 4175 custodia
1213 4134 1323 4174 non
1356 4118 1591 4189 indiges,
1623 4124 1676 4173 et
1707 4132 1873 4188 supra
1907 4127 2093 4173 extra-

522 4230 628 4285 que
655 4215 933 4270 interitum
964 4229 1046 4276 es,
1068 4229 1133 4268 ac
1163 4212 1578 4268 conversionem
1603 4212 1846 4281 recipere
1876 4210 2094 4280 nequis,

524 4315 688 4376 atque
730 4314 927 4361 natura
970 4321 1031 4361 es
1079 4304 1436 4359 immutabilis
1464 4321 1479 4371 ;
1511 4303 1605 4373 qui
1649 4303 1826 4357 lucem
1882 4302 2096 4358 habitas

525 4398 861 4453 inaccessam
886 4398 952 4461 ”,
981 4405 1036 4452 et
1089 4404 1285 4451 natura
1324 4395 1617 4450 invisibilis
1661 4408 1757 4461 es;
1789 4393 1884 4465 qui
1918 4393 2097 4449 omni-

2208 2175 2303 2229 τοῦ
2349 2177 2505 2246 ἁγίου
2551 2177 2866 2248 Πνεύματος
2914 2178 3252 2251 ἐπιφοιτήσει
3277 2218 3293 2243 ,
3333 2178 3403 2232 τὰ
3454 2180 3772 2253 ἀγνοούμενα

2208 2268 2579 2338 ἀποκάλυψον,
2612 2268 2681 2322 τά
2707 2269 2964 2323 λείποντα
2991 2269 3101 2343 (7-1)
3135 2271 3686 2344 προσαναπλήρωσον,
3712 2274 3772 2328 τὰ

2208 2360 2526 2432 ἐγνωσμένα
2552 2361 2839 2431 κράτυνον.
2872 2362 3011 2426 Τοὺς
3041 2363 3210 2435 ἱερεῖς
3241 2363 3510 2437 ἀμώμους
3537 2367 3772 2438 διαφύλα-

2209 2449 2298 2513 ξον
2345 2452 2402 2504 ἐν
2434 2454 2501 2523 τῇ
2535 2451 2758 2523 λατρεία
2793 2469 2909 2507 σοῦ’
2939 2455 3066 2517 τοὺς
3100 2454 3339 2525 βασιλεῖς
3375 2457 3696 2531 διατήρησον
3720 2463 3770 2514 ἐν

2206 2544 2420 2616 εἰρήνη,
2451 2546 2578 2609 τοὺς
2605 2546 2869 2615 ἄρχοντας
2901 2546 2959 2600 ὲν
2999 2546 3336 2620 δικαιοσύνῃ,
3368 2550 3501 2615 τοὺς
3537 2551 3696 2623 ἀέρας
3720 2554 3770 2606 ἐν

2204 2635 2492 2709 εὐκρασίᾳ,
2527 2639 2656 2703 τοὺς
2702 2640 2950 2711 καρποὺς
2983 2642 3041 2693 ὲν
3074 2641 3324 2713 εύφορίᾴ,
3356 2642 3451 2696 τὸν
3498 2644 3691 2716 κόσμον
3719 2646 3769 2698 ὲν

2204 2728 2467 2782 παναλκεῖ
2487 2728 2597 2801 (72)
2619 2730 2864 2802 προνοίᾳ.
2887 2730 2968 2784 Τά
2986 2730 3109 2803 ἔθνη
3133 2732 3201 2784 τὰ
3234 2732 3360 2785 πολε
3368 2735 3505 2805 μικά
3527 2736 3766 2808 πράΰνον·

2201 2819 2272 2873 τὰ
2306 2820 2694 2893 πεπλανημένα
2724 2822 3067 2895 ὲπίστρεψονο
3100 2824 3193 2877 τὸν
3221 2824 3347 2879 λαόν
3396 2843 3495 2881 σου
3544 2828 3767 2896 ἀγίασονο

2200 2915 2327 2977 τοὺς
2343 2917 2399 2968 ὲν
2410 2914 2674 2987 παρθενίᾳ
2685 2914 3023 2987 διατήρησοψ
3046 2916 3171 2980 τοὺς
3189 2918 3246 2970 ἐν
3267 2918 3430 2990 γάμῳ
3470 2918 3769 2989 διαφύλαξόν

2201 3007 2258 3059 ἐν
2277 3008 2475 3061 πίστει·
2504 3008 2630 3071 τοὺς
2647 3008 2705 3061 ὲν
2725 3007 2913 3081 ἁγνεία
2932 3008 3325 3080 ὲνδυνάμωσον·
3339 3010 3408 3064 τά
3435 3012 3605 3084 νήπια
3626 3012 3771 3084 ἄδρυ-

2199 3114 2306 3151 νονο
2326 3099 2451 3165 τοὺς
2471 3098 2728 3164 νεοτελεῖς
2758 3098 3073 3171 βεϐαίωσοψ
3097 3101 3223 3163 τοὺς
3249 3102 3306 3154 ὲν
3343 3106 3639 3177 κατηχήσει
3660 3104 3769 3157 παί-

2198 3192 2417 3257 δευσον,
2456 3193 2549 3247 καὶ
2576 3193 2675 3265 τῆς
2706 3194 2958 3265 μυήσεως
2986 3190 3167 3259 ἀξίους
3193 3192 3492 3259 ἀνάδειξονο
3520 3196 3612 3251 καὶ
3646 3196 3766 3249 πάν-

2198 3286 2466 3356 ταςήμᾶς
2492 3284 2859 3354 ὲπισυνάγαγε
2880 3286 2959 3349 είς
2976 3285 3075 3356 τὴν
3094 3286 3202 3338 τῶν
3218 3286 3464 3358 οὐρανῶν
3489 3286 3763 3359 βασιλείαν,

2198 3381 2257 3434 ὲν
2284 3377 2505 3450 Χριστῷ
2536 3378 2708 3450 Ἰησοῦ
2739 3377 2816 3449 τῷ
2848 3377 3037 3450 Κυρίῳ
3062 3378 3256 3449 ήμῶνῄ
3274 3379 3390 3450 μεθ’
3423 3374 3488 3434 οὗ
3518 3398 3599 3435 σοι
3630 3380 3762 3448 δόξα,

2197 3472 2329 3544 τιμὴ
2352 3471 2448 3525 καὶ
2477 3471 2658 3537 σέϐας,
2681 3472 2776 3525 καὶ
2800 3470 2880 3542 τῷ
2908 3471 3046 3541 ἁγίῳ
3070 3470 3367 3543 Πνεύματι,
3397 3475 3481 3539 είς
3507 3476 3631 3537 τοὺς
3644 3473 3763 3527 αἰῶ·-

2198 3583 2313 3629 νας.
2358 3565 2547 3637 ’Δμήν.
2587 3566 2742 3619 Καὶό
2761 3564 3005 3627 διάκονος
3036 3563 3258 3633 λεγέτω·
3282 3564 3371 3637 Τῷ
3405 3564 3528 3637 Θεῷ
3559 3565 3642 3619 διὰ
3678 3564 3763 3618 τοῦ

2198 3658 2434 3732 Χριστοῦ
2477 3658 2639 3712 αύτοῦ
2669 3658 2914 3722 κλίνατε,
2949 3658 3043 3711 καὶ
3087 3658 3414 3727 εύλογεῖσθε.
3450 3660 3565 3713 Καὶ
3601 3662 3628 3713 6
3656 3658 3762 3711 ὲπί-

2200 3770 2399 3817 σκοπός
2427 3750 2760 3822 ὲπευχέσθω,
2798 3750 2991 3820 λέγων’
3033 3750 3090 3804 Ὀ
3115 3750 3247 3814 Θεὸς
3272 3750 3383 3821 (75)
3411 3752 3440 3805 6
3476 3751 3764 3823 παντοκρά-

2196 3862 2331 3919 τωρ,
2366 3846 2394 3899 ὁ
2425 3842 2797 3915 ἀληθινὸςοκαὶ
2825 3841 3175 3915 ἀσύγκριτος,
3210 3843 3237 3897 6
3269 3842 3551 3913 πανταχοῦ
3579 3842 3652 3898 ὣν
3678 3841 3763 3895 καὶ

2195 3926 2311 4003 τοῖς
2338 3938 2471 3991 πᾶσι
2496 3934 2684 4007 παρὼν
2712 3935 2807 3988 καὶ
2832 3936 2889 3989 ὲν
2920 3935 3097 3990 ούδενὶ
3124 3935 3201 4007 ὡς
3232 3935 3350 3988 ἐνόν
3364 3935 3707 4007 τιὺπάρχων,
3737 3935 3763 3988 6

2196 4031 2384 4093 τόποις
2413 4028 2487 4100 μὴ
2520 4028 3014 4100 περιγραφόμενος,
3037 4029 3065 4082 6
3094 4028 3309 4100 χρόνοις
3339 4028 3415 4100 μὴ
3446 4027 3762 4098 παλαιούμε-

2197 4139 2316 4187 νος,
2350 4123 2378 4174 6
2404 4119 2565 4174 αίῶσι
2600 4120 2673 4192 μὴ
2703 4120 3128 4191 περατούμενος,
3158 4121 3186 4173 6
3216 4118 3396 4188 λόγοις
3427 4121 3504 4192 μὴ
3539 4116 3763 4192 παραγό-

2201 4231 2379 4286 μενος,
2414 4214 2443 4266 6
2471 4212 2682 4283 γενέσει
2711 4213 2785 4285 μὴ
2820 4213 3199 4283 ὑποκείμενος,
3222 4212 3250 4265 6
3282 4210 3529 4283 φυλακῆς
3565 4211 3635 4282 μὴ
3661 4208 3763 4263 δεό-

2202 4323 2381 4377 μενος,
2410 4306 2439 4359 6
2486 4305 2690 4377 φθορᾶς
2717 4303 2987 4376 ἀνώτερος
3008 4343 3023 4368 ,
3051 4305 3080 4356 6
3111 4300 3319 4375 τροπῆς
3347 4302 3708 4363 ἀνεπίδεκτος,
3737 4300 3763 4351 6

2197 4398 2355 4468 φύσει
2376 4397 2752 4460 ἀναλλοίωτος,
2778 4398 2806 4450 ό
2826 4395 2940 4466 φῶς
2967 4395 3131 4450 οἰκῶν
3149 4395 3463 4467 ἀπρόσιτον,
3486 4395 3515 4448 6
3532 4396 3598 4465 τῇ
3620 4392 3763 4461 φύσει

524 4491 629 4546 bus
659 4492 872 4547 naturis
902 4489 1266 4544 rationalibus
1299 4495 1353 4543 te
1388 4487 1649 4543 benevole
1688 4486 2094 4556 requirentibus

2199 4489 2445 4562 ἀόρατος,
2491 4490 2520 4542 6
2546 4486 2788 4557 γνωστὸς
2818 4488 3017 4551 πάσαις
3058 4489 3177 4551 ταῖς
3218 4487 3333 4559 μετ’
3359 4486 3572 4550 εύνοίας
3610 4483 3763 4553 ἐκζη-

525 4591 690 4636 notus
735 4598 817 4643 es,
862 4589 918 4638 et
959 4580 1385 4651 deprehenderis
1420 4581 1489 4636 ab
1520 4579 1589 4635 iis
1629 4578 1724 4648 qui
1766 4579 1820 4633 in
1859 4579 2094 4634 benevo-

524 4674 687 4728 lentia
718 4675 989 4743 vestigant
1018 4681 1072 4727 te
1098 4692 1110 4726 :
1145 4672 1288 4727 Deus
1321 4670 1559 4757 lsraelis,
1590 4684 1717 4725 vere
1747 4670 2004 4735 videntis,
2036 4672 2091 4726 in

524 4762 802 4821 Christum
853 4764 1127 4819 credentis
1175 4763 1360 4839 pepuli
1410 4762 1489 4816 tui
1528 4781 1540 4815 :
1574 4759 1842 4831 prOpitius
1894 4762 2090 4828 factus,

666 4902 712 4934 ’°
743 4903 762 4956 l
793 4900 917 4957 Cor.
945 4917 1019 4965 χι,
1051 4900 1141 4955 29.
1221 4900 1262 4932 ³¹
1302 4899 1319 4953 Ι
1351 4900 1492 4955 Tim.
1519 4916 1596 4966 v1,
1625 4902 1715 4955 16.

2196 4581 2414 4645 τούσαις
2456 4598 2516 4633 σε
2547 4580 2791 4649 λογικαῖς
2840 4579 3104 4649 φύσεσιν,
3146 4581 3177 4633 6
3228 4575 3764 4648 καταλαμϐανόμενος

2201 4673 2303 4727 ὑπὸ
2327 4672 2435 4726 τῶν
2464 4674 2521 4726 ὲν
2561 4672 2743 4746 εύνοίᾳ
2772 4670 3170 4742 ἐπιζητούντων
3198 4685 3279 4724 σε’
3305 4671 3333 4723 6
3371 4669 3508 4732 Θεὸς
3538 4664 3760 4738 Ἰσραὴλ,

2200 4764 2293 4818 τοῦ
2326 4764 2592 4838 ἀληθινῶς
2625 4762 2878 4837 ὁρῶντος,
2900 4763 2994 4817 τοῦ
3022 4766 3099 4828 είς
3120 4763 3352 4835 Χριστὸν
3384 4761 3761 4819 πιστεύσαντος

1862 5090 2160 5149 VARIORU
2170 5093 2215 5146 Μ
2250 5091 2477 5147 NOTIE.

594 5276 705 5348 (70)
750 5276 844 5348 ’ζῷ
866 5274 1009 5348 ΘεῷἸ
1064 5271 1538 5348 Βθοῐὶιιεῄαξδειψι
1589 5268 1816 5348 in_cod.
1859 5266 2091 5325 Vindob.

528 5340 698 5405 verba
722 5344 798 5415 τῷ
811 5340 970 5415 ’μόνῳ
987 5344 1266 5413 ἀγεννήτῳ
1288 5340 1429 5415 Θεῷἶ
1450 5340 1710 5406 Quamvis
1730 5355 1862 5415 _cum_
1876 5348 2093 5415 recepta

520 5409 787 5473 sententia
827 5409 954 5469 'non'
986 5409 1472 5483 pugnenthes‘cio
1513 5410 1790 5483 quonide
1837 5409 2090 5483 Arianis-

521 5503 671 5541 nium
706 5486 953 5541 redolent
974 5479 1002 5549 ς’
1017 5479 1263 5539 solebant
1285 5484 1430 5536 enim
1455 5481 1641 5534 Ariani
1676 5479 1987 5549 frequenter
2012 5480 2088 5532 ita

521 5556 691 5625 loqui,
726 5566 786 5610 ut
814 5557 1110 5610 discrimen
1154 5564 1473 5608 naturarum
1520 5552 1576 5605 in
1611 5552 1863 5621 personis
1889 5549 2088 5606 divinis

521 5626 830 5682 innuerent.
861 5626 1027 5679 CLI-2n.

593 5696 1051 5766 (71)Λείπονζα.
1119 5693 1255 5749 Cod.
1289 5692 1448 5748 Vind.
1503 5709 1611 5747 non
1658 5697 1869 5746 mutato
1917 5704 2083 5745 sensu

520 5764 587 5817 τὰ
616 5764 925 5834 λειπόμενα.
951 5764 1117 5834 CLsn.

598 5835 707 5895 (~72)
745 5828 1058 5888 HarastF.
1096 5832 1188 5886 Est
1216 5832 1270 5885 in
1301 5832 1417 5884 cod.
1455 5828 1613 5885 Vind.
1649 5830 1936 5897 παναρκεῖ,
1971 5846 2080 5883 om-

2198 5270 2350 5343 nibus
2398 5268 2700 5339 sufficiente.
2734 5269 2875 5343 Nihil
2920 5270 3180 5343 interest,
3232 5278 3413 5327 utrum
3445 5284 3756 5343 sequamur.

2200 5339 2499 5413 Utramque
2522 5356 2709 5413 vocem
2743 5342 2902 5413 habet
2946 5341 3164 5405 Snidas,
3207 5350 3262 5396 et
3304 5339 3659 5413 posteriorem
3696 5340 3759 5395 de

2197 5413 2312 5484 sole
2339 5412 2473 5484 dici_
2494 5412 2748 5484 observat
2771 5449 2807 5484 ,_
2830 5412 3324 5484 i_nterpretatu_rque
3367 5412 3518 5484 ἡλίου
3562 5427 3759 5484 παναρτ

2194 5481 2352 5552 κέος,
2383 5479 2476 5532 τοῦ
2509 5481 2753 5552 πανταχῆ
2794 5477 3111 5552 λάμποντος.
3167 5477 3332 5538 Recte
3364 5477 3618 5552 quidem,
3668 5477 3755 5535 sed

2194 5551 2375 5625 aptius
2396 5551 2504 5603 vim
2532 5550 2680 5625 vocis
2702 5550 3061 5625 expressisset
3089 5552 3237 5625 πάσῃ
3265 5554 3330 5623 τῇ
3354 5550 3425 5624 γῇ
3445 5550 3753 5623 ἀρκοῦντος,

2196 5621 2291 5673 toti
2323 5629 2475 5673 terra:
2504 5620 2826 5688 suﬁcientis.
2864 5619 2941 5675 In.

2263 5690 2373 5762 (75)
2411 5690 2478 5762 _'0
2513 5686 2673 5762 Θέός.
2698 5689 2920 5762 _ln_cod.
2953 5689 3115 5745 Vind.
3144 5693 3336 5762 incipit
3359 5692 3636 5762 hinccap.
3669 5686 3751 5762 Π).

2192 5760 2376 5832 addita
2411 5759 2511 5832 hac
2530 5758 2937 5832 inscriptione:
2990 5758 3306 5832 Ἑπίκλησὶς
3349 5758 3753 5832 κεφαλοκλισίσς

2194 5829 2395 5883 πιστῶν
2422 5830 2737 5895 ἀπολυτικῄ
2770 5830 2839 5887 it).
3206 5829 3213 5832 ’
3431 5829 3439 5832 ⁷
3578 5868 3581 5875 -
