4062 6258
529 362 670 415 HIS

1428 355 1484 410 ς.
1518 351 1907 411 CLEMENTIS
1938 350 1958 407 I
1992 350 2157 407 ROM.
2193 342 2393 405 PONT.
2428 345 2656 404 OPERA
2693 342 2916 400 DUBIA.

3607 349 3722 408 ill6

528 476 636 528 ritu
667 470 857 541 gratim
879 475 935 523 et
963 467 1203 530 consilii,
1236 475 1297 524 ut
1338 468 1557 537 adjuvet
1598 481 1663 521 ac
1710 466 1976 538 gubernet
2007 479 2103 533 po-

2211 460 2486 532 σϐυτέριον
2507 457 2846 520 ἐπιδοθέντα,
2868 454 2963 508 καὶ
2987 452 3263 526 ἔμπλησον
3277 451 3436 508 αὐτὸν
3458 456 3725 530 πνεύματος

528 564 715 635 pulum
750 572 901 615 tuum
943 561 997 613 in
1037 561 1204 615 corde
1234 560 1438 615 mundo
1470 578 1482 613 :
1516 557 1971 625 quemadmodum
2006 572 2099 611 re-

528 655 759 726 spexisti
787 655 841 707 in
877 654 1136 723 populum
1168 653 1400 707 electum
1448 659 1625 713 tuum,
1656 657 1710 705 et
1741 651 1885 705 sicut
1924 648 2097 719 Moysi

532 748 837 819 praecepisti
891 747 1091 815 eligere
1141 747 1409 811 seniores,
1455 759 1595 814 quos
1645 743 1937 812 implevisti
1988 743 2096 812 spiv

530 841 642 893 ritu
666 839 729 893 “.
765 838 831 890 Et
862 852 1030 899 nunc,
1067 836 1315 900 Domine,
1348 844 1567 906 praesta,
1602 850 1827 890 servans
1857 834 1910 887 in
1943 833 2100 888 nobis

532 931 790 1000 spiritum
842 931 1028 999 gratim
1068 937 1174 983 tua:
1220 944 1329 982 non
1354 927 1697 981 deiicientem
1736 934 1835 980 :ut
1864 927 2103 995 repletus

533 1022 946 1091 operationibus
978 1021 1081 1074 vim
1109 1020 1339 1075 sanandi
1368 1019 1719 1083 habentibus,
1746 1033 1810 1071 ac
1851 1032 2104 1071 sermone

534 1113 605 1167 ad
633 1113 935 1168 docendum
967 1120 1112 1181 apto,
1149 1111 1363 1167 erudiat
1392 1126 1515 1165 eum
1560 1109 1981 1165 mansuetudine
2006 1124 2105 1179 po.

537 1207 724 1276 pulum
766 1214 949 1271 tuum;
985 1205 1187 1259 serviat
1230 1205 1328 1258 tibi
1381 1205 1618 1268 sincere,
1661 1210 1842 1257 mente
1888 1218 2023 1272 pura
2052 1211 2107 1257 et

538 1298 720 1352 anima
759 1299 973 1352 volente
1002 1304 1165 1367 atque
1192 1312 1348 1351 sacra
1382 1315 1396 1365 ;
1427 1312 1546 1366 quae
1577 1310 1674 1365 pro
1718 1295 1918 1365 populo
1960 1294 2106 1349 cele-

537 1390 791 1454 brantur,
830 1390 1105 1459 inculpate
1136 1390 1422 1458 perﬁciat;
1470 1405 1567 1460 per
1610 1388 1890 1444 Christum
1914 1395 2065 1441 tuum
2087 1426 2102 1452 ,

538 1498 664 1538 cum
690 1499 798 1553 quo
848 1484 946 1538 tibi
999 1482 1196 1552 gloria,
1226 1482 1423 1546 honor,
1464 1497 1528 1536 ac
1559 1480 1862 1545 veneratio,
1895 1485 1951 1533 et
1979 1492 2108 1534 san-

539 1585 628 1630 cto
661 1573 910 1645 Spiritui,
945 1574 1001 1628 in
1031 1574 1251 1629 saecula.
1278 1572 1471 1628 Amen.

1116 1708 1347 1765 CAPUT
1382 1707 1545 1764 XVII.

625 1800 703 1857 De
726 1801 1057 1857 ordinatione
1083 1801 1428 1855 diaconorum
1454 1799 1769 1854 constitutio
1785 1797 2033 1867 Philippi.

608 1935 686 1993 De
714 1937 1064 1992 ordinatione
1092 1952 1221 1993 vero
1278 1937 1657 1997 diaconorum,
1682 1948 1784 2006 ego
1824 1931 2111 2002 Philippus

2199 556 2420 628 χάριτος
2463 554 2557 605 καὶ
2604 548 2952 620 συμϐουλίας,
2986 544 3080 599 τοῦ
3132 544 3606 616 ἀντιλαμϐάνεσθαι
3646 555 3727 607 καὶ

2201 648 2465 719 κυϐερνᾷν
2495 646 2585 698 τὸν
2622 644 2746 696 λαόν
2775 659 2867 694 σου
2899 641 2956 693 ἐν
2988 638 3205 709 καθαρᾷ
3230 638 3441 709 καρδίᾳ·
3474 638 3528 693 ὃν
3558 642 3727 712 τρόπον

2201 742 2380 803 ἐπίδες
2404 740 2495 791 ἐπὶ
2522 737 2648 789 λαὸν
2670 734 2900 803 ἐκλογῆς
2922 749 3039 796 σου,
3064 732 3157 783 καὶ
3190 730 3523 801 προσέταξας
3541 734 3729 791 Μωῦσεῖ

2202 832 2471 905 αἱρεῖσθαι
2493 827 2915 901 πρεσϐυτέρους,
2945 824 3040 887 οὒς
3059 824 3299 893 ἕπλησας
3322 823 3621 893 πνεύματος.
3642 829 3732 883 Καὶ

2202 926 2318 989 νῦν,
2352 922 2544 995 Κύριε,
2592 919 2905 990 παράσχου,
2941 916 3224 979 ἀνελλιπὲς
3258 914 3437 986 τηρῶν
3465 918 3519 968 ἐν
3544 918 3657 987 ἡμῖν
3682 921 3731 973 τὸ

2204 1016 2419 1085 πνεῦμα
2449 1014 2550 1083 τῆς
2588 1011 2809 1084 χάριτός
2846 1026 2959 1063 σου·
3005 1009 3150 1070 ὃπως
3184 1006 3436 1076 πλησθεὶς
3463 1008 3732 1080 ἐνεργημά-

2202 1124 2310 1161 των
2334 1104 2575 1168 ἰατικῶν,
2609 1104 2702 1157 καὶ
2730 1101 2887 1170 λόγου
2907 1098 3239 1163 διδακτικοῦ,
3261 1099 3319 1151 ὲν
3352 1099 3601 1169 πραότητι
3630 1118 3734 1155 παι·

2203 1198 2332 1269 δεύῃ
2369 1214 2461 1250 σου
2505 1196 2594 1251 τὸν
2640 1194 2798 1258 λαὸν,
2831 1194 2927 1247 καὶ
2971 1190 3195 1261 δουλεύῃ
3235 1207 3319 1243 σοι
3364 1189 3650 1262 εἰλικρινῶς
3690 1194 3737 1245 ἐν

2209 1290 2426 1361 καθαρᾷ
2452 1286 2659 1359 διανοίᾳ
2695 1289 2787 1341 καὶ
2821 1286 2964 1357 ψυχῇ
2989 1283 3237 1353 θελούσῃ,
3262 1283 3357 1335 καὶ
3384 1281 3477 1345 τὰς
3508 1283 3635 1354 ὑπὲρ
3658 1283 3736 1337 τοῦ

2204 1381 2334 1435 λαοῦ
2369 1379 2672 1453 ἱερουργίας
2709 1376 2971 1450 ἀμώμους
3010 1375 3224 1446 ἐκτελῇ,
3281 1373 3372 1427 διὰ
3415 1371 3506 1425 τοῦ
3536 1374 3740 1445 Χριστοῦ

2208 1490 2320 1527 σου·
2360 1472 2475 1543 μεθ’
2505 1464 2566 1525 οὗ
2597 1488 2678 1524 σοι
2709 1470 2855 1535 δόξα,
2890 1468 3025 1539 τιμὴ
3056 1467 3150 1520 καὶ
3196 1465 3377 1529 σέϐας,
3406 1466 3497 1519 καί
3527 1463 3599 1536 τῷ
3624 1465 3739 1537 ἁγίῳ

2207 1562 2503 1635 Πνεύματι,
2531 1564 2613 1625 είς
2635 1562 2764 1625 τοὺς
2797 1559 3017 1624 αἰῶνας.
3057 1558 3252 1629 Ἀμήν.

2730 1653 3125 1707 ΚΕΦΑΛΑΙΟΝ
3166 1650 3238 1704 IZ'

2208 1746 2349 1818 Περὶ
2397 1748 2762 1817 χειροτονίας
2801 1745 3138 1886 διααὲόνιῖἔό)
3173 1743 3280 1798 τοῦ
3329 1742 3619 1798 Φιλίππου
3641 1739 3745 1797 διὰ-

2833 1833 2906 1871 τα
2948 1834 3000 1881 ις
3146 1855 3159 1869 .
3462 1832 3465 1837 ·

2833 1832 3000 1881 ταςις
3028 1832 3159 1881 (δυ).
3462 1832 3465 1837 ·

2284 1910 2421 1982 Περὶ
2450 1910 2507 1964 δὲ
2546 1910 2876 1981 χειροτονίας
2913 1908 3196 1972 διακόνων,
3231 1906 3343 1976 ἐγὼ
3384 1905 3634 1967 Φίλιππος
3657 1904 3753 1960 δια-

540 2033 837 2087 constituo.
874 2030 1176 2084 Diaconum
1226 2028 1448 2091 eilicies,
1510 2027 1786 2096 episcope,
1824 2025 2111 2095 imponens

2212 2003 2503 2074 τάσσομαι.
2553 2003 2807 2055 Διάκονον
2838 2001 3239 2072 καταστήσεις,
3273 1994 3318 2051 ὣ
3348 1999 3625 2062 ἐπίσκοπε,
3651 1998 3752 2050 ἐπι-

539 2124 591 2179 ei
645 2138 863 2187 manus,
914 2130 1128 2176 astante
1190 2121 1288 2175 tibi
1343 2128 1541 2175 cuncto
1587 2117 1928 2189 presbyterio
1988 2130 2113 2171 cum

541 2215 829 2282 diaconis;
854 2224 908 2271 et
936 2229 1122 2280 orans,
1142 2214 1303 2268 dices
1323 2231 1337 2267 :

1091 2368 1318 2427 CAPUT
1359 2366 1547 2433 XVIII.

874 2463 1144 2518 lnvocatio
1176 2462 1526 2517 ordinationis
1549 2460 1782 2517 diaconi.

610 2555 756 2611 Deus
784 2558 1135 2626 omnipotens
1156 2596 1171 2618 ,
1204 2571 1391 2619 verax,
1425 2562 1479 2611 et
1506 2570 1682 2623 neque
1712 2554 1907 2608 fallens
1933 2567 2114 2621 neque

544 2647 740 2712 falsus,
775 2648 928 2704 dives
958 2664 1086 2718 erga
1118 2664 1307 2704 omnes
1331 2656 1383 2702 te
1428 2648 1485 2701 in
1513 2648 1741 2702 veritate
1771 2647 2110 2710 invocantes,

542 2741 811 2795 terribilis
852 2742 905 2795 in
939 2741 1216 2807 consiliis;
1274 2740 1494 2809 sapiens
1537 2738 1891 2810 cogitatione,
1952 2736 2113 2792 fortis

544 2839 599 2887 et
622 2848 851 2902 magnus
881 2852 893 2887 :
922 2833 1117 2888 exaudi
1150 2834 1452 2886 orationem
1478 2838 1745 2895 nostram,
1779 2828 2027 2893 Domine,
2059 2836 2114 2883 et

544 2925 770 2979 auribus
796 2924 1013 2993 percipe
1043 2923 1481 2992 deprecationem
1507 2933 1787 2988 nostram;
1809 2929 1862 2976 et
1886 2920 2115 2975 ostende

544 3015 737 3071 faciem
768 3025 914 3070 tuam
946 3032 1108 3086 super
1133 3032 1349 3071 servum
1381 3022 1533 3069 tuum
1566 3016 1733 3078 hunc,
1756 3015 1988 3068 electum
2016 3012 2112 3066 tibi

544 3107 602 3161 in
631 3107 954 3163 diaconatus
1004 3108 1398 3174 ministerium;
1433 3115 1487 3161 et
1518 3108 1680 3178 imple
1723 3122 1849 3160 eum
1904 3104 2111 3175 Spiritu

2215 2094 2328 2157 θεὶς
2369 2094 2519 2165 αὺτῷ
2559 2094 2658 2157 τὰς
2690 2096 2898 2165 χεῖρας,
2938 2091 3287 2165 παρεστῶτός
3328 2107 3415 2144 σοι
3465 2090 3650 2152 παντὸς
3676 2087 3755 2141 τοῦ

2215 2186 2606 2259 πρεσϐυτερίου
2653 2186 2747 2239 καὶ
2783 2184 2892 2239 τῶν
2940 2185 3222 2246 διακόνων,
3272 2184 3365 2236 καὶ
3420 2182 3752 2253 ἐπευξάμενος

2214 2280 2380 2351 ἐρεῖς·

2738 2369 3142 2423 ΚΕΦΑΛΑΙΟΝ
3181 2369 3313 2423 ΙΗἏκ

2468 2461 2819 2528 Ἐπίκλησις
2846 2461 3213 2529 χειροτονίας
3239 2459 3543 2514 διακόνου.

2297 2554 2354 2609 Ὀ
2386 2554 2538 2617 Θεὸς,
2561 2556 2589 2607 ὁ
2620 2553 3035 2625 παντοκράτωρ,
3056 2554 3083 2606 ό
3115 2552 3367 2624 ἀληθινὸς
3403 2552 3497 2606 καὶ
3528 2549 3758 2620 ἀψευδὴς,

2214 2647 2242 2699 ό
2273 2645 2517 2700 πλουτῶν
2563 2648 2643 2708 είς
2678 2646 2887 2709 πάντας
2929 2648 3056 2709 τοὺς
3096 2645 3564 2715 ἐπικαλουμένους
3615 2659 3667 2695 σε
3714 2642 3763 2692 ἐν

2214 2737 2458 2809 ἀληθείᾳ,
2506 2738 2534 2789 ό
2584 2737 2809 2808 φοϐερὸς
2843 2739 2899 2790 ἐν
2934 2736 3166 2808 βουλαῖς,
3208 2739 3236 2791 ὁ
3293 2738 3460 2806 σοφὸς
3509 2735 3766 2806 διανοία,ὁ

2215 2831 2475 2904 κραταιὸς
2513 2829 2605 2884 καὶ
2664 2830 2853 2902 μέγας·
2896 2830 3215 2883 εἰσάκουσον
3270 2829 3584 2901 προσευχῆς
3611 2825 3766 2898 ἡμῶν,

2214 2925 2407 2998 Κύριε,
2439 2926 2533 2979 καὶ
2557 2922 2810 2978 ἐνώτισαι
2859 2924 2956 2994 τὴν
2987 2923 3169 2994 δέησιν
3201 2922 3383 2993 ἡμῶν,
3417 2923 3511 2975 καὶ
3542 2921 3769 2989 ὲπίφανον

2215 3017 2276 3071 τὸ
2306 3015 2597 3089 πρόσωπόν
2642 3033 2733 3069 σου
2766 3016 2858 3068 ἐπὶ
2888 3015 2978 3069 τὸν
3007 3015 3191 3068 δοῦλόν
3222 3031 3314 3067 σου
3343 3014 3518 3077 τόνδε,
3550 3012 3634 3065 τὸν
3660 3026 3771 3081 προ-

2215 3108 2587 3181 χειριζόμενόν
2644 3125 2726 3161 σοι
2781 3110 2859 3172 εἰς
2906 3108 3201 3171 διακονίαν,
3237 3107 3331 3159 καὶ
3384 3105 3591 3174 πλῆσον
3633 3100 3773 3157 αὑτὸν

545 3207 760 3263 sancto,
811 3208 865 3255 et
911 3200 1134 3260 virtute,
1183 3200 1327 3253 sicut
1380 3198 1675 3267 implevisti
1740 3196 2105 3266 Stephanum,

2214 3201 2525 3272 Πνεύματος
2558 3200 2733 3269 ἁγίου,
2770 3201 2862 3252 καὶ
2916 3200 3223 3271 δυνάμεως,
3275 3197 3350 3260 ὡς
3412 3196 3649 3266 ἔπλησας
3675 3192 3774 3246 Στέ-

544 3299 865 3361 martyrem,
892 3307 956 3345 ac
978 3292 1298 3361 passionum
1328 3290 1536 3345 Christi
1570 3288 1647 3342 tui
1677 3289 2005 3342 imitatorem
2035 3288 2111 3356 ³⁵;

544 3389 600 3437 et
628 3383 867 3436 concede
922 3383 994 3445 ei,
1052 3390 1110 3437 ut
1137 3398 1259 3436 cum
1294 3382 1399 3437 sibi
1434 3380 1692 3436 traditum
1748 3380 2114 3436 ministerium

545 3473 738 3542 probe,
759 3481 1097 3537 constanter,
1130 3475 1383 3539 innocue,
1418 3490 1480 3528 ac
1510 3474 1913 3544 inculpabiliter
1940 3474 2117 3529 admi-

546 3566 888 3632 nistraverit,
941 3569 1147 3635 majore
1198 3568 1368 3637 gradu
1423 3567 1623 3637 dignus
1668 3567 1970 3634 habeatur;
2003 3584 2117 3622 me-

547 3656 761 3711 diaiore
811 3658 1090 3726 unigenito
1126 3658 1265 3713 Filio
1287 3667 1420 3726 tuo;
1453 3675 1577 3713 cum
1616 3674 1725 3728 quo
1774 3659 1872 3712 tibi
1920 3659 2113 3728 gloria,

548 3750 725 3802 honor
759 3764 821 3802 ac
865 3750 1166 3816 veneratio,
1202 3760 1255 3805 et
1279 3760 1469 3805 sancto
1513 3751 1762 3822 Spiritui,
1790 3752 1846 3805 in
1893 3752 2114 3807 saecula.

549 3841 743 3896 Amen.

1132 3933 1360 3989 CAPUT
1396 3933 1538 3991 XIX.

725 4027 802 4081 De
831 4026 1137 4081 diaconissa
1173 4028 1482 4081 constitutio
1514 4004 1917 4085 Bartholoma’i.

620 4117 696 4173 De
746 4119 1057 4175 diaconissa
1114 4136 1263 4184 vero,
1333 4119 1766 4176 Bartholomaaus
1798 4122 2117 4178 constituo:

550 4210 839 4282 Episcopo,
894 4213 1141 4281 impones
1172 4212 1219 4266 ei
1252 4228 1469 4275 manus,
1520 4219 1734 4267 astante
1784 4212 2122 4285 presbyterio

551 4319 658 4359 una
695 4319 820 4359 cum
860 4303 1110 4359 diaconis
1141 4318 1204 4357 ac
1235 4303 1599 4371 diaconissis;
1631 4311 1688 4359 et
1717 4304 1867 4361 dices
1901 4323 1914 4360 :

1140 4482 1369 4539 CAPUT
1409 4484 1527 4540 XX.

790 4580 1060 4635 Invocalio
1088 4581 1142 4632 in
1169 4580 1506 4633 ordinatione
1530 4581 1869 4637 diaconissa’.

632 4674 775 4729 Deus
796 4683 1017 4738 mterne,
1058 4672 1217 4727 Pater
1262 4672 1474 4727 Domini
1499 4675 1672 4730 nostri
1707 4673 1837 4730 Jesu
1892 4673 2118 4741 Christi,

634 4873 679 4904 ”
718 4871 887 4926 Exod.
925 4887 1081 4935 XVIII,
1114 4887 1262 4937 xxiv,
1294 4886 1486 4926 xxvln.
1577 4872 1623 4903 ³⁵
1658 4871 1780 4926 Act.
1809 4890 1883 4939 vi,
1912 4890 2009 4931 vn.

2216 3310 2379 3363 φανον
2402 3292 2493 3345 τὸν
2520 3292 2771 3364 μάρτυρα
2804 3294 2896 3345 καί
2929 3290 3168 3363 μιμητὴν
3201 3289 3309 3343 τῶν
3338 3288 3677 3359 παθημάτων
3697 3284 3775 3338 τοῦ

2212 3384 2449 3457 Χριστοῦ
2496 3401 2612 3449 σου,
2648 3384 2741 3437 καὶ
2774 3384 3110 3450 καταξίωσον
3162 3382 3324 3435 αὑτὸν
3357 3382 3668 3453 εὐαρέστως
3692 3378 3777 3430 λει-

2212 3478 2591 3549 τουργήσαντα
2648 3477 2748 3547 τὴν
2805 3475 3236 3547 ἐγχειρισθεῖσαν
3290 3473 3447 3545 αὑτῷ
3509 3470 3777 3532 διακονίαν,

2215 3569 2518 3641 ἀτρέπτως,
2552 3568 2876 3641 ἀμέμπτως,
2926 3568 3293 3639 ἀνεγκλήτως,
3347 3565 3597 3639 μείζονος
3638 3560 3778 3625 ἀξιω-

2216 3661 2373 3731 θῆναι
2406 3661 2639 3733 βαθμοῦ,
2671 3660 2760 3715 διά
2786 3660 2887 3731 τῆς
2911 3660 3192 3731 μεσιτείας
3224 3658 3318 3712 τοῦ
3359 3656 3681 3730 μονογενοῦς
3704 3671 3779 3706 σου

2218 3752 2369 3806 Υίοῦ·
2424 3754 2541 3823 μεθ’
2586 3747 2647 3807 οὗ
2692 3769 2775 3805 σοι
2822 3752 2970 3819 δόξα,
3022 3753 3156 3824 τιμὴ
3205 3752 3299 3806 καὶ
3350 3752 3543 3817 σέϐας,
3594 3751 3680 3805 καὶ
3717 3746 3780 3817 τῷ

2219 3844 2357 3915 ἁγίῳ
2387 3844 2686 3916 Πνεύματι,
2718 3847 2798 3908 είς
2825 3845 2951 3907 τοὺς
2984 3844 3206 3908 αἰῶνας.
3252 3845 3451 3918 Ἀμήν.

2744 3936 3135 3991 ΚΕΦΑΛΑΙΟΝ
3176 3938 3275 3992 18'.

2322 4028 2463 4099 Περὶ
2481 4028 2899 4097 διακονίσσης,
2922 4030 3372 4099 Βαρθολομαίου
3404 4028 3693 4093 διάταξις.

2291 4123 2427 4193 Περί⁵
2449 4122 2506 4175 δὲ
2537 4121 2901 4191 διακονίσσης,
2934 4122 3337 4193 Βαρθολομαῖος
3373 4123 3491 4194 (Si)
3518 4121 3784 4175 διατάσσο-

2226 4232 2342 4289 μαι’
2373 4211 2417 4268 ὧ
2464 4214 2748 4279 ἐπίσκοπε,
2797 4214 3077 4285 ἐπιθήσεις
3128 4217 3265 4286 αὐτῇ
3299 4217 3403 4281 τὰς
3452 4219 3642 4287 χεῖρας
3672 4211 3787 4283 (8‘2),

2160 4338 2166 4346 -
2224 4308 2573 4380 παρεστῶτος
2596 4307 2689 4361 τοῦ
2718 4308 3111 4379 πρεσϐυτερίου
3146 4307 3241 4361 καὶ
3271 4307 3380 4360 τῶν
3416 4308 3684 4361 διακόνων
3709 4305 3789 4357 καὶ

2223 4402 2333 4456 τῶν
2364 4401 2738 4464 διακονισσῶν,
2770 4401 2862 4453 καὶ
2892 4402 3053 4468 ἐρεῖς⁴

2755 4490 3149 4545 ΚΕΦΑΛΑΙΟΝ
3172 4492 3254 4544 K'.

2362 4585 2713 4652 Ἐπίκλησις
2740 4583 2840 4637 ἐπὶ
2868 4570 3232 4651 χειροτονίας
3256 4582 3687 4649 διακονία-(της.

2307 4677 2365 4732 '0
2418 4678 2550 4740 Θεὸς
2601 4678 2630 4730 ὀ
2685 4674 2919 4741 αἰώνιος,
2955 4676 2990 4728 ό
3039 4674 3227 4747 Πατὴρ
3270 4674 3367 4729 τοῦ
3402 4675 3620 4748 Κυρίου
3658 4669 3795 4743 ἡμῶν

1882 5028 2243 5086 VARIORUM
2278 5031 2506 5088 NOTAE.

546 5166 856 5239 Augustini,
921 5173 1117 5236 quiest.
1180 5165 1303 5231 lOl,
1362 5165 1495 5221 dicit
1544 5166 1859 5239 testimonio
1899 5166 2118 5223 diaconi

550 5238 667 5294 ﬁeri
701 5239 1077 5308 presbyterum
1112 5254 1124 5288 :
1153 5253 1315 5306 quam
1343 5238 1801 5308 consuetudinem
1820 5239 1982 5292 unius
2024 5256 2117 5293 ur-

549 5311 634 5364 bis
688 5306 881 5362 [ton-ai
921 5324 1043 5363 esse
1073 5309 1335 5377 docemur
1360 5308 1429 5360 ab
1461 5306 1789 5377 Hieronymo
1821 5310 1981 5377 epist.
2024 5310 2112 5364 85.

551 5377 683 5435 Vide
717 5380 762 5432 si
816 5380 961 5433 lubet
993 5379 1283 5433 concilium
1313 5376 1567 5447 Carthag.
1597 5376 1677 5443 Iv,
1701 5393 1827 5447 can.
1855 5376 1945 5432 22.
1979 5379 2115 5435 Cor.

622 5449 734 5520 (80)
769 5448 929 5520 Deest
985 5449 1101 5503 haec
1153 5449 1441 5519 inscriptio
1472 5446 1535 5502 in
1552 5449 1677 5520 cod.
1712 5446 1946 5503 Vindoh.
1971 5451 2120 5517 ejus-

548 5538 655 5589 que
705 5522 827 5590 loco
869 5519 984 5573 haec
1034 5521 1289 5590 leguntur
1322 5538 1335 5574 :
1370 5520 1503 5590 Περὶ
1536 5520 1591 5571 δέ
1621 5519 1720 5590 τῆς
1766 5521 2119 5589 χειροτονίας,

478 5637 492 5659 ,ι
549 5583 738 5662 καὶ.τά
768 5583 916 5658 ἑξῆς,
950 5583 1270 5662 ςιιιίόίῖογιιοῄο
1306 5583 1866 5662 SCIIQI'IO»:A¢IXt1FItOA;‘
1903 5583 2119 5662 Ἀσιανῇ

547 5650 822 5729 διοικήσει
839 5650 1079 5729 κηρύξας
1108 5661 1198 5712 τὸν
1228 5660 1489 5723 ζωοποιὸν
1519 5660 1695 5727 λόγον,
1726 5660 1783 5710 ἐν
1826 5650 2121 5729 Ἱεραπόλεῖ

548 5727 923 5817 τῆςαῷρυγκίας
948 5728 1261 5817 Ιτέίὶαῖττςιιι,Δ
1290 5728 1404 5798 ἆμα
1435 5732 1555 5809 ταῖς
1586 5727 1935 5815 θυγατράσιν,
1982 5748 2123 5817 μαρ-

550 5802 723 5866 τυρξῳ
758 5798 1059 5861 τελειωθεὶς
1097 5799 1189 5850 ἐπὶ
1234 5798 1553 5867 Δομετιανοῦ
1604 5798 2022 5862 αὺτοκοὰτνθοζ-
2064 5798 2120 5853 Ὅ

2224 5169 2321 5233 τὰς
2352 5168 2658 5239 θυγατέρας
2682 5169 2819 5239 ἔχων
2835 5169 3100 5231 Φίλιππος
3127 5167 3191 5222 ἐκ
3210 5169 3318 5222 τῶν
3336 5168 3384 5234 ζ’
3415 5170 3600 5223 ἐστίν.
3646 5172 3701 5223 ὐ
3727 5166 3805 5223 καὶ

2224 5241 2314 5294 τὸν
2341 5240 2609 5311 Εῦνοῦχον
2642 5240 2941 5311 βαπτίσας,
2964 5240 3133 5311 Cum.

2300 5309 2411 5380 (8i)
2445 5308 2905 5379 Βαρθολομαῖος.
2927 5310 2981 5364 In
3003 5310 3128 5363 cod.
3162 5308 3325 5363 Vind.
3360 5310 3462 5363 hic
3495 5311 3701 5379 legitur
3721 5310 3810 5363 hoc

2226 5381 2474 5452 scliolion
2508 5381 2955 5452 :iBapiiolopai'oq
2998 5380 3189 5452 'Iv60i;_
3221 5380 3283 5432 τὸ
3329 5382 3486 5434 κατὰ
3545 5381 3809 5452 Ματθαζον

2225 5450 2488 5519 ἐκήρυξεν
2516 5449 2864 5519 Εὐαγγέλιον,
2895 5450 2954 5513 ὃς
2982 5452 3076 5503 καὶ
3107 5449 3369 5503 τέθαπται
3423 5453 3486 5503 ἐν
3538 5452 3711 5519 Ἰνδίᾳ.
3743 5449 3807 5502 In.

2298 5468 2323 5519 η
2367 5468 2488 5514 υςεν
2518 5468 2630 5504 nua
2706 5468 2864 5515 εΛιον,
2895 5468 2954 5513 ος
2982 5468 3076 5503 και
3107 5468 3369 5503 τευαπται
3423 5468 3486 5503 εν
3552 5468 3711 5505 ινοια.
3745 5468 3807 5502 In.

2298 5469 2408 5592 (ig?)
2448 5468 2787 5587 ‘Eruﬁrgecc
2814 5520 2969 5592 αὐτῇ
3002 5521 3107 5586 τὰς
3121 5508 3813 5592 _zeTpac._Frequentissi-

2224 5604 2312 5644 me
2342 5589 2538 5655 Grmci,
2571 5592 2856 5646 rarissime
2886 5589 3087 5645 Latini.
3121 5589 3325 5644 Praeter
3368 5589 3813 5645 Wormatienses

2225 5659 2417 5714 Patres
2466 5677 2533 5715 ex
2591 5663 2827 5716 concilio
2871 5662 3329 5724 Chalcedonensi,
3377 5661 3735 5716 Fortunatus
3768 5659 3815 5711 in

2239 5729 2357 5782 Vita
2384 5730 2741 5801 Radegundis.
2779 5732 2947 5785 Manu
2975 5732 3305 5801 superposita
3335 5736 3687 5787 conserravit
3715 5731 3813 5783 die

2226 5818 2411 5856 canam
2443 5803 2731 5859 Mcdardus
2757 5804 3069 5874 episcopus.
3102 5802 3237 5858 Vide
3262 5818 3460 5871 supra.
3491 5806 3634 5860 Cor.
