4062 6258
343 394 479 453 1121

865 505 1259 562 ΚΕΦΑΛΔΙΟΝ
1297 506 1420 559 ΚΔ’.

641 624 749 679 Τοῦ
774 622 960 677 αὐτοῦ
992 620 1103 693 (95)
1134 619 1267 688 περὶ
1295 616 1621 687 παρθένων.

421 739 480 793 ὐ
505 738 685 801 αὐτὸς,
715 736 841 808 περὶ
864 734 1147 809 παρθένων
1168 733 1526 804 διατάσσομαι
1551 730 1681 802 (94)-
1711 728 1923 799 Παρθέ-

337 849 428 895 νος
454 830 515 885 οὐ
553 830 953 901 χειροτονεῖται.
992 828 1287 898 Ἐπιταγὴν
1311 826 1419 897 γὰρ
1443 824 1649 896 Κυρίου
1678 823 1775 875 οὐκ
1807 821 1925 891 ἔχο-

342 941 461 995 μεν·
502 921 727 992 γνώμης
763 920 873 991 γάρ
900 923 1015 974 ἐστι
1047 920 1109 975 τὸ
1136 919 1385 973 ἔπαθλον·
1430 918 1529 971 οὐκ
1568 915 1658 969 ἐπὶ
1703 913 1922 986 διαϐολῇ

337 1015 433 1069 τοῦ
463 1014 665 1085 γάμου,
695 1012 808 1067 ἀλλ’
839 1013 931 1067 ἐπὶ
963 1012 1125 1085 σχολῇ
1155 1012 1255 1084 τῆς
1280 1009 1581 1073 εὐσεϐείας.

831 1195 1229 1250 ΚΕΦΑΛΑῙΟΝ
1260 1196 1387 1249 KE'.

341 1310 629 1365 Λεδϐαίου
673 1307 785 1382 (95)
834 1309 938 1364 τοῦ
994 1308 1422 1395 exucququ
1453 1308 1747 1364 6a6‘6alov
1790 1309 1928 1378 περὶ

868 1379 1068 1449 χηρῶν
1112 1378 1396 1447 διάταξις.

410 1470 584 1541 Κάγὼ
612 1471 875 1535 Λεὸϐαἰος
901 1474 930 1525 6
959 1471 1271 1543 ἐπικληθεὶς
1315 1472 1592 1537 Θαδδαῖος,
1634 1472 1758 1526 τάδε
1799 1474 1927 1545 περὶ

341 1564 526 1638 χηρῶν
558 1564 667 1637 (96)
698 1564 1075 1635 διατάσσομαι.
1110 1565 1268 1637 Χήρα
1290 1565 1349 1618 οὐ
1380 1568 1792 1637 χειροτονεῖται⁸
1814 1566 1927 1618 ἀλλ’

342 1662 392 1713 εἰ
430 1659 527 1731 μὲν
551 1660 615 1712 ὲκ
644 1658 838 1712 πολλοῦ
870 1657 1108 1711 ἀπέϐαλε
1172 1657 1263 1711 τὸν
1292 1657 1481 1729 ἄνδρα,
1513 1659 1607 1711 καὶ
1639 1657 1928 1729 σωφρόνως

344 1752 441 1806 καὶ
484 1749 917 1820 ἁκαταγνώστως
978 1748 1161 1820 ἔζησε,
1193 1751 1287 1803 καὶ
1329 1750 1434 1804 τῶν
1479 1750 1694 1803 οἰκείων
1736 1750 1928 1821 ἄριστα

344 1843 678 1916 ἐπεμελήθη,
725 1844 802 1907 ὡς
866 1841 1052 1896 Ἰουδιο
1098 1842 1193 1896 καὶ
1249 1844 1435 1907 Ἀννα,
1483 1844 1539 1895 αἱ
1584 1842 1925 1913 σεμνόταται,

1187 383 1789 445 ΕΟΝΞΤΙἸἫΤΙΟΝΕΞ
1832 379 2306 437 APOSTOLICIE.
2352 410 2411 421 —
2444 376 2572 433 LIB.
2615 375 2751 433 \‘III.

1953 509 2008 566 Δ

3463 371 3601 428 1192

2589 489 2821 548 CAPUT
2856 489 3046 545 XXIV.

2479 606 2731 677 Ejusdem
2760 604 2825 659 de
2857 604 3143 675 virginibus
3172 644 3185 657 .

2094 727 2215 796 Ipse
2245 740 2344 795 ego
2373 725 2648 779 constituo
2676 724 2744 779 de
2791 723 3119 793 virginibus.
3159 719 3276 773 Non
3328 718 3611 774 ordinatur

2022 820 2195 891 virgo.
2243 818 2579 888 Praeceptum
2621 819 2766 873 enim
2817 815 3030 869 Domini
3082 831 3191 868 non
3244 814 3508 869 habemus
3539 813 3606 867 “.

2026 912 2304 984 Siquidem
2328 912 2624 967 voluntatis
2647 919 2731 966 est
2772 911 2886 964 haec
2918 908 3234 964 certaminis
3264 908 3470 975 gloria;
3503 924 3612 961 non

2024 1007 2094 1061 ad
2135 1006 2542 1061 criminandum
2578 1004 3010 1068 matrimonium,
3058 1002 3153 1058 sed
3198 1001 3266 1056 ad
3308 1002 3613 1056 vacandum

2022 1098 2234 1172 pietati.

2598 1188 2829 1245 CAPUT
2870 1186 3037 1243 XXV.

2060 1306 2271 1363 Lebbwi
2299 1314 2635 1378 cognomento
2669 1305 2711 1360 Τ
2714 1304 2925 1358 haddcei
2955 1302 3259 1357 constitutio
3289 1299 3353 1354 de
3387 1298 3577 1354 viduis.

2098 1484 2162 1540 Et
2206 1500 2305 1556 ego
2351 1483 2638 1549 Lebbaeus,
2684 1483 3103 1555 cognominatus
3139 1481 3466 1543 Thaddaeus,
3499 1480 3615 1535 haec

2027 1577 2095 1634 de
2136 1578 2315 1635 viduis
2365 1579 2663 1633 constituo.
2696 1577 2871 1632 Vidua
2921 1593 3029 1631 non
3073 1576 3398 1630 ordinatur:
3428 1576 3522 1630 sed
3569 1574 3614 1628 si

2027 1672 2199 1724 multo
2222 1678 2347 1725 ante
2384 1671 2569 1725 amisit
2594 1670 2794 1734 virum,
2835 1678 2888 1724 et
2920 1675 3067 1723 caste
3110 1683 3174 1721 ac
3211 1666 3611 1736 inculpabilitcr

2026 1763 2184 1827 vixit,
2215 1778 2279 1817 ac
2308 1762 2735 1817 domesticorum
2764 1762 2966 1831 optime
2996 1775 3182 1813 curam
3206 1760 3395 1828 gessit,
3430 1765 3486 1810 ut
3516 1756 3611 1811 Ju-

2029 1853 2179 1909 ditba
2202 1856 2246 1893 δ’
2270 1863 2324 1909 et
2360 1853 2515 1908 Anna
2546 1854 2611 1918 ⁸⁸,
2642 1854 3003 1909 sanctissima:
3054 1850 3288 1916 feminae,
3331 1856 3615 1920 cooptetur

345 1936 766 1991 κατατασσέσθω
792 1936 871 1999 είς
897 1934 958 1988 τὸ
986 1936 1232 2007 χηρικόν.
1273 1937 1336 1989 Εἰ
1382 1935 1438 1987 δὲ
1473 1936 1666 1990 νεωστὶ
1687 1934 1924 1989 ἀπέϐαλε
1957 1950 1963 2004 ]

2038 1948 2083 2000 i'n
2112 1946 2339 2017 gradum
2371 1948 2664 2002 vidualem.
2698 1945 2854 2012 Quod
2896 1946 2941 1999 si
2990 1960 3163 2015 nuper
3208 1944 3391 1999 amisit
3421 1942 3616 2011 conju-

341 2029 434 2082 τὸν
461 2025 725 2100 ὁμόζυγον
761 2068 775 2093 ,
812 2030 885 2101 μὴ
928 2028 1286 2092 πιστευέσθω,
1333 2028 1468 2082 ἀλλὰ
1512 2029 1687 2100 χρόνῳ
1737 2031 1925 2101 νεότης

2038 2055 2168 2109 gem,
2201 2055 2269 2093 ne
2298 2040 2372 2093 illi
2401 2039 2675 2101 credatur,
2716 2038 2809 2093 sed
2852 2045 3095 2105 tempore
3139 2034 3502 2089 adolescentia
3532 2033 3618 2086 di-

344 2122 631 2194 κρινέσθω.
662 2122 742 2177 Τὰ
771 2122 878 2194 γὰρ
906 2122 1051 2193 πάθη
1086 2123 1193 2175 ἐσθ’
1241 2123 1328 2175 ὅτε
1376 2124 1469 2176 καὶ
1517 2124 1770 2195 συγγηρᾷ
1815 2124 1923 2194 (97)

2038 2131 2319 2195 iudicetur.
2371 2132 2819 2187 Perturbutioues
2859 2130 3002 2185 enim
3044 2128 3319 2183 interdum
3365 2141 3488 2181 cum
3518 2125 3621 2179 bo-

345 2214 670 2288 ἀνθρώποις,
703 2216 752 2269 εί
806 2215 882 2287 μὴ
909 2214 954 2247 δ’
984 2215 1088 2269 ὑπὸ
1132 2215 1441 2288 κρείττονος
1484 2216 1701 2287 χαλινοῦ
1744 2217 1925 2286 εἰργό-

2038 2223 2268 2281 minibus
2299 2230 2723 2289 consenescunt,
2768 2222 2875 2278 nisi
2922 2220 3123 2293 putiori
3162 2220 3317 2274 freno
3365 2233 3618 2274 coercea-

350 2306 488 2377 μεθα
515 2306 579 2361 ⁸⁸.
2027 2333 2169 2371 mur.

863 2398 1257 2453 ΚΕΦΑΛΑΙΟΝ
1292 2402 1440 2467 Kq'.

719 2490 783 2544 '0
812 2490 994 2557 αὐτὸς
1023 2491 1157 2559 περὶ
1189 2492 1575 2561 ἐπορκιστοῢ.

430 2582 486 2636 Ὀ
506 2581 665 2646 αὐτὸς
692 2581 825 2655 (98),
852 2584 981 2655 περὶ
1003 2584 1327 2654 ὲπορκιστοῦ
1350 2581 1926 2658 διατάσσομαι.Ἑπορ-

349 2676 539 2747 κισ-,τὴς
571 2676 680 2746 (99)
723 2677 784 2729 οὐ
812 2678 1217 2748 χειροτονεῖται.
1264 2678 1489 2742 Εὑνοίας
1532 2679 1641 2750 γὰρ
1677 2680 1924 2733 ἑκουσίου

347 2767 412 2820 τὸ
438 2767 691 2834 ἔπαθλον,
724 2768 819 2821 καὶ
851 2769 1071 2841 χάριτος
1110 2769 1245 2823 Θεοῦ
1282 2770 1369 2823 διὰ
1404 2769 1671 2841 Χριστοῦ,
1712 2772 1925 2841 ἐπιφοι-

349 2860 506 2929 τήσει
549 2858 643 2912 τοῦ
690 2860 843 2929 ἁγίου
888 2859 1223 2932 Πνεύματος·
1261 2864 1289 2915 6
1322 2861 1430 2933 γὰρ
1467 2862 1646 2915 λαϐὼν
1685 2863 1929 2935 χάρισμα

357 2950 631 3022 ἰαμάτων,
670 2951 737 3005 δι’
780 2952 1172 3023 ἀποκαλύψεως
1214 2954 1318 3007 ὑπὸ
1347 2953 1482 3007 Θεοῦ
1525 2954 1925 3024 ἀναδείκνυται,

354 3045 593 3115 φανερᾶς
629 3043 792 3116 οὔσης
836 3046 968 3098 πᾶσι
1014 3046 1113 3117 τῆς
1153 3048 1209 3098 ὲν
1243 3046 1391 3118 αὐτῷ
1428 3046 1666 3117 χάριτος.
1717 3048 1841 3102 Ἐὰν
1873 3050 1928 3102 δὲ

352 3137 511 3207 χρεία
542 3137 707 3190 αὐτοῦ
740 3138 964 3210 γένηται
1003 3140 1084 3200 εἰς
1114 3139 1432 3202 ἐπίσκοπον,
1461 3140 1495 3211 ἢ
1538 3140 1926 3212 πρεσϐύτερον,

353 3229 387 3301 ἢ
416 3230 679 3299 διάκονον,
710 3234 1111 3303 χειροτονεῖται.

879 3320 1273 3376 ΚΕΦΑΛΑΙΟΝ
1306 3324 1433 3376 ΚΖ⁹.

354 3414 550 3484 Σίμων
580 3415 726 3487 (100)
757 3418 790 3469 ό
832 3415 1197 3487 Kararlmc,
1245 3415 1394 3487 περὶ»
1422 3416 1528 3468 τοῦ
1571 3418 1689 3469 ὑπὸ
1721 3388 1930 3473 πόσων

560 3484 788 3555 ὀφείλει
818 3484 1280 3554 χειροτονεῖσθαι
1311 3488 1343 3538 ό
1372 3485 1723 3553 ἐπίσκοπος.

424 3534 693 3649 Σίμωνῖδὲ
720 3580 748 3633 6
775 3534 1103 3647 Κανανίτης,
1138 3575 1293 3645 κάγὼ
1316 3534 1805 3648 διατάσσομαιὶΰπδ
1834 3584 1933 3636 πό·-

2583 2405 2815 2462 CAPUT
2858 2404 3047 2459 XXVI.

2522 2496 2677 2554 Idem
2725 2499 2789 2553 de
2830 2499 3121 2552 exoreista.

2098 2596 2140 2626 “
2162 2593 2281 2664 Ipse
2307 2600 2549 2664 egomet,
2597 2594 2665 2649 de
2693 2592 2970 2648 exorcista
2998 2591 3296 2645 constituo.
3333 2588 3616 2643 Exorcista

2028 2703 2137 2742 non
2163 2687 2473 2741 ordinatur.
2509 2685 2635 2739 llzec
2666 2687 2814 2740 enim
2845 2684 3167 2739 certaminis
3200 2684 3319 2737 laus
3350 2681 3551 2752 pendet
3585 2697 3616 2735 a

2031 2781 2198 2835 libera
2226 2789 2279 2835 et
2320 2779 2463 2834 bona
2510 2779 2811 2839 voluntate,
2844 2784 2898 2831 et
2932 2791 2962 2829 a
2996 2777 3172 2846 gratia
3208 2774 3299 2828 Dei
3334 2790 3429 2844 per
3455 2772 3619 2828 Chri-

2030 2880 2197 2936 stum,
2249 2871 2482 2934 adventu
2539 2869 2776 2939 Spiritus
2827 2868 3025 2923 sancti.
3074 2866 3180 2933 Qui
3224 2866 3369 2921 enim
3405 2865 3618 2934 accepit

2028 2966 2323 3028 charisma,
2349 2979 2444 3034 seu
2473 2962 2676 3016 donum
2703 2961 3073 3023 sanationum,
3101 2975 3197 3029 per
3224 2957 3616 3013 revelationem

2030 3074 2061 3111 a
2109 3056 2219 3112 Deo
2266 3057 2599 3120 declaratur,
2630 3054 2956 3123 cunctisque
2991 3050 3281 3106 manifesta
3318 3058 3402 3106 est
3430 3050 3609 3120 gratia

2031 3166 2151 3220 qua:
2171 3157 2253 3204 est
2276 3152 2328 3203 in
2350 3151 2491 3220 ipso.
2528 3146 2587 3201 Si
2618 3154 2798 3201 autem
2828 3162 2966 3216 opus
2995 3161 3062 3200 eo
3092 3144 3279 3210 fuerit,
3312 3144 3367 3197 in
3401 3142 3620 3213 episco-

1956 3295 1999 3351 Ο
2033 3258 2183 3313 pum,
2218 3243 2300 3297 vel
2342 3241 2740 3313 presbyterum,
2773 3240 2856 3294 vel
2883 3239 3179 3291 diaconum
3205 3236 3514 3292 ordinatur.

2584 3329 2814 3351 nAlel'l!
2854 3329 3043 3351 ννιγιι

2583 3329 2814 3387 CAPUT
2854 3329 3067 3385 XXVII.

2040 3427 2223 3484 Simon
2258 3426 2524 3481 Cananita
2547 3425 2610 3480 de
2631 3426 2890 3494 episcopo,
2924 3440 2957 3476 a
2987 3432 3111 3493 quot
3140 3422 3325 3476 debeat
3355 3420 3617 3477 ordinari.

2110 3584 2177 3638 Et
2207 3599 2336 3640 vero
2366 3599 2465 3655 ego
2498 3580 2689 3637 Simon
2730 3581 3036 3637 Cananaeus
3073 3581 3373 3643 constituo,
3422 3593 3453 3633 a
3487 3586 3623 3650 quot

427 3732 531 3817 se}
565 3734 693 3817 Cor,
751 3751 849 3817 vit,
876 3734 964 3790 25.
994 3806 1008 3817 _
1041 3734 1099 3817 ‘7'
1125 3733 1496 3817 Juditb._vttt._
1563 3737 1608 3817 ξε
1646 3738 1777 3817 bne.
1818 3757 1880 3797 ll.
1956 3743 1963 3770 ‘

2039 3746 2111 3800 al.
2146 3747 2431 3817 συνηγορΞί
2461 3742 2769 3815 ἀνθρώποις
2807 3743 2903 3815 μή.
2980 3740 3028 3774 ⁸⁸
3067 3739 3141 3796 al.
3172 3740 3487 3813 είργὸμενα.
3524 3736 3625 3798 Sic

363 3799 530 3858 Vind.
558 3806 681 3860 cod.
754 3805 798 3836 "
838 3806 1252 3879 pseudo-lgnat.
1282 3806 1351 3861 ad
1373 3807 1630 3865 Antioch.
1656 3810 1743 3865 l2.

1635 3963 1997 4020 VARIORUM
2050 3964 2281 4023 NOTAE.

428 4129 541 4200 (93)
578 4128 687 4183 Τοῦ
713 4128 916 4182 αὐτοῦ.
948 4127 1155 4200 Desunt
1184 4127 1239 4182 in
1272 4127 1402 4200 cod.
1429 4126 1593 4200 Vind.
1621 4125 1791 4181 Cum.

452 4202 541 4271 94)
579 4199 995 4271 Διατάσσομ-αι.
1035 4198 1194 4271 Deest
1224 4200 1276 4271 in
1306 4199 1517 4271 eodem.
1549 4197 1626 4271 In.

428 4209 541 4325 ξι)
579 4209 995 4268 Διατᾱσσομαι.
1035 4209 1194 4253 Deest
1224 4215 1276 4251 tn
1306 4209 1517 4252 eodem.
1549 4209 1626 4254 In.

432 4312 447 4342 (
487 4272 540 4342 5)
571 4270 874 4342 Λεϐϐαῖον.
908 4268 1067 4324 Deest
1098 4269 1382 4342 inscriptio
1407 4268 1846 4342 luccineodem.
1882 4267 1940 4342 In

356 4338 735 4412 utroqueth
767 4339 1077 4412 adduntur;
1112 4338 1378 4412 Θαδδαῖος
1389 4341 1423 4412 6
1463 4339 1557 4412 καὶ
1602 4339 1880 4412 Λεϐϐαῖος,
1913 4341 1941 4390 6

358 4408 614 4466 ἐπικαλοὺ
623 4429 781 4483 μενος
823 4409 1023 4483 ’[οῦδας
1042 4408 1538 4483 νζηλώτηςμἘδαισή
1545 4426 1657 4483 νοις
1674 4480 1685 4483 _
1701 4427 1769 4483 κη
1779 4408 1943 4483 ρῦξας

356 4485 449 4537 τὸν
478 4478 635 4552 λόγον
662 4482 755 4535 καὶ
781 4479 880 4552 τοῦ
908 4481 965 4531 ἐν
990 4482 1055 4550 τῇ
1090 4478 1228 4552 μέσῃ
1254 4478 1361 4552 τῶν
1394 4478 1649 4552 ποταμῷν
1674 4478 1940 4551 Ἀϐγὰρου

376 4548 595 4624 Ἐδέσης
620 4548 1323 4624 τοπαρχοῦντοςζτέθαὰτται
1350 4550 1407 4601 ὲν
1444 4548 1672 4620 Βηρύτῳ
1699 4552 1798 4622 τῆς
1824 4548 1945 4601 Φοι-

361 4626 533 4685 νίκης.
569 4625 644 4679 lo.
1502 4648 1511 4659 '

571 4642 715 4762 Ἦερὶ
738 4692 957 4766 χηρῶν.
1006 4691 1155 4745 Inter
1201 4690 1370 4744 multa
1405 4648 1732 4766 decreta__ad
1780 4689 1947 4766 hasce

357 4760 553 4819 viduas
599 4760 952 4834 pertinentia,
993 4771 1076 4816 est
1108 4777 1343 4834 quoque
1391 4776 1566 4834 canon
1613 4760 1948 4834 27_concilii

359 4831 679 4889 Arausicani
703 4852 744 4897 ι,
769 4835 844 4888 ita
871 4833 1080 4887 habens
1108 4831 1162 4886 in
1194 4833 1433 4886 editione
1464 4831 1943 4887 Sirmondana.....

360 4906 439 4959 De
472 4904 638 4959 viduis
668 4905 940 4974 professis,
973 4905 1019 4957 si
1045 4918 1224 4974 nupsei
1237 4904 1313 4957 int
1344 4911 1436 4955 aut
1464 4911 1630 4969 rapta:
1658 4903 1945 4972 [αα-ἕπευ..

375 4973 961 5029 Viduitatisservanda:
982 4973 1381 5043 professionem,
1416 4989 1595 5026 coram
1622 4974 1862 5042 episeopo
1894 4974 1946 5025 in

362 5047 644 5100 secretario
673 5044 927 5105 habitam,
958 5045 1206 5114 imposita
1235 5044 1300 5096 ab
1325 5044 1563 5113 episcopo
1591 5052 1725 5097 veste
1747 5043 1945 5097 viduali

360 5114 725 5169 indicandam.
771 5115 1022 5184 Raptores
1064 5132 1184 5174 vero
1218 5115 1431 5179 talium,
1473 5114 1550 5168 vel
1597 5115 1770 5183 ipsam
1820 5114 1945 5167 talis

360 5186 701 5256 prql‘essionis
729 5185 1082 5250 desertricem,
1111 5187 1296 5239 merito
1318 5202 1429 5239 esse
1455 5184 1835 5239 damnandam.

490 5257 538 5308 bi
588 5255 930 5327 indicandam
975 5265 1208 5327 exponet
1254 5257 1427 5310 alius:
1461 5271 1562 5325 ego
1609 5263 1788 5327 autem
1820 5271 1944 5309 mu-

363 5327 493 5380 tabo
526 5327 579 5380 in
609 5324 1001 5387 vindicandam,
1048 5324 1209 5395 cujus
1250 5328 1371 5381 loco
1404 5324 1615 5381 caetera:
1652 5326 1940 5387 editiones,

362 5413 467 5452 non
496 5413 609 5467 esse
646 5395 981 5467 violandam;
1014 5396 1313 5465 legamque,
1340 5398 1588 5467 imposita
1607 5398 1681 5454 ab
1706 5398 1942 5466 episcopo

363 5477 501 5522 veste
527 5466 747 5529 viduali,
784 5466 1174 5520 vindicandam.
1207 5467 1344 5523 Cor.

436 5538 549 5606 (9'7)
577 5536 1073 5612 XvW_qi._Lcctio
1098 5537 1335 5601 diversa,
1368 5542 1673 5611 συνηγορεῖ,
1686 5552 1942 5612 corrupta

362 5617 446 5664 est
469 5624 532 5662 cx
562 5609 841 5677 συγγηρεῖ.
866 5606 942 5677 In.

438 5679 548 5749 (98)
594 5678 875 5749 'Qat’grdc.
913 5676 1003 5731 Hm
1026 5684 1081 5733 et
1103 5683 1217 5732 tres
1242 5686 1531 5748 sequentes
1553 5695 1714 5736 voces
1738 5681 1940 5736 absunt

366 5749 421 5803 in
449 5747 573 5805 rod.
612 5747 771 5801 Vind.
802 5747 970 5802 Cum.

435 5820 545 5889 (99)
587 5817 992 5889 Ἐπορκιστής.
1020 5816 1177 5889 Initio
1201 5816 1563 5889 fungebantur
1588 5822 1691 5875 hoc
1714 5838 1940 5877 munere

370 5886 559 5945 omnes
605 5888 923 5945 Christiani.
968 5888 1027 5943 In
1075 5886 1410 5944 Tertulliano
1454 5890 1529 5946 De
1593 5893 1932 5959 idololatria,

2047 4142 2169 4197 cap.
2232 4129 2290 4201 l7:
2312 4127 2427 4201 Quo
2445 4146 2532 4183 ore
2552 4128 2891 4201 Christianus
2917 4128 3214 4189 thurarius,
3242 4130 3289 4181 si
3308 4145 3400 4195 per
3426 4132 3622 4201 templa

2046 4198 2318 4261 transibit,
2354 4199 2616 4266 fumantes
2650 4217 2776 4253 aras
2808 4200 3038 4265 despuet,
3072 4208 3120 4250 et
3147 4201 3461 4269 crsu/ﬂabit,
3500 4198 3615 4268 qui-

2047 4275 2141 4321 bus
2172 4270 2280 4335 ipse
2308 4273 2617 4337 prospexit?
2644 4288 2748 4338 qua
2777 4270 3077 4322 constantia
3099 4270 3418 4322 cxorcizabit
3441 4272 3619 4324 alum-

2047 4355 2141 4391 nos
2186 4355 2341 4402 suos,
2383 4340 2569 4409 quibus
2615 4342 2825 4393 domum
2859 4356 3009 4391 suam
3053 4340 3327 4392 cellarium
3391 4350 3570 4394 rwstat
3596 4346 3625 4398 Ξ)

2050 4406 2153 4461 Ille
2181 4410 2387 4461 quidem
2418 4412 2463 4461 si
2486 4412 2767 4461 excluserit
2798 4410 3137 4461 dwmonium.
3165 4427 3267 4461 non
3292 4355 3393 4461 sibi
3416 4412 3621 4461 placeat

2050 4406 2153 4462 Ille
2181 4406 2463 4479 quidemsi
2486 4412 2767 4464 excluserit
2798 4410 3137 4470 dwmonium,
3165 4427 3267 4463 non
3292 4406 3393 4462 sibi
3414 4412 3621 4480 placeat

2047 4480 2111 4533 de
2141 4480 2264 4548 ﬁde,
2299 4497 2458 4550 neque
2483 4482 2621 4534 enim
2653 4482 2922 4534 inimicum
2954 4480 3217 4541 cae/usit;
3254 4480 3410 4549 facile
3442 4481 3621 4535 debuit

2048 4550 2111 4604 de
2136 4568 2195 4604 eo
2224 4552 2503 4618 impetrare
2531 4568 2681 4621 quem
2704 4551 2931 4621 quotidie
2960 4553 3149 4618 pascit.
3182 4550 3351 4614 Quem
3386 4552 3561 4605 locum
3589 4569 3621 4607 e

2049 4622 2235 4675 multis
2285 4638 2450 4675 unum
2502 4623 2687 4691 selegi,
2740 4631 2798 4675 ut
2845 4621 3143 4691 indicarem
3191 4621 3475 4689 cujusdam
3517 4622 3619 4677 viri

2051 4692 2198 4746 docti
2225 4693 2526 4760 jocularem
2573 4689 2813 4747 errorem
2858 4711 2871 4746 :
2920 4691 3063 4761 quod
3112 4689 3476 4748 Tcrtullianus
3510 4694 3622 4747 illic

2051 4762 2283 4845 doceat,
2333 4763 2526 4844 solitos
2574 4763 2955 4845 alparentibits
3005 4762 3303 4845 exorcizari
3366 4764 3625 4845 proprios

2052 4832 2192 4888 ﬁlios
2226 4853 2238 4888 :
2273 4834 2430 4903 quasi
2458 4848 2551 4902 per
2579 4832 2842 4895 alumnos,
2878 4832 3507 4903 Afrorumdoctissimus
3538 4834 3615 4887 in-

2050 4902 2318 4973 telligeret
2365 4904 2598 4971 liberos;
2646 4920 2769 4957 cum
2805 4905 2878 4957 ita
2918 4914 3072 4974 vocet
3120 4902 3424 4974 daemones,
3475 4903 3625 4974 quod

2048 4975 2325 5030 mercibus
2358 4975 2585 5029 tlmrarii
2619 4983 2993 5045 pascerentur.
3038 4973 3181 5045 Ideni
3216 4973 3512 5043 Septimius
3546 4973 3626 5027 De

2046 5047 2441 5114 prmscriptione
2485 5044 2881 5108 Itwreticorum,
2928 5061 3049 5115 cap.
3095 5044 3185 5107 41,
3232 5046 3620 5113 procacitatem

2049 5117 2337 5170 mulierum
2366 5117 2743 5170 haereticarum
2775 5116 3095 5179 insectatur,
3128 5130 3249 5183 qua:
3278 5115 3622 5170 exorcismos

2049 5200 2210 5255 agere
2241 5187 2532 5241 audebant.
2563 5186 2757 5241 Postea
2782 5186 3053 5240 charisma
3083 5185 3387 5254 expcllendi
3415 5185 3620 5239 dzemo-

2048 5271 2145 5328 nes
2176 5258 2530 5328 paucioribus
2551 5272 2580 5328 a
2604 5257 2712 5311 Deo
2735 5271 3058 5328 concessum
3087 5263 3191 5319 est,
3216 5256 3331 5309 sive
3356 5272 3419 5328 ei:
3445 5256 3616 5328 clero,

2047 5327 2161 5381 sive
2179 5326 2257 5381 Vde
2288 5329 2444 5397 plebe
2487 5346 2499 5381 :
2540 5326 2805 5397 Origenes
2826 5362 2840 5386 ,
2876 5327 2969 5382 lib.
3010 5342 3117 5389 vn,
3151 5334 3334 5397 contra
3364 5326 3618 5387 Celsum;

2046 5398 2208 5466 paulo
2257 5396 2380 5467 post
2426 5396 2661 5451 initium;
2736 5398 2913 5465 Atque
2955 5397 3055 5450 bos
3104 5396 3251 5450 solos
3311 5398 3621 5451 exorcistas

2045 5470 2376 5538 agnoscebat
2415 5468 2657 5521 Ecclesia
2700 5467 3231 5538 pseudo-Clementis
3272 5467 3483 5530 nostri,
3521 5482 3617 5520 ca-

2044 5537 2193 5599 rens,
2219 5540 2392 5593 instar
2409 5539 2789 5608 plurimarum,
2809 5537 3097 5593 exorcistis
3122 5546 3269 5592 certo
3290 5554 3487 5603 genere
3508 5538 3617 5592 cle.

2044 5609 2300 5664 ricorum.
2333 5610 2468 5665 Cor.

2116 5680 2263 5751 (100)
2302 5681 2518 5749 Σίμων,
2550 5690 2653 5734 etc.
2686 5679 2844 5735 Deest
2872 5677 2959 5733 hic
2990 5676 3179 5751 titulus
3212 5678 3275 5751 in
3298 5679 3419 5751 cod.
3453 5676 3618 5751 Vind.

2048 5748 2152 5805 Sed
2184 5748 2305 5804 loco
2333 5748 2475 5822 tituli
2501 5759 2585 5806 est
2608 5750 2787 5822 Σίμων
2807 5753 2835 5803 ὁ
2857 5750 3186 5822 Κανανίτης,
3205 5748 3395 5822 ’κῆρυξ
3416 5749 3509 5807 τοῦ
3534 5748 3610 5801 λό-

2043 5839 2162 5890 γου,
2194 5821 2415 5948 factum?)
2451 5819 2777 5889 τελειοῦται,
2818 5823 2874 5877 ἐν
2914 5822 2979 5892 τῇ
3028 5819 3273 5892 Ἰουδαία,
3316 5820 3408 5873 ἐπὶ
3449 5822 3621 5891 Δομε-

2043 5910 2243 5946 τιανου.
2322 5908 2441 5948 LER.
2952 5930 2957 5935 -

2041 5910 2243 5946 τιανου.
2275 5908 2441 5953 ωιειι.
2952 5930 2957 5935 -
