4000 6266
299 356 434 412 1123

1151 351 1752 410 CONSTITUTIONES
1784 351 2252 410 APOSTOLICAS.
2288 382 2360 393 —
2393 351 2518 405 LIB.
2557 349 2690 405 VIII.

3407 350 3552 409 “9.6

301 470 728 542 ὕποϐεϐηκότας,
742 469 834 524 ἐὰν
846 463 977 524 ὦσιν
1005 468 1296 525 ὑπεύθυνοι
1309 472 1375 542 τῇ
1391 469 1881 540 τοιαύτῃτιμωρίᾳ.

1997 484 2097 523 non
2126 469 2368 538 deponit,
2399 473 2646 537 segregat
2673 471 2851 519 autem
2887 478 2951 516 ac
2988 466 3423 521 excommunicat
3464 468 3553 524 in-

295 565 550 627 Διάκονος
570 565 669 617 οὐκ
690 563 918 632 εὐλογεϊ,
941 563 1003 615 οὐ
1023 563 1236 618 δίδωσιν
1258 563 1527 632 εὐλογίαν,
1542 560 1881 632 λαμϐάνειδέ

295 655 447 728 παρὰ
478 655 776 707 ἐπισκόπου
809 654 905 707 καὶ
939 654 1331 725 πρεσϐυτέρου·
1391 655 1452 707 οὐ
1494 652 1742 725 βαπτίζει

292 747 357 801 ού
390 745 707 818 προσφέρει,
762 745 858 798 τοῦ
913 744 974 797 δὲ
1023 745 1321 798 ἐπισκόπου
1363 744 1818 816 προσενεγκόντος

294 838 390 892 τοῦ
444 836 835 908 πρεσϐυτέρου,
871 836 1033 899 αὐτὸς
1077 836 1352 889 ἐπιδίδωσι
1389 835 1467 906 τῷ
1502 834 1635 906 λαῷ,
1680 835 1777 904 οὐχ
1806 833 1885 897 ὡς

299 931 497 999 ἱερεὺς,
526 927 639 981 ἀλλ’
669 928 744 991 ὡς
776 926 1189 998 διακονούμενος
1224 926 1450 998 ἱερεῦσι.
1484 926 1601 980 Τῶν
1631 927 1686 979 δὲ
1711 926 1884 981 ἄλλων

298 1019 578 1091 κληρικῶν
606 1019 666 1072 τὸ
693 1019 788 1072 τοῦ
822 1018 1068 1072 διακόνου
1103 1019 1262 1091 ἔργον
1291 1020 1515 1091 ποιῆσαι
1542 1020 1717 1073 οὐδενὶ
1743 1020 1881 1084 ἐξόν.

296 1112 624 1165 Διακόνισσα
650 1112 749 1164 οὐκ
782 1110 1008 1179 εὐλογεῖ·
1062 1111 1174 1163 ἀλλ’
1208 1112 1327 1164 οὐδέ
1360 1129 1413 1164 τι
1441 1105 1517 1165 ὧν
1556 1111 1799 1164 ποιοῦσιν
1834 1113 1885 1165 οἱ

297 1205 685 1276 πρεσϐύτεροι,
722 1204 756 1275 ἢ
785 1205 834 1255 οἱ
863 1203 1125 1268 διάκονοι,
1160 1204 1417 1267 ἐπιτελεῖ,
1452 1204 1564 1257 ἀλλ’
1592 1203 1625 1274 ἢ
1658 1204 1751 1256 τοῦ
1784 1221 1886 1273 φυ-

294 1296 510 1350 λάττειν
557 1296 658 1360 τὰς
697 1294 904 1365 θύρας,
956 1297 1052 1350 καὶ⁹
1095 1296 1548 1367 ἐξυπηρετεῖσθαι
1590 1300 1705 1360 τοῖς
1750 1312 1887 1367 πρε-

299 1389 587 1461 σϐυτέροις
636 1391 695 1442 ἐν
737 1388 815 1461 τῷ
860 1388 1215 1459 βαπτίζεσθαι
1264 1389 1363 1452 τὰς
1394 1393 1682 1458 γυναῖκας,
1712 1389 1800 1442 διὰ
1827 1387 1889 1441 τὸ

297 1480 597 1553 εὐπρεπές.
640 1480 895 1543 Διάκονος
938 1480 1186 1550 ἀφορίζει
1237 1481 1610 1547 ὐποδιάκονον,
1644 1478 1889 1549 ἀναγνῶ-

300 1571 1071 1644 στην,ψάλτην,διακόνισσαν,
1108 1572 1203 1626 ἐὰν
1293 1590 1345 1626 τι
1375 1574 1614 1627 τοιοῦτον
1645 1575 1720 1646 μὴ
1750 1591 1891 1645 παρ-

297 1667 458 1729 ὄντος
498 1665 894 1737 πρεσϐυτέρου.
946 1665 1310 1735 Ὑποδιακόνῳ
1335 1664 1434 1718 οὐκ
1463 1664 1670 1728 ἔξεστιν
1702 1662 1892 1733 ἀφορί-

299 1773 415 1820 σαι,
453 1754 577 1809 οὗτε
626 1757 730 1829 μὴν
772 1755 848 1828 (8)
898 1756 1269 1828 ἀναγνώστην,
1318 1755 1441 1809 οὕτε
1492 1755 1722 1826 ψάλτην,
1765 1753 1891 1807 οὔτε

1984 559 2210 615 feriores
2234 600 2249 625 ,
2292 560 2337 615 si
2368 574 2487 613 eam
2529 572 2743 627 poenam
2774 566 3103 611 mereantur.
3138 557 3409 615 Diaconus
3445 578 3555 617 non

1983 652 2287 716 benedicit,
2330 666 2436 704 non
2478 650 2571 703 dat
2602 648 3034 703 benedictionem
3059 689 3073 713 ,
3106 650 3303 720 accipit
3329 669 3459 719 vero
3488 656 3558 711 ab

1983 746 2242 815 episcopo
2272 753 2325 800 et
2354 744 2698 813 presbytero;
2751 758 2858 795 non
2890 743 3127 808 baptizat
3158 762 3173 810 ;
3218 761 3325 798 non
3358 746 3555 814 olTert;

1986 839 2103 908 ipse
2133 853 2284 901 vero,
2316 852 2443 891 cum
2474 836 2766 906 episcopus
2795 842 2887 888 aut
2917 835 3197 905 presbyter
3221 837 3435 902 obtulit,
3464 838 3560 893 dat

1985 932 2216 1001 populo,
2259 945 2370 984 non
2412 937 2668 998 tanquam
2712 928 3001 990 sacerdos,
3039 928 3133 983 sed
3168 937 3424 999 tanquam
3456 931 3561 984 mi-

1987 1023 2230 1077 nistrans
2260 1021 2660 1077 sacerdotibus.
2696 1019 2841 1073 Nulli
2880 1029 3057 1074 autem
3091 1036 3156 1074 ex
3187 1022 3413 1090 reliquis
3450 1022 3561 1076 cle-

1985 1115 2116 1169 ricis
2149 1115 2275 1169 licet
2315 1129 2452 1183 opus
2499 1112 2716 1166 diaconi
2756 1112 3023 1167 lacere”.
3079 1111 3399 1168 Diaconissa
3451 1128 3560 1167 non

1986 1206 2297 1273 benedicit;
2352 1208 2445 1262 sed
2477 1222 2578 1261 nec
2631 1208 2841 1275 peragit
2872 1206 3169 1275 quidquam
3203 1222 3391 1260 eorum
3442 1222 3562 1274 quae

1988 1300 2292 1369 presbyteri
2341 1307 2434 1353 aut
2483 1299 2700 1353 diaconi
2756 1299 2995 1364 faciunt;
3052 1298 3314 1352 duntaxat
3360 1299 3563 1368 januas

1989 1391 2267 1457 custodit;
2317 1400 2372 1444 et
2420 1392 2776 1461 presbyteris,
2814 1390 3033 1461 quando
3067 1391 3411 1459 baptizantur
3442 1406 3563 1444 mu—

1990 1480 2171 1547 lieres,
2221 1482 2526 1545 ministrat,
2571 1491 2796 1553 propter
2828 1482 3108 1537 decorum.
3142 1481 3417 1536 Diaconus
3467 1497 3565 1535 ex-

1990 1576 2358 1629 communicat
2407 1576 2802 1631 subdiaconum
2830 1615 2845 1638 ,
2896 1575 3151 1629 lectorem
3177 1613 3191 1636 ,
3238 1582 3518 1626 cautorem
3545 1614 3561 1639 ,

1991 1667 2354 1723 diaconissam
2378 1687 2392 1734 ;
2433 1669 2479 1722 si
2508 1669 2730 1723 absente
2764 1667 3077 1737 presbytero
3106 1682 3193 1719 res
3223 1665 3275 1718 id
3304 1666 3561 1733 postulet.

1995 1758 2343 1815 Subdiacono
2379 1776 2489 1814 non
2540 1760 2665 1814 licet
2704 1774 3020 1829 segregare,
3068 1772 3243 1825 neque
3284 1757 3563 1820 lectorem,

296 1848 642 1905 διακόνισσαν
672 1849 768 1920 (9),
808 1849 869 1902 οὐ
908 1848 1186 1921 κληρικδν,
1235 1849 1297 1901 οὐ
1338 1847 1543 1903 λαῖκόν.
1586 1848 1884 1920 ’Υπηρέται

1997 1867 2163 1922 neque
2185 1862 2485 1918 cautorem,
2512 1867 2687 1922 neque
2709 1852 3109 1915 diaconissam;
3147 1865 3253 1902 non
3281 1849 3563 1913 clericum,

297 1940 412 2012 γάρ
445 1942 550 1993 είσι
584 1939 863 1994 διακόνων.

825 2033 1218 2086 ΚΕΦΑΛΑῙΟΝ
1251 2033 1380 2087 Κθ.

409 2124 549 2192 Περὶ
577 2126 855 2194 εὐλογίας
890 2126 1000 2196 (I0)
1028 2125 1247 2196 ὕδατος
1277 2126 1642 2189 καίιέλαίου,
1674 2125 1779 2180 τοῦ

492 2218 497 2221 ·
764 2194 1066 2249 Ματθαίου
1123 2194 1409 2261 διάταξις.

373 2285 512 2357 Περ)⁸
537 2286 593 2339 δὲ
619 2285 813 2350 ὕδατος
847 2287 942 2340 κα)⁸
972 2286 1183 2357 ἐλαίου,
1222 2287 1333 2357 ἐγὼ
1363 2288 1640 2354 Ματθαῖος
1667 2289 1889 2345 διατάσ-

299 2394 491 2448 σομαι.
523 2378 825 2448 Εὑλογείτω
856 2380 883 2432 ὁ
912 2378 1209 2444 ἐπίσκοπος
1238 2380 1299 2433 τὸ
1331 2380 1496 2454 ὕδωρ,
1524 2382 1557 2453 ἢ
1587 2383 1648 2436 τὸ
1691 2383 1886 2437 ἔλαιον·

294 2469 401 2522 ἐὰν
448 2469 504 2523 δὲ
554 2471 627 2541 μὴ
678 2473 850 2543 παρῇ,
899 2470 1189 2540 εὐλογείτω
1235 2475 1264 2527 ὁ
1303 2474 1689 2547 πρεσϐύτερος,
1719 2493 1893 2548 παρε-

295 2560 510 2624 στῶτος
551 2561 645 2614 τοῦ
677 2562 943 2616 διακόνου.
986 2562 1153 2617 Ἐπὰν
1192 2564 1249 2616 δὲ
1292 2567 1320 2618 ὁ
1369 2566 1667 2630 ἐπίσκοπος
1710 2570 1891 2639 παρῇ,

293 2652 662 2724 παριστάσθω
692 2656 720 2707 ὁ
757 2654 1125 2727 πρεσϐύτερος
1170 2656 1264 2709 καὶ
1301 2658 1329 2709 ὁ
1374 2656 1639 2721 διάκονος·
1688 2657 1893 2727 λεγέτω

292 2745 355 2798 δὲ
400 2743 594 2808 οὕτως·
667 2742 839 2816 Κύριε
889 2746 1140 2811 Σαϐαὼθ,
1192 2750 1220 2801 ὁ
1265 2747 1396 2811 Θεὸς
1439 2747 1547 2803 τῶν
1588 2749 1891 2820 δυνάμεων,

289 2835 500 2890 κτίστα
529 2836 638 2888 τῶν
667 2835 873 2890 ὑδάτων
900 2839 993 2891 καὶ
1021 2840 1348 2914 χορηγέατοῦ
1380 2841 1580 2904 ἐλαίου,
1611 2846 1892 2915 οἴκτιρμον

290 2930 397 2982 καὶ¹
434 2926 805 2999 φιλάνθρωπε,
837 2931 865 2982 ὁ
894 2930 1018 2993 δοὺς
1048 2932 1109 2983 τὸ
1139 2931 1285 3004 ὕδωρ
1313 2933 1450 3004 πρὸς
1480 2935 1637 2989 πόσιν
1669 2937 1762 2990 καὶ
1791 2937 1892 2990 κά-

290 3020 522 3092 θαρσιν,
557 3019 653 3071 καὶ
686 3018 862 3074 ἔλαιον
891 3021 986 3075 τοῦ
1024 3022 1269 3095 ίλαρῦναι
1302 3026 1592 3097 πρόσωπον
1618 3028 1699 3090 είς
1724 3029 1892 3097 ἀγαλ-

290 3113 480 3184 λίαμα
516 3111 872 3184 εὐφροσύνης
924 3114 1085 3178 αὐτὸς
1136 3118 1229 3170 καὶ
1257 3118 1352 3171 νῦν
1381 3119 1469 3172 διὰ
1504 3120 1740 3190 Χριστοῦ
1768 3121 1892 3191 ἁγί-

289 3222 442 3260 ασον
493 3203 554 3257 τὸ
607 3202 752 3277 ὕδωρ
800 3205 958 3259 τοῦτο
1003 3209 1095 3260 καὶ
1148 3208 1343 3278 ἔλαιον,
1388 3210 1475 3265 ἐπ’
1524 3214 1746 3284 ὀνόματι
1800 3190 1894 3268 τοῦ
1920 3190 1964 3246 C

290 3297 803 3369 προσκομίσαντος,
834 3298 868 3369 ἢ
897 3300 995 3371 τῆς
1019 3303 1485 3374 προσκομισάσης,
1516 3306 1609 3359 καὶ
1631 3306 1717 3370 δὸς
1742 3307 1899 3361 δύνα-

295 3406 403 3460 μιν
447 3388 662 3455 ὑγιείας
680 3390 1069 3463 ἐμποιητικὴν,
1099 3392 1268 3445 νόσων
1296 3394 1684 3467 ἀπελαστικὴν,
1712 3397 1899 3469 δαιμό-

291 3497 417 3534 νων
459 3480 881 3553 φυγαδευτικὴν,
920 3483 1104 3553 πάσης
1134 3484 1426 3555 ἐπιϐουλῆς
1464 3486 1776 3559 διωκτικὴν,
1810 3488 1899 3543 διά

290 3570 574 3651 Χριστοῦ,
626 3574 723 3644 τῆς
764 3574 975 3638 ἐλπίδος
1002 3575 1185 3646 ήμῶν·
1230 3576 1346 3647 μεθ’
1374 3570 1556 3635 οὖ.σοι
1584 3578 1729 3644 δόξα,
1764 3582 1896 3653 τιμὴ

288 3665 398 3719 καὶ
441 3662 627 3727 σέϐας,
659 3666 752 3718 καὶ
778 3666 856 3737 τῷ
883 3667 1022 3738 ἁγίῳ
1053 3667 1351 3740 Πνεύματι,
1397 3672 1478 3735 εἰς
1514 3672 1643 3735 τοὺς
1673 3671 1894 3737 αἰῶνας.

300 3758 367 3811 Ἀ
377 3757 516 3828 μήν.

856 3852 1253 3908 ΚΕΦΑΛΑῙΟΝ
1286 3855 1365 3909 Λ’.

476 3940 589 3996 Τοῦ
615 3941 801 3996 αὐτοῦ
834 3944 971 4013 περὶ
999 3944 1287 4015 ἀπαρχῶν
1316 3946 1416 4000 καὶ
1442 3946 1727 4003 δεκατῶν.

364 4039 423 4109 (1
437 4037 495 4107 1)
542 4036 602 4090 '0
639 4038 826 4103 αὐτὸς,
866 4039 994 4111 περὶ
1032 4041 1295 4114 ἀπαρχῶν
1329 4045 1423 4097 καὶ
1466 4045 1721 4101 δεκατῶν.
1760 4047 1883 4101 Ἔτι

1983 1960 2097 2000 non
2120 1945 2323 2000 Iaicum
2357 1962 2372 1999 :
2409 1945 2645 2000 ministri
2676 1945 2820 1998 enim
2856 1950 2985 1997 sunt
3012 1943 3393 1997 diaconorum.

2538 2036 2770 2091 CAPUT
2814 2035 3002 2090 XXIX.

2020 2128 2097 2184 De
2132 2129 2482 2184 benedictione
2518 2145 2669 2200 aquw
2698 2137 2746 2183 et
2774 2128 2894 2192 olei,
2928 2126 3171 2180 Matthazi
3201 2112 3549 2180 constitutio:

2061 2306 2137 2363 De
2171 2323 2312 2378 aqua
2341 2316 2520 2363 autem
2551 2314 2605 2363 et
2635 2307 2786 2371 oleo,
2823 2306 3101 2361 constituo
3129 2319 3227 2376 ego
3259 2303 3566 2358 Mattbaeus.

1989 2399 2282 2455 Benedicat
2314 2402 2604 2471 episcopus
2635 2415 2833 2469 aquam
2858 2406 2913 2453 et
2940 2400 3141 2452 oleum.
3178 2396 3275 2450 Sin
3302 2411 3431 2450 vero
3458 2410 3569 2449 non

1993 2492 2168 2555 adsit,
2249 2492 2534 2548 benedicat
2599 2494 2924 2563 presbyter,
2988 2497 3255 2561 praesente
3313 2488 3568 2543 diacono.

1994 2584 2222 2650 Quando
2238 2594 2419 2639 autem
2438 2586 2609 2639 aderit
2631 2585 2949 2655 episc0pus,
2980 2583 3240 2638 assistant
3263 2581 3569 2651 presbyter,

1993 2684 2047 2731 et
2077 2676 2373 2744 diaconus;
2423 2677 2570 2731 hunc
2615 2691 2743 2731 vero
2772 2677 2827 2730 in
2865 2676 3084 2729 modum
3118 2674 3263 2728 dicat
3295 2691 3310 2729 :
3344 2671 3572 2726 Domine

1997 2768 2260 2832 Sabaoth,
2288 2768 2433 2824 Deus
2463 2770 2764 2835 virtutum;
2798 2775 3015 2822 creator
3049 2780 3341 2836 aquarum,
3378 2771 3431 2817 et
3461 2764 3572 2816 lar-

1995 2863 2137 2934 gitor
2163 2863 2300 2931 olei;
2334 2864 2648 2918 misericors
2671 2902 2686 2927 ,
2738 2864 2792 2917 et
2825 2861 3104 2914 hominum
3150 2857 3432 2921 studiose;
3476 2855 3572 2923 qui

1996 2954 2195 3010 dedisti
2220 2969 2416 3025 aquam
2443 2954 2509 3008 ad
2531 2963 2717 3024 potum
2740 2969 2802 3006 ac
2822 2953 3289 3023 expurgationem,
3315 2958 3368 3005 et
3391 2950 3572 3003 oleum

1996 3044 2063 3101 ad
2093 3047 2507 3102 exhilarandum
2540 3046 2749 3101 vultum
2780 3046 2835 3099 in
2865 3045 3286 3099 exsultationem
3331 3041 3529 3096 laetitiae
3555 3059 3569 3095 :

1998 3140 2115 3210 ipse
2151 3147 2206 3194 et
2244 3154 2391 3193 nunc
2423 3153 2519 3208 per
2547 3136 2823 3192 Christum
2871 3135 3153 3189 sanctiﬁca
3194 3135 3335 3188 hanc
3375 3146 3573 3203 aquam

1998 3243 2158 3302 atque
2204 3231 2307 3287 hoc
2353 3222 2827 3294 oleumfnomine
2878 3227 3024 3282 illius
3066 3226 3158 3297 qui
3208 3224 3434 3289 obtulit,
3478 3228 3575 3277 aut

1996 3326 2144 3380 illius
2175 3340 2296 3395 qua:
2327 3324 2557 3391 obtulit;
2601 3330 2656 3377 et
2692 3322 2760 3376 da
2790 3322 2898 3375 vim
2932 3320 3258 3375 eil‘ectricem
3295 3315 3571 3380 sanitatis,

1997 3417 2312 3471 morborum
2343 3415 2723 3486 expultricem,
2753 3395 3058 3468 daemonum
3090 3412 3427 3483 fugatricem,
3456 3426 3578 3465 om-

1998 3490 2149 3563 nium
2182 3507 2501 3564 insidiarum
2525 3504 2967 3581 proﬂigatricem.
3002 3520 3100 3576 per
3118 3504 3397 3559 Christum
3419 3517 3577 3573 spem

1998 3610 2278 3668 nostram;
2310 3616 2433 3655 cum
2457 3616 2567 3672 quo
2590 3601 2688 3655 tibi
2715 3601 2908 3671 gloria,
2952 3599 3149 3663 honor,
3184 3613 3249 3653 ac
3271 3597 3574 3662 veneratio,

1997 3702 2052 3749 et
2082 3701 2273 3749 sancto
2302 3691 2552 3764 Spiritui,
2584 3694 2640 3748 in
2671 3693 2891 3749 saecula.
2920 3691 3112 3746 Amen.

2561 3850 2792 3907 CAPUT
2838 3849 3007 3906 XXX.

2282 3942 2569 4014 Ejusdem,
2600 3943 2664 3997 de
2691 3944 2942 4012 primitiis
2976 3951 3028 3996 et
3058 3942 3295 3996 decimis.

2070 4037 2240 4105 Idem,
2273 4037 2341 4092 de
2368 4037 2629 4108 primitiis
2659 4046 2713 4092 et
2743 4036 2994 4091 decimis.
3024 4035 3217 4089 Adhuc
3247 4034 3491 4104 iniungo,
3518 4040 3579 4087 ut

1999 4144 2190 4195 omnes
2222 4129 2472 4199 primitiae
2493 4127 2797 4182 aﬂ‘erantur
2835 4126 3114 4195 episcopo,
3141 4133 3196 4179 et
3219 4124 3583 4195 presbyteris,

280 4128 656 4203 προστάσσω,
684 4130 861 4183 πᾶσαν
893 4130 1143 4203 ἀπαρχὴν
1175 4133 1634 4204 προσκομίζεσθαι
1664 4134 1742 4208 τῷ
1764 4138 1880 4192 ἐπι-

282 4217 503 4286 σκόπῳ
534 4217 630 4268 καὶ
658 4219 772 4280 τοῖς
798 4218 1191 4291 πρεσϐυτέροις
1219 4223 1313 4274 καὶ
1342 4224 1455 4285 τοῖς
1484 4222 1779 4290 διακόνοις,
1820 4226 1901 4290 είς

276 4306 609 4391 διατροφὴν
637 4307 836 4362 αὐτῶν·
896 4312 1077 4365 πᾶσαν
1113 4313 1168 4365 δὲ
1200 4313 1432 4386 δεκάτην
1461 4316 1896 4389 προσφέρεσθαι,

277 4404 373 4466 είς
401 4400 716 4471 διατροφὴν
744 4399 851 4454 τῶν
879 4400 1081 4456 λοιπῶν
1110 4404 1406 4476 κληρικῶν,
1436 4408 1531 4460 καὶ
1557 4406 1665 4459 τῶν
1696 4407 1900 4480 παρθέ-

2000 4406 2261 4476 virgines,
2299 4420 2363 4459 ac
2383 4403 2598 4467 viduas,
2624 4410 2679 4458 et
2706 4408 3027 4472 paupertate
3052 4400 3299 4455 aﬂlictos.
3317 4398 3582 4454 Primitiae

277 4511 427 4559 νων,
465 4491 570 4545 καὶ
596 4490 704 4544 τῶν
732 4492 937 4563 χηρῶν,
962 4496 1055 4548 καὶ
1082 4495 1191 4549 τῶν
1213 4498 1269 4549 ἐν
1291 4498 1451 4568 πενίᾳ
1475 4498 1895 4570 ἐξεταζομένων.

2002 4498 2182 4561 enim,
2232 4497 2578 4552 sacerdotum
2632 4504 2782 4561 sunt,
2830 4501 2994 4564 atque
3039 4494 3107 4550 iis
3150 4492 3579 4550 ministrantium

275 4587 356 4639 Δί
410 4584 538 4655 γὰρ
584 4583 829 4655 ἀπαρχαὶ
867 4586 977 4639 τῶν
1012 4587 1207 4665 ἱερέων
1251 4591 1372 4651 εἰσὶ..
1421 4591 1513 4643 καὶ
1556 4591 1665 4645 τῶν
1715 4593 1897 4656 αὐτοῖς

2004 4591 2381 4645 diaconorum.

277 4674 477 4748 ἐξυπη
487 4677 834 4748 ρετουμένων
860 4677 1140 4732 διακόνων.
1544 4676 1548 4681 ’

2000 4228 2054 4275 et
2100 4220 2388 4288 diaconis,
2442 4219 2511 4273 ad
2546 4235 2736 4275 eorum
2786 4218 3138 4283 alimentum;
3177 4224 3345 4285 utque
3387 4231 3580 4271 omnes

1999 4313 2225 4368 decima}
2252 4312 2575 4376 offerantur,
2613 4311 2681 4364 ad
2716 4309 2941 4365 alendos
2978 4309 3218 4377 reliquos
3247 4306 3498 4371 clericos,
3526 4315 3582 4360 et

348 4831 407 4864 ³³
442 4832 605 4891 Citat
646 4829 1107 4900 Harmenopulus,
1146 4830 1203 4884 in
1240 4827 1386 4898 Epit.
1416 4843 1538 4883 can.
1568 4839 1702 4886 sect.
1731 4830 1785 4893 2,
1819 4831 1901 4886 tit.
1932 4830 2001 4895 4;
2031 4827 2068 4883 l.
2097 4828 2507 4901 pseudo-lguat.
2543 4829 2610 4885 ad
2637 4829 2889 4883 Aulim-li.
2923 4824 3010 4881 12.

1617 4963 1983 5022 VARIORUM
2039 4965 2273 5023 NOTAE.

360 5120 453 5193 (7)
482 5116 893 5198 _00‘.ﬂa{tl(sc,
911 5131 1046 5198 etc”
1070 5136 1247 5198 usque
1275 5119 1341 5173 ad
1369 5118 1572 5198 ούδενὶ
1596 5118 1761 5198 ἐξόν,
1801 5119 1892 5198 CiT

1997 5121 2264 5198 ψάλτῃ,ᾼῆ
2295 5121 2628 5198 διακονίσσῃ.
2663 5120 2800 5177 Cor.
2840 5189 2857 5198 Δ
2923 5190 2965 5198 _
3088 5189 3100 5198 _
3240 5190 3251 5198 _
3323 5189 3334 5198 _
3416 5189 3431 5198 _
3504 5142 3505 5145 “

272 5185 452 5249 ιιιιίιὲ
480 5189 545 5240 in
575 5185 680 5263 line
714 5185 1386 5263 Responsionum'ﬁicetae
1408 5189 1790 5263 Heracleensis
1820 5190 1888 5244 ad

2064 5185 2173 5263 (1(5)
2201 5185 2653 5260 Πὲρὶεύλογίάξι,
2690 5210 2745 5246 κ.
2770 5189 2891 5263 ττλ.
2923 5190 3055 5245 Tota
3080 5189 3385 5263 inscriptio
3401 5189 3577 5263 deest,

272 5256 779 5336 Interrogationes
804 5256 1148 5336 Constantini
1175 5261 1442 5336 episcopi,
1482 5269 1642 5336 prout
1669 5268 1890 5336 exstant

1997 5256 2218 5336 ejusque
2246 5256 2367 5336 loco
2392 5256 2635 5336 legitur}
2670 5262 2946 5336 Ματθαῖος
2970 5263 3027 5314 ἐν
3061 5256 3289 5336 Ἰουδαίᾲ
3315 5260 3582 5336 διδάσκων

269 5340 341 5391 in
383 5327 846 5404 m_ss._tribus_ad
873 5331 1073 5404 calcem
1092 5327 1328 5387 Matthaai
1360 5327 1644 5396 Blaslaris,
1675 5330 1890 5386 duobus

1997 5327 2082 5386 τὸν
2094 5327 2329 5404 Χριστοῦ
2344 5327 2520 5402 λόγόν,
2540 5333 2646 5386 τῶν
2660 5334 2779 5404 ἐϐδο
2787 5335 2858 5403 μὴ
2866 5349 3027 5385 κοντα
3046 5327 3284 5400 γεγονὼς
3304 5330 3580 5404 μαθητῶν,

271 5397 715 5475 ιὶεεξῇεζινειδιὶο
738 5395 979 5475 :Iuliano.
1008 5402 1196 5475 C011.”
1309 5471 1337 5475 _
1395 5471 1410 5475 _
1463 5469 1525 5475 __A
1732 5469 1747 5475 _
1807 5470 1818 5475 _

1997 5404 2016 5475 ᾧ
2044 5395 2180 5473 μετᾶ
2206 5405 2304 5475 τὴν
2336 5395 2570 5474 Χριστοῦ
2603 5395 3317 5475 άνοδονξίσυγκαςεηρίθμητό
3335 5395 3447 5463 τοῖς
3474 5399 3579 5475 δῶ-

370 5465 463 5543 ξ8)
503 5465 847 5543 ρῦτειμὴν,
872 5467 964 5519 καὶ
994 5467 1068 5543 τά
1100 5469 1255 5543 ἐξῆς,
1299 5471 1434 5543 Cod.
1463 5469 1697 5543 Vindob.
1732 5469 1894 5524 habet

1997 5465 2122 5526 δέκα
2169 5465 2509 5537 Ἀποστόλοις
2541 5475 2660 5527 ἀντὶ
2702 5465 3008 5543 Ἰούδαίτοῦ
3050 5465 3340 5543 γενομένου
3390 5470 3582 5543 προδό-

281 5551 347 5603 in
380 5534 599 5616 ‘dativo
648 5534 961 5616 ἀναγνώστῃ
985 5579 1008 5616 ._
1041 5534 1216 5616 ψάλτῄ
1249 5550 1302 5595 et
1341 5541 1675 5616 διακοκρσσῃ,
1715 5551 1774 5595 ut
1809 5556 1892 5596 res

1998 5560 2113 5616 του·
2150 5548 2324 5598 κεῖται
2354 5547 2420 5616 ἐν
2462 5534 2830 5616 Ἰερουσαλήμ.
2867 5542 2969 5597 Sed
2994 5534 3094 5616 pro
3120 5534 3375 5616 M‘btthwo
3400 5534 3579 5611 legen-

283 5620 535 5676 vetetur
568 5603 773 5668 lectori,
802 5603 1010 5662 canlori
1045 5603 1099 5663 et
1130 5603 1468 5666 diaconxssae.
1503 5603 1670 5664 CLEn'.
2002 5615 2130 5668 dum
2163 5624 2279 5669 erat
2312 5603 2615 5668 Matthia‘m.
2643 5603 2785 5668 νὶόὲ
2794 5614 2915 5668 Act.
2950 5603 3117 5676 1,-9.3.
3152 5612 3321 5667 Cum.

365 5682 458 5751 (9)
524 5675 968 5757 Ἀνίειγνώᾳτην,
1010 5679 1155 5757 οὔτε
1195 5678 1649 5757 additur-tome
1698 5680 1892 5757 διακό-

2075 5686 2183 5756 (M)
2237 5688 2297 5739 '0
2326 5687 2527 5751 αὐτός,
2560 5694 2667 5740 etc.
2702 5685 2862 5757 Deest
2901 5683 3224 5756 inscriptio,
3267 5681 3428 5753 cujus
3456 5681 3573 5739 loco

280 5744 574 5827 νιὰᾴαν.
597 5744 833 5827 ,ὃὶιεηιὶο
865 5747 967 5819 tegi
995 5764 1100 5803 non
1124 5744 1291 5827 debet
1304 5744 1666 5827 farialectio
1688 5753 1893 5827 codicis
2004 5744 2131 5813 sunt
2166 5744 2264 5814 sex
2295 5758 2461 5814 verba
2482 5744 2800 5827 sequentia.

279 5822 459 5895 Regii
506 5816 612 5885 qui
658 5824 877 5872 notatur
922 5816 1157 5875 numero
1192 5817 1333 5874 239?.
1376 5842 1388 5875 :
1439 5819 1816 5895 Ἀναγνώστῃ,
1856 5823 1889 5893 ἢ
