4000 6266
481 387 615 445 H35

1361 384 1416 439 S.
1453 382 1838 441 CLEMENTIS
1874 380 1891 436 l
1926 381 2089 439 ROM.
2126 380 2323 436 PONT.
2361 378 2586 435 OPERA
2621 373 2845 432 DUBIA.

3569 371 3692 427 “36

474 507 674 575 quique
727 500 1089 557 resuscitavit.
1155 500 1415 555 Ascensio
1470 501 1539 555 sit
1593 500 1712 555 dies
1772 498 2025 566 feriatus;

2137 501 2219 563 τίς
2251 502 2278 552 6
2310 497 2684 567 συγχωρήσας,
2715 494 2747 563 ἢ
2770 494 2863 546 καὶ
2890 491 3195 561 ἀναστήσας
3213 488 3276 541 δι’.
3302 487 3412 559 Τὴν
3430 484 3695 560 ⁶⁶’Λνάλη-

471 606 697 668 propter
749 594 955 648 ﬁnitam
987 602 1118 647 tunc
1159 594 1516 647 mconomiam
1549 592 1775 647 Christi.
1806 592 1863 645 in
1894 592 2034 646 Pen-

469 698 676 747 teooste
722 688 1018 752 ferientur;
1065 686 1134 740 ob
1186 684 1425 755 Spiritus
1489 686 1665 740 sancti
1721 685 2028 747 adventum,

470 796 795 836 concessum
842 779 910 833 iis
941 778 1033 848 qui
1068 778 1121 831 in
1151 777 1427 832 Christum
1467 776 1833 831 crediderunt.
1872 776 2033 832 Festo

469 873 676 927 Natalis
724 876 941 925 cessent
971 869 1039 923 ab
1068 884 1262 938 opere;
1298 882 1364 921 eo
1394 868 1536 937 quod
1570 877 1697 922 tunc
1720 868 2033 923 hominibus

468 965 733 1018 tributum
792 961 893 1015 fuit
960 961 1392 1029 inexspectatum
1453 959 1777 1014 beneﬁcium
1823 960 1888 1025 ⁵ο,
1948 968 2027 1024 ut,

470 1070 681 1124 nempe,
702 1053 794 1107 Dei
825 1052 1058 1107 Verbum
1078 1050 1503 1106 Jesustristus
1525 1066 1592 1105 ex
1618 1050 1785 1105 Maria
1809 1050 2033 1121 Virgine

467 1153 786 1200 nasceretur
810 1144 875 1198 ad
906 1143 1092 1197 mundi
1119 1144 1372 1197 salutem.
1420 1138 1479 1195 ln
1514 1141 1832 1212 Epiphania:
1893 1143 2031 1199 festo

466 1245 691 1304 vacent;
725 1237 854 1307 quia
893 1238 946 1290 in
979 1250 1043 1291 eo
1071 1236 1442 1292 demonstrata
1474 1243 1559 1290 est
1583 1234 1790 1290 Christi
1834 1236 2034 1290 divini-

468 1336 573 1392 tas,
599 1328 815 1398 quando
859 1326 1019 1382 Pater
1064 1329 1431 1382 testimonium
1469 1327 1516 1382 ei
1561 1328 1788 1396 prwbuit
1836 1328 1893 1382 in
1935 1328 2031 1381 ba-

467 1421 684 1490 ptismo,
726 1430 778 1476 et
830 1419 1144 1475 Paracletus
1195 1421 1247 1475 in
1287 1421 1466 1490 specie
1505 1420 1770 1475 columbae
1793 1419 2032 1474 ostendit

464 1527 611 1574 eum.
643 1513 728 1565 cui
763 1511 1093 1581 perhibitum
1128 1518 1247 1567 erat
1289 1513 1664 1567 testimonium
1691 1510 1756 1566 τί.
1798 1509 1857 1564 In
1899 1526 2030 1580 apo-

466 1605 729 1659 stolorum
778 1605 971 1660 diebus
1014 1620 1152 1675 opus
1181 1622 1288 1661 non
1320 1605 1524 1660 faciant
1556 1625 1568 1659 :
1603 1606 1856 1661 doctores
1884 1606 2027 1660 enim

464 1697 632 1751 vestri
667 1697 889 1752 fuerunt
922 1699 977 1751 in
1007 1698 1250 1762 Christo,
1277 1713 1485 1768 vosque
1503 1695 1708 1768 Spiritu
1730 1698 2026 1757 donarunt.

464 1787 521 1842 In
550 1788 637 1844 die
670 1788 925 1859 Stephani
968 1791 1127 1860 primi
1172 1792 1426 1862 martyris
1457 1790 1740 1856 ferientur,
1779 1800 1941 1862 atque
1974 1794 2028 1850 in

462 1880 652 1935 diebus
683 1890 1002 1938 cmterorum
1048 1890 1361 1937 sanctorum
1392 1889 1714 1953 martyrum,
1747 1885 1839 1953 qui
1870 1885 2030 1939 Chri-

463 1980 606 2027 stum
640 1975 996 2043 praetulerunt
1028 1976 1152 2028 vitae
1192 1990 1323 2029 suae.
1360 1975 1368 1982 ’

991 2237 1217 2292 CAPUT
1265 2238 1503 2295 XXXIV.

588 2329 789 2395 Quibus
824 2329 989 2395 horis,
1018 2339 1067 2383 et
1095 2347 1255 2400 quare
1289 2333 1342 2385 in
1369 2334 1443 2386 eis
1470 2333 1788 2401 precandum
1816 2335 1907 2392 sit.

527 2482 938 2541 "Precationes
1004 2486 1166 2548 facite
1217 2502 1396 2554 mane,
1446 2497 1502 2544 et
1550 2491 1710 2545 tertia
1772 2492 1926 2557 hora,
1965 2508 2028 2547 ac

459 2584 633 2639 sexta,
675 2585 728 2630 et
762 2593 928 2643 nona,
987 2585 1041 2633 et
1096 2594 1342 2649 vespere,
1398 2588 1561 2651 atque
1619 2583 1672 2637 in
1727 2584 2023 2654 gallicinio.

457 2665 614 2721 Mane
651 2683 665 2718 :
697 2669 903 2738 gratias
965 2677 1206 2739 agentes,
1263 2673 1407 2741 quod
1462 2671 1744 2736 Dominus,
1794 2675 2027 2730 abducta

460 2765 640 2820 nocte,
673 2769 727 2813 et
756 2759 978 2815 inducto
1007 2761 1115 2827 die,
1139 2763 1465 2817 illuminavit
1498 2780 1616 2819 vos.
1650 2764 1832 2819 Tertia
1856 2766 2024 2821 hora:

459 2849 718 2918 quoniam
771 2851 827 2904 in
883 2866 947 2907 ea
995 2852 1258 2908 Dominus
1302 2856 1628 2909 sententiam
1663 2856 2027 2913 damnationis

458 2943 669 3011 excepit
697 2957 726 2995 a
757 2941 950 2997 Pilato.
981 2942 1143 2998 Sexta
1175 2964 1187 2999 :
1222 2946 1366 3014 quod
1401 2946 1455 2998 in
1487 2961 1549 3000 ea
1599 2948 1895 3001 cruciﬁxus
1921 2958 2022 3002 est.

458 3031 611 3087 Nona
645 3051 659 3088 :
695 3034 822 3103 quia
869 3043 1088 3100 cuncta,
1145 3037 1407 3091 cruciﬁxo
1458 3036 1707 3101 Domino,
1754 3050 2024 3093 commota

2133 591 2224 661 ψιν
2259 589 2617 661 ἀργείτωσαν,
2645 585 2733 638 διὰ
2762 584 2821 637 τὸ
2850 583 3021 653 πέρας
3049 583 3146 654 τῆς
3189 581 3331 635 κατὰ
3369 579 3597 652 Χριστὸν
3627 582 3696 633 οἰ-

2134 682 2407 751 κονομίας.
2466 679 2576 748 Τὴν
2626 676 2999 746 Πεντηκοστὴν
3066 674 3425 745 ἀργείτωσαν,
3475 670 3563 724 διὰ
3606 672 3695 742 τὴν

2133 773 2434 845 παρουσίαν
2488 769 2581 823 τοῦ
2648 768 2802 837 ἁγίου
2858 766 3173 837 Πνεῦματος
3228 765 3326 836 τὴν
3374 763 3696 835 δωρηθεῖσαν

2131 869 2241 929 τοῖς
2283 864 2635 918 πιστεύσασιν
2684 861 2762 923 είς
2793 858 3048 930 Χριστόν.
3078 858 3188 928 Τὴν
3216 858 3323 910 τῶν
3355 856 3635 926 γενεθλίων
3655 856 3693 886 ⁸⁷

2134 958 2325 1030 ἑορτὴν
2357 956 2716 1027 ἀργείτωσαν,
2739 951 2827 1004 διὰ
2850 950 2909 1003 τὸ
2932 952 2987 1002 ὲν
3015 950 3150 1019 αὐτῇ
3177 948 3277 1019 τὴν
3307 947 3697 1019 ἀπροσδόκητον

2131 1048 2291 1120 χάριν
2323 1048 2367 1079 ⁸⁸
2410 1045 2650 1099 δεδόσθαι
2702 1041 3027 1114 ἀνθρώποις,
3083 1039 3405 1110 γεννηθῆναι
3466 1037 3553 1090 τὸν
3608 1035 3695 1089 τοῦ

2130 1139 2264 1193 Θεοῦ
2310 1138 2479 1207 Λόγον
2524 1135 2729 1208 Ἰησοῦν
2755 1133 2988 1205 Χριστὸν
3019 1133 3084 1185 ὲκ
3124 1126 3339 1201 Μαρίας
3366 1131 3464 1201 τῆς
3505 1127 3700 1200 παρθέ-

2131 1250 2221 1285 νου
2256 1231 2349 1284 ὲπὶ
2382 1228 2623 1299 σωτηρίᾳ
2643 1224 2737 1280 τοῦ
2760 1226 2983 1296 κόσμου.
3022 1223 3135 1292 Τὴν
3150 1221 3257 1275 τῶν
3282 1219 3614 1289 Ἐπιφανίων
3652 1218 3696 1250 ⁷⁸

2132 1324 2322 1395 έορτὴν
2357 1321 2463 1393 (³57)
2515 1319 2868 1390 ἀργείτωσαν,
2900 1315 2989 1369 διά
3034 1314 3095 1367 τὸ
3143 1315 3201 1367 ὲν
3253 1314 3389 1383 αὐτῇ
3436 1312 3699 1375 ἀνάδειξιν

2130 1414 2454 1485 γεγενῆσθαι
2486 1413 2584 1481 τῆς
2624 1409 2716 1463 τοῦ
2748 1406 2982 1481 Χριστοῦ
3016 1406 3284 1477 θεότητος,
3332 1405 3699 1475 μαρτυρήσανι

2130 1526 2220 1571 τος
2262 1505 2408 1577 αὐτῷ
2461 1503 2554 1561 τοῦ
2596 1502 2808 1574 Πατρὸς
2866 1502 2922 1553 ὲν
2962 1499 3039 1570 τῷ
3086 1498 3439 1569 βαπτίσματι,
3468 1496 3560 1549 καὶ
3608 1493 3697 1547 τοῦ

2131 1598 2482 1670 Παρακλήτου
2528 1597 2584 1648 ὲν
2628 1594 2756 1646 εἴδει
2799 1592 3125 1663 περιστερᾶς
3168 1586 3539 1651 ὑποδείξαντος
3594 1588 3699 1648 τοῖς

2132 1690 2443 1763 παρεστῶσι
2490 1688 2580 1740 τὸν
2639 1684 3072 1757 μαρτυρηθέντα.
3109 1681 3220 1745 Τάς
3264 1681 3475 1752 ἡμέρας
3528 1679 3636 1731 τῶν
3657 1679 3700 1709 ⁷⁸

2130 1781 2442 1835 ἀποστόλων
2494 1779 2849 1849 ἀργείτωσαν·
2905 1774 3016 1846 (58)
3065 1773 3367 1827 διδάσκαλοι
3400 1771 3507 1842 γὰρ
3552 1769 3701 1840 ὑμῶν

2130 1876 2208 1937 εἰς
2250 1871 2484 1944 Χριστὸν
2528 1870 2863 1940 κατέστησαν
2906 1868 2973 1930 ⁷³,
3005 1867 3096 1919 καὶ
3148 1862 3517 1936 Πνεῦματοςτδ
3562 1862 3704 1933 ὑμᾶς

2131 1964 2366 2035 ἠξίωσαν
2398 1962 2528 2033 (59).
2564 1962 2674 2031 Τὴν
2705 1961 2916 2031 ἡμέραν
2944 1957 3216 2026 Στεφάνου
3248 1955 3342 2008 τοῦ
3374 1952 3704 2025 πρωτομάρ-

2129 2075 2291 2129 τυρος
2313 2056 2671 2127 ἁργείτωσαν,
2702 2051 2924 2107 καὶτῶν
2951 2050 3154 2104 λοιπῶν
3185 2047 3354 2118 ἁγίων
3386 2046 3702 2118 μαρτύρων,

2128 2150 2235 2204 τῶν
2268 2148 2719 2221 πρπιμησάντων
2750 2144 2986 2216 Χριστὸν
3014 2143 3113 2214 τῆς
3141 2141 3346 2196 ἑαυτῶν
3377 2140 3539 2210 ζωῆς.

2581 2236 2973 2291 ΚΕΦΑΛΛΙΟΝ
3014 2236 3111 2288 AA'
3148 2231 3277 2303 (to).

2221 2332 2402 2397 Ποίας
2438 2330 2613 2397 ὥρας,
2642 2328 2739 2382 καὶ
2766 2327 2922 2380 dear!
2951 2327 3020 2379 ἐν
3044 2325 3284 2389 ταύταις
3306 2321 3401 2376 δεῖ
3423 2334 3613 2390 προσ-

2764 2399 3068 2466 εὔχεσθαι.

2203 2494 2386 2565 Εὐχάς
2418 2492 2711 2545 ὲπιτελεῖτε
2739 2489 2934 2561 ὖρθρου
2966 2486 3096 2557 (41),
3130 2487 3223 2539 καὶ
3248 2484 3414 2555 τρίτῃ*
3438 2485 3580 2556 ὥρᾳ,
3617 2487 3711 2539 καὶ

2128 2589 2284 2660 ἕκτῃ,
2316 2586 2411 2640 καὶ
2454 2585 2681 2656 ὲννάτῃ,
2713 2581 2804 2635 καὶ
2842 2578 3070 2649 ἑσπέρᾳ,
3106 2577 3201 2631 καὶ
3244 2576 3709 2648 ἁλεκτοροφωνίᾳ.

2133 2679 2368 2750 Ὀρθρου
2414 2678 2532 2748 μὲν,
2562 2671 3005 2746 εὐχαριστοῦντες
3041 2671 3120 2723 ὅτι
3149 2667 3410 2737 ἐφώτισεν
3453 2669 3583 2739 ὑμῖν
3608 2670 3659 2701 ⁷⁸
3684 2672 3713 2723 6

2128 2770 2351 2843 Κύριος,
2402 2766 2741 2839 παραγαγὼν
2779 2766 2877 2835 τὴν
2916 2762 3102 2824 νύκτα,
3135 2761 3229 2814 καὶ
3269 2759 3563 2827 ἐπαγαγὼν
3609 2761 3712 2832 τὴν

2130 2863 2360 2933 ἡμέραν.
2390 2861 2560 2932 Τρίτῃ
2587 2859 2750 2922 δὲ,ὂτι
2780 2856 3050 2925 ἀπόφασιν
3078 2854 3136 2906 ὲν
3167 2853 3302 2922 αὐτῇ
3333 2852 3437 2904 ὑπὸ
3465 2852 3712 2905 Πιλάτου

2127 2952 2314 3005 ἐλαϐεν
2347 2954 2376 3005 6
2415 2951 2635 3021 Κύριος.
2672 2950 2844 3021 ’Ἑκτῃ
2878 2947 2954 3009 δὲ,
2981 2947 3062 2998 ὅτι
3094 2946 3151 2996 ὲν
3184 2944 3319 3014 αὐτῇ
3360 2942 3707 3014 ἐσταυρώθη.

2143 3042 2367 3113 Ἐννάτῃ
2395 3042 2470 3105 δὲ,
2493 3042 2574 3093 ὅτι
2606 3038 2781 3092 πάντα
2812 3036 3066 3107 κεκίνητο
3095 3033 3188 3088 τοῦ
3217 3033 3485 3085 Δεσπότου
3517 3034 3715 3087 ἐσταυ-

459 3133 607 3194 sunt,
639 3126 767 3180 dum
814 3127 1042 3183 horrent
1080 3128 2025 3199 impiorum'Judasorum'temerita-

2131 3135 2396 3209 ρωμένου,
2442 3133 2731 3203 φρίττοντα
2773 3130 2871 3201 τὴν
2908 3128 3113 3199 τόλμαν
3138 3125 3246 3179 τῶν
3274 3125 3547 3178 δυσσεϐῶν
3584 3126 3712 3178 Ἰου-

458 3227 588 3285 tem,
623 3233 722 3273 nec
772 3217 912 3272 ferre
965 3230 1195 3289 possunt
1226 3222 1607 3275 contumeliam
1648 3221 1877 3277 Domino
1904 3225 2024 3279 illa-

459 3317 588 3363 tam.
626 3308 863 3379 Vespere
894 3329 907 3364 :
939 3311 1141 3380 gratias
1178 3320 1419 3381 agentes,
1449 3313 1593 3382 quod
1627 3314 1779 3369 vobis
1813 3323 2025 3371 noctem

458 3401 687 3464 dederit,
725 3401 972 3455 laborum
1030 3403 1352 3457 diurnorum
1403 3406 1724 3474 requietem.
1758 3404 1815 3459 In
1857 3408 2027 3478 gallo-

458 3506 579 3544 rum
633 3498 793 3545 cantu
828 3513 841 3547 :
875 3508 940 3547 eo
968 3494 1115 3564 quod
1170 3496 1261 3548 illa
1313 3496 1446 3549 hora
1484 3498 1699 3551 nuntiet
1732 3498 2024 3553 adventum

457 3582 587 3647 diei,
610 3582 683 3641 ad
736 3583 981 3640 facienda
1039 3602 1202 3657 Opera
1253 3588 1413 3642 lucis.
1444 3587 1499 3642 Si
1530 3597 1749 3658 propter
1781 3590 2024 3647 inﬁdeles

460 3676 798 3746 impossibile
854 3686 939 3733 est
985 3679 1053 3733 ad
1107 3680 1397 3735 ecclesiam
1444 3681 1757 3750 procedere,
1782 3682 1839 3736 in
1866 3684 2025 3738 domo

456 3767 638 3836 aliqua
694 3769 1170 3840 congregationem
1223 3771 1414 3836 facies,
1460 3772 1749 3843 episeope;
1788 3790 1855 3830 ne
1902 3775 2025 3846 pius

457 3856 796 3928 ingrediatur
846 3861 901 3914 in
951 3862 1241 3917 ecclesiam
1300 3864 1592 3933 impiorum
1646 3883 1659 3918 :
1710 3880 1820 3920 non
1878 3867 2022 3921 enim

458 3951 610 4005 locus
641 3949 915 4008 hominem
954 3955 1278 4018 sanctiﬁcat,
1323 3957 1417 4011 sed
1447 3956 1609 4011 homo
1642 3958 1842 4014 locum.
1868 3958 2023 4026 Quod

459 4041 506 4093 si
530 4042 680 4110 impii
706 4043 882 4099 locum
924 4046 1237 4114 detineant;
1265 4047 1554 4118 fugiendus
1585 4050 1683 4103 tibi
1714 4052 1805 4112 sit,
1838 4060 2025 4121 utpote

460 4134 530 4187 ab
576 4134 645 4190 iis
682 4137 999 4206 profanatus
1028 4159 1041 4193 :
1076 4140 1535 4210 quemadmodum
1565 4144 1708 4196 enim
1736 4144 1811 4213 pii
1842 4158 2024 4198 sacer-

2127 3231 2311 3291 δαίων,
2347 3228 2420 3298 μὴ
2461 3226 2691 3297 φέροντα
2716 3222 2810 3275 τοῦ
2844 3221 3048 3293 Κυρίου
3093 3220 3192 3291 τὴν
3239 3218 3415 3290 ὓϐριν.
3460 3217 3715 3288 Ἐσπέρᾳ

2130 3322 2208 3378 δὲ.
2241 3317 2686 3391 εὐχαριστοῦντες
2725 3317 2804 3369 ὅτι
2839 3315 2963 3385 ὑμῖν
2984 3313 3029 3344 ⁷⁷
3052 3310 3353 3365 ἀνάπαυσιν
3398 3308 3569 3362 ἔδωκε
3599 3309 3713 3360 τῶν

2131 3411 2505 3485 μεθημερινῶν
2568 3410 2771 3465 κόπων,
2815 3405 2914 3475 τὴν
2971 3402 3156 3456 νύκτα·
3220 3400 3594 3471 ἀλεκτρυόνων
3653 3398 3713 3450 δὲ

2129 3508 2364 3577 κραυγῇ,
2382 3502 2470 3555 διὰ
2496 3501 2557 3554 τὸ
2603 3500 2701 3571 τὴν
2734 3499 2881 3569 ὥραν
2912 3497 2958 3536 ’⁷³
2982 3490 3423 3561 εὐαγγελίζεσθαι
3437 3490 3539 3562 τὴν
3564 3507 3715 3560 παρ-

2128 3594 2312 3648 ουσίαν
2354 3595 2451 3663 τῆς
2523 3592 2752 3663 ἡμέρας,
2804 3590 2881 3650 εἰς
2927 3584 3185 3658 ἐργασίαν
3232 3583 3339 3636 τῶν
3383 3580 3477 3634 τοῦ
3526 3580 3715 3650 φωτὸς

2130 3688 2327 3760 ἔργων.
2346 3687 2409 3739 Εἰ
2439 3685 2511 3757 μὴ
2531 3686 2576 3716 ⁷9
2608 3682 2825 3737 δυνατὸν
2857 3682 2914 3732 ὲν
2961 3674 3255 3747 Ἐκκλησία
3285 3675 3530 3747 προϊέναι
3553 3675 3602 3705 ³ο
3620 3672 3714 3726 διὰ

2125 3781 2250 3841 τοὺς
2294 3778 2552 3838 ἀπίστους
2567 3775 2634 3840 θί,
2668 3776 2785 3828 κατ’
2829 3768 2973 3825 οἷκον
3032 3768 3298 3832 συνάξεις,
3339 3762 3383 3820 ὧ
3407 3766 3709 3818 ἐπίσκοπε)

2131 3869 2218 3923 ἵνα
2274 3869 2349 3941 μὴ
2400 3867 2708 3938 είσέρχηται
2740 3862 2967 3934 εὐσεϐὴς
2996 3862 3075 3924 είς
3118 3860 3438 3931 Ἐκκλησίαν
3465 3858 3708 3912 ἀσεϐῶνε

2124 3960 2221 4030 οὐχ
2248 3962 2276 4013 6
2301 3959 2465 4021 τόπος
2492 3957 2600 4028 γάρ
2628 3956 2718 4009 τὸν
2741 3954 3025 4025 ἄνθρωπον
3050 3951 3284 4020 ἁγιάζει,
3315 3950 3427 4004 ἀλλ’
3444 3952 3473 4003 6
3498 3949 3717 4021 ἄνθρω·

2131 4069 2230 4115 πος
2259 4051 2350 4104 τὸν
2381 4051 2561 4104 τόπον.
2609 4048 2732 4101 Ἐὰν
2762 4047 2817 4099 δὲ
2846 4044 3058 4107 ἀσεϐεῖς
3095 4044 3365 4114 κατέχωσι
3390 4041 3480 4095 τὸν
3508 4041 3713 4101 τόπον,

2130 4143 2415 4213 φευκταῖός
2470 4159 2550 4195 σοι
2604 4140 2763 4205 ἔστω,
2795 4139 2883 4193 διὰ
2908 4140 2969 4193 τὸ
2990 4138 3324 4211 βεϐηλῶσθαι
3372 4137 3460 4189 ὑπ’
3494 4132 3712 4189 αὐτῶν

528 4270 573 4301 ⁸⁸
593 4272 664 4350 al.
680 4273 985 4350 ἀναστήσας
999 4275 1166 4350 ᾖ
1206 4275 1275 4350 ’⁸⁸
1289 4275 1479 4350 Anast.
1500 4278 1829 4350 rpizov,_rﬁv.
1871 4278 1914 4309 ⁸⁷
1938 4278 2025 4331 Αῐὶ

2160 4279 2445 4348 γενέθλιον.
2484 4279 2645 4350 Ἔδει.
2676 4276 2879 4350 χαράνἈ
2930 4277 2974 4350 ⁶ξ
2991 4276 3068 4332 vel
3098 4276 3374 4350 gaudium.
3436 4274 3483 4305 "
3502 4275 3714 4350 Anast.

460 4340 970 4415 ἐπιφάνειανχοοιι.
1003 4340 1163 4397 Vind.
1201 4344 1517 4415 θεοφανῐων.

458 4411 733 4527 γεγόνασι.
808 4413 856 4444 ⁷⁸
897 4414 1086 4468 Anast.
1122 4411 1437 4486 Πνεῦμάτος
1470 4418 1645 4486 ἁγίου.

464 4515 477 4527 .
503 4523 516 4527 -
596 4482 643 4512 ⁷⁸
681 4483 752 4527 al-
783 4484 947 4527 ἧιιᾶξ.
981 4503 1091 4527 nne,
1124 4485 1270 4527 alita
1307 4486 1626 4527 Annclncinc

464 4482 516 4534 9.
596 4482 643 4552 77°
681 4483 752 4535 al.
783 4484 950 4552 ἡμᾶς,
981 4503 1095 4548 nos,
1124 4495 1178 4538 et
1198 4482 1282 4538 ita
1302 4482 1646 4544 Anastasius.

464 4552 531 4602 εί.
611 4551 657 4583 ⁸ο
693 4551 886 4607 AnaSt.
928 4554 1227 4624 προσιέναι.
1304 4556 1346 4587 ⁸¹
1387 4560 1577 4612 Anast.
1602 4558 1986 4621 κακοπίστους.

1617 4348 1802 4381 71111⁷11
1857 4364 1916 4381 Ill
2016 4350 2062 4380 τί
2108 4348 2266 4381 Δημιοο
2328 4348 2493 4381 ξηρονῖ

1694 4348 1825 4401 Luc.
1857 4364 1939 4402 Ill.
2016 4350 2025 4380 π

1743 4418 1788 4489 π
1827 4419 1972 4478 Citat
2001 4418 2025 4470 Α

2131 4361 2291 4404 lnast.
2328 4348 2523 4404 inserit
2551 4348 2761 4417 ἁγίων.“
2837 4348 2883 4379 ⁷³
2923 4348 2994 4400 al.
3025 4348 3452 4414 κατεστάθησαν.
3492 4348 3710 4400 Anast.

2131 4421 2347 4483 stasius,
2378 4427 2568 4489 quaest.
2595 4418 2784 4473 eadem
2808 4435 2832 4489 ;A
2852 4417 2891 4470 ι.
2921 4418 3093 4489 lgnat.
3121 4414 3479 4489 interpol._ad
3522 4415 3721 4489 Trall-

1753 4488 1803 4559 ’Τ
1837 4488 2029 4543 Anast.
2063 4489 2215 4559 ἡμῖν,
2241 4486 2420 4545 nobis.
2495 4490 2541 4521 ⁷⁸
2578 4489 2769 4544 Anast.
2800 4486 3200 4557 ὥρανὲκείνην.

2837 4347 2883 4379 ⁷³
2923 4347 2994 4400 al.
3025 4346 3452 4414 κατεστάθησαν.
3492 4345 3710 4400 Anast.

3296 4485 3342 4517 "
3379 4484 3579 4540 Anast.
3610 4486 3715 4538 καὶ

1754 4688 2112 4745 VARIORUM
2164 4687 2395 4744 ΝΟΤᾸΕ.

530 4773 643 4845 (57)
684 4776 801 4844 Τὴν
836 4776 954 4851 ξτῶῖ
998 4779 1324 4851 ἐπιφανέων
1354 4782 1584 4851 ἑορτήν.
1620 4784 1873 4837 Anastas.
1917 4782 2021 4835 im-

2131 4797 2243 4835 nem
2296 4780 2621 4851 Psalterium
2679 4778 2999 4851 cantabant;
3050 4778 3410 4851 similiterque
3462 4779 3641 4848 epist.
3683 4782 3716 4833 '7

458 4859 635 4915 press.
657 4852 711 4923 et
752 4847 873 4923 cod.
901 4847 1279 4923 Reg._200,ut
1329 4852 1385 4906 in
1414 4847 1659 4923 'Typico,
1690 4854 1789 4923 τὴν
1822 4853 2024 4923 ἐπιφά-

459 4932 624 4994 νειαν.
671 4914 805 4971 Cod.
832 4914 1003 4994 ,ἵετο
1027 4917 1158 4994 Reg.
1193 4922 1350 4994 litt),
1385 4914 1543 4994 l_78§,
1574 4914 1672 4994 τὴν
1712 4914 2021 4994 ἐπιφανίαν.

464 4984 637 5053 Supra
661 5000 802 5060 _mss.
828 4986 990 5060 2536.
1024 4984 1183 5053 2352,
1212 4992 1375 5056 2450,
1406 4984 1722 5060 θεοφανίίυν,
1754 4984 1830 5046 ιη’
1854 4991 2025 5044 Nicon

460 5057 798 5131 monachus;
825 5067 879 5111 et
912 5059 1048 5131 liber
1090 5062 1395 5131 synodicus
1425 5057 1528 5117 ms.
1554 5062 1889 5131 Reipublicae
1916 5063 2027 5131 Au-

460 5136 707 5194 gustanze
754 5128 955 5183 citatus
984 5130 1053 5183 ab
1086 5128 1394 5187 Hmscbelio
1443 5133 1499 5185 in
1528 5128 1927 5186 Notatiunculis
1958 5130 2025 5185 ad

472 5196 738 5272 'Up._t}.iag
747 5198 1107 5272 quorumdam
1144 5201 1365 5272 Patrum
1395 5218 1450 5272 p.
1481 5202 1605 5268 550,
1637 5203 1759 5257 551.
1792 5202 1928 5272 Cor.

688 5266 804 5387 17:16
841 5267 1063 5337 ἡμέρας
1112 5270 1230 5325 τῶν
1286 5266 1661 5336 ἀποστόλων,
1722 5281 1826 5328 etc.
1887 5270 2021 5325 Vide

460 5351 649 5405 supra.
689 5351 765 5391 ID.

531 5406 640 5475 (39)
705 5407 1019 5471 Ἠξίωσαν.
1094 5410 1257 5465 Addit
1329 5415 1500 5471 codex
1582 5413 2022 5469 Vindohonensis

459 5477 637 5547 ἁγίου,
668 5483 723 5530 et
749 5480 963 5547 quidem
1000 5489 1161 5535 recte.
1202 5483 1277 5538 ID.

531 5546 641 5622 (Atil
674 5546 1186 5622 Κεφάλαιον-μείω
1215 5570 1315 5622 vox
1346 5564 1401 5610 et
1425 5556 1532 5610 duo
1568 5571 1759 5622 versus
1793 5569 2024 5622 sequen-

457 5622 541 5668 tes
573 5616 770 5671 dcsunt
798 5619 851 5671 in
878 5619 1002 5673 cod.
1032 5620 1192 5675 Vind.
1225 5620 1298 5677 lo.

461 5752 473 5761 .
532 5684 613 5762 (ιι
632 5696 649 5762 )_
674 5688 1201 5762 Edzftgémrsisfrs
1214 5692 1444 5759 ὄρθρου,
1467 5694 1629 5748 κ.τ.λ.
1661 5693 2018 5762 Hieronymus

460 5752 515 5831 in
554 5751 825 5831 [ξ’ρὶιαριιὶυ
858 5757 1042 5809 Paula:
1073 5751 1351 5826 epistfﬂi,
1374 5751 1492 5830 cap.
1532 5765 1597 5816 10
1631 5783 1643 5815 :
1677 5751 2019 5823 Manefhora

462 5830 643 5884 terna,
673 5834 839 5891 sexta,
873 5842 1031 5889 nona,
1065 5844 1287 5894 vespere,
1321 5836 1483 5885 noctis
1514 5834 1701 5896 medio,
1733 5849 1823 5901 per
1869 5831 2015 5885 ordi-

2125 4859 2181 4905 et
2221 4851 2276 4905 8.
2336 4850 2482 4904 ldem
2540 4857 2633 4902 aut
2691 4849 2852 4911 alius,
2888 4862 3167 4917 exponens
3198 4849 3390 4917 psalm.
3426 4863 3555 4902 cnx
3604 4852 3716 4905 sub

2127 4921 2287 4975 ﬁnem
2333 4919 2861 4974 Commentariorum
2914 4919 2967 4970 in
3029 4918 3307 4972 Psalmos:
3354 4917 3505 4971 Hora
3544 4923 3715 4973 tertia

2128 5007 2340 5045 oramus
2374 5006 2390 5043 :
2420 4989 2553 5041 hora
2575 5000 2724 5043 sexta
2747 5004 2962 5059 oremus
2994 5004 3011 5040 :
3039 5005 3179 5041 nona
3221 4988 3584 5041 lucernarium
3627 4992 3716 5059 [ac

2128 5064 2296 5114 cimus
2344 5060 2361 5129 (
2406 5068 2630 5129 praestat
2682 5059 2761 5113 sic
2798 5058 3178 5129 distinguere,
3214 5073 3537 5129 quam_eum
3598 5059 3717 5113 Me-

2129 5132 2322 5194 nardo,
2356 5125 2616 5184 Concord.
2661 5128 2849 5198 regul.,
2881 5144 2937 5197 p.
2969 5125 3094 5187 368.
3133 5125 3331 5196 legere,
3372 5125 3535 5198 Noua
3578 5147 3717 5182 ora-

2130 5218 2267 5265 mus,
2317 5216 2527 5267 vespera
2562 5196 2915 5253 lucerﬁarium
2944 5198 3301 5261 facimus,aut
3319 5205 3441 5267 post
3454 5196 3714 5267 Goarum

2128 5266 2441 5339 Eucltologii
2462 5286 2521 5338 p.
2560 5270 2629 5323 ὅθ
2660 5286 2795 5321 nona
2824 5269 3129 5339 explicare.
3160 5276 3284 5335 post
3319 5266 3718 5339 nonam)_‘me-

2126 5343 2215 5395 dia
2231 5336 2748 5409 nocte—consurgimus
2765 5354 2782 5391 :
2797 5336 2981 5391 demde
2992 5339 3261 5407 gallicinio
3279 5353 3515 5409 oramus.
3548 5336 3718 5391 Mox-

2126 5427 2264 5480 que:
2291 5410 2462 5470 Hora,
2481 5408 2657 5476 tertia,
2676 5418 2845 5471 sexta,
2870 5425 3029 5471 nona,
3066 5408 3415 5480 lacunarium
3444 5446 3458 5467 ,
3525 5409 3714 5480 medio

2126 5478 2317 5545 noctis,
2339 5481 2629 5550 gallicinio,
2653 5496 2803 5532 mane
2815 5478 3087 5550 primo._ad
3119 5492 3242 5533 eum
3261 5478 3477 5550 modum
3494 5479 3713 5550 punxi,

2129 5561 2187 5604 ut
2205 5552 2316 5603 haec
2334 5548 2764 5620 praecedentibus
2784 5548 3374 5620 responderent,igquod
3403 5549 3717 5620 nonaliter

2128 5622 2240 5693 ﬁet,
2276 5616 2512 5693 nfmane
2537 5622 2768 5693 primum
2793 5616 3046 5693 sit—velut
3084 5618 3372 5693 explicatio
3403 5616 3712 5693 gallicinii.

2127 5689 2263 5745 Vide
2313 5686 2774 5745 Cassianum'lib.
2815 5705 2874 5742 ιιι
2933 5689 3009 5741 De
3063 5686 3260 5741 caenob.
3328 5686 3526 5745 instit.,
3572 5703 3711 5756 (sap.

2127 5761 2179 5815 4.
2219 5760 2289 5814 De
2330 5761 2477 5814 horis
2517 5760 2793 5813 canonicis
2850 5759 2950 5813 viri
2990 5758 3133 5812 docti
3185 5758 3368 5825 plures
3430 5768 3715 5811 accurate

2126 5833 2497 5901 disputarunt.
2544 5829 2618 5883 Ιυ.
