  <div class='ocr_page' id='page_1' title='image "/cluster/home/n/w/nwhite01/storage/ocr_20150623/1/mdp.39015014764065/580.png"; bbox 0 0 4000 6266; ppageno 0'>
   <div class='ocr_carea' id='block_1_1' title="bbox 354 317 495 373">
    <p class='ocr_par' dir='ltr' id='par_1_1' title="bbox 354 317 495 373">
     <span class='ocr_line' id='line_1_1' title="bbox 354 317 495 373; baseline -0.021 0"><span class='ocrx_word' id='word_1_1' title='bbox 354 317 495 373; x_wconf 72' lang='lat' dir='ltr'><strong>H37</strong></span> 
     </span>
    </p>
   </div>
   <div class='ocr_carea' id='block_1_2' title="bbox 1202 308 2754 367">
    <p class='ocr_par' dir='ltr' id='par_1_2' title="bbox 1202 308 2754 367">
     <span class='ocr_line' id='line_1_2' title="bbox 1202 308 2754 367; baseline -0.002 0"><span class='ocrx_word' id='word_1_2' title='bbox 1202 308 1799 367; x_wconf 82' lang='lat' dir='ltr'><strong>CONSTITUTIONES</strong></span> <span class='ocrx_word' id='word_1_3' title='bbox 1844 309 2315 366; x_wconf 69' lang='grc' dir='ltr'><strong>ΑΡΟΞΤΟΙᾸΟᾹΞ.</strong></span> <span class='ocrx_word' id='word_1_4' title='bbox 2353 342 2422 352; x_wconf 87' lang='lat'><em>-</em></span> <span class='ocrx_word' id='word_1_5' title='bbox 2452 310 2581 365; x_wconf 87' lang='lat' dir='ltr'><strong>LIB.</strong></span> <span class='ocrx_word' id='word_1_6' title='bbox 2618 310 2754 366; x_wconf 91' lang='lat' dir='ltr'><strong>VIII.</strong></span> 
     </span>
    </p>
   </div>
   <div class='ocr_carea' id='block_1_3' title="bbox 3470 313 3607 367">
    <p class='ocr_par' dir='ltr' id='par_1_3' title="bbox 3470 313 3607 367">
     <span class='ocr_line' id='line_1_3' title="bbox 3470 313 3607 367; baseline 0 0"><span class='ocrx_word' id='word_1_7' title='bbox 3470 313 3607 367; x_wconf 77' lang='lat' dir='ltr'><strong>H58</strong></span> 
     </span>
    </p>
   </div>
   <div class='ocr_carea' id='block_1_4' title="bbox 350 420 1947 497">
    <p class='ocr_par' dir='ltr' id='par_1_4' title="bbox 350 420 1938 497">
     <span class='ocr_line' id='line_1_4' title="bbox 350 420 1938 497; baseline -0.005 -15"><span class='ocrx_word' id='word_1_8' title='bbox 350 428 427 491; x_wconf 77' lang='grc' dir='ltr'>ὡς</span> <span class='ocrx_word' id='word_1_9' title='bbox 470 424 581 497; x_wconf 85' lang='grc' dir='ltr'>γὰρ</span> <span class='ocrx_word' id='word_1_10' title='bbox 607 425 656 478; x_wconf 82' lang='grc' dir='ltr'>οἱ</span> <span class='ocrx_word' id='word_1_11' title='bbox 694 425 827 480; x_wconf 85' lang='grc' dir='ltr'>ὅσιοι</span> <span class='ocrx_word' id='word_1_12' title='bbox 859 424 1023 496; x_wconf 77' lang='grc' dir='ltr'>ἱερεῖς</span> <span class='ocrx_word' id='word_1_13' title='bbox 1080 423 1415 491; x_wconf 75' lang='grc' dir='ltr'>ἁγιάζουσιν,</span> <span class='ocrx_word' id='word_1_14' title='bbox 1446 420 1620 485; x_wconf 76' lang='grc' dir='ltr'>οὕτως</span> <span class='ocrx_word' id='word_1_15' title='bbox 1644 421 1692 474; x_wconf 84' lang='lat' dir='ltr'><strong>oi</strong></span> <span class='ocrx_word' id='word_1_16' title='bbox 1727 421 1938 489; x_wconf 76' lang='grc' dir='ltr'>ἐναγεῖς</span> 
     </span>
    </p>
   </div>
   <div class='ocr_carea' id='block_1_5' title="bbox 2035 420 3606 497">
    <p class='ocr_par' dir='ltr' id='par_1_5' title="bbox 2039 421 3606 496">
     <span class='ocr_line' id='line_1_5' title="bbox 2039 421 3606 496; baseline 0.004 -21"><span class='ocrx_word' id='word_1_17' title='bbox 2039 421 2194 479; x_wconf 87' lang='lat' dir='ltr'><strong>dotes</strong></span> <span class='ocrx_word' id='word_1_18' title='bbox 2225 422 2590 491; x_wconf 83' lang='lat' dir='ltr'><strong>sanctiﬁcant,</strong></span> <span class='ocrx_word' id='word_1_19' title='bbox 2626 426 2699 478; x_wconf 93' lang='lat' dir='ltr'><strong>ita</strong></span> <span class='ocrx_word' id='word_1_20' title='bbox 2742 425 2939 495; x_wconf 87' lang='lat' dir='ltr'><strong>impuri</strong></span> <span class='ocrx_word' id='word_1_21' title='bbox 2966 427 3233 496; x_wconf 79' lang='lat' dir='ltr'><strong>polluant.</strong></span> <span class='ocrx_word' id='word_1_22' title='bbox 3270 424 3326 479; x_wconf 89' lang='lat' dir='ltr'><strong>Si</strong></span> <span class='ocrx_word' id='word_1_23' title='bbox 3353 442 3527 495; x_wconf 89' lang='lat' dir='ltr'><strong>neque</strong></span> <span class='ocrx_word' id='word_1_24' title='bbox 3551 428 3606 482; x_wconf 90' lang='lat' dir='ltr'><strong>in</strong></span> 
     </span>
    </p>
   </div>
   <div class='ocr_carea' id='block_1_6' title="bbox 356 512 1933 591">
    <p class='ocr_par' dir='ltr' id='par_1_6' title="bbox 356 512 1933 591">
     <span class='ocr_line' id='line_1_6' title="bbox 356 512 1933 591; baseline -0.004 -19"><span class='ocrx_word' id='word_1_25' title='bbox 356 519 676 591; x_wconf 87' lang='grc' dir='ltr'>μιαίνουσιν.</span> <span class='ocrx_word' id='word_1_26' title='bbox 714 518 776 570; x_wconf 81' lang='lat' dir='ltr'><strong>Ei</strong></span> <span class='ocrx_word' id='word_1_27' title='bbox 811 517 945 587; x_wconf 86' lang='grc' dir='ltr'>μήτε</span> <span class='ocrx_word' id='word_1_28' title='bbox 979 517 1036 569; x_wconf 83' lang='grc' dir='ltr'><strong>ἐν</strong></span> <span class='ocrx_word' id='word_1_29' title='bbox 1091 517 1224 586; x_wconf 79' lang='grc' dir='ltr'>οἴκῳ</span> <span class='ocrx_word' id='word_1_30' title='bbox 1247 514 1378 586; x_wconf 72' lang='grc'>(42),</span> <span class='ocrx_word' id='word_1_31' title='bbox 1410 515 1543 586; x_wconf 85' lang='grc' dir='ltr'>μήτε</span> <span class='ocrx_word' id='word_1_32' title='bbox 1575 514 1633 566; x_wconf 86' lang='grc' dir='ltr'>ὲν</span> <span class='ocrx_word' id='word_1_33' title='bbox 1670 512 1933 583; x_wconf 74' lang='grc' dir='ltr'><strong>ἐκκλησίᾳ</strong></span> 
     </span>
    </p>
   </div>
   <div class='ocr_carea' id='block_1_7' title="bbox 353 604 1931 682">
    <p class='ocr_par' dir='ltr' id='par_1_7' title="bbox 353 604 1931 682">
     <span class='ocr_line' id='line_1_7' title="bbox 353 604 1931 682; baseline -0.007 -15"><span class='ocrx_word' id='word_1_34' title='bbox 353 612 516 667; x_wconf 85' lang='grc' dir='ltr'>συναθ</span> <span class='ocrx_word' id='word_1_35' title='bbox 525 609 801 682; x_wconf 85' lang='grc' dir='ltr'>ροισθῆναι</span> <span class='ocrx_word' id='word_1_36' title='bbox 815 609 1059 671; x_wconf 83' lang='grc' dir='ltr'>δυνατὸν,</span> <span class='ocrx_word' id='word_1_37' title='bbox 1078 608 1305 671; x_wconf 71' lang='grc' dir='ltr'>ἕκαστος</span> <span class='ocrx_word' id='word_1_38' title='bbox 1321 608 1449 678; x_wconf 89' lang='grc' dir='ltr'>παρ’</span> <span class='ocrx_word' id='word_1_39' title='bbox 1472 604 1648 675; x_wconf 83' lang='grc' dir='ltr'>ἐαυτῷ</span> <span class='ocrx_word' id='word_1_40' title='bbox 1662 604 1931 675; x_wconf 79' lang='grc' dir='ltr'><strong>ψαλλέτω,</strong></span> 
     </span>
    </p>
   </div>
   <div class='ocr_carea' id='block_1_8' title="bbox 349 696 1927 772">
    <p class='ocr_par' dir='ltr' id='par_1_8' title="bbox 349 696 1927 772">
     <span class='ocr_line' id='line_1_8' title="bbox 349 696 1927 772; baseline -0.006 -14"><span class='ocrx_word' id='word_1_41' title='bbox 349 702 789 772; x_wconf 73' lang='grc' dir='ltr'><strong>ἀναγινωσκέτω,</strong></span> <span class='ocrx_word' id='word_1_42' title='bbox 830 699 1217 772; x_wconf 80' lang='grc' dir='ltr'>προσευχέσθω</span> <span class='ocrx_word' id='word_1_43' title='bbox 1238 700 1270 771; x_wconf 82' lang='grc' dir='ltr'>ἢ</span> <span class='ocrx_word' id='word_1_44' title='bbox 1295 700 1389 753; x_wconf 81' lang='grc' dir='ltr'><strong>καὶ</strong></span> <span class='ocrx_word' id='word_1_45' title='bbox 1415 700 1531 769; x_wconf 76' lang='grc' dir='ltr'><strong>ἅμα</strong></span> <span class='ocrx_word' id='word_1_46' title='bbox 1561 696 1726 769; x_wconf 78' lang='grc' dir='ltr'>δύο,ἢ</span> <span class='ocrx_word' id='word_1_47' title='bbox 1762 701 1927 769; x_wconf 85' lang='grc' dir='ltr'>τρεῖς·</span> 
     </span>
    </p>
   </div>
   <div class='ocr_carea' id='block_1_9' title="bbox 349 790 1933 867">
    <p class='ocr_par' dir='ltr' id='par_1_9' title="bbox 349 790 1933 867">
     <span class='ocr_line' id='line_1_9' title="bbox 349 790 1933 867; baseline -0.004 -18"><span class='ocrx_word' id='word_1_48' title='bbox 349 797 482 849; x_wconf 80' lang='grc' dir='ltr'>ὅπου</span> <span class='ocrx_word' id='word_1_49' title='bbox 511 795 619 867; x_wconf 91' lang='grc' dir='ltr'><strong>γάρ</strong></span> <span class='ocrx_word' id='word_1_50' title='bbox 667 796 775 848; x_wconf 83' lang='grc' dir='ltr'>είσι</span> <span class='ocrx_word' id='word_1_51' title='bbox 804 792 938 866; x_wconf 78' lang='grc'>(45),</span> <span class='ocrx_word' id='word_1_52' title='bbox 970 792 1061 845; x_wconf 83' lang='grc' dir='ltr'>δύο</span> <span class='ocrx_word' id='word_1_53' title='bbox 1101 792 1135 863; x_wconf 82' lang='grc' dir='ltr'>ἢ</span> <span class='ocrx_word' id='word_1_54' title='bbox 1184 796 1334 863; x_wconf 82' lang='grc' dir='ltr'><strong>τρεῖς</strong></span> <span class='ocrx_word' id='word_1_55' title='bbox 1373 791 1698 862; x_wconf 82' lang='grc' dir='ltr'><strong>συνηγμένοι</strong></span> <span class='ocrx_word' id='word_1_56' title='bbox 1752 791 1809 842; x_wconf 86' lang='grc' dir='ltr'><strong>ἐν</strong></span> <span class='ocrx_word' id='word_1_57' title='bbox 1856 790 1933 862; x_wconf 81' lang='grc' dir='ltr'><strong>τῷ</strong></span> 
     </span>
    </p>
   </div>
   <div class='ocr_carea' id='block_1_10' title="bbox 349 883 1930 959">
    <p class='ocr_par' dir='ltr' id='par_1_10' title="bbox 349 883 1930 959">
     <span class='ocr_line' id='line_1_10' title="bbox 349 883 1930 959; baseline -0.001 -20"><span class='ocrx_word' id='word_1_58' title='bbox 349 888 571 959; x_wconf 79' lang='grc' dir='ltr'>ὀνόματί</span> <span class='ocrx_word' id='word_1_59' title='bbox 615 905 739 959; x_wconf 91' lang='grc' dir='ltr'>μου,</span> <span class='ocrx_word' id='word_1_60' title='bbox 779 888 897 941; x_wconf 79' lang='grc' dir='ltr'>ἐκεῖ</span> <span class='ocrx_word' id='word_1_61' title='bbox 937 888 1052 957; x_wconf 88' lang='grc' dir='ltr'>είμι</span> <span class='ocrx_word' id='word_1_62' title='bbox 1109 886 1166 938; x_wconf 79' lang='grc' dir='ltr'><strong>ἐν</strong></span> <span class='ocrx_word' id='word_1_63' title='bbox 1212 886 1362 955; x_wconf 84' lang='grc' dir='ltr'>μέσῳ</span> <span class='ocrx_word' id='word_1_64' title='bbox 1417 883 1615 937; x_wconf 82' lang='grc' dir='ltr'>αὐτῶν.</span> <span class='ocrx_word' id='word_1_65' title='bbox 1654 903 1672 935; x_wconf 71' lang='grc' dir='ltr'><strong>ι</strong></span> <span class='ocrx_word' id='word_1_66' title='bbox 1714 884 1930 948; x_wconf 84' lang='grc' dir='ltr'>Πιστὸς,</span> 
     </span>
    </p>
   </div>
   <div class='ocr_carea' id='block_1_11' title="bbox 351 973 1931 1052">
    <p class='ocr_par' dir='ltr' id='par_1_11' title="bbox 351 973 1931 1052">
     <span class='ocr_line' id='line_1_11' title="bbox 351 973 1931 1052; baseline -0.001 -20"><span class='ocrx_word' id='word_1_67' title='bbox 351 981 490 1050; x_wconf 80' lang='grc' dir='ltr'>μετὰ</span> <span class='ocrx_word' id='word_1_68' title='bbox 518 998 758 1052; x_wconf 87' lang='grc' dir='ltr'>κατηχου</span> <span class='ocrx_word' id='word_1_69' title='bbox 769 980 929 1051; x_wconf 87' lang='grc' dir='ltr'>μένου</span> <span class='ocrx_word' id='word_1_70' title='bbox 956 980 1091 1050; x_wconf 81' lang='grc' dir='ltr'>μήτε</span> <span class='ocrx_word' id='word_1_71' title='bbox 1116 979 1235 1031; x_wconf 81' lang='grc' dir='ltr'>κατ’</span> <span class='ocrx_word' id='word_1_72' title='bbox 1266 973 1411 1030; x_wconf 76' lang='grc' dir='ltr'>οἷκον</span> <span class='ocrx_word' id='word_1_73' title='bbox 1444 975 1846 1047; x_wconf 82' lang='grc' dir='ltr'>προσευχέσθω·</span> <span class='ocrx_word' id='word_1_74' title='bbox 1871 978 1931 1030; x_wconf 85' lang='grc' dir='ltr'><strong>οὐ</strong></span> 
     </span>
    </p>
   </div>
   <div class='ocr_carea' id='block_1_12' title="bbox 347 1068 1934 1145">
    <p class='ocr_par' dir='ltr' id='par_1_12' title="bbox 347 1068 1934 1145">
     <span class='ocr_line' id='line_1_12' title="bbox 347 1068 1934 1145; baseline -0.003 -20"><span class='ocrx_word' id='word_1_75' title='bbox 347 1074 456 1145; x_wconf 80' lang='grc' dir='ltr'><strong>γάρ</strong></span> <span class='ocrx_word' id='word_1_76' title='bbox 483 1073 688 1127; x_wconf 87' lang='grc' dir='ltr'>δίκαιον</span> <span class='ocrx_word' id='word_1_77' title='bbox 723 1073 814 1126; x_wconf 83' lang='grc' dir='ltr'><strong>τὸν</strong></span> <span class='ocrx_word' id='word_1_78' title='bbox 850 1071 1197 1144; x_wconf 83' lang='grc' dir='ltr'>μεμυημένον</span> <span class='ocrx_word' id='word_1_79' title='bbox 1232 1068 1368 1141; x_wconf 78' lang='grc' dir='ltr'>μετὰ</span> <span class='ocrx_word' id='word_1_80' title='bbox 1398 1069 1491 1122; x_wconf 89' lang='grc' dir='ltr'><strong>τοῦ</strong></span> <span class='ocrx_word' id='word_1_81' title='bbox 1518 1070 1764 1140; x_wconf 87' lang='grc' dir='ltr'>ἀμυήτου</span> <span class='ocrx_word' id='word_1_82' title='bbox 1798 1086 1934 1140; x_wconf 90' lang='grc' dir='ltr'>συμ-</span> 
     </span>
    </p>
   </div>
   <div class='ocr_carea' id='block_1_13' title="bbox 351 1157 1933 1235">
    <p class='ocr_par' dir='ltr' id='par_1_13' title="bbox 351 1157 1933 1235">
     <span class='ocr_line' id='line_1_13' title="bbox 351 1157 1933 1235; baseline -0.004 -14"><span class='ocrx_word' id='word_1_83' title='bbox 351 1165 692 1235; x_wconf 79' lang='grc' dir='ltr'>μολύνεσθαι·</span> <span class='ocrx_word' id='word_1_84' title='bbox 720 1164 949 1234; x_wconf 79' lang='grc' dir='ltr'>εὐσεϐὴς</span> <span class='ocrx_word' id='word_1_85' title='bbox 982 1161 1119 1234; x_wconf 82' lang='grc' dir='ltr'>μετὰ</span> <span class='ocrx_word' id='word_1_86' title='bbox 1148 1161 1449 1233; x_wconf 79' lang='grc' dir='ltr'>αἱρετικοῦ,</span> <span class='ocrx_word' id='word_1_87' title='bbox 1484 1162 1621 1233; x_wconf 83' lang='grc' dir='ltr'>μήτε</span> <span class='ocrx_word' id='word_1_88' title='bbox 1650 1162 1765 1214; x_wconf 89' lang='grc' dir='ltr'>κατ’</span> <span class='ocrx_word' id='word_1_89' title='bbox 1786 1157 1933 1214; x_wconf 85' lang='grc' dir='ltr'>οἶκον</span> 
     </span>
    </p>
   </div>
   <div class='ocr_carea' id='block_1_14' title="bbox 349 1251 1933 1329">
    <p class='ocr_par' dir='ltr' id='par_1_14' title="bbox 349 1251 1933 1329">
     <span class='ocr_line' id='line_1_14' title="bbox 349 1251 1933 1329; baseline -0.003 -21"><span class='ocrx_word' id='word_1_90' title='bbox 349 1256 868 1329; x_wconf 86' lang='grc' dir='ltr'>συμπροσευχέσθω·</span> <span class='ocrx_word' id='word_1_91' title='bbox 910 1256 1035 1318; x_wconf 77' lang='grc' dir='ltr'>(Τίς</span> <span class='ocrx_word' id='word_1_92' title='bbox 1064 1254 1174 1327; x_wconf 86' lang='grc' dir='ltr'>γὰρ</span> <span class='ocrx_word' id='word_1_93' title='bbox 1204 1253 1459 1308; x_wconf 85' lang='grc' dir='ltr'>κοινωνία</span> <span class='ocrx_word' id='word_1_94' title='bbox 1486 1252 1624 1321; x_wconf 53' lang='grc' dir='ltr'><strong>φωτὶ⁴</strong></span> <span class='ocrx_word' id='word_1_95' title='bbox 1653 1252 1788 1323; x_wconf 87' lang='grc' dir='ltr'>πρὸς</span> <span class='ocrx_word' id='word_1_96' title='bbox 1819 1251 1933 1305; x_wconf 87' lang='grc' dir='ltr'>σκό-</span> 
     </span>
    </p>
   </div>
   <div class='ocr_carea' id='block_1_15' title="bbox 346 1343 1929 1419">
    <p class='ocr_par' dir='ltr' id='par_1_15' title="bbox 346 1343 1929 1419">
     <span class='ocr_line' id='line_1_15' title="bbox 346 1343 1929 1419; baseline -0.003 -18"><span class='ocrx_word' id='word_1_97' title='bbox 346 1367 471 1415; x_wconf 87' lang='grc' dir='ltr'>τος;</span> <span class='ocrx_word' id='word_1_98' title='bbox 511 1369 529 1400; x_wconf 68' lang='grc' dir='ltr'><strong>ι</strong></span> <span class='ocrx_word' id='word_1_99' title='bbox 564 1349 762 1411; x_wconf 82' lang='grc' dir='ltr'>Πιστὸς</span> <span class='ocrx_word' id='word_1_100' title='bbox 803 1348 836 1418; x_wconf 84' lang='grc' dir='ltr'>ἢ</span> <span class='ocrx_word' id='word_1_101' title='bbox 892 1346 1058 1419; x_wconf 84' lang='grc' dir='ltr'>πιστὴ</span> <span class='ocrx_word' id='word_1_102' title='bbox 1110 1346 1285 1399; x_wconf 84' lang='grc' dir='ltr'>δοῦλοι</span> <span class='ocrx_word' id='word_1_103' title='bbox 1347 1343 1707 1413; x_wconf 83' lang='grc' dir='ltr'>συναφθέντες</span> <span class='ocrx_word' id='word_1_104' title='bbox 1738 1343 1929 1416; x_wconf 83' lang='grc' dir='ltr'>(44),ἢ</span> 
     </span>
    </p>
   </div>
   <div class='ocr_carea' id='block_1_16' title="bbox 346 1438 1401 1511">
    <p class='ocr_par' dir='ltr' id='par_1_16' title="bbox 346 1438 1401 1511">
     <span class='ocr_line' id='line_1_16' title="bbox 346 1438 1401 1511; baseline 0 -18"><span class='ocrx_word' id='word_1_105' title='bbox 346 1439 785 1509; x_wconf 81' lang='grc' dir='ltr'>ἀφιστάσθωσαν,</span> <span class='ocrx_word' id='word_1_106' title='bbox 816 1438 848 1511; x_wconf 77' lang='grc' dir='ltr'>ἢ</span> <span class='ocrx_word' id='word_1_107' title='bbox 888 1438 1401 1493; x_wconf 80' lang='grc' dir='ltr'>άποὸαλλέσθωσαν.</span> 
     </span>
    </p>
   </div>
   <div class='ocr_carea' id='block_1_17' title="bbox 875 1547 1430 1609">
    <p class='ocr_par' dir='ltr' id='par_1_17' title="bbox 875 1547 1430 1609">
     <span class='ocr_line' id='line_1_17' title="bbox 875 1547 1430 1609; baseline 0.002 -2"><span class='ocrx_word' id='word_1_108' title='bbox 875 1553 1269 1607; x_wconf 80' lang='grc' dir='ltr'><strong>ΚΕΦΑΛΑΙΟΝ</strong></span> <span class='ocrx_word' id='word_1_109' title='bbox 1300 1547 1430 1609; x_wconf 81' lang='lat' dir='ltr'><strong>AE&#39;.‘</strong></span> 
     </span>
    </p>
   </div>
   <div class='ocr_carea' id='block_1_18' title="bbox 360 1666 1930 1738">
    <p class='ocr_par' dir='ltr' id='par_1_18' title="bbox 360 1666 1930 1738">
     <span class='ocr_line' id='line_1_18' title="bbox 360 1666 1930 1738; baseline -0.002 -15"><span class='ocrx_word' id='word_1_110' title='bbox 360 1667 637 1723; x_wconf 81' lang='grc' dir='ltr'>Ἰακώϐου</span> <span class='ocrx_word' id='word_1_111' title='bbox 686 1669 793 1724; x_wconf 82' lang='grc' dir='ltr'><strong>τοῦ</strong></span> <span class='ocrx_word' id='word_1_112' title='bbox 834 1668 1102 1738; x_wconf 73' lang='grc' dir='ltr'>ἀδελφοῦ</span> <span class='ocrx_word' id='word_1_113' title='bbox 1167 1668 1424 1737; x_wconf 77' lang='grc' dir='ltr'>Χριστοῦ</span> <span class='ocrx_word' id='word_1_114' title='bbox 1472 1666 1742 1734; x_wconf 75' lang='grc' dir='ltr'><strong>διάταξις</strong></span> <span class='ocrx_word' id='word_1_115' title='bbox 1796 1668 1930 1735; x_wconf 76' lang='grc' dir='ltr'>περὶ</span> 
     </span>
    </p>
   </div>
   <div class='ocr_carea' id='block_1_19' title="bbox 890 1738 1377 1810">
    <p class='ocr_par' dir='ltr' id='par_1_19' title="bbox 890 1738 1377 1810">
     <span class='ocr_line' id='line_1_19' title="bbox 890 1738 1377 1810; baseline 0 -18"><span class='ocrx_word' id='word_1_116' title='bbox 890 1738 1213 1808; x_wconf 77' lang='grc' dir='ltr'>ἐσπερινοῦ</span> <span class='ocrx_word' id='word_1_117' title='bbox 1245 1738 1377 1810; x_wconf 81' lang='grc'>(45).</span> 
     </span>
    </p>
   </div>
   <div class='ocr_carea' id='block_1_20' title="bbox 418 1851 1933 1924">
    <p class='ocr_par' dir='ltr' id='par_1_20' title="bbox 418 1851 1933 1924">
     <span class='ocr_line' id='line_1_20' title="bbox 418 1851 1933 1924; baseline 0.001 -19"><span class='ocrx_word' id='word_1_118' title='bbox 418 1851 587 1920; x_wconf 79' lang='grc' dir='ltr'><strong>Κάγὼ</strong></span> <span class='ocrx_word' id='word_1_119' title='bbox 608 1852 716 1923; x_wconf 71' lang='grc'>(46)</span> <span class='ocrx_word' id='word_1_120' title='bbox 754 1851 1030 1917; x_wconf 78' lang='grc' dir='ltr'>Ἰάκωϐος,</span> <span class='ocrx_word' id='word_1_121' title='bbox 1064 1851 1292 1921; x_wconf 82' lang='grc' dir='ltr'>ἁδελφὸς</span> <span class='ocrx_word' id='word_1_122' title='bbox 1334 1852 1431 1923; x_wconf 86' lang='grc' dir='ltr'><strong>μὲν</strong></span> <span class='ocrx_word' id='word_1_123' title='bbox 1458 1851 1601 1906; x_wconf 84' lang='grc' dir='ltr'>κατὰ</span> <span class='ocrx_word' id='word_1_124' title='bbox 1635 1851 1814 1924; x_wconf 87' lang='grc' dir='ltr'>σάρκα</span> <span class='ocrx_word' id='word_1_125' title='bbox 1839 1852 1933 1906; x_wconf 85' lang='grc' dir='ltr'><strong>τοῦ</strong></span> 
     </span>
    </p>
   </div>
   <div class='ocr_carea' id='block_1_21' title="bbox 344 1944 1935 2018">
    <p class='ocr_par' dir='ltr' id='par_1_21' title="bbox 344 1944 1935 2018">
     <span class='ocr_line' id='line_1_21' title="bbox 344 1944 1935 2018; baseline 0 -19"><span class='ocrx_word' id='word_1_126' title='bbox 344 1946 607 2018; x_wconf 79' lang='grc' dir='ltr'>Χριστοῦ,</span> <span class='ocrx_word' id='word_1_127' title='bbox 641 1946 825 2009; x_wconf 87' lang='grc' dir='ltr'>δοῦλος</span> <span class='ocrx_word' id='word_1_128' title='bbox 862 1946 918 1999; x_wconf 86' lang='grc' dir='ltr'><strong>δέ</strong></span> <span class='ocrx_word' id='word_1_129' title='bbox 962 1946 1037 2008; x_wconf 85' lang='grc' dir='ltr'>ὡς</span> <span class='ocrx_word' id='word_1_130' title='bbox 1078 1944 1215 1998; x_wconf 88' lang='grc' dir='ltr'>Θεοῦ</span> <span class='ocrx_word' id='word_1_131' title='bbox 1258 1945 1598 2017; x_wconf 79' lang='grc' dir='ltr'>μονογενοῦς,</span> <span class='ocrx_word' id='word_1_132' title='bbox 1636 1947 1935 2010; x_wconf 89' lang='grc' dir='ltr'>ἐπίσκοπος</span> 
     </span>
    </p>
   </div>
   <div class='ocr_carea' id='block_1_22' title="bbox 342 2036 1933 2109">
    <p class='ocr_par' dir='ltr' id='par_1_22' title="bbox 342 2036 1933 2109">
     <span class='ocr_line' id='line_1_22' title="bbox 342 2036 1933 2109; baseline -0.001 -18"><span class='ocrx_word' id='word_1_133' title='bbox 342 2039 402 2090; x_wconf 81' lang='grc' dir='ltr'><strong>δὲ</strong></span> <span class='ocrx_word' id='word_1_134' title='bbox 431 2039 519 2091; x_wconf 78' lang='grc' dir='ltr'><strong>ὑπ’</strong></span> <span class='ocrx_word' id='word_1_135' title='bbox 549 2037 714 2091; x_wconf 80' lang='grc' dir='ltr'>αὐτοῦ</span> <span class='ocrx_word' id='word_1_136' title='bbox 743 2036 837 2090; x_wconf 90' lang='grc' dir='ltr'><strong>τοῦ</strong></span> <span class='ocrx_word' id='word_1_137' title='bbox 859 2038 1067 2109; x_wconf 82' lang='grc' dir='ltr'>Κυρίου</span> <span class='ocrx_word' id='word_1_138' title='bbox 1098 2037 1194 2090; x_wconf 75' lang='grc' dir='ltr'><strong>καὶ</strong></span> <span class='ocrx_word' id='word_1_139' title='bbox 1224 2036 1333 2090; x_wconf 85' lang='grc' dir='ltr'>τῶν</span> <span class='ocrx_word' id='word_1_140' title='bbox 1362 2038 1674 2091; x_wconf 82' lang='grc' dir='ltr'>ἀποστόλων</span> <span class='ocrx_word' id='word_1_141' title='bbox 1714 2038 1933 2109; x_wconf 87' lang='grc' dir='ltr'>Ἱεροσο-</span> 
     </span>
    </p>
   </div>
   <div class='ocr_carea' id='block_1_23' title="bbox 344 2128 1935 2202">
    <p class='ocr_par' dir='ltr' id='par_1_23' title="bbox 344 2128 1935 2202">
     <span class='ocr_line' id='line_1_23' title="bbox 344 2128 1935 2202; baseline -0.001 -20"><span class='ocrx_word' id='word_1_142' title='bbox 344 2130 534 2201; x_wconf 82' lang='grc' dir='ltr'>λύμων</span> <span class='ocrx_word' id='word_1_143' title='bbox 593 2129 1007 2201; x_wconf 72' lang='grc' dir='ltr'>χειροτονηθεὶς,</span> <span class='ocrx_word' id='word_1_144' title='bbox 1064 2128 1190 2181; x_wconf 85' lang='grc' dir='ltr'>τάδε</span> <span class='ocrx_word' id='word_1_145' title='bbox 1244 2129 1402 2202; x_wconf 74' lang='grc' dir='ltr'>φημίο</span> <span class='ocrx_word' id='word_1_146' title='bbox 1475 2130 1743 2200; x_wconf 89' lang='grc' dir='ltr'>Ἑσπέρας</span> <span class='ocrx_word' id='word_1_147' title='bbox 1794 2145 1935 2198; x_wconf 86' lang='grc' dir='ltr'>γενο-</span> 
     </span>
    </p>
   </div>
   <div class='ocr_carea' id='block_1_24' title="bbox 347 2217 1934 2294">
    <p class='ocr_par' dir='ltr' id='par_1_24' title="bbox 347 2217 1934 2294">
     <span class='ocr_line' id='line_1_24' title="bbox 347 2217 1934 2294; baseline 0 -19"><span class='ocrx_word' id='word_1_148' title='bbox 347 2222 537 2294; x_wconf 85' lang='grc' dir='ltr'>μένης,</span> <span class='ocrx_word' id='word_1_149' title='bbox 571 2221 938 2293; x_wconf 79' lang='grc' dir='ltr'>συναθροίσεις</span> <span class='ocrx_word' id='word_1_150' title='bbox 964 2222 1063 2292; x_wconf 85' lang='grc' dir='ltr'><strong>τὴν</strong></span> <span class='ocrx_word' id='word_1_151' title='bbox 1100 2222 1417 2294; x_wconf 82' lang='grc' dir='ltr'>ἐκκλησίαν,</span> <span class='ocrx_word' id='word_1_152' title='bbox 1446 2217 1490 2276; x_wconf 81' lang='grc' dir='ltr'><strong>ὦ</strong></span> <span class='ocrx_word' id='word_1_153' title='bbox 1511 2222 1801 2286; x_wconf 89' lang='grc' dir='ltr'>ἐπίσκοπε,</span> <span class='ocrx_word' id='word_1_154' title='bbox 1840 2222 1934 2275; x_wconf 79' lang='grc' dir='ltr'>καὶ</span> 
     </span>
    </p>
   </div>
   <div class='ocr_carea' id='block_1_25' title="bbox 348 2312 1932 2387">
    <p class='ocr_par' dir='ltr' id='par_1_25' title="bbox 348 2312 1932 2387">
     <span class='ocr_line' id='line_1_25' title="bbox 348 2312 1932 2387; baseline 0.001 -21"><span class='ocrx_word' id='word_1_155' title='bbox 348 2317 487 2385; x_wconf 80' lang='grc' dir='ltr'>μετὰ</span> <span class='ocrx_word' id='word_1_156' title='bbox 515 2314 575 2367; x_wconf 87' lang='grc' dir='ltr'>τὸ</span> <span class='ocrx_word' id='word_1_157' title='bbox 623 2314 852 2387; x_wconf 84' lang='grc' dir='ltr'>ῥηθῆναι</span> <span class='ocrx_word' id='word_1_158' title='bbox 901 2314 992 2366; x_wconf 87' lang='grc' dir='ltr'><strong>τὸν</strong></span> <span class='ocrx_word' id='word_1_159' title='bbox 1029 2315 1339 2384; x_wconf 81' lang='grc' dir='ltr'>ὲπιλύχνιον</span> <span class='ocrx_word' id='word_1_160' title='bbox 1365 2313 1577 2385; x_wconf 74' lang='grc' dir='ltr'>ψαλμὸν</span> <span class='ocrx_word' id='word_1_161' title='bbox 1614 2312 1746 2386; x_wconf 72' lang='grc'>(4⁵7),</span> <span class='ocrx_word' id='word_1_162' title='bbox 1769 2331 1932 2385; x_wconf 91' lang='grc' dir='ltr'>προσ-</span> 
     </span>
    </p>
   </div>
   <div class='ocr_carea' id='block_1_26' title="bbox 345 2407 1931 2480">
    <p class='ocr_par' dir='ltr' id='par_1_26' title="bbox 345 2407 1931 2480">
     <span class='ocr_line' id='line_1_26' title="bbox 345 2407 1931 2480; baseline -0.001 -20"><span class='ocrx_word' id='word_1_163' title='bbox 345 2410 587 2478; x_wconf 83' lang='grc' dir='ltr'>φωνήσει</span> <span class='ocrx_word' id='word_1_164' title='bbox 652 2408 762 2478; x_wconf 91' lang='grc'>(48)</span> <span class='ocrx_word' id='word_1_165' title='bbox 806 2409 833 2461; x_wconf 88' lang='grc' dir='ltr'>ὁ</span> <span class='ocrx_word' id='word_1_166' title='bbox 866 2408 1113 2470; x_wconf 85' lang='grc' dir='ltr'>διάκονος</span> <span class='ocrx_word' id='word_1_167' title='bbox 1150 2409 1288 2480; x_wconf 82' lang='grc' dir='ltr'>ὑπὲρ</span> <span class='ocrx_word' id='word_1_168' title='bbox 1333 2407 1441 2461; x_wconf 83' lang='grc' dir='ltr'><strong>τῶν</strong></span> <span class='ocrx_word' id='word_1_169' title='bbox 1488 2407 1931 2478; x_wconf 89' lang='grc' dir='ltr'>κατηχουμένων,</span> 
     </span>
    </p>
   </div>
   <div class='ocr_carea' id='block_1_27' title="bbox 342 2498 1932 2571">
    <p class='ocr_par' dir='ltr' id='par_1_27' title="bbox 342 2498 1932 2571">
     <span class='ocr_line' id='line_1_27' title="bbox 342 2498 1932 2571; baseline -0.001 -18"><span class='ocrx_word' id='word_1_170' title='bbox 342 2500 441 2553; x_wconf 76' lang='grc' dir='ltr'><strong>καὶ</strong></span> <span class='ocrx_word' id='word_1_171' title='bbox 488 2498 919 2570; x_wconf 76' lang='grc' dir='ltr'>χειμαζομένων,</span> <span class='ocrx_word' id='word_1_172' title='bbox 951 2499 1045 2552; x_wconf 75' lang='grc' dir='ltr'><strong>καὶ</strong></span> <span class='ocrx_word' id='word_1_173' title='bbox 1082 2499 1190 2552; x_wconf 84' lang='grc' dir='ltr'><strong>τῶν</strong></span> <span class='ocrx_word' id='word_1_174' title='bbox 1236 2498 1641 2571; x_wconf 78' lang='grc' dir='ltr'>φωτιζομένων,</span> <span class='ocrx_word' id='word_1_175' title='bbox 1685 2500 1781 2552; x_wconf 73' lang='grc' dir='ltr'><strong>καὶ</strong></span> <span class='ocrx_word' id='word_1_176' title='bbox 1823 2499 1932 2552; x_wconf 86' lang='grc' dir='ltr'><strong>τῶν</strong></span> 
     </span>
    </p>
   </div>
   <div class='ocr_carea' id='block_1_28' title="bbox 341 2591 1933 2663">
    <p class='ocr_par' dir='ltr' id='par_1_28' title="bbox 341 2591 1933 2663">
     <span class='ocr_line' id='line_1_28' title="bbox 341 2591 1933 2663; baseline 0 -19"><span class='ocrx_word' id='word_1_177' title='bbox 341 2593 405 2644; x_wconf 82' lang='grc' dir='ltr'><strong>ἐν</strong></span> <span class='ocrx_word' id='word_1_178' title='bbox 439 2591 715 2662; x_wconf 81' lang='grc' dir='ltr'>μετανοίᾳ,</span> <span class='ocrx_word' id='word_1_179' title='bbox 748 2592 824 2654; x_wconf 86' lang='grc' dir='ltr'>ὡς</span> <span class='ocrx_word' id='word_1_180' title='bbox 856 2591 1207 2663; x_wconf 81' lang='grc' dir='ltr'>προείπομεν.</span> <span class='ocrx_word' id='word_1_181' title='bbox 1241 2591 1395 2646; x_wconf 83' lang='grc' dir='ltr'>Μετὰ</span> <span class='ocrx_word' id='word_1_182' title='bbox 1423 2592 1479 2645; x_wconf 85' lang='grc' dir='ltr'>δὲ</span> <span class='ocrx_word' id='word_1_183' title='bbox 1510 2592 1571 2645; x_wconf 85' lang='grc' dir='ltr'><strong>τὸ</strong></span> <span class='ocrx_word' id='word_1_184' title='bbox 1601 2592 1933 2663; x_wconf 85' lang='grc' dir='ltr'>ἀπολυθῆναι</span> 
     </span>
    </p>
   </div>
   <div class='ocr_carea' id='block_1_29' title="bbox 340 2684 1931 2756">
    <p class='ocr_par' dir='ltr' id='par_1_29' title="bbox 340 2684 1931 2756">
     <span class='ocr_line' id='line_1_29' title="bbox 340 2684 1931 2756; baseline 0.001 -19"><span class='ocrx_word' id='word_1_185' title='bbox 340 2685 564 2747; x_wconf 81' lang='grc' dir='ltr'>αὐτοὺς,</span> <span class='ocrx_word' id='word_1_186' title='bbox 593 2686 621 2737; x_wconf 85' lang='grc' dir='ltr'>ὁ</span> <span class='ocrx_word' id='word_1_187' title='bbox 649 2684 894 2747; x_wconf 83' lang='grc' dir='ltr'>διάκονος</span> <span class='ocrx_word' id='word_1_188' title='bbox 926 2685 1057 2755; x_wconf 82' lang='grc' dir='ltr'>ἐρεῖ·</span> <span class='ocrx_word' id='word_1_189' title='bbox 1094 2684 1250 2736; x_wconf 87' lang='grc' dir='ltr'>Ὅσοι</span> <span class='ocrx_word' id='word_1_190' title='bbox 1298 2685 1500 2748; x_wconf 80' lang='grc' dir='ltr'>πιστοὶ,</span> <span class='ocrx_word' id='word_1_191' title='bbox 1531 2684 1810 2756; x_wconf 85' lang='grc' dir='ltr'>δεηθῶμεν</span> <span class='ocrx_word' id='word_1_192' title='bbox 1837 2687 1931 2739; x_wconf 88' lang='grc' dir='ltr'><strong>τοῦ</strong></span> 
     </span>
    </p>
   </div>
   <div class='ocr_carea' id='block_1_30' title="bbox 338 2774 1934 2850">
    <p class='ocr_par' dir='ltr' id='par_1_30' title="bbox 338 2774 1934 2850">
     <span class='ocr_line' id='line_1_30' title="bbox 338 2774 1934 2850; baseline 0.001 -21"><span class='ocrx_word' id='word_1_193' title='bbox 338 2776 570 2846; x_wconf 84' lang='grc' dir='ltr'>Κυρίου.</span> <span class='ocrx_word' id='word_1_194' title='bbox 629 2778 737 2829; x_wconf 78' lang='grc' dir='ltr'>Καὶ</span> <span class='ocrx_word' id='word_1_195' title='bbox 786 2774 923 2847; x_wconf 78' lang='grc' dir='ltr'>μετὰ</span> <span class='ocrx_word' id='word_1_196' title='bbox 954 2776 1016 2829; x_wconf 84' lang='grc' dir='ltr'><strong>τὸ</strong></span> <span class='ocrx_word' id='word_1_197' title='bbox 1070 2778 1460 2849; x_wconf 77' lang='grc' dir='ltr'>προσφωνῆσαι</span> <span class='ocrx_word' id='word_1_198' title='bbox 1505 2778 1666 2831; x_wconf 81' lang='grc' dir='ltr'>αὐτὸν</span> <span class='ocrx_word' id='word_1_199' title='bbox 1719 2778 1789 2832; x_wconf 84' lang='grc' dir='ltr'>τὰ</span> <span class='ocrx_word' id='word_1_200' title='bbox 1835 2778 1934 2850; x_wconf 87' lang='grc' dir='ltr'>τῆς</span> 
     </span>
    </p>
   </div>
   <div class='ocr_carea' id='block_1_31' title="bbox 340 2865 949 2940">
    <p class='ocr_par' dir='ltr' id='par_1_31' title="bbox 340 2865 949 2940">
     <span class='ocr_line' id='line_1_31' title="bbox 340 2865 949 2940; baseline 0.002 -21"><span class='ocrx_word' id='word_1_201' title='bbox 340 2865 579 2938; x_wconf 61' lang='grc' dir='ltr'>πρώτης,</span> <span class='ocrx_word' id='word_1_202' title='bbox 601 2868 785 2938; x_wconf 84' lang='grc' dir='ltr'>εὐχῆς,</span> <span class='ocrx_word' id='word_1_203' title='bbox 811 2869 949 2940; x_wconf 86' lang='grc' dir='ltr'>ἐρεῖ·</span> 
     </span>
    </p>
   </div>
   <div class='ocr_carea' id='block_1_32' title="bbox 863 2985 1436 3054">
    <p class='ocr_par' dir='ltr' id='par_1_32' title="bbox 863 2985 1436 3054">
     <span class='ocr_line' id='line_1_32' title="bbox 863 2985 1436 3054; baseline 0.005 -18"><span class='ocrx_word' id='word_1_204' title='bbox 863 2985 1260 3041; x_wconf 77' lang='grc' dir='ltr'><strong>ΚΕΦΑΛΑΙΟΝ</strong></span> <span class='ocrx_word' id='word_1_205' title='bbox 1298 2988 1436 3054; x_wconf 71' lang='grc' dir='ltr'><strong>Δεῖν.</strong></span> 
     </span>
    </p>
   </div>
   <div class='ocr_carea' id='block_1_33' title="bbox 726 3095 1550 3167">
    <p class='ocr_par' dir='ltr' id='par_1_33' title="bbox 726 3095 1550 3167">
     <span class='ocr_line' id='line_1_33' title="bbox 726 3095 1550 3167; baseline 0.004 -18"><span class='ocrx_word' id='word_1_206' title='bbox 726 3095 1159 3165; x_wconf 70' lang='grc' dir='ltr'>Προσφώνησις</span> <span class='ocrx_word' id='word_1_207' title='bbox 1185 3098 1550 3167; x_wconf 48' lang='lat' dir='ltr'><strong>mammae.</strong></span> 
     </span>
    </p>
   </div>
   <div class='ocr_carea' id='block_1_34' title="bbox 418 3207 1927 3284">
    <p class='ocr_par' dir='ltr' id='par_1_34' title="bbox 418 3207 1927 3284">
     <span class='ocr_line' id='line_1_34' title="bbox 418 3207 1927 3284; baseline 0.005 -23"><span class='ocrx_word' id='word_1_208' title='bbox 418 3207 600 3261; x_wconf 86' lang='grc' dir='ltr'>Σῶσον</span> <span class='ocrx_word' id='word_1_209' title='bbox 633 3208 726 3262; x_wconf 70' lang='grc' dir='ltr'><strong>καὶ⁹</strong></span> <span class='ocrx_word' id='word_1_210' title='bbox 758 3208 1061 3279; x_wconf 78' lang='grc' dir='ltr'>ἀναστησον</span> <span class='ocrx_word' id='word_1_211' title='bbox 1100 3211 1267 3280; x_wconf 80' lang='grc' dir='ltr'>ἡμᾶς,</span> <span class='ocrx_word' id='word_1_212' title='bbox 1303 3213 1331 3265; x_wconf 84' lang='grc' dir='ltr'>ὁ</span> <span class='ocrx_word' id='word_1_213' title='bbox 1361 3211 1513 3277; x_wconf 85' lang='grc' dir='ltr'>Θεὸς,</span> <span class='ocrx_word' id='word_1_214' title='bbox 1551 3211 1640 3265; x_wconf 82' lang='grc' dir='ltr'>διὰ</span> <span class='ocrx_word' id='word_1_215' title='bbox 1689 3211 1927 3284; x_wconf 82' lang='grc' dir='ltr'>Χριστοῦ</span> 
     </span>
    </p>
   </div>
   <div class='ocr_carea' id='block_1_35' title="bbox 339 3299 1928 3377">
    <p class='ocr_par' dir='ltr' id='par_1_35' title="bbox 339 3299 1928 3377">
     <span class='ocr_line' id='line_1_35' title="bbox 339 3299 1928 3377; baseline 0.002 -21"><span class='ocrx_word' id='word_1_216' title='bbox 339 3319 465 3356; x_wconf 90' lang='grc' dir='ltr'>σου.</span> <span class='ocrx_word' id='word_1_217' title='bbox 515 3299 868 3363; x_wconf 84' lang='grc' dir='ltr'>Ἀναστάντες</span> <span class='ocrx_word' id='word_1_218' title='bbox 906 3299 1255 3372; x_wconf 80' lang='grc' dir='ltr'>αἰτησώμεθα</span> <span class='ocrx_word' id='word_1_219' title='bbox 1292 3303 1381 3355; x_wconf 81' lang='grc' dir='ltr'>τά·</span> <span class='ocrx_word' id='word_1_220' title='bbox 1415 3303 1538 3374; x_wconf 82' lang='grc' dir='ltr'>ὲλέη</span> <span class='ocrx_word' id='word_1_221' title='bbox 1577 3304 1671 3358; x_wconf 90' lang='grc' dir='ltr'><strong>τοῦ</strong></span> <span class='ocrx_word' id='word_1_222' title='bbox 1721 3306 1928 3377; x_wconf 86' lang='grc' dir='ltr'>Κυρίου</span> 
     </span>
    </p>
   </div>
   <div class='ocr_carea' id='block_1_36' title="bbox 336 3393 1931 3469">
    <p class='ocr_par' dir='ltr' id='par_1_36' title="bbox 336 3393 1931 3469">
     <span class='ocr_line' id='line_1_36' title="bbox 336 3393 1931 3469; baseline 0.003 -23"><span class='ocrx_word' id='word_1_223' title='bbox 336 3395 442 3451; x_wconf 73' lang='grc' dir='ltr'><strong>καὶ</strong></span> <span class='ocrx_word' id='word_1_224' title='bbox 470 3396 595 3456; x_wconf 84' lang='grc' dir='ltr'>τοὺς</span> <span class='ocrx_word' id='word_1_225' title='bbox 630 3393 945 3465; x_wconf 83' lang='grc' dir='ltr'>οίκτιρμοὺς</span> <span class='ocrx_word' id='word_1_226' title='bbox 990 3393 1177 3461; x_wconf 76' lang='grc' dir='ltr'>αὑτοῦ,</span> <span class='ocrx_word' id='word_1_227' title='bbox 1208 3394 1298 3448; x_wconf 81' lang='grc' dir='ltr'><strong>τὸν</strong></span> <span class='ocrx_word' id='word_1_228' title='bbox 1327 3395 1553 3464; x_wconf 85' lang='grc' dir='ltr'>ἄγγελον</span> <span class='ocrx_word' id='word_1_229' title='bbox 1579 3396 1670 3450; x_wconf 82' lang='grc' dir='ltr'><strong>τὸν</strong></span> <span class='ocrx_word' id='word_1_230' title='bbox 1703 3398 1794 3451; x_wconf 82' lang='grc' dir='ltr'><strong>ἐπὶ</strong></span> <span class='ocrx_word' id='word_1_231' title='bbox 1831 3398 1931 3469; x_wconf 85' lang='grc' dir='ltr'>τῆς</span> 
     </span>
    </p>
   </div>
   <div class='ocr_carea' id='block_1_37' title="bbox 334 3486 1931 3561">
    <p class='ocr_par' dir='ltr' id='par_1_37' title="bbox 334 3486 1931 3561">
     <span class='ocr_line' id='line_1_37' title="bbox 334 3486 1931 3561; baseline 0.002 -20"><span class='ocrx_word' id='word_1_232' title='bbox 334 3490 571 3559; x_wconf 79' lang='grc' dir='ltr'>εἰρήνης</span> <span class='ocrx_word' id='word_1_233' title='bbox 612 3486 743 3559; x_wconf 78' lang='grc'>(49),</span> <span class='ocrx_word' id='word_1_234' title='bbox 774 3487 843 3542; x_wconf 83' lang='grc' dir='ltr'>τὰ</span> <span class='ocrx_word' id='word_1_235' title='bbox 873 3488 1015 3542; x_wconf 78' lang='grc' dir='ltr'>καλὰ</span> <span class='ocrx_word' id='word_1_236' title='bbox 1042 3490 1135 3542; x_wconf 75' lang='grc' dir='ltr'><strong>καὶ</strong></span> <span class='ocrx_word' id='word_1_237' title='bbox 1179 3488 1246 3541; x_wconf 88' lang='grc' dir='ltr'>τὰ</span> <span class='ocrx_word' id='word_1_238' title='bbox 1281 3488 1647 3559; x_wconf 77' lang='grc' dir='ltr'>συμφέροντα,</span> <span class='ocrx_word' id='word_1_239' title='bbox 1679 3492 1931 3561; x_wconf 88' lang='grc' dir='ltr'>Χριστια-</span> 
     </span>
    </p>
   </div>
   <div class='ocr_carea' id='block_1_38' title="bbox 334 3578 1927 3657">
    <p class='ocr_par' dir='ltr' id='par_1_38' title="bbox 334 3578 1927 3657">
     <span class='ocr_line' id='line_1_38' title="bbox 334 3578 1927 3657; baseline 0.003 -25"><span class='ocrx_word' id='word_1_240' title='bbox 334 3578 413 3632; x_wconf 78' lang='grc' dir='ltr'>νὰ</span> <span class='ocrx_word' id='word_1_241' title='bbox 441 3578 511 3633; x_wconf 83' lang='grc' dir='ltr'><strong>τὰ</strong></span> <span class='ocrx_word' id='word_1_242' title='bbox 540 3578 688 3652; x_wconf 85' lang='grc' dir='ltr'>τέλη.</span> <span class='ocrx_word' id='word_1_243' title='bbox 736 3581 846 3652; x_wconf 84' lang='grc' dir='ltr'><strong>Τὴν</strong></span> <span class='ocrx_word' id='word_1_244' title='bbox 884 3581 1123 3651; x_wconf 81' lang='grc' dir='ltr'>ἑσπέραν</span> <span class='ocrx_word' id='word_1_245' title='bbox 1158 3581 1253 3633; x_wconf 76' lang='grc' dir='ltr'><strong>καὶ</strong></span> <span class='ocrx_word' id='word_1_246' title='bbox 1301 3580 1401 3657; x_wconf 83' lang='grc' dir='ltr'><strong>τὴν</strong></span> <span class='ocrx_word' id='word_1_247' title='bbox 1439 3580 1609 3634; x_wconf 86' lang='grc' dir='ltr'>νύκτα</span> <span class='ocrx_word' id='word_1_248' title='bbox 1650 3582 1927 3653; x_wconf 80' lang='grc' dir='ltr'>εἰρηνικὴν</span> 
     </span>
    </p>
   </div>
   <div class='ocr_carea' id='block_1_39' title="bbox 335 3671 1930 3747">
    <p class='ocr_par' dir='ltr' id='par_1_39' title="bbox 335 3671 1930 3747">
     <span class='ocr_line' id='line_1_39' title="bbox 335 3671 1930 3747; baseline 0.003 -22"><span class='ocrx_word' id='word_1_249' title='bbox 335 3673 445 3726; x_wconf 72' lang='grc' dir='ltr'>καὶ</span> <span class='ocrx_word' id='word_1_250' title='bbox 483 3671 883 3743; x_wconf 84' lang='grc' dir='ltr'>ἀναμάρτητον,</span> <span class='ocrx_word' id='word_1_251' title='bbox 923 3673 1016 3726; x_wconf 75' lang='grc' dir='ltr'><strong>καὶ</strong></span> <span class='ocrx_word' id='word_1_252' title='bbox 1062 3672 1240 3726; x_wconf 85' lang='grc' dir='ltr'>πάντα</span> <span class='ocrx_word' id='word_1_253' title='bbox 1279 3672 1372 3727; x_wconf 85' lang='grc' dir='ltr'><strong>τὸν</strong></span> <span class='ocrx_word' id='word_1_254' title='bbox 1413 3672 1603 3743; x_wconf 87' lang='grc' dir='ltr'>χρόνον</span> <span class='ocrx_word' id='word_1_255' title='bbox 1650 3675 1749 3746; x_wconf 84' lang='grc' dir='ltr'>τῆς</span> <span class='ocrx_word' id='word_1_256' title='bbox 1787 3676 1930 3747; x_wconf 77' lang='grc' dir='ltr'>ζωῆς</span> 
     </span>
    </p>
   </div>
   <div class='ocr_carea' id='block_1_40' title="bbox 342 3763 1931 3836">
    <p class='ocr_par' dir='ltr' id='par_1_40' title="bbox 342 3763 1931 3836">
     <span class='ocr_line' id='line_1_40' title="bbox 342 3763 1931 3836; baseline 0.003 -21"><span class='ocrx_word' id='word_1_257' title='bbox 342 3763 507 3835; x_wconf 67' lang='grc' dir='ltr'>ἡμῶν</span> <span class='ocrx_word' id='word_1_258' title='bbox 546 3764 961 3833; x_wconf 84' lang='grc' dir='ltr'>ἀκατάγνωστον</span> <span class='ocrx_word' id='word_1_259' title='bbox 999 3764 1368 3836; x_wconf 82' lang='grc' dir='ltr'>αίτησώμεθα.</span> <span class='ocrx_word' id='word_1_260' title='bbox 1413 3765 1666 3829; x_wconf 84' lang='grc' dir='ltr'>Ἑαυτοὺς</span> <span class='ocrx_word' id='word_1_261' title='bbox 1710 3768 1803 3821; x_wconf 72' lang='grc' dir='ltr'><strong>καὶ</strong></span> <span class='ocrx_word' id='word_1_262' title='bbox 1834 3766 1931 3819; x_wconf 82' lang='grc' dir='ltr'>ἁλ-</span> 
     </span>
    </p>
   </div>
   <div class='ocr_carea' id='block_1_41' title="bbox 332 3857 1933 3932">
    <p class='ocr_par' dir='ltr' id='par_1_41' title="bbox 332 3857 1933 3932">
     <span class='ocr_line' id='line_1_41' title="bbox 332 3857 1933 3932; baseline 0.003 -22"><span class='ocrx_word' id='word_1_263' title='bbox 332 3858 542 3927; x_wconf 78' lang='grc' dir='ltr'>Λήλους</span> <span class='ocrx_word' id='word_1_264' title='bbox 558 3857 636 3927; x_wconf 85' lang='grc' dir='ltr'><strong>τῷ</strong></span> <span class='ocrx_word' id='word_1_265' title='bbox 668 3858 831 3922; x_wconf 75' lang='grc' dir='ltr'>ζῶντι</span> <span class='ocrx_word' id='word_1_266' title='bbox 860 3858 998 3929; x_wconf 80' lang='grc' dir='ltr'>Θεῷ,</span> <span class='ocrx_word' id='word_1_267' title='bbox 1028 3858 1115 3913; x_wconf 85' lang='grc' dir='ltr'><strong>διὰ</strong></span> <span class='ocrx_word' id='word_1_268' title='bbox 1147 3858 1384 3931; x_wconf 80' lang='grc' dir='ltr'>Χριστοῦ</span> <span class='ocrx_word' id='word_1_269' title='bbox 1562 3859 1727 3913; x_wconf 81' lang='grc' dir='ltr'>αὑτοῦ</span> <span class='ocrx_word' id='word_1_270' title='bbox 1763 3877 1933 3930; x_wconf 90' lang='grc' dir='ltr'>παρα-</span> 
     </span>
    </p>
   </div>
   <div class='ocr_carea' id='block_1_42' title="bbox 332 3948 1719 4022">
    <p class='ocr_par' dir='ltr' id='par_1_42' title="bbox 332 3948 1719 4022">
     <span class='ocr_line' id='line_1_42' title="bbox 332 3948 1719 4022; baseline 0.001 -18"><span class='ocrx_word' id='word_1_271' title='bbox 332 3948 552 4019; x_wconf 80' lang='grc' dir='ltr'>θῶμεν,</span> <span class='ocrx_word' id='word_1_272' title='bbox 579 3951 673 4004; x_wconf 75' lang='grc' dir='ltr'>καὶ</span> <span class='ocrx_word' id='word_1_273' title='bbox 700 3952 729 4004; x_wconf 84' lang='grc' dir='ltr'>ὁ</span> <span class='ocrx_word' id='word_1_274' title='bbox 759 3949 1052 4013; x_wconf 86' lang='grc' dir='ltr'>ἐπίσκοπος</span> <span class='ocrx_word' id='word_1_275' title='bbox 1083 3951 1461 4022; x_wconf 85' lang='grc' dir='ltr'>ἐπευχόμενος,</span> <span class='ocrx_word' id='word_1_276' title='bbox 1496 3951 1719 4021; x_wconf 69' lang='grc' dir='ltr'>λεγέτιιν</span> 
     </span>
    </p>
   </div>
   <div class='ocr_carea' id='block_1_43' title="bbox 2035 514 3604 589">
    <p class='ocr_par' dir='ltr' id='par_1_43' title="bbox 2035 514 3604 589">
     <span class='ocr_line' id='line_1_43' title="bbox 2035 514 3604 589; baseline 0.003 -22"><span class='ocrx_word' id='word_1_277' title='bbox 2035 514 2218 578; x_wconf 91' lang='lat' dir='ltr'><strong>domo,</strong></span> <span class='ocrx_word' id='word_1_278' title='bbox 2246 530 2422 585; x_wconf 89' lang='lat' dir='ltr'><strong>neque</strong></span> <span class='ocrx_word' id='word_1_279' title='bbox 2452 516 2509 569; x_wconf 94' lang='lat' dir='ltr'><strong>in</strong></span> <span class='ocrx_word' id='word_1_280' title='bbox 2543 517 2773 573; x_wconf 84' lang='lat' dir='ltr'><strong>ecclesia</strong></span> <span class='ocrx_word' id='word_1_281' title='bbox 2795 519 3145 589; x_wconf 75' lang='lat' dir='ltr'><strong>congregatio</strong></span> <span class='ocrx_word' id='word_1_282' title='bbox 3164 527 3341 588; x_wconf 90' lang='lat' dir='ltr'><strong>potest</strong></span> <span class='ocrx_word' id='word_1_283' title='bbox 3371 520 3604 588; x_wconf 88' lang='lat' dir='ltr'><strong>agitari,</strong></span> 
     </span>
    </p>
   </div>
   <div class='ocr_carea' id='block_1_44' title="bbox 2035 606 3609 681">
    <p class='ocr_par' dir='ltr' id='par_1_44' title="bbox 2035 606 3609 681">
     <span class='ocr_line' id='line_1_44' title="bbox 2035 606 3609 681; baseline 0.004 -23"><span class='ocrx_word' id='word_1_284' title='bbox 2035 606 2416 677; x_wconf 92' lang='lat' dir='ltr'><strong>unusquisque</strong></span> <span class='ocrx_word' id='word_1_285' title='bbox 2463 608 2606 677; x_wconf 90' lang='lat' dir='ltr'><strong>apud</strong></span> <span class='ocrx_word' id='word_1_286' title='bbox 2657 624 2717 665; x_wconf 89' lang='lat' dir='ltr'><strong>se</strong></span> <span class='ocrx_word' id='word_1_287' title='bbox 2766 611 2984 679; x_wconf 77' lang='lat' dir='ltr'><strong>psallat,</strong></span> <span class='ocrx_word' id='word_1_288' title='bbox 3015 611 3175 681; x_wconf 82' lang='lat' dir='ltr'><strong>legat,</strong></span> <span class='ocrx_word' id='word_1_289' title='bbox 3206 619 3489 680; x_wconf 87' lang='lat' dir='ltr'><strong>precetur;</strong></span> <span class='ocrx_word' id='word_1_290' title='bbox 3522 613 3609 665; x_wconf 88' lang='lat' dir='ltr'><strong>vel</strong></span> 
     </span>
    </p>
   </div>
   <div class='ocr_carea' id='block_1_45' title="bbox 2034 698 3607 757">
    <p class='ocr_par' dir='ltr' id='par_1_45' title="bbox 2034 698 3607 757">
     <span class='ocr_line' id='line_1_45' title="bbox 2034 698 3607 757; baseline 0.003 -5"><span class='ocrx_word' id='word_1_291' title='bbox 2034 698 2141 752; x_wconf 90' lang='lat' dir='ltr'><strong>duo</strong></span> <span class='ocrx_word' id='word_1_292' title='bbox 2192 706 2287 752; x_wconf 87' lang='lat' dir='ltr'><strong>aut</strong></span> <span class='ocrx_word' id='word_1_293' title='bbox 2332 705 2445 753; x_wconf 88' lang='lat' dir='ltr'><strong>tres</strong></span> <span class='ocrx_word' id='word_1_294' title='bbox 2476 700 2674 754; x_wconf 84' lang='lat' dir='ltr'><strong>simul:</strong></span> <span class='ocrx_word' id='word_1_295' title='bbox 2718 714 2735 747; x_wconf 74' lang='grc' dir='ltr'><strong>ι</strong></span> <span class='ocrx_word' id='word_1_296' title='bbox 2770 700 2873 756; x_wconf 88' lang='lat' dir='ltr'><strong>Ubi</strong></span> <span class='ocrx_word' id='word_1_297' title='bbox 2901 701 3045 755; x_wconf 91' lang='lat' dir='ltr'><strong>enim</strong></span> <span class='ocrx_word' id='word_1_298' title='bbox 3078 709 3205 756; x_wconf 87' lang='lat' dir='ltr'><strong>sunt</strong></span> <span class='ocrx_word' id='word_1_299' title='bbox 3231 701 3339 756; x_wconf 92' lang='lat' dir='ltr'><strong>duo</strong></span> <span class='ocrx_word' id='word_1_300' title='bbox 3368 702 3455 757; x_wconf 92' lang='lat' dir='ltr'><strong>vel</strong></span> <span class='ocrx_word' id='word_1_301' title='bbox 3495 711 3607 757; x_wconf 87' lang='lat' dir='ltr'><strong>tres</strong></span> 
     </span>
    </p>
   </div>
   <div class='ocr_carea' id='block_1_46' title="bbox 2035 792 3608 863">
    <p class='ocr_par' dir='ltr' id='par_1_46' title="bbox 2035 792 3608 863">
     <span class='ocr_line' id='line_1_46' title="bbox 2035 792 3608 863; baseline 0.003 -19"><span class='ocrx_word' id='word_1_302' title='bbox 2035 792 2351 863; x_wconf 80' lang='lat' dir='ltr'><strong>congregati</strong></span> <span class='ocrx_word' id='word_1_303' title='bbox 2394 793 2447 847; x_wconf 93' lang='lat' dir='ltr'><strong>in</strong></span> <span class='ocrx_word' id='word_1_304' title='bbox 2500 792 2723 848; x_wconf 86' lang='lat' dir='ltr'><strong>nomine</strong></span> <span class='ocrx_word' id='word_1_305' title='bbox 2771 808 2914 859; x_wconf 91' lang='lat' dir='ltr'><strong>meo,</strong></span> <span class='ocrx_word' id='word_1_306' title='bbox 2947 793 3021 849; x_wconf 85' lang='lat' dir='ltr'><strong>ibi</strong></span> <span class='ocrx_word' id='word_1_307' title='bbox 3066 809 3187 848; x_wconf 91' lang='lat' dir='ltr'><strong>sum</strong></span> <span class='ocrx_word' id='word_1_308' title='bbox 3219 794 3274 848; x_wconf 91' lang='lat' dir='ltr'><strong>in</strong></span> <span class='ocrx_word' id='word_1_309' title='bbox 3306 794 3484 849; x_wconf 89' lang='lat' dir='ltr'><strong>medio</strong></span> <span class='ocrx_word' id='word_1_310' title='bbox 3515 809 3608 849; x_wconf 90' lang='lat' dir='ltr'><strong>eo-</strong></span> 
     </span>
    </p>
   </div>
   <div class='ocr_carea' id='block_1_47' title="bbox 2033 883 3609 955">
    <p class='ocr_par' dir='ltr' id='par_1_47' title="bbox 2033 883 3609 955">
     <span class='ocr_line' id='line_1_47' title="bbox 2033 883 3609 955; baseline 0.001 -17"><span class='ocrx_word' id='word_1_311' title='bbox 2033 885 2237 941; x_wconf 73' lang='lat' dir='ltr'><strong>rum”.</strong></span> <span class='ocrx_word' id='word_1_312' title='bbox 2274 904 2292 936; x_wconf 73' lang='grc' dir='ltr'><strong>ι</strong></span> <span class='ocrx_word' id='word_1_313' title='bbox 2328 883 2552 949; x_wconf 86' lang='lat' dir='ltr'><strong>Fidelis,</strong></span> <span class='ocrx_word' id='word_1_314' title='bbox 2582 900 2651 939; x_wconf 92' lang='lat' dir='ltr'><strong>ne</strong></span> <span class='ocrx_word' id='word_1_315' title='bbox 2691 883 2838 940; x_wconf 92' lang='lat' dir='ltr'><strong>domi</strong></span> <span class='ocrx_word' id='word_1_316' title='bbox 2877 885 3098 955; x_wconf 87' lang='lat' dir='ltr'><strong>quidem</strong></span> <span class='ocrx_word' id='word_1_317' title='bbox 3147 892 3266 939; x_wconf 88' lang='lat' dir='ltr'><strong>oret</strong></span> <span class='ocrx_word' id='word_1_318' title='bbox 3306 900 3429 939; x_wconf 91' lang='lat' dir='ltr'><strong>cum</strong></span> <span class='ocrx_word' id='word_1_319' title='bbox 3460 894 3609 940; x_wconf 83' lang='lat' dir='ltr'><strong>cate-</strong></span> 
     </span>
    </p>
   </div>
   <div class='ocr_carea' id='block_1_48' title="bbox 2036 977 3607 1048">
    <p class='ocr_par' dir='ltr' id='par_1_48' title="bbox 2036 977 3607 1048">
     <span class='ocr_line' id='line_1_48' title="bbox 2036 977 3607 1048; baseline 0 -16"><span class='ocrx_word' id='word_1_320' title='bbox 2036 978 2308 1033; x_wconf 88' lang='lat' dir='ltr'><strong>cbumeno</strong></span> <span class='ocrx_word' id='word_1_321' title='bbox 2342 992 2492 1033; x_wconf 88' lang='lat' dir='ltr'><strong>:non</strong></span> <span class='ocrx_word' id='word_1_322' title='bbox 2537 978 2682 1032; x_wconf 91' lang='lat' dir='ltr'><strong>enim</strong></span> <span class='ocrx_word' id='word_1_323' title='bbox 2735 994 2952 1048; x_wconf 66' lang='lat' dir='ltr'><strong>aequum</strong></span> <span class='ocrx_word' id='word_1_324' title='bbox 3004 985 3108 1043; x_wconf 86' lang='lat' dir='ltr'><strong>est,</strong></span> <span class='ocrx_word' id='word_1_325' title='bbox 3163 977 3436 1032; x_wconf 89' lang='lat' dir='ltr'><strong>initiatum</strong></span> <span class='ocrx_word' id='word_1_326' title='bbox 3482 993 3607 1033; x_wconf 92' lang='lat' dir='ltr'><strong>cum</strong></span> 
     </span>
    </p>
   </div>
   <div class='ocr_carea' id='block_1_49' title="bbox 2034 1069 3608 1141">
    <p class='ocr_par' dir='ltr' id='par_1_49' title="bbox 2034 1069 3608 1141">
     <span class='ocr_line' id='line_1_49' title="bbox 2034 1069 3608 1141; baseline 0.001 -18"><span class='ocrx_word' id='word_1_327' title='bbox 2034 1085 2144 1124; x_wconf 92' lang='lat' dir='ltr'><strong>non</strong></span> <span class='ocrx_word' id='word_1_328' title='bbox 2181 1069 2396 1125; x_wconf 90' lang='lat' dir='ltr'><strong>initiato</strong></span> <span class='ocrx_word' id='word_1_329' title='bbox 2448 1070 2816 1141; x_wconf 86' lang='lat' dir='ltr'><strong>coinquinari.</strong></span> <span class='ocrx_word' id='word_1_330' title='bbox 2870 1070 3021 1135; x_wconf 91' lang='lat' dir='ltr'><strong>Pius,</strong></span> <span class='ocrx_word' id='word_1_331' title='bbox 3051 1085 3175 1124; x_wconf 91' lang='lat' dir='ltr'><strong>cum</strong></span> <span class='ocrx_word' id='word_1_332' title='bbox 3226 1070 3482 1125; x_wconf 83' lang='lat' dir='ltr'><strong>haeretico</strong></span> <span class='ocrx_word' id='word_1_333' title='bbox 3507 1085 3608 1125; x_wconf 81' lang='lat' dir='ltr'><strong>nec</strong></span> 
     </span>
    </p>
   </div>
   <div class='ocr_carea' id='block_1_50' title="bbox 2034 1162 3610 1233">
    <p class='ocr_par' dir='ltr' id='par_1_50' title="bbox 2034 1162 3610 1233">
     <span class='ocr_line' id='line_1_50' title="bbox 2034 1162 3610 1233; baseline 0.001 -17"><span class='ocrx_word' id='word_1_334' title='bbox 2034 1163 2181 1217; x_wconf 92' lang='lat' dir='ltr'><strong>domi</strong></span> <span class='ocrx_word' id='word_1_335' title='bbox 2238 1170 2660 1233; x_wconf 77' lang='lat' dir='ltr'><strong>comprecetur:</strong></span> <span class='ocrx_word' id='word_1_336' title='bbox 2697 1180 2715 1212; x_wconf 72' lang='grc' dir='ltr'>ί</span> <span class='ocrx_word' id='word_1_337' title='bbox 2751 1162 2880 1229; x_wconf 83' lang='lat' dir='ltr'><strong>Quae</strong></span> <span class='ocrx_word' id='word_1_338' title='bbox 2910 1164 3054 1219; x_wconf 90' lang='lat' dir='ltr'><strong>enim</strong></span> <span class='ocrx_word' id='word_1_339' title='bbox 3098 1164 3333 1220; x_wconf 77' lang='lat' dir='ltr'><strong>societas</strong></span> <span class='ocrx_word' id='word_1_340' title='bbox 3382 1164 3492 1219; x_wconf 93' lang='lat' dir='ltr'><strong>luci</strong></span> <span class='ocrx_word' id='word_1_341' title='bbox 3541 1163 3610 1218; x_wconf 91' lang='lat' dir='ltr'><strong>ad</strong></span> 
     </span>
    </p>
   </div>
   <div class='ocr_carea' id='block_1_51' title="bbox 2035 1254 3612 1323">
    <p class='ocr_par' dir='ltr' id='par_1_51' title="bbox 2035 1254 3612 1323">
     <span class='ocr_line' id='line_1_51' title="bbox 2035 1254 3612 1323; baseline 0.003 -15"><span class='ocrx_word' id='word_1_342' title='bbox 2035 1255 2397 1311; x_wconf 71' lang='lat' dir='ltr'><strong>tenebras”?</strong></span> <span class='ocrx_word' id='word_1_343' title='bbox 2438 1274 2455 1307; x_wconf 85' lang='grc'><strong>›</strong></span> <span class='ocrx_word' id='word_1_344' title='bbox 2490 1254 2836 1311; x_wconf 89' lang='lat' dir='ltr'><strong>Christianus</strong></span> <span class='ocrx_word' id='word_1_345' title='bbox 2878 1256 2962 1311; x_wconf 85' lang='lat' dir='ltr'><strong>vel</strong></span> <span class='ocrx_word' id='word_1_346' title='bbox 3010 1254 3360 1323; x_wconf 87' lang='lat' dir='ltr'><strong>Christiana,</strong></span> <span class='ocrx_word' id='word_1_347' title='bbox 3426 1256 3612 1315; x_wconf 67' lang='lat' dir='ltr'><strong>condi,-</strong></span> 
     </span>
    </p>
   </div>
   <div class='ocr_carea' id='block_1_52' title="bbox 2033 1347 3609 1420">
    <p class='ocr_par' dir='ltr' id='par_1_52' title="bbox 2033 1347 3609 1420">
     <span class='ocr_line' id='line_1_52' title="bbox 2033 1347 3609 1420; baseline 0.001 -18"><span class='ocrx_word' id='word_1_348' title='bbox 2033 1348 2198 1403; x_wconf 91' lang='lat' dir='ltr'><strong>tionis</strong></span> <span class='ocrx_word' id='word_1_349' title='bbox 2230 1347 2465 1415; x_wconf 86' lang='lat' dir='ltr'><strong>servilis,</strong></span> <span class='ocrx_word' id='word_1_350' title='bbox 2491 1347 2793 1418; x_wconf 82' lang='lat' dir='ltr'><strong>conjuncti,</strong></span> <span class='ocrx_word' id='word_1_351' title='bbox 2837 1355 2930 1402; x_wconf 91' lang='lat' dir='ltr'><strong>aut</strong></span> <span class='ocrx_word' id='word_1_352' title='bbox 2973 1360 3317 1419; x_wconf 83' lang='lat' dir='ltr'><strong>separentur,</strong></span> <span class='ocrx_word' id='word_1_353' title='bbox 3339 1358 3431 1404; x_wconf 91' lang='lat' dir='ltr'><strong>aut</strong></span> <span class='ocrx_word' id='word_1_354' title='bbox 3479 1350 3609 1420; x_wconf 88' lang='lat' dir='ltr'><strong>reji-</strong></span> 
     </span>
    </p>
   </div>
   <div class='ocr_carea' id='block_1_53' title="bbox 2033 1439 2270 1495">
    <p class='ocr_par' dir='ltr' id='par_1_53' title="bbox 2033 1439 2270 1495">
     <span class='ocr_line' id='line_1_53' title="bbox 2033 1439 2270 1495; baseline -0.004 -1"><span class='ocrx_word' id='word_1_355' title='bbox 2033 1439 2270 1495; x_wconf 87' lang='lat' dir='ltr'><strong>ciantur.</strong></span> 
     </span>
    </p>
   </div>
   <div class='ocr_carea' id='block_1_54' title="bbox 2578 1553 3063 1611">
    <p class='ocr_par' dir='ltr' id='par_1_54' title="bbox 2578 1553 3063 1611">
     <span class='ocr_line' id='line_1_54' title="bbox 2578 1553 3063 1611; baseline 0 0"><span class='ocrx_word' id='word_1_356' title='bbox 2578 1553 2808 1611; x_wconf 85' lang='lat' dir='ltr'><strong>CAPUT</strong></span> <span class='ocrx_word' id='word_1_357' title='bbox 2845 1555 3036 1610; x_wconf 82' lang='lat' dir='ltr'><strong>XXXV</strong></span> <span class='ocrx_word' id='word_1_358' title='bbox 3050 1598 3063 1611; x_wconf 94' lang='lat'><strong>.</strong></span> 
     </span>
    </p>
   </div>
   <div class='ocr_carea' id='block_1_55' title="bbox 2100 1668 3538 1738">
    <p class='ocr_par' dir='ltr' id='par_1_55' title="bbox 2100 1668 3538 1738">
     <span class='ocr_line' id='line_1_55' title="bbox 2100 1668 3538 1738; baseline -0.002 -13"><span class='ocrx_word' id='word_1_359' title='bbox 2100 1669 2287 1725; x_wconf 77' lang='lat' dir='ltr'><strong>Jacobi</strong></span> <span class='ocrx_word' id='word_1_360' title='bbox 2331 1670 2515 1738; x_wconf 77' lang='lat' dir='ltr'><strong>fratris</strong></span> <span class='ocrx_word' id='word_1_361' title='bbox 2556 1668 2757 1725; x_wconf 75' lang='lat' dir='ltr'><strong>Christi</strong></span> <span class='ocrx_word' id='word_1_362' title='bbox 2792 1669 3097 1724; x_wconf 72' lang='lat' dir='ltr'><strong>constitutio</strong></span> <span class='ocrx_word' id='word_1_363' title='bbox 3142 1669 3207 1723; x_wconf 86' lang='lat' dir='ltr'><strong>de</strong></span> <span class='ocrx_word' id='word_1_364' title='bbox 3253 1669 3538 1737; x_wconf 68' lang='lat' dir='ltr'><strong>vespertino</strong></span> 
     </span>
    </p>
   </div>
   <div class='ocr_carea' id='block_1_56' title="bbox 2725 1742 2912 1811">
    <p class='ocr_par' dir='ltr' id='par_1_56' title="bbox 2725 1742 2912 1811">
     <span class='ocr_line' id='line_1_56' title="bbox 2725 1742 2912 1811; baseline -0.005 -15"><span class='ocrx_word' id='word_1_365' title='bbox 2725 1742 2912 1811; x_wconf 73' lang='lat' dir='ltr'><strong>ofﬁcio.</strong></span> 
     </span>
    </p>
   </div>
   <div class='ocr_carea' id='block_1_57' title="bbox 2106 1853 3607 1927">
    <p class='ocr_par' dir='ltr' id='par_1_57' title="bbox 2106 1853 3607 1927">
     <span class='ocr_line' id='line_1_57' title="bbox 2106 1853 3607 1927; baseline -0.001 -19"><span class='ocrx_word' id='word_1_366' title='bbox 2106 1853 2170 1908; x_wconf 88' lang='lat' dir='ltr'><strong>Et</strong></span> <span class='ocrx_word' id='word_1_367' title='bbox 2192 1870 2293 1927; x_wconf 89' lang='lat' dir='ltr'><strong>ego</strong></span> <span class='ocrx_word' id='word_1_368' title='bbox 2326 1854 2586 1920; x_wconf 84' lang='lat' dir='ltr'><strong>Jacobus,</strong></span> <span class='ocrx_word' id='word_1_369' title='bbox 2621 1854 2790 1911; x_wconf 79' lang='lat' dir='ltr'><strong>frater</strong></span> <span class='ocrx_word' id='word_1_370' title='bbox 2820 1854 3043 1926; x_wconf 89' lang='lat' dir='ltr'><strong>quidem</strong></span> <span class='ocrx_word' id='word_1_371' title='bbox 3066 1854 3276 1911; x_wconf 84' lang='lat' dir='ltr'><strong>Christi</strong></span> <span class='ocrx_word' id='word_1_372' title='bbox 3305 1853 3607 1910; x_wconf 82' lang='lat' dir='ltr'><strong>secundum</strong></span> 
     </span>
    </p>
   </div>
   <div class='ocr_carea' id='block_1_58' title="bbox 2036 1947 3609 2019">
    <p class='ocr_par' dir='ltr' id='par_1_58' title="bbox 2036 1947 3609 2019">
     <span class='ocr_line' id='line_1_58' title="bbox 2036 1947 3609 2019; baseline -0.003 -16"><span class='ocrx_word' id='word_1_373' title='bbox 2036 1962 2280 2013; x_wconf 86' lang='lat' dir='ltr'><strong>carnem,</strong></span> <span class='ocrx_word' id='word_1_374' title='bbox 2312 1964 2505 2004; x_wconf 89' lang='lat' dir='ltr'><strong>servus</strong></span> <span class='ocrx_word' id='word_1_375' title='bbox 2548 1957 2731 2004; x_wconf 90' lang='lat' dir='ltr'><strong>autem</strong></span> <span class='ocrx_word' id='word_1_376' title='bbox 2773 1949 2894 2019; x_wconf 90' lang='lat' dir='ltr'><strong>ejus</strong></span> <span class='ocrx_word' id='word_1_377' title='bbox 2924 1956 2984 2005; x_wconf 90' lang='lat' dir='ltr'><strong>ut</strong></span> <span class='ocrx_word' id='word_1_378' title='bbox 3010 1948 3105 2003; x_wconf 86' lang='lat' dir='ltr'><strong>Dei</strong></span> <span class='ocrx_word' id='word_1_379' title='bbox 3140 1947 3428 2018; x_wconf 83' lang='lat' dir='ltr'><strong>unigeniti,</strong></span> <span class='ocrx_word' id='word_1_380' title='bbox 3490 1947 3609 2016; x_wconf 88' lang='lat' dir='ltr'><strong>epi-</strong></span> 
     </span>
    </p>
   </div>
   <div class='ocr_carea' id='block_1_59' title="bbox 2037 2039 3609 2112">
    <p class='ocr_par' dir='ltr' id='par_1_59' title="bbox 2037 2039 3609 2112">
     <span class='ocr_line' id='line_1_59' title="bbox 2037 2039 3609 2112; baseline 0 -18"><span class='ocrx_word' id='word_1_381' title='bbox 2037 2055 2235 2109; x_wconf 83' lang='lat' dir='ltr'><strong>scopus</strong></span> <span class='ocrx_word' id='word_1_382' title='bbox 2263 2056 2392 2095; x_wconf 90' lang='lat' dir='ltr'><strong>vero</strong></span> <span class='ocrx_word' id='word_1_383' title='bbox 2422 2040 2926 2112; x_wconf 86' lang='lat' dir='ltr'><strong>Hierosolymorum</strong></span> <span class='ocrx_word' id='word_1_384' title='bbox 2952 2042 3021 2096; x_wconf 89' lang='lat' dir='ltr'><strong>ab</strong></span> <span class='ocrx_word' id='word_1_385' title='bbox 3046 2041 3166 2110; x_wconf 91' lang='lat' dir='ltr'><strong>ipso</strong></span> <span class='ocrx_word' id='word_1_386' title='bbox 3196 2040 3427 2094; x_wconf 91' lang='lat' dir='ltr'><strong>Domino</strong></span> <span class='ocrx_word' id='word_1_387' title='bbox 3455 2047 3508 2094; x_wconf 86' lang='lat' dir='ltr'><strong>et</strong></span> <span class='ocrx_word' id='word_1_388' title='bbox 3542 2039 3609 2094; x_wconf 89' lang='lat' dir='ltr'><strong>ab</strong></span> 
     </span>
    </p>
   </div>
   <div class='ocr_carea' id='block_1_60' title="bbox 2036 2133 3607 2204">
    <p class='ocr_par' dir='ltr' id='par_1_60' title="bbox 2036 2133 3607 2204">
     <span class='ocr_line' id='line_1_60' title="bbox 2036 2133 3607 2204; baseline 0 -19"><span class='ocrx_word' id='word_1_389' title='bbox 2036 2134 2298 2202; x_wconf 87' lang='lat' dir='ltr'><strong>apostolis</strong></span> <span class='ocrx_word' id='word_1_390' title='bbox 2324 2133 2633 2201; x_wconf 88' lang='lat' dir='ltr'><strong>ordinatus,</strong></span> <span class='ocrx_word' id='word_1_391' title='bbox 2656 2134 2771 2189; x_wconf 77' lang='lat' dir='ltr'><strong>haec</strong></span> <span class='ocrx_word' id='word_1_392' title='bbox 2793 2134 2918 2189; x_wconf 90' lang='lat' dir='ltr'><strong>dico</strong></span> <span class='ocrx_word' id='word_1_393' title='bbox 2948 2153 2963 2190; x_wconf 91' lang='lat'><strong>:</strong></span> <span class='ocrx_word' id='word_1_394' title='bbox 2998 2134 3136 2190; x_wconf 90' lang='lat' dir='ltr'><strong>Cum</strong></span> <span class='ocrx_word' id='word_1_395' title='bbox 3170 2134 3334 2189; x_wconf 79' lang='lat' dir='ltr'><strong>fuerit</strong></span> <span class='ocrx_word' id='word_1_396' title='bbox 3360 2148 3607 2204; x_wconf 82' lang='lat' dir='ltr'><strong>vespera,</strong></span> 
     </span>
    </p>
   </div>
   <div class='ocr_carea' id='block_1_61' title="bbox 2036 2226 3607 2298">
    <p class='ocr_par' dir='ltr' id='par_1_61' title="bbox 2036 2226 3607 2298">
     <span class='ocr_line' id='line_1_61' title="bbox 2036 2226 3607 2298; baseline -0.001 -18"><span class='ocrx_word' id='word_1_397' title='bbox 2036 2226 2392 2296; x_wconf 89' lang='lat' dir='ltr'><strong>congregabis</strong></span> <span class='ocrx_word' id='word_1_398' title='bbox 2450 2226 2822 2292; x_wconf 89' lang='lat' dir='ltr'><strong>ecclesiam,o</strong></span> <span class='ocrx_word' id='word_1_399' title='bbox 2868 2229 3151 2298; x_wconf 92' lang='lat' dir='ltr'><strong>episcope;</strong></span> <span class='ocrx_word' id='word_1_400' title='bbox 3210 2235 3264 2284; x_wconf 91' lang='lat' dir='ltr'><strong>et</strong></span> <span class='ocrx_word' id='word_1_401' title='bbox 3319 2235 3607 2298; x_wconf 81' lang='lat' dir='ltr'><strong>postquam</strong></span> 
     </span>
    </p>
   </div>
   <div class='ocr_carea' id='block_1_62' title="bbox 2034 2317 3607 2388">
    <p class='ocr_par' dir='ltr' id='par_1_62' title="bbox 2034 2317 3607 2388">
     <span class='ocr_line' id='line_1_62' title="bbox 2034 2317 3607 2388; baseline 0.001 -15"><span class='ocrx_word' id='word_1_402' title='bbox 2034 2317 2214 2374; x_wconf 91' lang='lat' dir='ltr'><strong>dictus</strong></span> <span class='ocrx_word' id='word_1_403' title='bbox 2242 2318 2405 2372; x_wconf 75' lang='lat' dir='ltr'><strong>fuerit</strong></span> <span class='ocrx_word' id='word_1_404' title='bbox 2432 2319 2677 2388; x_wconf 89' lang='lat' dir='ltr'><strong>psalmus</strong></span> <span class='ocrx_word' id='word_1_405' title='bbox 2716 2320 3028 2387; x_wconf 90' lang='lat' dir='ltr'><strong>lucernalis,</strong></span> <span class='ocrx_word' id='word_1_406' title='bbox 3064 2320 3321 2374; x_wconf 82' lang='lat' dir='ltr'><strong>recitabit</strong></span> <span class='ocrx_word' id='word_1_407' title='bbox 3344 2319 3607 2374; x_wconf 87' lang='lat' dir='ltr'><strong>diaconus</strong></span> 
     </span>
    </p>
   </div>
   <div class='ocr_carea' id='block_1_63' title="bbox 2035 2410 3609 2481">
    <p class='ocr_par' dir='ltr' id='par_1_63' title="bbox 2035 2410 3609 2481">
     <span class='ocr_line' id='line_1_63' title="bbox 2035 2410 3609 2481; baseline -0.001 -17"><span class='ocrx_word' id='word_1_408' title='bbox 2035 2412 2315 2467; x_wconf 90' lang='lat' dir='ltr'><strong>orationes</strong></span> <span class='ocrx_word' id='word_1_409' title='bbox 2348 2426 2447 2481; x_wconf 91' lang='lat' dir='ltr'><strong>pro</strong></span> <span class='ocrx_word' id='word_1_410' title='bbox 2485 2410 2915 2475; x_wconf 83' lang='lat' dir='ltr'><strong>catechumenis,</strong></span> <span class='ocrx_word' id='word_1_411' title='bbox 2946 2411 3347 2481; x_wconf 83' lang='lat' dir='ltr'><strong>energumenis,</strong></span> <span class='ocrx_word' id='word_1_412' title='bbox 3391 2425 3609 2479; x_wconf 87' lang='lat' dir='ltr'><strong>compe-</strong></span> 
     </span>
    </p>
   </div>
   <div class='ocr_carea' id='block_1_64' title="bbox 2035 2502 3605 2574">
    <p class='ocr_par' dir='ltr' id='par_1_64' title="bbox 2035 2502 3605 2574">
     <span class='ocr_line' id='line_1_64' title="bbox 2035 2502 3605 2574; baseline -0.001 -16"><span class='ocrx_word' id='word_1_413' title='bbox 2035 2504 2300 2569; x_wconf 85' lang='lat' dir='ltr'><strong>tentibus,</strong></span> <span class='ocrx_word' id='word_1_414' title='bbox 2350 2512 2404 2560; x_wconf 84' lang='lat' dir='ltr'><strong>et</strong></span> <span class='ocrx_word' id='word_1_415' title='bbox 2461 2504 2877 2574; x_wconf 57' lang='lat' dir='ltr'><strong>paenitentibus,</strong></span> <span class='ocrx_word' id='word_1_416' title='bbox 2920 2512 2981 2557; x_wconf 90' lang='lat' dir='ltr'><strong>ut</strong></span> <span class='ocrx_word' id='word_1_417' title='bbox 3040 2511 3206 2574; x_wconf 79' lang='lat' dir='ltr'><strong>supra</strong></span> <span class='ocrx_word' id='word_1_418' title='bbox 3266 2503 3506 2557; x_wconf 80' lang='lat' dir='ltr'><strong>diximus</strong></span> <span class='ocrx_word' id='word_1_419' title='bbox 3539 2502 3605 2556; x_wconf 68' lang='grc'><strong>⁸⁵.</strong></span> 
     </span>
    </p>
   </div>
   <div class='ocr_carea' id='block_1_65' title="bbox 2034 2595 3605 2665">
    <p class='ocr_par' dir='ltr' id='par_1_65' title="bbox 2034 2595 3605 2665">
     <span class='ocr_line' id='line_1_65' title="bbox 2034 2595 3605 2665; baseline -0.003 -14"><span class='ocrx_word' id='word_1_420' title='bbox 2034 2596 2286 2665; x_wconf 85' lang='lat' dir='ltr'><strong>Cumque</strong></span> <span class='ocrx_word' id='word_1_421' title='bbox 2334 2596 2371 2650; x_wconf 90' lang='lat' dir='ltr'><strong>ii</strong></span> <span class='ocrx_word' id='word_1_422' title='bbox 2418 2596 2631 2651; x_wconf 89' lang='lat' dir='ltr'><strong>dimissi</strong></span> <span class='ocrx_word' id='word_1_423' title='bbox 2682 2595 2908 2661; x_wconf 83' lang='lat' dir='ltr'><strong>fuerint,</strong></span> <span class='ocrx_word' id='word_1_424' title='bbox 2949 2596 3217 2651; x_wconf 87' lang='lat' dir='ltr'><strong>diaconus</strong></span> <span class='ocrx_word' id='word_1_425' title='bbox 3266 2596 3408 2650; x_wconf 90' lang='lat' dir='ltr'><strong>dicet</strong></span> <span class='ocrx_word' id='word_1_426' title='bbox 3451 2615 3462 2649; x_wconf 93' lang='lat'>:</span> <span class='ocrx_word' id='word_1_427' title='bbox 3504 2595 3605 2662; x_wconf 88' lang='lat' dir='ltr'><strong>Qui</strong></span> 
     </span>
    </p>
   </div>
   <div class='ocr_carea' id='block_1_66' title="bbox 2036 2687 3608 2760">
    <p class='ocr_par' dir='ltr' id='par_1_66' title="bbox 2036 2687 3608 2760">
     <span class='ocr_line' id='line_1_66' title="bbox 2036 2687 3608 2760; baseline 0.004 -19"><span class='ocrx_word' id='word_1_428' title='bbox 2036 2688 2219 2744; x_wconf 83' lang='lat' dir='ltr'><strong>ﬁdeles</strong></span> <span class='ocrx_word' id='word_1_429' title='bbox 2246 2705 2463 2754; x_wconf 86' lang='lat' dir='ltr'><strong>sumus,</strong></span> <span class='ocrx_word' id='word_1_430' title='bbox 2484 2704 2701 2745; x_wconf 89' lang='lat' dir='ltr'><strong>oremus</strong></span> <span class='ocrx_word' id='word_1_431' title='bbox 2730 2689 3040 2744; x_wconf 89' lang='lat' dir='ltr'><strong>Dominum.</strong></span> <span class='ocrx_word' id='word_1_432' title='bbox 3070 2687 3135 2742; x_wconf 89' lang='lat' dir='ltr'><strong>Et</strong></span> <span class='ocrx_word' id='word_1_433' title='bbox 3150 2698 3439 2760; x_wconf 85' lang='lat' dir='ltr'><strong>postquam</strong></span> <span class='ocrx_word' id='word_1_434' title='bbox 3469 2693 3608 2749; x_wconf 82' lang='lat' dir='ltr'><strong>re‘ci-</strong></span> 
     </span>
    </p>
   </div>
   <div class='ocr_carea' id='block_1_67' title="bbox 2036 2782 3369 2854">
    <p class='ocr_par' dir='ltr' id='par_1_67' title="bbox 2036 2782 3369 2854">
     <span class='ocr_line' id='line_1_67' title="bbox 2036 2782 3369 2854; baseline 0.004 -19"><span class='ocrx_word' id='word_1_435' title='bbox 2036 2782 2230 2839; x_wconf 89' lang='lat' dir='ltr'><strong>taverit</strong></span> <span class='ocrx_word' id='word_1_436' title='bbox 2261 2782 2374 2849; x_wconf 92' lang='lat' dir='ltr'><strong>illa,</strong></span> <span class='ocrx_word' id='word_1_437' title='bbox 2406 2798 2527 2854; x_wconf 81' lang='lat' dir='ltr'><strong>quae</strong></span> <span class='ocrx_word' id='word_1_438' title='bbox 2558 2783 2615 2838; x_wconf 93' lang='lat' dir='ltr'><strong>in</strong></span> <span class='ocrx_word' id='word_1_439' title='bbox 2645 2784 2820 2854; x_wconf 88' lang='lat' dir='ltr'><strong>prima</strong></span> <span class='ocrx_word' id='word_1_440' title='bbox 2859 2783 3129 2851; x_wconf 88' lang='lat' dir='ltr'><strong>oratione,</strong></span> <span class='ocrx_word' id='word_1_441' title='bbox 3181 2784 3369 2840; x_wconf 88' lang='lat' dir='ltr'><strong>dicet:</strong></span> 
     </span>
    </p>
   </div>
   <div class='ocr_carea' id='block_1_68' title="bbox 2533 2982 3142 3040">
    <p class='ocr_par' dir='ltr' id='par_1_68' title="bbox 2533 2982 3142 3040">
     <span class='ocr_line' id='line_1_68' title="bbox 2533 2982 3142 3040; baseline -0.002 0"><span class='ocrx_word' id='word_1_442' title='bbox 2533 2983 2807 3040; x_wconf 88' lang='lat' dir='ltr'><strong>CAPUT</strong></span> <span class='ocrx_word' id='word_1_443' title='bbox 2864 2982 3142 3039; x_wconf 80' lang='lat' dir='ltr'><strong>XXXVI.</strong></span> 
     </span>
    </p>
   </div>
   <div class='ocr_carea' id='block_1_69' title="bbox 2558 3100 3089 3155">
    <p class='ocr_par' dir='ltr' id='par_1_69' title="bbox 2558 3100 3089 3155">
     <span class='ocr_line' id='line_1_69' title="bbox 2558 3100 3089 3155; baseline 0 -1"><span class='ocrx_word' id='word_1_444' title='bbox 2558 3100 2744 3155; x_wconf 83' lang='lat' dir='ltr'><strong>Oratio</strong></span> <span class='ocrx_word' id='word_1_445' title='bbox 2784 3100 3089 3154; x_wconf 81' lang='lat' dir='ltr'><strong>lucernalis.</strong></span> 
     </span>
    </p>
   </div>
   <div class='ocr_carea' id='block_1_70' title="bbox 2106 3210 3602 3283">
    <p class='ocr_par' dir='ltr' id='par_1_70' title="bbox 2106 3210 3602 3283">
     <span class='ocr_line' id='line_1_70' title="bbox 2106 3210 3602 3283; baseline 0.002 -17"><span class='ocrx_word' id='word_1_446' title='bbox 2106 3210 2274 3267; x_wconf 89' lang='lat' dir='ltr'><strong>Serva</strong></span> <span class='ocrx_word' id='word_1_447' title='bbox 2301 3217 2355 3266; x_wconf 89' lang='lat' dir='ltr'><strong>et</strong></span> <span class='ocrx_word' id='word_1_448' title='bbox 2383 3214 2591 3271; x_wconf 83' lang='lat' dir='ltr'><strong>suscita</strong></span> <span class='ocrx_word' id='word_1_449' title='bbox 2629 3229 2750 3279; x_wconf 91' lang='lat' dir='ltr'><strong>nos,</strong></span> <span class='ocrx_word' id='word_1_450' title='bbox 2781 3211 2946 3278; x_wconf 90' lang='lat' dir='ltr'><strong>Deus,</strong></span> <span class='ocrx_word' id='word_1_451' title='bbox 2988 3228 3085 3283; x_wconf 89' lang='lat' dir='ltr'><strong>per</strong></span> <span class='ocrx_word' id='word_1_452' title='bbox 3118 3211 3397 3269; x_wconf 86' lang='lat' dir='ltr'><strong>Christum</strong></span> <span class='ocrx_word' id='word_1_453' title='bbox 3428 3220 3602 3269; x_wconf 85' lang='lat' dir='ltr'><strong>tuum.</strong></span> 
     </span>
    </p>
   </div>
   <div class='ocr_carea' id='block_1_71' title="bbox 2035 3304 3608 3379">
    <p class='ocr_par' dir='ltr' id='par_1_71' title="bbox 2035 3304 3608 3379">
     <span class='ocr_line' id='line_1_71' title="bbox 2035 3304 3608 3379; baseline 0.001 -16"><span class='ocrx_word' id='word_1_454' title='bbox 2035 3304 2319 3365; x_wconf 84' lang='lat' dir='ltr'><strong>Suscitati.</strong></span> <span class='ocrx_word' id='word_1_455' title='bbox 2361 3305 2699 3375; x_wconf 83' lang='lat' dir='ltr'><strong>postulemus</strong></span> <span class='ocrx_word' id='word_1_456' title='bbox 2737 3306 3146 3363; x_wconf 89' lang='lat' dir='ltr'><strong>misericordias</strong></span> <span class='ocrx_word' id='word_1_457' title='bbox 3176 3305 3411 3371; x_wconf 90' lang='lat' dir='ltr'><strong>Domini,</strong></span> <span class='ocrx_word' id='word_1_458' title='bbox 3444 3316 3608 3379; x_wconf 87' lang='lat' dir='ltr'><strong>atque</strong></span> 
     </span>
    </p>
   </div>
   <div class='ocr_carea' id='block_1_72' title="bbox 2032 3393 3606 3468">
    <p class='ocr_par' dir='ltr' id='par_1_72' title="bbox 2032 3393 3606 3468">
     <span class='ocr_line' id='line_1_72' title="bbox 2032 3393 3606 3468; baseline 0.003 -18"><span class='ocrx_word' id='word_1_459' title='bbox 2032 3397 2410 3451; x_wconf 87' lang='lat' dir='ltr'><strong>miserationes</strong></span> <span class='ocrx_word' id='word_1_460' title='bbox 2440 3393 2577 3464; x_wconf 84' lang='lat' dir='ltr'><strong>ejus,</strong></span> <span class='ocrx_word' id='word_1_461' title='bbox 2608 3398 2857 3468; x_wconf 84' lang='lat' dir='ltr'><strong>angelum</strong></span> <span class='ocrx_word' id='word_1_462' title='bbox 2898 3397 3019 3468; x_wconf 89' lang='lat' dir='ltr'><strong>paci</strong></span> <span class='ocrx_word' id='word_1_463' title='bbox 3057 3399 3430 3467; x_wconf 66' lang='lat' dir='ltr'><strong>prazpositum,</strong></span> <span class='ocrx_word' id='word_1_464' title='bbox 3466 3400 3606 3455; x_wconf 75' lang='lat' dir='ltr'><strong>bona</strong></span> 
     </span>
    </p>
   </div>
   <div class='ocr_carea' id='block_1_73' title="bbox 2030 3485 3603 3558">
    <p class='ocr_par' dir='ltr' id='par_1_73' title="bbox 2030 3485 3603 3558">
     <span class='ocr_line' id='line_1_73' title="bbox 2030 3485 3603 3558; baseline 0.002 -18"><span class='ocrx_word' id='word_1_465' title='bbox 2030 3497 2084 3540; x_wconf 89' lang='lat' dir='ltr'><strong>et</strong></span> <span class='ocrx_word' id='word_1_466' title='bbox 2108 3486 2491 3553; x_wconf 83' lang='lat' dir='ltr'><strong>conducibilia,</strong></span> <span class='ocrx_word' id='word_1_467' title='bbox 2521 3485 2681 3543; x_wconf 86' lang='lat' dir='ltr'><strong>ﬁnem</strong></span> <span class='ocrx_word' id='word_1_468' title='bbox 2720 3487 2843 3542; x_wconf 66' lang='lat' dir='ltr'><strong>vita:</strong></span> <span class='ocrx_word' id='word_1_469' title='bbox 2882 3486 3277 3542; x_wconf 87' lang='lat' dir='ltr'><strong>Christianum.</strong></span> <span class='ocrx_word' id='word_1_470' title='bbox 3312 3486 3603 3558; x_wconf 78' lang='lat' dir='ltr'><strong>Vesperam</strong></span> 
     </span>
    </p>
   </div>
   <div class='ocr_carea' id='block_1_74' title="bbox 2031 3584 3606 3650">
    <p class='ocr_par' dir='ltr' id='par_1_74' title="bbox 2031 3584 3606 3650">
     <span class='ocr_line' id='line_1_74' title="bbox 2031 3584 3606 3650; baseline 0.002 -19"><span class='ocrx_word' id='word_1_471' title='bbox 2031 3584 2354 3646; x_wconf 87' lang='lat' dir='ltr'><strong>noctemque</strong></span> <span class='ocrx_word' id='word_1_472' title='bbox 2372 3585 2620 3647; x_wconf 80' lang='lat' dir='ltr'><strong>pacatam</strong></span> <span class='ocrx_word' id='word_1_473' title='bbox 2644 3594 2707 3632; x_wconf 93' lang='lat' dir='ltr'><strong>ac</strong></span> <span class='ocrx_word' id='word_1_474' title='bbox 2728 3586 2948 3648; x_wconf 89' lang='lat' dir='ltr'><strong>peccato</strong></span> <span class='ocrx_word' id='word_1_475' title='bbox 2968 3594 3217 3645; x_wconf 87' lang='lat' dir='ltr'><strong>vacuam,</strong></span> <span class='ocrx_word' id='word_1_476' title='bbox 3241 3587 3606 3650; x_wconf 90' lang='lat' dir='ltr'><strong>cunctumque</strong></span> 
     </span>
    </p>
   </div>
   <div class='ocr_carea' id='block_1_75' title="bbox 2031 3668 3604 3739">
    <p class='ocr_par' dir='ltr' id='par_1_75' title="bbox 2031 3668 3604 3739">
     <span class='ocr_line' id='line_1_75' title="bbox 2031 3668 3604 3739; baseline 0.003 -18"><span class='ocrx_word' id='word_1_477' title='bbox 2031 3668 2155 3722; x_wconf 69' lang='lat' dir='ltr'><strong>vita:</strong></span> <span class='ocrx_word' id='word_1_478' title='bbox 2180 3674 2382 3722; x_wconf 66' lang='lat' dir='ltr'><strong>nostra:</strong></span> <span class='ocrx_word' id='word_1_479' title='bbox 2404 3676 2617 3738; x_wconf 81' lang='lat' dir='ltr'><strong>tempus</strong></span> <span class='ocrx_word' id='word_1_480' title='bbox 2641 3668 3080 3738; x_wconf 86' lang='lat' dir='ltr'><strong>irreprebensum</strong></span> <span class='ocrx_word' id='word_1_481' title='bbox 3112 3670 3469 3739; x_wconf 90' lang='lat' dir='ltr'><strong>postulemus.</strong></span> <span class='ocrx_word' id='word_1_482' title='bbox 3494 3670 3604 3726; x_wconf 88' lang='lat' dir='ltr'><strong>Nos</strong></span> 
     </span>
    </p>
   </div>
   <div class='ocr_carea' id='block_1_76' title="bbox 2031 3758 3603 3831">
    <p class='ocr_par' dir='ltr' id='par_1_76' title="bbox 2031 3758 3603 3831">
     <span class='ocr_line' id='line_1_76' title="bbox 2031 3758 3603 3831; baseline 0.003 -18"><span class='ocrx_word' id='word_1_483' title='bbox 2031 3760 2200 3829; x_wconf 91' lang='lat' dir='ltr'><strong>ipsos,</strong></span> <span class='ocrx_word' id='word_1_484' title='bbox 2230 3766 2393 3828; x_wconf 87' lang='lat' dir='ltr'><strong>atque</strong></span> <span class='ocrx_word' id='word_1_485' title='bbox 2420 3758 2651 3813; x_wconf 87' lang='lat' dir='ltr'><strong>invicem</strong></span> <span class='ocrx_word' id='word_1_486' title='bbox 2680 3759 2876 3815; x_wconf 87' lang='lat' dir='ltr'><strong>viventi</strong></span> <span class='ocrx_word' id='word_1_487' title='bbox 2909 3759 3040 3824; x_wconf 91' lang='lat' dir='ltr'><strong>Deo,</strong></span> <span class='ocrx_word' id='word_1_488' title='bbox 3072 3776 3167 3830; x_wconf 90' lang='lat' dir='ltr'><strong>per</strong></span> <span class='ocrx_word' id='word_1_489' title='bbox 3181 3760 3458 3816; x_wconf 90' lang='lat' dir='ltr'><strong>Christum</strong></span> <span class='ocrx_word' id='word_1_490' title='bbox 3483 3762 3603 3831; x_wconf 82' lang='lat' dir='ltr'><strong>ejus</strong></span> 
     </span>
    </p>
   </div>
   <div class='ocr_carea' id='block_1_77' title="bbox 2032 3851 3375 3922">
    <p class='ocr_par' dir='ltr' id='par_1_77' title="bbox 2032 3851 3375 3922">
     <span class='ocr_line' id='line_1_77' title="bbox 2032 3851 3375 3922; baseline 0.001 -17"><span class='ocrx_word' id='word_1_491' title='bbox 2032 3851 2501 3906; x_wconf 90' lang='lat' dir='ltr'><strong>commendemus.</strong></span> <span class='ocrx_word' id='word_1_492' title='bbox 2528 3851 2605 3905; x_wconf 87' lang='lat' dir='ltr'><strong>Ac</strong></span> <span class='ocrx_word' id='word_1_493' title='bbox 2642 3851 2932 3922; x_wconf 88' lang='lat' dir='ltr'><strong>episcopus</strong></span> <span class='ocrx_word' id='word_1_494' title='bbox 2969 3866 3156 3917; x_wconf 88' lang='lat' dir='ltr'><strong>orans,</strong></span> <span class='ocrx_word' id='word_1_495' title='bbox 3188 3851 3332 3907; x_wconf 90' lang='lat' dir='ltr'><strong>dicat</strong></span> <span class='ocrx_word' id='word_1_496' title='bbox 3362 3870 3375 3907; x_wconf 92' lang='lat'>:</span> 
     </span>
    </p>
   </div>
   <div class='ocr_carea' id='block_1_78' title="bbox 410 4085 2205 4173">
    <p class='ocr_par' dir='ltr' id='par_1_78' title="bbox 410 4085 2205 4173">
     <span class='ocr_line' id='line_1_78' title="bbox 410 4085 2205 4173; baseline 0.002 -34"><span class='ocrx_word' id='word_1_497' title='bbox 410 4089 459 4119; x_wconf 77' lang='lat'><strong>’&quot;</strong></span> <span class='ocrx_word' id='word_1_498' title='bbox 508 4085 699 4142; x_wconf 80' lang='lat' dir='ltr'><strong>Matth.</strong></span> <span class='ocrx_word' id='word_1_499' title='bbox 732 4102 887 4151; x_wconf 78' lang='lat' dir='ltr'><strong>xvni,</strong></span> <span class='ocrx_word' id='word_1_500' title='bbox 923 4087 1013 4143; x_wconf 73' lang='lat'><strong>20.</strong></span> <span class='ocrx_word' id='word_1_501' title='bbox 1089 4088 1137 4120; x_wconf 82' lang='grc'><strong>⁸³</strong></span> <span class='ocrx_word' id='word_1_502' title='bbox 1176 4086 1219 4141; x_wconf 94' lang='lat' dir='ltr'><strong>Il</strong></span> <span class='ocrx_word' id='word_1_503' title='bbox 1251 4086 1377 4142; x_wconf 91' lang='lat' dir='ltr'><strong>Cor.</strong></span> <span class='ocrx_word' id='word_1_504' title='bbox 1411 4103 1482 4154; x_wconf 84' lang='lat' dir='ltr'><strong>v1,</strong></span> <span class='ocrx_word' id='word_1_505' title='bbox 1519 4087 1603 4141; x_wconf 83' lang='lat' dir='ltr'><strong>I4.</strong></span> <span class='ocrx_word' id='word_1_506' title='bbox 1680 4086 1725 4118; x_wconf 72' lang='grc'><strong>⁸⁵</strong></span> <span class='ocrx_word' id='word_1_507' title='bbox 1761 4087 1895 4157; x_wconf 88' lang='lat' dir='ltr'><strong>Cap.</strong></span> <span class='ocrx_word' id='word_1_508' title='bbox 1927 4087 1981 4153; x_wconf 86' lang='lat'><strong>5,</strong></span> <span class='ocrx_word' id='word_1_509' title='bbox 2012 4096 2116 4143; x_wconf 90' lang='lat' dir='ltr'><strong>etc.</strong></span> <span class='ocrx_word' id='word_1_510' title='bbox 2192 4164 2205 4173; x_wconf 23' lang='grc' dir='ltr'><strong>κ</strong></span> 
     </span>
    </p>
   </div>
   <div class='ocr_carea' id='block_1_79' title="bbox 1648 4242 2297 4299">
    <p class='ocr_par' dir='ltr' id='par_1_79' title="bbox 1648 4242 2297 4299">
     <span class='ocr_line' id='line_1_79' title="bbox 1648 4242 2297 4299; baseline 0 -2"><span class='ocrx_word' id='word_1_511' title='bbox 1648 4242 2013 4299; x_wconf 78' lang='lat' dir='ltr'><strong>VARIORUM</strong></span> <span class='ocrx_word' id='word_1_512' title='bbox 2064 4243 2297 4298; x_wconf 68' lang='lat' dir='ltr'><strong>NOTAE.</strong></span> 
     </span>
    </p>
   </div>
   <div class='ocr_carea' id='block_1_80' title="bbox 420 4373 1795 4453">
    <p class='ocr_par' dir='ltr' id='par_1_80' title="bbox 420 4373 1795 4453">
     <span class='ocr_line' id='line_1_80' title="bbox 420 4373 1795 4453; baseline -0.004 -13"><span class='ocrx_word' id='word_1_513' title='bbox 420 4373 537 4453; x_wconf 66' lang='grc' dir='ltr'>(ιε)</span> <span class='ocrx_word' id='word_1_514' title='bbox 576 4384 755 4446; x_wconf 76' lang='grc' dir='ltr'>θῑκῳ.</span> <span class='ocrx_word' id='word_1_515' title='bbox 788 4380 1018 4437; x_wconf 84' lang='lat' dir='ltr'><strong>Additur</strong></span> <span class='ocrx_word' id='word_1_516' title='bbox 1046 4382 1162 4453; x_wconf 76' lang='grc' dir='ltr'><strong>ἅμα</strong></span> <span class='ocrx_word' id='word_1_517' title='bbox 1196 4383 1254 4453; x_wconf 72' lang='lat' dir='ltr'><strong>in</strong></span> <span class='ocrx_word' id='word_1_518' title='bbox 1281 4381 1402 4436; x_wconf 92' lang='lat' dir='ltr'><strong>cod.</strong></span> <span class='ocrx_word' id='word_1_519' title='bbox 1437 4380 1595 4435; x_wconf 87' lang='lat' dir='ltr'><strong>Vind.</strong></span> <span class='ocrx_word' id='word_1_520' title='bbox 1628 4379 1795 4453; x_wconf 67' lang='lat' dir='ltr'><strong>Cncn.</strong></span> 
     </span>
    </p>
   </div>
   <div class='ocr_carea' id='block_1_81' title="bbox 414 4447 1919 4597">
    <p class='ocr_par' dir='ltr' id='par_1_81' title="bbox 414 4447 1919 4597">
     <span class='ocr_line' id='line_1_81' title="bbox 415 4447 1919 4523; baseline -0.002 -16"><span class='ocrx_word' id='word_1_521' title='bbox 415 4447 537 4522; x_wconf 75' lang='grc'>’45)</span> <span class='ocrx_word' id='word_1_522' title='bbox 568 4455 725 4507; x_wconf 79' lang='grc' dir='ltr'>Εἰσί.</span> <span class='ocrx_word' id='word_1_523' title='bbox 760 4453 894 4508; x_wconf 84' lang='lat' dir='ltr'><strong>Cod.</strong></span> <span class='ocrx_word' id='word_1_524' title='bbox 926 4447 1099 4508; x_wconf 47' lang='lat' dir='ltr'><strong>Vind:</strong></span> <span class='ocrx_word' id='word_1_525' title='bbox 1127 4455 1191 4506; x_wconf 87' lang='grc' dir='ltr'><strong>ἂν</strong></span> <span class='ocrx_word' id='word_1_526' title='bbox 1223 4447 1321 4505; x_wconf 79' lang='grc' dir='ltr'><strong>ὧσί</strong></span> <span class='ocrx_word' id='word_1_527' title='bbox 1351 4468 1514 4523; x_wconf 86' lang='grc' dir='ltr'>φησιν</span> <span class='ocrx_word' id='word_1_528' title='bbox 1538 4454 1565 4504; x_wconf 85' lang='grc' dir='ltr'>ὁ</span> <span class='ocrx_word' id='word_1_529' title='bbox 1597 4451 1816 4522; x_wconf 87' lang='grc' dir='ltr'>Κύριος.</span> <span class='ocrx_word' id='word_1_530' title='bbox 1843 4449 1919 4504; x_wconf 86' lang='lat' dir='ltr'><strong>In.</strong></span> 
     </span>
     <span class='ocr_line' id='line_1_82' title="bbox 414 4469 1919 4597; baseline -0.011 -19"><span class='ocrx_word' id='word_1_531' title='bbox 414 4469 534 4597; x_wconf 63' lang='lat'>(44)</span> <span class='ocrx_word' id='word_1_532' title='bbox 562 4523 992 4597; x_wconf 61' lang='grc' dir='ltr'><strong>Συνᾳφθέντες.</strong></span> <span class='ocrx_word' id='word_1_533' title='bbox 1028 4522 1185 4597; x_wconf 82' lang='lat' dir='ltr'><strong>Haud</strong></span> <span class='ocrx_word' id='word_1_534' title='bbox 1232 4521 1785 4597; x_wconf 64' lang='lat' dir='ltr'><strong>dubitandumquin</strong></span> <span class='ocrx_word' id='word_1_535' title='bbox 1839 4522 1919 4597; x_wconf 54' lang='lat' dir='ltr'><strong>to:</strong></span> 
     </span>
    </p>
   </div>
   <div class='ocr_carea' id='block_1_82' title="bbox 2031 4376 3383 4451">
    <p class='ocr_par' dir='ltr' id='par_1_82' title="bbox 2031 4376 3383 4451">
     <span class='ocr_line' id='line_1_83' title="bbox 2031 4376 3383 4451; baseline -0.004 -13"><span class='ocrx_word' id='word_1_536' title='bbox 2031 4392 2231 4439; x_wconf 91' lang='lat' dir='ltr'><strong>cuntur</strong></span> <span class='ocrx_word' id='word_1_537' title='bbox 2262 4396 2475 4451; x_wconf 85' lang='lat' dir='ltr'><strong>preces,</strong></span> <span class='ocrx_word' id='word_1_538' title='bbox 2504 4393 2736 4451; x_wconf 82' lang='lat' dir='ltr'><strong>unaque</strong></span> <span class='ocrx_word' id='word_1_539' title='bbox 2758 4392 2882 4433; x_wconf 88' lang='lat' dir='ltr'><strong>cum</strong></span> <span class='ocrx_word' id='word_1_540' title='bbox 2904 4378 3047 4451; x_wconf 70' lang='lat' dir='ltr'><strong>aliis.</strong></span> <span class='ocrx_word' id='word_1_541' title='bbox 3069 4385 3276 4451; x_wconf 82' lang='lat' dir='ltr'><strong>oratur.</strong></span> <span class='ocrx_word' id='word_1_542' title='bbox 3309 4376 3383 4440; x_wconf 71' lang='lat' dir='ltr'><strong>In.</strong></span> 
     </span>
    </p>
   </div>
   <div class='ocr_carea' id='block_1_83' title="bbox 2092 4446 3593 4523">
    <p class='ocr_par' dir='ltr' id='par_1_83' title="bbox 2092 4446 3593 4523">
     <span class='ocr_line' id='line_1_84' title="bbox 2092 4446 3593 4523; baseline -0.002 -18"><span class='ocrx_word' id='word_1_543' title='bbox 2092 4452 2202 4523; x_wconf 87' lang='lat'>(49)</span> <span class='ocrx_word' id='word_1_544' title='bbox 2237 4446 2349 4505; x_wconf 74' lang='grc' dir='ltr'><strong>Τὸν</strong></span> <span class='ocrx_word' id='word_1_545' title='bbox 2383 4446 2655 4523; x_wconf 44' lang='lat' dir='ltr'><strong>cirratas:</strong></span> <span class='ocrx_word' id='word_1_546' title='bbox 2677 4448 2786 4503; x_wconf 79' lang='grc' dir='ltr'><strong>τὸν</strong></span> <span class='ocrx_word' id='word_1_547' title='bbox 2821 4448 2919 4503; x_wconf 77' lang='grc' dir='ltr'>ἐπὶ</span> <span class='ocrx_word' id='word_1_548' title='bbox 2964 4446 3074 4523; x_wconf 78' lang='grc' dir='ltr'>τῆς</span> <span class='ocrx_word' id='word_1_549' title='bbox 3120 4446 3383 4523; x_wconf 70' lang='grc' dir='ltr'>είρῄνης.</span> <span class='ocrx_word' id='word_1_550' title='bbox 3442 4446 3593 4523; x_wconf 81' lang='lat' dir='ltr'><strong>Cele-</strong></span> 
     </span>
    </p>
   </div>
   <div class='ocr_carea' id='block_1_84' title="bbox 436 4516 3589 4593">
    <p class='ocr_par' dir='ltr' id='par_1_84' title="bbox 436 4516 3589 4593">
     <span class='ocr_line' id='line_1_85' title="bbox 436 4516 3589 4593; baseline -0.001 -17"><span class='ocrx_word' id='word_1_551' title='bbox 436 4516 534 4593; x_wconf 77' lang='lat'><strong>44)</strong></span> <span class='ocrx_word' id='word_1_552' title='bbox 562 4523 991 4592; x_wconf 68' lang='grc' dir='ltr'>Συναφθέντες.</span> <span class='ocrx_word' id='word_1_553' title='bbox 1028 4522 1185 4577; x_wconf 84' lang='lat' dir='ltr'><strong>Ilaud</strong></span> <span class='ocrx_word' id='word_1_554' title='bbox 1232 4516 1597 4587; x_wconf 71' lang='lat' dir='ltr'><strong>dubitandum</strong></span> <span class='ocrx_word' id='word_1_555' title='bbox 1651 4516 1785 4591; x_wconf 81' lang='lat' dir='ltr'><strong>quin</strong></span> <span class='ocrx_word' id='word_1_556' title='bbox 1840 4522 1921 4593; x_wconf 85' lang='lat' dir='ltr'><strong>lo-</strong></span> <span class='ocrx_word' id='word_1_557' title='bbox 1954 4516 1996 4572; x_wconf 89' lang='lat' dir='ltr'><strong>D</strong></span> <span class='ocrx_word' id='word_1_558' title='bbox 2020 4516 2208 4578; x_wconf 73' lang='lat' dir='ltr'><strong>bratur</strong></span> <span class='ocrx_word' id='word_1_559' title='bbox 2250 4516 2479 4593; x_wconf 75' lang='lat' dir='ltr'><strong>angelus</strong></span> <span class='ocrx_word' id='word_1_560' title='bbox 2523 4520 2780 4589; x_wconf 86' lang='lat' dir='ltr'><strong>paciticus</strong></span> <span class='ocrx_word' id='word_1_561' title='bbox 2825 4535 2918 4575; x_wconf 89' lang='lat' dir='ltr'><strong>seu</strong></span> <span class='ocrx_word' id='word_1_562' title='bbox 2952 4519 3104 4593; x_wconf 79' lang='lat' dir='ltr'><strong>pacis</strong></span> <span class='ocrx_word' id='word_1_563' title='bbox 3141 4517 3407 4593; x_wconf 26' lang='lat' dir='ltr'><strong>auBasiiio‘</strong></span> <span class='ocrx_word' id='word_1_564' title='bbox 3429 4519 3589 4593; x_wconf 79' lang='lat' dir='ltr'><strong>epist.</strong></span> 
     </span>
    </p>
   </div>
   <div class='ocr_carea' id='block_1_85' title="bbox 325 4587 3591 4667">
    <p class='ocr_par' dir='ltr' id='par_1_85' title="bbox 325 4587 3591 4667">
     <span class='ocr_line' id='line_1_86' title="bbox 325 4587 3591 4667; baseline -0.003 -16"><span class='ocrx_word' id='word_1_565' title='bbox 325 4587 554 4667; x_wconf 58' lang='lat' dir='ltr'><strong>quatu&#39;r</strong></span> <span class='ocrx_word' id='word_1_566' title='bbox 570 4587 855 4667; x_wconf 78' lang='lat' dir='ltr'><strong>deillicita</strong></span> <span class='ocrx_word' id='word_1_567' title='bbox 872 4587 1927 4667; x_wconf 54' lang='lat' dir='ltr'><strong>conjunctione,quipraecepit,&#39;cap.§‘2,</strong></span> <span class='ocrx_word' id='word_1_568' title='bbox 2018 4595 2147 4667; x_wconf 74' lang='lat'><strong>239,</strong></span> <span class='ocrx_word' id='word_1_569' title='bbox 2186 4587 2660 4667; x_wconf 64' lang='lat' dir='ltr'><strong>aCln-ysostoino</strong></span> <span class='ocrx_word' id='word_1_570' title='bbox 2682 4606 2821 4667; x_wconf 54' lang='lat' dir='ltr'><strong>saepe</strong></span> <span class='ocrx_word' id='word_1_571' title='bbox 2842 4631 2857 4655; x_wconf 95' lang='lat'><strong>,</strong></span> <span class='ocrx_word' id='word_1_572' title='bbox 2894 4605 2938 4667; x_wconf 41' lang='lat' dir='ltr'><strong>a‘</strong></span> <span class='ocrx_word' id='word_1_573' title='bbox 2966 4587 3487 4667; x_wconf 29' lang='lat' dir='ltr'><strong>Liturgiisﬂpassi‘m.</strong></span> 
     </span>
    </p>
   </div>
   <div class='ocr_carea' id='block_1_86' title="bbox 326 4660 1931 4731">
    <p class='ocr_par' dir='ltr' id='par_1_86' title="bbox 326 4660 1931 4731">
     <span class='ocr_line' id='line_1_87' title="bbox 326 4660 1931 4731; baseline -0.003 -10"><span class='ocrx_word' id='word_1_574' title='bbox 326 4660 397 4722; x_wconf 74' lang='lat' dir='ltr'><strong>ut</strong></span> <span class='ocrx_word' id='word_1_575' title='bbox 439 4664 654 4719; x_wconf 86' lang='lat' dir='ltr'><strong>domini</strong></span> <span class='ocrx_word' id='word_1_576' title='bbox 686 4665 860 4719; x_wconf 83' lang='lat' dir='ltr'><strong>servis</strong></span> <span class='ocrx_word' id='word_1_577' title='bbox 911 4660 1279 4718; x_wconf 74' lang='lat' dir='ltr'><strong>sccl-tantibus</strong></span> <span class='ocrx_word' id='word_1_578' title='bbox 1310 4660 1596 4731; x_wconf 59' lang='lat' dir='ltr'><strong>conjugcs</strong></span> <span class='ocrx_word' id='word_1_579' title='bbox 1632 4662 1782 4715; x_wconf 90' lang='lat' dir='ltr'><strong>dent.</strong></span> <span class='ocrx_word' id='word_1_580' title='bbox 1825 4660 1931 4716; x_wconf 88' lang='lat' dir='ltr'><strong>Sed</strong></span> 
     </span>
    </p>
   </div>
   <div class='ocr_carea' id='block_1_87' title="bbox 328 4731 1931 4857">
    <p class='ocr_par' dir='ltr' id='par_1_87' title="bbox 328 4731 1931 4857">
     <span class='ocr_line' id='line_1_88' title="bbox 328 4731 1931 4857; baseline -0.004 -67"><span class='ocrx_word' id='word_1_581' title='bbox 328 4736 848 4857; x_wconf 56' lang='lat' dir='ltr'><strong>pgrplacetclectio</strong></span> <span class='ocrx_word' id='word_1_582' title='bbox 892 4734 1127 4789; x_wconf 89' lang='lat' dir='ltr'><strong>duorum</strong></span> <span class='ocrx_word' id='word_1_583' title='bbox 1182 4733 1457 4798; x_wconf 90' lang='lat' dir='ltr'><strong>codicum,</strong></span> <span class='ocrx_word' id='word_1_584' title='bbox 1506 4731 1712 4794; x_wconf 83' lang='grc' dir='ltr'>δούλοις</span> <span class='ocrx_word' id='word_1_585' title='bbox 1772 4747 1931 4784; x_wconf 89' lang='grc' dir='ltr'>συνα-</span> 
     </span>
     <span class='ocr_line' id='line_1_89' title="bbox 328 4808 768 4857; baseline 0 0"><span class='ocrx_word' id='word_1_586' title='bbox 328 4827 371 4857; x_wconf 73' lang='lat' dir='ltr'><strong>co</strong></span> <span class='ocrx_word' id='word_1_587' title='bbox 421 4808 602 4857; x_wconf 82' lang='grc' dir='ltr'>ἐντες.</span> <span class='ocrx_word' id='word_1_588' title='bbox 678 4822 768 4857; x_wconf 81' lang='grc' dir='ltr'><strong>οτ.</strong></span> 
     </span>
    </p>
   </div>
   <div class='ocr_carea' id='block_1_88' title="bbox 379 4808 768 4866">
    <p class='ocr_par' dir='ltr' id='par_1_88' title="bbox 379 4808 768 4866">
     <span class='ocr_line' id='line_1_90' title="bbox 379 4808 768 4866; baseline 0 -6"><span class='ocrx_word' id='word_1_589' title='bbox 379 4808 602 4866; x_wconf 80' lang='grc' dir='ltr'>θέντες.</span> <span class='ocrx_word' id='word_1_590' title='bbox 633 4808 768 4860; x_wconf 75' lang='lat' dir='ltr'><strong>Cor.</strong></span> 
     </span>
    </p>
   </div>
   <div class='ocr_carea' id='block_1_89' title="bbox 328 4827 1927 4945">
    <p class='ocr_par' dir='ltr' id='par_1_89' title="bbox 328 4827 1927 4945">
     <span class='ocr_line' id='line_1_91' title="bbox 328 4827 768 4878; baseline 0 -18"><span class='ocrx_word' id='word_1_591' title='bbox 328 4827 602 4878; x_wconf 79' lang='grc' dir='ltr'>φυεντες.</span> <span class='ocrx_word' id='word_1_592' title='bbox 633 4827 768 4860; x_wconf 52' lang='lat' dir='ltr'><strong>una</strong></span> 
     </span>
     <span class='ocr_line' id='line_1_92' title="bbox 415 4870 1927 4945; baseline 0 -18"><span class='ocrx_word' id='word_1_593' title='bbox 415 4874 547 4945; x_wconf 79' lang='lat'>(45)</span> <span class='ocrx_word' id='word_1_594' title='bbox 602 4874 912 4945; x_wconf 61' lang='grc' dir='ltr'>Ἰακώϐου,</span> <span class='ocrx_word' id='word_1_595' title='bbox 962 4882 1071 4930; x_wconf 89' lang='lat' dir='ltr'><strong>etc.</strong></span> <span class='ocrx_word' id='word_1_596' title='bbox 1138 4871 1299 4929; x_wconf 83' lang='lat' dir='ltr'><strong>Deest</strong></span> <span class='ocrx_word' id='word_1_597' title='bbox 1358 4870 1645 4943; x_wconf 86' lang='lat' dir='ltr'><strong>inscriptio</strong></span> <span class='ocrx_word' id='word_1_598' title='bbox 1698 4870 1754 4925; x_wconf 92' lang='lat' dir='ltr'><strong>in</strong></span> <span class='ocrx_word' id='word_1_599' title='bbox 1803 4870 1927 4927; x_wconf 91' lang='lat' dir='ltr'><strong>cod.</strong></span> 
     </span>
    </p>
   </div>
   <div class='ocr_carea' id='block_1_90' title="bbox 333 4944 985 5001">
    <p class='ocr_par' dir='ltr' id='par_1_90' title="bbox 333 4944 985 5001">
     <span class='ocr_line' id='line_1_93' title="bbox 333 4944 985 5001; baseline -0.005 0"><span class='ocrx_word' id='word_1_600' title='bbox 333 4944 784 5001; x_wconf 74' lang='lat' dir='ltr'><strong>Vintlobonensi.</strong></span> <span class='ocrx_word' id='word_1_601' title='bbox 820 4944 985 4998; x_wconf 72' lang='lat' dir='ltr'><strong>Cum.</strong></span> 
     </span>
    </p>
   </div>
   <div class='ocr_carea' id='block_1_91' title="bbox 415 5010 1924 5097">
    <p class='ocr_par' dir='ltr' id='par_1_91' title="bbox 415 5010 1924 5097">
     <span class='ocr_line' id='line_1_94' title="bbox 415 5010 1924 5097; baseline -0.003 -30"><span class='ocrx_word' id='word_1_602' title='bbox 415 5015 538 5097; x_wconf 75' lang='grc'>(46)</span> <span class='ocrx_word' id='word_1_603' title='bbox 576 5015 763 5097; x_wconf 57' lang='grc' dir='ltr'><strong>Κεξγώ.</strong></span> <span class='ocrx_word' id='word_1_604' title='bbox 800 5014 906 5094; x_wconf 65' lang='lat' dir='ltr'><strong>I’ro</strong></span> <span class='ocrx_word' id='word_1_605' title='bbox 940 5015 1205 5097; x_wconf 53' lang='lat' dir='ltr'><strong>hac‘voce</strong></span> <span class='ocrx_word' id='word_1_606' title='bbox 1237 5021 1296 5097; x_wconf 41' lang='lat' dir='ltr'><strong>e‘t&#39;</strong></span> <span class='ocrx_word' id='word_1_607' title='bbox 1318 5028 1474 5097; x_wconf 68' lang='lat' dir='ltr'><strong>seqq.</strong></span> <span class='ocrx_word' id='word_1_608' title='bbox 1513 5012 1577 5097; x_wconf 73' lang='lat' dir='ltr'><strong>ad</strong></span> <span class='ocrx_word' id='word_1_609' title='bbox 1611 5010 1924 5097; x_wconf 50' lang='lat' dir='ltr'><strong>ea&#39;ESsneqpi,</strong></span> 
     </span>
    </p>
   </div>
   <div class='ocr_carea' id='block_1_92' title="bbox 331 5081 1926 5153">
    <p class='ocr_par' dir='ltr' id='par_1_92' title="bbox 331 5081 1926 5153">
     <span class='ocr_line' id='line_1_95' title="bbox 331 5081 1926 5153; baseline -0.006 -12"><span class='ocrx_word' id='word_1_610' title='bbox 331 5081 613 5153; x_wconf 64' lang='lat' dir='ltr'><strong>leguntur</strong></span> <span class='ocrx_word' id='word_1_611' title='bbox 656 5084 769 5135; x_wconf 63' lang='lat' dir='ltr'><strong>haec</strong></span> <span class='ocrx_word' id='word_1_612' title='bbox 805 5085 858 5136; x_wconf 91' lang='lat' dir='ltr'><strong>in</strong></span> <span class='ocrx_word' id='word_1_613' title='bbox 890 5084 1013 5139; x_wconf 84' lang='lat' dir='ltr'><strong>cod.</strong></span> <span class='ocrx_word' id='word_1_614' title='bbox 1052 5083 1212 5139; x_wconf 87' lang='lat' dir='ltr'><strong>Vind.</strong></span> <span class='ocrx_word' id='word_1_615' title='bbox 1261 5081 1513 5153; x_wconf 78' lang='grc' dir='ltr'>Ἰάκωϐος</span> <span class='ocrx_word' id='word_1_616' title='bbox 1544 5085 1571 5135; x_wconf 86' lang='grc' dir='ltr'>ὁ</span> <span class='ocrx_word' id='word_1_617' title='bbox 1597 5081 1690 5153; x_wconf 85' lang='grc' dir='ltr'><strong>τοῦ</strong></span> <span class='ocrx_word' id='word_1_618' title='bbox 1722 5081 1926 5153; x_wconf 76' lang='grc' dir='ltr'>Κυρίου</span> 
     </span>
    </p>
   </div>
   <div class='ocr_carea' id='block_1_93' title="bbox 329 5151 1927 5274">
    <p class='ocr_par' dir='ltr' id='par_1_93' title="bbox 329 5151 1927 5274">
     <span class='ocr_line' id='line_1_96' title="bbox 329 5151 1927 5274; baseline -0.004 -64"><span class='ocrx_word' id='word_1_619' title='bbox 329 5151 581 5219; x_wconf 67' lang='grc' dir='ltr'>ἀδελφὸς</span> <span class='ocrx_word' id='word_1_620' title='bbox 612 5152 778 5235; x_wconf 68' lang='grc' dir='ltr'>λίθοις</span> <span class='ocrx_word' id='word_1_621' title='bbox 801 5154 965 5274; x_wconf 46' lang='lat' dir='ltr'><strong>(alter</strong></span> <span class='ocrx_word' id='word_1_622' title='bbox 1012 5155 1135 5210; x_wconf 85' lang='lat' dir='ltr'><strong>cod.</strong></span> <span class='ocrx_word' id='word_1_623' title='bbox 1170 5152 1364 5274; x_wconf 66' lang='grc' dir='ltr'>ξύλοις)</span> <span class='ocrx_word' id='word_1_624' title='bbox 1411 5154 1532 5237; x_wconf 46' lang='grc' dir='ltr'>ὑπὸ.</span> <span class='ocrx_word' id='word_1_625' title='bbox 1569 5151 1835 5205; x_wconf 79' lang='grc' dir='ltr'>Ἰουδαίων</span> <span class='ocrx_word' id='word_1_626' title='bbox 1872 5152 1927 5203; x_wconf 85' lang='grc' dir='ltr'><strong>ὲν</strong></span> 
     </span>
     <span class='ocr_line' id='line_1_97' title="bbox 346 5218 1921 5274; baseline 0 0"><span class='ocrx_word' id='word_1_627' title='bbox 346 5222 778 5274; x_wconf 71' lang='grc' dir='ltr'>Ἱεροσολυμοις.</span> <span class='ocrx_word' id='word_1_628' title='bbox 835 5223 889 5274; x_wconf 76' lang='grc' dir='ltr'>ιὰ</span> <span class='ocrx_word' id='word_1_629' title='bbox 919 5225 1007 5274; x_wconf 78' lang='grc' dir='ltr'><strong>τὸν</strong></span> <span class='ocrx_word' id='word_1_630' title='bbox 1030 5225 1264 5274; x_wconf 83' lang='grc' dir='ltr'>Χοιστου</span> <span class='ocrx_word' id='word_1_631' title='bbox 1302 5225 1331 5274; x_wconf 91' lang='grc' dir='ltr'><strong>λ</strong></span> <span class='ocrx_word' id='word_1_632' title='bbox 1363 5240 1456 5274; x_wconf 87' lang='grc' dir='ltr'><strong>γον</strong></span> <span class='ocrx_word' id='word_1_633' title='bbox 1511 5222 1794 5274; x_wconf 76' lang='grc' dir='ltr'>ανήοηται.</span> <span class='ocrx_word' id='word_1_634' title='bbox 1845 5218 1921 5274; x_wconf 82' lang='lat' dir='ltr'><strong>In.</strong></span> 
     </span>
    </p>
   </div>
   <div class='ocr_carea' id='block_1_94' title="bbox 346 5218 1921 5295">
    <p class='ocr_par' dir='ltr' id='par_1_94' title="bbox 346 5218 1921 5295">
     <span class='ocr_line' id='line_1_98' title="bbox 346 5218 1921 5295; baseline -0.002 -17"><span class='ocrx_word' id='word_1_635' title='bbox 346 5218 778 5295; x_wconf 48' lang='grc' dir='ltr'>Ἰεροσολύμοις,</span> <span class='ocrx_word' id='word_1_636' title='bbox 801 5218 905 5295; x_wconf 3' lang='grc' dir='ltr'>διὰ,</span> <span class='ocrx_word' id='word_1_637' title='bbox 919 5225 1007 5276; x_wconf 76' lang='grc' dir='ltr'><strong>τὸν</strong></span> <span class='ocrx_word' id='word_1_638' title='bbox 1030 5224 1264 5295; x_wconf 84' lang='grc' dir='ltr'>Χριστοῦ</span> <span class='ocrx_word' id='word_1_639' title='bbox 1302 5218 1469 5295; x_wconf 59' lang='grc' dir='ltr'>λόγον</span> <span class='ocrx_word' id='word_1_640' title='bbox 1492 5222 1794 5295; x_wconf 37' lang='grc' dir='ltr'>ἀνῄρηται..</span> <span class='ocrx_word' id='word_1_641' title='bbox 1845 5218 1921 5275; x_wconf 83' lang='lat' dir='ltr'><strong>In.</strong></span> 
     </span>
    </p>
   </div>
   <div class='ocr_carea' id='block_1_95' title="bbox 452 5291 1922 5362">
    <p class='ocr_par' dir='ltr' id='par_1_95' title="bbox 452 5291 1922 5362">
     <span class='ocr_line' id='line_1_99' title="bbox 452 5291 1922 5362; baseline 0.001 -20"><span class='ocrx_word' id='word_1_642' title='bbox 452 5291 545 5361; x_wconf 76' lang='lat'>47)</span> <span class='ocrx_word' id='word_1_643' title='bbox 581 5293 689 5362; x_wconf 67' lang='grc' dir='ltr'><strong>Τὸν</strong></span> <span class='ocrx_word' id='word_1_644' title='bbox 735 5291 1092 5361; x_wconf 61' lang='grc' dir='ltr'>ἐπιλύχνιονί</span> <span class='ocrx_word' id='word_1_645' title='bbox 1132 5291 1396 5362; x_wconf 69' lang='grc' dir='ltr'><strong>ψαλμόν.</strong></span> <span class='ocrx_word' id='word_1_646' title='bbox 1441 5292 1558 5347; x_wconf 79' lang='lat' dir='ltr'><strong>Dixi</strong></span> <span class='ocrx_word' id='word_1_647' title='bbox 1586 5291 1685 5345; x_wconf 41' lang='lat' dir='ltr'><strong>“ad</strong></span> <span class='ocrx_word' id='word_1_648' title='bbox 1732 5291 1824 5362; x_wconf 89' lang='lat' dir='ltr'><strong>li_b.</strong></span> <span class='ocrx_word' id='word_1_649' title='bbox 1860 5306 1922 5355; x_wconf 85' lang='lat' dir='ltr'><strong>II,</strong></span> 
     </span>
    </p>
   </div>
   <div class='ocr_carea' id='block_1_96' title="bbox 327 5360 1925 5434">
    <p class='ocr_par' dir='ltr' id='par_1_96' title="bbox 327 5360 1925 5434">
     <span class='ocr_line' id='line_1_100' title="bbox 327 5360 1925 5434; baseline -0.003 -14"><span class='ocrx_word' id='word_1_650' title='bbox 327 5377 483 5430; x_wconf 78' lang='lat' dir='ltr'><strong>cap.</strong></span> <span class='ocrx_word' id='word_1_651' title='bbox 515 5362 602 5434; x_wconf 61' lang='lat'><strong>59.</strong></span> <span class='ocrx_word' id='word_1_652' title='bbox 637 5361 746 5434; x_wconf 75' lang='lat' dir='ltr'><strong>Nec</strong></span> <span class='ocrx_word' id='word_1_653' title='bbox 765 5360 1055 5434; x_wconf 62' lang='lat' dir='ltr'><strong>assentior</strong></span> <span class='ocrx_word' id='word_1_654' title='bbox 1075 5360 1280 5434; x_wconf 69' lang='lat' dir='ltr'><strong>magna:</strong></span> <span class='ocrx_word' id='word_1_655' title='bbox 1314 5364 1574 5417; x_wconf 80' lang='lat' dir='ltr'><strong>doctrinae</strong></span> <span class='ocrx_word' id='word_1_656' title='bbox 1607 5362 1726 5415; x_wconf 87' lang='lat' dir='ltr'><strong>viro</strong></span> <span class='ocrx_word' id='word_1_657' title='bbox 1758 5360 1925 5434; x_wconf 84' lang='lat' dir='ltr'><strong>Usse-</strong></span> 
     </span>
    </p>
   </div>
   <div class='ocr_carea' id='block_1_97' title="bbox 330 5430 1923 5506">
    <p class='ocr_par' dir='ltr' id='par_1_97' title="bbox 330 5430 1923 5506">
     <span class='ocr_line' id='line_1_101' title="bbox 330 5430 1923 5506; baseline -0.003 -17"><span class='ocrx_word' id='word_1_658' title='bbox 330 5435 485 5506; x_wconf 85' lang='lat' dir='ltr'><strong>rio,_</strong></span> <span class='ocrx_word' id='word_1_659' title='bbox 505 5432 596 5506; x_wconf 81' lang='lat' dir='ltr'><strong>qui</strong></span> <span class='ocrx_word' id='word_1_660' title='bbox 646 5433 698 5485; x_wconf 91' lang='lat' dir='ltr'><strong>in</strong></span> <span class='ocrx_word' id='word_1_661' title='bbox 763 5430 1010 5506; x_wconf 82' lang='lat' dir='ltr'><strong>Diatriba</strong></span> <span class='ocrx_word' id='word_1_662' title='bbox 1072 5434 1138 5490; x_wconf 89' lang='lat' dir='ltr'><strong>de</strong></span> <span class='ocrx_word' id='word_1_663' title='bbox 1166 5430 1432 5506; x_wconf 76' lang='lat' dir='ltr'><strong>symbolis</strong></span> <span class='ocrx_word' id='word_1_664' title='bbox 1456 5442 1604 5506; x_wconf 77' lang='lat' dir='ltr'><strong>_ctc.,</strong></span> <span class='ocrx_word' id='word_1_665' title='bbox 1647 5448 1753 5486; x_wconf 91' lang='lat' dir='ltr'><strong>non</strong></span> <span class='ocrx_word' id='word_1_666' title='bbox 1791 5431 1923 5486; x_wconf 91' lang='lat' dir='ltr'><strong>satis</strong></span> 
     </span>
    </p>
   </div>
   <div class='ocr_carea' id='block_1_98' title="bbox 327 5501 1921 5625">
    <p class='ocr_par' dir='ltr' id='par_1_98' title="bbox 327 5501 1921 5625">
     <span class='ocr_line' id='line_1_102' title="bbox 327 5501 1921 5625; baseline 0.001 -72"><span class='ocrx_word' id='word_1_667' title='bbox 327 5501 611 5625; x_wconf 58' lang='lat' dir='ltr'><strong>(tistinéit</strong></span> <span class='ocrx_word' id='word_1_668' title='bbox 670 5503 939 5570; x_wconf 88' lang='lat' dir='ltr'><strong>psalmum</strong></span> <span class='ocrx_word' id='word_1_669' title='bbox 997 5501 1323 5558; x_wconf 78' lang='lat' dir='ltr'><strong>lucernalem</strong></span> <span class='ocrx_word' id='word_1_670' title='bbox 1354 5504 1423 5556; x_wconf 86' lang='lat' dir='ltr'><strong>ab</strong></span> <span class='ocrx_word' id='word_1_671' title='bbox 1455 5504 1655 5575; x_wconf 81' lang='lat' dir='ltr'><strong>hymno</strong></span> <span class='ocrx_word' id='word_1_672' title='bbox 1697 5517 1921 5573; x_wconf 82' lang='lat' dir='ltr'><strong>vesper-</strong></span> 
     </span>
     <span class='ocr_line' id='line_1_103' title="bbox 327 5587 661 5625; baseline 0 0"><span class='ocrx_word' id='word_1_673' title='bbox 327 5587 495 5625; x_wconf 79' lang='lat' dir='ltr'><strong>nno.</strong></span> <span class='ocrx_word' id='word_1_674' title='bbox 571 5588 661 5625; x_wconf 88' lang='grc' dir='ltr'><strong>υτ.</strong></span> 
     </span>
    </p>
   </div>
   <div class='ocr_carea' id='block_1_99' title="bbox 326 5587 661 5631">
    <p class='ocr_par' dir='ltr' id='par_1_99' title="bbox 326 5587 661 5631">
     <span class='ocr_line' id='line_1_104' title="bbox 326 5587 661 5631; baseline -0.018 0"><span class='ocrx_word' id='word_1_675' title='bbox 326 5587 495 5631; x_wconf 79' lang='lat' dir='ltr'><strong>tino.</strong></span> <span class='ocrx_word' id='word_1_676' title='bbox 529 5587 661 5625; x_wconf 71' lang='lat' dir='ltr'><strong>LOT.</strong></span> 
     </span>
    </p>
   </div>
   <div class='ocr_carea' id='block_1_100' title="bbox 418 5641 1922 5714">
    <p class='ocr_par' dir='ltr' id='par_1_100' title="bbox 418 5641 1922 5714">
     <span class='ocr_line' id='line_1_105' title="bbox 418 5641 1922 5714; baseline 0.002 -20"><span class='ocrx_word' id='word_1_677' title='bbox 418 5641 1037 5714; x_wconf 52' lang='lat' dir='ltr'><strong>(48)”p00&#39;5001’710’8l.</strong></span> <span class='ocrx_word' id='word_1_678' title='bbox 1092 5641 1348 5714; x_wconf 85' lang='lat' dir='ltr'><strong>lntelligit</strong></span> <span class='ocrx_word' id='word_1_679' title='bbox 1398 5643 1574 5714; x_wconf 88' lang='lat' dir='ltr'><strong>edicta</strong></span> <span class='ocrx_word' id='word_1_680' title='bbox 1624 5658 1922 5713; x_wconf 87' lang='lat' dir='ltr'><strong>precesque</strong></span> 
     </span>
    </p>
   </div>
   <div class='ocr_carea' id='block_1_101' title="bbox 326 5713 1920 5783">
    <p class='ocr_par' dir='ltr' id='par_1_101' title="bbox 326 5713 1920 5783">
     <span class='ocr_line' id='line_1_106' title="bbox 326 5713 1920 5783; baseline -0.003 -13"><span class='ocrx_word' id='word_1_681' title='bbox 326 5713 577 5770; x_wconf 84' lang='lat' dir='ltr'><strong>diaconi</strong></span> <span class='ocrx_word' id='word_1_682' title='bbox 617 5729 741 5767; x_wconf 90' lang='lat' dir='ltr'><strong>cum</strong></span> <span class='ocrx_word' id='word_1_683' title='bbox 790 5714 1131 5768; x_wconf 89' lang='lat' dir='ltr'><strong>orationibus</strong></span> <span class='ocrx_word' id='word_1_684' title='bbox 1160 5713 1423 5783; x_wconf 84' lang='lat' dir='ltr'><strong>episcopi.</strong></span> <span class='ocrx_word' id='word_1_685' title='bbox 1457 5713 1531 5766; x_wconf 88' lang='lat' dir='ltr'><strong>Ita</strong></span> <span class='ocrx_word' id='word_1_686' title='bbox 1565 5729 1707 5782; x_wconf 71' lang='lat' dir='ltr'><strong>sazpe</strong></span> <span class='ocrx_word' id='word_1_687' title='bbox 1736 5714 1790 5767; x_wconf 92' lang='lat' dir='ltr'><strong>in</strong></span> <span class='ocrx_word' id='word_1_688' title='bbox 1818 5716 1920 5767; x_wconf 91' lang='lat' dir='ltr'><strong>hoc</strong></span> 
     </span>
    </p>
   </div>
   <div class='ocr_carea' id='block_1_102' title="bbox 328 5784 1919 5856">
    <p class='ocr_par' dir='ltr' id='par_1_102' title="bbox 328 5784 1919 5856">
     <span class='ocr_line' id='line_1_107' title="bbox 328 5784 1919 5856; baseline -0.003 -13"><span class='ocrx_word' id='word_1_689' title='bbox 328 5786 536 5856; x_wconf 78' lang='lat' dir='ltr'><strong>Opere</strong></span> <span class='ocrx_word' id='word_1_690' title='bbox 584 5787 920 5855; x_wconf 81' lang='grc' dir='ltr'>προσφωνεῖν</span> <span class='ocrx_word' id='word_1_691' title='bbox 966 5793 1019 5842; x_wconf 88' lang='lat' dir='ltr'><strong>et</strong></span> <span class='ocrx_word' id='word_1_692' title='bbox 1058 5784 1460 5855; x_wconf 74' lang='grc' dir='ltr'>προσφώνησις,</span> <span class='ocrx_word' id='word_1_693' title='bbox 1501 5784 1717 5853; x_wconf 91' lang='lat' dir='ltr'><strong>quando</strong></span> <span class='ocrx_word' id='word_1_694' title='bbox 1778 5784 1919 5838; x_wconf 81' lang='lat' dir='ltr'><strong>indi-</strong></span> 
     </span>
    </p>
   </div>
   <div class='ocr_carea' id='block_1_103' title="bbox 2024 4658 3595 4732">
    <p class='ocr_par' dir='ltr' id='par_1_103' title="bbox 2024 4658 3595 4732">
     <span class='ocr_line' id='line_1_108' title="bbox 2024 4658 3595 4732; baseline -0.003 -16"><span class='ocrx_word' id='word_1_695' title='bbox 2024 4664 2265 4732; x_wconf 81' lang='lat' dir='ltr'><strong>Antt&#39;quis</strong></span> <span class='ocrx_word' id='word_1_696' title='bbox 2295 4658 2740 4732; x_wconf 57' lang='lat' dir='ltr'><strong>ptinitentialibus</strong></span> <span class='ocrx_word' id='word_1_697' title='bbox 2759 4658 2864 4714; x_wconf 20' lang='lat' dir='ltr'><strong>7J0.</strong></span> <span class='ocrx_word' id='word_1_698' title='bbox 2894 4658 3107 4724; x_wconf 79' lang='lat' dir='ltr'><strong>Morini,</strong></span> <span class='ocrx_word' id='word_1_699' title='bbox 3143 4675 3194 4727; x_wconf 91' lang='lat' dir='ltr'><strong>p.</strong></span> <span class='ocrx_word' id='word_1_700' title='bbox 3330 4660 3475 4732; x_wconf 18' lang='lat' dir='ltr'><strong>:A_l)et</strong></span> <span class='ocrx_word' id='word_1_701' title='bbox 3500 4658 3595 4713; x_wconf 80' lang='lat' dir='ltr'><strong>tibi</strong></span> 
     </span>
    </p>
   </div>
   <div class='ocr_carea' id='block_1_104' title="bbox 2022 4727 3596 4803">
    <p class='ocr_par' dir='ltr' id='par_1_104' title="bbox 2022 4727 3596 4803">
     <span class='ocr_line' id='line_1_109' title="bbox 2022 4727 3596 4803; baseline -0.004 -14"><span class='ocrx_word' id='word_1_702' title='bbox 2022 4727 2563 4803; x_wconf 44' lang='lat' dir='ltr'><strong>Detn&#39;inus&#39;attgelutrt</strong></span> <span class='ocrx_word' id='word_1_703' title='bbox 2580 4732 2726 4800; x_wconf 82' lang='lat' dir='ltr'><strong>pacis</strong></span> <span class='ocrx_word' id='word_1_704' title='bbox 2760 4732 3049 4803; x_wconf 82' lang='lat' dir='ltr'><strong>custodem,</strong></span> <span class='ocrx_word' id='word_1_705' title='bbox 3077 4738 3183 4783; x_wconf 86' lang='lat' dir='ltr'><strong>etc.</strong></span> <span class='ocrx_word' id='word_1_706' title='bbox 3221 4727 3441 4803; x_wconf 70' lang='lat' dir='ltr'><strong>Similes</strong></span> <span class='ocrx_word' id='word_1_707' title='bbox 3468 4745 3596 4803; x_wconf 81' lang='lat' dir='ltr'><strong>vero</strong></span> 
     </span>
    </p>
   </div>
   <div class='ocr_carea' id='block_1_105' title="bbox 2024 4800 3594 4874">
    <p class='ocr_par' dir='ltr' id='par_1_105' title="bbox 2024 4800 3594 4874">
     <span class='ocr_line' id='line_1_110' title="bbox 2024 4800 3594 4874; baseline -0.003 -17"><span class='ocrx_word' id='word_1_708' title='bbox 2024 4805 2245 4874; x_wconf 85' lang='lat' dir='ltr'><strong>angelos</strong></span> <span class='ocrx_word' id='word_1_709' title='bbox 2276 4821 2348 4874; x_wconf 67' lang='lat' dir='ltr'><strong>ex</strong></span> <span class='ocrx_word' id='word_1_710' title='bbox 2385 4800 2491 4857; x_wconf 58' lang='lat' dir='ltr'><strong>&#39;SS.</strong></span> <span class='ocrx_word' id='word_1_711' title='bbox 2536 4800 2786 4874; x_wconf 80' lang='lat' dir='ltr'><strong>Patribus</strong></span> <span class='ocrx_word' id='word_1_712' title='bbox 2828 4802 3007 4874; x_wconf 81' lang='lat' dir='ltr'><strong>disces</strong></span> <span class='ocrx_word' id='word_1_713' title='bbox 3046 4815 3061 4852; x_wconf 91' lang='lat'><strong>:</strong></span> <span class='ocrx_word' id='word_1_714' title='bbox 3102 4800 3354 4874; x_wconf 74' lang='lat' dir='ltr'><strong>angelum</strong></span> <span class='ocrx_word' id='word_1_715' title='bbox 3390 4800 3594 4874; x_wconf 77' lang='lat' dir='ltr'><strong>oratio-</strong></span> 
     </span>
    </p>
   </div>
   <div class='ocr_carea' id='block_1_106' title="bbox 2022 4871 3597 4939">
    <p class='ocr_par' dir='ltr' id='par_1_106' title="bbox 2022 4871 3597 4939">
     <span class='ocr_line' id='line_1_111' title="bbox 2022 4871 3597 4939; baseline -0.002 -12"><span class='ocrx_word' id='word_1_716' title='bbox 2022 4871 2141 4939; x_wconf 56' lang='lat' dir='ltr'><strong>nis&#39;,</strong></span> <span class='ocrx_word' id='word_1_717' title='bbox 2176 4889 2241 4928; x_wconf 80' lang='lat' dir='ltr'><strong>ex</strong></span> <span class='ocrx_word' id='word_1_718' title='bbox 2275 4872 2607 4929; x_wconf 78' lang='lat' dir='ltr'><strong>Tertulliano</strong></span> <span class='ocrx_word' id='word_1_719' title='bbox 2656 4872 2727 4925; x_wconf 85' lang='lat' dir='ltr'><strong>De</strong></span> <span class='ocrx_word' id='word_1_720' title='bbox 2763 4872 3045 4935; x_wconf 80' lang='lat' dir='ltr'><strong>oratione,</strong></span> <span class='ocrx_word' id='word_1_721' title='bbox 3071 4884 3192 4938; x_wconf 88' lang='lat' dir='ltr'><strong>cap.</strong></span> <span class='ocrx_word' id='word_1_722' title='bbox 3239 4871 3341 4936; x_wconf 70' lang='lat'><strong>12;</strong></span> <span class='ocrx_word' id='word_1_723' title='bbox 3375 4872 3597 4939; x_wconf 85' lang='lat' dir='ltr'><strong>angelos</strong></span> 
     </span>
    </p>
   </div>
   <div class='ocr_carea' id='block_1_107' title="bbox 2023 4940 3595 5011">
    <p class='ocr_par' dir='ltr' id='par_1_107' title="bbox 2023 4940 3595 5011">
     <span class='ocr_line' id='line_1_112' title="bbox 2023 4940 3595 5011; baseline -0.001 -12"><span class='ocrx_word' id='word_1_724' title='bbox 2023 4944 2381 5011; x_wconf 86' lang='lat' dir='ltr'><strong>matrimonii,</strong></span> <span class='ocrx_word' id='word_1_725' title='bbox 2410 4961 2476 4999; x_wconf 80' lang='lat' dir='ltr'><strong>ex</strong></span> <span class='ocrx_word' id='word_1_726' title='bbox 2509 4946 2697 4998; x_wconf 86' lang='lat' dir='ltr'><strong>eodem</strong></span> <span class='ocrx_word' id='word_1_727' title='bbox 2725 4944 2807 4995; x_wconf 78' lang='lat' dir='ltr'><strong>Ad</strong></span> <span class='ocrx_word' id='word_1_728' title='bbox 2842 4956 3057 4995; x_wconf 77' lang='lat' dir='ltr'><strong>uxorem</strong></span> <span class='ocrx_word' id='word_1_729' title='bbox 3096 4940 3193 4993; x_wconf 89' lang='lat' dir='ltr'><strong>lib.</strong></span> <span class='ocrx_word' id='word_1_730' title='bbox 3224 4955 3285 5006; x_wconf 90' lang='lat' dir='ltr'><strong>ll,</strong></span> <span class='ocrx_word' id='word_1_731' title='bbox 3321 4955 3439 5007; x_wconf 90' lang='lat' dir='ltr'><strong>cap.</strong></span> <span class='ocrx_word' id='word_1_732' title='bbox 3472 4942 3595 5007; x_wconf 82' lang='lat' dir='ltr'><strong>ult.;</strong></span> 
     </span>
    </p>
   </div>
   <div class='ocr_carea' id='block_1_108' title="bbox 2025 5011 3600 5085">
    <p class='ocr_par' dir='ltr' id='par_1_108' title="bbox 2025 5011 3600 5085">
     <span class='ocr_line' id='line_1_113' title="bbox 2025 5011 3600 5085; baseline -0.003 -16"><span class='ocrx_word' id='word_1_733' title='bbox 2025 5015 2273 5084; x_wconf 86' lang='lat' dir='ltr'><strong>angelum</strong></span> <span class='ocrx_word' id='word_1_734' title='bbox 2300 5015 2574 5085; x_wconf 78' lang='lat' dir='ltr'><strong>baptismi,</strong></span> <span class='ocrx_word' id='word_1_735' title='bbox 2606 5014 2698 5067; x_wconf 88' lang='lat' dir='ltr'><strong>lib.</strong></span> <span class='ocrx_word' id='word_1_736' title='bbox 2724 5013 2795 5067; x_wconf 88' lang='lat' dir='ltr'><strong>De</strong></span> <span class='ocrx_word' id='word_1_737' title='bbox 2820 5012 3100 5085; x_wconf 76' lang='lat' dir='ltr'><strong>baptismo,</strong></span> <span class='ocrx_word' id='word_1_738' title='bbox 3124 5024 3243 5078; x_wconf 88' lang='lat' dir='ltr'><strong>cap.</strong></span> <span class='ocrx_word' id='word_1_739' title='bbox 3269 5011 3323 5073; x_wconf 81' lang='lat'><strong>4,</strong></span> <span class='ocrx_word' id='word_1_740' title='bbox 3345 5011 3414 5075; x_wconf 81' lang='lat'><strong>5;</strong></span> <span class='ocrx_word' id='word_1_741' title='bbox 3444 5026 3600 5085; x_wconf 85' lang='lat' dir='ltr'><strong>puer-</strong></span> 
     </span>
    </p>
   </div>
   <div class='ocr_carea' id='block_1_109' title="bbox 2026 5082 3598 5156">
    <p class='ocr_par' dir='ltr' id='par_1_109' title="bbox 2026 5082 3598 5156">
     <span class='ocr_line' id='line_1_114' title="bbox 2026 5082 3598 5156; baseline -0.003 -17"><span class='ocrx_word' id='word_1_742' title='bbox 2026 5082 2182 5156; x_wconf 71' lang='lat' dir='ltr'><strong>perii,</strong></span> <span class='ocrx_word' id='word_1_743' title='bbox 2215 5101 2310 5139; x_wconf 89' lang='lat' dir='ltr'><strong>seu</strong></span> <span class='ocrx_word' id='word_1_744' title='bbox 2342 5082 2595 5156; x_wconf 70' lang='lat' dir='ltr'><strong>humanae</strong></span> <span class='ocrx_word' id='word_1_745' title='bbox 2641 5092 2929 5156; x_wconf 68' lang='lat' dir='ltr'><strong>structurae</strong></span> <span class='ocrx_word' id='word_1_746' title='bbox 2979 5083 3034 5156; x_wconf 78' lang='lat' dir='ltr'><strong>in</strong></span> <span class='ocrx_word' id='word_1_747' title='bbox 3076 5082 3598 5156; x_wconf 25' lang='lat' dir='ltr'><strong>utero_,_ex‘eodcm</strong></span> 
     </span>
    </p>
   </div>
   <div class='ocr_carea' id='block_1_110' title="bbox 2027 5152 3599 5225">
    <p class='ocr_par' dir='ltr' id='par_1_110' title="bbox 2027 5152 3599 5225">
     <span class='ocr_line' id='line_1_115' title="bbox 2027 5152 3599 5225; baseline -0.002 -17"><span class='ocrx_word' id='word_1_748' title='bbox 2027 5152 2104 5209; x_wconf 75' lang='lat' dir='ltr'><strong>De</strong></span> <span class='ocrx_word' id='word_1_749' title='bbox 2142 5157 2343 5222; x_wconf 84' lang='lat' dir='ltr'><strong>anima,</strong></span> <span class='ocrx_word' id='word_1_750' title='bbox 2376 5171 2493 5225; x_wconf 91' lang='lat' dir='ltr'><strong>cap.</strong></span> <span class='ocrx_word' id='word_1_751' title='bbox 2532 5155 2630 5219; x_wconf 74' lang='grc'><strong>57,</strong></span> <span class='ocrx_word' id='word_1_752' title='bbox 2658 5152 3123 5225; x_wconf 72' lang='lat' dir='ltr'><strong>consentientibus</strong></span> <span class='ocrx_word' id='word_1_753' title='bbox 3176 5152 3448 5225; x_wconf 79' lang='lat' dir='ltr'><strong>rabbinis;</strong></span> <span class='ocrx_word' id='word_1_754' title='bbox 3498 5165 3599 5225; x_wconf 80' lang='lat' dir='ltr'><strong>an-</strong></span> 
     </span>
    </p>
   </div>
   <div class='ocr_carea' id='block_1_111' title="bbox 2028 5221 3599 5296">
    <p class='ocr_par' dir='ltr' id='par_1_111' title="bbox 2028 5221 3599 5296">
     <span class='ocr_line' id='line_1_116' title="bbox 2028 5221 3599 5296; baseline -0.003 -16"><span class='ocrx_word' id='word_1_755' title='bbox 2028 5227 2178 5295; x_wconf 86' lang='lat' dir='ltr'><strong>gelos</strong></span> <span class='ocrx_word' id='word_1_756' title='bbox 2221 5221 2521 5282; x_wconf 79' lang='lat' dir='ltr'><strong>vocationis</strong></span> <span class='ocrx_word' id='word_1_757' title='bbox 2568 5227 2831 5296; x_wconf 88' lang='lat' dir='ltr'><strong>gentium,</strong></span> <span class='ocrx_word' id='word_1_758' title='bbox 2861 5240 2927 5280; x_wconf 81' lang='lat' dir='ltr'><strong>ex</strong></span> <span class='ocrx_word' id='word_1_759' title='bbox 2962 5222 3193 5296; x_wconf 82' lang='lat' dir='ltr'><strong>Origene</strong></span> <span class='ocrx_word' id='word_1_760' title='bbox 3240 5222 3326 5296; x_wconf 91' lang='lat' dir='ltr'><strong>ad_</strong></span> <span class='ocrx_word' id='word_1_761' title='bbox 3354 5221 3599 5296; x_wconf 67' lang='lat' dir='ltr'><strong>Matt/twn“</strong></span> 
     </span>
    </p>
   </div>
   <div class='ocr_carea' id='block_1_112' title="bbox 2032 5292 3603 5366">
    <p class='ocr_par' dir='ltr' id='par_1_112' title="bbox 2032 5292 3603 5366">
     <span class='ocr_line' id='line_1_117' title="bbox 2032 5292 3603 5366; baseline -0.002 -16"><span class='ocrx_word' id='word_1_762' title='bbox 2032 5292 2163 5363; x_wconf 66' lang='lat' dir='ltr'><strong>ixn,</strong></span> <span class='ocrx_word' id='word_1_763' title='bbox 2196 5296 2256 5363; x_wconf 89' lang='lat'><strong>8;</strong></span> <span class='ocrx_word' id='word_1_764' title='bbox 2288 5297 2538 5366; x_wconf 88' lang='lat' dir='ltr'><strong>angelum</strong></span> <span class='ocrx_word' id='word_1_765' title='bbox 2572 5292 3197 5366; x_wconf 65' lang='lat' dir='ltr'><strong>gratiaellanaelem,_ab</strong></span> <span class='ocrx_word' id='word_1_766' title='bbox 3231 5294 3418 5366; x_wconf 78' lang='lat' dir='ltr'><strong>eodem</strong></span> <span class='ocrx_word' id='word_1_767' title='bbox 3455 5292 3603 5366; x_wconf 81' lang='lat' dir='ltr'><strong>Ada-</strong></span> 
     </span>
    </p>
   </div>
   <div class='ocr_carea' id='block_1_113' title="bbox 2032 5360 3605 5434">
    <p class='ocr_par' dir='ltr' id='par_1_113' title="bbox 2032 5360 3605 5434">
     <span class='ocr_line' id='line_1_118' title="bbox 2032 5360 3605 5434; baseline -0.001 -14"><span class='ocrx_word' id='word_1_768' title='bbox 2032 5360 2329 5423; x_wconf 40' lang='lat' dir='ltr'><strong>mantio&#39;ad</strong></span> <span class='ocrx_word' id='word_1_769' title='bbox 2357 5360 2510 5421; x_wconf 80' lang='lat' dir='ltr'><strong>Rom.</strong></span> <span class='ocrx_word' id='word_1_770' title='bbox 2538 5360 2639 5433; x_wconf 71' lang='grc' dir='ltr'>ιῖι,</span> <span class='ocrx_word' id='word_1_771' title='bbox 2684 5367 2736 5421; x_wconf 78' lang='lat'><strong>5.</strong></span> <span class='ocrx_word' id='word_1_772' title='bbox 2773 5364 2834 5420; x_wconf 91' lang='lat' dir='ltr'><strong>S.</strong></span> <span class='ocrx_word' id='word_1_773' title='bbox 2868 5362 3055 5434; x_wconf 89' lang='lat' dir='ltr'><strong>Basilii</strong></span> <span class='ocrx_word' id='word_1_774' title='bbox 3085 5360 3330 5434; x_wconf 77' lang='lat' dir='ltr'><strong>Liturgia</strong></span> <span class='ocrx_word' id='word_1_775' title='bbox 3358 5380 3422 5417; x_wconf 75' lang='lat' dir='ltr'><strong>ea:</strong></span> <span class='ocrx_word' id='word_1_776' title='bbox 3465 5364 3605 5418; x_wconf 87' lang='lat' dir='ltr'><strong>Ara-</strong></span> 
     </span>
    </p>
   </div>
   <div class='ocr_carea' id='block_1_114' title="bbox 2033 5433 3605 5504">
    <p class='ocr_par' dir='ltr' id='par_1_114' title="bbox 2033 5433 3605 5504">
     <span class='ocr_line' id='line_1_119' title="bbox 2033 5433 3605 5504; baseline -0.001 -15"><span class='ocrx_word' id='word_1_777' title='bbox 2033 5436 2145 5490; x_wconf 88' lang='lat' dir='ltr'><strong>bico</strong></span> <span class='ocrx_word' id='word_1_778' title='bbox 2175 5454 2343 5503; x_wconf 82' lang='lat' dir='ltr'><strong>versa,</strong></span> <span class='ocrx_word' id='word_1_779' title='bbox 2379 5439 2479 5493; x_wconf 90' lang='lat' dir='ltr'><strong>sub</strong></span> <span class='ocrx_word' id='word_1_780' title='bbox 2509 5438 2670 5493; x_wconf 83' lang='lat' dir='ltr'><strong>tinem</strong></span> <span class='ocrx_word' id='word_1_781' title='bbox 2710 5454 2725 5492; x_wconf 88' lang='lat'><strong>:</strong></span> <span class='ocrx_word' id='word_1_782' title='bbox 2758 5440 2828 5491; x_wconf 87' lang='lat' dir='ltr'><strong>Et</strong></span> <span class='ocrx_word' id='word_1_783' title='bbox 2861 5433 3076 5504; x_wconf 81' lang='lat' dir='ltr'><strong>angelus</strong></span> <span class='ocrx_word' id='word_1_784' title='bbox 3110 5433 3266 5503; x_wconf 79' lang='lat' dir='ltr'><strong>hujus</strong></span> <span class='ocrx_word' id='word_1_785' title='bbox 3304 5437 3410 5488; x_wconf 85' lang='lat' dir='ltr'><strong>diei</strong></span> <span class='ocrx_word' id='word_1_786' title='bbox 3452 5435 3605 5488; x_wconf 81' lang='lat' dir='ltr'><strong>bene-</strong></span> 
     </span>
    </p>
   </div>
   <div class='ocr_carea' id='block_1_115' title="bbox 2033 5506 3601 5580">
    <p class='ocr_par' dir='ltr' id='par_1_115' title="bbox 2033 5506 3601 5580">
     <span class='ocr_line' id='line_1_120' title="bbox 2033 5506 3601 5580; baseline -0.001 -19"><span class='ocrx_word' id='word_1_787' title='bbox 2033 5509 2183 5580; x_wconf 67' lang='lat' dir='ltr'><strong>dicti.</strong></span> <span class='ocrx_word' id='word_1_788' title='bbox 2216 5508 2358 5580; x_wconf 86' lang='lat' dir='ltr'><strong>Lege</strong></span> <span class='ocrx_word' id='word_1_789' title='bbox 2399 5508 2545 5580; x_wconf 88' lang='lat' dir='ltr'><strong>quod</strong></span> <span class='ocrx_word' id='word_1_790' title='bbox 2577 5508 2760 5580; x_wconf 82' lang='lat' dir='ltr'><strong>notavi</strong></span> <span class='ocrx_word' id='word_1_791' title='bbox 2803 5507 2872 5567; x_wconf 84' lang='lat' dir='ltr'><strong>ad</strong></span> <span class='ocrx_word' id='word_1_792' title='bbox 2914 5508 3076 5560; x_wconf 83' lang='lat' dir='ltr'><strong>linem</strong></span> <span class='ocrx_word' id='word_1_793' title='bbox 3111 5508 3363 5573; x_wconf 73' lang='lat' dir='ltr'><strong>procemii</strong></span> <span class='ocrx_word' id='word_1_794' title='bbox 3398 5506 3523 5560; x_wconf 85' lang='lat' dir='ltr'><strong>libri</strong></span> <span class='ocrx_word' id='word_1_795' title='bbox 3564 5521 3601 5560; x_wconf 80' lang='grc' dir='ltr'><strong>ιι</strong></span> 
     </span>
    </p>
   </div>
   <div class='ocr_carea' id='block_1_116' title="bbox 2037 5578 3095 5649">
    <p class='ocr_par' dir='ltr' id='par_1_116' title="bbox 2037 5578 3095 5649">
     <span class='ocr_line' id='line_1_121' title="bbox 2037 5578 3095 5649; baseline 0.002 -16"><span class='ocrx_word' id='word_1_796' title='bbox 2037 5578 2251 5633; x_wconf 63' lang='lat' dir='ltr'><strong>Hermia</strong></span> <span class='ocrx_word' id='word_1_797' title='bbox 2278 5578 2446 5649; x_wconf 73' lang='lat' dir='ltr'><strong>(Patr.</strong></span> <span class='ocrx_word' id='word_1_798' title='bbox 2480 5589 2518 5633; x_wconf 84' lang='lat' dir='ltr'><strong>t.</strong></span> <span class='ocrx_word' id='word_1_799' title='bbox 2556 5578 2639 5649; x_wconf 89' lang='lat' dir='ltr'><strong>ll).</strong></span> <span class='ocrx_word' id='word_1_800' title='bbox 2671 5579 2745 5634; x_wconf 84' lang='lat' dir='ltr'><strong>ID.</strong></span> <span class='ocrx_word' id='word_1_801' title='bbox 3092 5580 3095 5585; x_wconf 36' lang='grc' dir='ltr'><strong>λ</strong></span> 
     </span>
    </p>
   </div>
   <div class='ocr_carea' id='block_1_117' title="bbox 2109 5646 3604 5775">
    <p class='ocr_par' dir='ltr' id='par_1_117' title="bbox 2109 5646 3604 5775">
     <span class='ocr_line' id='line_1_122' title="bbox 2109 5646 3604 5775; baseline -0.003 -72"><span class='ocrx_word' id='word_1_802' title='bbox 2109 5651 2218 5775; x_wconf 55' lang='grc'>(50)</span> <span class='ocrx_word' id='word_1_803' title='bbox 2242 5646 2519 5735; x_wconf 60' lang='grc' dir='ltr'>Χριστοῦ.</span> <span class='ocrx_word' id='word_1_804' title='bbox 2545 5646 2680 5707; x_wconf 76' lang='lat' dir='ltr'><strong>Oed.</strong></span> <span class='ocrx_word' id='word_1_805' title='bbox 2719 5649 2947 5707; x_wconf 83' lang='lat' dir='ltr'><strong>Vindob.</strong></span> <span class='ocrx_word' id='word_1_806' title='bbox 2987 5669 3000 5706; x_wconf 86' lang='lat'><strong>:</strong></span> <span class='ocrx_word' id='word_1_807' title='bbox 3028 5648 3133 5705; x_wconf 90' lang='grc' dir='ltr'>Τοῦ</span> <span class='ocrx_word' id='word_1_808' title='bbox 3171 5646 3406 5723; x_wconf 81' lang='grc' dir='ltr'>Χριστοῦ</span> <span class='ocrx_word' id='word_1_809' title='bbox 3441 5646 3604 5702; x_wconf 82' lang='grc' dir='ltr'>αὐτοῦ</span> 
     </span>
     <span class='ocr_line' id='line_1_123' title="bbox 2109 5721 2626 5775; baseline 0.008 -4"><span class='ocrx_word' id='word_1_810' title='bbox 2109 5739 2186 5775; x_wconf 80' lang='grc' dir='ltr'>,οα</span> <span class='ocrx_word' id='word_1_811' title='bbox 2223 5722 2431 5775; x_wconf 78' lang='grc' dir='ltr'>ωμεθα.</span> <span class='ocrx_word' id='word_1_812' title='bbox 2461 5721 2626 5775; x_wconf 73' lang='lat' dir='ltr'><strong>Cum.</strong></span> 
     </span>
    </p>
   </div>
   <div class='ocr_carea' id='block_1_118' title="bbox 2040 5720 2626 5794">
    <p class='ocr_par' dir='ltr' id='par_1_118' title="bbox 2040 5720 2626 5794">
     <span class='ocr_line' id='line_1_124' title="bbox 2040 5720 2626 5794; baseline 0.005 -20"><span class='ocrx_word' id='word_1_813' title='bbox 2040 5740 2112 5774; x_wconf 85' lang='grc' dir='ltr'><strong>πα</strong></span> <span class='ocrx_word' id='word_1_814' title='bbox 2120 5720 2431 5794; x_wconf 81' lang='grc' dir='ltr'>ραθώμεθα.</span> <span class='ocrx_word' id='word_1_815' title='bbox 2461 5721 2626 5777; x_wconf 77' lang='lat' dir='ltr'><strong>CLI-2R.</strong></span> 
     </span>
    </p>
   </div>
  </div>
