4000 6266
423 325 562 380 "59

953 432 1179 490 CAPUT
1220 429 1482 485 XXXVII.

804 549 1109 605 Gratiarum
1137 547 1277 600 actio
1307 542 1612 599 lucernalis.

498 664 664 728 Deus,
702 662 954 733 principii
1005 673 1201 729 expers
1250 670 1313 710 ac
1361 656 1467 708 fine
1503 664 1715 713 carens,
1758 647 1999 701 omnium

424 774 521 828 per
549 756 829 811 Christum
865 751 1048 823 Opifex
1095 757 1150 805 et
1196 756 1396 810 rector,
1446 751 1571 797 ante
1621 748 1821 796 cuncta
1871 752 2001 792 vero

428 851 573 905 illius
605 849 746 903 Deus
778 861 841 901 ac
878 844 1059 905 Pater,
1105 840 1343 912 Spiritus
1385 836 1669 900 Dominus,
1717 839 1771 887 et
1811 844 2001 886 eorum

425 958 547 1011 quae
568 938 795 1008 intelligi
821 952 883 989 ac
908 934 1093 989 sentiri
1121 940 1347 1002 possunt
1375 944 1499 993 rex;
1531 925 1622 995 qui
1654 922 1828 978 fecisti
1857 919 2001 975 diem

427 1034 492 1087 ad
518 1048 681 1103 opera
714 1030 875 1092 lucis,
909 1035 964 1083 et
1018 1035 1230 1079 noctem
1280 1022 1348 1075 ad
1385 1019 1625 1089 requiem
1666 1012 2001 1069 infirmitatis

426 1131 627 1179 nostra:
659 1141 672 1176 :
711 1141 729 1172 ‹
776 1120 926 1173 Tuus
961 1118 1103 1173 enim
1133 1122 1217 1171 est
1254 1113 1392 1174 dies,
1427 1119 1478 1165 et
1511 1120 1602 1163 tua
1634 1113 1716 1162 est
1757 1119 1899 1167 nox;
1943 1109 2001 1155 tu

427 1214 623 1286 aptasti
663 1214 836 1268 lucem
868 1220 919 1265 et
943 1211 1111 1265 solem
1143 1208 1220 1274 ης
1266 1225 1285 1256 ι
1324 1206 1439 1275 ipse
1464 1210 1517 1257 et
1548 1213 1715 1261 nunc,
1749 1195 1998 1254 Domine,

427 1308 709 1363 hominum
768 1312 1006 1367 amator,
1053 1316 1115 1355 ac
1170 1299 1393 1370 optime.
1444 1294 1661 1362 suscipe
1709 1290 2002 1346 clementer

427 1399 570 1453 hanc
624 1405 868 1452 nostram
920 1393 1218 1464 gratiarum
1284 1387 1551 1442 actionem
1612 1378 1999 1448 vespertinam.

426 1492 530 1558 Qui
558 1489 846 1545 traduxisti
878 1502 979 1541 nos
1008 1502 1103 1556 per
1139 1483 1247 1538 diei
1276 1478 1693 1550 longitudinem,
1718 1481 1773 1527 et
1797 1466 2001 1523 duxisti

427 1583 494 1638 ad
519 1584 695 1636 noctis
727 1581 914 1645 initia;
953 1576 1169 1633 custodi
1201 1590 1325 1639 nos,
1356 1587 1453 1642 per
1500 1568 1777 1622 Christum
1819 1570 1999 1624 tuum;

427 1668 771 1739 tranquillam
810 1666 989 1736 praebe
1013 1678 1316 1735 vesperam,
1344 1668 1398 1716 et
1432 1666 1647 1714 noctem
1688 1659 1911 1725 peccato
1938 1648 2004 1701 li-

425 1761 645 1827 heram;
674 1767 835 1828 atque
860 1774 961 1813 nos
981 1759 1085 1811 vita
1103 1764 1303 1810 interna
1328 1753 1575 1822 dignare,
1607 1762 1702 1819 per
1725 1745 2001 1800 Christum

1307 315 1365 371 S.
1400 310 1791 370 CLEMENTIS
1826 310 1847 365 Ι
1880 308 2045 362 ROM.
2082 305 2283 362 PONT.
2326 302 2550 359 ΟΡΕΒΑ
2593 300 2820 357 DUBlA.

2033 434 2083 487 Δ

3540 298 3681 353 1140

2618 414 3011 469 ΚΕΦΛᾹΑΙΟΝ
3054 415 3091 465 Λ
3101 413 3175 471 Z’.

2501 534 2586 586 Εὐ
2590 529 2871 599 χαριστία
2904 527 3270 593 ὲπιλύχνιος.

2184 650 2240 703 ’0
2257 649 2490 719 ἄναρχος
2517 644 2648 707 Θεὸς
2671 643 2763 695 καὶ
2791 640 3164 711 ἀτελεύτητος,
3193 638 3221 690 ὁ
3248 634 3355 689 τῶν
3383 635 3520 689 ὅλων
3536 654 3684 709 ποιη.

2102 742 2198 810 τῆς
2234 740 2322 793 διὰ
2369 734 2605 809 Χριστοῦ
2638 735 2730 787 καὶ
2760 731 3034 804 κηδεμὼν,
3062 731 3168 802 πρὸ
3205 730 3262 783 δὲ
3308 730 3528 783 πάντων
3567 732 3697 803 (51).

2100 830 2263 884 αὐτοῦ
2312 829 2445 892 Θεὸς
2486 828 2579 880 καὶ
2618 826 2827 896 Πατὴρ,
2863 827 2892 877 6
2927 823 3021 876 τοῦ
3068 823 3383 893 Πνεύματος
3422 824 3535 896 (52)
3569 826 3682 879 Κύ-

2103 940 2215 994 pm;
2249 922 2383 993 (55),
2435 921 2528 973 καὶ
2566 918 2673 970 τῶν
2719 915 2924 988 νοητῶν
2958 917 3049 968 καὶ
3092 914 3365 986 αἰσθητῶν
3408 915 3683 985 βασιλεὺς,

2102 1015 2331 1084 ποιήσας
2361 1013 2570 1082 ἡμέραν
2597 1010 2731 1082 πρὸς
2751 1009 2885 1079 ἔργα
2916 1008 3110 1077 φωτὸς,
3136 1010 3229 1060 καὶ
3260 1008 3430 1060 νύκτα
3451 1010 3530 1072 εἰς
3556 1010 3685 1064 ἀνά-

2101 1122 2300 1157 παυσιν
2331 1104 2430 1174 τῆς
2460 1102 2742 1164 ἀσθενείας
2778 1100 2956 1171 ἡμῶν·
3019 1120 3037 1151 ‹
3077 1100 3150 1171 Σὴ
3177 1099 3285 1171 γάρ
3305 1101 3451 1153 ἐστιν
3479 1101 3681 1173 ἡμέρα,

2101 1198 2195 1249 καὶ
2244 1197 2307 1267 σή
2366 1197 2511 1247 ἐστιν
2568 1196 2601 1265 ἡ
2666 1193 2785 1259 νὺξ,
2837 1194 2901 1246 σὺ
2961 1192 3276 1263 κατηρτίσω
3334 1192 3533 1263 φαῦσιν
3590 1196 3683 1248 καὶ

2101 1288 2251 1357 ἥλιον
2286 1303 2298 1316 ·
2348 1302 2372 1338 ι
2418 1286 2579 1349 αὐτὸς
2633 1284 2728 1338 νῦν
2763 1324 2780 1351 ,
2840 1284 3075 1338 δέσποτα
3105 1326 3119 1350 ,
3184 1284 3530 1356 φιλάνθρωπε
3590 1286 3685 1339 καὶ

2101 1379 2402 1449 πανάγαθε,
2428 1378 2671 1450 εὐμενῶς
2697 1376 2987 1449 πρόσδεξαι
3018 1377 3117 1448 τὴν
3145 1378 3436 1449 ὲσπερινὴν
3469 1378 3685 1449 εὐχαρι-

2105 1473 2254 1526 στίαν
2287 1471 2441 1543 ἡμῶν
2464 1474 2689 1542 ταύτην.
2736 1471 2791 1523 Ὀ
2822 1468 3096 1537 διαγαγὼν
3131 1471 3276 1539 ἡμᾶς
3298 1468 3358 1521 τὸ
3390 1470 3561 1540 μῆκος
3587 1470 3684 1540 τῆς

2103 1565 2329 1635 ἡμέρας,
2365 1564 2460 1616 καὶ
2489 1550 2711 1631 ἀγαγῶν
2740 1562 2831 1614 ἐπὶ
2865 1562 2965 1625 τὰς
2995 1561 3169 1633 ἀρχὰς
3201 1563 3298 1632 τῆς
3331 1564 3543 1627 νυκτὸς,
3579 1563 3682 1633 φά..

2101 1655 2258 1719 λαξον
2278 1657 2423 1725 ἡμᾶς
2450 1654 2537 1708 διὰ
2560 1654 2655 1707 τοῦ
2676 1652 2914 1725 Χριστοῦ
2947 1670 3062 1719 σου,
3097 1655 3375 1726 εἰρηνικὴν
3402 1655 3681 1725 παράσχου

2103 1748 2200 1818 τὴν
2213 1747 2343 1800 έσπέ
2353 1764 2472 1819 ραν,
2486 1747 2580 1800 καὶ
2592 1746 2690 1816 τὴν
2706 1745 2874 1798 νύκτα
2888 1744 3290 1815 ἀναμάρτητον,
3307 1745 3400 1798 κα)¹
3421 1745 3685 1810 καταξίω-

428 1808 645 1827 κνηη,
675 1808 833 1828 -.-Ίη
860 1808 957 1813 __-_
1390 1808 1418 1822 υ
1564 1808 1572 1813 _
1609 1808 1627 1819 _

425 1857 619 1917 tuum;
646 1864 741 1919 per
769 1863 930 1917 quem
971 1847 1065 1901 tibi
1102 1845 1293 1915 gloria,
1324 1843 1502 1897 honor
1530 1855 1595 1895 ac
1616 1837 1911 1897 veneratio,
1940 1834 1996 1887 in

2105 1808 2191 1893 σον
2213 1808 2364 1911 ἡμᾶς
2377 1808 2475 1910 τῆς
2506 1808 2722 1893 αἰωνίου
2754 1835 2917 1910 ζωῆς,
2939 1808 3029 1890 δια
3056 1808 3148 1890 τοῦ
3166 1808 3416 1909 ’Χριστοῦ
3452 1808 3587 1891 σου-ἠ
3615 1838 3682 1891 δι’

426 1949 630 1994 sancto.
648 1936 876 2007 Spiritu,
906 1938 961 1990 in
985 1936 1203 1992 smeula.
1227 1934 1418 1987 Amen.
1443 1931 1508 1984 Et
1529 1931 1792 1985 diaconus
1813 1927 1992 1981 dicat:

427 2028 689 2083 lnclinate
718 2029 785 2083 ad
824 2042 1084 2081 manuum
1117 2024 1545 2095 impositionem.
1581 2021 1660 2076 Ac
1702 2019 1852 2074 dicat
1881 2016 1997 2086 epi-

428 2136 664 2190 scopus:
712 2118 855 2173 Deus
907 2124 1143 2187 patrum,
1194 2130 1259 2169 ac
1312 2113 1540 2169 Domine
1584 2107 1994 2173 misericordiae,

428 2212 520 2279 qui
553 2209 815 2279 sapientia
854 2218 946 2263 tua
1008 2206 1311 2261 fabricatus
1359 2221 1418 2261 es
1462 2205 1757 2268 hominem,
1794 2201 1996 2256 animal

426 2300 639 2356 ratione
670 2298 979 2369 praeditum,
1012 2297 1248 2351 maxime
1274 2313 1338 2351 ex
1377 2296 1443 2351 iis
1472 2310 1593 2366 qua:
1617 2295 1671 2349 in
1692 2302 1837 2348 terra
1870 2298 1999 2347 sunt

427 2390 653 2444 charum
686 2390 823 2457 Deo;
855 2398 908 2445 et
934 2389 1173 2444 tribuisti
1191 2388 1239 2443 ei
1288 2397 1345 2443 ut
1376 2388 1667 2458 imperaret
1696 2386 1859 2441 rebus
1888 2392 1999 2439 ter-

427 2484 733 2549 restribus;
762 2483 964 2553 quique
991 2484 1270 2537 voluntate
1301 2492 1391 2536 tua
1424 2481 1698 2551 principes
1719 2494 1783 2533 ac
1815 2493 1999 2534 sacer-

427 2575 585 2630 dotes
606 2575 968 2641 constituisti;
994 2574 1115 2630 illos
1136 2574 1353 2645 quidem
1376 2573 1442 2627 ad
1474 2573 1597 2627 vitaa
1621 2571 1996 2638 securitatem;

430 2666 531 2720 hos
556 2681 685 2720 vero
708 2664 775 2719 ad
813 2666 1109 2737 legitimum
1134 2668 1340 2721 cultum
1371 2685 1384 2721 :
1418 2665 1535 2735 ipse
1561 2678 1705 2718 nunc
1726 2665 1888 2717 etiam
1916 2662 2001 2716 in-

428 2754 667 2820 ﬂectere,
720 2754 949 2811 Domine
995 2757 1375 2827 omnipotens,
1432 2763 1486 2811 et
1532 2754 1759 2810 ostende
1806 2753 1999 2808 faciem

428 2853 575 2899 tuam
608 2861 772 2917 super
804 2847 1062 2917 populum
1086 2855 1262 2913 tuum,
1292 2862 1387 2901 eos
1408 2846 1498 2916 qui
1530 2845 1794 2900 cervicem
1819 2845 2001 2899 cordis

430 2938 518 2993 sui
583 2938 975 3006 incurvarunt;
1046 2945 1101 2993 et
1152 2937 1380 2993 benedic
1441 2938 1521 2993 eis
1565 2952 1662 3005 per
1700 2936 1998 2999 Christum,

430 3045 526 3101 per
553 3045 713 3100 quem
746 3031 1031 3086 illustrasti
1068 3045 1169 3085 nos
1195 3029 1400 3085 lumine
1426 3028 1774 3099 cognitionis,
1812 3042 1874 3081 ac
1911 3043 2001 3081 re-

2094 1924 2156 1985 οὗ
2171 1932 2555 2003 σοιδόξα,τιμὴ
2583 1932 2677 1986 καὶ
2700 1929 2883 1996 σέϐας,
2908 1931 2966 1983 ὲν
2992 1929 3131 2000 ἁγίῳ
3153 1929 3265 2001 (54)
3283 1928 3580 2001 Πνεύματι,
3602 1931 3685 1995 εἰς

2094 2025 2221 2088 τοὺς
2240 2023 2459 2086 αἰῶνας.
2503 2024 2558 2075 ’Δ
2567 2024 2693 2094 μήν.
2723 2022 2834 2075 Kal
2853 2024 2881 2075 6
2904 2021 3147 2084 διάκονος
3174 2021 3396 2090 λεγέτω·
3451 2021 3683 2075 Κλίνατε

2095 2118 2162 2186 τῇ
2191 2114 2519 2186 χειροθεσίᾳ.
2582 2115 2690 2167 Καὶ
2718 2116 2746 2167 6
2778 2112 3072 2178 ἐπίσκοπος
3111 2112 3335 2182 λεγέτω’
3388 2112 3487 2165 Θεὲ
3520 2113 3682 2167 πατὲ-

2098 2224 2206 2277 ρων
2235 2208 2370 2279 (55),
2400 2208 2494 2261 καὶ
2526 2206 2699 2279 Κύριε
2738 2206 2831 2259 τοῦ
2865 2206 3068 2271 ἐλέους,
3099 2208 3210 2277 ὀτῇ
3248 2206 3408 2276 σοφίᾳ
3452 2222 3546 2257 σου
3580 2223 3680 2258 κα-

2095 2300 2433 2362 τασκευάσας
2463 2299 2745 2369 ἄνθρωπον
2773 2299 2832 2351 τὸ
2869 2298 3085 2367 λογικὸν
3118 2298 3276 2364 ζῶον,
3330 2298 3390 2350 τὸ
3438 2297 3683 2366 θεοφιλὲς

2094 2390 2204 2443 τῶν
2241 2391 2333 2443 ἐπὶ
2360 2390 2480 2461 γῆς,
2528 2391 2622 2444 καὶ
2651 2390 2775 2453 δοὺς
2807 2389 2954 2460 αὐτῷ
2981 2390 3090 2443 τῶν
3123 2391 3214 2442 ἐπὶ
3243 2390 3342 2461 τῆς
3370 2389 3557 2459 χθονὸς
3590 2390 3684 2460 ἄρ·

2097 2499 2231 2552 χειν,
2266 2482 2360 2535 καὶ
2382 2482 2725 2553 καταστήσας
2756 2480 2948 2552 γνώμῃ
2986 2484 3050 2552 σῇ
3082 2482 3346 2553 ἄρχοντας
3366 2482 3460 2534 καὶ
3495 2484 3678 2554 ἱερεῖς,

2096 2578 2224 2641 τοὺς
2253 2578 2350 2648 μὲν
2377 2577 2513 2648 πρὸς
2544 2575 2839 2645 ἀσφάλειαν
2869 2574 2968 2644 τῆς
2997 2571 3161 2643 ζωῆς,
3188 2572 3315 2635 τοὺς
3332 2572 3387 2625 δὲ
3417 2573 3553 2645 πρὸς
3582 2573 3679 2627 λα-

2097 2668 2283 2741 τρείαν
2330 2668 2573 2740 ἔννομον·
2629 2667 2791 2731 αὐτὸς
2820 2666 2913 2719 καὶ
2953 2664 3046 2718 νῦν
3080 2662 3474 2735 ὲπικάμφθητι,
3507 2665 3683 2736 Κύριε

2100 2762 2497 2832 παντόκρατορ,
2533 2761 2625 2813 καὶ
2647 2760 2907 2829 ἐπίφανον
2933 2757 2994 2809 τὸ
3021 2756 3310 2828 πρόσωπόν
3342 2773 3434 2809 σου
3467 2758 3560 2809 ἐπὶ
3590 2758 3684 2810 τὸν

2099 2852 2225 2906 λαόν
2264 2870 2377 2916 σου,
2434 2852 2559 2914 τοὺς
2597 2851 2922 2921 κάμψαντας
2953 2848 3154 2918 αὐχένα
3201 2847 3430 2919 καρδίας
3476 2847 3682 2916 αὐτῶν,

2101 2945 2196 2997 καὶ
2231 2944 2521 3013 εὐλόγησον
2560 2943 2757 3005 αὐτοὺς
2788 2941 2875 2995 διὰ
2905 2938 3162 3011 Χριστοῦ,
3201 2940 3268 2993 δι’
3307 2935 3368 2992 οῦ
3406 2938 3683 3009 ὲφώτισας

2102 3037 2247 3105 ἡμᾶς
2279 3034 2394 3103 φῶς
2424 3033 2696 3102 γνώσεως,
2726 3034 2820 3087 καὶ
2866 3031 3218 3101 ἀπεκάλυψας
3262 3033 3394 3103 ἡμῖν
3460 3033 3681 3085 σαυτόν-α

429 3123 620 3177 velasti
669 3123 827 3177 nobis
872 3126 1135 3193 teipsum;
1177 3136 1303 3177 cum
1331 3136 1440 3192 quo
1467 3122 1537 3175 ab
1570 3121 1718 3175 omni
1748 3120 1998 3174 rationali

2106 3126 2229 3196 μεθ’
2269 3117 2331 3177 οὗ
2381 3142 2462 3178 σοι
2500 3126 2594 3179 καὶ
2635 3128 2669 3197 ή
2725 3124 2948 3191 ὲπάξιος
2993 3122 3265 3193 ὀφείλεται
3313 3122 3684 3193 προσκύνησις

430 3221 487 3269 et
509 3220 700 3270 sancta
740 3221 936 3269 natura
965 3215 1194 3271 debetur
1220 3216 1319 3271 tibi
1353 3214 1601 3269 adoratio
1626 3215 1914 3285 condigna,
1947 3222 2001 3270 et

432 3303 661 3376 Spiritui
693 3305 1001 3369 Paracleto,
1038 3307 1091 3359 in
1125 3306 1343 3361 saecula.
1387 3305 1580 3360 Amen.
1628 3304 1695 3359 Et
1736 3306 2002 3361 diaconus

429 3395 577 3450 dicat
602 3415 615 3451 :
651 3394 805 3452 Exite
833 3397 887 3451 in
912 3412 1064 3466 pace.
1100 3394 1341 3451 Similem
1365 3396 1420 3450 in
1441 3396 1660 3450 modum
1685 3411 1863 3459 mane,
1892 3396 2003 3450 dia-

430 3499 627 3549 conus,
656 3500 780 3538 cum
816 3485 996 3539 dictus
1028 3484 1190 3540 fuerit
1218 3485 1462 3555 psalmus
1491 3486 1813 3550 matutinus,
1848 3502 2003 3541 cum-

430 3592 538 3647 que
566 3577 681 3647 ipse
727 3576 994 3633 dimiserit
1046 3577 1509 3646 catechumenos,
1568 3594 2001 3652 energumenos,

433 3676 823 3739 competentes,
863 3685 926 3724 ac
968 3670 1316 3741 pmnitentes,
1368 3670 1665 3742 feceritque
1705 3675 2002 3729 solemnem

434 3761 802 3830 precationem
835 3762 938 3833 (ne
992 3764 1187 3818 iterum
1236 3762 1427 3819 eadem
1474 3764 1845 3836 referamus);
1881 3776 2005 3836 post

434 3850 608 3905 illud:
641 3849 809 3907 Serva
838 3868 962 3918 nos,
993 3853 1157 3919 Deus,
1199 3862 1253 3909 et
1293 3857 1499 3910 suscita
1541 3858 1595 3911 in
1640 3860 1814 3927 gratia
1873 3868 2003 3927 tua;

436 3944 729 4015 subjungat
780 3964 791 3999 :
850 3944 1196 4003 Postulemus
1239 3965 1269 4001 a
1327 3948 1555 4004 Domino
1602 3952 2005 4007 misericordias

435 4035 555 4107 ejus
586 4044 748 4107 atque
796 4038 1199 4102 miserationes,
1239 4040 1343 4095 hoc
1380 4042 1707 4096 matutinum
1755 4051 1808 4097 et
1860 4044 2006 4097 hunc

436 4124 601 4191 diem,
641 4135 1006 4198 cunctumque
1044 4132 1499 4200 peregrinationis
1542 4144 1744 4190 nostra:
1791 4142 2005 4205 tempus

438 4224 691 4285 pacatum
718 4232 781 4270 ac
812 4229 1034 4287 peccato
1068 4234 1321 4281 vacuum,
1359 4223 1609 4293 angelum
1632 4226 1749 4294 paci
1788 4240 2004 4295 praepo-

439 4307 624 4371 situm,
660 4308 819 4363 finem
844 4309 966 4363 vita:
997 4309 1389 4375 Christianum,
1422 4312 1589 4371 Deum
1621 4317 1914 4385 propitium
1952 4327 2005 4373 et

439 4398 778 4457 clementem.
810 4400 919 4457 Nos
953 4402 1120 4473 ipsos,
1157 4414 1211 4457 ot
1236 4418 1441 4470 mutuo,
1484 4408 1684 4463 viventi
1720 4408 1829 4465 Deo
1858 4427 2006 4465 com-

533 4580 578 4613 ⁸⁸
615 4580 759 4637 Psal.
787 4595 979 4646 Lxxui,
1014 4580 1101 4635 16.

982 4701 1003 4731 \

1732 4738 2087 4793 VARIORUM

514 4916 626 4989 (51)
662 4915 778 4989 "at?

2101 3216 2251 3289 παρὰ
2282 3218 2461 3288 πάσης
2480 3217 2701 3287 λογικῆς
2725 3218 2819 3269 καὶ
2840 3215 2998 3285 ἁγίας
3024 3215 3255 3284 φύσεως,
3283 3216 3375 3268 καὶ
3404 3212 3685 3284 Πνεύματι

2099 3313 2177 3383 τῷ
2210 3311 2570 3382 Παρακλὴτῳ,
2605 3314 2685 3372 εἰς
2713 3309 2840 3372 τοὺς
2868 3308 3089 3371 αἰῶνας.
3138 3306 3327 3378 Ἀμήν.
3361 3307 3468 3359 Kal
3495 3308 3523 3358 6
3558 3305 3680 3358 διά-

2102 3421 2255 3466 κονος
2304 3402 2527 3471 λεγέτω·
2589 3400 2882 3473 Προέλθετε
2932 3402 2988 3453 ὲν
3036 3400 3245 3470 εἰρήνῃ.
3287 3396 3556 3459 Ὡσαύτως
3582 3396 3679 3468 δρ-

2102 3496 2253 3567 θρου,
2284 3498 2313 3549 6
2343 3495 2608 3560 διάκονος,
2647 3494 2785 3565 μετὰ
2817 3495 2879 3547 τὸ
2915 3492 3144 3565 ῥηθῆναι
3168 3492 3259 3545 τὸν
3292 3489 3556 3561 ὀρθρινὸν,
3586 3490 3682 3544 καὶ

2101 3588 2367 3644 ἀπολῦσαι
2387 3588 2550 3641 αὐτὸν
2571 3589 2696 3650 τοὺς
2722 3586 3180 3657 κατηχουμένους,
3225 3584 3321 3637 καί
3351 3582 3680 3653 χειμαζομέ-

2101 3698 2245 3747 νους,
2269 3681 2364 3735 καὶ
2399 3679 2841 3749 βαπτιζομένους,
2875 3678 3122 3739 καὶτοὺς
3160 3677 3217 3728 ὲν
3258 3674 3535 3745 μτανοία,
3583 3672 3681 3727 καὶ

2100 3772 2199 3843 τὴν
2245 3771 2593 3841 ὀφειλομένην
2651 3768 2974 3841 ποιήσασθαι
3021 3765 3424 3839 προσφώνησιν,
3469 3765 3555 3817 ἵνα
3602 3766 3676 3834 μὴ

2103 3865 2263 3917 πάλιν
2290 3864 2535 3933 λέγωμεν
2565 3862 2633 3914 τὰ
2661 3861 2818 3925 αὐτὰ,
2849 3861 3153 3931 ὲπιφερέτω
3203 3857 3339 3928 μετὰ
3379 3857 3460 3910 τό·
3500 3857 3679 3910 Σῶσον

2104 3956 2301 4019 αὐτοὺς
2326 3958 2354 4008 ὁ
2381 3955 2529 4019 Θεὸς,
2566 3956 2659 4007 καὶ
2691 3953 2992 4023 ὰνὰστησον
3024 3954 3081 4004 ὲν
3113 3954 3178 4022 τῇ
3216 3950 3398 4021 χάριτί
3428 3966 3541 4001 σοιν
3590 3950 3677 4001 Αἰ-

2104 4046 2396 4118 τησώμεθα
2430 4046 2539 4117 (56)
2573 4045 2721 4117 παρὰ
2755 4044 2959 4115 Κυρίου
2990 4043 3056 4096 τὰ
3088 4043 3209 4113 ὲλέη
3240 4042 3403 4096 αὐτοῦ
3432 4034 3523 4096 καὶ
3551 4042 3677 4103 τοὺς

2104 4140 2438 4209 οἰκτιρμούς,
2480 4138 2569 4191 τὸν
2609 4138 2804 4209 ὅρθρον
2840 4135 3028 4189 τοῦτον
3073 4137 3165 4189 καὶ
3205 4136 3303 4207 τὴν
3336 4136 3565 4206 ἡμέραν,
3601 4136 3678 4187 εἰ-

2110 4231 2332 4301 ρηνικὴν
2362 4232 2455 4283 καὶ
2486 4230 2889 4300 ἀναμάρτητον,
2922 4229 3017 4282 καὶ
3047 4229 3224 4282 πάντα
3251 4230 3341 4282 τὸν
3368 4230 3554 4301 χρόνον
3578 4229 3678 4298 τῆς

2106 4321 2509 4392 παρεπιδημεας
2543 4323 2574 4390 ἡ
2584 4321 2718 4391 μῶν,
2743 4321 2831 4372 τὸν
2852 4320 3077 4389 ἄγγελον
3095 4320 3184 4373 τὸν
3206 4322 3299 4373 ἐπὶ
3314 4322 3410 4390 τῆς
3433 4321 3674 4392 εἰρήνης,

2107 4414 2391 4486 χριστιανὰ
2424 4413 2491 4466 τὰ
2522 4415 2670 4483 τέλη,
2702 4413 2858 4465 ἵλεων
2890 4413 2983 4467 καὶ
3015 4412 3213 4482 εὐμενῆ
3248 4411 3339 4465 τὸν
3368 4413 3513 4464 Θεὸν·
3553 4413 3677 4465 ἐαυ-

2146 4740 2372 4796 NOTAE.

807 4914 875 4969 δὲ
888 4912 1151 4990 ξξᾴντῳν.
1190 4911 1315 4990 "me
1340 4912 1751 4990 verba_or_ni_ssa-
1776 4926 1904 4968 sunt
1932 4914 2009 4990 Ain

2118 4914 2260 4979 λεύς,
2291 4927 2350 4990 ut
2377 4922 2535 4990 antea
2552 4917 2981 4982 observavimus,
3009 4919 3073 4972 ad
3098 4918 3191 4990 lib.
3221 4936 3297 4983 vt,
3322 4935 3372 4976 c.
3408 4921 3493 4983 ll,
3519 4925 3678 4990 quasi

439 4982 615 5044 altero
650 4982 843 5041 codice
888 4982 1321 5065 Vindobonensi,
1348 4982 1519 5065 .quod
1566 4983 1890 5065 Arianismo
1929 4982 2010 5065 fa-
2113 5002 2242 5065 vero
2272 4987 2539 5065 ejusmodi
2564 4990 2787 5065 vocibus
2817 5004 2910 5065 res
2932 4989 3313 5061 ἀκατάληπτος
3342 4982 3551 5065 clarior'
3584 4996 3679 5048 tie-

441 5067 638 5122 veant;
671 5070 797 5131 nam
840 5071 907 5111 ex
956 5055 1225 5131 sententia
1270 5051 1618 5131 Arianorum,
1666 5051 1808 5107 Deus
1850 5052 2013 5109 Pater
2112 5051 2326 5131 retlgAt
2355 5066 2561 5131 quanto
2589 5060 2782 5113 melius
2838 5057 3033 5131 fuisset
3080 5051 3186 5113 una
3215 5051 3337 5113 cum
3391 5058 3677 5131 Scriptura

442 5139 566 5185 ante
589 5128 830 5181 omnium
866 5126 1219 5185 creationem,
1252 5140 1316 5178 ac
1344 5123 1569 5193 proinde
1606 5132 1891 5193 antequam
1915 5142 2008 5179 es-

442 5212 525 5257 set
564 5209 760 5253 natura
791 5198 1027 5251 humana
1069 5194 1293 5253 Christi.
1335 5204 1452 5249 erat
1474 5193 1615 5248 Deus
1642 5194 1762 5262 ejus
1801 5202 2009 5250 natura:

441 5272 671 5333 divinze;
700 5284 823 5321 cum
853 5283 918 5322 ex
944 5268 1209 5320 sententia
1232 5264 1459 5319 Nicatna:
1480 5263 1669 5334 synodi
1702 5266 1769 5319 sit
1800 5275 2006 5318 tantum

442 5342 587 5397 Deus
608 5338 771 5394 Pater
791 5338 1265 5392 humauamaturae
1298 5335 1457 5398 Deus,
1490 5350 1613 5389 cum
1638 5334 1711 5388 sit
1740 5336 1788 5389 ei
1815 5334 2004 5399 Filius,

443 5411 742 5469 secundum
774 5408 1016 5463 divinam
1038 5407 1341 5476 ὁμοοὺσιος,
1378 5407 1481 5460 hoc
1511 5413 1594 5460 est
1620 5421 1736 5474 par.
1772 5405 1938 5460 Cum.

514 5481 627 5553 (52)
650 5480 740 5553 _:0
778 5479 882 5553 τοῦ
917 5475 1264 5553 *Πνεῦματος
1290 5478 1524 5553 Κύριος.
1555 5475 1881 5553 Αῡιινὶςδὶωδ
1924 5476 2005 5528 lo-

443 5546 620 5613 cutio,
650 5548 1207 5605 Macedonianismum
1248 5548 1515 5603 redolens.
1547 5546 1684 5600 Cor.

516 5623 626 5692 (53)
666 5623 898 5692 Κύρζος.
956 5618 1052 5671 Est
1100 5618 1153 5692 in
1199 5618 1370 5692 altero
1409 5616 1531 5671 cod.
1581 5613 2005 5692 Viudobonensi,

443 5685 764 5763 προὸολεπξ
796 5688 966 5763 Filius
1010 5698 1070 5763 et_
1102 5685 1359 5763 Spiritus
1406 5694 1630 5763 sanctus
1671 5687 2008 5763 dicuntur‘a

446 5753 635 5818 multis
672 5760 883 5830 Πατρὸς
934 5753 1210 5827 προϋολαί,
1262 5757 1379 5826 ipse
1422 5770 1550 5810 vero
1582 5756 1770 5827 Πατὴρ
1820 5753 2010 5825 προϐο-

2112 5127 2281 5201 l_oqui,
2306 5128 2508 5182 omissa
2532 5131 2679 5183 omni
2707 5129 3037 5199 καινολογίᾳ,
3072 5146 3193 5201 qua:
3227 5127 3532 5200 periculosa
3558 5137 3678 5188 est!

2111 5198 2294 5339 CL(Ili?)
2347 5270 2442 5321 Ἐν
2470 5268 2634 5338 ἁγίῳ.
2680 5268 2828 5323 Alter
2868 5269 3037 5325 codex
3068 5269 3230 5325 habet
3266 5272 3360 5324 σὺν
3392 5270 3545 5337 ἀγίω.
3584 5272 3678 5327 Sic

2112 5341 2314 5408 passim
2347 5348 2554 5393 mutata
2580 5345 2664 5395 est
2684 5339 2977 5408 δοξολογία,
3004 5355 3072 5394 ne
3099 5341 3148 5395 ei
3178 5342 3518 5398 Arianismus
3552 5344 3681 5398 sub—

2102 5409 2437 5549 esigiliiﬂnésé
2470 5480 2756 5549 πατέρων.
2786 5478 3027 5534 Vocatur
3057 5480 3171 5535 haec
3210 5481 3481 5535 invocatio
3510 5484 3563 5535 in
3596 5486 3673 5538 al-

2106 5554 2228 5622 tero»
2245 5551 2376 5622 _cod.
2407 5550 2793 5622 προσφώνησις
2800 5550 3043 5622 ρρθριος.
3081 5552 3152 5604 In.

2177 5619 2288 5690 (56)
2314 5618 2725 5690 rAltﬂO’dtjue0d.
2773 5618 3048 5676 Vocantur
3082 5621 3195 5676 haec
3234 5621 3289 5676 in
3331 5622 3523 5678 eodem
3551 5631 3683 5679 cod.

2109 5689 2489 5761 προσφώνησις
2511 5690 2743 5761 ὄρθριος.
2787 5691 2864 5745 lo.
