4048 6262
373 282 508 337 ΗΜ

1220 252 1815 319 CONSTI'IUTIONES
1852 242 2326 305 APOSTOLICAE.
2365 273 2433 282 —
2478 239 2609 294 LIB.
2641 237 2777 292 VIII.

3492 228 3630 285 1142

366 403 492 463 τοὺς
521 395 615 451 καί
645 390 903 464 ἀλλήλους
934 385 1010 456 τῷ
1036 383 1200 448 ζῶντι
1219 377 1335 448 Θεῷ
1367 374 1454 429 διὰ
1485 372 1578 426 τοῦ
1616 366 1951 437 Μονογενοῦς
1979 383 1996 428 λ

2076 361 2371 416 ucndemus
2435 374 2531 427 per
2599 351 2947 424 Unigcnitum
3015 351 3154 421 ejus.
3207 348 3286 403 Ac
3339 348 3629 418 cpiscopus

367 491 531 548 αὐτοῦ
564 480 956 553 πασαθώμεθα.
1008 476 1118 529 Καὶ
1156 475 1183 526 6
1221 471 1517 530 ἐπίσκοπος
1565 461 1947 531 ἐπευχόμενος,

367 584 591 654 λεγέτωο

876 656 1274 715 ΚΕΦΑΛΑΙΟΝ
1314 654 1446 708 AII'.

833 757 918 811 Εὐ
924 751 1205 822 χαριστιά
1237 744 1501 816 ὀρθρινή.

455 858 511 909 Ὀ
567 853 703 914 Θεὸς
742 851 770 903 6
807 847 917 900 τῶν
949 841 1271 913 πνευμάτων
1305 839 1400 892 καί
1447 836 1628 906 πάσης
1674 833 1893 905 σαρκὸς,
1927 834 1955 885 6

369 945 695 1016 ἀσύγκριτος
719 942 811 1003 καὶ
839 937 1157 1010 ἀπροσδεὴς,
1190 936 1218 987 6
1248 932 1372 994 δοὺς
1400 930 1490 983 τὸν
1515 928 1664 999 ἥλιον
1698 929 1778 990 εἰς
1808 924 1957 989 ἐξου-

374 1038 491 1091 σίαν
518 1037 615 1104 τῆς
648 1034 881 1105 ἡμέρας,
912 1029 1010 1093 τὴν
1042 1026 1100 1080 δὲ
1152 1023 1380 1095 σελήνην
1424 1020 1519 1073 καὶ
1558 1018 1626 1071 τὰ
1666 1018 1841 1088 ἄστρα
1877 1017 1957 1077 εἰς

374 1127 618 1193 ἐξουσίαν
644 1127 744 1195 τῆς
784 1120 994 1183 νυκτός·
1051 1116 1209 1180 αὐτὸς
1237 1116 1329 1167 καὶ
1363 1113 1457 1165 νῦν
1490 1110 1638 1163 ἔπιδε
1680 1110 1770 1177 ἐφ’
1811 1107 1956 1178 ἡμᾶς

373 1219 653 1291 εὐμενέσιν
717 1215 1033 1285 ὀφθαλμοῖς,
1090 1211 1182 1263 καί
1247 1205 1535 1279 πρόσδεξαι
1578 1204 1677 1267 τὰς
1734 1201 1958 1264 ἑωθινὰς

375 1312 536 1388 ἡμῶν
558 1306 923 1380 εὐχαριστίας,
965 1304 1058 1357 καὶ
1091 1300 1307 1370 ἐλέησον
1340 1300 1503 1369 ἡμᾶς·
1553 1296 1614 1349 οὐ
1645 1294 1753 1365 γὰρ
1778 1293 1957 1347 διεπε-

373 1386 619 1474 τᾶσαμεν
649 1401 748 1463 τὰς
778 1402 965 1469 χεῖρας
1007 1394 1162 1466 ἡμῶν
1204 1391 1339 1464 πρὸς
1385 1390 1502 1445 θεὸν
1549 1387 1843 1459 ἀλλότριον·
1896 1386 1957 1439 οὐ

375 1496 485 1567 γάρ
507 1498 651 1547 ἐστιν
682 1493 741 1545 ὲν
770 1493 901 1561 ἡμῖν
950 1488 1069 1551 θεὸς
1106 1485 1435 1558 πρόσφατος,
1483 1480 1617 1534 ἀλλὰ
1662 1481 1724 1533 σὺ
1764 1480 1792 1531 6
1832 1475 1960 1530 αἰώ-

377 1605 488 1651 νιος
525 1587 618 1645 καὶ
645 1582 1016 1653 ἁτελεύτητος.
1080 1579 1136 1632 '0
1168 1578 1229 1630 τὸ
1265 1571 1403 1629 εἶναι
1433 1574 1564 1644 ἡμῖν
1608 1571 1697 1626 διὰ
1722 1567 1960 1642 Χριστοῦ

379 1679 808 1751 παρασχόμενος,
844 1675 939 1729 καί
968 1672 1030 1726 τὸ
1058 1668 1117 1725 εὖ
1162 1666 1297 1723 εἶναι
1333 1668 1399 1721 δι’
1435 1665 1598 1721 αὐτοῦ
1640 1663 1960 1737 δωρησάμε-

378 1749 485 1837 νος·
541 1749 702 1835 αὐτὸς
730 1770 876 1841 ἡμᾶς
904 1766 970 1819 δι’
1002 1764 1166 1818 αὐτοῦ
1198 1760 1530 1827 καταξίωσον
1566 1759 1657 1811 καί
1701 1757 1797 1828 τῆς
1839 1758 1960 1809 αἰω-
1990 1749 2033 1805 Β

380 1868 491 1921 νίου
536 1864 696 1937 ζωῆς·
745 1861 870 1935 μεθ)
907 1851 969 1912 οὐ
1018 1875 1099 1911 σοι
1138 1855 1283 1923 δόξα,
1335 1854 1428 1907 καί
1458 1851 1611 1922 τιμὴ,
1644 1850 1737 1902 καὶ
1774 1847 1956 1913 σέϐας,

382 1959 568 2031 καὶτῷ
601 1958 741 2027 ἁγίῳ
774 1953 1071 2024 Πνεῦματι,
1104 1952 1179 2013 εἰς
1214 1951 1340 2013 τοὺς
1369 1946 1587 2008 αἰῶνας.
1635 1942 1824 2014 Ἀμήν.
1853 1941 1963 1993 Καὶ

381 2058 409 2107 ὁ
458 2054 703 2114 διάκονος
747 2048 968 2117 λεγέτω·
1022 2044 1255 2098 Κλίνατε
1299 2043 1369 2113 τῇ
1412 2035 1740 2110 χειροθεσίᾳ.

384 2149 677 2209 ἐπίσκοπος
716 2139 1050 2212 ὲπευχέσθω,
1080 2138 1273 2205 λέγων·

895 2228 1289 2287 ΚΕΦΑΛΑΙΟΝ
1329 2226 1431 2281 AG’
1439 2264 1451 2278 .

845 2322 1193 2393 Χειροθεσία
1229 2316 1490 2388 ὀρθρινὴ.

467 2424 525 2478 '0
547 2422 679 2487 Θεὸς
704 2423 731 2476 6
765 2419 955 2481 πιστὸς
982 2418 1076 2471 καὶ
1116 2411 1389 2485 ἀληθινὸς,
1425 2413 1453 2464 ὁ
1503 2408 1670 2463 ποιῶν
1710 2406 1853 2469 ἔλεος
1888 2406 1968 2468 εἰς

386 2516 626 2589 χιλιάδας
656 2514 749 2567 καί
777 2510 1042 2584 μυριάδας
1067 2510 1179 2571 τοῖς
1218 2504 1469 2575 ἀγαπῶσί
1500 2521 1580 2570 σε,
1626 2505 1653 2556 6
1694 2501 1843 2571 φίλος
1874 2517 1969 2554 τα-

387 2609 605 2675 πεινῶν,
636 2606 731 2661 καί
764 2604 1011 2675 πενήτων
1047 2600 1379 2673 προστάτης,
1420 2592 1481 2650 οὐ
1515 2596 1690 2649 πάντα
1723 2595 1779 2646 ὲν
1811 2592 1968 2664 χρεία

388 2702 743 2772 καθέστηκεν,
778 2699 859 2753 ὅτι
888 2694 958 2748 τὰ
989 2694 1279 2764 σύμπαντα
1324 2689 1486 2743 δοῦλα
1533 2704 1644 2741 σου·
1692 2685 1841 2738 ἔπιδε
1877 2684 1969 2737 τὸν

388 2794 513 2848 λαόν
565 2809 655 2846 σου
708 2789 915 2855 τοῦτον,
960 2788 1087 2850 τοὺς
1123 2784 1440 2847 κεκλικότας
1486 2800 1569 2835 σοι
1616 2780 1715 2845 τὰς
1762 2779 1968 2833 ἑαυτῶν

392 2884 650 2955 κεφαλὰς,
690 2884 783 2937 καί⁸
820 2881 1111 2950 εὐλόγησον
1148 2878 1344 2940 αὐτοὺς
1387 2874 1634 2944 εὐλογίαν
1671 2888 1970 2943 πνευματι-

392 2980 515 3048 κὴν,
542 2975 773 3047 φύλαξον
794 2974 991 3037 αὐτοὺς
1020 2972 1095 3035 ὡς
1124 2970 1293 3041 κόρην
1321 2967 1618 3039 ὀφθαλμοῦ,
1647 2965 1970 3036 διατήρησον

391 3072 586 3134 αὐτοὺς
625 3072 682 3122 ὲν
715 3066 965 3135 εὐσεϐείᾳ
1008 3065 1100 3118 καί
1126 3061 1458 3132 δικαιοσύνῃ,
1503 3059 1597 3113 καὶ
1637 3056 1969 3123 καταξίωσον

393 3167 588 3228 αὐτοὺς
612 3164 711 3233 τῆς
739 3159 954 3215 αἰωνίου
983 3156 1147 3228 ζωῆς,
1182 3155 1240 3208 ὲν
1272 3151 1492 3226 Χριστῷ
1538 3149 1712 3222 Ἰησοῦ
1744 3148 1820 3219 τῷ
1847 3150 1977 3219 ἠγα-

392 3261 623 3332 πημένῳ
656 3274 746 3309 σου
787 3254 957 3308 παιδί·
1021 3251 1148 3323 μεθ’
1181 3244 1241 3303 οὗ
1274 3265 1355 3301 σοι
1385 3246 1531 3312 δόξα,
1579 3244 1712 3315 τιμὴ
1759 3243 1853 3296 καί
1890 3241 1977 3295 σέ-

393 3350 515 3419 ϐας,
556 3351 649 3404 καὶ
702 3347 780 3419 τῷ
821 3345 961 3417 ἁγίῳ
993 3342 1293 3413 Πνεύματι,
1340 3338 1456 3405 νῦν,
1494 3337 1588 3391 καὶ
1630 3337 1738 3403 ἀεὶ,
1771 3335 1866 3388 καί
1899 3334 1979 3397 εἰς

394 3446 519 3507 τοὺς
550 3440 750 3503 αἰῶνας
781 3438 888 3492 τῶν
930 3434 1158 3491 αἰώνων.
1208 3433 1397 3503 Ἀμήν.
1432 3431 1543 3484 Καὶ
1570 3432 1598 3482 6
1624 3428 1865 3490 διάκονος
1893 3425 1980 3478 λε-

396 3536 556 3604 γέτωο
610 3530 902 3603 Προέλθετε
943 3530 1001 3582 ἐν
1030 3527 1240 3598 εἰρήνῃ.
1289 3523 1411 3576 Ἐπὶ
1440 3523 1497 3575 δὲ
1530 3524 1648 3583 ταῖς
1679 3534 1981 3590 προσφερο-

403 3628 590 3697 μέναις
615 3625 906 3694 ἀπαρχαῖς,
932 3621 1102 3682 οὕτως
1133 3617 1446 3688 εὐχαριστεῖ
1471 3617 1498 3669 6
1527 3613 1845 3675 ἐπίσκοπος.

1796 2035 1907 2088 Καὶ
1935 2036 1963 2086 6

929 3708 1322 3768 ΚΕΦΑΛΑΙΟΝ
1354 3709 1443 3762 Μ’.

788 3808 1133 3873 Ἐπίκλησις
1155 3803 1255 3857 ἐπὶ
1283 3788 1591 3869 ἀπαρχῶν.

472 3900 912 3975 Εὐχαριστοῦμέν
934 3917 1039 3962 σοι,
1064 3896 1236 3967 Κύριε
1257 3893 1655 3964 παντὸκρατορ,
1685 3887 1982 3961 δημιουργὲ

403 3999 509 4052 τῶν
532 3997 665 4051 ὅλων
686 3996 786 4067 ,καὶ
812 3990 1103 4064 προνοητὰ,
1133 3986 1222 4041 διὰ
1247 3986 1342 4039 τοῦ
1378 3981 1701 4057 μονογενοῦς
1730 3999 1822 4033 σου
1859 3982 1984 4033 Παι-

403 4092 492 4155 δὸς
527 4087 701 4160 Ἰησοῦ
722 4083 957 4158 Χριστοῦ
987 4081 1080 4135 τοῦ
1103 4079 1309 4151 Κυρίου
1331 4078 1509 4149 ἡμῶν,
1532 4076 1624 4128 ἐπὶ
1645 4077 1765 4137 ταῖς
1787 4088 1985 4143 προσε-

406 4181 708 4255 νεχθείσαις
732 4196 813 4231 σοι
859 4177 1154 4247 ἀπαρχαῖς,
1201 4174 1299 4242 οὐχ
1342 4172 1466 4223 ὅσον
1516 4166 1822 4236 ὀφείλομεν,
1870 4161 1982 4216 ἀλλ’

407 4278 528 4331 ὅσον
558 4271 849 4343 δυνάμεθα.
881 4268 975 4332 Τίς
1003 4266 1110 4337 γὰρ
1146 4262 1447 4335 ἀνθρώπων
1484 4258 1723 4323 ἐπαξίως
1760 4257 1983 4327 εὐχαρι-

411 4366 602 4439 στῆσαί
630 4382 710 4417 σοι
733 4362 973 4425 δύναται,
999 4358 1139 4429 ὑπὲρ
1157 4350 1230 4411 ὧν
1252 4356 1490 4417 δέδωκας
1520 4353 1701 4413 αὐτοῖς
1722 4351 1802 4412 εἰς
1825 4347 1987 4420 μετά-

410 4459 603 4531 ληψιν;
641 4460 669 4511 6
717 4454 850 4518 Θεὸς
912 4450 1183 4524 Ἀϐραὰμ,

413 4553 506 4606 καί
527 4551 743 4605 πάντων
778 4547 888 4601 τῶν
935 4545 1122 4613 ἁγίων·
1154 4545 1182 4597 6
1231 4540 1410 4594 πάντα
1454 4535 1873 4606 τελεσφορήσας,
1904 4532 1992 4585 διὰ

412 4644 507 4697 τοῦ
533 4644 704 4713 Λόγου
738 4659 853 4706 σου,
884 4640 979 4694 καὶ
1005 4636 1268 4698 κελεύσας
1297 4636 1365 4705 τῇ
1388 4633 1456 4702 γῇ
1489 4626 1867 4689 παντοδαποὺς
1895 4626 1990 4677 ὲκ-

417 4736 839 4808 φῦσαικαρποὺς
858 4736 939 4797 εἰς
957 4732 1157 4802 εὐφροσ
1170 4728 1299 4807 ὐνην
1322 4724 1414 4779 καί
1431 4718 1941 4796 τροφὴνήμετέρανέ
1964 4719 2007 4777 ὁ,

416 4804 539 4893 δοὺς
567 4804 683 4892 τοῖς.
702 4826 1056 4897 νωθεστέροις
1082 4822 1175 4876 καὶ
1200 4804 1504 4891 βληχῶδεσι
1543 4812 1721 4885 χειλὸν
1742 4852 1759 4879 ,
1830 4808 1992 4881 χλοη-

420 4923 611 4991 φάγοις
638 4920 819 4990 χλόην,
848 4919 942 4971 καί
970 4920 1082 4980 τοῖς
1117 4912 1218 4987 μὲν
1250 4910 1386 4983 κρέα
1413 4948 1428 4973 ,
1459 4909 1572 4970 τοῖς
1599 4904 1658 4958 δὲ
1686 4902 1993 4975 σπέρματα,

420 5014 549 5084 ἡμῖν
572 5012 629 5065 δὲ
663 5014 804 5063 σῖτον
827 5010 962 5081 πρὸς
993 5008 1199 5081 τροφὴν
1228 5004 1535 5077 πρόσφορον
1582 4996 1678 5051 καί
1724 4992 1996 5062 κατάλλη-

421 5082 531 5168 λον,
562 5103 656 5156 καί
682 5101 843 5171 ἕτερα
867 5101 1118 5172 διάφορα,
1158 5097 1228 5151 τὰ
1266 5096 1365 5168 μὲν
1404 5091 1540 5165 πρὸς
1590 5089 1805 5161 χρῆσιν,
1837 5083 1905 5137 τὰ
1940 5082 1998 5145 δὲ

425 5193 561 5265 πρὸς
588 5170 830 5261 ὑγίειαν,
856 5191 925 5245 τὰ
954 5192 1008 5245 δὲ
1035 5170 1179 5263 πρὸς
1224 5186 1434 5259 τέρψιν.
1486 5182 1610 5236 Ἑπί
1664 5179 1872 5240 τούτοις
1904 5170 1999 5228 οὖν

428 5286 625 5341 ἅπασιν
658 5287 1034 5359 ὐπερύμνητος
1064 5285 1177 5356 (5⁸7)
1200 5281 1499 5353 ὑπάρχεις,
1541 5275 1640 5347 τῆς
1681 5274 1762 5337 εἰς
1794 5270 2002 5333 πάντας

504 5451 551 5485 ⁸⁸
584 5448 731 5505 Psal.
764 5461 929 5509 uxr,
961 5444 1047 5498 10.

2057 471 2243 517 orans.
2277 452 2419 507 dicat
2450 470 2461 503 :

2560 631 2788 689 CAPUT
2828 626 3112 684 XXXVIII.

2460 726 2765 779 Gratiarum
2791 724 2927 776 actio
2958 720 3241 775 matutina.

2127 821 2425 893 Spirituum
2462 828 2517 874 et
2544 816 2725 872 omnis
2760 814 2943 870 carnis
2975 812 3140 877 Deus,
3184 806 3631 879 incomparabilis

2056 930 2120 969 ac
2155 914 2358 969 nullius
2387 911 2465 966 rei
2494 909 2740 981 indigus;
2768 907 2860 979 qui
2889 903 3087 961 dedisti
3127 902 3318 965 solem,
3345 907 3403 954 ut
3440 914 3632 971 praees-

2055 1018 2138 1065 set
2162 1007 2306 1073 diei;
2352 1007 2535 1060 lunam
2566 1018 2695 1057 vero
2735 1009 2791 1056 et
2821 998 3028 1063 stellas,
3059 1003 3119 1050 ut
3140 1000 3439 1065 praeessent
3461 991 3631 1057 nocti,

2057 1100 2174 1169 ipse
2202 1106 2254 1154 et
2286 1112 2431 1152 nunc
2457 1094 2667 1165 respice
2700 1106 2867 1162 super
2890 1105 2992 1145 nos
3018 1087 3195 1143 oculis
3223 1082 3539 1148 benevolis;
3569 1094 3635 1135 ac

2057 1190 2275 1260 suscipe
2303 1187 2598 1242 matutinas
2640 1192 2863 1239 nostras
2904 1180 3204 1250 gratiarum
3252 1175 3531 1249 actiones;
3579 1178 3637 1225 ct

2056 1286 2315 1342 miserere
2337 1281 2513 1337 nostri
2546 1298 2557 1334 :
2604 1294 2715 1333 non
2739 1276 2884 1332 enim
2914 1272 3272 1345 expandimus
3307 1283 3501 1355 manus
3530 1279 3634 1319 no-

2062 1378 2205 1428 stras
2234 1376 2299 1424 ad
2324 1368 2482 1423 deum
2511 1368 2747 1421 alienum
2772 1382 2785 1430 ;
2824 1361 3092 1434 siquidem
3122 1375 3229 1413 non
3270 1354 3353 1413 est
3385 1359 3439 1410 in
3474 1354 3631 1407 nobis

2064 1468 2198 1525 deus
2224 1479 2414 1520 recens
2439 1462 2504 1529 ⁸⁸,
2537 1459 2631 1516 scd
2666 1467 2723 1513 tu
2769 1466 3005 1513 aeternus
3034 1468 3097 1508 ac
3143 1449 3489 1506 immortalis.
3527 1444 3631 1512 Qui

2066 1559 2226 1615 nobis
2270 1572 2363 1627 per
2392 1554 2667 1609 Christum
2708 1545 2985 1621 praebuisti
3028 1554 3089 1600 ut
3131 1557 3401 1604 essemus,
3436 1539 3638 1609 quippe
3718 1530 3721 1543 ¹

2068 1668 2165 1724 per
2213 1649 2461 1707 eumdem
2514 1645 2726 1701 donasti
2771 1652 2831 1697 ut
2874 1642 3009 1696 bene
3056 1651 3332 1700 essemus;
3385 1636 3501 1702 ipse
3536 1644 3636 1683 nos

2070 1759 2165 1815 per
2196 1757 2321 1797 eum
2347 1740 2572 1809 dignare
2604 1746 2803 1790 acterna
2839 1734 2971 1797 vita,
3004 1744 3128 1784 cum
3153 1741 3261 1797 quo
3307 1723 3404 1779 tibi
3444 1719 3638 1791 gloria,

2064 1836 2261 1897 honor,
2305 1827 2606 1889 veneratio,
2660 1832 2714 1878 et
2756 1827 2947 1876 sancto
3007 1814 3271 1887 Spiritui,
3308 1812 3364 1867 in
3414 1807 3635 1865 saecula.

2061 1927 2254 1981 Amen.
2292 1921 2428 1976 Tum
2459 1918 2722 1972 diaconus
2757 1912 2906 1969 dicat
2937 1929 2952 1968 :
3005 1909 3269 1964 Inclinate
3316 1904 3384 1959 ad
3441 1915 3659 1957 manus

2065 2016 2490 2088 impositionem.
2516 2011 2594 2065 Ac
2616 2008 2909 2079 episcopus
2942 2012 3082 2067 oret,
3110 2000 3195 2071 his
3233 1998 3419 2053 verbis
3446 2015 3460 2051 :

2596 2185 2826 2246 CAPUT
2863 2180 3105 2239 XXXIX.

2440 2284 2715 2355 Impositio
2748 2294 2937 2334 manus
2970 2272 3251 2353 matutina.

2140 2382 2283 2437 Deus
2307 2379 2479 2434 ﬁdelis
2510 2384 2563 2431 et
2593 2388 2755 2430 verax
2783 2372 2827 2403 ⁸⁷
2853 2409 2868 2435 ,
2908 2368 2999 2438 qui
3033 2364 3169 2419 facis
3204 2355 3643 2416 misericordiam

2070 2480 2124 2533 in
2157 2475 2345 2539 millia,
2383 2478 2436 2527 et
2475 2469 2615 2524 dena
2660 2464 2851 2525 millia,
2902 2456 3260 2528 diligentibus
3300 2459 3387 2516 te;
3432 2447 3643 2502 amicus

2069 2569 2380 2629 humilium,
2436 2568 2493 2618 et
2540 2570 2839 2631 pauperum
2878 2549 3168 2611 defensor;
3219 2558 3330 2615 quo
3388 2540 3644 2596 universa

2070 2677 2210 2733 opus
2232 2658 2450 2719 habent,
2482 2642 2609 2725 qum
2628 2656 2826 2705 cuncta
2852 2643 2949 2699 tibi
2975 2656 3132 2699 serva
3165 2644 3294 2694 sunt
3318 2655 3329 2691 :
3354 2632 3568 2704 respice
3590 2630 3646 2684 in

2072 2721 2331 2828 populum
2363 2721 2516 2804 tuum
2552 2746 2720 2807 hunc,
2769 2741 2824 2795 in
2870 2739 2972 2793 hos
3013 2734 3105 2805 qui
3152 2730 3491 2786 inclinarunt
3547 2721 3647 2776 tibi

2077 2817 2256 2912 capita
2302 2846 2495 2907 sua,et
2522 2835 2751 2891 benedic
2800 2834 2880 2889 eis
2925 2828 3298 2886 benedictione
3336 2817 3645 2892 spirituali;

2079 2930 2293 2990 custodi
2317 2945 2433 2997 eos,
2466 2938 2525 2985 ut
2547 2928 2807 3000 pupillam
2837 2924 2979 2981 oculi
3001 2920 3156 2984 33-”;
3188 2929 3448 2972 conserva
3477 2926 3572 2966 eos
3596 2909 3653 2963 in

2075 3033 2274 3103 pietate
2319 3041 2383 3080 ac
2427 2994 2671 3094 justitia;
2709 3025 2763 3073 et
2801 3030 2896 3070 eos
2931 3011 3041 3065 vita
3073 3014 3276 3063 aeterna
3308 3001 3562 3072 dignare;
3595 2994 3652 3048 in

2001 3102 2044 3162 (ἶ
2077 3086 2299 3181 Christo
2327 3086 2456 3174 Iesu
2502 3114 2702 3169 dilecto
2719 3107 2856 3162 Filio
2879 3113 3005 3169 tuo;
3037 3115 3159 3157 cum
3193 3110 3302 3168 quo
3327 3092 3425 3147 tibi
3456 3086 3650 3160 gloria,

2078 3217 2275 3277 honor,
2318 3218 2481 3280 atque
2524 3205 2724 3263 cultus,
2783 3205 2837 3254 et
2875 3200 3069 3251 sancto
3121 3183 3372 3258 Spiritui,
3404 3194 3571 3241 nunc,
3601 3182 3675 3231 et-

2081 3321 2315 3376 semper,
2364 3309 2418 3357 et
2460 3300 2516 3353 in
2550 3293 2749 3353 saecula
2778 3288 3127 3346 saaculorum.
3160 3280 3355 3333 Amen.
3378 3272 3445 3327 Et
3470 3270 3660 3326 diaco-

2081 3417 2187 3457 nus
2210 3398 2356 3453 dicat
2389 3413 2402 3448 :
2444 3390 2602 3445 Exite
2644 3387 2702 3442 in
2742 3399 2895 3457 pace.
2944 3378 3215 3434 Craterum
3249 3382 3350 3441 pro
3397 3360 3659 3436 primitiis

2082 3508 2203 3567 quaa
2254 3490 2577 3549 oﬂ‘eruntur,
2628 3454 2923 3552 episcopus
2978 3468 3187 3542 gratias
3235 3462 3346 3533 agit
3398 3459 3547 3513 hunc
3601 3454 3663 3509 in

2081 3587 2301 3644 modum
2330 3602 2342 3638 :

2672 3658 2901 3719 CAPUT
2955 3654 3070 3711 XL.

2615 3754 2885 3815 Inuocatio
2908 3768 3002 3822 pro
3027 3745 3305 3818 primitiis.

2155 3865 2369 3923 Gratias
2404 3860 2614 3933 agimus
2646 3854 2765 3916 tibi,
2830 3845 3061 3903 Domine
3110 3838 3486 3907 omnipotens,
3539 3843 3667 3884 om--

2084 3964 2237 4018 nium
2276 3955 2458 4028 opifex
2485 3966 2549 4006 ac
2592 3946 2864 4019 provisor,
2920 3954 3017 4011 per
3072 3932 3413 4004 unigenitum
3463 3923 3685 3979 Filium.

2087 4064 2243 4109 tuum
2298 4049 2487 4103 Jesum
2539 4040 2820 4097 Christum
2870 4031 3162 4086 Dominum
3219 4030 3508 4085 nostrum,
3567 4030 3675 4086 pro

2088 4144 2290 4201 oblatis
2322 4140 2418 4195 tibi
2462 4132 2754 4208 primitiis;
2796 4142 2904 4182 non
2944 4129 3207 4193 quantum
3253 4116 3537 4174 debemus,
3570 4107 3669 4164 sed

2087 4246 2352 4314 quantum
2386 4242 2699 4305 possumus.
2730 4222 2866 4289 Quis
2898 4216 3043 4273 enim
3090 4210 3372 4266 hominum
3400 4202 3671 4271 condigne

2090 4292 2271 4409 potest
2296 4292 2499 4402 gratias
2518 4322 2615 4377 tibi
2649 4332 2827 4389 agere,
2860 4327 2959 4385 pro
2989 4309 3057 4363 iis
3084 4320 3204 4382 quae
3223 4299 3418 4357 dedisti
3446 4295 3581 4366 ipsis
3600 4292 3670 4347 ad

2826 4408 2829 4409 ν
2924 4405 2935 4409 ,
3055 4402 3068 4409 _
3134 4396 3197 4409 Α,
3332 4394 3344 4405 ,
3410 4387 3639 4409 ΑΗΔ,

1252 4387 1487 4417 υειυωιιυιξ
1520 4387 1698 4413 uvam",
1722 4387 1799 4412 ευ,
1825 4387 1962 4420 νυν-υ-

1235 4448 1331 4502 καί
1373 4444 1575 4507 Ἰσαὰκ,
1613 4442 1710 4495 καί
1752 4439 1945 4495 Ἰακὼό
1972 4480 1986 4505 ,

2092 4387 2566 4502 participandum?
2608 4387 2752 4468 Deus
2775 4402 3070 4464 Abrahami
3097 4407 3150 4454 et
3178 4394 3348 4452 Isaaci
3375 4399 3431 4447 et
3454 4387 3669 4452 Jacobi,

2968 4497 2981 4507 ’
3171 4502 3180 4507 ·
3274 4504 3287 4507 -
3315 4488 3331 4507 ³
3376 4482 3639 4507 -αΑ-Ιδιιηξη

2094 4482 2448 4586 omniumque
2492 4516 2809 4567 sanctorum
2845 4520 2858 4556 :
2891 4497 2983 4570 qui
3023 4502 3222 4550 cuncta
3268 4488 3336 4543 ad
3376 4482 3672 4559 perfectio-

2095 4628 2220 4671 nem
2250 4626 2313 4666 ac
2336 4578 2705 4662 maturitatem
2735 4589 3063 4667 perduxisti,
3098 4601 3194 4658 per
3222 4578 3463 4638 Verbum
3487 4584 3667 4640 tuum,

2093 4717 2148 4766 et
2177 4716 2336 4761 terrae
2363 4696 2577 4772 jussisti
2620 4691 2943 4765 progignere
2987 4680 3170 4738 omnis
3199 4673 3416 4747 generis
3460 4670 3673 4724 fructus

2097 4803 2164 4857 ad
2192 4761 2433 4854 laetitiam
2462 4798 2517 4848 et
2542 4761 2858 4843 alimoniam
2886 4784 3132 4834 nostram
3170 4792 3182 4826 :
3217 4768 3308 4841 qui
3334 4764 3533 4823 dedisti
3576 4761 3673 4816 hec

2096 4853 2505 4951 betioribusac
2543 4876 2948 4951 stupidioribus
2979 4868 3241 4941 pabulum
3294 4860 3449 4951 feni,
3490 4853 3674 4911 herbi-

2098 4986 2246 5041 voris
2270 4981 2623 5039 herbamizet
2662 4971 2785 5027 aliis
2829 4965 3049 5037 quidem
3096 4970 3316 5020 carnes,
3362 4950 3485 5008 aliis
3544 4960 3673 5000 vero

2102 5079 2334 5141 semina,
2366 5072 2528 5129 nobis
2573 5075 2753 5122 autem
2798 5062 3135 5116 frumentum
3172 5050 3241 5105 ad
3264 5046 3446 5104 cibum
3487 5050 3673 5113 aptum

2103 5187 2168 5227 ac
2209 5166 2620 5225 convenientem
2657 5177 2670 5214 :
2717 5157 2846 5211 item
2901 5151 3117 5208 diversa
3164 5142 3293 5207 alia,
3364 5134 3563 5210 partim
3605 5131 3687 5189 ad.

2104 5278 2286 5327 usum,
2324 5258 2523 5330 partim
2554 5251 2623 5308 ad
2658 5249 2968 5312 sanitatem,
3009 5237 3207 5312 partim
3249 5232 3318 5290 ad
3353 5225 3704 5289 oblectatio—..

1148 5442 1191 5473 ⁸⁷
1234 5440 1404 5495 Exod.
1446 5452 1632 5500 xxxtv,
1667 5435 1719 5490 6.
1794 5431 1915 5474 δτι-⁸⁸
1947 5426 2092 5484 Psal.
2126 5442 2237 5490 XVI,
2267 5424 2321 5478 8.

1725 5589 2088 5650 VABIORUM
2140 5582 2372 5643 ΝΟΤᾸΕ.

509 5751 617 5829 (5η
669 5749 1115 5820 Ὺςτερύμνητος.
1155 5743 1211 5801 In
1240 5743 1408 5798 altero
1440 5740 1558 5797 cod.
1592 5732 1844 5807 ὑμνητὸς.
1880 5728 1956 5787 In.
