4000 6266
493 255 632 311 1145

1370 253 1427 308 S.
1464 250 1855 308 CLEMENTIS
1888 252 1907 304 1
1944 248 2108 304 ROM.
2144 248 2345 303 PONT.
2383 246 2610 303 OPERA
2644 246 2874 301 DUBIA.

3582 245 3710 301 HM

487 388 631 428 nem.
667 367 774 421 Pro
805 368 891 423 his
919 367 1084 438 igitur
1115 367 1371 422 omnibus
1414 384 1622 423 summe
1655 366 1957 420 laudandus
1977 383 2057 429 es,
2089 419 2095 429 ,

2177 364 2495 436 εὐεργεσίας,
2524 363 2613 415 διὰ
2647 361 2900 434 Χριστοῦ·
2948 361 3015 413 δι’
3037 356 3096 413 οὗ
3134 360 3245 430 (58)
3287 376 3366 412 σοι
3409 359 3553 426 δόξα,
3585 362 3711 434 τιμὴ

486 468 553 521 de
584 475 672 517 tua
702 476 831 532 erga
862 476 1050 515 omnes
1080 460 1457 522 beneﬁcentia,
1499 476 1596 529 per
1622 458 1931 523 Christum;
1965 474 2059 527 per

2177 457 2249 508 ια).
2281 456 2459 518 σέϐας,
2481 457 2536 507 ὲν
2550 456 2687 525 ἁγίῳ
2704 455 3001 524 Πνεύματι,
3023 456 3101 515 εἰς
3118 454 3243 515 τοὺς
3275 450 3495 513 αἰῶνας·
3529 452 3709 523 Ἀμήν.

486 571 647 625 quem
682 553 779 607 tibi
811 552 1007 622 gloria,
1032 552 1211 607 honor
1232 559 1285 606 et
1305 552 1603 614 veneratio,
1636 551 1690 603 in
1720 556 1909 603 saneto
1946 548 2062 617 Spi-

2171 548 2290 600 Ἐπὶ
2325 548 2383 600 δὲ
2426 547 2534 600 τῶν
2570 548 2628 599 ὲν
2682 545 2901 616 Χριστῷ
2941 545 3430 613 ἀναπαυσαμένων,
3483 542 3615 613 μετά
3658 544 3715 596 τὸ

489 648 620 713 ritu,
653 646 707 698 in
741 644 962 699 saacula.
988 644 1187 698 Amen.
1216 642 1387 698 Porro
1417 644 1484 699 de
1515 644 1585 698 iis
1609 644 1700 712 qui
1750 643 1804 695 in
1840 642 2060 696 Christo

2177 639 2401 709 ρωνῆσαι
2440 638 2508 690 τά
2554 638 2654 708 τῆς
2699 638 3004 707 προσευχῆς
3036 636 3174 706 (59),
3212 637 3297 688 ἵνα
3341 635 3414 707 μὴ
3448 634 3605 687 πάλιν
3636 634 3715 686 λέ-

490 738 903 806 requieverunt;
959 744 1247 807 postquam
1270 735 1533 789 diaconus
1553 735 1701 788 clara
1718 749 1847 788 voce
1874 741 2060 803 protu-

2177 749 2363 801 τωμεν,
2394 731 2685 794 ὁδιάκονος
2715 731 3013 802 προσθήσει
3037 731 3132 783 καὶ
3156 728 3349 781 ταῦτα·

489 830 613 882 ierit
639 843 701 881 ea
730 841 852 897 quae
880 828 1062 881 oratio
1093 826 1477 896 complectitur
1508 827 1599 897 (ne
1635 825 1822 881 eadem
1849 834 2063 895 repeta-

489 922 659 991 mus),
692 919 917 990 adiiciet
937 919 1102 975 etiam
1131 916 1245 972 haec
1282 938 1295 972 :

1052 1031 1283 1089 CAPUT
1349 1031 1487 1087 XLI.

990 1125 1177 1181 Oratio
1204 1142 1298 1195 pro
1330 1126 1570 1184 mortuis.

561 1220 671 1275 Pro
697 1217 959 1274 fratribus
978 1218 1305 1289 nostris,qui
1336 1217 1391 1271 in
1409 1216 1629 1271 Christo
1656 1217 2059 1286 requieverunt,

2678 1033 3068 1088 ΚΕΦΑΛΑΙΟΝ
3104 1035 3234 1086 MA'.

2249 1130 2678 1200 Προσφᾰηθησις
2704 1127 2855 1195 ὑπὲρ
2883 1125 2997 1180 τῶν
3028 1123 3467 1195 κεκοιμημένων
3499 1126 3628 1198 (60).

2243 1227 2413 1297 ’Υπὲρ
2437 1220 2900 1292 ἀναπαυσαμένων
2945 1219 3003 1271 ὲν
3032 1218 3251 1290 Χριστῷ
3287 1218 3527 1287 ἀδελφῶν
3576 1216 3724 1289 ἡμῶν

494 1329 746 1378 oremus;
794 1320 853 1365 ut
897 1308 1183 1364 hominum
1236 1325 1427 1366 amans
1476 1309 1639 1374 Deus,
1690 1310 1781 1380 qui
1823 1310 2061 1362 animam

2177 1318 2458 1388 Ξεηοῶμεψ
2504 1318 2650 1377 ὅπως
2694 1316 2721 1367 6
2766 1311 3139 1382 φιλάνθρωπος
3180 1310 3330 1372 Θεὸς,
3370 1312 3397 1363 6
3440 1311 3727 1382 προσδεξά-

495 1403 739 1459 defuncti
763 1402 1025 1472 suscepit,
1053 1401 1105 1459 ei
1126 1401 1366 1456 remittat
1385 1416 1545 1456 omne
1573 1408 1855 1471 peccatum
1884 1401 2065 1454 volun—

494 1498 696 1551 tarium
731 1510 793 1550 ac
823 1508 932 1549 non
964 1493 1359 1558 voluntarium,
1394 1500 1447 1548 et
1484 1493 1753 1564 propitius
1798 1493 2064 1547 clemens-

496 1605 605 1659 que
633 1586 833 1650 faetus,
866 1587 1101 1641 collocet
1127 1601 1252 1641 eum
1295 1586 1349 1639 in
1385 1587 1607 1657 regione
1638 1588 1851 1657 piorum
1873 1626 1888 1649 ,
1921 1587 2068 1657 quie-

2166 1428 2321 1481 μενος
2370 1407 2533 1464 αὑτοῦ
2587 1406 2684 1476 τὴν
2721 1404 2919 1474 ψυχὴν,
2957 1402 3159 1475 παρίδῃ
3176 1402 3224 1437 ν⁹⁰
3280 1402 3388 1473 (61)
3437 1403 3582 1473 αὐτῷ
3625 1405 3724 1455 πᾶν

2164 1503 2466 1573 ἁμάρτημα
2496 1499 2760 1561 ἑκούσιον,
2789 1497 2885 1549 καὶ
2909 1495 3179 1555 ἀκούσιον,
3214 1495 3306 1547 καὶ
3335 1493 3493 1556 ἵλεως
3525 1495 3617 1546 καὶ
3643 1494 3726 1545 εὑ-

2169 1596 2332 1666 μενὴς
2357 1594 2662 1662 γενόμενος,
2694 1587 2973 1660 κατατάξῃ
3002 1589 3081 1649 εἰς
3107 1585 3285 1658 χώραν
3309 1585 3567 1649 εὐσεϐῶν,
3590 1586 3727 1637 ἀνει-

500 1680 773 1735 scentium
802 1678 856 1731 in
888 1678 1013 1733 sinu
1042 1677 1335 1731 Abrahami
1358 1718 1372 1740 ,
1404 1677 1575 1733 lsaaci
1618 1686 1671 1733 et
1694 1676 1907 1742 Jacobi,
1941 1694 2064 1733 eum

2177 1688 2343 1756 μένων
2372 1686 2450 1748 εἰς
2476 1684 2671 1737 κόλπον
2702 1680 2951 1751 Ἀϐραὰμ
2988 1680 3080 1732 καὶ
3115 1678 3298 1731 Ἰσαὰκ
3355 1678 3450 1729 καὶ
3518 1676 3725 1739 Ἰακὼϐ,

499 1771 751 1825 omnibus
780 1768 874 1839 qui
902 1785 935 1825 a
969 1770 1169 1824 saeculo
1198 1769 1517 1839 placuerunt
1545 1769 1675 1834 Deo,
1709 1784 1772 1824 ac
1811 1770 1929 1838 ejus
1971 1785 2067 1824 vo-

500 1863 761 1917 luntatem
797 1860 1073 1926 fecerunt;
1110 1862 1255 1914 unde
1282 1860 1491 1931 aufugit
1530 1860 1703 1923 dolor,
1733 1860 1960 1916 tristitia
2013 1866 2067 1915 et

498 1952 752 2023 gemitus.
786 1949 1111 2021 Surgamus.
1144 1949 1255 2006 Nos
1285 1951 1434 2019 ipsos
1457 1990 1473 2017 ,
1504 1959 1559 2006 et
1581 1951 1833 2017 invicem,
1864 1961 2067 2006 aeterno

501 2044 611 2099 Deo
645 2042 1110 2106 commendemus,
1146 2058 1243 2111 per
1265 2041 1499 2097 Verbum
1527 2044 1667 2112 quod
1698 2051 1815 2098 erat
1840 2045 1892 2097 in
1927 2044 2070 2114 priu-

501 2136 664 2205 cipio.
699 2134 777 2187 Ac
795 2134 1085 2203 episcopus
1109 2134 1253 2188 dicat
1280 2153 1292 2187 :
1322 2133 1425 2199 Qui
1450 2144 1643 2189 natura
1664 2150 1723 2189 es
1746 2136 2069 2192 immortalis

501 2242 566 2281 ac
593 2226 699 2281 fine
732 2241 961 2293 carens;
1002 2241 1032 2279 a
1064 2241 1174 2296 quo
1210 2234 1408 2280 cuncta
1433 2227 1760 2281 immortalia
1786 2236 1841 2283 et
1867 2237 2070 2282 morta-

502 2318 573 2372 lia
600 2325 719 2371 orta
750 2325 903 2385 sunt;
935 2318 1027 2387 qui
1060 2318 1261 2372 animal
1288 2319 1553 2373 rationale
1582 2319 1875 2385 hominem,
1896 2319 2066 2373 civem

502 2409 715 2472 mundi,
749 2410 803 2463 in
831 2408 1187 2465 fabricatione
1214 2410 1444 2465 eliecisti
1473 2412 1779 2478 mortalem,
1799 2419 1853 2467 et
1881 2427 2067 2467 resur-

503 2503 800 2558 rectionem
833 2502 1171 2571 promisisti;
1205 2502 1299 2572 qui
1332 2501 1651 2558 Henochum
1681 2518 1745 2557 ac
1764 2502 1936 2557 Eliam
1962 2520 2070 2559 non

504 2595 682 2650 sivisti
719 2595 913 2650 mortis
944 2596 1373 2664 experimentum
1418 2612 1611 2667 capere
1643 2615 1657 2652 :
1709 2595 1853 2653 Deus
1898 2594 2071 2652 Abra—

506 2688 669 2750 hami,
714 2685 861 2742 Deus
890 2686 1061 2743 lsaaci
1100 2696 1158 2743 et
1208 2687 1353 2744 Deus
1407 2687 1634 2757 Jacobi;
1664 2706 1772 2743 non
1813 2697 2069 2760 tanquam

505 2789 843 2833 mortuorum
872 2819 886 2844 ,
941 2778 1036 2835 sed
1093 2789 1349 2850 tanquam
1401 2781 1693 2835 viventium
1742 2797 1800 2836 es
1850 2780 2069 2847 Deus";

506 2872 635 2941 quia
659 2879 983 2926 cunctorum
1008 2873 1202 2926 animae
1232 2875 1379 2943 apud
1412 2880 1463 2926 te
1489 2874 1680 2926 vivunt
1709 2913 1723 2935 ,
1764 2880 1817 2926 et
1845 2873 2071 2941 spiritus

502 2964 777 3034 justorum
807 2962 865 3017 in
896 2979 1061 3018 manu
1094 2972 1187 3017 tua
1217 2973 1362 3027 sunt,
1390 2979 1529 3033 quos
1576 2980 1684 3017 non
1717 2971 1899 3033 tanget
1945 2979 2072 3017 eru-

2171 1778 2306 1849 μετά
2320 1777 2533 1830 πάντων
2555 1776 2661 1827 τῶν
2681 1775 2773 1827 ἀπ’
2799 1771 2989 1833 αἰῶνος
3010 1770 3485 1839 εὐαρεστησάντων
3506 1769 3584 1839 τῷ
3595 1768 3727 1838 Θεῷ,

2168 1870 2262 1923 καὶ
2280 1867 2618 1938 ποιησάντων
2644 1867 2705 1919 τὸ
2720 1864 2929 1934 θέλημα
2957 1862 3141 1915 αὐτοῦ’
3165 1861 3289 1915 ἔνθα
3312 1860 3541 1932 ἀπέδρα,
3557 1861 3730 1931 ὀδύνη,

2168 1961 2261 2014 καὶ
2298 1959 2439 2030 λύπη
2499 1959 2595 2010 καὶ
2648 1955 2964 2025 στεναγμός.
3030 1952 3419 2024 Ἐγειρώμεθα.
3484 1952 3733 2014 Ἑαυτοὺς

2168 2052 2262 2103 καὶ
2290 2050 2545 2121 ἀλλήλους
2570 2049 2648 2120 τῷ
2678 2048 2831 2118 ἀϊδίῳ
2860 2048 2978 2118 Θεῷ
3005 2046 3093 2099 διὰ
3138 2046 3230 2099 τοῦ
3272 2048 3329 2097 ὲν
3374 2047 3515 2116 ἀρχῇ
3563 2045 3732 2113 Λόγου

2171 2142 2558 2214 παραθώμεθα.
2599 2142 2708 2194 Καὶ
2742 2143 2770 2193 6
2803 2140 3095 2202 ἐπίσκοπος
3127 2137 3348 2207 λεγέτω’
3390 2138 3447 2190 '0
3481 2140 3547 2208 τῇ
3581 2136 3734 2205 φύσει

2172 2236 2279 2306 (69.)
2315 2235 2575 2295 ἀθάνατος
2613 2234 2707 2285 καὶ
2747 2231 3117 2300 ἀτελεύτητος,
3152 2230 3279 2300 παρ’
3308 2224 3368 2281 οὗ
3401 2230 3509 2282 πᾶν
3536 2228 3735 2281 ἀθάνα-

2168 2344 2259 2379 τον
2287 2327 2379 2379 καὶ
2404 2325 2592 2396 θνητὸν
2619 2324 2899 2393 γέγονενσὸ
2926 2324 2987 2375 τὸ
3020 2322 3233 2390 λογικὸν
3261 2320 3397 2385 ζῶον
3421 2321 3512 2373 τὸν
3542 2320 3739 2390 ἀνθρω-

2171 2435 2269 2471 πον
2313 2418 2403 2471 τὸν
2441 2415 2872 2488 κοσμοπολιτην,
2914 2414 3106 2484 θνητὸν
3160 2415 3218 2465 ὲν
3266 2416 3577 2483 κατασκευῇ
3630 2411 3736 2483 (65)

2171 2511 2420 2580 ποιήσας,
2444 2510 2537 2563 καὶ
2563 2508 2892 2561 ἀναστασίαν
2926 2505 3035 2577 (64)
3077 2504 3561 2574 ἐπαγγειλάμενος
3598 2508 3628 2558 6
3654 2504 3739 2557 τὸν

2185 2601 2352 2671 Ἑνὼχ
2387 2601 2481 2654 καὶ
2512 2600 2603 2653 τὸν
2633 2599 2817 2653 Ἠλίαν
2850 2598 3079 2652 θανάτου
3114 2599 3306 2668 πεῖραν
3342 2596 3415 2666 μὴ
3446 2595 3615 2659 ἐάσας
3649 2595 3738 2649 λα-

2173 2693 2307 2746 ϐεῖν·
2347 2697 2375 2747 6
2413 2694 2545 2755 Θεὸς
2594 2692 2873 2764 Ἀϐραὰμ,
2924 2694 2951 2746 6
2992 2689 3122 2752 Θεὸς
3164 2688 3365 2753 Ἰσαὰκ,
3411 2689 3503 2741 καὶ
3550 2690 3578 2741 6
3613 2688 3741 2751 Θεὸς

2185 2786 2398 2848 Ἰακὼϐ,
2445 2787 2542 2857 οὐχ
2585 2785 2659 2848 ὼς
2691 2783 2919 2856 νεκρῶν,
2962 2782 3073 2836 ἀλλ’
3122 2782 3196 2844 ὡς
3250 2780 3469 2845 ζώντων
3498 2780 3633 2843 Θεὸς
3674 2776 3737 2832 εἷ·

2174 2880 2254 2931 ὅτι
2287 2879 2503 2931 πάντων
2537 2879 2591 2931 αἱ
2622 2877 2789 2947 ψυχαὶ
2816 2875 2961 2946 παρὰ
2988 2876 3068 2928 σοὶ
3091 2874 3243 2939 ζῶσι,
3273 2875 3366 2927 καὶ
3392 2872 3499 2926 τῶν
3520 2874 3740 2927 δικαίων

2172 2969 2242 3021 τά
2266 2970 2546 3039 πνεύματα
2573 2970 2631 3019 ὲν
2660 2970 2725 3038 τῇ
2760 2967 2903 3038 χειρί
2936 2966 3027 3019 σού
3073 2968 3228 3030 εἰσιν,
3258 2958 3331 3017 ὧν
3358 2966 3418 3018 οὐ
3444 2966 3517 3036 μὴ
3543 2965 3741 3034 ἅψηται

507 3060 683 3111 ciatus
703 3057 748 3088 θ’
772 3073 787 3121 ;
820 3071 1008 3111 omnes
1029 3056 1171 3110 enim
1188 3054 1529 3120 sanetilicati,
1560 3056 1664 3110 sub
1693 3054 1944 3108 manibus
1962 3053 2072 3108 tuis

2177 3059 2423 3131 βάσανος·
2470 3060 2669 3122 πάντες
2693 3058 2801 3129 γάρ
2833 3058 3149 3128 ἡγιασμένοι
3176 3056 3280 3109 ὑπὸ
3303 3056 3400 3119 τὰς
3429 3056 3618 3127 χεῖράς
3651 3054 3739 3107 σού

509 3156 637 3201 sunt
655 3146 702 3176 ’³
732 3165 744 3199 :
784 3146 901 3214 ipse
941 3156 993 3200 et
1040 3162 1189 3201 nunc
1224 3148 1435 3216 respice
1483 3161 1649 3216 super
1678 3160 1891 3199 servum
1922 3154 2073 3199 tuum

508 3239 679 3300 hunc,
716 3254 875 3307 quem
904 3238 1164 3309 selegisti,
1196 3247 1249 3293 et
1285 3238 1631 3307 assumpsisti
1676 3238 1731 3291 in
1766 3237 1925 3290 aliam
1955 3253 2076 3293 sor-

510 3337 617 3384 tem
643 3348 657 3394 ;
688 3338 742 3383 et
771 3329 1023 3383 eondona
1048 3330 1118 3393 ei,
1145 3330 1189 3384 si
1222 3328 1351 3399 quid
1384 3330 1569 3386 volens
1592 3338 1685 3384 aut
1716 3330 1920 3386 invitus
1944 3331 2082 3386 deli-

510 3425 661 3491 quit;
715 3428 877 3491 atque
945 3422 1169 3492 angelos
1223 3422 1274 3476 ei
1324 3421 1520 3476 exhibe
1568 3423 1860 3492 placidos;
1915 3431 2076 3494 atque

513 3517 720 3569 colloca
768 3529 891 3568 eum
956 3513 1011 3567 in
1075 3514 1197 3568 sinu
1249 3514 1706 3582 patriarcharum,
1783 3516 2077 3586 propheta-

512 3629 655 3677 rum,
714 3605 1114 3682 apostolorum,
1181 3605 1536 3674 omniumque
1582 3606 1676 3674 qui
1732 3605 1827 3658 tibi
1891 3621 1921 3659 a
1972 3621 2077 3661 sa:-

514 3705 638 3759 eulo
662 3704 1014 3773 placuerunt;
1071 3696 1161 3757 ubi
1194 3712 1302 3749 non
1326 3703 1409 3750 est
1441 3696 1680 3759 tristitia,
1737 3698 1912 3761 dolor,
1979 3714 2076 3768 ge-

514 3797 706 3860 mitus,
740 3797 849 3849 imo
885 3796 1039 3850 locus
1073 3796 1287 3865 piorum
1317 3789 1559 3850 sedatus.
1596 3797 1649 3843 et
1673 3790 1875 3864 pariter
1901 3791 2080 3862 quieta

514 3898 659 3943 terra
694 3897 991 3953 rectorum,
1024 3902 1323 3957 eorumque
1347 3887 1440 3957 qui
1474 3888 1524 3939 in
1542 3901 1605 3940 ea
1632 3885 1816 3940 vident
1849 3885 2075 3956 gloriam

514 3981 717 4036 Christi
744 3982 859 4049 tui;
888 3997 984 4053 per
1011 3996 1173 4052 quem
1225 3980 1323 4034 tibi
1380 3978 1571 4050 gloria,
1620 3979 1818 4044 honor,
1873 3980 2075 4045 cultus,

2176 3154 2330 3205 εἰσιν·
2376 3152 2536 3216 αὐτὸς
2568 3154 2660 3204 καὶ
2694 3151 2787 3205 νῦν
2819 3151 2968 3204 ἔπιδε
3002 3152 3093 3203 ἐπὶ
3122 3151 3211 3203 τὸν
3240 3150 3420 3203 δοῦλόν
3453 3167 3545 3202 σου
3574 3151 3738 3213 τόνδε,

2174 3248 2231 3301 ὃν
2256 3246 2481 3313 ἐξελέξω
2505 3286 2519 3309 ,
2547 3247 2640 3299 κα)⁴
2686 3243 3019 3315 προσελάϐου
3058 3244 3137 3305 εἰς
3186 3241 3377 3313 ἑτέραν
3420 3240 3595 3312 λῆξιν,
3655 3241 3741 3293 καὶ

2176 3338 2523 3409 συγχώρησον
2566 3336 2710 3407 αὐτῷ
2761 3337 2812 3388 εἴ
2855 3353 2908 3387 τι
2966 3334 3105 3387 ἑκὼν
3154 3332 3187 3403 ἣ
3230 3334 3379 3387 ἀκων
3417 3332 3738 3403 ἐξήμαρτεν,

2174 3430 2435 3497 ἀγγέλους
2457 3430 2705 3499 εὐμενεῖς
2736 3426 3085 3497 παράστησον
3117 3424 3264 3495 αὐτῷ
3300 3423 3431 3495 (65),
3468 3424 3562 3476 καὶ
3591 3422 3740 3476 κατά-

2176 3521 2334 3587 ταξον
2372 3520 2531 3573 αὑτὸν
2574 3521 2632 3571 ἐν
2663 3518 2740 3590 τῷ
2783 3518 2965 3587 κόλπῳ
3004 3516 3113 3569 τῷν
3144 3516 3489 3587 πατριάρχῷν
3520 3514 3740 3568 καὶτῶν

2179 3612 2468 3683 προφητῶν
2507 3611 2600 3673 καὶ
2636 3610 2743 3663 τῶν
2778 3608 3086 3662 ἀποστόλων
3128 3610 3221 3661 καὶ
3249 3608 3476 3660 πάντων
3503 3607 3613 3659 τῶν
3653 3605 3739 3658 ἀπ’

2178 3704 2369 3768 αἰῶνός
2385 3722 2467 3757 σοι
2486 3702 2983 3774 εὐαρεπησάντων,
3006 3702 3136 3753 ὅπου
3159 3702 3258 3753 οὐκ
3289 3699 3366 3753 ἔνι
3387 3699 3552 3769 λύπη,
3591 3698 3737 3766 ὀδύνη

2178 3798 2271 3851 καὶ
2314 3796 2629 3866 στεναγμὸς,
2661 3794 2795 3847 ἀλλά
2833 3795 3006 3864 χῶρος
3032 3792 3270 3846 εὐσεϐῶν
3309 3792 3609 3861 ἀνειμένος,
3654 3789 3739 3843 καὶ

2178 3889 2247 3959 γῆ
2270 3888 2467 3941 εὐθέων
2496 3888 2847 3958 συνανειμένη
2872 3886 3002 3957 (66),
3034 3886 3241 3939 καὶτῶν
3270 3888 3324 3937 ὲν
3344 3886 3478 3956 αὐτῇ
3500 3883 3738 3954 ὁρώντων

2177 3980 2274 4048 τὴν
2307 3978 2461 4044 δόξαν
2487 3978 2580 4031 τοῦ
2605 3977 2840 4049 Χριστοῦ
2874 3993 2985 4030 σου·
3019 3976 3083 4030 δι’
3108 3969 3169 4030 οὗ
3198 3976 3306 4049 (67)
3357 3993 3438 4028 σοι
3478 3975 3626 4039 δόξα,
3660 3990 3736 4025 τι·

587 4121 632 4153 ”
671 4118 710 4175 f.
746 4123 938 4195 παρίῃ.
1014 4120 1059 4153 ⁸⁸
1098 4117 1290 4174 Matth.
1320 4131 1459 4182 xxii,
1494 4114 1583 4171 '52.
1658 4115 1703 4146 "
1743 4114 1871 4185 Sap.
1902 4130 1985 4179 ιιι,
2018 4118 2067 4170 l.

2177 4114 2189 4145 '
2227 4114 2383 4169 Deut.
2418 4129 2606 4178 χχχιιι,
2638 4113 2691 4168 5.

1767 4264 2125 4321 VARIORUM
2175 4264 2403 4321 NOTAE.

590 4395 707 4519 (58%
738 4395 815 4446 Δι’
878 4395 970 4446 οὗ.
1026 4395 1229 4445 Ibidem
1281 4395 1476 4457 legitur
1529 4395 1644 4457 μεθ’
1699 4395 1781 4438 ου.
1841 4395 1966 4439 Viae
2019 4395 2084 4465 ad

518 4461 1036 4568 smmi-312.811?
1059 4458 1564 4568 iiﬁ‘ﬂl'ffmﬁffi"
1593 4470 1690 4526 ντο
1717 4455 1773 4506 έν
1808 4455 1981 4525 ἀτίίρν

518 4530 708 4593 eodem
739 4535 915 4604 legere
946 4539 1029 4587 est
1061 4532 1156 4583 σὺν
1184 4530 1341 4598 ἁγίῳ.
1379 4530 1552 4583 Cum.

590 4604 702 4675 (59)
743 4601 1021 4676 Φωνῆσαιι
1047 4599 1123 4676 te!
1144 4598 1255 4665 τῆς
1282 4594 1644 4676 προσευχῆς.
1669 4592 1726 4676 Iri
1758 4596 1929 4676 altero
1958 4592 2080 4676 eod.

521 4663 911 4746 πρὸσιρωνῆσαί
953 4669 1024 4746 τᾲ
1065 4670 1162 4738 τῆς
1204 4663 1425 4746 πρώτης
1472 4666 1654 4734 εὐχῆς.
1686 4663 1839 4746 Quod
1870 4664 2083 4746 melius,

524 4733 894 4814 respiciuntur
925 4740 1070 4814 enim
1104 4733 1295 4814 preces
1327 4733 1485 4814 antea
1517 4733 1847 4814 memoratis.
1870 4733 1953 4814 ip.

594 4802 704 4885 (60)
742 4802 1211 4885 Κεκοιμημρνἱυν.
1265 4806 1324 4859 ln
1374 4806 1543 4859 altero
1589 4803 1710 4857 cod.
1764 4805 1819 4855 ὲν
1870 4802 2089 4873 Χριστῷ

521 4876 731 4938 ἀναπάυ
739 4899 804 4934 σα
812 4876 1005 4951 μένωνζ
1029 4876 1105 4951 in.

616 4944 990 5072 6:)tllldp16n.
1028 4947 1087 5001 lu
1142 4946 1315 5001 altero
1361 4945 1579 5017 ἀφήσῃ,
1631 4944 1775 5015 quod
1821 4944 2089 5014 glossema

616 5039 708 5072 08
741 5064 752 5072 .
810 5037 863 5072 D.

522 5025 752 5079 redolet.
788 5025 863 5074 In.

597 5094 707 5163 (6‘2)
762 5091 814 5142 Ὀ
847 5088 922 5163 τῇ
951 5089 1151 5163 φύσει,
1183 5094 1305 5163 _ete_1
1348 5085 1473 5163 Haec
1515 5086 1575 5163 in
1626 5086 1795 5138 altero
1823 5091 2089 5163 vocantur

536 5150 853 5231 Ἐπίιέλησις
884 5150 1021 5230 δτξὲρ
1047 5150 1156 5211 τῶν
1179 5159 1236 5231 ὲν
1264 5157 1482 5231 Χριστῷ
1505 5154 1984 5231 ἀναπαυσαμένῷν.
2013 5150 2086 5231 in.

596 5234 708 5303 (65)
753 5221 855 5303 ’Ἑιῖ-
892 5221 1264 5303 κιιιίιιοςιιεεῖυῆ-ζ
1286 5221 1581 5303 Ibideméx
1612 5221 1973 5303 fatae-itspﬁg.
2015 5221 2086 5275 In.

596 5294 705 5374 (64)
759 5299 1176 5355 Ἀναστασιαν.
1206 5294 1449 5353 Rectius
1486 5298 1543 5349 in
1576 5294 1746 5349 altero
1774 5294 2086 5347 ἀνάστασιν.

527 5373 709 5562 ιι’.(651)
762 5440 1107 5520 Ἀγυγέλους.
1137 5437 1401 5518 εὐμενεῖς
1451 5434 1846 5505 παράστησον
1908 5431 2086 5512 αὐτῷ.

528 5512 678 5562 Anne
700 5526 856 5562 orum
889 5510 1061 5562 olficna
1095 5525 1148 5562 in
1194 5509 1475 5561 hominum
1522 5516 1713 5562 morte.
1745 5520 1811 5559 ex
1843 5504 2086 5557 doetnua

528 5504 1062 5581 An'geiorum'oliicia
1095 5510 1148 5563 in
1194 5504 1475 5581 hominum
1522 5504 1811 5581 morte,_ex
1843 5504 2091 5557 doetriua

532 5575 642 5633 δεῖ
677 5578 898 5634 Patrum
948 5588 1103 5633 sunt:
1159 5578 1416 5631 assistere
1464 5575 1842 5636 morientibus,
1890 5586 2093 5639 eosque

528 5665 633 5719 pro
660 5648 866 5719 viribus
897 5649 1188 5717 adjuvare';
1238 5648 1343 5715 piis
1373 5662 1495 5700 esse
1528 5644 1787 5712 ἀγγέλους
1835 5642 2054 5711 εἰρήνης
2074 5679 2088 5701 ,

536 5716 776 5792 placidos
814 5716 1007 5772 animae
1056 5726 1400 5781 evocatorcs,
1444 5723 1794 5784 acccptores,
1834 5720 2092 5766 exucntcs

738 4394 815 4446 Δι’
878 4392 970 4446 οὗ.
1026 4389 1229 4445 Ibidem
1280 4387 1476 4457 legitur
1529 4386 1644 4457 μεθ’
1699 4379 1781 4457 οὗ.
1821 4382 1966 4457 _Vi_de
2019 4384 2086 4457 ad
2117 4392 2161 4447 υ
2189 4400 2307 4439 eam
2356 4384 2705 4457 corruptibile
2750 4385 2993 4454 corporis
3032 4384 3426 4457 indumentum,
3456 4386 3509 4439 in
3549 4385 3733 4457 qualum

2192 4462 2503 4523 portantes,
2562 4455 2627 4507 ad
2680 4453 2861 4526 Deum’
2894 4456 3242 4518 deducentes,
3287 4454 3733 4526 δορυφοροῦντας,

2186 4527 2287 4579 vise
2310 4526 2476 4579 duces
2500 4539 2561 4577 ac
2586 4524 2830 4587 comites.
2865 4533 3311 4593 prepugnatores.
3337 4524 3737 4592 oecursatores;

2187 4596 2369 4664 impiis
2400 4610 2529 4648 vero
2562 4596 2766 4657 tristes,
2804 4596 3116 4666 horribiles,
3154 4595 3583 4666 ἀπειληφὸρους,
3618 4608 3739 4648 exa-

2187 4672 2388 4736 ctores,
2411 4673 2464 4719 et
2480 4672 2744 4736 raptores,
2761 4665 2828 4717 ad
2847 4666 3111 4736 judicium
3132 4666 3325 4719 acerbe
3347 4665 3733 4736 pertrahentes.

2186 4735 2269 4789 Ab
2296 4735 2587 4789 Anastasio
2617 4734 3002 4797 Sinaita,orat.
3038 4735 3091 4787 in
3122 4734 3381 4802 psalmum
3413 4751 3489 4799 v1,
3520 4748 3737 4801 usurpa-

2187 4813 2278 4858 tur
2316 4820 2511 4875 nomen
2556 4804 2983 4875 ὲκσπηλευτῶνὲ
3011 4813 3102 4856 aut
3147 4820 3262 4875 mea
3304 4805 3520 4874 quidem
3570 4802 3738 4871 suspi-

2187 4878 2365 4938 cione,
2388 4874 2587 4929 factum
2610 4892 2638 4928 a
2663 4874 2827 4929 verbo
2846 4874 3038 4944 expilo,
3066 4874 3379 4943 significans
3398 4874 3735 4944 expilatores;

2188 4953 2310 5008 aut,
2352 4945 2507 5013 juxta
2544 4946 2911 5012 conjecturam
2944 4944 3243 4999 doctissimi
3275 4943 3603 5007 (Zombelisii,
3639 4943 3739 4994 l'or-

2188 5012 2389 5068 malum
2416 5031 2479 5068 ex
2505 5030 2633 5068 voce
2659 5015 2937 5084 σπήλαιον.
2966 5014 3235 5068 Praetereo
3264 5022 3499 5068 externae
3535 5012 3739 5081 sapien-

2188 5084 2276 5135 tia:
2307 5084 2715 5154 ψυχοπομπούς,
2750 5083 2872 5137 eum
2906 5084 3169 5154 Mercurio
3202 5083 3484 5154 πομπαίῳ,
3516 5094 3738 5154 cumque

2188 5152 2602 5223 ange‘lo‘mor‘tis
2628 5154 2890 5216 Samaele,
2919 5171 3011 5209 seu
3045 5152 3548 5217 Adriele,’Asrae|e.
3578 5152 3735 5215 Quem

2189 5222 2378 5278 mortis
2407 5227 2653 5292 angelum
2688 5231 3074 5278 commemorat
3105 5232 3296 5276 auctor
3346 5224 3531 5292 Operi;
3556 5222 3737 5290 imper-

2182 5294 2305 5363 fecti
2334 5294 2389 5345 in
2438 5293 2770 5355 Matthamm,
2801 5293 2873 5363 ad,
2896 5309 3043 5355 xxrv,
3073 5294 3161 5347 45.
3192 5292 3328 5347 Co'r.

2260 5364 2369 5433 (66)
2408 5352 2827 5434 Συνᾳγειμέφλη.
2856 5362 2915 5434 In
2946 5352 3145 5434 altero,
3174 5364 3254 5416 col.
3274 5362 3621 5434 ἀνακειμένη,
3650 5352 3736 5408 tibi

2189 5432 2515 5487 consecrata.
2551 5432 2707 5486 Forte
2736 5433 2953 5487 rectius.
2983 5433 3150 5487 Cum.

2261 5500 2370 5570 (67)
2410 5501 2487 5553 Δι’
2517 5502 2606 5556 οὗ.
2636 5503 2767 5555 Μεθ’
2800 5497 2860 5557 οὗ
2890 5505 2941 5557 in
2967 5505 3133 5557 altero
3160 5501 3280 5556 cod.
3312 5503 3466 5572 quasi
3500 5500 3565 5556 ad
3590 5503 3733 5555 Aria-

2190 5574 2367 5646 n_i_e_am
2410 5572 3211 5646 doxologiamenicndandam,
3254 5580 3313 5626 ut
3356 5574 3554 5646 passim
3596 5573 3731 5627 alibi.

2193 5641 2325 5697 Vide
2358 5642 2423 5697 ad
2454 5641 2841 5716 ﬁncin’eapitis
2870 5660 2955 5698 χι.
2993 5643 3070 5699 In.
