4048 6262
524 336 657 393 1151

1364 333 1421 390 S.
1457 333 1848 390 CLEMENTIS
1879 333 1899 385 ι
1931 328 2095 387 ROM.
2136 330 2335 388 PONT.
2374 328 2605 387 OPERA
2639 331 2871 392 DUBIA.

3606 352 3737 409 “53‘

520 453 822 524 quidquam
851 465 1039 507 eorum
1088 449 1400 516 dimovere,
1435 464 1555 520 quae
1586 449 1742 503 vobis
1780 446 2072 502 secundun‘

2189 444 2415 546 γνώμην
2452 446 2586 546 Θεοῦ
2630 450 2778 546 παρ’Δ
2809 450 2966 546 ήμῷν
3009 452 3375 546 όρισθέντων;
3418 459 3525 513 ἀλλ’
3563 465 3720 546 ἐπειδὴ

520 548 851 604 voluntatem
889 544 983 600 Dei
1021 560 1115 615 per
1137 559 1237 599 nos
1271 542 1495 598 deﬁnita
1526 543 1695 599 sunt?
1722 541 1925 598 Verum
1954 541 2087 612 quia

520 640 678 695 multi
709 641 811 693 hoc
840 654 947 692 non
995 651 1117 692 esse
1164 635 1532 691 necessarium
1582 640 1943 705 putaverunt;
1977 632 2087 687 imo

520 732 856 788 confundere
883 730 1103 785 ordines
1121 769 1136 793 ,
1166 744 1229 782 ac
1258 728 1554 797 unicuique
1585 727 1846 781 tributam
1865 727 2085 781 ordina-

520 827 721 881 tionem
751 823 1080 878 labefactare
1104 822 1323 886 audent,
1350 820 1454 875 sibi
1484 819 1810 890 arripientes
1832 834 1940 873 non
1970 825 2086 872 tra-

518 918 661 973 ditas
690 917 1006 987 dignitates,
1032 930 1094 969 ac
1118 913 1401 985 tyrannice
1436 912 1813 983 permittentes
1844 911 1949 967 sibi
1981 926 2045 966 ea
2065 950 2081 975 ,

515 1027 748 1082 quorum
778 1010 1081 1064 dandorum
1111 1012 1435 1077 potestatem
1459 1020 1568 1059 non
1603 1004 1838 1071 habent;
1867 1019 1932 1058 ac
1956 1018 2084 1074 pro-

514 1111 722 1174 pterea,
769 1108 885 1155 tum
938 1099 1105 1155 Deum
1150 1098 1397 1161 irritant,
1431 1096 1887 1167 quemadmodum
1926 1094 2083 1149 Cori-

512 1195 661 1259 tae“,
684 1200 739 1249 et
765 1208 858 1248 rex
885 1190 1048 1246 Ozias
1064 1191 1130 1257 “,
1153 1190 1247 1260 qui
1268 1195 1465 1258 praeter
1484 1188 1803 1260 dignitatem
1826 1228 1840 1252 ,
1871 1203 1934 1243 ac
1962 1187 2082 1243 sine

512 1285 623 1341 Deo
679 1289 1015 1354 usurparunt
1063 1280 1475 1352 pontiﬁcatum,
1535 1287 1698 1350 atque
1736 1279 1815 1335 illi
1859 1278 2080 1349 quidem

511 1377 643 1432 facti
689 1385 816 1432 sunt
845 1374 987 1447 ignis
1017 1373 1298 1444 pabulum,
1325 1373 1414 1427 hic
1442 1387 1569 1428 vero
1602 1372 1659 1427 in
1690 1371 1870 1427 fronte
1899 1371 2080 1441 lepro-

511 1485 641 1537 sus;
674 1475 786 1523 tum
818 1475 1144 1538 exasperant
1170 1465 1451 1520 Christum
1480 1463 1691 1529 Jesum,
1722 1464 1817 1535 qui
1844 1464 1916 1519 ita
1946 1479 2080 1519 con-

510 1560 731 1627 stituit;
765 1568 881 1614 tum
925 1559 1284 1614 constristant
1329 1556 1595 1629 Spiritum
1625 1566 1894 1624 sanctum,
1924 1558 2079 1611 inﬁr-

509 1662 720 1710 mantes
767 1653 913 1709 illius
956 1651 1327 1708 testimonium
1367 1669 1379 1705 :
1412 1649 1625 1704 idcirco
1656 1649 1815 1719 jure,
1859 1650 2077 1719 pericu-

507 1749 617 1801 lum
641 1746 708 1801 iis
734 1746 826 1817 qui
861 1746 975 1801 bazc
997 1745 1287 1817 designant
1310 1744 1632 1815 impendens
1651 1744 2070 1815 prospicientes,

504 1849 558 1895 et
587 1840 970 1912 negligentiam
994 1839 1051 1892 in
1093 1836 1379 1893 sacriﬁciis
1413 1851 1476 1891 ac
1509 1837 1811 1908 gratiarum
1842 1836 2075 1889 actioni-

504 1936 627 1998 bus,
661 1949 726 1989 eo
754 1932 901 2003 quod
942 1932 1108 2002 impie
1135 1930 1438 1986 offerantur
1474 1931 1541 1985 ab
1565 1930 1633 1985 iis
1664 1944 1694 1983 a
1722 1929 1925 2000 quibus
1962 1944 2073 1984 non

502 2034 735 2099 Oportet,
760 2026 963 2096 quique
991 2025 1254 2079 honorem
1282 2022 1647 2093 pontiﬁcalem
1669 2063 1684 2087 ,
1729 2023 2071 2092 complexum

503 2120 687 2189 magni
719 2117 993 2188 pontiﬁcis
1021 2115 1151 2171 Jesu
1178 2116 1383 2170 Christi
1410 2114 1556 2184 regis
1594 2115 1770 2170 nostri
1810 2113 2073 2168 imitatio-

503 2226 649 2273 nem,
678 2225 774 2279 pro
800 2210 926 2264 ludo
954 2209 1184 2274 habent;
1211 2206 1615 2276 ideo,inquam,
1636 2219 1858 2261 necesse
1883 2204 1981 2259 fuit
2004 2206 2072 2262 de

502 2320 568 2358 eo
617 2319 835 2374 quoque
881 2300 1212 2356 admonere:
1248 2299 1360 2369 jam
1393 2299 1538 2354 enim
1569 2297 1789 2368 quidam
1821 2296 2070 2353 conversi

503 2405 631 2452 sunt
656 2403 802 2451 retro
831 2402 952 2465 post
979 2394 1276 2448 vanitatem
1306 2406 1462 2447 suam
1480 2391 1545 2445 ³³.
1578 2389 1765 2459 Itaque
1798 2389 2032 2444 dicimus
2052 2430 2067 2455 ,

501 2492 647 2561 quod
690 2489 888 2553 Moses,
933 2487 1027 2542 Dei
1060 2486 1295 2540 famulus
1316 2524 1330 2549 ,
1374 2499 1501 2540 cum
1532 2499 1641 2552 quo
1673 2482 1816 2537 Deus
1841 2481 1978 2536 facie
2001 2482 2069 2536 ad

501 2584 699 2637 faciem
736 2580 1183 2651 colloquebatur,
1224 2584 1283 2633 ut
1305 2577 1351 2633 si
1379 2578 1503 2647 quis
1531 2577 1785 2647 loquatur
1821 2576 1890 2630 ad
1933 2573 2070 2629 ami-

503 2687 627 2727 cum
658 2688 819 2727 suum
842 2673 921 2739 ";
947 2674 1035 2729 cui
1065 2674 1203 2729 dixit
1229 2688 1243 2725 :
1278 2690 1296 2724 ι
1336 2671 1473 2727 Novi
1504 2682 1553 2727 te
1581 2688 1690 2742 prae
1713 2674 2004 2739 omnibus;
2043 2690 2067 2727 ι

502 2778 627 2819 eum
653 2779 764 2834 quo
786 2766 853 2820 ad
884 2780 947 2822 os
983 2766 1330 2837 loquebatur,
1360 2775 1413 2820 et
1440 2780 1545 2819 non
1576 2780 1671 2835 per
1702 2765 1955 2830 obscura,
1987 2764 2072 2818 vel

501 2857 734 2922 somnia,
758 2858 841 2912 vel
862 2859 1106 2928 angelos,
1130 2858 1213 2913 vel
1234 2857 1518 2928 aenigmata
1535 2858 1601 2919 ³⁵,
1622 2857 1708 2910 hic
1729 2856 1922 2922 Moses,
1946 2870 2071 2910 cum

500 2950 739 3006 divinam
777 2949 1169 3019 legislationem
1211 2946 1602 3007 constitueret,
1634 2944 1884 2999 distinxit
1919 2958 2067 3013 quae-

500 3058 627 3097 nam
659 3048 934 3112 Oporteret
970 3039 1154 3110 peragi
1178 3053 1210 3091 a
1243 3037 1613 3109 pontiﬁcibus,
1648 3050 1895 3105 quamam
1920 3050 1950 3087 a
1977 3050 2068 3089 sa—

2188 539 2464 610 πάρεργον
2510 541 2558 594 οί
2607 540 2790 595 πολλοὶ
2826 542 3099 597 καὶτοῦτο
3138 547 3407 617 ἡγήσαντο
3441 548 3584 622 εἶναι,
3610 539 3719 631 (my.-

2186 632 2330 702 χέειν
2360 632 2416 685 δὲ
2453 632 2551 696 τὰς
2586 633 2769 698 τάξεις
2810 636 2903 689 καὶ
2924 637 3023 709 τὴν
3054 639 3139 708 ἐφ’
3173 641 3403 695 ἑκάστου
3433 654 3721 718 χειροτονίαν

2186 727 2509 794 παρακινεῖν
2556 726 2848 797 τολμῶσιν,
2890 729 3303 800 ὑφαρπάζοντες
3343 736 3542 803 ἑαυτοῖς
3587 743 3721 810 ἀξιώ.

2188 823 2334 884 ματα
2361 815 2428 868 τὰ
2463 817 2537 888 μὴ
2567 817 2833 888 διδόμενα,
2859 822 2953 874 καὶ
2992 823 3373 893 ἐπιτρέποντες
3419 830 3613 897 ἑαυτοῖς
3643 854 3714 889 τυ.

2186 906 2450 975 ραννικῶς
2474 908 2509 961 ἃ
2546 910 2620 979 μὴ
2657 910 2873 981 ἔχουσιν
2903 910 3151 978 ἐξουσίαν
3171 917 3388 982 διδόναι,
3415 922 3503 973 καὶ
3527 922 3606 978 διὰ
3623 926 3722 980 τοῦ-

2181 1016 2243 1051 το
2265 999 2657 1070 παροργίζουσι
2685 1005 2783 1074 μὲν
2806 1005 2959 1072 Θεὸν,
2990 1007 3179 1081 ὥσπερ
3212 1011 3260 1062 οἱ
3290 1012 3570 1082 Κορεῖται,
3593 1018 3674 1071 καὶ
3696 1019 3720 1073 ὁ

2184 1089 2436 1182 βασιλεὺς
2466 1092 2645 1158 Ὀζίας
2666 1136 2681 1161 ,
2709 1098 2841 1169 παρ’
2865 1098 3020 1165 ἀξίαν
3039 1101 3349 1173 ἐπιθέμενοι
3379 1103 3503 1159 ἄνευ
3526 1106 3643 1160 Θεοῦ
3664 1112 3721 1182 τῇ

2181 1180 2586 1256 ἀρχιερωσύνη,
2613 1188 2707 1241 καὶ
2724 1190 3029 1261 γενόμενοι,
3053 1194 3102 1246 oi
3128 1195 3226 1264 μὲν
3252 1196 3613 1269 πυρίφλεκτοι,
3636 1180 3724 1255 6δέ

2181 1274 2323 1328 κατὰ
2357 1277 2451 1330 τοῦ
2493 1278 2745 1350 μετώπου
2773 1281 2989 1353 λεπρός·
3023 1283 3383 1356 παροξύνουσι
3437 1288 3493 1342 δὲ
3518 1291 3722 1361 Χριστὸν

2182 1365 2291 1438 (88)
2347 1369 2555 1440 Ἰησοῦν
2603 1372 2694 1426 τὸν
2749 1374 3174 1446 διαταξάμενον,
3203 1379 3432 1434 λυποῦσι
3459 1380 3515 1435 δὲ
3559 1385 3643 1437 καὶ
3674 1387 3725 1440 τὸ

2179 1460 2402 1533 Πνεῦμα
2429 1464 2491 1517 τὸ
2521 1463 2694 1534 ἅγιον,
2728 1466 3057 1539 ἀκυροῦντες
3091 1468 3254 1522 αὑτοῦ
3283 1471 3689 1549 τὴνμαρτυρίαν
3708 1493 3720 1508 ·

2178 1551 2420 1620 εἰκότως,
2442 1557 2533 1608 τὸν
2548 1557 2927 1628 ἐπηρτημένον
2943 1559 3053 1631 (89)
3066 1560 3310 1616 κίνδυνον
3324 1567 3437 1628 τοῖς
3448 1564 3515 1619 τὰ
3532 1567 3725 1623 τοιαῦτα

2177 1643 2476 1717 πράττουσι
2507 1649 2897 1719 προειδόμενοι,
2935 1653 3031 1705 καὶ
3055 1652 3156 1724 τὴν
3185 1654 3267 1717 είς
3302 1654 3403 1719 τάς
3443 1656 3621 1721 θυσίας
3649 1660 3726 1712 καὶ

2177 1736 2523 1808 εὐχαριστίας
2553 1739 2834 1809 ἀμέλειαν,
2881 1744 2946 1796 ἐκ
2968 1742 3063 1797 τοῦ
3097 1744 3185 1813 ὑφ’
3212 1738 3285 1800 ὧν
3337 1747 3410 1818 μὴ
3441 1748 3545 1818 χρὴ
3575 1766 3722 1820 προσ-

2176 1829 2448 1899 αγομένας
2474 1831 2704 1900 ἀσεϐῶς,
2732 1835 2950 1889 παιδιὰν
2972 1837 3286 1908 ἡγουμένων
3315 1838 3415 1909 τὴν
3444 1840 3728 1913 ἀρχιερατι-

2174 1922 2296 1993 κὴν,
2328 1923 2450 1994 ἥτις
2494 1924 2724 1997 μίμησιν
2770 1928 3014 2000 περιέχει
3046 1929 3139 1982 τοῦ
3180 1931 3417 2001 μεγάλου
3458 1934 3727 2005 ἀρχιερέως

2188 2014 2361 2087 Ἰησοῦ
2390 2016 2626 2088 Χριστοῦ
2658 2018 2921 2088 βασιλέως
2941 2022 2973 2091 ἡ
2982 2021 3119 2092 μῶν,
3145 2023 3393 2095 ἀνάγκην
3410 2024 3632 2096 ἔσχομεν
3650 2028 3729 2081 καὶ

2172 2107 2330 2161 τοῦτο
2355 2111 2709 2181 παραινέσαι·
2745 2113 2845 2184 ἤδη
2872 2113 2980 2185 γάρ
3010 2132 3152 2178 τινες
3183 2114 3556 2189 ἐξετράπησαν
3581 2120 3730 2173 ὀπίσω

2170 2201 2271 2272 τῆς
2316 2202 2522 2255 ἑαυτῶν
2557 2205 2943 2276 ματαιότητος·
3001 2208 3231 2280 λέγομεν
3256 2210 3367 2282 (90)
3415 2212 3491 2275 ὡς
3530 2214 3727 2284 Μωσῆς,

2172 2294 2200 2346 ό
2226 2292 2321 2346 τοῦ
2351 2294 2485 2349 Θεοῦ
2513 2295 2787 2367 θεράπων,
2821 2292 2865 2369 ᾦ
2896 2302 2923 2354 ὁ
2944 2301 3075 2365 Θεὸς
3103 2300 3332 2368 ἐνώπιος
3363 2304 3574 2377 ἐνωπίῳ
3609 2304 3729 2377 ὡμί-

2172 2385 2272 2451 λει,
2316 2389 2391 2452 ὼς
2432 2390 2593 2454 εἴτις
2632 2391 2839 2464 λαλήσῃ
2876 2392 3014 2464 πρὸς
3044 2393 3239 2447 ἐαυτοῦ
3281 2394 3460 2464 φίλον,
3494 2389 3537 2463 ᾧ
3567 2394 3727 2448 εἰπενο

2178 2477 2363 2535 ιὈῖδά
2402 2498 2460 2535 σε
2490 2482 2641 2555 παρὰ
2668 2485 2876 2548 πάντας
2895 2502 2907 2514 ·
2949 2504 2967 2537 ι
3001 2477 3045 2553 ᾦ
3074 2486 3214 2539 κατὰ
3250 2487 3542 2559 πρόσωπον
3562 2488 3732 2559 ὡμίλει

2173 2575 2265 2626 καὶ
2281 2574 2342 2626 οὐ
2372 2574 2439 2628 δι’
2458 2575 2666 2646 ἀδήλων
2683 2578 2748 2641 ³⁸,
2771 2576 2804 2648 ἢ
2831 2578 3114 2643 ἐνυπνίων,
3147 2579 3179 2651 ἢ
3218 2580 3488 2649 ἀγγέλων,
3521 2581 3553 2652 ἢ
3578 2584 3730 2649 αἰνιγ-

2174 2665 2358 2735 μάτων
2381 2682 2394 2695 ·
2424 2660 2578 2731 οὗτος
2601 2667 2763 2739 ἡνίκα
2790 2670 2888 2741 τὴν
2910 2669 3061 2723 θείαν
3081 2671 3405 2742 νομοθεσίαν
3426 2672 3731 2738 διετάσσετο,

2169 2756 2331 2810 διεῖλε
2360 2757 2480 2812 τίνα
2505 2760 2601 2831 μέν
2632 2761 2737 2833 χρὴ
2759 2761 2863 2815 ὑπὸ
2885 2762 2991 2816 τῶν
3021 2764 3323 2835 ἀρχιερέων
3354 2764 3731 2830 ἐπιτελεῖσθαι,

2167 2850 2289 2903 τίνα
2325 2850 2382 2904 δὲ
2426 2851 2532 2905 ὑπὸ
2572 2851 2681 2905 τῶν
2716 2854 2926 2923 ἱερέων,
2960 2854 3081 2909 τίνα
3111 2855 3167 2909 δὲ
3191 2856 3295 2910 ὑπὸ
3337 2858 3451 2911 τῶν
3495 2858 3731 2923 λευιτῶν,

2169 2941 2384 3013 ἑκάστῳ
2417 2943 2517 3012 τὴν
2568 2945 2774 3001 οἰκείαν
2826 2932 2938 3001 καὶ·
2972 2949 3279 3020 ἀνήκουσαν
3326 2952 3395 3022 τῇ
3450 2950 3737 3023 λειτουργίᾳ

2169 3032 2462 3105 θρησκείαν
2491 3038 2812 3110 ἀπονείμας,
2844 3041 2938 3094 καὶ
2985 3040 3128 3113 ἅπερ
3162 3044 3259 3114 μὲν
3296 3047 3415 3107 τοῖς
3443 3042 3739 3117 ἀρχιερεῦσι,

500 3134 833 3199 cerdotibus,
865 3146 1113 3202 quamam
1138 3145 1169 3183 a
1200 3129 1378 3185 levitis
1398 3168 1413 3193 ,
1446 3143 1510 3182 ac
1541 3128 1819 3182 distribuit
1848 3126 2065 3182 unicui-

2174 3130 2541 3198 προστέτακτο
2577 3132 2874 3201 ἐπιτελεῖν,
2906 3135 3119 3199 τούτοις
3163 3136 3290 3200 τοὺς
3332 3138 3521 3211 ἱερέας
3564 3139 3622 3193 οὐ
3665 3138 3738 3190 θε-

498 3243 605 3298 que
625 3227 834 3281 cultum
863 3224 1143 3294 proprium
1167 3237 1376 3291 suoque
1407 3220 1714 3275 ministerio
1743 3220 2069 3277 convenien-

501 3330 642 3387 tem;
675 3326 729 3374 et
780 3317 849 3371 ad
877 3331 941 3371 ea
980 3314 1202 3385 quidem
1241 3328 1362 3383 quae
1392 3312 1558 3381 jussit
1586 3312 1870 3381 pontiﬁces
1901 3312 2065 3382 perﬁ-

498 3427 642 3474 cere,
679 3409 761 3464 fas
783 3423 893 3462 non
924 3413 1042 3461 erat
1079 3410 1140 3459 ut
1180 3404 1504 3475 accederent
1528 3402 1874 3471 sacerdotes;
1910 3402 1976 3457 ad
2000 3418 2064 3458 ea

497 3517 628 3557 vero
659 3516 779 3571 qua:
821 3498 1200 3555 sacerdotibus
1242 3496 1465 3551 deﬁnita
1509 3503 1688 3559 erant,
1734 3496 1909 3551 levitae
1951 3511 2064 3550 non

499 3592 957 3658 admittebantur;
1002 3590 1094 3645 sed
1152 3589 1352 3660 singuli
1395 3588 1700 3642 ministeria
1741 3588 2063 3663 przescripta

497 3702 617 3757 quae
641 3690 967 3753 acceperant
995 3681 1319 3747 servabant;
1350 3680 1397 3734 si
1426 3679 1551 3748 quis
1578 3689 1760 3734 autem
1788 3681 1928 3734 ultra
1956 3679 2062 3736 sibi

496 3779 757 3833 traditum
788 3776 1028 3830 ofﬁcium
1055 3772 1309 3844 progredi
1340 3772 1647 3837 nitebatur,
1684 3772 2063 3853 morte

496 3870 768 3941 pmnas".
795 3868 907 3923 Hoc
935 3883 1064 3923 vero
1088 3866 1360 3938 praecipue
1389 3865 1783 3921 demonstravit
1808 3865 1885 3931 id,
1910 3854 2062 3937 quod

499 3964 647 4018 Sauli
672 3962 903 4033 contigit
928 3979 943 4029 ;
975 3960 1069 4032 qui
1099 3975 1223 4015 cum
1247 3959 1618 4016 existimasset
1633 3974 1693 4014 sc
1714 3960 1919 4030 absque
1937 3976 2061 4031 pro-

2171 3221 2322 3291 μιτὸν
2356 3217 2422 3293 ἦν
2454 3224 2767 3294 προσιέναι·
2812 3224 2956 3298 ἀπερ
3000 3227 3056 3281 δὲ
3084 3231 3197 3292 τοῖς
3247 3230 3491 3301 ἱερεῦσιν
3520 3230 3735 3302 ὥριστο,

2166 3313 2380 3379 τούτοις
2399 3316 2446 3368 οἱ
2464 3315 2666 3370 λευίται
2683 3318 2743 3371 οὐ
2765 3319 3057 3390 προσίεσαν
3072 3337 3084 3350 ο
3105 3321 3219 3374 ἀλλ’
3237 3322 3466 3377 ’ἐκαστοι
3489 3324 3629 3396 άπερ
3643 3322 3737 3394 (91)

2166 3407 2592 3479 παρειλήφεισαν
2629 3410 2928 3482 ὑπηρεσίας
2954 3416 3505 3486 περιγεγραμμένας,
3530 3415 3737 3485 ἐφύλατ-

2164 3515 2290 3551 τονο
2336 3501 2385 3553 εἰ
2420 3499 2476 3553 δέ
2519 3518 2603 3565 τις
2656 3502 2800 3575 πέρα
2847 3504 2948 3575 τῆς
2978 3505 3332 3577 παραδόσεως
3383 3510 3665 3581 προσιέναι
3701 3510 3742 3560 ὲ-

2165 3592 2404 3661 6ούλετο,
2438 3593 2667 3660 θάνατος
2690 3596 2800 3668 (9‘2)
2829 3593 2896 3669 ἧν
2922 3598 2982 3652 τὸ
3024 3599 3322 3671 ἐπιτίμιον.
3358 3601 3538 3655 Τοῦτο
3573 3602 3626 3655 δὲ

2164 3685 2321 3740 λιστα
2344 3687 2566 3752 διέδειξε
2595 3689 2690 3741 καὶ
2717 3691 2749 3760 ἡ
2787 3690 2929 3743 κατά
2955 3690 3044 3743 τὸν
3071 3692 3242 3745 Σαοὺλ
3264 3696 3437 3766 πεῖρα
3462 3712 3475 3725 ·
3513 3696 3571 3759 ὃς
3598 3695 3739 3747 θῦσαι

2165 3779 2466 3850 νενομικὼς
2480 3781 2604 3852 δίχα
2623 3781 2715 3834 τοῦ
2740 3784 3018 3854 προφήτου
3042 3784 3135 3837 καὶ
3155 3785 3466 3858 ἀρχιερέως
3483 3786 3746 3859 Σαμουὴλ,⁷

2163 3868 2398 3925 ἔσπασεν
2446 3873 2525 3935 είς
2574 3873 2767 3927 ἑαυτὸν
2812 3875 3088 3946 ἀμαρτίαν
3136 3878 3230 3930 καὶ
3259 3879 3521 3951 κατάραν
3556 3879 3739 3932 ἀναπό-

2163 3962 2385 4036 ϐλητον·
2412 3966 2507 4019 καὶ
2530 3966 2651 4020 οὐδὲ
2682 3968 2743 4020 τὸ
2773 3969 3062 4040 κεχρῖσθαι
3088 3971 3182 4022 ὑπ’
3202 3970 3373 4025 αὐτοῦ
3396 3975 3483 4035 είς
3512 3970 3735 4042 βασιλέα,

501 4056 660 4125 pheta
714 4062 770 4107 et
814 4052 1071 4123 pontiﬁce
1118 4049 1371 4107 Samuele
1422 4052 1733 4108 sacriﬁcare
1778 4069 1959 4124 posse,
2001 4056 2069 4110 ad

2174 4056 2479 4130 ἑδυσὼπησε
2493 4058 2582 4112 τὸν
2602 4061 2911 4132 προφήτην.
2931 4062 3325 4136 Ἐνεργεστέρᾳ
3341 4065 3390 4097 ³ο
3406 4065 3466 4119 δὲ
3481 4068 3548 4136 τῇ
3564 4063 3753 4135 πράξει.

499 4160 557 4200 se
586 4154 867 4215 peccatum
901 4154 954 4199 et
988 4142 1331 4199 maledictum
1381 4160 1658 4215 nunquam
1707 4146 2066 4216 abjiciendum

2174 4148 2408 4215 ῑιέδειξεν
2444 4152 2471 4205 ὁ
2498 4151 2631 4215 Θεὸς
2661 4154 2717 4207 ἐν
2747 4156 2863 4217 τοῖς
2890 4154 3031 4209 κατὰ
3057 4154 3149 4208 τὸν
3193 4156 3402 4223 Ὀζίαν,
3439 4158 3545 4210 οὐκ
3577 4157 3631 4207 ἐν
3656 4170 3734 4226 με·

501 4235 757 4302 attraxit;
787 4250 961 4305 neque
992 4234 1313 4304 prophetam
1350 4235 1520 4290 movit
1551 4251 1614 4290 ac
1636 4235 1801 4299 ﬂexit,
1828 4237 1971 4307 quod
2002 4239 2071 4291 ab

2174 4243 2335 4315 ίισμῷ
2363 4243 2520 4311 ⁸¹τὰς
2540 4246 2633 4298 ἐπὶ
2652 4248 2716 4318 τῇ
2749 4249 3063 4320 παρανομία
3106 4249 3557 4321 είσπράξαμενος
3579 4249 3737 4311 δίκας·

502 4329 619 4397 ipso
648 4327 777 4382 Saul
802 4328 854 4381 in
884 4342 1063 4397 regem
1099 4336 1292 4381 unctus
1322 4326 1514 4383 fuisset
1536 4328 1601 4382 ³³.
1634 4327 1746 4383 Hoc
1771 4331 1932 4384 etiam
1959 4330 2072 4385 evi-

2174 4336 2254 4388 ιαὶ
2280 4336 2417 4407 ὁτῆς
2428 4338 2839 4410 ἀρχιερωσύνης
2866 4341 3220 4412 καταμανεὶς,
3241 4342 3335 4395 καὶ
3358 4342 3468 4413 τῆς
3480 4340 3738 4412 βασιλείας

501 4419 735 4476 dentiori
782 4421 1099 4491 operatione
1127 4418 1517 4475 demonstravit
1556 4420 1700 4477 Deus
1735 4437 1829 4492 per
1859 4438 1923 4478 ea
1950 4439 2071 4494 quae

2174 4427 2436 4500 ὶλλότριος
2456 4430 2716 4502 κατέστη.
2735 4431 2817 4484 Τά
2835 4430 2892 4484 δὲ
2916 4433 3000 4502 ἐφ’
3021 4432 3175 4503 ἡμῶν
3204 4434 3334 4497 ἴσως
3354 4435 3464 4488 οὐκ
3487 4436 3738 4503 ἀγνοεῖτε.

501 4505 646 4562 Ozias
694 4508 1034 4573 acciderunt,
1079 4508 1147 4563 de
1195 4508 1352 4577 cujus
1401 4511 1850 4581 praevaricatione
1893 4514 2072 4585 exegit

2174 4478 2333 4573 Ἰσκτει
2364 4478 2474 4593 γάρ
2522 4478 2739 4588 πάντως
2781 4478 3113 4589 ἐπισκόπόιῑς
3159 4478 3513 4597 παρ’ἳήμῶν
3538 4478 3741 4595 ⁸ὀνομα-

501 4613 691 4667 pcenas
725 4598 931 4668 absque
962 4614 1145 4665 mora;
1174 4608 1226 4654 et
1250 4600 1344 4670 qui
1371 4609 1561 4655 contra
1587 4601 1963 4671 pontiﬁcatum
1994 4605 2072 4658 in-

2174 4614 2407 4680 τθέντας,
2439 4616 2533 4669 καὶ
2561 4602 2986 4689 πρεσϐυτέρους,
3020 4618 3114 4672 καὶ
3151 4618 3464 4687 διακόνους,
3498 4621 3631 4689 εὐχῇ
3661 4616 3742 4669 καὶ

502 4691 763 4758 sanierat,
785 4705 955 4761 regno
980 4706 1200 4762 quoque
1225 4693 1417 4763 pulsus
1451 4703 1534 4749 est
1557 4695 1622 4746 '9.
1648 4693 1914 4750 Caeterum
1950 4712 2072 4766 quae

2174 4707 2358 4779 χειρῶν
2387 4707 2647 4776 ἐπιθέσει,
2680 4713 2745 4781 τῇ
2793 4710 3022 4783 διαφορᾷ
3047 4710 3155 4764 τῶν
3184 4711 3477 4781 ὀνομάτων
3514 4711 3610 4764 καὶ
3639 4706 3737 4779 (95)

501 4782 623 4839 sub.
639 4782 799 4838 nobis
848 4792 969 4838 acta
1010 4784 1140 4851 sint,
1173 4784 1400 4841 forsitan
1432 4801 1541 4841 non
1588 4786 1871 4857 ignoratis.
1909 4788 2071 4846 Scitis

2174 4799 2259 4869 τὴν
2295 4799 2555 4872 διαφορὰν
2583 4801 2692 4855 τῶν
2721 4803 3065 4874 πραγμάτων
3106 4802 3481 4867 δεικνύοντας.
3534 4803 3611 4857 Οὐ
3646 4798 3740 4868 γὰρ

499 4876 647 4931 enim
678 4877 902 4933 omnino
943 4877 1248 4949 episcopos,
1278 4879 1625 4950 presbyteros
1664 4889 1719 4936 et
1746 4881 2007 4939 diaconos
2038 4900 2071 4940 a

2174 4891 2188 4957 ξ
2219 4890 2537 4977 βουλόμενος
2584 4896 2711 4966 παρ’
2741 4896 2870 4966 ἡμῖν
2911 4894 3149 4967 ἐπλήρου
3192 4895 3289 4967 τὴν
3327 4900 3524 4969 χεῖρα,
3562 4894 3739 4961 ὥσπερ

549 5013 588 5043 ²¹
618 5011 788 5096 βοτη,
813 5029 956 5096 xvl._
988 5013 1124 5096 ""ll
1157 5013 1510 5096 Paral_._x_rvr.
1586 5017 1631 5049 ’³
1668 5019 1706 5075 l.
1731 5018 1927 5096 Tim.
1954 5039 2005 5088 v,
2040 5025 2061 5078 1

2202 5028 2247 5059 ’⁵
2285 5028 2444 5084 Num.
2476 5046 2572 5093 xu,
2598 5037 2653 5096 8;
2714 5029 2884 5084 Exod.
2912 5045 3109 5096 χχχιιι,
3164 5031 3252 5093 11,
3313 5030 3414 5088 17.

489 5098 586 5173 3m,
617 5084 668 5164 8;
824 5085 895 5139 al.
927 5083 1235 5173 διάτδήλων.
1309 5088 1353 5120 ³⁷
1390 5087 1549 5145 Νυω.
1577 5104 1651 5145 Iv.
1730 5090 1775 5121 ³⁸
1811 5083 2067 5164 11ὶθς.ἰι

2213 5099 2258 5129 ²⁹
2280 5098 2323 5153 ll
2346 5083 2523 5155 Paral.
2550 5083 2695 5156 itva
2776 5101 2821 5133 ³ο
2860 5100 2901 5156 f.
2952 5083 3342 5173 ἐναργεστέρᾳζ

486 5151 696 5225 λησμῷ.
728 5152 819 5209 Sic
845 5155 973 5241 cod,
993 5151 1153 5211 Vinii.

3500 5032 3547 5063 ³⁸
3587 5028 3733 5082 Num.

3460 5101 3508 5133 at
3550 5100 3589 5155 ί.
3623 5096 3732 5171 Pe),

1778 5311 2134 5372 VARIORUM
2184 5316 2412 5376 NOTAE.

700 5443 980 5528 ξριστόν.
1016 5443 1074 5528 in
1108 5445 1281 5528 altero
1306 5446 1505 5528 καὶτὸν
1533 5448 1805 5528 Χριστόν.-
1829 5448 1906 5528 In.

2174 5453 2219 5508 Id
2255 5458 2581 5528 ύπηρεσίας.
2612 5460 2687 5516 In.

560 5514 668 5603 (8?)
711 5514 1171 5603 ’Enpptrjyeror.
1195 5516 1253 5570 ln
1283 5518 1452 5603 altero
1473 5514 1845 5603 codIOVindob:
1875 5521 2047 5601 ἐπηρ-

2223 5514 2983 5603 (92):6a'raéog,'Scrlplu‘ra
3036 5532 3286 5588 codicum
3344 5535 3572 5594 unius:
3614 5535 3735 5593 ἀνά-

485 5584 765 5705 τισμένοή,
809 5585 966 5653 quasi
1006 5585 1076 5640 ab
1106 5587 1382 5658 ὲπαρτίζω
1430 5590 1643 5660 perﬁcio
1669 5630 1683 5651 ,
1735 5590 1833 5645 sed
1888 5584 2043 5660 prius

488 5667 693 5705 mann.
749 5668 801 5705 n.

2174 5584 2479 5666 ἐμα.’(]οτ.

2216 5667 2326 5705 1cm
2365 5669 2470 5705 rm;

488 5654 693 5737 malini.
717 5654 801 5737 ιιι).
1020 5724 1034 5737 ι
1070 5725 1083 5737 _
1430 5654 1439 5658 ⁷
1466 5728 1480 5737 _
1522 5654 1593 5737 ὐ
1653 5731 1667 5737 _
1888 5654 1908 5660 ’
2142 5654 2326 5737 ηἱθδ)
2358 5669 2489 5722 Καί.
2529 5668 2655 5727 Dele
2687 5672 2828 5728 hanc
2856 5673 3105 5728 voculam
3136 5689 3201 5730 ex
3232 5677 3580 5735 auctoritate
3613 5672 3731 5735 cod.

582 5721 674 5859 9οζ
698 5723 976 5790 Λέγομεν.
1007 5724 1187 5779 Addit.
1210 5726 1348 5782 alter
1381 5728 1502 5782 cod.
1540 5730 1615 5784 δέ.
1652 5731 1725 5784 In.

585 5788 645 5842 91
713 5792 912 5859 Ἀπερ,
946 5792 1134 5850 Melius
1156 5796 1277 5849 cod.
1317 5796 1544 5854 Vindob.
1583 5800 1745 5859 ἆς.ιιι
1765 5800 2035 5857 referatur

2174 5721 2499 5793 νὶἰιύίϐιειι.

585 5788 674 5859 91)
713 5788 912 5859 "map.
946 5792 1134 5850 Melius
1156 5796 1277 5849 cod.
1317 5796 1544 5854 Vindob.
1583 5800 1745 5867 ἆς,ιιι
1765 5800 2035 5857 referatur

3928 3776 3929 3859 ί

3927 3964 3929 4059 l
