  <div class='ocr_page' id='page_1' title='image "/cluster/home/n/w/nwhite01/storage/ocr_20150623/1/mdp.39015014764065/588.png"; bbox 0 0 4000 6266; ppageno 0'>
   <div class='ocr_carea' id='block_1_1' title="bbox 372 438 509 496">
    <p class='ocr_par' dir='ltr' id='par_1_1' title="bbox 372 438 509 496">
     <span class='ocr_line' id='line_1_1' title="bbox 372 438 509 496; baseline 0.015 -2"><span class='ocrx_word' id='word_1_1' title='bbox 372 438 509 496; x_wconf 76' lang='lat'><strong>“53</strong></span> 
     </span>
    </p>
   </div>
   <div class='ocr_carea' id='block_1_2' title="bbox 1234 434 2767 496">
    <p class='ocr_par' dir='ltr' id='par_1_2' title="bbox 1234 434 2767 496">
     <span class='ocr_line' id='line_1_2' title="bbox 1234 434 2767 496; baseline -0.005 0"><span class='ocrx_word' id='word_1_2' title='bbox 1234 436 1827 496; x_wconf 83' lang='lat' dir='ltr'><strong>CONSTITUTIONES</strong></span> <span class='ocrx_word' id='word_1_3' title='bbox 1859 434 2331 493; x_wconf 67' lang='lat' dir='ltr'><strong>APOSTOLICAE.</strong></span> <span class='ocrx_word' id='word_1_4' title='bbox 2366 463 2435 474; x_wconf 93' lang='lat'><strong>—</strong></span> <span class='ocrx_word' id='word_1_5' title='bbox 2466 434 2593 491; x_wconf 86' lang='lat' dir='ltr'><strong>LIB.</strong></span> <span class='ocrx_word' id='word_1_6' title='bbox 2631 434 2767 490; x_wconf 81' lang='lat' dir='ltr'><strong>Vill.</strong></span> 
     </span>
    </p>
   </div>
   <div class='ocr_carea' id='block_1_3' title="bbox 3462 427 3597 484">
    <p class='ocr_par' dir='ltr' id='par_1_3' title="bbox 3462 427 3597 484">
     <span class='ocr_line' id='line_1_3' title="bbox 3462 427 3597 484; baseline 0 -1"><span class='ocrx_word' id='word_1_7' title='bbox 3462 427 3597 484; x_wconf 67' lang='grc' dir='ltr'><strong>ΗΜ</strong></span> 
     </span>
    </p>
   </div>
   <div class='ocr_carea' id='block_1_4' title="bbox 364 546 1961 624">
    <p class='ocr_par' dir='ltr' id='par_1_4' title="bbox 364 551 1937 624">
     <span class='ocr_line' id='line_1_4' title="bbox 364 551 1937 624; baseline -0.002 -16"><span class='ocrx_word' id='word_1_8' title='bbox 364 553 457 608; x_wconf 71' lang='grc' dir='ltr'>ἐπὶ</span> <span class='ocrx_word' id='word_1_9' title='bbox 485 552 582 623; x_wconf 84' lang='grc' dir='ltr'>τῆς</span> <span class='ocrx_word' id='word_1_10' title='bbox 612 552 861 624; x_wconf 87' lang='grc' dir='ltr'>κιϐδήλου</span> <span class='ocrx_word' id='word_1_11' title='bbox 910 552 1018 606; x_wconf 86' lang='grc' dir='ltr'><strong>τῶν</strong></span> <span class='ocrx_word' id='word_1_12' title='bbox 1058 553 1346 624; x_wconf 80' lang='grc' dir='ltr'>δαμάλεων</span> <span class='ocrx_word' id='word_1_13' title='bbox 1383 553 1474 606; x_wconf 75' lang='grc' dir='ltr'>ἐπὶ</span> <span class='ocrx_word' id='word_1_14' title='bbox 1521 553 1615 606; x_wconf 91' lang='grc' dir='ltr'><strong>τοῦ</strong></span> <span class='ocrx_word' id='word_1_15' title='bbox 1658 551 1937 624; x_wconf 85' lang='grc' dir='ltr'>Ἰεροϐοάμ</span> 
     </span>
    </p>
   </div>
   <div class='ocr_carea' id='block_1_5' title="bbox 2046 546 3592 624">
    <p class='ocr_par' dir='ltr' id='par_1_5' title="bbox 2046 546 3592 621">
     <span class='ocr_line' id='line_1_5' title="bbox 2046 546 3592 621; baseline -0.006 -15"><span class='ocrx_word' id='word_1_16' title='bbox 2046 552 2195 606; x_wconf 89' lang='lat' dir='ltr'><strong>nobis</strong></span> <span class='ocrx_word' id='word_1_17' title='bbox 2211 564 2371 621; x_wconf 86' lang='lat' dir='ltr'><strong>prece</strong></span> <span class='ocrx_word' id='word_1_18' title='bbox 2388 565 2452 604; x_wconf 91' lang='lat' dir='ltr'><strong>ac</strong></span> <span class='ocrx_word' id='word_1_19' title='bbox 2482 564 2740 603; x_wconf 90' lang='lat' dir='ltr'><strong>manuum</strong></span> <span class='ocrx_word' id='word_1_20' title='bbox 2755 546 3099 617; x_wconf 86' lang='lat' dir='ltr'><strong>impositione</strong></span> <span class='ocrx_word' id='word_1_21' title='bbox 3115 548 3424 604; x_wconf 81' lang='lat' dir='ltr'><strong>nominatos</strong></span> <span class='ocrx_word' id='word_1_22' title='bbox 3448 558 3592 608; x_wconf 76' lang='lat' dir='ltr'><strong>esse,</strong></span> 
     </span>
    </p>
   </div>
   <div class='ocr_carea' id='block_1_6' title="bbox 366 644 1937 717">
    <p class='ocr_par' dir='ltr' id='par_1_6' title="bbox 366 644 1937 717">
     <span class='ocr_line' id='line_1_6' title="bbox 366 644 1937 717; baseline -0.001 -19"><span class='ocrx_word' id='word_1_23' title='bbox 366 645 865 716; x_wconf 86' lang='grc' dir='ltr'>παρακεκομμένης</span> <span class='ocrx_word' id='word_1_24' title='bbox 912 645 1241 717; x_wconf 84' lang='grc' dir='ltr'><strong>ἱερωσύνης,</strong></span> <span class='ocrx_word' id='word_1_25' title='bbox 1276 644 1388 699; x_wconf 87' lang='grc' dir='ltr'>ἀλλ’</span> <span class='ocrx_word' id='word_1_26' title='bbox 1415 646 1445 698; x_wconf 99' lang='lat'><strong>6</strong></span> <span class='ocrx_word' id='word_1_27' title='bbox 1471 645 1798 716; x_wconf 87' lang='grc' dir='ltr'>καλούμενος</span> <span class='ocrx_word' id='word_1_28' title='bbox 1834 645 1937 697; x_wconf 86' lang='grc' dir='ltr'><strong>ὑπὸ</strong></span> 
     </span>
    </p>
   </div>
   <div class='ocr_carea' id='block_1_7' title="bbox 363 732 1937 809">
    <p class='ocr_par' dir='ltr' id='par_1_7' title="bbox 363 732 1937 809">
     <span class='ocr_line' id='line_1_7' title="bbox 363 732 1937 809; baseline -0.001 -19"><span class='ocrx_word' id='word_1_29' title='bbox 363 736 461 790; x_wconf 88' lang='grc' dir='ltr'><strong>τοῦ</strong></span> <span class='ocrx_word' id='word_1_30' title='bbox 492 735 647 789; x_wconf 83' lang='grc' dir='ltr'><strong>Θεοῦ.</strong></span> <span class='ocrx_word' id='word_1_31' title='bbox 679 737 742 788; x_wconf 82' lang='lat' dir='ltr'><strong>El</strong></span> <span class='ocrx_word' id='word_1_32' title='bbox 773 738 866 806; x_wconf 84' lang='grc' dir='ltr'><strong>μὲν</strong></span> <span class='ocrx_word' id='word_1_33' title='bbox 894 736 1003 808; x_wconf 87' lang='grc' dir='ltr'>γὰρ</span> <span class='ocrx_word' id='word_1_34' title='bbox 1044 738 1119 809; x_wconf 82' lang='grc' dir='ltr'>μὴ</span> <span class='ocrx_word' id='word_1_35' title='bbox 1147 738 1347 807; x_wconf 86' lang='grc' dir='ltr'>θεσμός</span> <span class='ocrx_word' id='word_1_36' title='bbox 1368 754 1453 799; x_wconf 87' lang='grc' dir='ltr'><strong>τις</strong></span> <span class='ocrx_word' id='word_1_37' title='bbox 1484 732 1572 807; x_wconf 79' lang='grc' dir='ltr'>ἦν,</span> <span class='ocrx_word' id='word_1_38' title='bbox 1604 737 1699 790; x_wconf 76' lang='grc' dir='ltr'><strong>καὶ</strong></span> <span class='ocrx_word' id='word_1_39' title='bbox 1734 736 1937 801; x_wconf 81' lang='grc' dir='ltr'><strong>τάξεων</strong></span> 
     </span>
    </p>
   </div>
   <div class='ocr_carea' id='block_1_8' title="bbox 364 828 1934 900">
    <p class='ocr_par' dir='ltr' id='par_1_8' title="bbox 364 828 1934 900">
     <span class='ocr_line' id='line_1_8' title="bbox 364 828 1934 900; baseline -0.001 -17"><span class='ocrx_word' id='word_1_40' title='bbox 364 828 612 900; x_wconf 83' lang='grc' dir='ltr'>διαφορὰ,</span> <span class='ocrx_word' id='word_1_41' title='bbox 641 828 798 899; x_wconf 74' lang='grc' dir='ltr'>ἤρκει</span> <span class='ocrx_word' id='word_1_42' title='bbox 822 828 886 881; x_wconf 81' lang='grc' dir='ltr'>ἂν</span> <span class='ocrx_word' id='word_1_43' title='bbox 915 830 982 882; x_wconf 86' lang='grc' dir='ltr'>δι’</span> <span class='ocrx_word' id='word_1_44' title='bbox 1006 830 1122 892; x_wconf 80' lang='grc' dir='ltr'>ένὸς</span> <span class='ocrx_word' id='word_1_45' title='bbox 1140 830 1398 900; x_wconf 87' lang='grc' dir='ltr'>ὀνόματος</span> <span class='ocrx_word' id='word_1_46' title='bbox 1423 829 1493 883; x_wconf 84' lang='grc' dir='ltr'>τὰ</span> <span class='ocrx_word' id='word_1_47' title='bbox 1524 830 1619 883; x_wconf 81' lang='grc' dir='ltr'><strong>ὅλα</strong></span> <span class='ocrx_word' id='word_1_48' title='bbox 1648 828 1934 882; x_wconf 82' lang='grc' dir='ltr'><strong>τελεῖσθαι.</strong></span> 
     </span>
    </p>
   </div>
   <div class='ocr_carea' id='block_1_9' title="bbox 378 921 1940 993">
    <p class='ocr_par' dir='ltr' id='par_1_9' title="bbox 378 921 1940 993">
     <span class='ocr_line' id='line_1_9' title="bbox 378 921 1940 993; baseline 0.001 -20"><span class='ocrx_word' id='word_1_49' title='bbox 378 921 515 973; x_wconf 81' lang='grc' dir='ltr'>Ἀλλ’</span> <span class='ocrx_word' id='word_1_50' title='bbox 546 921 648 974; x_wconf 85' lang='grc' dir='ltr'><strong>ὑπὸ</strong></span> <span class='ocrx_word' id='word_1_51' title='bbox 677 921 770 975; x_wconf 89' lang='grc' dir='ltr'><strong>τοῦ</strong></span> <span class='ocrx_word' id='word_1_52' title='bbox 805 922 1009 993; x_wconf 81' lang='grc' dir='ltr'>Κυρίου</span> <span class='ocrx_word' id='word_1_53' title='bbox 1039 921 1379 993; x_wconf 77' lang='grc' dir='ltr'><strong>διδαχθέντες</strong></span> <span class='ocrx_word' id='word_1_54' title='bbox 1420 921 1735 976; x_wconf 81' lang='grc' dir='ltr'><strong>ἀκολουθίαν</strong></span> <span class='ocrx_word' id='word_1_55' title='bbox 1763 938 1940 993; x_wconf 82' lang='grc' dir='ltr'>πραγ-</span> 
     </span>
    </p>
   </div>
   <div class='ocr_carea' id='block_1_10' title="bbox 365 1013 1940 1088">
    <p class='ocr_par' dir='ltr' id='par_1_10' title="bbox 365 1013 1940 1088">
     <span class='ocr_line' id='line_1_10' title="bbox 365 1013 1940 1088; baseline 0.001 -23"><span class='ocrx_word' id='word_1_56' title='bbox 365 1013 573 1083; x_wconf 84' lang='grc' dir='ltr'>μάτων,</span> <span class='ocrx_word' id='word_1_57' title='bbox 602 1016 714 1077; x_wconf 87' lang='grc' dir='ltr'>τοῖς</span> <span class='ocrx_word' id='word_1_58' title='bbox 746 1013 841 1084; x_wconf 82' lang='grc' dir='ltr'>μὲν</span> <span class='ocrx_word' id='word_1_59' title='bbox 862 1013 1175 1077; x_wconf 74' lang='grc' dir='ltr'><strong>ἐπισκόποις</strong></span> <span class='ocrx_word' id='word_1_60' title='bbox 1196 1014 1369 1085; x_wconf 83' lang='grc' dir='ltr'>τάτῆς</span> <span class='ocrx_word' id='word_1_61' title='bbox 1386 1013 1790 1088; x_wconf 82' lang='grc' dir='ltr'>ἀρχιερωσύνης</span> <span class='ocrx_word' id='word_1_62' title='bbox 1812 1013 1940 1066; x_wconf 80' lang='grc' dir='ltr'>ένεί-</span> 
     </span>
    </p>
   </div>
   <div class='ocr_carea' id='block_1_11' title="bbox 368 1104 1940 1178">
    <p class='ocr_par' dir='ltr' id='par_1_11' title="bbox 368 1104 1940 1178">
     <span class='ocr_line' id='line_1_11' title="bbox 368 1104 1940 1178; baseline 0 -21"><span class='ocrx_word' id='word_1_63' title='bbox 368 1121 547 1175; x_wconf 86' lang='grc' dir='ltr'>μαμεν</span> <span class='ocrx_word' id='word_1_64' title='bbox 578 1104 709 1175; x_wconf 71' lang='grc'>(94),</span> <span class='ocrx_word' id='word_1_65' title='bbox 734 1106 909 1169; x_wconf 82' lang='grc' dir='ltr'>τοῖςδὲ</span> <span class='ocrx_word' id='word_1_66' title='bbox 921 1105 1307 1177; x_wconf 86' lang='grc' dir='ltr'>πρεσϐυτέροις</span> <span class='ocrx_word' id='word_1_67' title='bbox 1318 1105 1940 1178; x_wconf 83' lang='grc' dir='ltr'>τάτῆςίερωσύνης,τοϊς</span> 
     </span>
    </p>
   </div>
   <div class='ocr_carea' id='block_1_12' title="bbox 360 1187 1944 1271">
    <p class='ocr_par' dir='ltr' id='par_1_12' title="bbox 360 1187 1944 1271">
     <span class='ocr_line' id='line_1_12' title="bbox 360 1187 1944 1271; baseline 0.002 -24"><span class='ocrx_word' id='word_1_68' title='bbox 360 1194 420 1247; x_wconf 84' lang='grc' dir='ltr'><strong>δὲ</strong></span> <span class='ocrx_word' id='word_1_69' title='bbox 431 1195 696 1259; x_wconf 87' lang='grc' dir='ltr'>διακόνοις</span> <span class='ocrx_word' id='word_1_70' title='bbox 708 1195 778 1249; x_wconf 81' lang='grc' dir='ltr'>τὰ</span> <span class='ocrx_word' id='word_1_71' title='bbox 788 1197 886 1267; x_wconf 83' lang='grc' dir='ltr'><strong>τῆς</strong></span> <span class='ocrx_word' id='word_1_72' title='bbox 909 1197 1044 1267; x_wconf 82' lang='grc' dir='ltr'>πρὸς</span> <span class='ocrx_word' id='word_1_73' title='bbox 1067 1198 1407 1269; x_wconf 76' lang='grc' dir='ltr'>ἀμφοτέρους</span> <span class='ocrx_word' id='word_1_74' title='bbox 1426 1198 1714 1260; x_wconf 64' lang='grc' dir='ltr'>διακονίας</span> <span class='ocrx_word' id='word_1_75' title='bbox 1728 1187 1792 1251; x_wconf 38' lang='lat' dir='ltr'><strong>iv.”</strong></span> <span class='ocrx_word' id='word_1_76' title='bbox 1851 1215 1944 1250; x_wconf 87' lang='grc' dir='ltr'>κα-</span> 
     </span>
    </p>
   </div>
   <div class='ocr_carea' id='block_1_13' title="bbox 364 1285 1943 1360">
    <p class='ocr_par' dir='ltr' id='par_1_13' title="bbox 364 1285 1943 1360">
     <span class='ocr_line' id='line_1_13' title="bbox 364 1285 1943 1360; baseline 0.003 -23"><span class='ocrx_word' id='word_1_77' title='bbox 364 1285 549 1356; x_wconf 85' lang='grc' dir='ltr'>θαρῶς</span> <span class='ocrx_word' id='word_1_78' title='bbox 568 1285 638 1339; x_wconf 87' lang='grc' dir='ltr'><strong>τά</strong></span> <span class='ocrx_word' id='word_1_79' title='bbox 652 1287 749 1357; x_wconf 84' lang='grc' dir='ltr'>τῆς</span> <span class='ocrx_word' id='word_1_80' title='bbox 765 1288 1062 1358; x_wconf 82' lang='grc' dir='ltr'>θρησκείας</span> <span class='ocrx_word' id='word_1_81' title='bbox 1080 1289 1483 1359; x_wconf 75' lang='grc' dir='ltr'>ἐπιτελούμενα.</span> <span class='ocrx_word' id='word_1_82' title='bbox 1501 1289 1635 1343; x_wconf 80' lang='grc' dir='ltr'>Οῦτε</span> <span class='ocrx_word' id='word_1_83' title='bbox 1652 1288 1760 1360; x_wconf 86' lang='grc' dir='ltr'><strong>γὰρ</strong></span> <span class='ocrx_word' id='word_1_84' title='bbox 1773 1289 1943 1342; x_wconf 89' lang='grc' dir='ltr'>διακό-</span> 
     </span>
    </p>
   </div>
   <div class='ocr_carea' id='block_1_14' title="bbox 362 1378 1940 1451">
    <p class='ocr_par' dir='ltr' id='par_1_14' title="bbox 362 1378 1940 1451">
     <span class='ocr_line' id='line_1_14' title="bbox 362 1378 1940 1451; baseline 0.003 -22"><span class='ocrx_word' id='word_1_85' title='bbox 362 1393 442 1447; x_wconf 86' lang='grc' dir='ltr'>νῳ</span> <span class='ocrx_word' id='word_1_86' title='bbox 459 1378 784 1449; x_wconf 79' lang='grc' dir='ltr'>προσφέρειν</span> <span class='ocrx_word' id='word_1_87' title='bbox 815 1378 1002 1433; x_wconf 86' lang='grc' dir='ltr'>Θυσίαν</span> <span class='ocrx_word' id='word_1_88' title='bbox 1015 1379 1297 1451; x_wconf 83' lang='grc' dir='ltr'>θεμιτὸν,ἢ</span> <span class='ocrx_word' id='word_1_89' title='bbox 1317 1380 1616 1449; x_wconf 76' lang='grc' dir='ltr'>βαπτίζειν,</span> <span class='ocrx_word' id='word_1_90' title='bbox 1635 1381 1667 1451; x_wconf 81' lang='grc' dir='ltr'>ἢ</span> <span class='ocrx_word' id='word_1_91' title='bbox 1694 1381 1940 1449; x_wconf 82' lang='grc' dir='ltr'>εὐλογίαν</span> 
     </span>
    </p>
   </div>
   <div class='ocr_carea' id='block_1_15' title="bbox 367 1467 1939 1544">
    <p class='ocr_par' dir='ltr' id='par_1_15' title="bbox 367 1467 1939 1544">
     <span class='ocr_line' id='line_1_15' title="bbox 367 1467 1939 1544; baseline 0.005 -25"><span class='ocrx_word' id='word_1_92' title='bbox 367 1467 575 1539; x_wconf 87' lang='grc' dir='ltr'>μικρὰν</span> <span class='ocrx_word' id='word_1_93' title='bbox 604 1468 636 1538; x_wconf 83' lang='grc' dir='ltr'>ἢ</span> <span class='ocrx_word' id='word_1_94' title='bbox 671 1470 911 1540; x_wconf 82' lang='grc' dir='ltr'>μεγάλην</span> <span class='ocrx_word' id='word_1_95' title='bbox 942 1471 1233 1538; x_wconf 89' lang='grc' dir='ltr'>ποιεῖσθαι,</span> <span class='ocrx_word' id='word_1_96' title='bbox 1285 1470 1409 1525; x_wconf 75' lang='grc' dir='ltr'>οὔτε</span> <span class='ocrx_word' id='word_1_97' title='bbox 1454 1471 1817 1544; x_wconf 88' lang='grc' dir='ltr'>πρεσϐύτερον</span> <span class='ocrx_word' id='word_1_98' title='bbox 1850 1473 1939 1535; x_wconf 72' lang='grc'>³³⁸,</span> 
     </span>
    </p>
   </div>
   <div class='ocr_carea' id='block_1_16' title="bbox 366 1553 1942 1636">
    <p class='ocr_par' dir='ltr' id='par_1_16' title="bbox 366 1553 1942 1636">
     <span class='ocr_line' id='line_1_16' title="bbox 366 1553 1942 1636; baseline 0.004 -24"><span class='ocrx_word' id='word_1_99' title='bbox 366 1553 707 1631; x_wconf 75' lang='grc' dir='ltr'>χειροτονίαξ</span> <span class='ocrx_word' id='word_1_100' title='bbox 737 1562 998 1615; x_wconf 81' lang='grc' dir='ltr'>ἐπιτελεῖν</span> <span class='ocrx_word' id='word_1_101' title='bbox 1017 1579 1031 1593; x_wconf 79' lang='lat'><strong>&#39;</strong></span> <span class='ocrx_word' id='word_1_102' title='bbox 1066 1564 1127 1615; x_wconf 84' lang='grc' dir='ltr'><strong>ού</strong></span> <span class='ocrx_word' id='word_1_103' title='bbox 1144 1564 1251 1635; x_wconf 84' lang='grc' dir='ltr'>γὰρ</span> <span class='ocrx_word' id='word_1_104' title='bbox 1273 1565 1435 1629; x_wconf 83' lang='grc' dir='ltr'>ὅσιον,</span> <span class='ocrx_word' id='word_1_105' title='bbox 1468 1565 1827 1636; x_wconf 83' lang='grc' dir='ltr'>ἐνεστράφθαι</span> <span class='ocrx_word' id='word_1_106' title='bbox 1844 1565 1942 1636; x_wconf 86' lang='grc' dir='ltr'><strong>τὴν</strong></span> 
     </span>
    </p>
   </div>
   <div class='ocr_carea' id='block_1_17' title="bbox 373 1651 1940 1726">
    <p class='ocr_par' dir='ltr' id='par_1_17' title="bbox 373 1651 1940 1726">
     <span class='ocr_line' id='line_1_17' title="bbox 373 1651 1940 1726; baseline 0.002 -21"><span class='ocrx_word' id='word_1_107' title='bbox 373 1651 527 1717; x_wconf 85' lang='grc' dir='ltr'>τάξιν</span> <span class='ocrx_word' id='word_1_108' title='bbox 548 1669 561 1682; x_wconf 92' lang='grc'><strong>·</strong></span> <span class='ocrx_word' id='word_1_109' title='bbox 600 1672 618 1705; x_wconf 71' lang='grc' dir='ltr'><strong>ι</strong></span> <span class='ocrx_word' id='word_1_110' title='bbox 655 1654 727 1707; x_wconf 85' lang='grc' dir='ltr'>Ού</span> <span class='ocrx_word' id='word_1_111' title='bbox 759 1654 869 1726; x_wconf 85' lang='grc' dir='ltr'><strong>γάρ</strong></span> <span class='ocrx_word' id='word_1_112' title='bbox 894 1655 1042 1708; x_wconf 80' lang='grc' dir='ltr'>ἐστιν</span> <span class='ocrx_word' id='word_1_113' title='bbox 1071 1656 1099 1708; x_wconf 90' lang='lat'><strong>6</strong></span> <span class='ocrx_word' id='word_1_114' title='bbox 1119 1655 1248 1718; x_wconf 84' lang='grc' dir='ltr'>Θεὸς</span> <span class='ocrx_word' id='word_1_115' title='bbox 1263 1656 1697 1720; x_wconf 85' lang='grc' dir='ltr'>ἀκαταστασίας,</span> <span class='ocrx_word' id='word_1_116' title='bbox 1729 1675 1747 1708; x_wconf 85' lang='grc'><strong>›</strong></span> <span class='ocrx_word' id='word_1_117' title='bbox 1779 1657 1866 1710; x_wconf 79' lang='grc' dir='ltr'>ἵνα</span> <span class='ocrx_word' id='word_1_118' title='bbox 1891 1656 1940 1709; x_wconf 89' lang='grc' dir='ltr'><strong>οί</strong></span> 
     </span>
    </p>
   </div>
   <div class='ocr_carea' id='block_1_18' title="bbox 373 1742 1943 1819">
    <p class='ocr_par' dir='ltr' id='par_1_18' title="bbox 373 1742 1943 1819">
     <span class='ocr_line' id='line_1_18' title="bbox 373 1742 1943 1819; baseline 0.003 -24"><span class='ocrx_word' id='word_1_119' title='bbox 373 1742 780 1813; x_wconf 80' lang='grc' dir='ltr'>ὑποϐεϐηκότες</span> <span class='ocrx_word' id='word_1_120' title='bbox 824 1745 893 1799; x_wconf 83' lang='grc' dir='ltr'>τὰ</span> <span class='ocrx_word' id='word_1_121' title='bbox 933 1745 1042 1798; x_wconf 84' lang='grc' dir='ltr'><strong>τῶν</strong></span> <span class='ocrx_word' id='word_1_122' title='bbox 1081 1748 1403 1817; x_wconf 90' lang='grc' dir='ltr'>κρειττόνων</span> <span class='ocrx_word' id='word_1_123' title='bbox 1441 1748 1775 1819; x_wconf 85' lang='grc' dir='ltr'>τυραννικῶς</span> <span class='ocrx_word' id='word_1_124' title='bbox 1815 1766 1943 1817; x_wconf 83' lang='grc' dir='ltr'>σφε-</span> 
     </span>
    </p>
   </div>
   <div class='ocr_carea' id='block_1_19' title="bbox 369 1837 1942 1911">
    <p class='ocr_par' dir='ltr' id='par_1_19' title="bbox 369 1837 1942 1911">
     <span class='ocr_line' id='line_1_19' title="bbox 369 1837 1942 1911; baseline 0.003 -23"><span class='ocrx_word' id='word_1_125' title='bbox 369 1837 711 1907; x_wconf 77' lang='grc' dir='ltr'>τερίζωνται,</span> <span class='ocrx_word' id='word_1_126' title='bbox 764 1837 1081 1907; x_wconf 85' lang='grc' dir='ltr'>νομοθεσίαν</span> <span class='ocrx_word' id='word_1_127' title='bbox 1146 1840 1337 1911; x_wconf 83' lang='grc' dir='ltr'>καινὴν</span> <span class='ocrx_word' id='word_1_128' title='bbox 1385 1840 1809 1903; x_wconf 88' lang='grc' dir='ltr'>ἀναπλάττοντες</span> <span class='ocrx_word' id='word_1_129' title='bbox 1851 1841 1942 1893; x_wconf 76' lang='grc' dir='ltr'>ἐπὶ</span> 
     </span>
    </p>
   </div>
   <div class='ocr_carea' id='block_1_20' title="bbox 372 1926 1942 2003">
    <p class='ocr_par' dir='ltr' id='par_1_20' title="bbox 372 1926 1942 2003">
     <span class='ocr_line' id='line_1_20' title="bbox 372 1926 1942 2003; baseline 0.004 -24"><span class='ocrx_word' id='word_1_130' title='bbox 372 1926 529 1998; x_wconf 82' lang='grc' dir='ltr'>κακῷ</span> <span class='ocrx_word' id='word_1_131' title='bbox 558 1928 635 1998; x_wconf 84' lang='grc' dir='ltr'><strong>τῷ</strong></span> <span class='ocrx_word' id='word_1_132' title='bbox 664 1928 893 1991; x_wconf 82' lang='grc' dir='ltr'>ἑαυτῶν,</span> <span class='ocrx_word' id='word_1_133' title='bbox 939 1929 1258 1999; x_wconf 81' lang='grc' dir='ltr'>ἀγνοοῦντες</span> <span class='ocrx_word' id='word_1_134' title='bbox 1297 1932 1377 1984; x_wconf 87' lang='grc' dir='ltr'>ὃτι</span> <span class='ocrx_word' id='word_1_135' title='bbox 1410 1932 1638 2003; x_wconf 82' lang='grc' dir='ltr'>σκληρὸν</span> <span class='ocrx_word' id='word_1_136' title='bbox 1676 1934 1856 1996; x_wconf 86' lang='grc' dir='ltr'>αὐτοῖς</span> <span class='ocrx_word' id='word_1_137' title='bbox 1881 1933 1942 1986; x_wconf 81' lang='grc' dir='ltr'><strong>τὸ</strong></span> 
     </span>
    </p>
   </div>
   <div class='ocr_carea' id='block_1_21' title="bbox 373 2018 1943 2095">
    <p class='ocr_par' dir='ltr' id='par_1_21' title="bbox 373 2018 1943 2095">
     <span class='ocr_line' id='line_1_21' title="bbox 373 2018 1943 2095; baseline 0.004 -25"><span class='ocrx_word' id='word_1_138' title='bbox 373 2018 512 2089; x_wconf 82' lang='grc' dir='ltr'>πρὸς</span> <span class='ocrx_word' id='word_1_139' title='bbox 532 2019 729 2091; x_wconf 77' lang='grc' dir='ltr'>κέντρα</span> <span class='ocrx_word' id='word_1_140' title='bbox 759 2019 1048 2085; x_wconf 79' lang='grc' dir='ltr'>λακτίζειν.</span> <span class='ocrx_word' id='word_1_141' title='bbox 1081 2022 1155 2076; x_wconf 79' lang='grc' dir='ltr'><strong>Οὐ</strong></span> <span class='ocrx_word' id='word_1_142' title='bbox 1181 2022 1288 2095; x_wconf 78' lang='grc' dir='ltr'>γὰρ</span> <span class='ocrx_word' id='word_1_143' title='bbox 1310 2024 1475 2093; x_wconf 79' lang='grc' dir='ltr'>ἡμᾶς,</span> <span class='ocrx_word' id='word_1_144' title='bbox 1507 2024 1539 2095; x_wconf 84' lang='grc' dir='ltr'>ἦ</span> <span class='ocrx_word' id='word_1_145' title='bbox 1567 2025 1694 2086; x_wconf 86' lang='grc' dir='ltr'>τοὺς</span> <span class='ocrx_word' id='word_1_146' title='bbox 1724 2023 1943 2076; x_wconf 79' lang='grc' dir='ltr'>ἐπισκό-</span> 
     </span>
    </p>
   </div>
   <div class='ocr_carea' id='block_1_22' title="bbox 379 2111 1943 2182">
    <p class='ocr_par' dir='ltr' id='par_1_22' title="bbox 379 2111 1943 2182">
     <span class='ocr_line' id='line_1_22' title="bbox 379 2111 1943 2182; baseline 0.003 -20"><span class='ocrx_word' id='word_1_147' title='bbox 379 2127 518 2175; x_wconf 89' lang='grc' dir='ltr'>πους</span> <span class='ocrx_word' id='word_1_148' title='bbox 543 2111 865 2182; x_wconf 77' lang='grc' dir='ltr'>πολεμοῦσιν</span> <span class='ocrx_word' id='word_1_149' title='bbox 899 2114 947 2165; x_wconf 81' lang='grc' dir='ltr'>οἱ</span> <span class='ocrx_word' id='word_1_150' title='bbox 980 2113 1231 2181; x_wconf 87' lang='grc' dir='ltr'>τοιοῦτοι,</span> <span class='ocrx_word' id='word_1_151' title='bbox 1278 2114 1412 2168; x_wconf 89' lang='grc' dir='ltr'><strong>ἀλλά</strong></span> <span class='ocrx_word' id='word_1_152' title='bbox 1437 2117 1527 2167; x_wconf 85' lang='grc' dir='ltr'><strong>τὸν</strong></span> <span class='ocrx_word' id='word_1_153' title='bbox 1570 2116 1786 2169; x_wconf 87' lang='grc' dir='ltr'>πάντων</span> <span class='ocrx_word' id='word_1_154' title='bbox 1826 2116 1943 2168; x_wconf 82' lang='grc' dir='ltr'>ὲπί-</span> 
     </span>
    </p>
   </div>
   <div class='ocr_carea' id='block_1_23' title="bbox 378 2204 1943 2279">
    <p class='ocr_par' dir='ltr' id='par_1_23' title="bbox 378 2204 1943 2279">
     <span class='ocr_line' id='line_1_23' title="bbox 378 2204 1943 2279; baseline 0.004 -25"><span class='ocrx_word' id='word_1_155' title='bbox 378 2219 582 2255; x_wconf 89' lang='grc' dir='ltr'>σκοπον</span> <span class='ocrx_word' id='word_1_156' title='bbox 614 2205 708 2257; x_wconf 72' lang='grc' dir='ltr'><strong>καὶ</strong></span> <span class='ocrx_word' id='word_1_157' title='bbox 736 2204 829 2257; x_wconf 90' lang='grc' dir='ltr'><strong>τοῦ</strong></span> <span class='ocrx_word' id='word_1_158' title='bbox 852 2206 1061 2276; x_wconf 83' lang='grc' dir='ltr'>Πατρὺς</span> <span class='ocrx_word' id='word_1_159' title='bbox 1090 2207 1347 2278; x_wconf 83' lang='grc' dir='ltr'>ἀρχιερέα</span> <span class='ocrx_word' id='word_1_160' title='bbox 1374 2208 1606 2279; x_wconf 82' lang='grc' dir='ltr'>Χριστὸν</span> <span class='ocrx_word' id='word_1_161' title='bbox 1632 2208 1834 2279; x_wconf 81' lang='grc' dir='ltr'>Ἰησοῦν</span> <span class='ocrx_word' id='word_1_162' title='bbox 1854 2208 1943 2262; x_wconf 79' lang='grc' dir='ltr'>τὸν</span> 
     </span>
    </p>
   </div>
   <div class='ocr_carea' id='block_1_24' title="bbox 372 2295 1944 2371">
    <p class='ocr_par' dir='ltr' id='par_1_24' title="bbox 372 2295 1944 2371">
     <span class='ocr_line' id='line_1_24' title="bbox 372 2295 1944 2371; baseline 0.004 -24"><span class='ocrx_word' id='word_1_163' title='bbox 372 2295 577 2366; x_wconf 88' lang='grc' dir='ltr'>Κύριον</span> <span class='ocrx_word' id='word_1_164' title='bbox 597 2296 770 2366; x_wconf 84' lang='grc' dir='ltr'>ἡμῶν.</span> <span class='ocrx_word' id='word_1_165' title='bbox 814 2296 949 2351; x_wconf 86' lang='grc' dir='ltr'>Ὑπὸ</span> <span class='ocrx_word' id='word_1_166' title='bbox 978 2298 1218 2362; x_wconf 89' lang='grc' dir='ltr'>Μωσέως</span> <span class='ocrx_word' id='word_1_167' title='bbox 1241 2301 1336 2370; x_wconf 82' lang='grc' dir='ltr'>μὲν</span> <span class='ocrx_word' id='word_1_168' title='bbox 1362 2299 1468 2371; x_wconf 88' lang='grc' dir='ltr'><strong>γὰρ</strong></span> <span class='ocrx_word' id='word_1_169' title='bbox 1487 2300 1581 2353; x_wconf 88' lang='grc' dir='ltr'><strong>τοῦ</strong></span> <span class='ocrx_word' id='word_1_170' title='bbox 1607 2300 1944 2369; x_wconf 81' lang='grc' dir='ltr'>θεοφιλεστά-</span> 
     </span>
    </p>
   </div>
   <div class='ocr_carea' id='block_1_25' title="bbox 376 2388 1940 2461">
    <p class='ocr_par' dir='ltr' id='par_1_25' title="bbox 376 2388 1940 2461">
     <span class='ocr_line' id='line_1_25' title="bbox 376 2388 1940 2461; baseline 0.004 -23"><span class='ocrx_word' id='word_1_171' title='bbox 376 2404 472 2439; x_wconf 86' lang='grc' dir='ltr'><strong>του</strong></span> <span class='ocrx_word' id='word_1_172' title='bbox 502 2388 773 2459; x_wconf 84' lang='grc' dir='ltr'>ἀρχιερεῖς</span> <span class='ocrx_word' id='word_1_173' title='bbox 792 2388 1221 2459; x_wconf 79' lang='grc' dir='ltr'>κατεστάθησαν,</span> <span class='ocrx_word' id='word_1_174' title='bbox 1246 2392 1339 2443; x_wconf 77' lang='grc' dir='ltr'>καὶ</span> <span class='ocrx_word' id='word_1_175' title='bbox 1376 2391 1562 2461; x_wconf 75' lang='grc' dir='ltr'>ἱερεῖς,</span> <span class='ocrx_word' id='word_1_176' title='bbox 1581 2392 1673 2444; x_wconf 81' lang='grc' dir='ltr'><strong>καὶ</strong></span> <span class='ocrx_word' id='word_1_177' title='bbox 1713 2391 1940 2459; x_wconf 88' lang='grc' dir='ltr'>λευῖται,</span> 
     </span>
    </p>
   </div>
   <div class='ocr_carea' id='block_1_26' title="bbox 372 2478 1946 2555">
    <p class='ocr_par' dir='ltr' id='par_1_26' title="bbox 372 2478 1946 2555">
     <span class='ocr_line' id='line_1_26' title="bbox 372 2478 1946 2555; baseline 0.004 -25"><span class='ocrx_word' id='word_1_178' title='bbox 372 2478 481 2531; x_wconf 78' lang='grc' dir='ltr'><strong>ὑπὸ</strong></span> <span class='ocrx_word' id='word_1_179' title='bbox 510 2479 565 2532; x_wconf 82' lang='grc' dir='ltr'>δὲ</span> <span class='ocrx_word' id='word_1_180' title='bbox 610 2478 702 2532; x_wconf 89' lang='grc' dir='ltr'><strong>τοῦ</strong></span> <span class='ocrx_word' id='word_1_181' title='bbox 740 2480 989 2551; x_wconf 81' lang='grc' dir='ltr'>Σωτῆρος</span> <span class='ocrx_word' id='word_1_182' title='bbox 1025 2481 1181 2550; x_wconf 81' lang='grc' dir='ltr'>ἡμῶν</span> <span class='ocrx_word' id='word_1_183' title='bbox 1209 2482 1388 2552; x_wconf 80' lang='grc' dir='ltr'>ἡμεῖς,</span> <span class='ocrx_word' id='word_1_184' title='bbox 1422 2484 1471 2534; x_wconf 87' lang='grc' dir='ltr'><strong>οί</strong></span> <span class='ocrx_word' id='word_1_185' title='bbox 1507 2482 1788 2555; x_wconf 87' lang='grc' dir='ltr'>δεκατρεῖς</span> <span class='ocrx_word' id='word_1_186' title='bbox 1813 2483 1946 2537; x_wconf 87' lang='grc' dir='ltr'>ἀπό-</span> 
     </span>
    </p>
   </div>
   <div class='ocr_carea' id='block_1_27' title="bbox 374 2571 1939 2642">
    <p class='ocr_par' dir='ltr' id='par_1_27' title="bbox 374 2571 1939 2642">
     <span class='ocr_line' id='line_1_27' title="bbox 374 2571 1939 2642; baseline 0.001 -17"><span class='ocrx_word' id='word_1_187' title='bbox 374 2574 553 2626; x_wconf 88' lang='grc' dir='ltr'>στολοι</span> <span class='ocrx_word' id='word_1_188' title='bbox 605 2571 751 2642; x_wconf 85' lang='grc'><strong>(95)·</strong></span> <span class='ocrx_word' id='word_1_189' title='bbox 785 2572 888 2625; x_wconf 82' lang='grc' dir='ltr'>ὑπὸ</span> <span class='ocrx_word' id='word_1_190' title='bbox 915 2572 972 2625; x_wconf 83' lang='grc' dir='ltr'><strong>δὲ</strong></span> <span class='ocrx_word' id='word_1_191' title='bbox 1004 2572 1110 2625; x_wconf 82' lang='grc' dir='ltr'><strong>τῶν</strong></span> <span class='ocrx_word' id='word_1_192' title='bbox 1150 2571 1458 2628; x_wconf 86' lang='grc' dir='ltr'>ἀποστόλων</span> <span class='ocrx_word' id='word_1_193' title='bbox 1508 2573 1616 2642; x_wconf 77' lang='grc' dir='ltr'><strong>ἐγὼ</strong></span> <span class='ocrx_word' id='word_1_194' title='bbox 1663 2574 1939 2638; x_wconf 86' lang='grc' dir='ltr'>Ἰάκωϐος·</span> 
     </span>
    </p>
   </div>
   <div class='ocr_carea' id='block_1_28' title="bbox 367 2662 1946 2738">
    <p class='ocr_par' dir='ltr' id='par_1_28' title="bbox 367 2662 1946 2738">
     <span class='ocr_line' id='line_1_28' title="bbox 367 2662 1946 2738; baseline 0.003 -22"><span class='ocrx_word' id='word_1_195' title='bbox 367 2664 469 2717; x_wconf 74' lang='grc' dir='ltr'><strong>καὶ</strong></span> <span class='ocrx_word' id='word_1_196' title='bbox 498 2662 607 2731; x_wconf 80' lang='grc' dir='ltr'><strong>ἐγὼ</strong></span> <span class='ocrx_word' id='word_1_197' title='bbox 636 2664 881 2735; x_wconf 79' lang='grc' dir='ltr'>Κλήμης,</span> <span class='ocrx_word' id='word_1_198' title='bbox 914 2666 1005 2717; x_wconf 77' lang='grc' dir='ltr'>καὶ</span> <span class='ocrx_word' id='word_1_199' title='bbox 1051 2665 1146 2717; x_wconf 83' lang='grc' dir='ltr'><strong>σὺν</strong></span> <span class='ocrx_word' id='word_1_200' title='bbox 1187 2666 1314 2735; x_wconf 81' lang='grc' dir='ltr'>ἡμῖν</span> <span class='ocrx_word' id='word_1_201' title='bbox 1355 2665 1528 2736; x_wconf 74' lang='grc' dir='ltr'>ἕτεροι</span> <span class='ocrx_word' id='word_1_202' title='bbox 1548 2684 1559 2695; x_wconf 91' lang='grc'><strong>·</strong></span> <span class='ocrx_word' id='word_1_203' title='bbox 1601 2667 1687 2720; x_wconf 84' lang='grc' dir='ltr'><strong>ἴνα</strong></span> <span class='ocrx_word' id='word_1_204' title='bbox 1715 2668 1787 2738; x_wconf 83' lang='grc' dir='ltr'>μὴ</span> <span class='ocrx_word' id='word_1_205' title='bbox 1812 2667 1946 2719; x_wconf 85' lang='grc' dir='ltr'>πάν-</span> 
     </span>
    </p>
   </div>
   <div class='ocr_carea' id='block_1_29' title="bbox 365 2754 1946 2829">
    <p class='ocr_par' dir='ltr' id='par_1_29' title="bbox 365 2754 1946 2829">
     <span class='ocr_line' id='line_1_29' title="bbox 365 2754 1946 2829; baseline 0.003 -22"><span class='ocrx_word' id='word_1_206' title='bbox 365 2772 471 2817; x_wconf 81' lang='grc' dir='ltr'><strong>τας</strong></span> <span class='ocrx_word' id='word_1_207' title='bbox 501 2754 659 2807; x_wconf 82' lang='grc' dir='ltr'>πάλιν</span> <span class='ocrx_word' id='word_1_208' title='bbox 695 2755 1077 2824; x_wconf 85' lang='grc' dir='ltr'>καταλέγωμεν</span> <span class='ocrx_word' id='word_1_209' title='bbox 1096 2772 1109 2785; x_wconf 72' lang='grc' dir='ltr'><strong><em>ο</em></strong></span> <span class='ocrx_word' id='word_1_210' title='bbox 1139 2758 1289 2826; x_wconf 83' lang='grc' dir='ltr'>κοινῇ</span> <span class='ocrx_word' id='word_1_211' title='bbox 1332 2756 1386 2809; x_wconf 74' lang='grc' dir='ltr'><strong>δὲ</strong></span> <span class='ocrx_word' id='word_1_212' title='bbox 1415 2756 1518 2809; x_wconf 83' lang='grc' dir='ltr'><strong>ὑπὸ</strong></span> <span class='ocrx_word' id='word_1_213' title='bbox 1548 2758 1761 2810; x_wconf 81' lang='grc' dir='ltr'>πάντων</span> <span class='ocrx_word' id='word_1_214' title='bbox 1791 2759 1946 2829; x_wconf 85' lang='grc' dir='ltr'>ἡμῶν</span> 
     </span>
    </p>
   </div>
   <div class='ocr_carea' id='block_1_30' title="bbox 377 2846 1948 2918">
    <p class='ocr_par' dir='ltr' id='par_1_30' title="bbox 377 2846 1948 2918">
     <span class='ocr_line' id='line_1_30' title="bbox 377 2846 1948 2918; baseline 0.004 -20"><span class='ocrx_word' id='word_1_215' title='bbox 377 2846 765 2918; x_wconf 86' lang='grc' dir='ltr'>πρεσϐύτεροι,</span> <span class='ocrx_word' id='word_1_216' title='bbox 810 2848 904 2900; x_wconf 76' lang='grc' dir='ltr'><strong>καὶ</strong></span> <span class='ocrx_word' id='word_1_217' title='bbox 945 2848 1213 2915; x_wconf 89' lang='grc' dir='ltr'>διάκονοι,</span> <span class='ocrx_word' id='word_1_218' title='bbox 1277 2849 1370 2902; x_wconf 79' lang='grc' dir='ltr'><strong>καὶ</strong></span> <span class='ocrx_word' id='word_1_219' title='bbox 1422 2850 1761 2903; x_wconf 84' lang='grc' dir='ltr'>ὑποδιάκονοι</span> <span class='ocrx_word' id='word_1_220' title='bbox 1787 2893 1800 2917; x_wconf 95' lang='grc'><strong>,</strong></span> <span class='ocrx_word' id='word_1_221' title='bbox 1856 2853 1948 2905; x_wconf 76' lang='grc' dir='ltr'><strong>καὶ</strong></span> 
     </span>
    </p>
   </div>
   <div class='ocr_carea' id='block_1_31' title="bbox 373 2937 1945 3015">
    <p class='ocr_par' dir='ltr' id='par_1_31' title="bbox 373 2937 1945 3015">
     <span class='ocr_line' id='line_1_31' title="bbox 373 2937 1945 3015; baseline 0.003 -24"><span class='ocrx_word' id='word_1_222' title='bbox 373 2937 746 3005; x_wconf 85' lang='grc' dir='ltr'>ἀναγνῶσται.</span> <span class='ocrx_word' id='word_1_223' title='bbox 779 2939 1001 3009; x_wconf 81' lang='grc' dir='ltr'>Πρῶτος</span> <span class='ocrx_word' id='word_1_224' title='bbox 1029 2940 1203 2993; x_wconf 83' lang='grc' dir='ltr'>τοίνυν</span> <span class='ocrx_word' id='word_1_225' title='bbox 1240 2943 1305 3011; x_wconf 84' lang='grc' dir='ltr'>τῇ</span> <span class='ocrx_word' id='word_1_226' title='bbox 1334 2941 1492 3009; x_wconf 83' lang='grc' dir='ltr'>φύσει</span> <span class='ocrx_word' id='word_1_227' title='bbox 1523 2942 1810 3013; x_wconf 88' lang='grc' dir='ltr'>ἀρχιερεὺς</span> <span class='ocrx_word' id='word_1_228' title='bbox 1836 2942 1945 3015; x_wconf 82' lang='grc'><strong>(96)</strong></span> 
     </span>
    </p>
   </div>
   <div class='ocr_carea' id='block_1_32' title="bbox 362 3028 1945 3105">
    <p class='ocr_par' dir='ltr' id='par_1_32' title="bbox 362 3028 1945 3105">
     <span class='ocr_line' id='line_1_32' title="bbox 362 3028 1945 3105; baseline 0.003 -23"><span class='ocrx_word' id='word_1_229' title='bbox 362 3030 401 3082; x_wconf 83' lang='lat'><strong>6</strong></span> <span class='ocrx_word' id='word_1_230' title='bbox 430 3028 724 3099; x_wconf 85' lang='grc' dir='ltr'>μονογενὴς</span> <span class='ocrx_word' id='word_1_231' title='bbox 745 3028 813 3099; x_wconf 68' lang='grc' dir='ltr'>Χ,</span> <span class='ocrx_word' id='word_1_232' title='bbox 834 3029 996 3095; x_wconf 82' lang='grc' dir='ltr'>ιστδς,</span> <span class='ocrx_word' id='word_1_233' title='bbox 1028 3032 1127 3102; x_wconf 82' lang='grc' dir='ltr'><strong>οὐχ</strong></span> <span class='ocrx_word' id='word_1_234' title='bbox 1150 3031 1329 3102; x_wconf 79' lang='grc' dir='ltr'>ἑαυτῴ</span> <span class='ocrx_word' id='word_1_235' title='bbox 1356 3033 1453 3102; x_wconf 84' lang='grc' dir='ltr'>τὴν</span> <span class='ocrx_word' id='word_1_236' title='bbox 1482 3034 1645 3104; x_wconf 80' lang='grc' dir='ltr'>τιμὴν</span> <span class='ocrx_word' id='word_1_237' title='bbox 1676 3033 1945 3105; x_wconf 88' lang='grc' dir='ltr'>ἀρπάσας,</span> 
     </span>
    </p>
   </div>
   <div class='ocr_carea' id='block_1_33' title="bbox 364 3120 1948 3196">
    <p class='ocr_par' dir='ltr' id='par_1_33' title="bbox 364 3120 1948 3196">
     <span class='ocr_line' id='line_1_33' title="bbox 364 3120 1948 3196; baseline 0.002 -21"><span class='ocrx_word' id='word_1_238' title='bbox 364 3121 516 3175; x_wconf 83' lang='grc' dir='ltr'><strong>ἀλλά</strong></span> <span class='ocrx_word' id='word_1_239' title='bbox 570 3120 721 3191; x_wconf 88' lang='grc' dir='ltr'>παρὰ</span> <span class='ocrx_word' id='word_1_240' title='bbox 757 3120 851 3172; x_wconf 77' lang='grc' dir='ltr'><strong>τοῦ</strong></span> <span class='ocrx_word' id='word_1_241' title='bbox 886 3121 1097 3191; x_wconf 80' lang='grc' dir='ltr'>Πατρδς</span> <span class='ocrx_word' id='word_1_242' title='bbox 1146 3122 1528 3187; x_wconf 83' lang='grc' dir='ltr'>κατασταθείς·</span> <span class='ocrx_word' id='word_1_243' title='bbox 1561 3124 1619 3187; x_wconf 81' lang='grc' dir='ltr'>ὃς</span> <span class='ocrx_word' id='word_1_244' title='bbox 1661 3125 1948 3196; x_wconf 86' lang='grc' dir='ltr'>γενόμενος</span> 
     </span>
    </p>
   </div>
   <div class='ocr_carea' id='block_1_34' title="bbox 378 3214 2013 3299">
    <p class='ocr_par' dir='ltr' id='par_1_34' title="bbox 378 3214 2013 3299">
     <span class='ocr_line' id='line_1_34' title="bbox 378 3214 2013 3299; baseline 0.002 -32"><span class='ocrx_word' id='word_1_245' title='bbox 378 3216 670 3285; x_wconf 84' lang='grc' dir='ltr'>ἄνθρωπος</span> <span class='ocrx_word' id='word_1_246' title='bbox 727 3214 791 3266; x_wconf 89' lang='grc' dir='ltr'>δι’</span> <span class='ocrx_word' id='word_1_247' title='bbox 823 3214 988 3284; x_wconf 80' lang='grc' dir='ltr'>ἡμᾶς,</span> <span class='ocrx_word' id='word_1_248' title='bbox 1046 3214 1140 3267; x_wconf 78' lang='grc' dir='ltr'><strong>καὶ</strong></span> <span class='ocrx_word' id='word_1_249' title='bbox 1181 3215 1278 3286; x_wconf 84' lang='grc' dir='ltr'>τὴν</span> <span class='ocrx_word' id='word_1_250' title='bbox 1333 3217 1702 3289; x_wconf 85' lang='grc' dir='ltr'>πνευματικὴν</span> <span class='ocrx_word' id='word_1_251' title='bbox 1757 3217 2013 3299; x_wconf 68' lang='grc' dir='ltr'>θυσίανο</span> 
     </span>
    </p>
   </div>
   <div class='ocr_carea' id='block_1_35' title="bbox 370 3304 1942 3380">
    <p class='ocr_par' dir='ltr' id='par_1_35' title="bbox 370 3304 1942 3380">
     <span class='ocr_line' id='line_1_35' title="bbox 370 3304 1942 3380; baseline 0.003 -21"><span class='ocrx_word' id='word_1_252' title='bbox 370 3305 702 3377; x_wconf 78' lang='grc' dir='ltr'>προσφέρων</span> <span class='ocrx_word' id='word_1_253' title='bbox 720 3304 795 3376; x_wconf 81' lang='grc' dir='ltr'>τῷ</span> <span class='ocrx_word' id='word_1_254' title='bbox 822 3304 938 3376; x_wconf 81' lang='grc' dir='ltr'>Θεῷ</span> <span class='ocrx_word' id='word_1_255' title='bbox 959 3304 1125 3357; x_wconf 85' lang='grc' dir='ltr'>αὐτοῦ</span> <span class='ocrx_word' id='word_1_256' title='bbox 1149 3306 1243 3358; x_wconf 72' lang='grc' dir='ltr'><strong>καὶ</strong></span> <span class='ocrx_word' id='word_1_257' title='bbox 1262 3308 1454 3379; x_wconf 78' lang='grc' dir='ltr'>Πατρὶ,</span> <span class='ocrx_word' id='word_1_258' title='bbox 1479 3310 1584 3380; x_wconf 88' lang='grc' dir='ltr'><strong>πρὸ</strong></span> <span class='ocrx_word' id='word_1_259' title='bbox 1606 3308 1698 3362; x_wconf 89' lang='grc' dir='ltr'><strong>τοῦ</strong></span> <span class='ocrx_word' id='word_1_260' title='bbox 1717 3311 1942 3377; x_wconf 83' lang='grc' dir='ltr'>πάθους,</span> 
     </span>
    </p>
   </div>
   <div class='ocr_carea' id='block_1_36' title="bbox 371 3396 1945 3468">
    <p class='ocr_par' dir='ltr' id='par_1_36' title="bbox 371 3396 1945 3468">
     <span class='ocr_line' id='line_1_36' title="bbox 371 3396 1945 3468; baseline 0.004 -19"><span class='ocrx_word' id='word_1_261' title='bbox 371 3400 509 3468; x_wconf 81' lang='grc' dir='ltr'>ἡμῖν</span> <span class='ocrx_word' id='word_1_262' title='bbox 553 3397 830 3461; x_wconf 81' lang='grc' dir='ltr'>διετάξατο</span> <span class='ocrx_word' id='word_1_263' title='bbox 866 3397 1046 3468; x_wconf 73' lang='grc' dir='ltr'>μόνοις</span> <span class='ocrx_word' id='word_1_264' title='bbox 1090 3396 1249 3450; x_wconf 88' lang='grc' dir='ltr'>τοῦτο</span> <span class='ocrx_word' id='word_1_265' title='bbox 1283 3402 1480 3451; x_wconf 78' lang='grc' dir='ltr'>ποιεῖν’</span> <span class='ocrx_word' id='word_1_266' title='bbox 1522 3401 1614 3454; x_wconf 86' lang='grc' dir='ltr'><strong>καί</strong></span> <span class='ocrx_word' id='word_1_267' title='bbox 1658 3420 1738 3454; x_wconf 90' lang='grc' dir='ltr'><strong>τοι</strong></span> <span class='ocrx_word' id='word_1_268' title='bbox 1779 3402 1945 3455; x_wconf 74' lang='grc' dir='ltr'>ὄντων</span> 
     </span>
    </p>
   </div>
   <div class='ocr_carea' id='block_1_37' title="bbox 375 3472 1943 3560">
    <p class='ocr_par' dir='ltr' id='par_1_37' title="bbox 375 3472 1943 3560">
     <span class='ocr_line' id='line_1_37' title="bbox 375 3472 1943 3560; baseline 0.003 -19"><span class='ocrx_word' id='word_1_269' title='bbox 375 3490 480 3541; x_wconf 75' lang='grc' dir='ltr'><strong>σὺν</strong></span> <span class='ocrx_word' id='word_1_270' title='bbox 512 3491 640 3559; x_wconf 84' lang='grc' dir='ltr'>ἡμῖν</span> <span class='ocrx_word' id='word_1_271' title='bbox 671 3490 765 3542; x_wconf 74' lang='grc' dir='ltr'>καὶ</span> <span class='ocrx_word' id='word_1_272' title='bbox 804 3489 1005 3560; x_wconf 77' lang='grc' dir='ltr'>ἐτέρων</span> <span class='ocrx_word' id='word_1_273' title='bbox 1040 3488 1145 3541; x_wconf 83' lang='grc' dir='ltr'><strong>τῶν</strong></span> <span class='ocrx_word' id='word_1_274' title='bbox 1181 3490 1261 3551; x_wconf 84' lang='grc' dir='ltr'>εἰς</span> <span class='ocrx_word' id='word_1_275' title='bbox 1293 3490 1450 3543; x_wconf 84' lang='grc' dir='ltr'>αὐτὸν</span> <span class='ocrx_word' id='word_1_276' title='bbox 1482 3472 1943 3545; x_wconf 72' lang='grc' dir='ltr'>πεπιστεῦκότωψ</span> 
     </span>
    </p>
   </div>
   <div class='ocr_carea' id='block_1_38' title="bbox 373 3580 1949 3654">
    <p class='ocr_par' dir='ltr' id='par_1_38' title="bbox 373 3580 1949 3654">
     <span class='ocr_line' id='line_1_38' title="bbox 373 3580 1949 3654; baseline 0.003 -21"><span class='ocrx_word' id='word_1_277' title='bbox 373 3581 495 3633; x_wconf 77' lang='grc' dir='ltr'>ἀλλ’</span> <span class='ocrx_word' id='word_1_278' title='bbox 524 3581 583 3632; x_wconf 80' lang='grc' dir='ltr'><strong>ού</strong></span> <span class='ocrx_word' id='word_1_279' title='bbox 613 3582 827 3644; x_wconf 85' lang='grc' dir='ltr'>πάντως</span> <span class='ocrx_word' id='word_1_280' title='bbox 852 3582 882 3633; x_wconf 92' lang='lat'><strong>6</strong></span> <span class='ocrx_word' id='word_1_281' title='bbox 909 3580 1203 3643; x_wconf 84' lang='grc' dir='ltr'>πιστεύσας</span> <span class='ocrx_word' id='word_1_282' title='bbox 1228 3580 1464 3653; x_wconf 76' lang='grc' dir='ltr'><strong>(97),ἤδη</strong></span> <span class='ocrx_word' id='word_1_283' title='bbox 1489 3584 1580 3636; x_wconf 79' lang='grc' dir='ltr'><strong>καὶ</strong></span> <span class='ocrx_word' id='word_1_284' title='bbox 1614 3584 1792 3654; x_wconf 78' lang='grc' dir='ltr'>ἱερεὺς</span> <span class='ocrx_word' id='word_1_285' title='bbox 1819 3603 1949 3637; x_wconf 89' lang='grc' dir='ltr'>κατ-</span> 
     </span>
    </p>
   </div>
   <div class='ocr_carea' id='block_1_39' title="bbox 374 3670 1947 3745">
    <p class='ocr_par' dir='ltr' id='par_1_39' title="bbox 374 3670 1947 3745">
     <span class='ocr_line' id='line_1_39' title="bbox 374 3670 1947 3745; baseline 0.001 -20"><span class='ocrx_word' id='word_1_286' title='bbox 374 3673 541 3742; x_wconf 88' lang='grc' dir='ltr'>έστη,</span> <span class='ocrx_word' id='word_1_287' title='bbox 590 3671 622 3740; x_wconf 86' lang='grc' dir='ltr'>ἢ</span> <span class='ocrx_word' id='word_1_288' title='bbox 681 3672 1067 3742; x_wconf 82' lang='grc' dir='ltr'>ἀρχιερατικῆς</span> <span class='ocrx_word' id='word_1_289' title='bbox 1123 3670 1278 3736; x_wconf 82' lang='grc' dir='ltr'>ἀξίας</span> <span class='ocrx_word' id='word_1_290' title='bbox 1335 3673 1513 3743; x_wconf 75' lang='grc' dir='ltr'>ἔτυχε.</span> <span class='ocrx_word' id='word_1_291' title='bbox 1554 3673 1707 3727; x_wconf 88' lang='grc' dir='ltr'>Μετά</span> <span class='ocrx_word' id='word_1_292' title='bbox 1757 3675 1812 3728; x_wconf 76' lang='grc' dir='ltr'><strong>δὲ</strong></span> <span class='ocrx_word' id='word_1_293' title='bbox 1849 3676 1947 3745; x_wconf 82' lang='grc' dir='ltr'><strong>τὴν</strong></span> 
     </span>
    </p>
   </div>
   <div class='ocr_carea' id='block_1_40' title="bbox 372 3762 1948 3836">
    <p class='ocr_par' dir='ltr' id='par_1_40' title="bbox 372 3762 1948 3836">
     <span class='ocr_line' id='line_1_40' title="bbox 372 3762 1948 3836; baseline -0.001 -18"><span class='ocrx_word' id='word_1_294' title='bbox 372 3764 644 3834; x_wconf 75' lang='grc' dir='ltr'>ἀνάληψιν</span> <span class='ocrx_word' id='word_1_295' title='bbox 702 3762 885 3827; x_wconf 87' lang='grc' dir='ltr'>αὑτοῦ,</span> <span class='ocrx_word' id='word_1_296' title='bbox 940 3764 1098 3834; x_wconf 82' lang='grc' dir='ltr'>ἡμεῖς</span> <span class='ocrx_word' id='word_1_297' title='bbox 1152 3764 1606 3836; x_wconf 86' lang='grc' dir='ltr'>προσενεγκόντες</span> <span class='ocrx_word' id='word_1_298' title='bbox 1660 3763 1803 3817; x_wconf 87' lang='grc' dir='ltr'><strong>κατά</strong></span> <span class='ocrx_word' id='word_1_299' title='bbox 1848 3764 1948 3835; x_wconf 81' lang='grc' dir='ltr'>τὴν</span> 
     </span>
    </p>
   </div>
   <div class='ocr_carea' id='block_1_41' title="bbox 383 3856 1944 3928">
    <p class='ocr_par' dir='ltr' id='par_1_41' title="bbox 383 3856 1944 3928">
     <span class='ocr_line' id='line_1_41' title="bbox 383 3856 1944 3928; baseline -0.001 -17"><span class='ocrx_word' id='word_1_300' title='bbox 383 3856 632 3920; x_wconf 73' lang='grc' dir='ltr'>διάταξιν</span> <span class='ocrx_word' id='word_1_301' title='bbox 686 3856 849 3911; x_wconf 86' lang='grc' dir='ltr'>αὐτοῦ</span> <span class='ocrx_word' id='word_1_302' title='bbox 899 3856 1088 3910; x_wconf 89' lang='grc' dir='ltr'>θυσίαν</span> <span class='ocrx_word' id='word_1_303' title='bbox 1153 3856 1399 3928; x_wconf 77' lang='grc' dir='ltr'>καθαράν</span> <span class='ocrx_word' id='word_1_304' title='bbox 1448 3857 1543 3910; x_wconf 74' lang='grc' dir='ltr'><strong>καὶ</strong></span> <span class='ocrx_word' id='word_1_305' title='bbox 1593 3858 1944 3927; x_wconf 84' lang='grc' dir='ltr'>ἀναίμακτον,</span> 
     </span>
    </p>
   </div>
   <div class='ocr_carea' id='block_1_42' title="bbox 374 3947 1943 4021">
    <p class='ocr_par' dir='ltr' id='par_1_42' title="bbox 374 3947 1943 4021">
     <span class='ocr_line' id='line_1_42' title="bbox 374 3947 1943 4021; baseline -0.001 -19"><span class='ocrx_word' id='word_1_306' title='bbox 374 3947 875 4021; x_wconf 87' lang='grc' dir='ltr'>προεχειρισάμεθα</span> <span class='ocrx_word' id='word_1_307' title='bbox 947 3949 1295 4013; x_wconf 75' lang='grc' dir='ltr'>ἐπισκόπους,</span> <span class='ocrx_word' id='word_1_308' title='bbox 1367 3949 1462 4002; x_wconf 79' lang='grc' dir='ltr'>καὶ</span> <span class='ocrx_word' id='word_1_309' title='bbox 1523 3949 1943 4021; x_wconf 90' lang='grc' dir='ltr'>πρεσϐυτέρους,</span> 
     </span>
    </p>
   </div>
   <div class='ocr_carea' id='block_1_43' title="bbox 374 4032 1946 4112">
    <p class='ocr_par' dir='ltr' id='par_1_43' title="bbox 374 4032 1946 4112">
     <span class='ocr_line' id='line_1_43' title="bbox 374 4032 1946 4112; baseline -0.003 -17"><span class='ocrx_word' id='word_1_310' title='bbox 374 4043 478 4095; x_wconf 76' lang='grc' dir='ltr'><strong>καὶ</strong></span> <span class='ocrx_word' id='word_1_311' title='bbox 532 4040 807 4104; x_wconf 83' lang='grc' dir='ltr'>διακόνους</span> <span class='ocrx_word' id='word_1_312' title='bbox 860 4039 998 4093; x_wconf 76' lang='grc' dir='ltr'>ἑπτὰ</span> <span class='ocrx_word' id='word_1_313' title='bbox 1046 4041 1138 4094; x_wconf 83' lang='grc' dir='ltr'><strong>τὸν</strong></span> <span class='ocrx_word' id='word_1_314' title='bbox 1179 4040 1441 4112; x_wconf 85' lang='grc' dir='ltr'>ἀριθμόν·</span> <span class='ocrx_word' id='word_1_315' title='bbox 1494 4032 1569 4095; x_wconf 83' lang='grc' dir='ltr'>ὧν</span> <span class='ocrx_word' id='word_1_316' title='bbox 1610 4037 1689 4103; x_wconf 74' lang='grc' dir='ltr'>εἷς</span> <span class='ocrx_word' id='word_1_317' title='bbox 1723 4036 1789 4111; x_wconf 84' lang='grc' dir='ltr'>ἦν</span> <span class='ocrx_word' id='word_1_318' title='bbox 1816 4039 1946 4092; x_wconf 90' lang='grc' dir='ltr'>Στέ-</span> 
     </span>
    </p>
   </div>
   <div class='ocr_carea' id='block_1_44' title="bbox 373 4132 1946 4205">
    <p class='ocr_par' dir='ltr' id='par_1_44' title="bbox 373 4132 1946 4205">
     <span class='ocr_line' id='line_1_44' title="bbox 373 4132 1946 4205; baseline -0.003 -16"><span class='ocrx_word' id='word_1_319' title='bbox 373 4151 553 4205; x_wconf 79' lang='grc' dir='ltr'>φανος</span> <span class='ocrx_word' id='word_1_320' title='bbox 599 4133 706 4205; x_wconf 89' lang='grc'><strong>(98)</strong></span> <span class='ocrx_word' id='word_1_321' title='bbox 749 4136 779 4187; x_wconf 93' lang='lat'><strong>6</strong></span> <span class='ocrx_word' id='word_1_322' title='bbox 828 4132 1094 4205; x_wconf 84' lang='grc' dir='ltr'>μακάριος</span> <span class='ocrx_word' id='word_1_323' title='bbox 1132 4134 1358 4205; x_wconf 87' lang='grc' dir='ltr'>μάρτυς,</span> <span class='ocrx_word' id='word_1_324' title='bbox 1398 4134 1497 4188; x_wconf 77' lang='grc' dir='ltr'><strong>οὐκ</strong></span> <span class='ocrx_word' id='word_1_325' title='bbox 1522 4132 1946 4202; x_wconf 78' lang='grc' dir='ltr'>ἀπολειπόμενος</span> 
     </span>
    </p>
   </div>
   <div class='ocr_carea' id='block_1_45' title="bbox 450 4306 1961 4381">
    <p class='ocr_par' dir='ltr' id='par_1_45' title="bbox 450 4306 1961 4381">
     <span class='ocr_line' id='line_1_45' title="bbox 450 4306 1961 4381; baseline -0.001 -20"><span class='ocrx_word' id='word_1_326' title='bbox 450 4310 500 4342; x_wconf 84' lang='grc'><strong>³¹</strong></span> <span class='ocrx_word' id='word_1_327' title='bbox 538 4308 604 4361; x_wconf 94' lang='lat' dir='ltr'><strong>lll</strong></span> <span class='ocrx_word' id='word_1_328' title='bbox 633 4306 767 4377; x_wconf 84' lang='lat' dir='ltr'><strong>Reg.</strong></span> <span class='ocrx_word' id='word_1_329' title='bbox 801 4323 921 4381; x_wconf 67' lang='lat' dir='ltr'><strong>xui.</strong></span> <span class='ocrx_word' id='word_1_330' title='bbox 1117 4309 1184 4341; x_wconf 75' lang='grc'><strong>⁸³⁸</strong></span> <span class='ocrx_word' id='word_1_331' title='bbox 1216 4308 1575 4381; x_wconf 9' lang='grc' dir='ltr'>πρεσϐυτέρῳ,</span> <span class='ocrx_word' id='word_1_332' title='bbox 1611 4310 1833 4381; x_wconf 77' lang='lat' dir='ltr'><strong>rectius</strong></span> <span class='ocrx_word' id='word_1_333' title='bbox 1867 4308 1961 4378; x_wconf 64' lang='lat' dir='ltr'><strong>legi</strong></span> 
     </span>
    </p>
   </div>
   <div class='ocr_carea' id='block_1_46' title="bbox 2046 4306 2740 4381">
    <p class='ocr_par' dir='ltr' id='par_1_46' title="bbox 2047 4308 2740 4381">
     <span class='ocr_line' id='line_1_46' title="bbox 2047 4308 2740 4381; baseline 0.004 -20"><span class='ocrx_word' id='word_1_334' title='bbox 2047 4317 2162 4381; x_wconf 27' lang='lat' dir='ltr'><strong>tur‘</strong></span> <span class='ocrx_word' id='word_1_335' title='bbox 2195 4308 2279 4381; x_wconf 46' lang='grc' dir='ltr'><strong>-Ρ</strong></span> <span class='ocrx_word' id='word_1_336' title='bbox 2318 4308 2477 4363; x_wconf 88' lang='lat' dir='ltr'><strong>lCor.</strong></span> <span class='ocrx_word' id='word_1_337' title='bbox 2509 4325 2618 4381; x_wconf 52' lang='lat' dir='ltr'><strong>xiv,</strong></span> <span class='ocrx_word' id='word_1_338' title='bbox 2651 4311 2740 4365; x_wconf 78' lang='grc'><strong>55.</strong></span> 
     </span>
    </p>
   </div>
   <div class='ocr_carea' id='block_1_47' title="bbox 878 4362 1961 4450">
    <p class='ocr_par' dir='ltr' id='par_1_47' title="bbox 878 4362 1961 4450">
     <span class='ocr_line' id='line_1_47' title="bbox 878 4362 1961 4450; baseline 0 -19"><span class='ocrx_word' id='word_1_339' title='bbox 878 4362 924 4410; x_wconf 66' lang='grc' dir='ltr'>ιδ</span> <span class='ocrx_word' id='word_1_340' title='bbox 959 4362 1005 4431; x_wconf 65' lang='grc' dir='ltr'><strong>ι.⁷</strong></span> <span class='ocrx_word' id='word_1_341' title='bbox 1030 4362 1123 4433; x_wconf 86' lang='lat' dir='ltr'><strong>lib.</strong></span> <span class='ocrx_word' id='word_1_342' title='bbox 1152 4362 1329 4445; x_wconf 83' lang='lat' dir='ltr'><strong>vu,&#39;c.</strong></span> <span class='ocrx_word' id='word_1_343' title='bbox 1361 4380 1452 4434; x_wconf 68' lang='lat'><strong>46.</strong></span> <span class='ocrx_word' id='word_1_344' title='bbox 1492 4362 1503 4381; x_wconf 83' lang='lat'><strong><em>‘</em></strong></span> <span class='ocrx_word' id='word_1_345' title='bbox 1536 4362 1577 4411; x_wconf 65' lang='grc' dir='ltr'><strong>ετ</strong></span> <span class='ocrx_word' id='word_1_346' title='bbox 1618 4362 1961 4450; x_wconf 61' lang='grc' dir='ltr'>Ιέηειιξίηιέὲ</span> 
     </span>
    </p>
   </div>
   <div class='ocr_carea' id='block_1_48' title="bbox 2046 4362 3605 4450">
    <p class='ocr_par' dir='ltr' id='par_1_48' title="bbox 2046 4362 3605 4449">
     <span class='ocr_line' id='line_1_48' title="bbox 2046 4362 3605 4449; baseline 0.003 -18"><span class='ocrx_word' id='word_1_347' title='bbox 2046 4381 2073 4434; x_wconf 88' lang='lat' dir='ltr'><strong>l.</strong></span> <span class='ocrx_word' id='word_1_348' title='bbox 2100 4378 2166 4432; x_wconf 91' lang='lat' dir='ltr'><strong>ad</strong></span> <span class='ocrx_word' id='word_1_349' title='bbox 2194 4362 2377 4449; x_wconf 79' lang='lat' dir='ltr'><strong>Magn.</strong></span> <span class='ocrx_word' id='word_1_350' title='bbox 2399 4380 2452 4445; x_wconf 67' lang='lat'><strong>&#39;5;</strong></span> <span class='ocrx_word' id='word_1_351' title='bbox 2484 4380 2550 4433; x_wconf 89' lang='lat' dir='ltr'><strong>ad</strong></span> <span class='ocrx_word' id='word_1_352' title='bbox 2582 4362 2782 4435; x_wconf 44' lang='lat' dir='ltr'><strong>S&#39;niI&#39;9.</strong></span> <span class='ocrx_word' id='word_1_353' title='bbox 2859 4362 3153 4435; x_wconf 42' lang='lat' dir='ltr'><strong>una};</strong></span> <span class='ocrx_word' id='word_1_354' title='bbox 3214 4362 3280 4412; x_wconf 64' lang='grc' dir='ltr'><strong>’έθ</strong></span> <span class='ocrx_word' id='word_1_355' title='bbox 3310 4362 3605 4436; x_wconf 28' lang='lat' dir='ltr'><strong>Lucii.th</strong></span> 
     </span>
    </p>
   </div>
   <div class='ocr_carea' id='block_1_49' title="bbox 376 4394 788 4443">
    <p class='ocr_par' dir='ltr' id='par_1_49' title="bbox 376 4394 788 4443">
     <span class='ocr_line' id='line_1_49' title="bbox 376 4394 788 4443; baseline -0.01 -6"><span class='ocrx_word' id='word_1_356' title='bbox 376 4394 586 4443; x_wconf 73' lang='lat' dir='ltr'><strong>xxvnl,</strong></span> <span class='ocrx_word' id='word_1_357' title='bbox 636 4394 788 4433; x_wconf 69' lang='lat' dir='ltr'><strong>xxxx.</strong></span> 
     </span>
    </p>
   </div>
   <div class='ocr_carea' id='block_1_50' title="bbox 2037 639 3595 714">
    <p class='ocr_par' dir='ltr' id='par_1_50' title="bbox 2037 639 3595 714">
     <span class='ocr_line' id='line_1_50' title="bbox 2037 639 3595 714; baseline -0.002 -17"><span class='ocrx_word' id='word_1_358' title='bbox 2037 644 2130 714; x_wconf 86' lang='lat' dir='ltr'><strong>qui</strong></span> <span class='ocrx_word' id='word_1_359' title='bbox 2160 641 2464 697; x_wconf 83' lang='lat' dir='ltr'><strong>diﬁ‘erentia</strong></span> <span class='ocrx_word' id='word_1_360' title='bbox 2492 642 2773 695; x_wconf 87' lang='lat' dir='ltr'><strong>nominum</strong></span> <span class='ocrx_word' id='word_1_361' title='bbox 2794 639 3151 695; x_wconf 73' lang='lat' dir='ltr'><strong>differentiam</strong></span> <span class='ocrx_word' id='word_1_362' title='bbox 3169 652 3386 707; x_wconf 88' lang='lat' dir='ltr'><strong>quoque</strong></span> <span class='ocrx_word' id='word_1_363' title='bbox 3414 649 3595 693; x_wconf 84' lang='lat' dir='ltr'><strong>rerum</strong></span> 
     </span>
    </p>
   </div>
   <div class='ocr_carea' id='block_1_51' title="bbox 2037 727 3598 803">
    <p class='ocr_par' dir='ltr' id='par_1_51' title="bbox 2037 727 3598 803">
     <span class='ocr_line' id='line_1_51' title="bbox 2037 727 3598 803; baseline -0.006 -12"><span class='ocrx_word' id='word_1_364' title='bbox 2037 735 2348 791; x_wconf 78' lang='lat' dir='ltr'><strong>ostendant.</strong></span> <span class='ocrx_word' id='word_1_365' title='bbox 2389 733 2508 788; x_wconf 84' lang='lat' dir='ltr'><strong>Non</strong></span> <span class='ocrx_word' id='word_1_366' title='bbox 2544 735 2690 789; x_wconf 90' lang='lat' dir='ltr'><strong>enim</strong></span> <span class='ocrx_word' id='word_1_367' title='bbox 2716 734 2811 803; x_wconf 92' lang='lat' dir='ltr'><strong>qui</strong></span> <span class='ocrx_word' id='word_1_368' title='bbox 2842 732 3077 794; x_wconf 86' lang='lat' dir='ltr'><strong>volebat,</strong></span> <span class='ocrx_word' id='word_1_369' title='bbox 3117 729 3260 799; x_wconf 88' lang='lat' dir='ltr'><strong>apud</strong></span> <span class='ocrx_word' id='word_1_370' title='bbox 3285 744 3385 783; x_wconf 92' lang='lat' dir='ltr'><strong>nos</strong></span> <span class='ocrx_word' id='word_1_371' title='bbox 3408 727 3598 796; x_wconf 80' lang='lat' dir='ltr'><strong>imple-</strong></span> 
     </span>
    </p>
   </div>
   <div class='ocr_carea' id='block_1_52' title="bbox 2036 821 3596 891">
    <p class='ocr_par' dir='ltr' id='par_1_52' title="bbox 2036 821 3596 891">
     <span class='ocr_line' id='line_1_52' title="bbox 2036 821 3596 891; baseline -0.007 -8"><span class='ocrx_word' id='word_1_372' title='bbox 2036 829 2131 884; x_wconf 90' lang='lat' dir='ltr'><strong>bat</strong></span> <span class='ocrx_word' id='word_1_373' title='bbox 2160 843 2382 882; x_wconf 91' lang='lat' dir='ltr'><strong>manum</strong></span> <span class='ocrx_word' id='word_1_374' title='bbox 2400 828 2466 891; x_wconf 77' lang='lat'><strong>“,</strong></span> <span class='ocrx_word' id='word_1_375' title='bbox 2493 827 2635 881; x_wconf 91' lang='lat' dir='ltr'><strong>sicut</strong></span> <span class='ocrx_word' id='word_1_376' title='bbox 2665 827 2719 879; x_wconf 90' lang='lat' dir='ltr'><strong>in</strong></span> <span class='ocrx_word' id='word_1_377' title='bbox 2746 825 2882 879; x_wconf 83' lang='lat' dir='ltr'><strong>falso</strong></span> <span class='ocrx_word' id='word_1_378' title='bbox 2896 832 2950 879; x_wconf 91' lang='lat' dir='ltr'><strong>et</strong></span> <span class='ocrx_word' id='word_1_379' title='bbox 2970 822 3279 877; x_wconf 86' lang='lat' dir='ltr'><strong>adulterino</strong></span> <span class='ocrx_word' id='word_1_380' title='bbox 3306 821 3596 875; x_wconf 71' lang='lat' dir='ltr'><strong>vitularum</strong></span> 
     </span>
    </p>
   </div>
   <div class='ocr_carea' id='block_1_53' title="bbox 2040 912 3596 988">
    <p class='ocr_par' dir='ltr' id='par_1_53' title="bbox 2040 912 3596 988">
     <span class='ocr_line' id='line_1_53' title="bbox 2040 912 3596 988; baseline -0.008 -12"><span class='ocrx_word' id='word_1_381' title='bbox 2040 921 2347 976; x_wconf 83' lang='lat' dir='ltr'><strong>sacerdotio</strong></span> <span class='ocrx_word' id='word_1_382' title='bbox 2367 959 2382 985; x_wconf 95' lang='lat'><strong>,</strong></span> <span class='ocrx_word' id='word_1_383' title='bbox 2415 929 2657 988; x_wconf 88' lang='lat' dir='ltr'><strong>tempore</strong></span> <span class='ocrx_word' id='word_1_384' title='bbox 2676 917 3022 983; x_wconf 84' lang='lat' dir='ltr'><strong>Jeroboami;</strong></span> <span class='ocrx_word' id='word_1_385' title='bbox 3056 914 3150 969; x_wconf 92' lang='lat' dir='ltr'><strong>sed</strong></span> <span class='ocrx_word' id='word_1_386' title='bbox 3180 915 3273 984; x_wconf 87' lang='lat' dir='ltr'><strong>qui</strong></span> <span class='ocrx_word' id='word_1_387' title='bbox 3300 912 3596 967; x_wconf 74' lang='lat' dir='ltr'><strong>vocabatur</strong></span> 
     </span>
    </p>
   </div>
   <div class='ocr_carea' id='block_1_54' title="bbox 2040 1002 3595 1082">
    <p class='ocr_par' dir='ltr' id='par_1_54' title="bbox 2040 1002 3595 1082">
     <span class='ocr_line' id='line_1_54' title="bbox 2040 1002 3595 1082; baseline -0.008 -14"><span class='ocrx_word' id='word_1_388' title='bbox 2040 1029 2070 1068; x_wconf 89' lang='lat' dir='ltr'><strong>a</strong></span> <span class='ocrx_word' id='word_1_389' title='bbox 2093 1013 2222 1069; x_wconf 91' lang='lat' dir='ltr'><strong>Deo.</strong></span> <span class='ocrx_word' id='word_1_390' title='bbox 2245 1012 2383 1066; x_wconf 89' lang='lat' dir='ltr'><strong>Nam</strong></span> <span class='ocrx_word' id='word_1_391' title='bbox 2414 1014 2461 1066; x_wconf 92' lang='lat' dir='ltr'><strong>si</strong></span> <span class='ocrx_word' id='word_1_392' title='bbox 2489 1012 2638 1065; x_wconf 91' lang='lat' dir='ltr'><strong>nulla</strong></span> <span class='ocrx_word' id='word_1_393' title='bbox 2670 1012 2753 1065; x_wconf 80' lang='lat' dir='ltr'><strong>lex</strong></span> <span class='ocrx_word' id='word_1_394' title='bbox 2782 1008 2960 1078; x_wconf 78' lang='lat' dir='ltr'><strong>posita</strong></span> <span class='ocrx_word' id='word_1_395' title='bbox 2979 1015 3145 1073; x_wconf 87' lang='lat' dir='ltr'><strong>esset,</strong></span> <span class='ocrx_word' id='word_1_396' title='bbox 3182 1005 3414 1082; x_wconf 77' lang='lat' dir='ltr'><strong>neculla</strong></span> <span class='ocrx_word' id='word_1_397' title='bbox 3444 1002 3595 1057; x_wconf 91' lang='lat' dir='ltr'><strong>ordi-</strong></span> 
     </span>
    </p>
   </div>
   <div class='ocr_carea' id='block_1_55' title="bbox 2038 1101 3599 1169">
    <p class='ocr_par' dir='ltr' id='par_1_55' title="bbox 2038 1101 3599 1169">
     <span class='ocr_line' id='line_1_55' title="bbox 2038 1101 3599 1169; baseline -0.008 -8"><span class='ocrx_word' id='word_1_398' title='bbox 2038 1122 2170 1161; x_wconf 90' lang='lat' dir='ltr'><strong>num</strong></span> <span class='ocrx_word' id='word_1_399' title='bbox 2199 1104 2533 1169; x_wconf 80' lang='lat' dir='ltr'><strong>diﬁerentia;</strong></span> <span class='ocrx_word' id='word_1_400' title='bbox 2582 1101 2885 1159; x_wconf 78' lang='lat' dir='ltr'><strong>suﬂ&#39;ecisset</strong></span> <span class='ocrx_word' id='word_1_401' title='bbox 2904 1139 2919 1163; x_wconf 90' lang='lat'><strong>,</strong></span> <span class='ocrx_word' id='word_1_402' title='bbox 2952 1106 3152 1153; x_wconf 86' lang='lat' dir='ltr'><strong>cuncta</strong></span> <span class='ocrx_word' id='word_1_403' title='bbox 3191 1113 3286 1167; x_wconf 90' lang='lat' dir='ltr'><strong>per</strong></span> <span class='ocrx_word' id='word_1_404' title='bbox 3310 1111 3477 1150; x_wconf 90' lang='lat' dir='ltr'><strong>unum</strong></span> <span class='ocrx_word' id='word_1_405' title='bbox 3499 1110 3599 1148; x_wconf 81' lang='lat' dir='ltr'><strong>no-</strong></span> 
     </span>
    </p>
   </div>
   <div class='ocr_carea' id='block_1_56' title="bbox 2040 1191 3600 1267">
    <p class='ocr_par' dir='ltr' id='par_1_56' title="bbox 2040 1191 3600 1267">
     <span class='ocr_line' id='line_1_56' title="bbox 2040 1191 3600 1267; baseline -0.007 -14"><span class='ocrx_word' id='word_1_406' title='bbox 2040 1214 2162 1253; x_wconf 90' lang='lat' dir='ltr'><strong>men</strong></span> <span class='ocrx_word' id='word_1_407' title='bbox 2204 1197 2413 1267; x_wconf 91' lang='lat' dir='ltr'><strong>perﬁci.</strong></span> <span class='ocrx_word' id='word_1_408' title='bbox 2442 1195 2664 1258; x_wconf 82' lang='lat' dir='ltr'><strong>Verum,</strong></span> <span class='ocrx_word' id='word_1_409' title='bbox 2685 1209 2714 1247; x_wconf 92' lang='lat' dir='ltr'><strong>a</strong></span> <span class='ocrx_word' id='word_1_410' title='bbox 2741 1193 2970 1247; x_wconf 90' lang='lat' dir='ltr'><strong>Domino</strong></span> <span class='ocrx_word' id='word_1_411' title='bbox 2991 1191 3167 1246; x_wconf 82' lang='lat' dir='ltr'><strong>edocti</strong></span> <span class='ocrx_word' id='word_1_412' title='bbox 3195 1206 3376 1244; x_wconf 89' lang='lat' dir='ltr'><strong>rerum</strong></span> <span class='ocrx_word' id='word_1_413' title='bbox 3407 1203 3600 1242; x_wconf 80' lang='lat' dir='ltr'><strong>conse-</strong></span> 
     </span>
    </p>
   </div>
   <div class='ocr_carea' id='block_1_57' title="bbox 2041 1281 3600 1360">
    <p class='ocr_par' dir='ltr' id='par_1_57' title="bbox 2041 1281 3600 1360">
     <span class='ocr_line' id='line_1_57' title="bbox 2041 1281 3600 1360; baseline -0.007 -16"><span class='ocrx_word' id='word_1_414' title='bbox 2041 1290 2344 1360; x_wconf 90' lang='lat' dir='ltr'><strong>quentiam,</strong></span> <span class='ocrx_word' id='word_1_415' title='bbox 2374 1287 2645 1357; x_wconf 83' lang='lat' dir='ltr'><strong>episcopis</strong></span> <span class='ocrx_word' id='word_1_416' title='bbox 2689 1285 2906 1355; x_wconf 88' lang='lat' dir='ltr'><strong>quidem</strong></span> <span class='ocrx_word' id='word_1_417' title='bbox 2953 1298 3073 1353; x_wconf 70' lang='lat' dir='ltr'><strong>qua:</strong></span> <span class='ocrx_word' id='word_1_418' title='bbox 3114 1282 3180 1336; x_wconf 88' lang='lat' dir='ltr'><strong>ad</strong></span> <span class='ocrx_word' id='word_1_419' title='bbox 3223 1281 3600 1350; x_wconf 88' lang='lat' dir='ltr'><strong>pontiﬁcatum</strong></span> 
     </span>
    </p>
   </div>
   <div class='ocr_carea' id='block_1_58' title="bbox 2042 1369 3599 1452">
    <p class='ocr_par' dir='ltr' id='par_1_58' title="bbox 2042 1369 3599 1452">
     <span class='ocr_line' id='line_1_58' title="bbox 2042 1369 3599 1452; baseline -0.007 -18"><span class='ocrx_word' id='word_1_420' title='bbox 2042 1381 2317 1452; x_wconf 86' lang='lat' dir='ltr'><strong>pertinent</strong></span> <span class='ocrx_word' id='word_1_421' title='bbox 2357 1379 2793 1449; x_wconf 80' lang='lat' dir='ltr'><strong>assignavimus,</strong></span> <span class='ocrx_word' id='word_1_422' title='bbox 2823 1373 3155 1446; x_wconf 84' lang='lat' dir='ltr'><strong>presbyteris</strong></span> <span class='ocrx_word' id='word_1_423' title='bbox 3204 1388 3333 1426; x_wconf 81' lang='lat' dir='ltr'><strong>vero</strong></span> <span class='ocrx_word' id='word_1_424' title='bbox 3370 1387 3490 1441; x_wconf 72' lang='lat' dir='ltr'><strong>qua:</strong></span> <span class='ocrx_word' id='word_1_425' title='bbox 3531 1369 3599 1423; x_wconf 91' lang='lat' dir='ltr'><strong>ad</strong></span> 
     </span>
    </p>
   </div>
   <div class='ocr_carea' id='block_1_59' title="bbox 2043 1463 3600 1538">
    <p class='ocr_par' dir='ltr' id='par_1_59' title="bbox 2043 1463 3600 1538">
     <span class='ocr_line' id='line_1_59' title="bbox 2043 1463 3600 1538; baseline -0.008 -10"><span class='ocrx_word' id='word_1_426' title='bbox 2043 1472 2430 1534; x_wconf 81' lang='lat' dir='ltr'><strong>sacerdotium,</strong></span> <span class='ocrx_word' id='word_1_427' title='bbox 2489 1471 2736 1525; x_wconf 89' lang='lat' dir='ltr'><strong>diaconis</strong></span> <span class='ocrx_word' id='word_1_428' title='bbox 2794 1477 2975 1523; x_wconf 91' lang='lat' dir='ltr'><strong>autem</strong></span> <span class='ocrx_word' id='word_1_429' title='bbox 3024 1484 3144 1538; x_wconf 71' lang='lat' dir='ltr'><strong>quae</strong></span> <span class='ocrx_word' id='word_1_430' title='bbox 3184 1467 3252 1519; x_wconf 90' lang='lat' dir='ltr'><strong>ad</strong></span> <span class='ocrx_word' id='word_1_431' title='bbox 3297 1463 3600 1519; x_wconf 88' lang='lat' dir='ltr'><strong>ministeria</strong></span> 
     </span>
    </p>
   </div>
   <div class='ocr_carea' id='block_1_60' title="bbox 2041 1558 3602 1633">
    <p class='ocr_par' dir='ltr' id='par_1_60' title="bbox 2041 1558 3602 1633">
     <span class='ocr_line' id='line_1_60' title="bbox 2041 1558 3602 1633; baseline -0.003 -16"><span class='ocrx_word' id='word_1_432' title='bbox 2041 1566 2290 1633; x_wconf 90' lang='lat' dir='ltr'><strong>utrisque</strong></span> <span class='ocrx_word' id='word_1_433' title='bbox 2324 1562 2686 1632; x_wconf 89' lang='lat' dir='ltr'><strong>impendenda</strong></span> <span class='ocrx_word' id='word_1_434' title='bbox 2707 1602 2722 1626; x_wconf 97' lang='lat'><strong>,</strong></span> <span class='ocrx_word' id='word_1_435' title='bbox 2756 1569 2816 1633; x_wconf 85' lang='lat' dir='ltr'><strong>ut</strong></span> <span class='ocrx_word' id='word_1_436' title='bbox 2840 1577 2960 1630; x_wconf 72' lang='lat' dir='ltr'><strong>quae</strong></span> <span class='ocrx_word' id='word_1_437' title='bbox 2993 1559 3059 1613; x_wconf 89' lang='lat' dir='ltr'><strong>ad</strong></span> <span class='ocrx_word' id='word_1_438' title='bbox 3100 1560 3306 1612; x_wconf 92' lang='lat' dir='ltr'><strong>cultum</strong></span> <span class='ocrx_word' id='word_1_439' title='bbox 3337 1558 3430 1612; x_wconf 88' lang='lat' dir='ltr'><strong>Dei</strong></span> <span class='ocrx_word' id='word_1_440' title='bbox 3478 1574 3602 1627; x_wconf 86' lang='lat' dir='ltr'><strong>spc-</strong></span> 
     </span>
    </p>
   </div>
   <div class='ocr_carea' id='block_1_61' title="bbox 2043 1650 3603 1722">
    <p class='ocr_par' dir='ltr' id='par_1_61' title="bbox 2043 1650 3603 1722">
     <span class='ocr_line' id='line_1_61' title="bbox 2043 1650 3603 1722; baseline -0.004 -13"><span class='ocrx_word' id='word_1_441' title='bbox 2043 1662 2215 1717; x_wconf 90' lang='lat' dir='ltr'><strong>ctant,</strong></span> <span class='ocrx_word' id='word_1_442' title='bbox 2251 1670 2381 1722; x_wconf 92' lang='lat' dir='ltr'><strong>pure</strong></span> <span class='ocrx_word' id='word_1_443' title='bbox 2411 1653 2772 1708; x_wconf 86' lang='lat' dir='ltr'><strong>celebrentur.</strong></span> <span class='ocrx_word' id='word_1_444' title='bbox 2805 1650 2993 1721; x_wconf 89' lang='lat' dir='ltr'><strong>Neque</strong></span> <span class='ocrx_word' id='word_1_445' title='bbox 3034 1652 3178 1704; x_wconf 88' lang='lat' dir='ltr'><strong>enim</strong></span> <span class='ocrx_word' id='word_1_446' title='bbox 3216 1651 3446 1705; x_wconf 90' lang='lat' dir='ltr'><strong>diacono</strong></span> <span class='ocrx_word' id='word_1_447' title='bbox 3476 1653 3603 1705; x_wconf 86' lang='lat' dir='ltr'><strong>licet</strong></span> 
     </span>
    </p>
   </div>
   <div class='ocr_carea' id='block_1_62' title="bbox 2044 1744 3601 1814">
    <p class='ocr_par' dir='ltr' id='par_1_62' title="bbox 2044 1744 3601 1814">
     <span class='ocr_line' id='line_1_62' title="bbox 2044 1744 3601 1814; baseline -0.002 -14"><span class='ocrx_word' id='word_1_448' title='bbox 2044 1746 2375 1801; x_wconf 90' lang='lat' dir='ltr'><strong>sacriﬁcium</strong></span> <span class='ocrx_word' id='word_1_449' title='bbox 2406 1745 2631 1809; x_wconf 80' lang='lat' dir='ltr'><strong>oﬁerre,</strong></span> <span class='ocrx_word' id='word_1_450' title='bbox 2664 1752 2757 1798; x_wconf 90' lang='lat' dir='ltr'><strong>aut</strong></span> <span class='ocrx_word' id='word_1_451' title='bbox 2784 1744 3095 1814; x_wconf 85' lang='lat' dir='ltr'><strong>baptizare,</strong></span> <span class='ocrx_word' id='word_1_452' title='bbox 3137 1750 3231 1797; x_wconf 87' lang='lat' dir='ltr'><strong>aut</strong></span> <span class='ocrx_word' id='word_1_453' title='bbox 3268 1744 3601 1799; x_wconf 86' lang='lat' dir='ltr'><strong>benedictio-</strong></span> 
     </span>
    </p>
   </div>
   <div class='ocr_carea' id='block_1_63' title="bbox 2044 1835 3602 1908">
    <p class='ocr_par' dir='ltr' id='par_1_63' title="bbox 2044 1835 3602 1908">
     <span class='ocr_line' id='line_1_63' title="bbox 2044 1835 3602 1908; baseline -0.003 -15"><span class='ocrx_word' id='word_1_454' title='bbox 2044 1854 2168 1893; x_wconf 86' lang='lat' dir='ltr'><strong>nem</strong></span> <span class='ocrx_word' id='word_1_455' title='bbox 2197 1854 2290 1893; x_wconf 88' lang='lat' dir='ltr'><strong>seu</strong></span> <span class='ocrx_word' id='word_1_456' title='bbox 2316 1853 2559 1908; x_wconf 89' lang='lat' dir='ltr'><strong>parvam,</strong></span> <span class='ocrx_word' id='word_1_457' title='bbox 2596 1853 2691 1891; x_wconf 91' lang='lat' dir='ltr'><strong>seu</strong></span> <span class='ocrx_word' id='word_1_458' title='bbox 2732 1851 2984 1906; x_wconf 90' lang='lat' dir='ltr'><strong>magnam</strong></span> <span class='ocrx_word' id='word_1_459' title='bbox 3022 1835 3241 1897; x_wconf 84' lang='lat' dir='ltr'><strong>facere;</strong></span> <span class='ocrx_word' id='word_1_460' title='bbox 3275 1851 3450 1904; x_wconf 89' lang='lat' dir='ltr'><strong>neque</strong></span> <span class='ocrx_word' id='word_1_461' title='bbox 3480 1851 3602 1905; x_wconf 84' lang='lat' dir='ltr'><strong>pre—</strong></span> 
     </span>
    </p>
   </div>
   <div class='ocr_carea' id='block_1_64' title="bbox 2045 1926 3602 2003">
    <p class='ocr_par' dir='ltr' id='par_1_64' title="bbox 2045 1926 3602 2003">
     <span class='ocr_line' id='line_1_64' title="bbox 2045 1926 3602 2003; baseline -0.005 -16"><span class='ocrx_word' id='word_1_462' title='bbox 2045 1932 2301 2003; x_wconf 90' lang='lat' dir='ltr'><strong>sbytero,</strong></span> <span class='ocrx_word' id='word_1_463' title='bbox 2333 1930 2705 1985; x_wconf 87' lang='lat' dir='ltr'><strong>ordinationes</strong></span> <span class='ocrx_word' id='word_1_464' title='bbox 2748 1939 3038 1999; x_wconf 82' lang='lat' dir='ltr'><strong>peragere;</strong></span> <span class='ocrx_word' id='word_1_465' title='bbox 3082 1926 3209 1996; x_wconf 90' lang='lat' dir='ltr'><strong>quia</strong></span> <span class='ocrx_word' id='word_1_466' title='bbox 3248 1942 3463 1995; x_wconf 66' lang='lat' dir='ltr'><strong>aequum</strong></span> <span class='ocrx_word' id='word_1_467' title='bbox 3493 1942 3602 1979; x_wconf 89' lang='lat' dir='ltr'><strong>non</strong></span> 
     </span>
    </p>
   </div>
   <div class='ocr_carea' id='block_1_65' title="bbox 2043 2016 3605 2088">
    <p class='ocr_par' dir='ltr' id='par_1_65' title="bbox 2043 2016 3605 2088">
     <span class='ocr_line' id='line_1_65' title="bbox 2043 2016 3605 2088; baseline -0.007 -9"><span class='ocrx_word' id='word_1_468' title='bbox 2043 2031 2148 2088; x_wconf 88' lang='lat' dir='ltr'><strong>est,</strong></span> <span class='ocrx_word' id='word_1_469' title='bbox 2174 2023 2423 2077; x_wconf 90' lang='lat' dir='ltr'><strong>ordinem</strong></span> <span class='ocrx_word' id='word_1_470' title='bbox 2447 2020 2640 2076; x_wconf 89' lang='lat' dir='ltr'><strong>inverti</strong></span> <span class='ocrx_word' id='word_1_471' title='bbox 2674 2039 2687 2073; x_wconf 92' lang='lat'>:</span> <span class='ocrx_word' id='word_1_472' title='bbox 2723 2039 2741 2071; x_wconf 73' lang='grc' dir='ltr'><strong>ι</strong></span> <span class='ocrx_word' id='word_1_473' title='bbox 2772 2019 2891 2073; x_wconf 88' lang='lat' dir='ltr'><strong>Non</strong></span> <span class='ocrx_word' id='word_1_474' title='bbox 2921 2019 3067 2072; x_wconf 88' lang='lat' dir='ltr'><strong>enim</strong></span> <span class='ocrx_word' id='word_1_475' title='bbox 3098 2025 3187 2072; x_wconf 91' lang='lat' dir='ltr'><strong>est.</strong></span> <span class='ocrx_word' id='word_1_476' title='bbox 3215 2016 3358 2072; x_wconf 88' lang='lat' dir='ltr'><strong>Deus</strong></span> <span class='ocrx_word' id='word_1_477' title='bbox 3389 2016 3605 2072; x_wconf 87' lang='lat' dir='ltr'><strong>dissen-</strong></span> 
     </span>
    </p>
   </div>
   <div class='ocr_carea' id='block_1_66' title="bbox 2044 2111 3604 2182">
    <p class='ocr_par' dir='ltr' id='par_1_66' title="bbox 2044 2111 3604 2182">
     <span class='ocr_line' id='line_1_66' title="bbox 2044 2111 3604 2182; baseline -0.006 -11"><span class='ocrx_word' id='word_1_478' title='bbox 2044 2114 2316 2182; x_wconf 76' lang='lat' dir='ltr'><strong>sionis“;</strong></span> <span class='ocrx_word' id='word_1_479' title='bbox 2351 2133 2370 2164; x_wconf 73' lang='grc' dir='ltr'><strong>ι</strong></span> <span class='ocrx_word' id='word_1_480' title='bbox 2405 2130 2475 2169; x_wconf 90' lang='lat' dir='ltr'><strong>ne</strong></span> <span class='ocrx_word' id='word_1_481' title='bbox 2501 2113 2810 2177; x_wconf 83' lang='lat' dir='ltr'><strong>inferiores,</strong></span> <span class='ocrx_word' id='word_1_482' title='bbox 2841 2126 2960 2181; x_wconf 69' lang='lat' dir='ltr'><strong>qua:</strong></span> <span class='ocrx_word' id='word_1_483' title='bbox 2976 2118 3105 2166; x_wconf 90' lang='lat' dir='ltr'><strong>sunt</strong></span> <span class='ocrx_word' id='word_1_484' title='bbox 3136 2111 3604 2181; x_wconf 82' lang='lat' dir='ltr'><strong>superiorum,ty-</strong></span> 
     </span>
    </p>
   </div>
   <div class='ocr_carea' id='block_1_67' title="bbox 2042 2202 3604 2275">
    <p class='ocr_par' dir='ltr' id='par_1_67' title="bbox 2042 2202 3604 2275">
     <span class='ocr_line' id='line_1_67' title="bbox 2042 2202 3604 2275; baseline -0.004 -14"><span class='ocrx_word' id='word_1_485' title='bbox 2042 2209 2267 2263; x_wconf 88' lang='lat' dir='ltr'><strong>rannice</strong></span> <span class='ocrx_word' id='word_1_486' title='bbox 2291 2207 2395 2262; x_wconf 91' lang='lat' dir='ltr'><strong>sibi</strong></span> <span class='ocrx_word' id='word_1_487' title='bbox 2422 2206 2721 2268; x_wconf 86' lang='lat' dir='ltr'><strong>vindicent,</strong></span> <span class='ocrx_word' id='word_1_488' title='bbox 2754 2220 2948 2259; x_wconf 88' lang='lat' dir='ltr'><strong>novam</strong></span> <span class='ocrx_word' id='word_1_489' title='bbox 2968 2204 3147 2275; x_wconf 82' lang='lat' dir='ltr'><strong>legum</strong></span> <span class='ocrx_word' id='word_1_490' title='bbox 3171 2204 3412 2274; x_wconf 83' lang='lat' dir='ltr'><strong>regulam</strong></span> <span class='ocrx_word' id='word_1_491' title='bbox 3440 2202 3604 2256; x_wconf 86' lang='lat' dir='ltr'><strong>reﬁn-</strong></span> 
     </span>
    </p>
   </div>
   <div class='ocr_carea' id='block_1_68' title="bbox 2045 2295 3600 2369">
    <p class='ocr_par' dir='ltr' id='par_1_68' title="bbox 2045 2295 3600 2369">
     <span class='ocr_line' id='line_1_68' title="bbox 2045 2295 3600 2369; baseline -0.004 -16"><span class='ocrx_word' id='word_1_492' title='bbox 2045 2307 2234 2369; x_wconf 86' lang='lat' dir='ltr'><strong>gentes</strong></span> <span class='ocrx_word' id='word_1_493' title='bbox 2266 2300 2317 2353; x_wconf 91' lang='lat' dir='ltr'><strong>in</strong></span> <span class='ocrx_word' id='word_1_494' title='bbox 2346 2299 2547 2352; x_wconf 90' lang='lat' dir='ltr'><strong>malum</strong></span> <span class='ocrx_word' id='word_1_495' title='bbox 2584 2314 2765 2362; x_wconf 91' lang='lat' dir='ltr'><strong>suum,</strong></span> <span class='ocrx_word' id='word_1_496' title='bbox 2795 2299 3107 2368; x_wconf 81' lang='lat' dir='ltr'><strong>ignorantes</strong></span> <span class='ocrx_word' id='word_1_497' title='bbox 3140 2296 3338 2351; x_wconf 89' lang='lat' dir='ltr'><strong>durum</strong></span> <span class='ocrx_word' id='word_1_498' title='bbox 3378 2311 3499 2350; x_wconf 90' lang='lat' dir='ltr'><strong>esse</strong></span> <span class='ocrx_word' id='word_1_499' title='bbox 3525 2295 3600 2347; x_wconf 82' lang='lat' dir='ltr'><strong>si-</strong></span> 
     </span>
    </p>
   </div>
   <div class='ocr_carea' id='block_1_69' title="bbox 2043 2388 3605 2447">
    <p class='ocr_par' dir='ltr' id='par_1_69' title="bbox 2043 2388 3605 2447">
     <span class='ocr_line' id='line_1_69' title="bbox 2043 2388 3605 2447; baseline -0.003 -1"><span class='ocrx_word' id='word_1_500' title='bbox 2043 2391 2098 2446; x_wconf 81' lang='lat' dir='ltr'><strong>bi</strong></span> <span class='ocrx_word' id='word_1_501' title='bbox 2132 2398 2322 2446; x_wconf 89' lang='lat' dir='ltr'><strong>contra</strong></span> <span class='ocrx_word' id='word_1_502' title='bbox 2356 2392 2637 2447; x_wconf 89' lang='lat' dir='ltr'><strong>stimulum</strong></span> <span class='ocrx_word' id='word_1_503' title='bbox 2659 2390 2946 2445; x_wconf 87' lang='lat' dir='ltr'><strong>calcitrare</strong></span> <span class='ocrx_word' id='word_1_504' title='bbox 2968 2390 3031 2443; x_wconf 63' lang='lat'><strong>3&quot;.</strong></span> <span class='ocrx_word' id='word_1_505' title='bbox 3058 2388 3123 2441; x_wconf 87' lang='lat' dir='ltr'><strong>Et</strong></span> <span class='ocrx_word' id='word_1_506' title='bbox 3144 2404 3271 2443; x_wconf 84' lang='lat' dir='ltr'><strong>vero</strong></span> <span class='ocrx_word' id='word_1_507' title='bbox 3307 2389 3397 2441; x_wconf 90' lang='lat' dir='ltr'><strong>isti</strong></span> <span class='ocrx_word' id='word_1_508' title='bbox 3430 2388 3605 2441; x_wconf 86' lang='lat' dir='ltr'><strong>homi-</strong></span> 
     </span>
    </p>
   </div>
   <div class='ocr_carea' id='block_1_70' title="bbox 2044 2478 3600 2553">
    <p class='ocr_par' dir='ltr' id='par_1_70' title="bbox 2044 2478 3600 2553">
     <span class='ocr_line' id='line_1_70' title="bbox 2044 2478 3600 2553; baseline -0.003 -17"><span class='ocrx_word' id='word_1_509' title='bbox 2044 2498 2141 2537; x_wconf 86' lang='lat' dir='ltr'><strong>nes</strong></span> <span class='ocrx_word' id='word_1_510' title='bbox 2158 2499 2265 2537; x_wconf 92' lang='lat' dir='ltr'><strong>non</strong></span> <span class='ocrx_word' id='word_1_511' title='bbox 2294 2489 2607 2553; x_wconf 81' lang='lat' dir='ltr'><strong>oppugnant</strong></span> <span class='ocrx_word' id='word_1_512' title='bbox 2637 2497 2758 2543; x_wconf 90' lang='lat' dir='ltr'><strong>nos,</strong></span> <span class='ocrx_word' id='word_1_513' title='bbox 2778 2489 2871 2535; x_wconf 90' lang='lat' dir='ltr'><strong>aut</strong></span> <span class='ocrx_word' id='word_1_514' title='bbox 2887 2481 3207 2550; x_wconf 88' lang='lat' dir='ltr'><strong>episcopos;</strong></span> <span class='ocrx_word' id='word_1_515' title='bbox 3239 2478 3335 2534; x_wconf 90' lang='lat' dir='ltr'><strong>sed</strong></span> <span class='ocrx_word' id='word_1_516' title='bbox 3355 2479 3600 2532; x_wconf 90' lang='lat' dir='ltr'><strong>omnium</strong></span> 
     </span>
    </p>
   </div>
   <div class='ocr_carea' id='block_1_71' title="bbox 2043 2568 3596 2646">
    <p class='ocr_par' dir='ltr' id='par_1_71' title="bbox 2043 2568 3596 2646">
     <span class='ocr_line' id='line_1_71' title="bbox 2043 2568 3596 2646; baseline -0.004 -17"><span class='ocrx_word' id='word_1_517' title='bbox 2043 2576 2391 2646; x_wconf 87' lang='lat' dir='ltr'><strong>episcopum,</strong></span> <span class='ocrx_word' id='word_1_518' title='bbox 2430 2573 2717 2645; x_wconf 88' lang='lat' dir='ltr'><strong>Patrisque</strong></span> <span class='ocrx_word' id='word_1_519' title='bbox 2746 2572 3055 2642; x_wconf 90' lang='lat' dir='ltr'><strong>pontiﬁcem</strong></span> <span class='ocrx_word' id='word_1_520' title='bbox 3090 2571 3367 2625; x_wconf 85' lang='lat' dir='ltr'><strong>Christum</strong></span> <span class='ocrx_word' id='word_1_521' title='bbox 3408 2568 3596 2624; x_wconf 86' lang='lat' dir='ltr'><strong>Jesum</strong></span> 
     </span>
    </p>
   </div>
   <div class='ocr_carea' id='block_1_72' title="bbox 2045 2660 3607 2734">
    <p class='ocr_par' dir='ltr' id='par_1_72' title="bbox 2045 2660 3607 2734">
     <span class='ocr_line' id='line_1_72' title="bbox 2045 2660 3607 2734; baseline -0.002 -16"><span class='ocrx_word' id='word_1_522' title='bbox 2045 2664 2335 2720; x_wconf 91' lang='lat' dir='ltr'><strong>Dominum</strong></span> <span class='ocrx_word' id='word_1_523' title='bbox 2361 2674 2627 2720; x_wconf 89' lang='lat' dir='ltr'><strong>nostrum.</strong></span> <span class='ocrx_word' id='word_1_524' title='bbox 2662 2662 2941 2733; x_wconf 87' lang='lat' dir='ltr'><strong>Siquidem</strong></span> <span class='ocrx_word' id='word_1_525' title='bbox 2971 2680 3065 2734; x_wconf 90' lang='lat' dir='ltr'><strong>per</strong></span> <span class='ocrx_word' id='word_1_526' title='bbox 3097 2662 3298 2718; x_wconf 71' lang='lat' dir='ltr'><strong>Mosam</strong></span> <span class='ocrx_word' id='word_1_527' title='bbox 3332 2660 3441 2715; x_wconf 90' lang='lat' dir='ltr'><strong>Deo</strong></span> <span class='ocrx_word' id='word_1_528' title='bbox 3475 2661 3607 2715; x_wconf 88' lang='lat' dir='ltr'><strong>cha-</strong></span> 
     </span>
    </p>
   </div>
   <div class='ocr_carea' id='block_1_73' title="bbox 2045 2754 3605 2825">
    <p class='ocr_par' dir='ltr' id='par_1_73' title="bbox 2045 2754 3605 2825">
     <span class='ocr_line' id='line_1_73' title="bbox 2045 2754 3605 2825; baseline -0.001 -15"><span class='ocrx_word' id='word_1_529' title='bbox 2045 2757 2325 2811; x_wconf 91' lang='lat' dir='ltr'><strong>rissimum</strong></span> <span class='ocrx_word' id='word_1_530' title='bbox 2363 2757 2645 2812; x_wconf 88' lang='lat' dir='ltr'><strong>constituti</strong></span> <span class='ocrx_word' id='word_1_531' title='bbox 2676 2763 2803 2812; x_wconf 91' lang='lat' dir='ltr'><strong>sunt</strong></span> <span class='ocrx_word' id='word_1_532' title='bbox 2843 2754 3162 2825; x_wconf 88' lang='lat' dir='ltr'><strong>pontiﬁces,</strong></span> <span class='ocrx_word' id='word_1_533' title='bbox 3197 2754 3510 2809; x_wconf 89' lang='lat' dir='ltr'><strong>sacerdotes</strong></span> <span class='ocrx_word' id='word_1_534' title='bbox 3541 2768 3605 2809; x_wconf 87' lang='lat' dir='ltr'><strong>ac</strong></span> 
     </span>
    </p>
   </div>
   <div class='ocr_carea' id='block_1_74' title="bbox 2046 2846 3605 2917">
    <p class='ocr_par' dir='ltr' id='par_1_74' title="bbox 2046 2846 3605 2917">
     <span class='ocr_line' id='line_1_74' title="bbox 2046 2846 3605 2917; baseline -0.001 -15"><span class='ocrx_word' id='word_1_535' title='bbox 2046 2848 2224 2903; x_wconf 74' lang='lat' dir='ltr'><strong>levita:</strong></span> <span class='ocrx_word' id='word_1_536' title='bbox 2241 2850 2320 2917; x_wconf 82' lang='grc'><strong>³⁵;</strong></span> <span class='ocrx_word' id='word_1_537' title='bbox 2357 2865 2387 2904; x_wconf 86' lang='lat' dir='ltr'><strong>a</strong></span> <span class='ocrx_word' id='word_1_538' title='bbox 2430 2857 2619 2905; x_wconf 91' lang='lat' dir='ltr'><strong>nostro</strong></span> <span class='ocrx_word' id='word_1_539' title='bbox 2668 2857 2848 2904; x_wconf 89' lang='lat' dir='ltr'><strong>autem</strong></span> <span class='ocrx_word' id='word_1_540' title='bbox 2887 2849 3165 2903; x_wconf 86' lang='lat' dir='ltr'><strong>Salvatore</strong></span> <span class='ocrx_word' id='word_1_541' title='bbox 3215 2864 3313 2903; x_wconf 91' lang='lat' dir='ltr'><strong>nos</strong></span> <span class='ocrx_word' id='word_1_542' title='bbox 3346 2846 3605 2901; x_wconf 88' lang='lat' dir='ltr'><strong>tredecim</strong></span> 
     </span>
    </p>
   </div>
   <div class='ocr_carea' id='block_1_75' title="bbox 2047 2937 3607 3012">
    <p class='ocr_par' dir='ltr' id='par_1_75' title="bbox 2047 2937 3607 3012">
     <span class='ocr_line' id='line_1_75' title="bbox 2047 2937 3607 3012; baseline -0.003 -18"><span class='ocrx_word' id='word_1_543' title='bbox 2047 2942 2275 3012; x_wconf 90' lang='lat' dir='ltr'><strong>apostoli</strong></span> <span class='ocrx_word' id='word_1_544' title='bbox 2300 2960 2314 3009; x_wconf 90' lang='lat'><strong>;</strong></span> <span class='ocrx_word' id='word_1_545' title='bbox 2347 2942 2414 2997; x_wconf 90' lang='lat' dir='ltr'><strong>ab</strong></span> <span class='ocrx_word' id='word_1_546' title='bbox 2441 2942 2702 3012; x_wconf 85' lang='lat' dir='ltr'><strong>apostolis</strong></span> <span class='ocrx_word' id='word_1_547' title='bbox 2727 2958 2855 2997; x_wconf 81' lang='lat' dir='ltr'><strong>vero</strong></span> <span class='ocrx_word' id='word_1_548' title='bbox 2883 2958 2982 3012; x_wconf 89' lang='lat' dir='ltr'><strong>ego</strong></span> <span class='ocrx_word' id='word_1_549' title='bbox 3007 2940 3262 3003; x_wconf 69' lang='lat' dir='ltr'><strong>Iacobus.</strong></span> <span class='ocrx_word' id='word_1_550' title='bbox 3286 2946 3340 2993; x_wconf 91' lang='lat' dir='ltr'><strong>et</strong></span> <span class='ocrx_word' id='word_1_551' title='bbox 3361 2954 3461 3009; x_wconf 88' lang='lat' dir='ltr'><strong>ego</strong></span> <span class='ocrx_word' id='word_1_552' title='bbox 3481 2937 3607 2991; x_wconf 90' lang='lat' dir='ltr'><strong>Cle-</strong></span> 
     </span>
    </p>
   </div>
   <div class='ocr_carea' id='block_1_76' title="bbox 2048 3033 3602 3101">
    <p class='ocr_par' dir='ltr' id='par_1_76' title="bbox 2048 3033 3602 3101">
     <span class='ocr_line' id='line_1_76' title="bbox 2048 3033 3602 3101; baseline -0.001 -15"><span class='ocrx_word' id='word_1_553' title='bbox 2048 3047 2200 3087; x_wconf 90' lang='lat' dir='ltr'><strong>mens</strong></span> <span class='ocrx_word' id='word_1_554' title='bbox 2230 3040 2283 3088; x_wconf 93' lang='lat' dir='ltr'><strong>et</strong></span> <span class='ocrx_word' id='word_1_555' title='bbox 2305 3034 2393 3087; x_wconf 87' lang='lat' dir='ltr'><strong>alii</strong></span> <span class='ocrx_word' id='word_1_556' title='bbox 2429 3033 2715 3088; x_wconf 88' lang='lat' dir='ltr'><strong>nobiscum</strong></span> <span class='ocrx_word' id='word_1_557' title='bbox 2738 3034 2819 3101; x_wconf 82' lang='grc'><strong>³⁶;</strong></span> <span class='ocrx_word' id='word_1_558' title='bbox 2847 3050 2914 3089; x_wconf 90' lang='lat' dir='ltr'><strong>ne</strong></span> <span class='ocrx_word' id='word_1_559' title='bbox 2941 3049 3130 3089; x_wconf 91' lang='lat' dir='ltr'><strong>omnes</strong></span> <span class='ocrx_word' id='word_1_560' title='bbox 3174 3033 3369 3087; x_wconf 88' lang='lat' dir='ltr'><strong>iterum</strong></span> <span class='ocrx_word' id='word_1_561' title='bbox 3410 3046 3602 3085; x_wconf 86' lang='lat' dir='ltr'><strong>recen-</strong></span> 
     </span>
    </p>
   </div>
   <div class='ocr_carea' id='block_1_77' title="bbox 2048 3125 3605 3194">
    <p class='ocr_par' dir='ltr' id='par_1_77' title="bbox 2048 3125 3605 3194">
     <span class='ocr_line' id='line_1_77' title="bbox 2048 3125 3605 3194; baseline 0.001 -17"><span class='ocrx_word' id='word_1_562' title='bbox 2048 3138 2264 3179; x_wconf 90' lang='lat' dir='ltr'><strong>seamus</strong></span> <span class='ocrx_word' id='word_1_563' title='bbox 2284 3142 2298 3188; x_wconf 91' lang='lat'><strong>;</strong></span> <span class='ocrx_word' id='word_1_564' title='bbox 2322 3126 2682 3180; x_wconf 86' lang='lat' dir='ltr'><strong>communiter</strong></span> <span class='ocrx_word' id='word_1_565' title='bbox 2710 3136 2887 3179; x_wconf 88' lang='lat' dir='ltr'><strong>autem</strong></span> <span class='ocrx_word' id='word_1_566' title='bbox 2919 3126 2988 3179; x_wconf 89' lang='lat' dir='ltr'><strong>ab</strong></span> <span class='ocrx_word' id='word_1_567' title='bbox 3016 3126 3271 3180; x_wconf 90' lang='lat' dir='ltr'><strong>omnibus</strong></span> <span class='ocrx_word' id='word_1_568' title='bbox 3297 3125 3454 3179; x_wconf 91' lang='lat' dir='ltr'><strong>nobis</strong></span> <span class='ocrx_word' id='word_1_569' title='bbox 3479 3139 3605 3194; x_wconf 80' lang='lat' dir='ltr'><strong>pre-</strong></span> 
     </span>
    </p>
   </div>
   <div class='ocr_carea' id='block_1_78' title="bbox 2049 3215 3605 3285">
    <p class='ocr_par' dir='ltr' id='par_1_78' title="bbox 2049 3215 3605 3285">
     <span class='ocr_line' id='line_1_78' title="bbox 2049 3215 3605 3285; baseline 0.001 -17"><span class='ocrx_word' id='word_1_570' title='bbox 2049 3215 2251 3285; x_wconf 86' lang='lat' dir='ltr'><strong>sbyteri</strong></span> <span class='ocrx_word' id='word_1_571' title='bbox 2273 3256 2288 3280; x_wconf 96' lang='lat'><strong>,</strong></span> <span class='ocrx_word' id='word_1_572' title='bbox 2319 3216 2571 3283; x_wconf 90' lang='lat' dir='ltr'><strong>diaconi,</strong></span> <span class='ocrx_word' id='word_1_573' title='bbox 2605 3217 2925 3273; x_wconf 88' lang='lat' dir='ltr'><strong>subdiaconi</strong></span> <span class='ocrx_word' id='word_1_574' title='bbox 2952 3225 3007 3271; x_wconf 88' lang='lat' dir='ltr'><strong>et</strong></span> <span class='ocrx_word' id='word_1_575' title='bbox 3048 3218 3299 3272; x_wconf 90' lang='lat' dir='ltr'><strong>lectores.</strong></span> <span class='ocrx_word' id='word_1_576' title='bbox 3318 3217 3360 3248; x_wconf 81' lang='lat'><strong>&quot;</strong></span> <span class='ocrx_word' id='word_1_577' title='bbox 3390 3215 3605 3270; x_wconf 88' lang='lat' dir='ltr'><strong>Primus</strong></span> 
     </span>
    </p>
   </div>
   <div class='ocr_carea' id='block_1_79' title="bbox 2035 3310 3602 3389">
    <p class='ocr_par' dir='ltr' id='par_1_79' title="bbox 2035 3310 3602 3389">
     <span class='ocr_line' id='line_1_79' title="bbox 2035 3310 3602 3389; baseline -0.006 -17"><span class='ocrx_word' id='word_1_578' title='bbox 2035 3317 2201 3389; x_wconf 81' lang='lat' dir='ltr'><strong>igitur</strong></span> <span class='ocrx_word' id='word_1_579' title='bbox 2230 3324 2428 3370; x_wconf 87' lang='lat' dir='ltr'><strong>natura</strong></span> <span class='ocrx_word' id='word_1_580' title='bbox 2456 3312 2697 3385; x_wconf 80' lang='lat' dir='ltr'><strong>pontifex</strong></span> <span class='ocrx_word' id='word_1_581' title='bbox 2727 3312 3037 3380; x_wconf 85' lang='lat' dir='ltr'><strong>umgenitus</strong></span> <span class='ocrx_word' id='word_1_582' title='bbox 3065 3310 3338 3371; x_wconf 86' lang='lat' dir='ltr'><strong>Christus,</strong></span> <span class='ocrx_word' id='word_1_583' title='bbox 3361 3325 3466 3364; x_wconf 93' lang='lat' dir='ltr'><strong>non</strong></span> <span class='ocrx_word' id='word_1_584' title='bbox 3500 3311 3602 3364; x_wconf 88' lang='lat' dir='ltr'><strong>sibi</strong></span> 
     </span>
    </p>
   </div>
   <div class='ocr_carea' id='block_1_80' title="bbox 2038 3400 3606 3478">
    <p class='ocr_par' dir='ltr' id='par_1_80' title="bbox 2038 3400 3606 3478">
     <span class='ocr_line' id='line_1_80' title="bbox 2038 3400 3606 3478; baseline -0.006 -12"><span class='ocrx_word' id='word_1_585' title='bbox 2038 3411 2307 3466; x_wconf 83' lang='lat' dir='ltr'><strong>honorem</strong></span> <span class='ocrx_word' id='word_1_586' title='bbox 2336 3409 2537 3478; x_wconf 78' lang='lat' dir='ltr'><strong>rapuit,</strong></span> <span class='ocrx_word' id='word_1_587' title='bbox 2572 3404 2664 3460; x_wconf 90' lang='lat' dir='ltr'><strong>sed</strong></span> <span class='ocrx_word' id='word_1_588' title='bbox 2691 3420 2719 3458; x_wconf 91' lang='lat' dir='ltr'><strong>a</strong></span> <span class='ocrx_word' id='word_1_589' title='bbox 2744 3403 2904 3457; x_wconf 89' lang='lat' dir='ltr'><strong>Patre</strong></span> <span class='ocrx_word' id='word_1_590' title='bbox 2934 3403 3265 3457; x_wconf 87' lang='lat' dir='ltr'><strong>constitutus</strong></span> <span class='ocrx_word' id='word_1_591' title='bbox 3293 3411 3375 3457; x_wconf 90' lang='lat' dir='ltr'><strong>est</strong></span> <span class='ocrx_word' id='word_1_592' title='bbox 3399 3403 3442 3433; x_wconf 83' lang='grc'><strong>³⁸</strong></span> <span class='ocrx_word' id='word_1_593' title='bbox 3474 3400 3487 3455; x_wconf 81' lang='grc' dir='ltr'>Ξ</span> <span class='ocrx_word' id='word_1_594' title='bbox 3518 3402 3606 3457; x_wconf 86' lang='lat' dir='ltr'><strong>ille</strong></span> 
     </span>
    </p>
   </div>
   <div class='ocr_carea' id='block_1_81' title="bbox 2037 3493 3607 3573">
    <p class='ocr_par' dir='ltr' id='par_1_81' title="bbox 2037 3493 3607 3573">
     <span class='ocr_line' id='line_1_81' title="bbox 2037 3493 3607 3573; baseline -0.004 -18"><span class='ocrx_word' id='word_1_595' title='bbox 2037 3511 2258 3573; x_wconf 87' lang='lat' dir='ltr'><strong>propter</strong></span> <span class='ocrx_word' id='word_1_596' title='bbox 2294 3516 2396 3554; x_wconf 90' lang='lat' dir='ltr'><strong>nos</strong></span> <span class='ocrx_word' id='word_1_597' title='bbox 2436 3499 2611 3553; x_wconf 83' lang='lat' dir='ltr'><strong>factus</strong></span> <span class='ocrx_word' id='word_1_598' title='bbox 2650 3498 2832 3560; x_wconf 89' lang='lat' dir='ltr'><strong>homo,</strong></span> <span class='ocrx_word' id='word_1_599' title='bbox 2872 3503 2926 3550; x_wconf 93' lang='lat' dir='ltr'><strong>et</strong></span> <span class='ocrx_word' id='word_1_600' title='bbox 2963 3495 3243 3563; x_wconf 87' lang='lat' dir='ltr'><strong>spirituale</strong></span> <span class='ocrx_word' id='word_1_601' title='bbox 3282 3493 3607 3549; x_wconf 86' lang='lat' dir='ltr'><strong>sacriﬁcium</strong></span> 
     </span>
    </p>
   </div>
   <div class='ocr_carea' id='block_1_82' title="bbox 2039 3586 3609 3655">
    <p class='ocr_par' dir='ltr' id='par_1_82' title="bbox 2039 3586 3609 3655">
     <span class='ocr_line' id='line_1_82' title="bbox 2039 3586 3609 3655; baseline -0.006 -6"><span class='ocrx_word' id='word_1_602' title='bbox 2039 3594 2267 3649; x_wconf 82' lang='lat' dir='ltr'><strong>offerens</strong></span> <span class='ocrx_word' id='word_1_603' title='bbox 2300 3591 2410 3645; x_wconf 86' lang='lat' dir='ltr'><strong>Deo</strong></span> <span class='ocrx_word' id='word_1_604' title='bbox 2459 3605 2560 3644; x_wconf 93' lang='lat' dir='ltr'><strong>suo</strong></span> <span class='ocrx_word' id='word_1_605' title='bbox 2603 3604 2667 3643; x_wconf 88' lang='lat' dir='ltr'><strong>ac</strong></span> <span class='ocrx_word' id='word_1_606' title='bbox 2710 3588 2877 3651; x_wconf 88' lang='lat' dir='ltr'><strong>Patri,</strong></span> <span class='ocrx_word' id='word_1_607' title='bbox 2929 3596 3053 3640; x_wconf 87' lang='lat' dir='ltr'><strong>ante</strong></span> <span class='ocrx_word' id='word_1_608' title='bbox 3085 3586 3414 3655; x_wconf 84' lang='lat' dir='ltr'><strong>passionem,</strong></span> <span class='ocrx_word' id='word_1_609' title='bbox 3450 3586 3609 3640; x_wconf 90' lang='lat' dir='ltr'><strong>nobis</strong></span> 
     </span>
    </p>
   </div>
   <div class='ocr_carea' id='block_1_83' title="bbox 2039 3679 3611 3746">
    <p class='ocr_par' dir='ltr' id='par_1_83' title="bbox 2039 3679 3611 3746">
     <span class='ocr_line' id='line_1_83' title="bbox 2039 3679 3611 3746; baseline -0.008 -3"><span class='ocrx_word' id='word_1_610' title='bbox 2039 3684 2326 3743; x_wconf 88' lang='lat' dir='ltr'><strong>constituit</strong></span> <span class='ocrx_word' id='word_1_611' title='bbox 2355 3682 2508 3746; x_wconf 88' lang='lat' dir='ltr'><strong>solis,</strong></span> <span class='ocrx_word' id='word_1_612' title='bbox 2539 3683 2644 3736; x_wconf 92' lang='lat' dir='ltr'><strong>hoc</strong></span> <span class='ocrx_word' id='word_1_613' title='bbox 2665 3680 2843 3736; x_wconf 80' lang='lat' dir='ltr'><strong>facere</strong></span> <span class='ocrx_word' id='word_1_614' title='bbox 2864 3680 2939 3744; x_wconf 64' lang='lat'><strong>‘9;</strong></span> <span class='ocrx_word' id='word_1_615' title='bbox 2976 3679 3098 3733; x_wconf 90' lang='lat' dir='ltr'><strong>licet</strong></span> <span class='ocrx_word' id='word_1_616' title='bbox 3122 3679 3401 3734; x_wconf 89' lang='lat' dir='ltr'><strong>nobiscum</strong></span> <span class='ocrx_word' id='word_1_617' title='bbox 3426 3684 3611 3731; x_wconf 89' lang='lat' dir='ltr'><strong>essent</strong></span> 
     </span>
    </p>
   </div>
   <div class='ocr_carea' id='block_1_84' title="bbox 2050 3766 3606 3839">
    <p class='ocr_par' dir='ltr' id='par_1_84' title="bbox 2050 3766 3606 3839">
     <span class='ocr_line' id='line_1_84' title="bbox 2050 3766 3606 3839; baseline -0.001 -18"><span class='ocrx_word' id='word_1_618' title='bbox 2050 3770 2142 3824; x_wconf 86' lang='lat' dir='ltr'><strong>alii</strong></span> <span class='ocrx_word' id='word_1_619' title='bbox 2192 3785 2406 3839; x_wconf 86' lang='lat' dir='ltr'><strong>quoque</strong></span> <span class='ocrx_word' id='word_1_620' title='bbox 2452 3769 2547 3839; x_wconf 92' lang='lat' dir='ltr'><strong>qni</strong></span> <span class='ocrx_word' id='word_1_621' title='bbox 2593 3769 2647 3822; x_wconf 93' lang='lat' dir='ltr'><strong>in</strong></span> <span class='ocrx_word' id='word_1_622' title='bbox 2694 3785 2818 3823; x_wconf 92' lang='lat' dir='ltr'><strong>eum</strong></span> <span class='ocrx_word' id='word_1_623' title='bbox 2854 3766 3243 3824; x_wconf 86' lang='lat' dir='ltr'><strong>crediderant:</strong></span> <span class='ocrx_word' id='word_1_624' title='bbox 3283 3783 3469 3821; x_wconf 85' lang='lat' dir='ltr'><strong>verum</strong></span> <span class='ocrx_word' id='word_1_625' title='bbox 3497 3782 3606 3820; x_wconf 91' lang='lat' dir='ltr'><strong>non</strong></span> 
     </span>
    </p>
   </div>
   <div class='ocr_carea' id='block_1_85' title="bbox 2048 3858 3606 3930">
    <p class='ocr_par' dir='ltr' id='par_1_85' title="bbox 2048 3858 3606 3930">
     <span class='ocr_line' id='line_1_85' title="bbox 2048 3858 3606 3930; baseline -0.003 -14"><span class='ocrx_word' id='word_1_626' title='bbox 2048 3863 2231 3916; x_wconf 78' lang='lat' dir='ltr'><strong>statim</strong></span> <span class='ocrx_word' id='word_1_627' title='bbox 2257 3875 2319 3915; x_wconf 92' lang='lat' dir='ltr'><strong>ac</strong></span> <span class='ocrx_word' id='word_1_628' title='bbox 2354 3861 2553 3930; x_wconf 88' lang='lat' dir='ltr'><strong>aliquis</strong></span> <span class='ocrx_word' id='word_1_629' title='bbox 2582 3861 2845 3925; x_wconf 88' lang='lat' dir='ltr'><strong>credidit,</strong></span> <span class='ocrx_word' id='word_1_630' title='bbox 2870 3860 2982 3930; x_wconf 85' lang='lat' dir='ltr'><strong>jam</strong></span> <span class='ocrx_word' id='word_1_631' title='bbox 3015 3868 3068 3915; x_wconf 90' lang='lat' dir='ltr'><strong>et</strong></span> <span class='ocrx_word' id='word_1_632' title='bbox 3098 3858 3359 3914; x_wconf 85' lang='lat' dir='ltr'><strong>sacerdos</strong></span> <span class='ocrx_word' id='word_1_633' title='bbox 3399 3859 3606 3915; x_wconf 84' lang='lat' dir='ltr'><strong>consti-</strong></span> 
     </span>
    </p>
   </div>
   <div class='ocr_carea' id='block_1_86' title="bbox 2051 3950 3603 4021">
    <p class='ocr_par' dir='ltr' id='par_1_86' title="bbox 2051 3950 3603 4021">
     <span class='ocr_line' id='line_1_86' title="bbox 2051 3950 3603 4021; baseline -0.001 -15"><span class='ocrx_word' id='word_1_634' title='bbox 2051 3961 2201 4007; x_wconf 92' lang='lat' dir='ltr'><strong>tutus</strong></span> <span class='ocrx_word' id='word_1_635' title='bbox 2223 3952 2345 4015; x_wconf 84' lang='lat' dir='ltr'><strong>fuit,</strong></span> <span class='ocrx_word' id='word_1_636' title='bbox 2390 3958 2484 4005; x_wconf 90' lang='lat' dir='ltr'><strong>aut</strong></span> <span class='ocrx_word' id='word_1_637' title='bbox 2545 3952 2866 4021; x_wconf 85' lang='lat' dir='ltr'><strong>dignitatem</strong></span> <span class='ocrx_word' id='word_1_638' title='bbox 2928 3950 3292 4019; x_wconf 90' lang='lat' dir='ltr'><strong>pontiﬁcalem</strong></span> <span class='ocrx_word' id='word_1_639' title='bbox 3342 3950 3603 4005; x_wconf 90' lang='lat' dir='ltr'><strong>obtinuit.</strong></span> 
     </span>
    </p>
   </div>
   <div class='ocr_carea' id='block_1_87' title="bbox 2047 4042 3605 4112">
    <p class='ocr_par' dir='ltr' id='par_1_87' title="bbox 2047 4042 3605 4112">
     <span class='ocr_line' id='line_1_87' title="bbox 2047 4042 3605 4112; baseline 0.001 -16"><span class='ocrx_word' id='word_1_640' title='bbox 2047 4042 2177 4099; x_wconf 83' lang='lat' dir='ltr'><strong>Post</strong></span> <span class='ocrx_word' id='word_1_641' title='bbox 2206 4044 2351 4099; x_wconf 92' lang='lat' dir='ltr'><strong>illius</strong></span> <span class='ocrx_word' id='word_1_642' title='bbox 2391 4058 2520 4098; x_wconf 82' lang='lat' dir='ltr'><strong>vero</strong></span> <span class='ocrx_word' id='word_1_643' title='bbox 2555 4043 3003 4112; x_wconf 88' lang='lat' dir='ltr'><strong>assumptionem,</strong></span> <span class='ocrx_word' id='word_1_644' title='bbox 3041 4058 3141 4096; x_wconf 90' lang='lat' dir='ltr'><strong>nos</strong></span> <span class='ocrx_word' id='word_1_645' title='bbox 3174 4043 3327 4110; x_wconf 82' lang='lat' dir='ltr'><strong>juxta</strong></span> <span class='ocrx_word' id='word_1_646' title='bbox 3362 4044 3605 4110; x_wconf 83' lang='lat' dir='ltr'><strong>ejusdem</strong></span> 
     </span>
    </p>
   </div>
   <div class='ocr_carea' id='block_1_88' title="bbox 2051 4133 3608 4190">
    <p class='ocr_par' dir='ltr' id='par_1_88' title="bbox 2051 4133 3608 4190">
     <span class='ocr_line' id='line_1_88' title="bbox 2051 4133 3608 4190; baseline 0 -2"><span class='ocrx_word' id='word_1_647' title='bbox 2051 4134 2498 4190; x_wconf 89' lang='lat' dir='ltr'><strong>constitutionem</strong></span> <span class='ocrx_word' id='word_1_648' title='bbox 2552 4134 2840 4189; x_wconf 72' lang='lat' dir='ltr'><strong>offerentes</strong></span> <span class='ocrx_word' id='word_1_649' title='bbox 2876 4133 3207 4189; x_wconf 89' lang='lat' dir='ltr'><strong>sacriﬁcium</strong></span> <span class='ocrx_word' id='word_1_650' title='bbox 3246 4135 3506 4189; x_wconf 89' lang='lat' dir='ltr'><strong>mundum</strong></span> <span class='ocrx_word' id='word_1_651' title='bbox 3543 4149 3608 4188; x_wconf 88' lang='lat' dir='ltr'><strong>ac</strong></span> 
     </span>
    </p>
   </div>
   <div class='ocr_carea' id='block_1_89' title="bbox 2832 4310 3605 4372">
    <p class='ocr_par' dir='ltr' id='par_1_89' title="bbox 2832 4310 3605 4372">
     <span class='ocr_line' id='line_1_89' title="bbox 2832 4310 3605 4372; baseline 0.005 -9"><span class='ocrx_word' id='word_1_652' title='bbox 2832 4310 2878 4341; x_wconf 76' lang='lat'>&quot;</span> <span class='ocrx_word' id='word_1_653' title='bbox 2916 4310 3032 4365; x_wconf 86' lang='lat' dir='ltr'><strong>Act.</strong></span> <span class='ocrx_word' id='word_1_654' title='bbox 3065 4327 3145 4372; x_wconf 82' lang='lat' dir='ltr'><strong>Ix,</strong></span> <span class='ocrx_word' id='word_1_655' title='bbox 3208 4310 3260 4365; x_wconf 73' lang='grc' dir='ltr'><strong>ὅ.</strong></span> <span class='ocrx_word' id='word_1_656' title='bbox 3362 4312 3405 4342; x_wconf 81' lang='grc'><strong>³⁵</strong></span> <span class='ocrx_word' id='word_1_657' title='bbox 3436 4311 3605 4367; x_wconf 80' lang='lat' dir='ltr'><strong>Exod.</strong></span> 
     </span>
    </p>
   </div>
   <div class='ocr_carea' id='block_1_90' title="bbox 1651 4488 2288 4549">
    <p class='ocr_par' dir='ltr' id='par_1_90' title="bbox 1651 4488 2288 4549">
     <span class='ocr_line' id='line_1_90' title="bbox 1651 4488 2288 4549; baseline 0.002 -1"><span class='ocrx_word' id='word_1_658' title='bbox 1651 4491 2007 4549; x_wconf 82' lang='lat' dir='ltr'><strong>VARIORUM</strong></span> <span class='ocrx_word' id='word_1_659' title='bbox 2056 4488 2288 4549; x_wconf 62' lang='lat' dir='ltr'><strong>NOTIE.</strong></span> 
     </span>
    </p>
   </div>
   <div class='ocr_carea' id='block_1_91' title="bbox 377 4617 838 4760">
    <p class='ocr_par' dir='ltr' id='par_1_91' title="bbox 377 4617 838 4760">
     <span class='ocr_line' id='line_1_91' title="bbox 454 4617 838 4738; baseline -0.003 -66"><span class='ocrx_word' id='word_1_660' title='bbox 454 4617 574 4738; x_wconf 46' lang='grc' dir='ltr'><strong>κε)ιὲ</strong></span> <span class='ocrx_word' id='word_1_661' title='bbox 618 4618 838 4686; x_wconf 79' lang='grc' dir='ltr'>Ἐνείμο</span> 
     </span>
     <span class='ocr_line' id='line_1_92' title="bbox 377 4688 838 4760; baseline 0.002 -19"><span class='ocrx_word' id='word_1_662' title='bbox 377 4690 670 4760; x_wconf 29' lang='grc' dir='ltr'>πρε-οξηεῖα.</span> <span class='ocrx_word' id='word_1_663' title='bbox 702 4688 838 4760; x_wconf 72' lang='lat' dir='ltr'><strong>Cor.</strong></span> 
     </span>
    </p>
   </div>
   <div class='ocr_carea' id='block_1_92' title="bbox 456 4756 1946 4827">
    <p class='ocr_par' dir='ltr' id='par_1_92' title="bbox 456 4756 1946 4827">
     <span class='ocr_line' id='line_1_93' title="bbox 456 4756 1946 4827; baseline 0.001 -16"><span class='ocrx_word' id='word_1_664' title='bbox 456 4756 574 4827; x_wconf 82' lang='lat'><strong>(95)</strong></span> <span class='ocrx_word' id='word_1_665' title='bbox 612 4760 673 4810; x_wconf 79' lang='lat' dir='ltr'><strong>Ol</strong></span> <span class='ocrx_word' id='word_1_666' title='bbox 722 4756 1019 4826; x_wconf 78' lang='grc' dir='ltr'>δεκατρεῖς</span> <span class='ocrx_word' id='word_1_667' title='bbox 1049 4758 1393 4811; x_wconf 80' lang='grc' dir='ltr'>ἀπόστολοι.</span> <span class='ocrx_word' id='word_1_668' title='bbox 1446 4756 1644 4812; x_wconf 89' lang='lat' dir='ltr'><strong>Eodem</strong></span> <span class='ocrx_word' id='word_1_669' title='bbox 1685 4758 1844 4812; x_wconf 90' lang='lat' dir='ltr'><strong>modo</strong></span> <span class='ocrx_word' id='word_1_670' title='bbox 1888 4757 1946 4813; x_wconf 91' lang='lat' dir='ltr'><strong>S.</strong></span> 
     </span>
    </p>
   </div>
   <div class='ocr_carea' id='block_1_93' title="bbox 378 4827 1950 4895">
    <p class='ocr_par' dir='ltr' id='par_1_93' title="bbox 378 4827 1950 4895">
     <span class='ocr_line' id='line_1_94' title="bbox 378 4827 1950 4895; baseline -0.001 -14"><span class='ocrx_word' id='word_1_671' title='bbox 378 4828 715 4881; x_wconf 69' lang='lat' dir='ltr'><strong>Ambrosinus</strong></span> <span class='ocrx_word' id='word_1_672' title='bbox 746 4828 901 4881; x_wconf 90' lang='lat' dir='ltr'><strong>initio</strong></span> <span class='ocrx_word' id='word_1_673' title='bbox 947 4828 1071 4883; x_wconf 85' lang='lat' dir='ltr'><strong>libri</strong></span> <span class='ocrx_word' id='word_1_674' title='bbox 1120 4828 1195 4881; x_wconf 88' lang='lat' dir='ltr'><strong>De</strong></span> <span class='ocrx_word' id='word_1_675' title='bbox 1235 4827 1676 4881; x_wconf 80' lang='lat' dir='ltr'><strong>benedictionibus</strong></span> <span class='ocrx_word' id='word_1_676' title='bbox 1716 4829 1950 4895; x_wconf 85' lang='lat' dir='ltr'><strong>patriar-</strong></span> 
     </span>
    </p>
   </div>
   <div class='ocr_carea' id='block_1_94' title="bbox 377 4896 1947 4968">
    <p class='ocr_par' dir='ltr' id='par_1_94' title="bbox 377 4896 1947 4968">
     <span class='ocr_line' id='line_1_95' title="bbox 377 4896 1947 4968; baseline 0.001 -18"><span class='ocrx_word' id='word_1_677' title='bbox 377 4897 630 4968; x_wconf 71' lang='lat' dir='ltr'><strong>charum,</strong></span> <span class='ocrx_word' id='word_1_678' title='bbox 656 4896 1148 4968; x_wconf 15' lang='lat' dir='ltr'><strong>Paulumiappellat</strong></span> <span class='ocrx_word' id='word_1_679' title='bbox 1177 4898 1397 4968; x_wconf 79' lang='lat' dir='ltr'><strong>tertium</strong></span> <span class='ocrx_word' id='word_1_680' title='bbox 1432 4897 1699 4951; x_wconf 86' lang='lat' dir='ltr'><strong>decimum</strong></span> <span class='ocrx_word' id='word_1_681' title='bbox 1720 4906 1947 4968; x_wconf 81' lang='lat' dir='ltr'><strong>aposto-</strong></span> 
     </span>
    </p>
   </div>
   <div class='ocr_carea' id='block_1_95' title="bbox 382 4966 1950 5038">
    <p class='ocr_par' dir='ltr' id='par_1_95' title="bbox 382 4966 1950 5038">
     <span class='ocr_line' id='line_1_96' title="bbox 382 4966 1950 5038; baseline 0.001 -18"><span class='ocrx_word' id='word_1_682' title='bbox 382 4968 527 5020; x_wconf 89' lang='lat' dir='ltr'><strong>lum.</strong></span> <span class='ocrx_word' id='word_1_683' title='bbox 559 4966 628 5038; x_wconf 70' lang='grc' dir='ltr'>ᾼῐ</span> <span class='ocrx_word' id='word_1_684' title='bbox 652 4966 999 5038; x_wconf 27' lang='grc' dir='ltr'>Αῳιὶὶιιιδάειῐι</span> <span class='ocrx_word' id='word_1_685' title='bbox 1024 5008 1039 5038; x_wconf 84' lang='grc'><strong>,</strong></span> <span class='ocrx_word' id='word_1_686' title='bbox 1070 4967 1213 5035; x_wconf 90' lang='lat' dir='ltr'><strong>apud</strong></span> <span class='ocrx_word' id='word_1_687' title='bbox 1242 4966 1624 5038; x_wconf 69' lang='lat' dir='ltr'><strong>Hieronymum</strong></span> <span class='ocrx_word' id='word_1_688' title='bbox 1669 4966 1739 5038; x_wconf 78' lang='lat' dir='ltr'><strong>ad</strong></span> <span class='ocrx_word' id='word_1_689' title='bbox 1761 4966 1950 5038; x_wconf 32' lang='lat' dir='ltr'><strong>’caput</strong></span> 
     </span>
    </p>
   </div>
   <div class='ocr_carea' id='block_1_96' title="bbox 382 5033 1948 5106">
    <p class='ocr_par' dir='ltr' id='par_1_96' title="bbox 382 5033 1948 5106">
     <span class='ocr_line' id='line_1_97' title="bbox 382 5033 1948 5106; baseline 0.004 -21"><span class='ocrx_word' id='word_1_690' title='bbox 382 5050 509 5106; x_wconf 58' lang='grc' dir='ltr'>ξνιι</span> <span class='ocrx_word' id='word_1_691' title='bbox 559 5033 713 5106; x_wconf 68' lang='lat' dir='ltr'><strong>Isaiae</strong></span> <span class='ocrx_word' id='word_1_692' title='bbox 739 5076 754 5097; x_wconf 93' lang='lat'><strong>,</strong></span> <span class='ocrx_word' id='word_1_693' title='bbox 783 5039 979 5091; x_wconf 90' lang='lat' dir='ltr'><strong>tertius</strong></span> <span class='ocrx_word' id='word_1_694' title='bbox 1008 5033 1255 5092; x_wconf 84' lang='lat' dir='ltr'><strong>decimus</strong></span> <span class='ocrx_word' id='word_1_695' title='bbox 1290 5033 1567 5106; x_wconf 84' lang='lat' dir='ltr'><strong>apostolus</strong></span> <span class='ocrx_word' id='word_1_696' title='bbox 1601 5044 1685 5091; x_wconf 90' lang='lat' dir='ltr'><strong>est</strong></span> <span class='ocrx_word' id='word_1_697' title='bbox 1711 5033 1948 5093; x_wconf 66' lang='lat' dir='ltr'><strong>Iacobus</strong></span> 
     </span>
    </p>
   </div>
   <div class='ocr_carea' id='block_1_97' title="bbox 382 5102 1952 5176">
    <p class='ocr_par' dir='ltr' id='par_1_97' title="bbox 382 5102 1952 5176">
     <span class='ocr_line' id='line_1_98' title="bbox 382 5102 1952 5176; baseline 0.003 -19"><span class='ocrx_word' id='word_1_698' title='bbox 382 5105 565 5176; x_wconf 73' lang='lat' dir='ltr'><strong>frater</strong></span> <span class='ocrx_word' id='word_1_699' title='bbox 580 5102 827 5176; x_wconf 81' lang='lat' dir='ltr'><strong>Domini,</strong></span> <span class='ocrx_word' id='word_1_700' title='bbox 859 5107 1104 5161; x_wconf 90' lang='lat' dir='ltr'><strong>decimus</strong></span> <span class='ocrx_word' id='word_1_701' title='bbox 1133 5102 1359 5175; x_wconf 74' lang='lat' dir='ltr'><strong>quartus</strong></span> <span class='ocrx_word' id='word_1_702' title='bbox 1391 5105 1625 5159; x_wconf 88' lang='lat' dir='ltr'><strong>Paulus:</strong></span> <span class='ocrx_word' id='word_1_703' title='bbox 1659 5123 1764 5176; x_wconf 91' lang='lat' dir='ltr'><strong>qua</strong></span> <span class='ocrx_word' id='word_1_704' title='bbox 1794 5108 1860 5161; x_wconf 90' lang='lat' dir='ltr'><strong>de</strong></span> <span class='ocrx_word' id='word_1_705' title='bbox 1896 5123 1952 5162; x_wconf 92' lang='lat' dir='ltr'><strong>re</strong></span> 
     </span>
    </p>
   </div>
   <div class='ocr_carea' id='block_1_98' title="bbox 384 5173 1951 5250">
    <p class='ocr_par' dir='ltr' id='par_1_98' title="bbox 384 5173 1951 5250">
     <span class='ocr_line' id='line_1_99' title="bbox 384 5173 1951 5250; baseline 0.004 -26"><span class='ocrx_word' id='word_1_706' title='bbox 384 5173 663 5250; x_wconf 51' lang='lat' dir='ltr'><strong>lidendus</strong></span> <span class='ocrx_word' id='word_1_707' title='bbox 705 5173 998 5250; x_wconf 74' lang='lat' dir='ltr'><strong>Procopius</strong></span> <span class='ocrx_word' id='word_1_708' title='bbox 1038 5173 1287 5250; x_wconf 28' lang='lat' dir='ltr'><strong>adAi&#39;dem</strong></span> <span class='ocrx_word' id='word_1_709' title='bbox 1320 5185 1501 5250; x_wconf 78' lang='lat' dir='ltr'><strong>caput.</strong></span> <span class='ocrx_word' id='word_1_710' title='bbox 1540 5173 1693 5250; x_wconf 46' lang='lat' dir='ltr'><strong>Mitto:</strong></span> <span class='ocrx_word' id='word_1_711' title='bbox 1716 5178 1857 5250; x_wconf 84' lang='lat' dir='ltr'><strong>quod</strong></span> <span class='ocrx_word' id='word_1_712' title='bbox 1894 5177 1951 5231; x_wconf 87' lang='lat' dir='ltr'><strong>S.</strong></span> 
     </span>
    </p>
   </div>
   <div class='ocr_carea' id='block_1_99' title="bbox 384 5242 1955 5317">
    <p class='ocr_par' dir='ltr' id='par_1_99' title="bbox 384 5242 1955 5317">
     <span class='ocr_line' id='line_1_100' title="bbox 384 5242 1955 5317; baseline 0.004 -22"><span class='ocrx_word' id='word_1_713' title='bbox 384 5242 633 5297; x_wconf 87' lang='lat' dir='ltr'><strong>Basilius</strong></span> <span class='ocrx_word' id='word_1_714' title='bbox 675 5244 846 5317; x_wconf 77' lang='lat' dir='ltr'><strong>elogio</strong></span> <span class='ocrx_word' id='word_1_715' title='bbox 878 5242 1340 5317; x_wconf 64' lang='grc' dir='ltr'>”τρισκαιδεκάτου</span> <span class='ocrx_word' id='word_1_716' title='bbox 1363 5242 1658 5299; x_wconf 80' lang='grc' dir='ltr'>ἀποστόλου</span> <span class='ocrx_word' id='word_1_717' title='bbox 1684 5242 1955 5301; x_wconf 78' lang='lat' dir='ltr'><strong>invenitur</strong></span> 
     </span>
    </p>
   </div>
   <div class='ocr_carea' id='block_1_100' title="bbox 384 5314 1005 5380">
    <p class='ocr_par' dir='ltr' id='par_1_100' title="bbox 384 5314 1005 5380">
     <span class='ocr_line' id='line_1_101' title="bbox 384 5314 1005 5380; baseline 0.005 -13"><span class='ocrx_word' id='word_1_718' title='bbox 384 5318 647 5380; x_wconf 67' lang='lat' dir='ltr'><strong>ornatus.</strong></span> <span class='ocrx_word' id='word_1_719' title='bbox 678 5314 895 5380; x_wconf 87' lang='lat' dir='ltr'><strong>aliique.</strong></span> <span class='ocrx_word' id='word_1_720' title='bbox 933 5314 1005 5370; x_wconf 81' lang='lat' dir='ltr'><strong>in.</strong></span> 
     </span>
    </p>
   </div>
   <div class='ocr_carea' id='block_1_101' title="bbox 457 5379 1959 5455">
    <p class='ocr_par' dir='ltr' id='par_1_101' title="bbox 457 5379 1959 5455">
     <span class='ocr_line' id='line_1_102' title="bbox 457 5379 1959 5455; baseline 0.005 -23"><span class='ocrx_word' id='word_1_721' title='bbox 457 5379 584 5455; x_wconf 79' lang='lat'>(96)</span> <span class='ocrx_word' id='word_1_722' title='bbox 623 5381 700 5449; x_wconf 79' lang='grc' dir='ltr'><strong>Τῇ</strong></span> <span class='ocrx_word' id='word_1_723' title='bbox 730 5379 909 5455; x_wconf 65' lang='grc' dir='ltr'>φύσει</span> <span class='ocrx_word' id='word_1_724' title='bbox 940 5384 1563 5455; x_wconf 39' lang='grc' dir='ltr'>ἁρχιερεύςκΗοηιίηεε</span> <span class='ocrx_word' id='word_1_725' title='bbox 1591 5386 1762 5455; x_wconf 82' lang='lat' dir='ltr'><strong>gratia</strong></span> <span class='ocrx_word' id='word_1_726' title='bbox 1791 5386 1883 5440; x_wconf 86' lang='lat' dir='ltr'><strong>Dei</strong></span> <span class='ocrx_word' id='word_1_727' title='bbox 1905 5395 1959 5440; x_wconf 81' lang='lat' dir='ltr'><strong>et</strong></span> 
     </span>
    </p>
   </div>
   <div class='ocr_carea' id='block_1_102' title="bbox 379 5449 1957 5519">
    <p class='ocr_par' dir='ltr' id='par_1_102' title="bbox 379 5449 1957 5519">
     <span class='ocr_line' id='line_1_103' title="bbox 379 5449 1957 5519; baseline 0.004 -15"><span class='ocrx_word' id='word_1_728' title='bbox 379 5449 695 5515; x_wconf 82' lang='lat' dir='ltr'><strong>adoptione</strong></span> <span class='ocrx_word' id='word_1_729' title='bbox 725 5449 1191 5519; x_wconf 14' lang='lat' dir='ltr'><strong>pontiﬁces‘iﬁunt</strong></span> <span class='ocrx_word' id='word_1_730' title='bbox 1215 5449 1235 5509; x_wconf 16' lang='lat'><strong>:7</strong></span> <span class='ocrx_word' id='word_1_731' title='bbox 1262 5452 1515 5510; x_wconf 87' lang='lat' dir='ltr'><strong>Christus</strong></span> <span class='ocrx_word' id='word_1_732' title='bbox 1559 5449 1736 5509; x_wconf 72' lang='lat' dir='ltr'><strong>autem</strong></span> <span class='ocrx_word' id='word_1_733' title='bbox 1770 5473 1957 5511; x_wconf 81' lang='lat' dir='ltr'><strong>vocari</strong></span> 
     </span>
    </p>
   </div>
   <div class='ocr_carea' id='block_1_103' title="bbox 374 5522 1954 5594">
    <p class='ocr_par' dir='ltr' id='par_1_103' title="bbox 374 5522 1954 5594">
     <span class='ocr_line' id='line_1_104' title="bbox 374 5522 1954 5594; baseline 0.007 -25"><span class='ocrx_word' id='word_1_734' title='bbox 374 5526 578 5594; x_wconf 72' lang='lat' dir='ltr'><strong>potest</strong></span> <span class='ocrx_word' id='word_1_735' title='bbox 609 5522 1093 5594; x_wconf 5' lang='lat' dir='ltr'><strong>naturajpontifex,</strong></span> <span class='ocrx_word' id='word_1_736' title='bbox 1114 5524 1218 5578; x_wconf 90' lang='lat' dir='ltr'><strong>hoc</strong></span> <span class='ocrx_word' id='word_1_737' title='bbox 1241 5533 1324 5579; x_wconf 90' lang='lat' dir='ltr'><strong>est</strong></span> <span class='ocrx_word' id='word_1_738' title='bbox 1344 5526 1669 5594; x_wconf 86' lang='lat' dir='ltr'><strong>proprietate</strong></span> <span class='ocrx_word' id='word_1_739' title='bbox 1694 5540 1753 5577; x_wconf 88' lang='lat' dir='ltr'><strong>ac</strong></span> <span class='ocrx_word' id='word_1_740' title='bbox 1768 5536 1954 5580; x_wconf 85' lang='lat' dir='ltr'><strong>aucto-</strong></span> 
     </span>
    </p>
   </div>
   <div class='ocr_carea' id='block_1_104' title="bbox 376 5590 1951 5659">
    <p class='ocr_par' dir='ltr' id='par_1_104' title="bbox 376 5590 1951 5659">
     <span class='ocr_line' id='line_1_105' title="bbox 376 5590 1951 5659; baseline 0.004 -15"><span class='ocrx_word' id='word_1_741' title='bbox 376 5592 581 5652; x_wconf 68' lang='lat' dir='ltr'><strong>ritate,</strong></span> <span class='ocrx_word' id='word_1_742' title='bbox 609 5590 763 5659; x_wconf 81' lang='lat' dir='ltr'><strong>juxta</strong></span> <span class='ocrx_word' id='word_1_743' title='bbox 793 5592 922 5645; x_wconf 91' lang='lat' dir='ltr'><strong>illud</strong></span> <span class='ocrx_word' id='word_1_744' title='bbox 950 5591 1265 5647; x_wconf 89' lang='lat' dir='ltr'><strong>Tertulliani</strong></span> <span class='ocrx_word' id='word_1_745' title='bbox 1285 5590 1608 5648; x_wconf 55' lang='lat' dir='ltr'><strong>iv&#39;adtiersus</strong></span> <span class='ocrx_word' id='word_1_746' title='bbox 1630 5594 1951 5651; x_wconf 82' lang='lat' dir='ltr'><strong>Marcionem</strong></span> 
     </span>
    </p>
   </div>
   <div class='ocr_carea' id='block_1_105' title="bbox 383 5660 1948 5735">
    <p class='ocr_par' dir='ltr' id='par_1_105' title="bbox 383 5660 1948 5735">
     <span class='ocr_line' id='line_1_106' title="bbox 383 5660 1948 5735; baseline 0.006 -24"><span class='ocrx_word' id='word_1_747' title='bbox 383 5660 493 5735; x_wconf 67' lang='grc' dir='ltr'><strong>’ᾇξξε</strong></span> <span class='ocrx_word' id='word_1_748' title='bbox 515 5660 856 5735; x_wconf 67' lang='grc' dir='ltr'>ᾼυιὴεηιὶειιε</span> <span class='ocrx_word' id='word_1_749' title='bbox 879 5662 1112 5735; x_wconf 64' lang='lat' dir='ltr'><strong>pontifex</strong></span> <span class='ocrx_word' id='word_1_750' title='bbox 1125 5663 1219 5716; x_wconf 88' lang='lat' dir='ltr'><strong>Dei</strong></span> <span class='ocrx_word' id='word_1_751' title='bbox 1242 5663 1445 5735; x_wconf 68' lang='lat' dir='ltr'><strong>Patris,</strong></span> <span class='ocrx_word' id='word_1_752' title='bbox 1471 5666 1699 5730; x_wconf 84' lang='lat' dir='ltr'><strong>etlib.v,</strong></span> <span class='ocrx_word' id='word_1_753' title='bbox 1727 5681 1844 5735; x_wconf 89' lang='lat' dir='ltr'><strong>cap.</strong></span> <span class='ocrx_word' id='word_1_754' title='bbox 1875 5669 1907 5721; x_wconf 89' lang='lat'>9</span> <span class='ocrx_word' id='word_1_755' title='bbox 1936 5686 1948 5721; x_wconf 89' lang='lat'>:</span> 
     </span>
    </p>
   </div>
   <div class='ocr_carea' id='block_1_106' title="bbox 388 5728 1950 5806">
    <p class='ocr_par' dir='ltr' id='par_1_106' title="bbox 388 5728 1950 5806">
     <span class='ocr_line' id='line_1_107' title="bbox 388 5728 1950 5806; baseline 0.004 -21"><span class='ocrx_word' id='word_1_756' title='bbox 388 5728 641 5806; x_wconf 56' lang='lat' dir='ltr'><strong>Christus</strong></span> <span class='ocrx_word' id='word_1_757' title='bbox 653 5728 889 5806; x_wconf 59' lang='lat' dir='ltr'><strong>proprius</strong></span> <span class='ocrx_word' id='word_1_758' title='bbox 901 5742 949 5785; x_wconf 89' lang='lat' dir='ltr'><strong>et</strong></span> <span class='ocrx_word' id='word_1_759' title='bbox 971 5728 1230 5806; x_wconf 72' lang='lat' dir='ltr'><strong>legitimus</strong></span> <span class='ocrx_word' id='word_1_760' title='bbox 1245 5728 1713 5806; x_wconf 29' lang='lat' dir='ltr'><strong>Dei‘antistes,_non</strong></span> <span class='ocrx_word' id='word_1_761' title='bbox 1731 5728 1950 5806; x_wconf 79' lang='lat' dir='ltr'><strong>quidem</strong></span> 
     </span>
    </p>
   </div>
   <div class='ocr_carea' id='block_1_107' title="bbox 427 5798 1953 5872">
    <p class='ocr_par' dir='ltr' id='par_1_107' title="bbox 427 5798 1953 5872">
     <span class='ocr_line' id='line_1_108' title="bbox 427 5798 1953 5872; baseline 0.006 -19"><span class='ocrx_word' id='word_1_762' title='bbox 427 5815 493 5853; x_wconf 91' lang='lat' dir='ltr'><strong>er</strong></span> <span class='ocrx_word' id='word_1_763' title='bbox 514 5798 872 5872; x_wconf 51' lang='lat' dir='ltr'><strong>divinitatem,</strong></span> <span class='ocrx_word' id='word_1_764' title='bbox 899 5798 1394 5871; x_wconf 76' lang='lat' dir='ltr'><strong>proprieloquendo</strong></span> <span class='ocrx_word' id='word_1_765' title='bbox 1420 5822 1432 5857; x_wconf 89' lang='lat'>:</span> <span class='ocrx_word' id='word_1_766' title='bbox 1464 5804 1607 5872; x_wconf 87' lang='lat' dir='ltr'><strong>quod</strong></span> <span class='ocrx_word' id='word_1_767' title='bbox 1623 5798 1871 5862; x_wconf 78' lang='lat' dir='ltr'><strong>Arianice</strong></span> <span class='ocrx_word' id='word_1_768' title='bbox 1884 5808 1953 5862; x_wconf 89' lang='lat' dir='ltr'><strong>ab</strong></span> 
     </span>
    </p>
   </div>
   <div class='ocr_carea' id='block_1_108' title="bbox 416 5868 1945 5946">
    <p class='ocr_par' dir='ltr' id='par_1_108' title="bbox 416 5868 1945 5946">
     <span class='ocr_line' id='line_1_109' title="bbox 416 5868 1945 5946; baseline 0.005 -24"><span class='ocrx_word' id='word_1_769' title='bbox 416 5868 631 5923; x_wconf 67' lang='lat' dir='ltr'><strong>Eusebio</strong></span> <span class='ocrx_word' id='word_1_770' title='bbox 657 5876 776 5938; x_wconf 83' lang='lat' dir='ltr'><strong>post</strong></span> <span class='ocrx_word' id='word_1_771' title='bbox 810 5868 1092 5941; x_wconf 54' lang='lat' dir='ltr'><strong>Origcn&#39;em</strong></span> <span class='ocrx_word' id='word_1_772' title='bbox 1117 5868 1402 5938; x_wconf 81' lang='lat' dir='ltr'><strong>asseritur,</strong></span> <span class='ocrx_word' id='word_1_773' title='bbox 1424 5868 1698 5929; x_wconf 78' lang='lat' dir='ltr'><strong>Catholice</strong></span> <span class='ocrx_word' id='word_1_774' title='bbox 1719 5885 1945 5946; x_wconf 84' lang='lat' dir='ltr'><strong>negatur</strong></span> 
     </span>
    </p>
   </div>
   <div class='ocr_carea' id='block_1_109' title="bbox 618 4610 3604 4689">
    <p class='ocr_par' dir='ltr' id='par_1_109' title="bbox 618 4610 3604 4689">
     <span class='ocr_line' id='line_1_110' title="bbox 618 4610 3604 4689; baseline -0.002 -18"><span class='ocrx_word' id='word_1_775' title='bbox 618 4618 984 4689; x_wconf 76' lang='grc' dir='ltr'>Ἐνείμαμεγ.</span> <span class='ocrx_word' id='word_1_776' title='bbox 1018 4618 1240 4673; x_wconf 79' lang='lat' dir='ltr'><strong>Auctior</strong></span> <span class='ocrx_word' id='word_1_777' title='bbox 1286 4628 1369 4674; x_wconf 91' lang='lat' dir='ltr'><strong>est</strong></span> <span class='ocrx_word' id='word_1_778' title='bbox 1402 4618 1541 4673; x_wconf 88' lang='lat' dir='ltr'><strong>idem</strong></span> <span class='ocrx_word' id='word_1_779' title='bbox 1590 4620 1763 4685; x_wconf 88' lang='lat' dir='ltr'><strong>liber,</strong></span> <span class='ocrx_word' id='word_1_780' title='bbox 1819 4636 1947 4675; x_wconf 81' lang='lat' dir='ltr'><strong>voce</strong></span> <span class='ocrx_word' id='word_1_781' title='bbox 1981 4635 2022 4689; x_wconf 79' lang='lat' dir='ltr'>D</span> <span class='ocrx_word' id='word_1_782' title='bbox 2053 4620 2119 4672; x_wconf 87' lang='lat' dir='ltr'><strong>ab</strong></span> <span class='ocrx_word' id='word_1_783' title='bbox 2158 4626 2382 4673; x_wconf 89' lang='lat' dir='ltr'><strong>auctore</strong></span> <span class='ocrx_word' id='word_1_784' title='bbox 2409 4618 2681 4673; x_wconf 89' lang='lat' dir='ltr'><strong>sermonis</strong></span> <span class='ocrx_word' id='word_1_785' title='bbox 2716 4616 2789 4671; x_wconf 86' lang='lat' dir='ltr'><strong>De</strong></span> <span class='ocrx_word' id='word_1_786' title='bbox 2806 4632 2913 4669; x_wconf 84' lang='lat' dir='ltr'><strong>uno</strong></span> <span class='ocrx_word' id='word_1_787' title='bbox 2950 4613 3268 4689; x_wconf 71' lang='lat' dir='ltr'><strong>legislature,</strong></span> <span class='ocrx_word' id='word_1_788' title='bbox 3299 4610 3519 4689; x_wconf 81' lang='lat' dir='ltr'><strong>tom._V|</strong></span> <span class='ocrx_word' id='word_1_789' title='bbox 3549 4614 3604 4670; x_wconf 74' lang='grc' dir='ltr'><strong>Β.</strong></span> 
     </span>
    </p>
   </div>
   <div class='ocr_carea' id='block_1_110' title="bbox 2054 4683 3604 4760">
    <p class='ocr_par' dir='ltr' id='par_1_110' title="bbox 2054 4683 3604 4760">
     <span class='ocr_line' id='line_1_111' title="bbox 2054 4683 3604 4760; baseline -0.005 -17"><span class='ocrx_word' id='word_1_790' title='bbox 2054 4689 2462 4760; x_wconf 65' lang='lat' dir='ltr'><strong>Chrysostonii;</strong></span> <span class='ocrx_word' id='word_1_791' title='bbox 2496 4688 2589 4742; x_wconf 91' lang='lat' dir='ltr'><strong>sed</strong></span> <span class='ocrx_word' id='word_1_792' title='bbox 2618 4703 2713 4756; x_wconf 87' lang='lat' dir='ltr'><strong>per</strong></span> <span class='ocrx_word' id='word_1_793' title='bbox 2734 4701 2975 4760; x_wconf 82' lang='lat' dir='ltr'><strong>carnem,</strong></span> <span class='ocrx_word' id='word_1_794' title='bbox 3010 4693 3067 4736; x_wconf 91' lang='lat' dir='ltr'><strong>ut</strong></span> <span class='ocrx_word' id='word_1_795' title='bbox 3093 4685 3167 4735; x_wconf 89' lang='lat' dir='ltr'><strong>ait</strong></span> <span class='ocrx_word' id='word_1_796' title='bbox 3192 4683 3330 4760; x_wconf 75' lang='lat' dir='ltr'><strong>idem</strong></span> <span class='ocrx_word' id='word_1_797' title='bbox 3353 4685 3604 4760; x_wconf 63' lang='lat' dir='ltr'><strong>scriptor,</strong></span> 
     </span>
    </p>
   </div>
   <div class='ocr_carea' id='block_1_111' title="bbox 2056 4752 3604 4821">
    <p class='ocr_par' dir='ltr' id='par_1_111' title="bbox 2056 4752 3604 4821">
     <span class='ocr_line' id='line_1_112' title="bbox 2056 4752 3604 4821; baseline -0.006 -7"><span class='ocrx_word' id='word_1_798' title='bbox 2056 4752 2274 4814; x_wconf 77' lang='lat' dir='ltr'><strong>secutus</strong></span> <span class='ocrx_word' id='word_1_799' title='bbox 2297 4758 2354 4813; x_wconf 89' lang='lat' dir='ltr'><strong>S.</strong></span> <span class='ocrx_word' id='word_1_800' title='bbox 2387 4752 2739 4812; x_wconf 75' lang='lat' dir='ltr'><strong>Athanasium</strong></span> <span class='ocrx_word' id='word_1_801' title='bbox 2772 4756 2826 4810; x_wconf 91' lang='lat' dir='ltr'><strong>in</strong></span> <span class='ocrx_word' id='word_1_802' title='bbox 2856 4754 3060 4818; x_wconf 87' lang='lat' dir='ltr'><strong>majore</strong></span> <span class='ocrx_word' id='word_1_803' title='bbox 3097 4754 3341 4806; x_wconf 87' lang='lat' dir='ltr'><strong>oratione</strong></span> <span class='ocrx_word' id='word_1_804' title='bbox 3381 4752 3451 4805; x_wconf 82' lang='lat' dir='ltr'><strong>De</strong></span> <span class='ocrx_word' id='word_1_805' title='bbox 3481 4754 3604 4821; x_wconf 76' lang='lat' dir='ltr'><strong>fide,</strong></span> 
     </span>
    </p>
   </div>
   <div class='ocr_carea' id='block_1_112' title="bbox 2055 4822 3602 4901">
    <p class='ocr_par' dir='ltr' id='par_1_112' title="bbox 2055 4822 3602 4901">
     <span class='ocr_line' id='line_1_113' title="bbox 2055 4822 3602 4901; baseline -0.006 -20"><span class='ocrx_word' id='word_1_806' title='bbox 2055 4830 2195 4897; x_wconf 90' lang='lat' dir='ltr'><strong>apud</strong></span> <span class='ocrx_word' id='word_1_807' title='bbox 2210 4829 2618 4901; x_wconf 82' lang='lat' dir='ltr'><strong>Theodoritum,</strong></span> <span class='ocrx_word' id='word_1_808' title='bbox 2638 4828 2849 4896; x_wconf 85' lang='lat' dir='ltr'><strong>dialogo</strong></span> <span class='ocrx_word' id='word_1_809' title='bbox 2863 4825 2917 4877; x_wconf 73' lang='grc'><strong>2.</strong></span> <span class='ocrx_word' id='word_1_810' title='bbox 2940 4823 3055 4877; x_wconf 83' lang='lat' dir='ltr'><strong>Dixi</strong></span> <span class='ocrx_word' id='word_1_811' title='bbox 3074 4822 3602 4901; x_wconf 55' lang='grc' dir='ltr'>ριρρτίυίρςιιιοιιιίρξ</span> 
     </span>
    </p>
   </div>
   <div class='ocr_carea' id='block_1_113' title="bbox 2055 4890 3605 4968">
    <p class='ocr_par' dir='ltr' id='par_1_113' title="bbox 2055 4890 3605 4968">
     <span class='ocr_line' id='line_1_114' title="bbox 2055 4890 3605 4968; baseline -0.005 -16"><span class='ocrx_word' id='word_1_812' title='bbox 2055 4890 2201 4968; x_wconf 79' lang='lat' dir='ltr'><strong>quia,</strong></span> <span class='ocrx_word' id='word_1_813' title='bbox 2233 4898 2394 4953; x_wconf 89' lang='lat' dir='ltr'><strong>latius</strong></span> <span class='ocrx_word' id='word_1_814' title='bbox 2434 4907 2714 4967; x_wconf 90' lang='lat' dir='ltr'><strong>acceptum</strong></span> <span class='ocrx_word' id='word_1_815' title='bbox 2739 4890 2933 4968; x_wconf 72' lang='lat' dir='ltr'><strong>nomen</strong></span> <span class='ocrx_word' id='word_1_816' title='bbox 2976 4890 3266 4968; x_wconf 74' lang='lat' dir='ltr'><strong>pontiﬁcis,</strong></span> <span class='ocrx_word' id='word_1_817' title='bbox 3298 4890 3477 4968; x_wconf 46' lang='lat' dir='ltr'><strong>Verbo</strong></span> <span class='ocrx_word' id='word_1_818' title='bbox 3514 4891 3605 4947; x_wconf 88' lang='lat' dir='ltr'><strong>Dei</strong></span> 
     </span>
    </p>
   </div>
   <div class='ocr_carea' id='block_1_114' title="bbox 2055 4963 3604 5037">
    <p class='ocr_par' dir='ltr' id='par_1_114' title="bbox 2055 4963 3604 5037">
     <span class='ocr_line' id='line_1_115' title="bbox 2055 4963 3604 5037; baseline -0.005 -16"><span class='ocrx_word' id='word_1_819' title='bbox 2055 4963 2162 5023; x_wconf 82' lang='lat' dir='ltr'><strong>non</strong></span> <span class='ocrx_word' id='word_1_820' title='bbox 2186 4970 2348 5037; x_wconf 90' lang='lat' dir='ltr'><strong>impie</strong></span> <span class='ocrx_word' id='word_1_821' title='bbox 2362 4963 2710 5028; x_wconf 76' lang='lat' dir='ltr'><strong>tribueretur,</strong></span> <span class='ocrx_word' id='word_1_822' title='bbox 2730 4965 3014 5037; x_wconf 80' lang='lat' dir='ltr'><strong>etChristo</strong></span> <span class='ocrx_word' id='word_1_823' title='bbox 3043 4963 3604 5037; x_wconf 53' lang='lat' dir='ltr'><strong>llOlldUllLillCﬂl‘llalo,</strong></span> 
     </span>
    </p>
   </div>
   <div class='ocr_carea' id='block_1_115' title="bbox 2058 5030 3606 5106">
    <p class='ocr_par' dir='ltr' id='par_1_115' title="bbox 2058 5030 3606 5106">
     <span class='ocr_line' id='line_1_116' title="bbox 2058 5030 3606 5106; baseline -0.006 -14"><span class='ocrx_word' id='word_1_824' title='bbox 2058 5047 2117 5092; x_wconf 91' lang='lat' dir='ltr'><strong>ut</strong></span> <span class='ocrx_word' id='word_1_825' title='bbox 2145 5030 2532 5092; x_wconf 76' lang='lat' dir='ltr'><strong>charismatum</strong></span> <span class='ocrx_word' id='word_1_826' title='bbox 2560 5046 2907 5106; x_wconf 83' lang='lat' dir='ltr'><strong>paternorum</strong></span> <span class='ocrx_word' id='word_1_827' title='bbox 2929 5074 2943 5098; x_wconf 94' lang='lat'><strong>,</strong></span> <span class='ocrx_word' id='word_1_828' title='bbox 2969 5035 3233 5106; x_wconf 67' lang='lat' dir='ltr'><strong>donorum</strong></span> <span class='ocrx_word' id='word_1_829' title='bbox 3266 5030 3357 5106; x_wconf 80' lang='lat' dir='ltr'><strong>Dei</strong></span> <span class='ocrx_word' id='word_1_830' title='bbox 3390 5033 3606 5084; x_wconf 77' lang='lat' dir='ltr'><strong>univcr-</strong></span> 
     </span>
    </p>
   </div>
   <div class='ocr_carea' id='block_1_116' title="bbox 2056 5100 3607 5170">
    <p class='ocr_par' dir='ltr' id='par_1_116' title="bbox 2056 5100 3607 5170">
     <span class='ocr_line' id='line_1_117' title="bbox 2056 5100 3607 5170; baseline -0.008 -7"><span class='ocrx_word' id='word_1_831' title='bbox 2056 5110 2157 5163; x_wconf 90' lang='lat' dir='ltr'><strong>sali</strong></span> <span class='ocrx_word' id='word_1_832' title='bbox 2192 5100 2921 5162; x_wconf 40' lang='lat' dir='ltr'><strong>distributorifCatholicum</strong></span> <span class='ocrx_word' id='word_1_833' title='bbox 2961 5103 3143 5156; x_wconf 81' lang='lat' dir='ltr'><strong>Patris</strong></span> <span class='ocrx_word' id='word_1_834' title='bbox 3166 5100 3485 5155; x_wconf 80' lang='lat' dir='ltr'><strong>sacerdotem</strong></span> <span class='ocrx_word' id='word_1_835' title='bbox 3510 5116 3607 5170; x_wconf 88' lang='lat' dir='ltr'><strong>ap-</strong></span> 
     </span>
    </p>
   </div>
   <div class='ocr_carea' id='block_1_117' title="bbox 2056 5170 3606 5246">
    <p class='ocr_par' dir='ltr' id='par_1_117' title="bbox 2056 5170 3606 5246">
     <span class='ocr_line' id='line_1_118' title="bbox 2056 5170 3606 5246; baseline -0.007 -13"><span class='ocrx_word' id='word_1_836' title='bbox 2056 5179 2220 5246; x_wconf 89' lang='lat' dir='ltr'><strong>pellat</strong></span> <span class='ocrx_word' id='word_1_837' title='bbox 2248 5177 2613 5246; x_wconf 82' lang='lat' dir='ltr'><strong>Tertullianus</strong></span> <span class='ocrx_word' id='word_1_838' title='bbox 2642 5176 2861 5230; x_wconf 77' lang='lat' dir='ltr'><strong>Ivcitati</strong></span> <span class='ocrx_word' id='word_1_839' title='bbox 2890 5173 3081 5245; x_wconf 75' lang='lat' dir='ltr'><strong>Oper-is</strong></span> <span class='ocrx_word' id='word_1_840' title='bbox 3102 5173 3192 5246; x_wconf 84' lang='lat' dir='ltr'><strong>lib.</strong></span> <span class='ocrx_word' id='word_1_841' title='bbox 3220 5187 3339 5246; x_wconf 74' lang='lat' dir='ltr'><strong>cap.</strong></span> <span class='ocrx_word' id='word_1_842' title='bbox 3365 5171 3434 5246; x_wconf 79' lang='lat'><strong>9._</strong></span> <span class='ocrx_word' id='word_1_843' title='bbox 3446 5170 3606 5246; x_wconf 79' lang='lat' dir='ltr'><strong>Certe</strong></span> 
     </span>
    </p>
   </div>
   <div class='ocr_carea' id='block_1_118' title="bbox 2057 5240 3603 5318">
    <p class='ocr_par' dir='ltr' id='par_1_118' title="bbox 2057 5240 3603 5318">
     <span class='ocr_line' id='line_1_119' title="bbox 2057 5240 3603 5318; baseline -0.005 -16"><span class='ocrx_word' id='word_1_844' title='bbox 2057 5240 2290 5318; x_wconf 74' lang='lat' dir='ltr'><strong>Cyrillus</strong></span> <span class='ocrx_word' id='word_1_845' title='bbox 2324 5245 2868 5318; x_wconf 74' lang='lat' dir='ltr'><strong>Hierosolymitanus,</strong></span> <span class='ocrx_word' id='word_1_846' title='bbox 2906 5240 2959 5296; x_wconf 77' lang='lat' dir='ltr'><strong>in</strong></span> <span class='ocrx_word' id='word_1_847' title='bbox 2973 5243 3240 5318; x_wconf 76' lang='lat' dir='ltr'><strong>catechesi</strong></span> <span class='ocrx_word' id='word_1_848' title='bbox 3274 5242 3361 5318; x_wconf 59' lang='lat' dir='ltr'><strong>lt),</strong></span> <span class='ocrx_word' id='word_1_849' title='bbox 3397 5240 3603 5318; x_wconf 66' lang='lat' dir='ltr'><strong>Christi</strong></span> 
     </span>
    </p>
   </div>
   <div class='ocr_carea' id='block_1_119' title="bbox 2060 5311 3600 5381">
    <p class='ocr_par' dir='ltr' id='par_1_119' title="bbox 2060 5311 3600 5381">
     <span class='ocr_line' id='line_1_120' title="bbox 2060 5311 3600 5381; baseline -0.003 -10"><span class='ocrx_word' id='word_1_850' title='bbox 2060 5311 2420 5371; x_wconf 77' lang='lat' dir='ltr'><strong>sacerdotium</strong></span> <span class='ocrx_word' id='word_1_851' title='bbox 2440 5317 2552 5369; x_wconf 84' lang='lat' dir='ltr'><strong>vult</strong></span> <span class='ocrx_word' id='word_1_852' title='bbox 2566 5311 2685 5368; x_wconf 79' lang='lat' dir='ltr'><strong>esse</strong></span> <span class='ocrx_word' id='word_1_853' title='bbox 2700 5325 2983 5374; x_wconf 63' lang='lat' dir='ltr'><strong>aeternum,</strong></span> <span class='ocrx_word' id='word_1_854' title='bbox 2999 5315 3202 5381; x_wconf 85' lang='lat' dir='ltr'><strong>absque</strong></span> <span class='ocrx_word' id='word_1_855' title='bbox 3220 5312 3374 5364; x_wconf 91' lang='lat' dir='ltr'><strong>initio</strong></span> <span class='ocrx_word' id='word_1_856' title='bbox 3391 5326 3453 5364; x_wconf 88' lang='lat' dir='ltr'><strong>ac</strong></span> <span class='ocrx_word' id='word_1_857' title='bbox 3479 5311 3600 5381; x_wconf 85' lang='lat' dir='ltr'><strong>ﬁne.</strong></span> 
     </span>
    </p>
   </div>
   <div class='ocr_carea' id='block_1_120' title="bbox 2059 5380 3602 5455">
    <p class='ocr_par' dir='ltr' id='par_1_120' title="bbox 2059 5380 3602 5455">
     <span class='ocr_line' id='line_1_121' title="bbox 2059 5380 3602 5455; baseline -0.005 -14"><span class='ocrx_word' id='word_1_858' title='bbox 2059 5386 2117 5441; x_wconf 92' lang='lat' dir='ltr'><strong>ln</strong></span> <span class='ocrx_word' id='word_1_859' title='bbox 2146 5386 2419 5440; x_wconf 79' lang='lat' dir='ltr'><strong>Anastasii</strong></span> <span class='ocrx_word' id='word_1_860' title='bbox 2452 5385 2793 5439; x_wconf 83' lang='lat' dir='ltr'><strong>Collectaneis</strong></span> <span class='ocrx_word' id='word_1_861' title='bbox 2816 5383 3026 5455; x_wconf 73' lang='lat' dir='ltr'><strong>p.125:</strong></span> <span class='ocrx_word' id='word_1_862' title='bbox 3053 5380 3217 5455; x_wconf 69' lang='lat' dir='ltr'><strong>Unius</strong></span> <span class='ocrx_word' id='word_1_863' title='bbox 3246 5393 3437 5433; x_wconf 80' lang='lat' dir='ltr'><strong>natura</strong></span> <span class='ocrx_word' id='word_1_864' title='bbox 3468 5380 3602 5451; x_wconf 83' lang='lat' dir='ltr'><strong>regis</strong></span> 
     </span>
    </p>
   </div>
   <div class='ocr_carea' id='block_1_121' title="bbox 2063 5452 3601 5518">
    <p class='ocr_par' dir='ltr' id='par_1_121' title="bbox 2063 5452 3601 5518">
     <span class='ocr_line' id='line_1_122' title="bbox 2063 5452 3601 5518; baseline -0.005 -8"><span class='ocrx_word' id='word_1_865' title='bbox 2063 5468 2367 5510; x_wconf 83' lang='lat' dir='ltr'><strong>cunctorum</strong></span> <span class='ocrx_word' id='word_1_866' title='bbox 2428 5455 2555 5518; x_wconf 85' lang='lat' dir='ltr'><strong>Dei,</strong></span> <span class='ocrx_word' id='word_1_867' title='bbox 2590 5466 2781 5507; x_wconf 82' lang='lat' dir='ltr'><strong>natura</strong></span> <span class='ocrx_word' id='word_1_868' title='bbox 2818 5452 2991 5507; x_wconf 72' lang='lat' dir='ltr'><strong>etiam</strong></span> <span class='ocrx_word' id='word_1_869' title='bbox 3021 5453 3081 5507; x_wconf 89' lang='lat' dir='ltr'><strong>ob</strong></span> <span class='ocrx_word' id='word_1_870' title='bbox 3114 5452 3338 5505; x_wconf 81' lang='lat' dir='ltr'><strong>salutem</strong></span> <span class='ocrx_word' id='word_1_871' title='bbox 3368 5460 3601 5518; x_wconf 76' lang='lat' dir='ltr'><strong>nostram</strong></span> 
     </span>
    </p>
   </div>
   <div class='ocr_carea' id='block_1_122' title="bbox 2051 5517 3599 5595">
    <p class='ocr_par' dir='ltr' id='par_1_122' title="bbox 2051 5517 3599 5595">
     <span class='ocr_line' id='line_1_123' title="bbox 2051 5517 3599 5595; baseline -0.005 -15"><span class='ocrx_word' id='word_1_872' title='bbox 2051 5528 2314 5595; x_wconf 82' lang='lat' dir='ltr'><strong>pontiﬁcis</strong></span> <span class='ocrx_word' id='word_1_873' title='bbox 2365 5526 2515 5594; x_wconf 80' lang='lat' dir='ltr'><strong>facti,</strong></span> <span class='ocrx_word' id='word_1_874' title='bbox 2545 5517 2680 5578; x_wconf 10' lang='lat' dir='ltr'><strong>funus</strong></span> <span class='ocrx_word' id='word_1_875' title='bbox 2722 5534 3023 5595; x_wconf 39' lang='grc' dir='ltr'>ενοι-ευριπ</span> <span class='ocrx_word' id='word_1_876' title='bbox 3066 5520 3458 5595; x_wconf 53' lang='lat' dir='ltr'><strong>Melchisedech.</strong></span> <span class='ocrx_word' id='word_1_877' title='bbox 3523 5517 3599 5595; x_wconf 76' lang='lat' dir='ltr'><strong>In.</strong></span> 
     </span>
    </p>
   </div>
   <div class='ocr_carea' id='block_1_123' title="bbox 2124 5588 3601 5683">
    <p class='ocr_par' dir='ltr' id='par_1_123' title="bbox 2124 5588 3601 5683">
     <span class='ocr_line' id='line_1_124' title="bbox 2124 5588 3601 5683; baseline -0.006 -33"><span class='ocrx_word' id='word_1_878' title='bbox 2124 5588 2237 5683; x_wconf 47' lang='lat'><strong>(97)</strong></span> <span class='ocrx_word' id='word_1_879' title='bbox 2281 5598 2339 5649; x_wconf 86' lang='lat'><strong>&#39;0</strong></span> <span class='ocrx_word' id='word_1_880' title='bbox 2365 5588 2716 5661; x_wconf 66' lang='grc' dir='ltr'>πιστεύσας.</span> <span class='ocrx_word' id='word_1_881' title='bbox 2760 5588 3115 5649; x_wconf 56' lang='grc' dir='ltr'>(ΣοιᾙῪίιιά,</span> <span class='ocrx_word' id='word_1_882' title='bbox 3170 5592 3275 5653; x_wconf 78' lang='grc' dir='ltr'>πᾶς</span> <span class='ocrx_word' id='word_1_883' title='bbox 3314 5593 3342 5644; x_wconf 89' lang='lat'><strong>6</strong></span> <span class='ocrx_word' id='word_1_884' title='bbox 3381 5588 3601 5642; x_wconf 88' lang='grc' dir='ltr'>πιστεύ-</span> 
     </span>
    </p>
   </div>
   <div class='ocr_carea' id='block_1_124' title="bbox 2054 5672 2365 5729">
    <p class='ocr_par' dir='ltr' id='par_1_124' title="bbox 2054 5672 2365 5729">
     <span class='ocr_line' id='line_1_125' title="bbox 2054 5672 2365 5729; baseline 0 -10"><span class='ocrx_word' id='word_1_885' title='bbox 2054 5684 2169 5729; x_wconf 89' lang='grc' dir='ltr'>σας.</span> <span class='ocrx_word' id='word_1_886' title='bbox 2200 5672 2365 5720; x_wconf 64' lang='grc' dir='ltr'>(ἐιειι.</span> 
     </span>
    </p>
   </div>
   <div class='ocr_carea' id='block_1_125' title="bbox 2124 5729 3603 5807">
    <p class='ocr_par' dir='ltr' id='par_1_125' title="bbox 2124 5729 3603 5807">
     <span class='ocr_line' id='line_1_126' title="bbox 2124 5729 3603 5807; baseline -0.006 -17"><span class='ocrx_word' id='word_1_887' title='bbox 2124 5735 2237 5807; x_wconf 88' lang='lat'><strong>(98)</strong></span> <span class='ocrx_word' id='word_1_888' title='bbox 2264 5736 2588 5807; x_wconf 66' lang='grc' dir='ltr'>Στέφανος,</span> <span class='ocrx_word' id='word_1_889' title='bbox 2622 5733 2879 5807; x_wconf 78' lang='lat' dir='ltr'><strong>Scholion</strong></span> <span class='ocrx_word' id='word_1_890' title='bbox 2908 5731 3279 5807; x_wconf 35' lang='lat' dir='ltr'><strong>hic_additur.:</strong></span> <span class='ocrx_word' id='word_1_891' title='bbox 3302 5731 3471 5784; x_wconf 90' lang='grc' dir='ltr'>Ποίαν</span> <span class='ocrx_word' id='word_1_892' title='bbox 3474 5729 3603 5807; x_wconf 45' lang='grc' dir='ltr'><strong>’διᾳ-</strong></span> 
     </span>
    </p>
   </div>
   <div class='ocr_carea' id='block_1_126' title="bbox 2053 5799 3603 5928">
    <p class='ocr_par' dir='ltr' id='par_1_126' title="bbox 2053 5799 3603 5928">
     <span class='ocr_line' id='line_1_127' title="bbox 2053 5799 3603 5928; baseline -0.005 -68"><span class='ocrx_word' id='word_1_893' title='bbox 2053 5799 2233 5860; x_wconf 74' lang='grc' dir='ltr'>κονίαν</span> <span class='ocrx_word' id='word_1_894' title='bbox 2262 5799 2406 5928; x_wconf 53' lang='grc' dir='ltr'><strong>λέγεί</strong></span> <span class='ocrx_word' id='word_1_895' title='bbox 2434 5799 2833 5877; x_wconf 76' lang='grc' dir='ltr'>ἐγχειρισθῆναι</span> <span class='ocrx_word' id='word_1_896' title='bbox 2876 5803 2966 5857; x_wconf 87' lang='grc' dir='ltr'><strong>τὸν</strong></span> <span class='ocrx_word' id='word_1_897' title='bbox 2995 5802 3147 5871; x_wconf 74' lang='grc' dir='ltr'>ἅγιον</span> <span class='ocrx_word' id='word_1_898' title='bbox 3189 5800 3439 5873; x_wconf 78' lang='grc' dir='ltr'>μάρτυρα</span> <span class='ocrx_word' id='word_1_899' title='bbox 3474 5799 3603 5853; x_wconf 83' lang='grc' dir='ltr'>Στέ-</span> 
     </span>
     <span class='ocr_line' id='line_1_128' title="bbox 2053 5892 2338 5928; baseline 0 0"><span class='ocrx_word' id='word_1_900' title='bbox 2053 5894 2233 5928; x_wconf 66' lang='grc' dir='ltr'>φανον.</span> <span class='ocrx_word' id='word_1_901' title='bbox 2286 5892 2338 5928; x_wconf 79' lang='grc' dir='ltr'><strong>ι).</strong></span> 
     </span>
    </p>
   </div>
   <div class='ocr_carea' id='block_1_127' title="bbox 2052 5892 2338 5946">
    <p class='ocr_par' dir='ltr' id='par_1_127' title="bbox 2052 5892 2338 5946">
     <span class='ocr_line' id='line_1_129' title="bbox 2052 5892 2338 5946; baseline 0.007 -17"><span class='ocrx_word' id='word_1_902' title='bbox 2052 5894 2233 5946; x_wconf 75' lang='grc' dir='ltr'>φανόν.</span> <span class='ocrx_word' id='word_1_903' title='bbox 2266 5892 2338 5931; x_wconf 85' lang='lat' dir='ltr'><strong>ID.</strong></span> 
     </span>
    </p>
   </div>
  </div>
