4048 6262
511 419 651 478 1155

1307 418 1365 475 S.
1403 417 1796 476 CLEMENTIS
1836 419 1856 473 Ι
1894 416 2063 476 ROM.
2101 419 2302 478 PONT.
2344 420 2570 479 OPERA
2610 422 2837 482 DUBIA.

3598 439 3715 497 H56

512 540 882 605 incruentum,
921 537 1184 608 elegimus
1223 537 1531 608 episcopos,
1554 546 1608 592 et
1640 536 2008 607 presbyteros,
2031 546 2085 592 ct

2190 535 2343 606 ἡμῶν
2375 536 2516 590 κατὰ
2551 538 2649 608 τὴν
2693 538 2829 608 πρὸς
2864 538 2998 592 Θεὸν
3034 538 3263 594 εὔνοιαν·
3293 541 3352 607 ὃς
3374 544 3611 602 τοσοῦτον
3634 554 3713 624 τὴν

509 634 774 692 diaconos
806 647 1035 687 numero
1062 638 1291 701 septem.
1332 629 1410 683 Ex
1444 630 1532 684 his
1560 639 1767 699 septem
1793 644 1935 682 unus
1966 637 2083 682 erat

512 727 823 798 Stephanus
868 727 1059 780 beatus
1105 733 1315 794 martyr
1333 723 1399 787 “,
1426 723 1484 776 in
1523 736 1708 776 amore
1752 736 1879 791 erga
1913 719 2083 775 Deum

511 821 669 875 nobis
738 832 1085 888 nequaquam
1143 815 1404 881 inferior;
1468 815 1559 884 qui
1615 814 1751 869 adeo
1802 815 1856 867 in
1913 812 2083 869 Deum

510 914 764 982 pietatem
800 910 904 965 ﬁde
946 907 1187 964 ostendit
1226 915 1281 963 et
1335 906 1656 961 charitatem
1698 906 1753 960 in
1794 905 2083 959 Dominum

511 1012 761 1059 nostrum
800 1000 989 1057 Jesum
1027 1000 1346 1064 Christum,
1380 1008 1439 1053 ut
1474 1016 1573 1070 pro
1594 1015 1659 1054 eo
1685 1001 1920 1052 animam
1947 1015 2085 1069 quo-

511 1112 619 1167 que
646 1096 836 1163 daret,
864 1110 894 1149 a
930 1094 1133 1148 Judaeis
1185 1092 1399 1147 Domini
1444 1093 1891 1147 interfectoribus
1928 1095 2084 1162 jactu

512 1187 752 1259 lapidum
783 1185 1020 1244 occisus.
1051 1187 1095 1218 ⁸¹
1116 1185 1503 1241 Verumtamen
1534 1186 1661 1240 talis
1683 1201 1746 1240 ac
1767 1194 1954 1241 tantus
1976 1186 2081 1249 vir,

512 1283 604 1352 qui
640 1282 834 1352 spiritu
896 1279 1172 1343 fervebat,
1217 1279 1311 1349 qui
1358 1277 1638 1334 Christum
1674 1293 1702 1331 a
1744 1280 1954 1334 dextris
1990 1278 2085 1335 Dei

510 1383 566 1430 et
609 1375 864 1430 cmlestes
903 1373 1104 1441 januas
1134 1377 1351 1441 apertas
1394 1371 1565 1437 vidit;
1602 1388 1870 1442 nusquam
1903 1372 2087 1426 cerni-

511 1474 603 1521 tur
632 1468 699 1522 iis
730 1482 863 1521 usus
893 1480 1033 1529 esse,
1059 1480 1180 1535 quae
1202 1464 1267 1518 ad
1313 1464 1670 1519 diaconorum
1718 1465 2086 1520 ministerium

513 1577 622 1616 non
656 1561 950 1631 pertinent,
974 1560 1057 1613 vel
1091 1558 1422 1612 sacriﬁcium
1456 1557 1756 1625 oll‘erendo,
1779 1560 1863 1613 vel
1891 1573 2086 1613 manus

514 1652 677 1708 alicui
724 1652 1087 1721 imponendo;
1119 1651 1213 1706 sed
1265 1649 1482 1705 diaconi
1518 1650 1766 1705 ordinem
1805 1666 1977 1721 usque
2018 1651 2086 1704 ad

515 1746 675 1799 linem
708 1743 1056 1798 custodisse:
1082 1743 1158 1796 ita
1194 1744 1396 1812 quippe
1439 1743 1666 1797 decebat
1695 1741 1901 1796 Christi
1940 1756 2087 1795 mar-

517 1846 723 1908 tyrem,
753 1836 1002 1891 ordinem
1042 1849 1107 1888 ac
1145 1835 1494 1905 disciplinam
1550 1849 1790 1890 servare.
1846 1832 1905 1888 Si
1956 1850 2086 1889 vero

2184 627 2493 682 θεοσέϐειαν
2518 632 2585 701 τῇ
2604 630 2785 682 πίστει
2816 628 3140 696 ἐνεδείξατο,
3168 632 3263 686 καὶ
3303 634 3400 705 τὴν
3427 638 3502 700 είς
3522 639 3603 692 τὸν
3629 642 3722 695 Κύ-

2185 738 2299 791 ριον
2326 721 2481 792 ἡμῶν
2524 721 2732 791 Ἰησοῦν
2770 723 3007 794 Χριστὸν
3046 725 3296 795 ἀγάπην,
3331 726 3405 790 ὡς
3435 729 3561 801 ὑπὲρ
3582 733 3717 788 αὐτοῦ

2181 812 2362 866 δοῦναι
2393 814 2488 867 καὶ
2536 814 2637 884 τὴν
2666 814 2843 885 ψυχὴν
2865 854 2879 879 ,
2914 816 3050 885 πρὸς
3094 817 3203 869 τῶν
3231 820 3578 889 κυριοκτόνων
3616 824 3721 878 Ἰου-

2182 904 2345 959 δαίων
2377 906 2545 969 λίθοις
2580 906 2815 977 βληθείς.
2874 908 3009 960 Ἀλλ’
3055 910 3205 980 ὅμως
3235 912 3262 963 6
3287 910 3515 976 τοιοῦτος
3546 915 3629 967 καὶ
3648 934 3723 988 τη-

2182 993 2427 1061 λικοῦτος
2469 1000 2628 1071 ἀνὴρ,
2672 1003 2700 1053 6
2741 1000 2819 1071 τῷ
2864 1001 3132 1073 πνεύματι
3162 1001 3319 1066 ζέων,
3351 1005 3386 1055 ὁ’
3402 1004 3489 1057 τὸν
3524 1008 3723 1078 Χριστὸν

2183 1088 2325 1160 ὀρῶν
2358 1092 2422 1143 ὲκ
2467 1089 2655 1155 δεξιῶν
2706 1092 2803 1145 τοῦ
2842 1094 2977 1147 Θεοῦ
3025 1097 3119 1147 καὶ
3153 1093 3253 1158 τὰς
3290 1096 3540 1166 οὐρανίας
3581 1100 3724 1166 πύλας

2185 1182 2532 1254 ἀνεῳγμένας
2552 1224 2565 1248 ,
2599 1185 2833 1256 οὐδαμοῦ
2862 1187 3110 1257 φαίνεται
3137 1190 3250 1250 τοῖς
3299 1188 3372 1259 μὴ
3410 1190 3647 1260 ἀνήκουσι
3672 1196 3725 1264 τῇ

2183 1273 2426 1346 διακονία
2481 1277 2851 1349 χρησάμενος,
2883 1279 2917 1349 ἢ
2950 1279 3138 1332 θυσίαν
3166 1278 3488 1347 ἀνενεγκὼν,
3516 1281 3546 1351 ἦ
3571 1287 3727 1355 χεῖρας

2185 1367 2395 1431 ἐπιθείς
2428 1386 2559 1433 τινι,
2602 1370 2738 1423 ἀλλὰ
2768 1370 2829 1423 τὸ
2872 1372 2972 1442 τῆς
3000 1371 3275 1434 διακονίας
3305 1371 3489 1441 τάγμα
3523 1373 3726 1441 φυλάξας

2190 1460 2349 1530 μέχρι
2404 1461 2621 1525 τέλους·
2674 1462 2818 1516 οὐτω
2868 1463 2977 1535 γὰρ
3020 1463 3225 1536 ἔπρεπε
3266 1463 3343 1535 τῷ
3374 1464 3469 1555 τεῦ
3523 1466 3725 1536 Χριστοῦ

2190 1553 2443 1624 μάρτυρι,
2469 1555 2569 1626 τὴν
2587 1554 2841 1620 εὐταξίαν
2863 1556 3185 1621 ἀποσώζειν.
3205 1559 3268 1611 Εἰ
3293 1558 3356 1611 δὲ
3376 1553 3621 1610 ⁴Ιῐίλιπκιιτον
3642 1559 3728 1630 (99)

2185 1646 2276 1698 τὸν
2323 1645 2571 1700 διάκονον
2620 1648 2778 1719 ἡμῶν
2831 1650 2926 1702 καὶ
2985 1650 3230 1704 Ἀνανίαν
3264 1651 3354 1703 τὸν
3393 1650 3573 1703 πιστὸν
3601 1652 3729 1704 ἀδελ-

2188 1740 2285 1808 φὸν
2316 1741 2462 1812 (100)
2512 1740 2793 1795 αἰτιῶνται
2834 1759 2999 1805 τινες,
3045 1742 3127 1795 ὅτι
3164 1745 3191 1795 6
3223 1743 3321 1813 μὲν
3372 1741 3464 1794 τὸν
3513 1742 3731 1813 εὐνοῦχον

2187 1830 2498 1897 ἐϐάπτισεν,
2530 1835 2559 1885 6
2585 1833 2641 1886 δὲ
2658 1835 2758 1904 ἐμὲ
2786 1834 2995 1887 Παῦλον
3015 1852 3027 1864 ·
3053 1835 3334 1903 ἀγνοοῦσιν
3361 1836 3533 1899 αὐτοὶ,
3563 1836 3589 1889 ὃ
3613 1838 3735 1905 λέγο-

514 1927 825 1998 Philippum
871 1927 1199 1993 diaconum,
1226 1934 1279 1981 et
1312 1925 1585 1981 Ananiam
1616 1926 1828 1982 ﬁdelem
1860 1925 2085 1983 fratrem

2192 1942 2289 1996 μεν
2310 1927 2469 1996 ἡμεῖς
2487 1945 2499 1957 ·
2524 1928 2746 1997 εἴπομεν
2776 1926 2885 1999 γάρ
2917 1928 2998 1980 ὅτι
3030 1930 3127 1999 οὐχ
3157 1929 3331 2000 ἑαυτῷ
3349 1946 3431 1993 τις
3452 1930 3668 2001 ἁρπάζει
3688 1931 3736 1983 τὸ

514 2020 735 2091 quidam
764 2018 1326 2089 causantur";quod
1378 2020 1467 2074 ille
1506 2019 1727 2090 quidem
1773 2020 2086 2074 eunuchum

514 2113 847 2184 baptizavit,
883 2112 973 2167 hic
998 2126 1128 2167 vero
1151 2128 1236 2166 me
1272 2112 1542 2179 Paulum;
1574 2114 1610 2167 ii
1636 2129 1742 2167 non
1776 2113 2088 2184 intelligunt

515 2207 661 2278 quod
691 2206 927 2261 dicimus
961 2225 973 2259 :
1009 2205 1277 2277 siquidem
1308 2207 1588 2277 inquimus
1609 2246 1623 2269 ,
1667 2206 1942 2261 neminem
1980 2206 2088 2261 sibi

516 2313 711 2369 rapere
741 2297 1139 2354 sacerdotalem
1165 2298 1483 2369 dignitatem
1507 2316 1522 2365 ;
1551 2298 1647 2354 sed
1680 2298 1765 2352 vel
1796 2312 1826 2351 a
1855 2296 1965 2353 Deo
1994 2313 2089 2353 ac-

516 2392 717 2461 cipere,
749 2398 810 2446 ut
835 2390 1261 2445 Melchisedecus
1294 2399 1348 2445 et
1377 2389 1585 2455 Jobus;
1619 2391 1757 2445 vela
1787 2389 2083 2461 pontiﬁce,

517 2491 579 2537 ut
636 2483 819 2539 Aaron
870 2498 903 2537 a
932 2482 1115 2538 Mose:
1144 2482 1309 2553 igitur
1332 2484 1498 2538 etiam
1528 2482 1815 2553 Philippus
1843 2493 1898 2538 et
1919 2482 2080 2537 Ana-

2191 2019 2461 2090 ίερατικὸν
2487 2019 2725 2091 ἀξίωμα,
2756 2020 2871 2073 ἀλλ’
2900 2021 2933 2093 ἢ
2967 2021 3120 2093 παρὰ
3164 2023 3259 2075 τοῦ
3298 2021 3436 2075 Θεοῦ
3467 2022 3734 2094 λαμϐάνει,

2188 2112 2265 2175 ὡς
2318 2112 2674 2183 Μελχισεδὲκ,
2733 2112 2829 2165 καὶ
2877 2112 3016 2178 Ἰὼϐ,
3067 2114 3099 2183 ἦ
3152 2112 3305 2185 παρά
3338 2115 3649 2186 ἀρχιερέως,
3678 2114 3738 2177 ὼς

2202 2205 2411 2277 Ἀαρὼν
2465 2206 2618 2277 παρά
2658 2207 2937 2270 Μωσέως’
2997 2207 3194 2261 οὐκοῦν
3236 2208 3332 2260 καὶ
3380 2208 3631 2270 Φίλιππος
3664 2207 3740 2260 καὶ

2202 2297 2449 2362 Ἀνανίας
2476 2299 2574 2369 οὐχ
2602 2298 2829 2362 ἑαυτοὺς
2861 2299 3193 2371 προείλοντο,
3225 2300 3339 2353 ἀλλ’
3376 2301 3480 2355 ὐπὸ
3521 2300 3607 2353 τοῦ
3633 2300 3741 2370 Χρι-

2193 2390 2319 2443 στοῦ
2351 2390 2839 2464 προεχειρίσθησαν
2860 2391 2954 2445 τοῦ
2991 2392 3313 2465 ἀρχιερέως,
3363 2393 3458 2447 τοῦ
3505 2389 3743 2463 ἀσυγκρί-

2193 2500 2291 2537 του
2311 2483 2446 2537 Θεοῦ
2471 2484 2569 2555 (1).

514 2580 638 2633 nias
694 2593 802 2633 non
860 2579 1071 2650 seipsos
1117 2579 1541 2644 constituerunt,
1573 2577 1669 2633 sed
1701 2577 1860 2636 electi
1903 2585 2033 2635 sunt
2057 2592 2088 2631 a
2114 2576 2333 2633 Christo
2357 2577 2632 2648 pontiﬁce,
2666 2577 2777 2634 Deo
2801 2578 3239 2649 incomparabili.

590 2845 636 2876 ⁸⁸
671 2843 792 2901 Act.
823 2861 900 2912 vr,
934 2862 1028 2900 vn.
1105 2845 1146 2876 “
1188 2845 1224 2900 l.
1259 2844 1429 2917 lgnat.
1463 2845 1714 2915 interpol.
1740 2845 1806 2900 ad
1832 2843 2001 2902 Trall.
2031 2846 2119 2913 11;
2155 2845 2567 2919 pscudo-lgnat.
2600 2847 2667 2902 ad
2696 2846 2855 2903 Tars.
2888 2848 2922 2903 5
3019 2847 3066 2879 “
3090 2848 3210 2901 Aet.
3237 2864 3362 2912 vm,
3407 2864 3479 2900 ix.

1812 3067 2174 3126 VARIORUM
2230 3068 2461 3124 ΝΟΤΛΕ.

591 3229 701 3307 (90)
734 3230 1053 3307 Φίβιςταον.
1088 3229 1419 3307 Inuniarginc
1451 3228 1573 3307 cod.
1608 3226 1919 3307 Vina‘lobon.
1953 3228 2088 3307 legi-
2124 3232 2166 3287 C
2202 3229 2434 3307 Ιςανόσι.
2469 3226 2665 3307 Etniste
2705 3226 2945 3281 Ananias
2978 3235 3093 3307 erat
3118 3227 3750 3307 εἰὶσεοῃμεησςηιαάυιᾳτ

518 3297 609 3355 tur
656 3297 759 3353 hoc
798 3298 1059 3369 Scholion
1096 3318 1108 3352 :
1145 3299 1265 3369 Ὅτι
1298 3297 1326 3353 6
1372 3298 1642 3369 βαπτίσας
1691 3297 1783 3369 τὸν
1843 3297 2096 3369 εὐηνοῦχον

517 3370 906 3440 Αίθίοπαᾼούκγ
941 3365 1007 3440 ἦν
1051 3368 1344 3432 ἀπόστολος
1372 3362 1663 3440 Φίλιππος,
1707 3367 1819 3421 ἀλλ’
1862 3362 1943 3431 εἷς

523 3441 662 3522 μετά
691 3438 785 3492 τοῦ
817 3438 973 3507 ἁγίου
1007 3440 1278 3508 Στεφάνου
1322 3438 1809 3511 προχειρισθέντων
1859 3442 1942 3502 εἰς
1980 3439 2096 3491 δια-

523 3509 730 3573 κόνους,
768 3504 918 3576 ᾧτινι
968 3504 1107 3578 ἦσαν
1154 3511 1416 3578 τέσσαρες
1477 3509 1792 3578 θυγατέρες,
1843 3508 1919 3574 ὥς
1962 3524 2097 3578 φησι

520 3525 730 3573 κονους,
768 3525 918 3576 ῳτινι
968 3525 1107 3578 ησαν
1154 3525 1416 3580 τεσσαρες
1477 3525 1792 3581 υυγατερες,
1843 3527 1919 3574 ως
1962 3525 2038 3579 φη

520 3581 733 3641 Λουκᾶς
757 3581 815 3631 ὲν
831 3582 951 3642 ταῖς
982 3580 1243 3650 Πράξεσι.
1276 3581 1446 3635 ϐιειι.
1861 3649 1865 3650 ν

593 3650 742 3718 (100)
793 3649 1072 3703 Ἀνανίαν
1101 3651 1207 3703 τὸν
1248 3651 1464 3704 πιστὸν
1493 3650 1781 3719 ἀδελφόν.
1823 3649 1979 3704 Hunc
2008 3650 2094 3704 lo-

520 3735 644 3775 cum
688 3720 769 3775 sic
807 3720 1201 3789 interpretatur
1229 3720 1600 3775 OEcumenius
1639 3721 1867 3789 ad_Act.
1901 3736 1977 3780 ix.
2004 3722 2094 3786 10,

521 3792 678 3860 quasi
724 3785 980 3860 Ananias:
996 3790 1160 3844 fuerit
1198 3790 1464 3845 diaconus
1500 3793 1648 3845 εΚαὶ
1686 3785 1840 3854 οὗτος
1875 3793 1902 3843 6
1940 3785 2096 3845 Ἀναὲ

520 3857 639 3924 νίας
671 3861 917 3924 διάκονος
952 3857 1040 3931 ἦν,
1080 3861 1156 3925 ὼς
1182 3861 1345 3925 αὐτὸς
1367 3861 1577 3925 Παῦλος
1608 3864 1876 3933 μαρτυρεί
1893 3863 1950 3915 ὲν
1983 3863 2097 3925 τοῖς

2201 3298 2329 3353 dum
2377 3301 2488 3368 ipse
2518 3298 2722 3353 Paulus
2767 3307 2991 3352 testatur
3020 3298 3073 3351 in
3106 3297 3462 3356 Canonibusﬁ
3493 3298 3678 3353 Verum
3712 3297 3754 3349 id

2201 3385 2547 3439 nequaquam
2577 3368 2711 3423 dicit
2740 3368 3089 3424 Constitutio.
3115 3372 3253 3428 Cor.

2404 3439 2513 3523 1:012
2565 3439 2931 3523 ἀᾳυγῖςρίτρυ
2967 3440 3135 3495 Θεοῦ.
3184 3442 3381 3523 Potest
3420 3441 3584 3523 etiam
3626 3438 3755 3523 alter

2199 3504 2339 3565 verti
2361 3552 2376 3575 ,
2420 3509 2661 3564 tollendo
2698 3504 2970 3579 \‘irgulani
3002 3514 3433 3579 praecedentem.
3485 3511 3561 3563 ιι).
3594 3538 3656 3546 ——
3682 3504 3754 3558 Sic

2201 3581 2362 3637 debet
2393 3582 2530 3635 verti
2559 3600 2571 3634 :
2602 3581 2641 3634 Α
2670 3578 2881 3634 Christo
2904 3578 3063 3635 Pont.
3091 3580 3338 3637 Maximo
3362 3583 3459 3636 Dei
3483 3578 3613 3633 nulli
3635 3591 3752 3631 cam-

2201 3652 2465 3723 parandi,
2496 3652 2597 3723 vel,
2638 3667 2755 3704 cum
2813 3667 2913 3720 quo
2962 3651 3141 3706 nullus
3176 3654 3419 3723 conferri
3446 3646 3757 3723 queat._limc

2201 3719 2343 3777 enim
2381 3722 2483 3775 fuit
2512 3719 2839 3776 Arianorum
2870 3725 3158 3794 sententia,
3193 3719 3365 3794 quam
3400 3719 3610 3794 auctor,
3635 3719 3756 3794 larva

2204 3793 2576 3864 apostolorum
2608 3800 2808 3857 tectus,
2852 3786 3012 3846 caute
3040 3786 3535 3920 (ἐοηειίιιιιὶοηὶίὲιε
3568 3786 3754 3843 inserit.

3499 3876 3618 3917 ten.

3499 3876 3618 3917 ιεπ.

531 4072 3755 4104 WW-

1235 4274 1946 4404 CANONES
2076 4275 3053 4404 APOSTOLICI.

1054 4509 1215 4583 (Vide
1248 4511 1620 4569 Conciliorum
1653 4513 2273 4581 Collectioncinmostrze
2298 4513 2555 4570 editionis
2610 4523 2744 4569 tom.
2780 4512 2819 4567 I.
2852 4511 3009 4566 Enn.
3042 4508 3242 4582 l‘An.)
