4048 6262
445 352 582 408 “59

508 558 741 627 Quidam
775 572 939 629 porro
980 558 1084 613 alia
1116 557 1277 612 etiam
1313 571 1479 627 opera

441 652 653 722 prolixa
701 657 756 706 et
802 653 1025 722 copiosa
1075 650 1178 705 sub
1206 649 1327 719 ejus
1376 665 1479 703 no-

440 745 588 798 mine
616 743 731 797 heri
762 757 827 798 ac
862 727 1256 797 nudiustertius
1294 742 1348 795 in
1398 742 1480 796 lu-

389 894 391 896 η
441 846 560 886 cem
618 832 1002 903 protulerunt;
1056 839 1184 901 puta
1232 828 1374 883 Petri
1422 836 1478 885 et

444 923 672 993 Apionis
736 921 1184 993 disputationes;
1244 936 1474 990 quorum

445 1014 589 1084 apud
634 1013 890 1084 antiquos
937 1012 1085 1067 nulla
1132 1011 1354 1065 omnino
1383 1024 1478 1065 ex—

445 1112 553 1161 stat
591 1106 813 1161 mentio.
844 1104 1029 1175 Neque
1069 1104 1214 1158 enim
1264 1103 1477 1157 sincera

443 1204 607 1251 recta:
660 1196 783 1250 ﬁdei
834 1195 901 1249 ab
954 1194 1215 1265 apostolis
1266 1192 1479 1247 traditae

445 1291 573 1340 nota
616 1284 670 1338 in
717 1285 825 1341 illis
878 1298 1135 1353 expressa
1182 1283 1471 1353 reperitur.
1549 1286 1892 1360 χαρακτῆρα.

446 1374 579 1445 Lege
615 1375 831 1430 Maximi
875 1374 1163 1446 Prologum
1201 1375 1257 1428 in
1302 1373 1475 1443 Opera

446 1465 710 1537 Dionysii.
844 1459 855 1463 ’

1256 347 1315 405 S.
1348 347 1743 407 CLEMENTIS
1774 348 1795 403 1
1827 348 1995 405 ROM.
2032 348 2236 406 PONT.
2271 348 2499 406 OPERA
2535 350 2759 407 DUBIA.

1593 461 1740 516 ldum
1766 460 2050 524 Eusumus,
2086 461 2185 515 lib.
2219 477 2302 524 In.
2331 476 2433 533 cap
2455 461 2549 518 38.

1626 552 1762 624 Ἤδη
1796 552 1853 605 δὲ
1891 553 1984 605 καὶ
2018 552 2184 624 ἕτερα
2216 553 2459 625 πολυεπῆ
2496 555 2591 607 καὶ

1555 645 1745 717 μακρὰ
1782 644 2217 717 συγγράμματα,
2248 646 2324 711 ὡς
2359 646 2454 699 τοῦ
2488 647 2587 700 αὺ-

1549 738 1665 799 τοῦ,
1686 737 1813 809 χθὲς
1844 738 1936 790 καὶ
1963 736 2154 808 πρώην
2174 737 2318 801 τινὲς
2345 738 2589 809 προήγα-

1547 849 1663 901 γον,
1694 832 1898 902 Πέτρου
1924 831 1988 903 δὴ
2014 833 2107 884 καὶ
2122 829 2381 893 Ἀπίωνος
2416 830 2593 884 διαλό-

1548 938 1678 990 γους
1742 921 2092 993 περιέχοντα·
2146 914 2222 975 ὧν
2277 921 2393 974 οὐδ’
2455 920 2592 984 ὅλως

1554 1014 1739 1085 μνήμη
1774 1030 1857 1075 τις
1888 1011 2040 1083 παρὰ
2072 1014 2184 1075 τοῖς
2220 1010 2466 1076 παλαιοῖς
2494 1011 2589 1081 φέ-

1555 1121 1723 1176 ρεται.
1757 1102 1892 1157 Οὐδὲ
1914 1102 2021 1173 γάρ
2054 1102 2292 1174 καθαρὸν
2323 1104 2421 1175 τῆς
2448 1104 2588 1157 άπο-

1552 1196 1800 1267 στολικῆς
1843 1194 2150 1268 ὀρθοδοξίας
2188 1194 2460 1261 ἀποσώζει
2498 1195 2590 1250 τὸν

3552 358 3690 415 “60

2892 463 2969 518 Ea:
2993 464 3211 536 interpr.
3246 463 3447 537 Ruﬁni.

2735 555 2842 613 Sed
2875 564 2929 613 et
2959 558 3064 612 alia
3111 557 3232 627 ejus
3278 559 3538 628 Opuscula
3584 578 3690 617 non

2660 649 2886 703 minima
2920 664 2949 703 a
2979 650 3258 705 nonnullis
3288 651 3473 714 haberi
3517 654 3694 722 perbi-

2659 739 2893 807 bentur;
2921 741 3071 795 velut
3094 740 3240 796 Petri
3258 752 3310 797 et
3334 742 3558 813 Apionis
3581 745 3694 801 dis-

2667 830 2908 901 putatio;
2962 847 3082 901 qua:
3114 832 3169 885 in
3216 849 3318 887 usu
3362 848 3393 907 ο
3424 834 3693 890 veteribus

2664 923 2849 977 habita
2898 923 3119 977 minime
3175 924 3511 994 reperimus;
3567 927 3690 995 quia

2660 1032 2762 1071 nec
2790 1031 2924 1087 pura
2966 1017 3020 1070 in
3047 1017 3127 1072 eis
3151 1024 3205 1071 et
3231 1019 3542 1087 incorrupta
3566 1034 3693 1088 apo—

2661 1108 2866 1163 stolicze
2908 1107 3033 1163 ﬁdei
3074 1108 3261 1177 regula
3309 1107 3576 1162 mansisse
3596 1106 3693 1161 ‘de-

2660 1199 3037 1270 prehenditur.
3070 1199 3203 1270 Lege
3226 1198 3451 1270 Niceph.
3486 1199 3581 1254 lib.
3608 1214 3690 1264 Ill,

2659 1306 2781 1362 cap.
2814 1292 2904 1346 18.

447 1582 525 1639 De
574 1582 1127 1663 Disputationc‘l’etri
1174 1592 1239 1663 et
1273 1582 1534 1663 Apionis.
1554 1596 1672 1663 quae
1698 1581 1915 1663 putetur
1943 1581 2110 1650 fuisse
2248 1594 2373 1663 pars
2404 1579 2489 1663 Διιςέ
2539 1577 2799 1663 appendix
2846 1575 3127 1663 Ciententis
3160 1569 3611 1660 [decognitionum
3642 1584 3689 1627 et

940 1655 1172 1707 Aetuum
1206 1647 1347 1708 Petri
1375 1653 1488 1707 vide
1517 1647 1662 1721 infra
1692 1654 1743 1706 in
1767 1647 2119 1722 Hieronymo,
2150 1650 2345 1705 Photio
2368 1656 2422 1705 et
2438 1649 2681 1703 Honorio
2710 1647 3210 1719 Augustodunensi.

2026 1873 2121 1928 ΠΙ.

1396 2032 1456 2088 S.
1490 2032 1864 2095 ATHANASIUS,
1893 2030 1948 2084 in
1976 2028 2209 2100 Synopsi
2237 2045 2407 2083 sacrae
2436 2028 2751 2096 Scriptum.

518 2170 719 2225 lterum
749 2167 875 2224 libri
904 2167 1038 2223 Novi
1077 2168 1411 2223 Tcstamenti
1443 2169 1646 2238 quibus
1677 2168 2013 2224 contradicx-
2042 2185 2056 2229 Α

2186 2166 2297 2237 Τῆς
2343 2166 2489 2229 Νέας
2531 2166 2694 2220 πάλιν
2741 2166 3016 2237 Διαθήκης
3067 2163 3455 2235 ἀντιλεγόμενα
3498 2163 3670 2218 ταῦτα

445 2269 558 2327 tur,
585 2270 712 2317 sunt
744 2280 756 2316 :
792 2260 1069 2317 Circuitus
1098 2260 1280 2325 Petri,
1315 2269 1423 2316 etc.
1457 2260 1535 2315 Ex
1563 2260 1765 2331 quibus
1800 2261 2017 2315 veriora

444 2364 501 2409 et
538 2368 568 2407 a
612 2353 722 2408 Deo
764 2352 1057 2421 inspirata,
1090 2352 1263 2407 electa
1292 2359 1420 2408 sunt
1466 2366 1529 2405 ac
1569 2352 1859 2407 translata.
1894 2350 2018 2407 Haec

447 2452 575 2502 sunt
600 2459 721 2517 quae
747 2444 1018 2515 leguntur,
1042 2452 1149 2500 etc.

2121 2256 2364 2329 Περίοδοι
2401 2257 2630 2329 Πέτρου,
2661 2266 2767 2314 etc.
2816 2258 2904 2325 Ἐξ
2934 2252 3010 2312 ὧν
3048 2256 3499 2329 μετεφράσθησαν
3548 2257 3696 2311 ἐκλε-

2125 2351 2291 2420 γέντα
2314 2349 2382 2403 τὰ
2413 2349 2746 2423 ἀληθέστερα
2773 2352 2867 2409 καὶ
2885 2350 3239 2405 θεόπνευστα.
3260 2350 3445 2403 Ταῦτα
3463 2349 3535 2403 τὰ
3564 2350 3693 2403 ἀνα-

2125 2442 2518 2513 γινωσκόμενα,
2550 2450 2657 2499 etc.

2031 2642 2121 2699 Ν.

1228 2824 1233 2831 ·
1296 2803 1357 2860 S.
1392 2802 1736 2867 Eplpnmms,
1759 2802 1949 2857 hazresi
1977 2817 2105 2867 nx,
2138 2800 2534 2867 Ebionworum,
2566 2819 2719 2858 num.
2753 2804 2835 2859 15.

513 2945 755 3003 Utuntur
782 2949 961 2997 autem
996 2948 1051 2996 et
1090 2940 1211 2996 aliis
1238 2936 1567 3009 quibusdam
1603 2936 1783 3001 libris,
1820 2950 2016 3005 nempe

450 3039 519 3094 iis
555 3038 648 3110 qui
678 3042 943 3091 vocantur
983 3032 1260 3089 Circuitus
1301 3031 1469 3096 Petri,
1502 3046 1533 3084 a
1561 3030 1839 3085 Clemente
1885 3043 2020 3081 con--

449 3130 637 3201 scripti
672 3148 685 3184 :
724 3137 888 3198 atque
914 3140 979 3180 ea
1026 3125 1243 3195 quidem
1276 3139 1397 3194 quae
1435 3122 1490 3177 in
1530 3122 1637 3177 illis
1666 3120 2021 3175 continentur

448 3224 832 3290 corruperunt,
859 3230 1029 3285 pauca
1062 3221 1241 3268 autem
1266 3227 1393 3267 vera
1414 3212 1756 3281 reliquerunt
1790 3228 1804 3263 :
1828 3223 2019 3279 quem»

450 3310 741 3366 admodum
774 3323 871 3362 eos
913 3307 1030 3375 ipse
1063 3304 1317 3358 Clemens
1344 3302 1597 3356 omnibus
1624 3298 1804 3355 modis
1830 3297 2018 3353 redar--

450 3403 585 3474 guit,
616 3416 713 3471 per
733 3397 994 3468 epistolas
1020 3395 1317 3450 circulares
1348 3409 1489 3464 quae,
1514 3393 1582 3447 ab
1610 3408 1675 3448 eo
1704 3390 1941 3461 scriptae,
1962 3390 2017 3445 in

2174 2936 2442 3007 ,Χρῶνται
2465 2937 2523 2991 δὲ
2552 2939 2645 2991 καὶ
2672 2937 2860 3002 ἄλλαις
2885 2939 2997 2993 τισὶ
3020 2938 3239 3009 βίϐλοις,
3262 2940 3422 3013 δῆθεν
3438 2943 3562 3005 ταῖς
3588 2942 3691 2994 Πε-

2124 3026 2317 3099 ριόδοις
2347 3026 2708 3099 καλουμέναις
2723 3029 2951 3102 Πέτρου,
2972 3034 3090 3095 ταῖς
3115 3031 3202 3085 διὰ
3223 3032 3541 3103 Κλήμεντος
3565 3050 3695 3105 γραο

2123 3118 2338 3188 φείσαις
2361 3137 2373 3147 ⁸
2399 3119 2747 3185 νοθεύσαντες
2771 3122 2871 3193 μὲν
2898 3123 2968 3177 τὰ
2985 3125 3043 3177 ἐν
3069 3124 3276 3189 αὐταῖς,
3307 3124 3462 3194 ὀλίγα
3488 3127 3549 3179 δὲ
3569 3127 3697 3197 άλη-

2122 3211 2246 3267 om
2273 3212 2559 3276 ἐάσαντες·
2592 3213 2667 3277 ὼς
2694 3214 2856 3279 αὐτὸς
2874 3216 3104 3289 Κλήμης
3123 3218 3320 3282 αὐτοὺς
3352 3218 3494 3271 κατὰ
3520 3220 3693 3273 πάντα

2125 3306 2358 3377 ιλέγχει,
2392 3307 2468 3376 ἀφ
2486 3307 2501 3327 ’
2532 3298 2607 3359 ὧν
2636 3306 2872 3380 ἔγραψεν
2916 3309 3242 3363 Ἐπιστολῶν
3270 3310 3573 3379 ἐγκυκλίων
3592 3312 3695 3364 τῶν

2125 3400 2183 3452 ὲν
2212 3401 2333 3462 ταῖς
2364 3399 2544 3468 ἁγίαις
2574 3399 2887 3473 ἐκκλησίαις
2915 3402 3461 3472 ἀναγινωσκομένων·
3495 3405 3578 3456 ὅτι
3606 3404 3694 3459 ἆλ-

451 3494 658 3551 sanctis
690 3491 939 3547 ecclesiis
965 3490 1240 3559 leguntur.
1275 3486 1412 3553 Quia
1437 3486 1603 3539 alium
1644 3484 1808 3539 habet
1829 3483 2024 3538 chara—
2055 3493 2056 3497 ‘

2126 3490 2213 3545 λον
2263 3491 2375 3562 ἔχει
2413 3492 2732 3564 χαρακτῆρα
2775 3494 2809 3564 ἡ
2850 3494 3041 3547 ἑαυτοῦ
3084 3494 3265 3557 πίστις
3314 3495 3409 3547 καὶ
3452 3497 3481 3548 ὁ
3523 3496 3694 3564 λόγος,

450 3595 655 3641 cterem
681 3583 812 3639 ﬁdes
842 3582 989 3637 illius
1018 3596 1081 3635 ac
1111 3578 1308 3641 oratio.
1332 3579 1400 3633 ab
1433 3578 1501 3633 iis
1531 3593 1652 3647 quae
1681 3577 1783 3633 sub
1801 3577 2023 3631 nomine

450 3679 571 3749 ejus
601 3676 694 3732 isti
713 3676 770 3730 in
800 3673 1133 3729 Circuitibus
1161 3676 1591 3742 supposuerunt.
1628 3666 1722 3723 Ille
1752 3670 1897 3723 enim
1917 3667 2024 3721 vir-

453 3771 732 3840 ginitatem
756 3769 948 3833 docet;
975 3774 1030 3820 at
1062 3766 1153 3821 isti
1184 3763 1496 3835 repudiaut.
1520 3760 1613 3817 llle
1638 3760 1831 3825 Eliam,
1870 3758 2025 3814 Davi-

451 3862 597 3927 dem,
624 3859 979 3930 Sampsonem
1011 3873 1307 3927 omnesque
1331 3855 1627 3927 prOphetas
1653 3853 2020 3919 commendat;

452 3968 593 4024 quos
621 3952 713 4008 isti
745 3952 1111 4007 detestantur.
1144 3948 1333 4020 Itaque
1368 3949 1422 4002 in
1466 3946 1802 4002 Circuitibus
1840 3947 2023 4000 omnia

454 4046 522 4101 ad
554 4061 712 4100 suum
744 4044 1052 4099 institutum
1100 4040 1582 4097 accommodarunt
1606 4077 1623 4101 .
1664 4053 1727 4093 ac
1757 4038 1825 4094 de
1863 4036 2025 4092 Petro

454 4137 624 4191 multa
649 4133 932 4189 mendacia
953 4130 1337 4187 conﬁnxerunt
1368 4148 1383 4185 :
1416 4128 1573 4200 quasi
1600 4129 1647 4184 is
1668 4126 1913 4198 quotidie
1933 4143 2027 4181 ca-

454 4224 726 4280 stimoniae
756 4238 923 4277 causa
954 4221 1180 4285 laverit,
1215 4220 1357 4274 sicut
1386 4228 1440 4274 et
1468 4220 1558 4274 isti
1597 4217 1824 4273 faciunt.
1860 4217 2026 4272 Eum-

456 4316 579 4371 dem
612 4316 775 4371 etiam
808 4314 965 4368 aiunt
997 4312 1333 4367 abstinuisse
1361 4311 1430 4365 ab
1461 4310 1717 4364 animatis
1746 4317 1801 4364 et
1844 4310 2027 4364 carni—

455 4409 580 4472 bus,
609 4414 669 4461 ut
692 4406 793 4477 ipsi
825 4406 1020 4471 solent;
1051 4410 1106 4459 et
1146 4404 1215 4458 ab
1245 4403 1391 4457 omni
1422 4403 1529 4456 alio
1561 4402 1687 4456 cibo
1727 4401 1821 4471 qui
1860 4416 2027 4457 carne

454 4506 701 4565 constet;
728 4496 1174 4569 quandoquidem
1201 4505 1255 4551 et
1296 4498 1411 4567 ipse
1444 4494 1617 4549 Ebiou
1638 4534 1653 4558 ,
1682 4503 1735 4549 et
1765 4493 2028 4551 Ebionita:

456 4600 684 4655 omnino
710 4600 780 4653 ab
804 4600 871 4654 iis
892 4599 1187 4653 abstinent.
1212 4596 1344 4669 Lege
1364 4596 1647 4667 Recognit.
1670 4596 1765 4651 lib.
1796 4610 1871 4659 Iv,
1902 4609 2023 4664 cap.

456 4694 525 4758 ὃς
551 4694 644 4749 lib.
664 4711 719 4759 ν,
750 4708 871 4764 cap.
894 4689 1003 4757 '56;
1037 4691 1130 4746 lib.
1165 4708 1261 4758 vn,
1293 4706 1415 4761 cap.
1443 4688 1499 4758 6,
1524 4698 1579 4746 et
1619 4689 1715 4744 lib.
1746 4706 1869 4755 vm,
1901 4703 2026 4759 cap.

458 4784 485 4838 1
528 4791 582 4839 et
609 4783 665 4839 2.

2124 3583 2278 3655 παρὰ
2302 3583 2370 3637 τὰ
2396 3582 2501 3637 ὑπὸ
2531 3584 2738 3638 τούτων
2772 3588 2850 3650 είς
2879 3586 3049 3658 ὄνομα
3080 3586 3244 3639 αὐτοῦ
3274 3588 3331 3639 ὲν
3362 3590 3480 3651 ταῖς
3507 3589 3697 3660 Περιό-

2122 3676 2234 3740 δοις
2264 3677 2639 3747 νενοθευμένα.
2672 3678 2844 3741 Αὐτὸς
2877 3678 2984 3751 γὰρ
3003 3678 3299 3750 παρθενίαν
3314 3678 3579 3743 διδάσκει,
3608 3680 3698 3733 καὶ

2124 3768 2277 3821 αὐτοὶ
2307 3769 2368 3822 οὐ
2398 3768 2841 3839 mammam
2871 3770 2979 3842 γὰρ
3011 3768 3344 3841 ἐγκωμιάζει
3376 3770 3585 3835 Ἠλίαν,
3610 3773 3698 3825 καὶ

2124 3860 2307 3923 Δαδὶδ,
2348 3862 2442 3915 καὶ
2474 3859 2732 3932 Σαμψὼν,
2763 3861 2858 3914 καὶ
2891 3861 3096 3925 πάντας
3124 3864 3249 3926 τοὺς
3272 3864 3579 3934 προφήτας,
3610 3861 3699 3925 οὓς

2124 3945 2271 4006 οὗτοι
2300 3952 2687 4023 βδελύττονται.
2731 3953 2819 4007 Ἑν
2845 3956 2966 4018 ταῖς
2992 3951 3085 4007 οὖν
3102 3954 3377 4027 Περιόδοις
3412 3954 3473 4006 τὸ
3500 3957 3608 4008 πᾶν
3625 3956 3699 4017 εἰς

2126 4042 2355 4109 ὲαῗλτοὺς
2406 4048 2763 4118 μετήνεγκαν,
2803 4047 3275 4118 καταψευσάμενοι
3321 4047 3529 4118 Πέτρου
3564 4047 3699 4101 κατὰ

2127 4136 2355 4201 πολλοὺς
2387 4138 2622 4209 τρόπους
2644 4155 2657 4167 ·
2693 4139 2771 4202 ὠς
2797 4138 2962 4192 αὐτοῦ
3012 4139 3148 4192 καθ’
3185 4138 3395 4211 ἡμέραν
3444 4138 3698 4209 βαπτιζο-

2131 4232 2292 4303 μένου
2323 4230 2589 4302 ἁγνισμοῦ
2617 4231 2831 4294 ἕνεκεν,
2869 4231 3120 4302 καθάπερ
3158 4232 3252 4284 καὶ
3286 4225 3451 4283 οὗτοι.
3500 4229 3700 4300 Ἐμψύ-

2127 4344 2237 4397 χων
2262 4342 2322 4378 τε
2349 4324 2439 4378 τὸν
2466 4323 2627 4377 αὑτὸν
2648 4324 2948 4394 ἀπέχεσθαι
2967 4325 3062 4377 καὶ
3082 4323 3279 4395 κρεῶν,
3308 4324 3382 4387 ὼς
3405 4326 3499 4377 καὶ
3530 4318 3695 4386 οὗτοι,

2128 4419 2223 4472 καὶ
2253 4417 2434 4489 πάσης
2465 4416 2630 4488 ἄλλης
2654 4416 2851 4487 ἐδωδῆς
2882 4417 2979 4488 τῆς
3007 4415 3115 4468 ἀπὸ
3158 4416 3374 4487 σαρκῶν
3402 4416 3695 4486 πεποιημέ-

2128 4527 2227 4581 νης
2251 4509 2517 4578 λέγουσιν,
2538 4508 2833 4580 ἐπειδήπερ
2860 4508 2953 4562 καὶ
2985 4508 3145 4572 αὐτὸς
3169 4506 3355 4561 Ἐὄίων
3386 4508 3480 4561 καὶ
3516 4508 3702 4560 Ἐϐιωο

2130 4607 2270 4658 νῖται
2296 4602 2573 4666 παντελῶς
2606 4600 2898 4674 ἀπέχονται
2926 4601 3144 4656 τούτων.

1465 5034 1524 5091 S.
1565 5030 1935 5098 “IERONYIUS,
1974 5031 2051 5087 De
2079 5033 2179 5088 vir.
2212 5030 2437 5101 illustr.,
2460 5050 2582 5106 cap.
2618 5034 2671 5089 1.

531 5245 680 5302 Libri
711 5252 912 5312 autem,
948 5259 979 5298 e
998 5242 1198 5313 quibus
1224 5257 1365 5299 unus
1394 5240 1653 5295 Actorum
1685 5240 1806 5310 ejus
1835 5238 2029 5311 (Petri)

463 5340 803 5403 inscribitur,
832 5339 972 5393 alius
1003 5336 1313 5407 Evangelii,
1344 5337 1536 5391 tertius
1577 5333 1991 5389 Prmdicationis
2011 5376 2025 5399 ,

462 5442 692 5499 quartus
727 5429 1153 5501 Apocalypseos,
1193 5428 1417 5498 quintus
1454 5425 1687 5486 Judicii,
1720 5426 1866 5481 inter
1907 5440 2032 5495 apo-

463 5524 697 5594 cryphas
717 5520 1017 5590 scripturas
1046 5525 1368 5590 reputantur
1399 5518 1500 5588 (5).
1536 5515 1667 5587 Lege
1689 5514 2027 5583 Freculium,

464 5623 593 5670 tom.
659 5622 725 5679 ll,
771 5614 867 5670 lib.
916 5630 971 5677 ι,
1014 5628 1135 5683 cap.
1168 5614 1259 5676 20,
1334 5619 1388 5667 et
1430 5610 1727 5689 Honorium
1776 5608 2030 5680 August,

464 5720 582 5778 cap.
617 5709 667 5762 1.

537 5846 613 5916 (3)
648 5845 989 5912 “epulantur.
1024 5842 1106 5895 Al.
1138 5838 1499 5907 repudiantur.

2617 5148 2701 5202 Ea:
2739 5150 2958 5221 antiqua
2990 5150 3239 5204 versione.

2205 5244 2286 5297 Τὰ
2317 5242 2374 5298 δὲ
2415 5244 2841 5315 συγγράμματα,
2880 5241 3024 5295 τοῦτ’
3059 5243 3171 5295 ἔστι
3202 5241 3436 5312 πρῶτον,
3469 5241 3498 5294 ὃ
3529 5238 3710 5308 ἐπιγέ-

2138 5356 2402 5410 γραπται,
2438 5335 2672 5407 Πράξεις
2705 5336 2888 5389 αὑτοῦ·
2921 5335 3190 5407 δεύτερον,
3214 5335 3567 5403 Εὑαγγέλιον·
3594 5332 3709 5405 τρί-

2136 5448 2248 5493 τον,
2297 5432 2600 5501 Κήρυγμα·
2649 5427 2927 5500 τέταρτον,
2993 5426 3391 5496 Ἀποκάλυψις·
3445 5427 3709 5495 πέμπτον,

2139 5521 2333 5594 Κρίσις
2357 5538 2369 5552 ·
2403 5521 2479 5583 ὡς
2504 5521 2797 5593 ἁπόκρυφα
2824 5523 2953 5576 ὂντα
2984 5519 3458 5591 άποδοκιμάζεται.
