4048 6262
346 342 465 403 H61

1403 338 2049 398 liECOGNlTlONES.-—
2080 340 2434 397 PROOEMIA.

3449 338 3585 395 ΗΜ

1650 453 1778 511 locu
1816 452 1971 521 ibid.,
1997 471 2121 527 cap.
2160 458 2245 511 15.

416 613 523 669 Καὶ
564 614 819 683 Διάλογος
856 612 1063 684 Πέτρου
1107 613 1201 665 καὶ
1244 611 1506 675 Ἀπίωνος
1540 612 1735 683 μακρῷ
1776 610 1919 683 λόγῳ

2094 605 2163 661 Et
2212 606 2517 677 Disputatio
2573 607 2713 663 Petri
2764 620 2818 665 et
2868 610 3093 682 Apionis
3132 613 3293 683 longo
3338 625 3589 667 sermone

352 711 673 774 συπαγεῖσα
693 745 708 769 ,
743 706 809 776 ἦν
860 723 981 759 τινα
1011 704 1261 767 Εὐσέϐιος
1291 702 1518 768 εὐθύνει,
1548 705 1605 757 ὲν
1643 705 1721 775 τῷ
1745 707 1911 776 τρίτῳ

345 797 447 867 τῆς
492 796 1028 865 Ἐκκλησιαστικῆς
1057 796 1319 865 ἱστορίας
1347 794 1546 864 τεύχει.

2022 699 2350 767 conscripta,
2375 715 2535 769 quam
2572 699 2839 757 Eusebius
2872 702 2925 756 in
2959 704 3117 758 tertio
3148 703 3403 759 Historia:
3436 703 3588 758 cccle-

2022 794 2253 848 aiastica!
2271 796 2543 850 volumine
2565 799 2831 868 coarguit.
2857 797 2988 871 Lege
3011 798 3339 865 Freculfum,
3366 810 3496 856 tom.
3526 800 3588 863 ll,

2026 883 2119 939 lib.
2150 900 2211 948 ιι,
2235 900 2353 955 cap.
2388 885 2471 939 10.

1360 1017 1488 1075 lor-zu
1516 1020 1610 1076 lib.
1636 1036 1655 1075 ι
1686 1025 1935 1080 adversus
1957 1022 2323 1092 Iovinianum,
2354 1040 2475 1096 cap.
2506 1026 2591 1080 14.

412 1173 711 1231 Possumus
742 1182 923 1231 autem
958 1176 1025 1233 de
1048 1173 1208 1234 Petro
1239 1180 1442 1246 dicere,
1470 1181 1616 1250 quod
1648 1181 1905 1237 habuerit

343 1277 565 1319 socrum
609 1280 676 1321 eo
722 1274 967 1338 tempore
993 1284 1103 1339 quo
1148 1270 1401 1333 credidit,
1450 1278 1504 1325 et
1533 1285 1756 1326 uxorem
1797 1272 1911 1341 jam

344 1369 454 1411 non
505 1355 756 1412 habuerit
792 1377 804 1412 :
838 1374 1148 1430 quanquam
1199 1362 1409 1432 legatur
1436 1361 1491 1416 in
1521 1361 1819 1433 Περιόδοις,
1859 1368 1914 1417 et

344 1461 486 1502 uxor
512 1446 652 1518 ejus,
677 1456 729 1505 et
760 1448 886 1507 filia.
926 1449 1031 1507 Sed
1061 1467 1207 1507 nunc
1236 1452 1397 1510 nobis
1424 1452 1492 1509 de
1519 1468 1729 1509 canone
1752 1469 1914 1511 omne

2018 1190 2297 1239 certamen
2326 1191 2429 1239 est.
2478 1182 2544 1236 In
2582 1176 3084 1250 Recognitionibus,
3121 1198 3257 1238 uxor
3297 1181 3446 1237 Petri
3483 1199 3589 1239 me-

2019 1283 2259 1327 moratur
2283 1273 2378 1328 lib.
2402 1289 2502 1337 vn,
2534 1288 2660 1344 cap.
2692 1273 2784 1338 25,
2815 1271 2906 1338 Ξϐ,
2935 1281 2988 1328 et
3009 1274 3103 1329 lib.
3136 1290 3213 1340 rx,
3247 1288 3367 1344 cap.
3396 1274 3495 1340 38;
3525 1276 3591 1343 [t-

2020 1365 2093 1418 lia
2124 1379 2265 1429 vero,
2300 1379 2577 1433 nusquam.

1070 1609 1195 1665 locu
1222 1610 1318 1666 lib.
1342 1626 1360 1665 l
1387 1609 1900 1666 Commentariorum
1925 1612 1979 1665 in
2005 1609 2305 1681 Epistolam
2329 1610 2404 1664 ad
2433 1608 2678 1673 Galatas,
2714 1623 2753 1674 ι,
2784 1608 2871 1663 18.

412 1779 611 1836 Νοιιίιιι
639 1782 850 1849 oculos,
881 1798 1048 1855 genas
1075 1786 1396 1857 vultumque
1425 1783 1543 1855 ejus
1564 1784 1734 1856 (Petri
1763 1784 1906 1841 Pau-

341 1874 450 1946 lus)
481 1877 745 1948 aspiceret
776 1892 789 1928 :
830 1885 1012 1932 utrum
1042 1878 1392 1947 macilentus,
1425 1892 1496 1933 an
1536 1877 1776 1947 pinguis,
1809 1878 1907 1932 ad-

2014 1797 2096 1844 ret
2123 1803 2322 1855 coma;
2359 1807 2462 1855 an,
2502 1798 2561 1844 ut
2588 1788 2843 1844 Clemens
2877 1787 2930 1841 in
2966 1784 3216 1843 Periodis
3249 1786 3370 1856 ejus
3403 1785 3590 1851 refert,

2016 1881 2287 1935 calvitiem
2312 1880 2533 1936 haberet
2564 1879 2619 1935 in
2635 1880 2830 1950 capite.
2869 1877 2981 1931 Hoc
3001 1894 3138 1931 nunc
3168 1878 3223 1932 in
3248 1874 3593 1946 Recognitio.

343 1984 486 2025 unco
506 1985 640 2027 naso
666 1977 834 2035 esset,
864 1986 934 2025 an
960 1977 1149 2027 recto:
1174 1979 1229 2026 et
1260 1979 1445 2026 utrum
1478 1970 1715 2026 frontem
1744 1971 1913 2026 vesti-
1947 1966 1990 2021 Β
2023 1966 2185 2022 nibus
2206 1985 2311 2023 non
2334 1970 2615 2023 invenitur.

1918 2126 2006 2183 Vl.

1284 2280 1534 2349 Hunnus,
1569 2282 1641 2336 De
1675 2281 2330 2338 adulterationetibrorum
2361 2278 2621 2351 Origenis.

413 2461 664 2518 Clemens
684 2503 699 2530 ,
731 2461 1104 2534 apostolorum
1142 2461 1479 2533 discipulus,
1528 2465 1621 2534 qui
1651 2462 1912 2521 Romanae

346 2551 599 2608 Ecclesia:
648 2562 772 2624 post
824 2554 1125 2622 apostolos,
1170 2560 1227 2608 et
1266 2553 1559 2624 episcopus
1612 2563 1667 2611 et
1708 2563 1916 2629 martyr

344 2647 579 2717 praefuit,
601 2647 772 2702 libros
794 2646 963 2702 edidit
982 2647 1076 2718 qui
1100 2644 1285 2703 Graece
1307 2649 1651 2719 appellantur
1670 2648 1915 2718 ἀναγνω-

346 2738 560 2811 ρισμὸς,
608 2738 661 2793 id
691 2747 774 2794 est
802 2735 1159 2809 Recognitio:
1190 2738 1248 2792 in
1287 2739 1657 2808 quibus,cum
1683 2754 1751 2793 ex
1800 2754 1917 2809 per-

347 2844 481 2885 sona
509 2827 656 2885 Petri
690 2830 922 2900 apostoli
965 2830 1217 2885 doctrina
1255 2831 1411 2901 quasi
1454 2848 1583 2887 vere
1614 2832 1913 2903 apostolica

345 2921 402 2977 in
433 2922 846 2994 quamplurimis
866 2931 1169 2994 exponetur
1191 2964 1207 2991 ,
1240 2925 1296 2979 in
1332 2925 1607 2996 aliquibus
1633 2927 1709 2981 ita
1740 2925 1916 2982 Euno-

344 3013 441 3067 mii
469 3014 662 3085 dogma
700 3014 963 3070 scribitur
1000 3015 1077 3087 (4)
1126 3023 1187 3070 ιιι
1216 3015 1353 3071 nihil
1402 3016 1551 3072 aliud
1600 3031 1765 3088 quam
1797 3019 1916 3088 ipse

344 3101 646 3161 Eunomius
674 3104 956 3177 disputare
985 3106 1260 3169 credatur,
1302 3106 1501 3163 Filium
1531 3106 1627 3163 Dei
1670 3116 1914 3164 creatum

341 3211 411 3251 ex
430 3197 595 3253 nullis
613 3199 959 3255 exstantibus
984 3214 1329 3257 asseverans.
1364 3200 1504 3257 Tum
1525 3201 1729 3258 deinde
1745 3201 1913 3257 etiam

345 3288 477 3343 illud
508 3289 762 3345 adulterii
800 3288 1064 3347 inseritur
1092 3308 1286 3363 genus,
1320 3301 1379 3347 ut
1408 3302 1661 3348 naturam
1685 3293 1923 3359 diaboli,

341 3383 773 3449 ceterorumque
812 3378 1259 3447 daemonum,non
1291 3382 1558 3452 propositi
1597 3381 1915 3438 voluntatis-

340 3482 448 3538 que
477 3470 705 3536 malitia,
731 3472 829 3527 sed
862 3478 1090 3543 excepta
1117 3487 1181 3526 ac
1222 3479 1472 3542 separata
1497 3479 1762 3529 creaturae
1791 3487 1912 3543 pro-

341 3561 559 3615 duxerit
589 3564 855 3633 qualitas;
884 3565 979 3635 qui
1014 3563 1202 3635 utique
1242 3565 1298 3620 in
1330 3565 1543 3621 caeteris
1573 3580 1787 3620 omnem
1821 3580 1911 3619 ra-

340 3651 658 3709 tionabilem
682 3665 992 3713 creaturam
1030 3659 1295 3715 docuerat
1324 3658 1480 3716 liberi
1502 3658 1717 3715 arbitrii
1749 3658 1913 3712 facul-

342 3750 457 3799 tate
484 3744 762 3806 donatam.
793 3749 933 3807 Sunt
967 3751 1131 3808 etiam
1162 3753 1269 3807 alia
1299 3752 1563 3809 nonnulla
1597 3752 1751 3809 libris
1787 3751 1908 3821 ejus

2017 2464 2223 2519 inserta
2265 2477 2386 2533 quae
2422 2462 2796 2519 ecclesiastica
2830 2461 3035 2534 Regula
3068 2459 3293 2516 omnino
3318 2474 3428 2513 non
3457 2459 3594 2514 reci-

2018 2557 2118 2627 pit.
2143 2555 2307 2623 Quid,
2337 2570 2545 2627 quaeso,
2578 2555 2645 2611 de
2676 2555 2762 2612 his
2792 2553 3138 2610 sentiendum
3161 2550 3439 2621 esthuod
3471 2565 3596 2622 apo-

2017 2648 2246 2704 stolicus
2270 2647 2376 2713 vir,
2417 2648 2527 2701 imo
2551 2662 2689 2717 pene
2723 2646 3024 2717 apostolus,
3050 2660 3159 2699 non
3177 2658 3240 2699 ea
3261 2643 3453 2699 scribit
3475 2658 3595 2713 qum

2018 2740 2253 2811 apostoli
2284 2740 2508 2807 dicunt;
2543 2741 2631 2795 cui
2664 2738 2871 2795 Paulus
2902 2739 3183 2810 apostolus
3218 2736 3591 2794 testimonium

2015 2830 2186 2895 dedit,
2216 2830 2407 2887 dicens
2448 2850 2461 2885 :
2503 2830 2638 2887 Cum
2693 2829 2955 2887 Clemente
3003 2838 3052 2883 et
3087 2827 3423 2898 adjutoribus
3464 2827 3594 2882 meis

2015 2921 2239 2989 steteris,
2271 2939 2495 2993 quorum
2520 2923 2731 2978 nomina
2751 2930 2872 2977 sunt
2898 2922 2953 2976 in
2974 2920 3109 2978 libro
3131 2918 3345 2986 vitaz”;
3377 2928 3431 2975 et
3463 2919 3595 2975 seri.

2014 3013 2108 3069 bat
2130 3014 2236 3069 hoc
2262 3015 2408 3085 quod
2436 3015 2594 3071 libris
2622 3015 2749 3071 vitae
2772 3013 3111 3071 contrarium
3139 3013 3268 3069 est?
3302 3011 3385 3066 An
3411 3009 3466 3065 id
3497 3025 3596 3081 po-

2013 3103 2127 3161 tius
2155 3103 2487 3160 credendum
2508 3110 2613 3170 est,
2639 3103 2787 3175 quod
2808 3117 2973 3173 supra
2995 3100 3238 3157 diximus
3264 3114 3279 3165 ;
3306 3095 3455 3170 quod
3477 3111 3595 3168 per-

2013 3196 2160 3252 versi
2190 3196 2461 3261 homines,
2491 3196 2561 3252 ad
2589 3195 2949 3253 assertionem
2996 3195 3312 3266 dogmatum
3340 3204 3591 3253 suorum.

2017 3290 2120 3345 sub
2155 3288 2401 3343 virorum
2447 3296 2765 3344 sanctorum
2794 3287 3037 3353 nomine,
3070 3293 3331 3356 tanquam
3376 3280 3593 3337 facilius

2016 3378 2287 3435 credenda
2314 3380 2667 3436 inseruerunt
2693 3394 2758 3435 ea
2782 3392 2904 3449 quae
2934 3377 3014 3431 illi
3047 3390 3151 3432 nec
3178 3374 3422 3432 sensisse
3440 3411 3457 3437 ,
3490 3387 3594 3425 nec

2015 3470 2311 3541 scripsisse
2338 3471 2595 3528 credendi
2627 3480 2776 3529 sunt.
2804 3470 2937 3542 Lege
2958 3468 3370 3540 Hieronymum.
3396 3465 3594 3535 Apolo-

2014 3563 2114 3634 gia:
2149 3562 2401 3619 adversus
2437 3562 2686 3635 Ruﬁnum
2723 3564 2822 3620 lib.
2853 3579 2916 3628 ιι,
2961 3578 3083 3634 cap.
3112 3562 3187 3628 4;
3220 3570 3276 3615 et
3307 3557 3596 3627 Praefatio-

2015 3673 2131 3711 nem
2164 3655 2349 3712 Rufini
2381 3656 2450 3711 ad
2478 3656 2570 3711 hos
2599 3655 3029 3728 Recognitionum
3061 3654 3249 3709 libros.
3278 3651 3410 3724 Lege
3431 3651 3593 3705 etiam

2016 3749 2314 3822 Recognit.,
2344 3749 2437 3805 lib.
2473 3765 2556 3816 ιιι,
2578 3764 2700 3820 cap.
2724 3748 2779 3804 8.

568 3899 707 3971 locu,
743 3904 799 3960 in
832 3908 1180 3978 peroratione
1208 3907 1591 3964 translationis
1622 3924 1738 3965 suae
1772 3908 2229 3978 Explanationum
2260 3907 2516 3978 Origenis
2550 3907 2605 3963 in
2645 3907 2947 4033 Egistolam
2978 3906 3045 3962 ad
3076 3904 3375 3961 Romanos.

1152 3977 1262 4033 (Ea:
1286 3980 1484 4033 novies.
1519 3978 1765 4033 Oriaenis
1804 3978 1941 4033 οου.
1974 3981 2128 4033 edit..
2166 3988 2295 4033 tom.
2329 3978 2419 4033 Ν.
2453 3994 2576 4033 Daa.
2616 3978 2685 4033 68
2730 3978 2769 4033 .i

1152 3977 1262 4048 (Ea:
1286 3980 1484 4035 novies.
1519 3978 1765 4051 Origenis
1804 3977 1941 4051 Opp.
1974 3981 2128 4045 edit.,
2166 3988 2295 4035 tom.
2329 3978 2419 4048 Ν,
2452 3994 2576 4051 pag.
2616 3977 2769 4050 689.)

418 4151 543 4209 Post
561 4152 665 4207 hoc
689 4168 823 4211 sane
849 4164 1007 4211 vocat
1039 4172 1142 4214 nos
1169 4171 1329 4228 opus,
1363 4157 1510 4229 quod
1530 4158 1659 4213 olim
1689 4158 1910 4230 quidem

342 4242 649 4313 injunctum
677 4252 782 4313 est,
807 4246 901 4303 sed
923 4263 1071 4303 nunc
1100 4263 1130 4302 a
1152 4248 1311 4305 beato
1330 4248 1634 4305 Gaudentio
1651 4250 1911 4321 episcopo

341 4333 714 4392 vehementius
727 4354 857 4410 peru
865 4347 1051 4411 rgetur
1071 4355 1086 4405 ;
1107 4340 1421 4406 Clementis,
1435 4340 1665 4406 scilicet,
1679 4340 1911 4397 Romani

340 4426 604 4499 episcopi,
661 4431 1033 4501 apostolorum
1083 4431 1304 4487 cornitis
1341 4447 1405 4488 ac
1446 4433 1811 4499 successoris,
1842 4433 1912 4489 de

344 4515 705 4591 Recognitione
723 4523 871 4591 libri,
910 4531 970 4580 ut
997 4524 1054 4580 in
1082 4522 1334 4581 Latinum
1366 4532 1669 4582 vertantur.
1713 4525 1773 4582 ln
1801 4540 1912 4597 quo

2009 4171 2176 4227 opere
2202 4155 2342 4212 bene
2371 4157 2518 4221 novi,
2551 4155 2698 4228 quod
2727 4155 2972 4211 laborem
3019 4154 3177 4210 labor
3224 4153 3591 4224 multiplicat,

2011 4250 2059 4305 si
2103 4256 2306 4305 sortem
2349 4248 2633 4319 suscipiat.
2670 4246 3019 4305 Satisfaciam
3042 4261 3180 4305 sane
3203 4246 3258 4300 in
3290 4260 3357 4301 eo
3391 4244 3586 4299 amicis

2013 4341 2181 4409 meis;
2224 4341 2365 4398 dabo
2385 4342 2545 4398 titulo
2574 4355 2774 4397 nomen
2806 4356 3010 4406 meum,
3043 4339 3287 4394 auctoris
3317 4335 3591 4392 nihilomi-

2013 4450 2118 4491 nus
2139 4436 2407 4493 vocabulo
2419 4445 2791 4508 permanente.
2806 4434 2944 4491 Nam
2974 4434 3158 4491 Rufini
3186 4433 3440 4490 Clemens
3455 4431 3587 4495 scri-

2013 4526 2191 4583 betur.

1907 4705 2019 4762 VII.

1118 4860 1177 4917 S.
1212 4861 1484 4922 PAULINUS
1526 4862 1782 4921 Nonnus
1809 4865 2040 4937 epistola
2068 4866 2138 4923 46
2171 4867 2241 4923 ad
2264 4843 2548 4932 Rufinum,
2572 4880 2723 4922 num.
2752 4864 2810 4920 2.

417 5014 558 5071 Sane
580 5016 726 5087 quod
748 5018 1041 5076 admonere
1060 5017 1305 5091 dignaris
1327 5018 1522 5077 all'ectu
1552 5022 1646 5078 illo
1672 5037 1783 5095 quo
1802 5040 1903 5081 nos
1934 5040 1980 5096 ι)
2007 5041 2117 5097 quo
2165 5027 2413 5099 ignorata
2458 5026 2810 5083 condiscam?
2852 5024 3033 5081 Credo
3071 5022 3217 5080 enim
3260 5022 3316 5077 in
3355 5029 3562 5077 transla
3581 5050 3596 5061 -

336 5106 482 5160 sicut
506 5113 562 5161 te
589 5107 789 5180 diligis,
816 5118 875 5165 ut
897 5112 1141 5168 studium
1166 5113 1225 5168 in
1243 5112 1460 5171 Graecas
1490 5115 1701 5173 litteras
1731 5123 1910 5174 atten-

338 5195 452 5250 tius
498 5211 735 5263 sumam,
792 5200 1023 5258 libenter
1062 5204 1315 5276 accipio;
1370 5206 1467 5263 sed
1517 5207 1747 5279 implere
1798 5224 1909 5266 non

337 5286 495 5341 valeo
528 5305 541 5341 :
574 5287 682 5344 nisi
722 5287 863 5346 forte
889 5292 1161 5351 desideria
1191 5312 1314 5353 mea
1358 5299 1583 5370 adjuvat
1616 5299 1905 5369 Dominus,

337 5384 401 5433 ut
427 5377 633 5435 diutius
670 5382 948 5438 consortio
994 5392 1088 5441 tuo
1118 5387 1388 5457 perfruar.
1420 5390 1555 5449 Nam
1588 5409 1699 5465 quo
1744 5394 1908 5451 modo

338 5468 645 5541 profectum
671 5486 865 5542 capere
896 5482 1088 5545 potero
1114 5483 1385 5541 sermonis
1413 5485 1604 5559 ignoti,
1631 5487 1677 5545 si
1705 5488 1907 5547 desita

448 5628 497 5663 “
526 5627 758 5700 Philipp.
793 5645 867 5696 tv,
898 5632 951 5686 5.

403 5809 479 5876 (Α)
510 5808 787 5865 Scribitur.
822 5812 906 5866 Al.
938 5812 1210 5871 inseritur.

614 5908 882 5969 ιἈτιιοιη
925 5910 1041 5973 Gn.
1076 5910 1119 5970 Ι.

2012 5117 2160 5174 tione
2180 5118 2355 5175 sancti
2380 5118 2699 5185 Clementis,
2731 5124 2930 5190 praeter
2959 5117 3097 5172 alias
3126 5114 3332 5187 ingenii
3361 5110 3468 5167 mei
3495 5112 3589 5166 dce

2011 5209 2289 5277 fectiones,
2320 5210 2463 5265 hanc
2492 5219 2545 5267 te
2569 5209 2915 5282 potissimum
2946 5207 3235 5280 imperitiae
3252 5220 3388 5262 mea:
3413 5218 3590 5275 penu~

2010 5306 2147 5360 riam
2175 5304 2588 5372 considerasse,
2636 5302 2785 5374 quod
2816 5302 2999 5375 aliqua
3030 5302 3089 5356 in
3124 5298 3325 5372 quibus
3373 5295 3576 5353 intelli-

2009 5412 2138 5469 gere
2164 5397 2251 5452 vel
2279 5396 2588 5467 exprimere
2624 5395 2791 5452 verba
2822 5410 2933 5450 non
2972 5395 3150 5466 potui,
3190 5406 3358 5447 sensu
3401 5385 3584 5459 potius

2010 5490 2371 5564 apprehenso,
2391 5490 2474 5547 vel
2500 5489 2582 5563 (ut
2604 5488 2788 5548 verius
2809 5488 3012 5562 dicam)
3037 5487 3260 5560 opinata
3286 5480 3585 5543 transtule-

3184 5922 3269 5981 37
