4048 6262
527 337 665 394 1165

1334 335 1395 396 8.
1431 336 1826 396 CLEMENTIS
1857 337 1877 392 Ι
1907 329 2076 391 ROM.
2112 332 2315 392 PONT.
2351 329 2575 390 OPERA
2609 331 2830 390 DUBlA.

3609 340 3722 398 ΗΜ

525 449 653 504 lim.
693 445 815 515 Quo
841 464 1015 522 magis
1057 463 1188 521 egeo
1219 449 1595 506 misericordia
1629 451 1762 518 Dei,
1800 458 1860 504 ut
1897 451 2105 520 plenio—
2133 459 2179 516 Α
2209 451 2442 505 famelici
2473 449 2656 504 cordis
2685 463 2779 503 ore
2818 446 3093 517 colligere.
3128 444 3276 499 Hum
3313 446 3475 499 locum
3513 447 3728 505 lleriimb

531 557 644 595 rem
675 541 810 595 mihi
842 542 920 595 tui
952 542 1164 599 coniam
1208 541 1444 609 tribuat;
1469 545 1595 613 quia
1626 558 1724 613 pro
1755 542 1960 598 divitiis
1993 541 2096 595 erit

519 633 760 702 pauperi,
801 641 860 688 ut
887 649 1059 689 micas
1103 649 1134 688 a
1167 635 1351 690 divitis
1395 651 1583 690 mensa
1613 635 1896 700 cadentes,
1929 633 2086 689 avido

2212 554 2296 598 tu:
2310 543 2625 613 Rosweydus
2648 541 2711 596 de
2733 538 3217 611 Recognitionibus
3237 539 3476 608 explicat.

2061 787 2192 845 Vill.
2277 785 2279 787 ’

1113 944 1322 998 Auctor
1354 943 1544 1014 Operis
1568 939 1859 1010 imperfecti
1897 941 1950 995 in
1981 940 2314 1009 Mattlueum,
2351 941 2500 996 hom.
2537 940 2627 1004 27,
2671 939 2738 993 ad
2763 937 2952 994 Matth.
2988 953 3042 1005 x,
3072 935 3163 991 Μ.

1175 1057 1348 1129 (Inter
1378 1057 1507 1126 Opp.
1545 1056 1602 1111 S.
1631 1056 1788 1114 Joan.
1813 1058 2124 1130 Chrysost.,

589 1212 692 1268 Sed
722 1213 846 1267 audi
879 1212 1218 1280 mvsterium,
1248 1213 1393 1283 quod
1427 1212 1622 1269 Petrus
1664 1215 1805 1284 apud
1833 1214 2083 1270 Clemen-

512 1317 617 1362 tem
663 1307 933 1376 exposuit.
989 1306 1046 1360 Si
1093 1305 1270 1361 ﬁdelis
1321 1305 1513 1361 fecerit
1560 1322 1698 1376 opus
1753 1307 1989 1373 bonum;
2027 1313 2082 1360 et

510 1396 632 1450 heic
675 1396 724 1450 ei
762 1396 1001 1465 prodest,
1056 1395 1297 1450 liberans
1338 1411 1462 1450 eum
1514 1410 1544 1448 a
1574 1396 1762 1462 malis;
1794 1403 1851 1450 et
1899 1396 1954 1449 in
1990 1395 2082 1448 illo

510 1487 730 1550 saculo,
781 1486 847 1541 ad
877 1486 1285 1556 percipiendum
1334 1501 1561 1557 regnum
1610 1486 1868 1541 caleste:
1909 1485 2084 1555 magis

508 1589 689 1634 autem
738 1579 846 1642 ibi,
897 1594 1060 1648 quam
1114 1578 1256 1633 heic.
1309 1576 1365 1632 Si
1402 1585 1583 1634 autem
1616 1578 1853 1633 inﬁdelis
1894 1577 2085 1632 fecerit

508 1685 644 1739 opus
688 1670 921 1737 bonum;
955 1670 1074 1726 heic
1115 1671 1165 1726 ei
1194 1671 1416 1740 prodest
1458 1687 1596 1742 opus
1631 1671 1804 1742 ipsius
1832 1687 1845 1723 :
1871 1679 1925 1726 et
1961 1670 2083 1726 heic

504 1760 555 1814 ei
603 1760 778 1815 reddit
808 1761 950 1817 Deus
999 1764 1142 1818 bona
1187 1775 1289 1834 pro
1317 1778 1481 1833 opere
1510 1779 1632 1820 suo.
1681 1765 1742 1819 in
1770 1765 1861 1818 illo
1892 1769 2073 1817 autem
2107 1756 2149 1812 Β

2163 1069 2288 1114 tom.
2328 1057 2418 1124 Vl,
2454 1075 2577 1129 pag.
2615 1058 2718 1113 H5
2749 1056 2878 1113 edit.
2910 1057 3049 1130 BB.)

2189 1216 2390 1271 saculo
2437 1215 2574 1270 nihil
2626 1215 2676 1270 ei
2720 1214 2943 1286 prodest
2989 1230 3124 1284 opus
3181 1213 3356 1284 ipsius
3403 1232 3417 1268 :
3465 1227 3561 1269 nec
3603 1212 3730 1270 enim

2188 1309 2488 1362 collocatur
2506 1307 2646 1362 inter
2672 1316 2898 1363 caeteros
2930 1306 3114 1361 ﬁdeles
3144 1317 3363 1376 propter
3392 1322 3527 1376 opus
3558 1324 3726 1363 suum:

2189 1410 2244 1456 et
2269 1403 2451 1473 juste;
2492 1403 2620 1472 quia
2655 1401 2892 1455 naturali
2939 1400 3084 1454 bono
3126 1408 3323 1462 motus,
3370 1398 3496 1453 fecit
3529 1399 3731 1466 bonum,

2188 1509 2298 1548 non
2349 1500 2571 1563 propter
2612 1491 2780 1545 Deum
2810 1509 2823 1544 :
2853 1489 2974 1544 ideo
3021 1490 3076 1542 in
3124 1502 3322 1558 corpus
3367 1504 3525 1543 suum
3559 1487 3732 1557 recipit

2188 1585 2495 1641 mercedem
2526 1584 2710 1655 operis
2738 1584 2847 1649 sui,
2879 1596 2988 1636 non
3017 1580 3073 1634 in
3122 1580 3302 1634 anima
3330 1595 3449 1635 sua.
3486 1578 3733 1649 Recognit.

2189 1674 2284 1729 lib.
2312 1689 2409 1738 vn,
2441 1687 2563 1742 cap.
2591 1671 2682 1727 '58-

1781 1917 1858 1973 ln.
1893 1916 1960 1970 ad
1995 1915 2230 1979 Matthai
2265 1929 2414 1981 xxiv,
2447 1913 2531 1973 15.

576 2069 702 2125 Fuit
752 2072 898 2126 enim
945 2073 1220 2127 exercitus
1277 2072 1705 2142 alienigenarum
1749 2079 1803 2125 et
1846 2069 2077 2126 Romani

501 2163 851 2232 imperatoris
897 2173 1050 2220 stans
1101 2165 1249 2220 circa
1305 2163 1680 2231 Hierusalem,
1732 2179 1852 2233 qua
1903 2179 2075 2234 usque

498 2263 630 2309 tunc
659 2254 832 2310 fuerat
863 2265 1071 2310 sancta.
1130 2255 1244 2311 Hoc
1277 2263 1330 2310 et
1351 2253 1545 2312 Petrus
1573 2255 1714 2327 apud
1739 2255 2072 2310 Clementem

2185 2070 2428 2141 exponit.
2460 2068 2600 2139 Lege
2631 2067 2894 2139 Recognit.
2928 2066 3021 2124 lib.
3055 2081 3094 2132 ι,
3124 2080 3244 2136 cap.
3269 2063 3358 2125 59,
3385 2059 3489 2130 ιδς
3519 2059 3742 2118 Clemen-

2183 2166 2316 2229 tina,
2350 2165 2497 2218 hom.
2531 2163 2584 2226 5,
2619 2178 2768 2216 num.
2796 2161 2894 2220 i5;
2916 2157 3275 2221 Lactantium,
3319 2153 3504 2210 Divin.
3559 2154 3721 2208 instit.

2181 2255 2278 2311 lib.
2312 2271 2386 2321 tv,
2422 2268 2543 2323 cap.
2569 2253 2658 2306 2i.

1650 2412 1727 2466 In.
1755 2412 1822 2467 ad
1846 2411 2093 2482 ejusdem
2124 2411 2323 2484 capitis
2354 2424 2574 2466 versum
2606 2407 2688 2466 16.

569 2569 724 2625 Sicut
766 2579 946 2626 autem
992 2569 1185 2625 Petrus
1237 2569 1379 2640 apud
1433 2569 1769 2625 Clementem
1820 2568 2065 2639 exponit,

493 2662 833 2718 Antichristo
858 2664 1020 2718 etiam
1054 2661 1338 2732 plenorum
1370 2661 1651 2732 signorum
1688 2658 2067 2716 faciendorum

2180 2575 2265 2624 est
2311 2567 2490 2622 danda
2537 2573 2799 2638 potestas.
2834 2564 3125 2638 Recognit.,
3153 2566 3247 2622 lib.
3278 2580 3364 2634 ιιι,
3403 2583 3528 2638 cap.
3560 2566 3647 2625 60.

1847 2813 1925 2872 in.
1965 2813 2035 2869 ad
2058 2825 2276 2868 versum
2303 2813 2390 2872 24.

563 2995 729 3065 Signa
778 3010 991 3064 magna.
1048 2991 1168 3047 Non
1221 2992 1435 3046 inutilia
1455 3030 1470 3056 ,
1524 3005 1702 3060 neque
1725 3005 1887 3054 vana,
1941 3001 2130 3060 quac
2165 2990 2308 3046 inter
2327 2989 2604 3046 ministro:
2635 2988 2860 3054 Christi,
2892 2994 2946 3044 et
2967 2989 3248 3046 ministros
3269 2987 3519 3057 diaboli,
3563 3005 3627 3046 ex
3655 2989 3752 3044 hoc

489 3087 723 3142 ministri
769 3085 969 3141 diaboli
1016 3083 1195 3139 facere
1235 3085 1448 3151 solent;
1499 3083 1595 3139 sed
1626 3097 1823 3152 magna
1847 3123 1860 3144 ,
1893 3081 1947 3136 id
1975 3090 2061 3138 est
2158 3082 2430 3153 indicare,
2461 3082 2555 3152 qui
2588 3083 2795 3136 inutilia
2828 3090 2882 3136 et
2915 3082 3006 3151 qui
3052 3082 3204 3135 utilia
3227 3081 3484 3137 facerent
3506 3083 3682 3149 signa.
3702 3081 3754 3136 In

490 3181 646 3234 utilia
674 3190 726 3234 et
749 3180 928 3249 plena,
961 3193 1080 3247 qua
1109 3177 1279 3232 sancti
1313 3177 1488 3232 facere
1519 3175 1787 3231 solebant.
1831 3173 1966 3228 Nam
2004 3175 2062 3231 in

487 3281 732 3342 tempore
776 3271 997 3341 quidem
1042 3270 1444 3340 apostolorum,
1477 3277 1530 3324 et
1558 3268 1926 3339 postmodum,
1956 3269 2064 3322 mi-

489 3363 650 3418 nistri
695 3363 914 3433 quidem
957 3360 1182 3426 Christi,
1220 3361 1376 3414 utilia
1410 3369 1464 3415 et
1498 3361 1656 3431 plena
1687 3362 1841 3431 signa
1895 3361 2064 3418 facie-

490 3452 626 3508 bant
654 3467 720 3507 ex
751 3460 903 3523 parte
944 3451 1168 3518 dextra;
1213 3452 1396 3521 qualia
1441 3459 1599 3520 sunt,
1646 3467 1818 3509 cacos
1860 3452 2062 3508 illumi-

487 3559 641 3608 nare,
693 3553 748 3598 et
803 3544 907 3597 alia
955 3543 1270 3613 hujusmodi
1328 3543 1538 3611 facere;
1592 3544 1830 3600 ministri
1880 3553 2060 3601 autem

487 3633 712 3699 diaboli,
745 3634 958 3688 inutilia
988 3632 1260 3688 faciebant
1290 3641 1343 3688 et
1367 3649 1524 3700 vana,
1549 3650 1616 3690 ex
1637 3644 1790 3705 parte
1817 3636 2060 3702 sinistra;

486 3737 609 3796 qua:
651 3726 1070 3781 admirationem
1119 3725 1338 3796 quidem
1381 3726 1691 3782 videntibus
1732 3727 2057 3795 excitarent,

487 3817 555 3872 ad
605 3818 890 3874 utilitatem
935 3827 1115 3874 autem
1165 3818 1372 3876 nullius
1421 3818 1769 3890 proﬁcerent.
1826 3819 1890 3874 Et
1941 3829 2060 3876 erat

2161 3176 2267 3232 ﬁne
2307 3185 2486 3231 autem
2513 3178 2770 3247 temporis
2803 3176 3148 3232 concedenda
3171 3183 3254 3231 est
3270 3175 3753 3246 potestasdiaholo

2164 3268 2332 3341 (sicut
2367 3267 2420 3320 in
2451 3266 2690 3322 Historia
2722 3267 3020 3323 Clementis
3048 3266 3244 3322 Petrus
3277 3269 3544 3339 exponit)
3581 3278 3638 3321 ut
3682 3266 3756 3320 iac

2169 3362 2315 3416 ciant
2363 3361 2516 3430 signa
2555 3359 2710 3414 utilia
2731 3400 2746 3425 ,
2785 3367 2842 3416 et
2871 3375 2937 3414 ex
2967 3375 3029 3414 ea
3054 3367 3206 3430 parte
3235 3375 3350 3428 qua
3383 3360 3552 3431 prius
3586 3358 3756 3411 facere

2164 3463 2563 3513 consueverant
2607 3457 2812 3523 sancti;
2847 3463 2907 3509 ut
2941 3455 3054 3525 jam
3085 3454 3379 3510 ministros
3410 3454 3627 3511 Christi
3656 3468 3758 3506 non

2165 3567 2262 3621 per
2309 3550 2413 3604 hoc
2459 3565 2878 3621 cognoscamus,
2928 3548 3056 3618 quia
3096 3549 3252 3602 utilia
3299 3547 3544 3616 faciunt.
3582 3547 3751 3616 signa,

2165 3642 2261 3697 sed
2290 3643 2418 3714 quia
2447 3643 2630 3698 omnia
2671 3658 2781 3697 non
2812 3644 2927 3698 hac
2974 3641 3182 3697 faciunt
3227 3642 3421 3712 signa.
3486 3639 3757 3711 Recoguit.

2163 3732 2262 3788 lib.
2296 3749 2382 3799 Ill,
2415 3749 2538 3804 cap.
2570 3732 2661 3799 59,
2689 3733 2774 3790 60.

1849 3975 1926 4032 in.
1959 3975 2030 4031 ad
2054 3991 2274 4034 versum
2303 3974 2388 4034 42.

557 4129 713 4188 Unde
747 4140 801 4187 et
831 4133 1104 4205 sapienter
1130 4133 1328 4191 Petrus
1365 4134 1497 4189 dicit
1523 4132 1666 4205 apud
1695 4131 2053 4202 Clementem,

484 4223 758 4295 quomodo
787 4224 945 4281 debet
973 4227 1096 4297 quis
1145 4227 1485 4289 incessanter
1517 4241 1638 4298 qua
1666 4223 1762 4280 Dei
1787 4233 1914 4282 sunt
1960 4241 2055 4281 co-

482 4321 654 4388 gitare
694 4326 748 4374 et
776 4318 955 4388 loqui;
996 4318 1255 4391 quoniam
1288 4319 1334 4375 si
1369 4333 1523 4374 mens
1561 4317 1725 4373 fuerit
1753 4318 1810 4373 in
1842 4317 1929 4372 his
1957 4331 2050 4373 oe-

2053 4470 2142 4525 1X.

2162 4143 2379 4205 cupata,
2451 4131 2625 4189 Malus
2687 4148 2796 4188 non
2837 4133 3044 4188 invenit
3095 4131 3282 4187 locum
3359 4131 3441 4187 ad
3503 4138 3758 4186 mentem.

2159 4227 2450 4299 Recognit.,
2482 4227 2578 4283 lib.
2610 4241 2698 4292 ιιι,
2730 4241 2851 4297 cap.
2880 4227 2972 4282 51.

1389 4631 1716 4697 ϐειιιυυιιιε,
1753 4632 1894 4687 libro
1923 4632 1998 4688 De
2022 4633 2148 4688 viris
2175 4631 2495 4699 illustribus,
2524 4645 2643 4701 cap.
2677 4629 2765 4687 l7.

548 4775 820 4854 Ruﬁnus,
872 4784 1242 4855 Aquileiensis
1291 4787 1538 4843 ecclesia
1593 4789 1898 4861 presbyter,
1942 4803 2053 4844 non
2083 4790 2130 4846 D
2159 4787 2357 4843 tissimi
2406 4786 2665 4852 hominis,
2713 4783 3005 4840 Clementis
3032 4781 3264 4837 Romani
3309 4782 3769 4856 Recogm'tiomm

474 4879 702 4934 minima
727 4894 853 4948 pars
886 4877 986 4933 fuit
1012 4878 1296 4934 doctorum
1329 4880 1617 4948 Ecclesia;
1651 4890 1706 4936 et
1731 4883 1786 4936 in
1813 4881 2049 4936 transfe-

2155 4880 2348 4944 libros,
2382 4885 2487 4935 etc.
2540 4878 2746 4932 [lorum
2780 4877 3022 4932 omnium
3050 4890 3418 4946 quacunque
3463 4876 3769 4949 praemissis

475 4970 650 5025 rendo
694 4970 762 5025 de
808 4967 998 5025 Graco
1051 4971 1107 5025 in
1155 4970 1440 5037 Latinum,
1492 4973 1713 5044 elegans
1768 4972 2047 5044 ingenium
2152 4971 2401 5045 Prologis
2445 4971 2710 5028 aLatinis
2759 4972 3032 5041 leguntur,
3066 4967 3338 5026 aRuﬁno
3393 4973 3771 5044 interpretata

473 5061 685 5118 habuit.
720 5061 963 5132 Denique
981 5063 1218 5117 maxima
1245 5071 1399 5134 parte
1412 5063 1724 5119 Graecorum
1755 5061 2047 5118 bibliothe-
2153 5073 2310 5122 sunt:
2352 5078 2462 5134 qna
2482 5073 2610 5118 sunt
2639 5063 2756 5118 sine
2781 5061 3033 5131 Prologo,
3065 5059 3133 5112 ab
3164 5059 3277 5113 alio
3327 5065 3630 5118 translata
3651 5067 3774 5116 sunt

473 5169 594 5207 cam
627 5151 836 5208 Latinis
866 5153 1110 5209 exhibuit
1141 5171 1153 5205 :
1186 5153 1394 5218 Basilii,
1430 5155 1658 5221 scilicet,
1692 5153 2046 5210 Casariensis
2150 5156 2245 5228 qui
2277 5153 2568 5224 Prologum
2611 5153 2790 5210 facere
2837 5151 3046 5216 noluit,
3070 5156 3176 5206 etc.
3227 5147 3400 5225 Lege
3461 5155 3773 5212 Honorium

473 5242 832 5318 Cappadocia
859 5246 1123 5317 episcopi,
1157 5245 1404 5319 Gregorii
1432 5245 1757 5303 Nazianzeni
1785 5247 2047 5318 eloquen—
2149 5247 2529 5319 Augustodun.

2049 5397 2117 5454 Χ.

1567 5557 1860 5614 Concilium
1890 5556 2206 5624 Romanum,
2235 5557 2337 5614 sub
2375 5553 2610 5613 Gelasio.

553 5682 895 5741 ltinerarium
944 5691 1164 5744 nomine
1200 5689 1346 5746 Petri
1389 5693 1645 5760 apostoli,
1677 5693 1821 5763 quod
1851 5694 2152 5764 appellatur
2196 5694 2371 5752 sancti
2421 5692 2716 5750 Clementis
2763 5695 2886 5753 libri
2919 5695 3106 5753 decem
3154 5693 3232 5766 ξε)
3261 5737 3278 5762 ,
3347 5700 3774 5775 apucryphum.

557 5837 631 5907 (5)
667 5835 870 5892 Decem.
911 5840 995 5894 Al.
1029 5852 1162 5906 octo,
1195 5843 1278 5898 vel
1307 5860 1500 5897 novem.
1539 5843 1693 5900 Diale.
