4048 6262
357 334 493 394 “65

1416 324 2063 401 “consumptas-4
2099 342 2453 401 PROllLMIA.

1913 494 2003 549 XL

3459 346 3588 399 1166

1028 603 1364 663 Chronicum
1388 608 1595 665 dictum
1626 610 2077 674 Alexandrinum,
2111 603 2368 667 editionis
2403 610 2623 677 Raderi,
2658 626 2783 682 pas.
2820 613 2901 667 50.

417 742 577 799 Ὅθεν
616 742 711 796 xal.
752 742 957 816 Πέτρος
1014 746 1044 798 6
1078 720 1372 811 ἀπόστολος
1431 749 1720 822 ἁφητεῖται
1770 754 1911 825 Κλη-

2088 745 2243 802 Unde
2284 757 2339 802 et
2362 747 2555 804 Petrus
2584 748 2868 819 apostolus
2909 748 3133 819 exponit
3155 748 3457 819 Clementi,
3501 750 3589 806 di-

349 836 455 908 μίῳ
487 836 586 907 (6),
621 835 821 905 λέγων·
859 838 955 891 Ἕν
982 855 1088 891 τινι
1113 839 1187 909 (7)
1212 840 1402 913 δικαίῳ
1441 844 1577 913 μετὰ
1606 844 1713 898 τῶν
1737 843 1794 912 ἐξ
1822 847 1917 899 αὐ·-

341 928 460 993 τοῦ,
487 927 633 992 Νῶε,
684 928 780 982 σὺν
820 932 933 994 τοῖς
976 929 1036 995 ἐξ
1052 931 1215 985 αὐτοῦ
1245 931 1314 1004 [ι.
1358 935 1452 987 καὶ
1471 936 1591 998 ταῖς
1623 934 1825 1009 αὐτῶν]
1858 938 1915 990 ὲν

344 1017 571 1091 λάρνακι
602 1018 957 1086 διασώζεσθαι
985 1026 1408 1096 προανήγγειλεν
1430 1043 1444 1058 ο
1468 1028 1553 1081 ἵνα
1574 1028 1789 1084 πάντων
1807 1030 1915 1084 τῶν

341 1110 584 1184 ἀκαίρων
637 1111 1081 1184 ὀλοθρευθέντων,
1137 1119 1165 1170 6
1199 1119 1400 1189 κόσμος
1454 1121 1795 1195 καθαρισθῇ,
1858 1125 1916 1178 ὲν

342 1204 480 1274 αὐτῇ
515 1201 591 1275 (8)
630 1206 695 1275 τῇ
730 1203 959 1277 λάρνακι
988 1206 1274 1274 διασωθεὶς
1298 1213 1379 1275 είς
1410 1212 1666 1284 δευτέραν
1696 1231 1917 1287 περιου-

345 1293 494 1359 σίαν,
526 1295 783 1367 καθαρῶς
819 1296 896 1369 (9)
937 1298 1134 1371 ἀποϐῇ.
1172 1301 1359 1373 Ὅμως
1386 1305 1484 1357 καὶ
1528 1305 1730 1361 τούτων
1761 1322 1912 1377 γενο-

347 1384 545 1456 μένων,
571 1387 621 1439 οἱ
654 1386 931 1460 ἄνθρωποι
955 1389 1066 1465 (10)
1098 1392 1331 1466 ’ἤρξαντο
1355 1396 1595 1455 ἀσεϐεῖν.

2015 855 2146 895 cens
2171 853 2185 891 :
2209 837 2316 894 Uni
2345 839 2467 894 viro
2495 839 2647 909 justo
2673 838 2808 904 Noe,
2843 855 2967 894 cum
2998 840 3125 897 ﬁliis
3164 840 3279 897 suis
3330 844 3589 914 (cumque

2015 927 2232 984 illorum
2262 929 2566 991 uxoribush
2602 938 2661 984 ut
2701 930 2759 984 in
2791 944 2917 985 arca
2950 939 3306 986 servarentur
3333 948 3588 1003 praenun-

2017 1022 2213 1076 tiavit:
2244 1036 2375 1092 quo,
2422 1026 2636 1079 cunctis
2680 1025 2863 1093 pravis
2888 1023 3325 1094 importunisque
3354 1024 3589 1081 honuni-

2016 1114 2120 1170 bus
2164 1114 2479 1186 peremptis,
2520 1115 2953 1186 puriﬁcationem
3004 1115 3242 1171 mundus
3290 1116 3587 1187 acciperet;

2015 1212 2070 1261 et
2104 1204 2152 1261 is
2200 1204 2294 1276 qui
2341 1206 2407 1259 ad
2442 1206 2738 1262 secundam
2767 1204 2993 1261 humani
3023 1208 3237 1278 generis
3263 1208 3431 1262 vitam
3473 1208 3591 1261 fue-

2015 1303 2101 1352 rat
2128 1303 2456 1363 reservatus,
2503 1311 2673 1367 purus
2717 1298 3063 1369 mundttsque
3104 1298 3430 1355 efﬁceretur.
3455 1298 3584 1362 Sed,

2014 1386 2102 1444 his
2131 1388 2390 1444 omnibus
2416 1389 2607 1461 gestis,
2641 1402 2838 1446 rursus
2866 1388 3118 1446 homines
3158 1391 3225 1446 ad
3256 1390 3586 1461 impietatem

2014 1488 2319 1537 vertuntur.
2377 1478 2507 1552 Leg.
2565 1480 2860 1550 Recognit.,
2911 1480 3007 1536 lib.
3058 1496 3130 1547 tv,
3184 1494 3306 1550 cap.
3347 1478 3437 1545 12,
3496 1480 3591 1537 15;

2016 1571 2367 1633 Clementina.
2400 1572 2548 1628 hom.
2585 1572 2640 1631 8.
2671 1588 2821 1628 num.
2851 1572 2937 1628 Π.

1291 1724 1461 1793 lbid.,
1493 1740 1616 1797 pag.
1648 1723 1738 1793 62,
1758 1725 1825 1782 de
1845 1726 2135 1785 Mesraitno
2162 1744 2259 1786 seu
2287 1728 2598 1785 Zoroastre.

406 1875 611 1930 Τοῦτον
627 1876 842 1948 ᾐνίξατο
871 1876 1096 1952 Πέτρος,
1130 1879 1317 1944 εἰπὼν,
1346 1881 1430 1936 ὅτι
1465 1879 1603 1954 μετὰ
1624 1882 1714 1937 τὸν
1749 1899 1910 1937 κατα-

342 1966 604 2041 κλυσμὸν,
628 1968 790 2024 πάλιν
816 1971 867 2023 οἱ
898 1970 1173 2043 ἄνθρωποι
1202 1970 1416 2026 ἀσεϐεῖν
1444 1973 1697 2046 ἧρξαντο.

2086 1884 2243 1940 Hunc
2280 1884 2461 1940 innuit
2489 1883 2708 1951 Petrus,
2741 1900 2865 1941 cum
2906 1875 3059 1948 dicit,
3092 1884 3237 1955 quod
3278 1893 3400 1955 post
3442 1886 3588 1939 dilu-

2011 1974 2182 2041 vium,
2218 1992 2412 2033 rursus
2458 1975 2712 2034 homines
2759 1976 2924 2047 impie
2964 1992 3121 2048 agere
3150 1988 3457 2048 coeperunt.
3486 1977 3586 2031 Re-

2010 2082 2161 2137 cogn.
2193 2067 2288 2123 lib.
2320 2082 2396 2132 tv,
2427 2078 2552 2137 cap.
2576 2068 2664 2122 15.

1727 2216 1894 2285 ιιίάη
1925 2235 2051 2291 pag.
2079 2220 2170 2277 6t.

393 2364 572 2433 -Δέγει
612 2363 669 2417 δὲ
711 2365 839 2437 περὶ
886 2365 1074 2421 τούτου
1120 2363 1324 2439 Πέτρος
1350 2369 1379 2420 6
1408 2366 1703 2432 ἀπόστολος
1731 2370 1815 2433 είς
1840 2368 1910 2423 τὰ

2079 2368 2222 2426 Dicit
2262 2378 2443 2427 autem
2472 2371 2542 2427 de
2579 2371 2683 2427 hoc
2706 2371 3061 2445 (Nembrodo)
3083 2367 3276 2428 Petrus
3305 2375 3588 2444 apostolus

340 2454 707 2524 Κλημέντια,
750 2456 868 2520 πῶς
910 2453 1074 2528 ἦρξεν
1130 2460 1210 2522 είς
1242 2457 1534 2513 Βαϐυλῶνα
1568 2462 1625 2513 ὲν
1652 2459 1910 2531 Αἰγύπτῳ

340 2547 660 2619 κληρωθείς.
689 2550 826 2621 Φησὶ
856 2548 962 2621 γὰρ
1010 2550 1234 2623 Πέτρος·
1279 2542 1446 2616 Οὗτος
1472 2550 1501 2606 6
1529 2551 1754 2624 Νεϐρὼδ
1785 2570 1911 2625 μετ-

337 2642 565 2714 οικήσας
619 2640 728 2694 ἀπὸ
751 2642 1030 2707 Αἰγύπτου
1056 2644 1134 2706 είς
1163 2643 1477 2716 Ἀσσυρίους
1505 2645 1587 2708 είς
1615 2644 1776 2699 Νίνον
1810 2646 1910 2700 πόα

2012 2462 2071 2517 ίιι
2100 2460 2462 2529 Clementinis,
2494 2463 2770 2534 quomodo
2792 2462 3071 2537 Babylone
3108 2464 3412 2536 imperarit,
3460 2480 3585 2519 cum

2012 2550 2309 2624 Egyptum
2374 2554 2605 2609 sortitus
2654 2560 2821 2609 esset.
2872 2552 2964 2609 Ait
3013 2552 3160 2609 enim
3192 2552 3391 2609 Petrus
3431 2559 3445 2604 ':
3488 2551 3588 2607 Hic

2009 2640 2354 2698 Nembrodus
2396 2656 2464 2698 ex
2486 2637 2725 2716 Egypto
2768 2642 2837 2698 ad
2865 2642 3123 2717 Assyrios
3154 2642 3502 2715 demigravit,
3532 2652 3590 2697 et

339 2733 445 2798 λιν,
477 2735 543 2807 ἢν
585 2733 794 2788 ἔκτισεν
827 2733 1077 2807 Ἀσσοὺρ,
1112 2736 1205 2789 καὶ
1235 2736 1426 2800 κτίσας
1459 2736 1556 2808 τὴν
1587 2736 1761 2803 πόλιν,
1789 2737 1911 2809 ἥτις

2014 2733 2239 2790 Niniven
2267 2734 2536 2789 habitavit
2559 2751 2725 2806 quam
2755 2735 2931 2791 Assur
2959 2734 3233 2803 condidit;
3267 2743 3431 2806 atque
3457 2732 3590 2789 tedi-

339 2822 408 2898 ἧν
440 2824 774 2891 Βαϐυλῶνος,
810 2825 948 2899 πρὸς
977 2827 1038 2880 τὸ
1068 2826 1239 2898 ὄνομα
1264 2828 1362 2899 τῆς
1391 2826 1597 2893 πόλεως
1628 2828 1902 2884 ἐκάλεσεν.

339 2917 512 2973 Αὐτὸν
540 2919 697 2972 Νίνον
727 2918 817 2972 τὸν
839 2918 1063 2992 Νεϐρὼδ
1080 2920 1129 2973 οί
1146 2920 1414 2992 Ἀσσύριοι
1439 2920 1902 2994 προσηγόρευσαν.

333 3001 506 3074 οὗτος
536 3009 772 3065 διδάσκει
790 3011 1107 3082 Ἀσσυρίους
1137 3010 1313 3065 σέϐειν
1327 3010 1389 3064 τὸ
1420 3012 1552 3085 πῦρ.
1589 3012 1783 3067 Ἔνθεν
1813 3014 1907 3067 καὶ

339 3103 554 3175 πρῶτον
572 3103 731 3157 αὐτὸν
754 3102 975 3173 βασιλέα
1007 3102 1143 3174 μετὰ
1168 3102 1261 3158 τὸν
1314 3103 1696 3176 κατακλυσμὸν
1722 3103 1909 3175 ἐποίη-

342 3211 440 3248 σαν
458 3196 506 3249 οί
524 3194 794 3268 Ἀσσύριοι
815 3194 1022 3260 τοῦτον,
1043 3194 1100 3248 6v
1123 3195 1699 3267 μετωνόμασανΝίνον.
1723 3195 1908 3250 Ταῦτα

342 3287 545 3360 Πέτρος
571 3288 699 3359 περὶ
727 3284 936 3340 τούτου.

2013 2825 2171 2881 licata
2211 2827 2345 2882 urbe
2375 2842 2497 2897 quae
2531 2834 2649 2882 erat
2684 2826 2948 2899 Babylon,
2984 2827 3052 2883 de
3089 2826 3313 2882 nomine
3347 2826 3590 2882 civitatis

2014 2918 2322 2989 appellavit.
2362 2917 2733 2975 Nembrodum
2761 2917 2973 2990 Assyrii
3002 2917 3201 2973 Ninum
3233 2925 3586 2974 vocaverunt.

2013 3007 2113 3064 llic
2140 3008 2395 3081 Assyrios
2424 3010 2615 3066 docuit
2657 3011 2838 3083 ignem
2872 3011 3074 3066 colere.
3106 3006 3261 3065 Unde
3296 3016 3422 3080 post
3446 3008 3591 3063 dilum

2012 3100 2161 3155 vium
2189 3100 2337 3155 hunc
2366 3100 2544 3172 ipsum
2567 3102 2804 3172 primum
2829 3101 3043 3172 Assyrii
3074 3106 3337 3156 crearunt
3374 3114 3586 3171 regem,

2012 3206 2173 3263 quem
2194 3190 2395 3247 Ninum
2423 3192 2963 3249 transnominarunt.
2997 3191 3107 3247 Ista
3133 3189 3330 3247 Petrus
3365 3190 3434 3245 de
3472 3188 3584 3243 illo.

2011 3280 2156 3354 Lege
2198 3278 2495 3354 Recognit.,
2547 3283 2645 3339 lib.
2692 3299 2731 3347 ι,
2783 3297 2905 3354 cap.
2929 3279 3036 3348 30;
3088 3281 3185 3337 lib.
3215 3298 3291 3350 tv,
3344 3294 3444 3349 cap
3494 3278 3594 3339 29;

2014 3370 2363 3440 Clementina,
2385 3372 2572 3430 homil.
2596 3375 2651 3442 9,
2687 3389 2839 3430 num.
2864 3373 2920 3438 4,
2947 3380 3055 3428 etc.

1904 3533 2019 3589 XII.

1273 3687 1616 3756 Atouttuws,
1651 3686 1732 3744 Dc
1763 3687 2008 3743 laudibus
2043 3688 2386 3759 virginitatis,
2412 3703 2533 3760 cap.
2572 3688 2657 3743 12.

415 3845 666 3901 Clemens
700 3845 811 3917 (ll)
858 3844 1099 3902 ccelestis
1156 3843 1491 3902 clavicularii
1522 3859 1734 3915 primus
1787 3859 1917 3900 suc-
1943 3856 1985 3914 ο
2018 3847 2242 3903 credere
2265 3846 2348 3902 fas
2368 3846 2454 3901 est
2500 3861 2627 3902 eum
2650 3856 2776 3918 post
2813 3854 3035 3919 accepta
3085 3846 3211 3904 ﬁdei
3254 3848 3586 3907 rudimenta.

343 3954 553 4004 cessor,
575 3946 631 3993 et
655 3939 933 3995 secundus
966 3938 1223 3994 Romanae
1264 3937 1522 3994 Ecclesiae
1542 3938 1911 4009 dispensator,

344 4032 677 4104 (quanquam
712 4032 959 4087 nonnulli
988 4030 1184 4087 Linum
1219 4041 1273 4087 et
1319 4031 1534 4087 Clctum
1573 4029 1630 4086 in
1692 4032 1913 4103 pontiﬁ-

343 4132 501 4180 catus
526 4125 814 4195 regimine,
844 4124 1215 4196 nequidquam
1229 4124 1350 4179 sine
1376 4138 1567 4189 causa,
1599 4123 1911 4195 praeferant)

344 4218 491 4288 quod
524 4218 803 4273 caelibatus
829 4217 1230 4281 castimoniam,
1263 4216 1424 4272 etiam
1448 4224 1743 4283 antequam
1772 4217 1914 4272 salu-

344 4310 506 4366 tifero
536 4310 751 4365 lavacro
783 4310 1037 4380 baptismi
1067 4324 1302 4374 mersus,
1329 4308 1396 4364 ab
1416 4308 1667 4379 originali
1701 4308 1912 4379 piaculo

346 4410 695 4475 purgaretur,
728 4403 1044 4459 medullitus
1068 4401 1340 4467 dilexerit,
1382 4402 1500 4471 ipse
1534 4400 1771 4471 propriis
1821 4401 1911 4456 lit-

345 4504 584 4550 terarum
614 4495 859 4566 apicibus
896 4495 1178 4565 propalam
1206 4501 1464 4561 testatur,
1512 4493 1739 4549 dicens:
1800 4489 1910 4564 Ego

346 4588 583 4643 Clemens
614 4589 668 4643 in
704 4588 831 4643 urbe
857 4586 1026 4642 Roma
1069 4595 1249 4650 natus,
1285 4602 1318 4640 a
1345 4585 1521 4653 prima
1552 4596 1709 4641 wtate
1756 4586 1913 4655 pudi-

346 4683 486 4737 citite
515 4682 751 4737 studium
778 4683 934 4753 gessi.
963 4681 1104 4752 Ergo
1136 4681 1183 4736 si
1213 4679 1359 4750 quod
1393 4680 1910 4750 praestantissimum

345 4789 469 4829 esse
498 4782 714 4829 constat
747 4774 801 4827 in
824 4774 1036 4829 cunctis
1060 4772 1326 4827 virtutum
1355 4771 1639 4842 gradibus,
1685 4781 1740 4827 et
1766 4787 1917 4827 mor-

346 4865 534 4920 talium
560 4874 771 4920 naturae
796 4866 1169 4921 difﬁcillimum
1190 4905 1204 4929 ,
1235 4864 1479 4920 nondum
1533 4872 1913 4936 regeneratus,

346 4956 453 5012 sibi
485 4974 758 5028 usurpans
783 4966 1072 5029 tantopere
1128 4964 1406 5013 laxaverat
1433 4997 1448 5023 ,
1479 4964 1688 5028 quanto
1740 4956 1917 5029 magis

2018 3946 2204 4009 spreto
2231 3939 2515 4010 gentilium
2540 3941 2673 4004 ritu,
2699 3939 2828 3994 dum
2862 3955 2959 4011 per
3008 3939 3321 4011 provincias
3366 3939 3590 3997 Petrum

2016 4038 2363 4101 sequeretur,
2395 4030 2569 4085 divini
2595 4031 2749 4087 verbi
2775 4031 2988 4086 semina
3018 4039 3319 4097 serentem,
3377 4040 3433 4087 et
3464 4048 3595 4104 pro-

2015 4123 2241 4193 pagines
2270 4123 2595 4194 evangelicae
2634 4122 2765 4178 vitis
2792 4122 3135 4178 credentium
3172 4122 3461 4179 scrobibus
3495 4140 3596 4194 pa-

2015 4216 2333 4280 stinantem,
2366 4222 2530 4285 atque
2559 4212 2850 4269 Simonica:
2878 4213 3161 4270 lethiferas
3202 4216 3594 4270 necromantiae

2015 4308 2298 4365 labruscas
2332 4306 2601 4363 radicitus
2631 4306 3058 4378 exstirpantem;
3089 4306 3307 4377 plenius
3330 4321 3395 4361 ac
3415 4307 3594 4377 perle-

2014 4401 2159 4455 ctius
2194 4399 2531 4456 servavisse:
2568 4399 2663 4470 qui
2706 4398 2967 4469 deinceps
3016 4398 3365 4454 ltinerarittm
3418 4398 3590 4467 Petri,

2013 4491 2201 4548 decem
2230 4492 2600 4548 voluminibus
2629 4490 2928 4562 digestum,
2950 4491 3075 4547 luce
3097 4490 3303 4547 clarius
3325 4491 3590 4556 elimavit,

2013 4585 2214 4641 Ruﬁno
2245 4586 2299 4640 in
2326 4585 2580 4646 Latinum
2637 4599 2707 4640 ex
2737 4584 3052 4640 Graecorum
3081 4583 3431 4640 bibliothecis
3471 4599 3594 4639 ver-

2013 4689 2179 4735 tente.
2194 4678 2326 4751 Lege
2348 4678 2613 4750 Recogn.,
2636 4677 2727 4734 lib.
2749 4694 2788 4743 t,
2808 4693 2925 4747 cap.
2947 4678 2997 4733 Ι.
3028 4677 3335 4737 Adcundum
3359 4678 3593 4747 ejusdem

2019 4787 2232 4827 carmen
2261 4772 2337 4829 De
2366 4773 2526 4827 laude
2554 4773 2849 4843 virginum,
2880 4789 2939 4826 eo
2970 4772 3083 4826 loco
3129 4772 3186 4825 in
3235 4787 3336 4842 quo
3367 4770 3431 4825 de
3472 4769 3594 4826 Cle-

2022 4876 2191 4922 mente
2215 4868 2343 4938 agit.
3142 4872 3147 4877 ’

1903 5066 2041 5123 XIII.

452 5179 625 5249 BEDA,
650 5184 706 5238 in
730 5183 1111 5250 Hexaemeron,
1139 5184 1275 5251 sive,
1295 5191 1355 5238 ut
1382 5182 1472 5237 alii
1490 5181 1629 5238 falso
1651 5181 1984 5246 inscribunt,
2013 5179 2281 5244 Jumuus,
2312 5181 2366 5234 in
2396 5180 2577 5251 priora
2605 5178 2920 5234 Geneseos:
2948 5175 3016 5231 ad
3045 5172 3180 5230 Gen.
3206 5188 3246 5242 ι,
3271 5172 3325 5235 6,
3352 5172 3401 5236 ’7,
3421 5171 3474 5229 8.

420 5301 497 5357 De
528 5309 611 5356 lus
636 5316 767 5356 sane
785 5317 903 5371 quae
928 5302 1194 5357 hactenus
1216 5300 1464 5371 exposita
1484 5307 1634 5366 sunt,
1666 5299 1718 5354 id
1749 5267 1910 5353 etiam
1944 5301 1991 5360 ι)
2018 5296 2091 5352 cti
2111 5296 2409 5351 Clementis
2432 5302 2506 5348 tta
2531 5300 2767 5349 refertur
2789 5290 2903 5363 (l2)
2934 5289 3139 5347 dixisse
3164 5288 3468 5358 apostolum
3489 5284 3589 5340 Pe-

351 5394 418 5450 lle
454 5395 733 5449 creatione
762 5392 869 5447 diei
895 5393 1055 5463 primi
1080 5400 1133 5447 et
1160 5393 1389 5449 secundi
1418 5394 1476 5450 in
1499 5393 1739 5450 Historia
1781 5407 1913 5449 san-

441 5531 494 5671 ϐξ
528 5532 786 5600 Κλημίῳ,
820 5529 983 5585 Forte
1022 5530 1316 5603 Κλήμεντι.

445 5605 472 5654 '7
526 5602 652 5655 Ἕν.
684 5600 810 5668 Leg.
839 5600 916 5671 ἐνί
945 5618 1073 5654 τινι.

445 5600 494 5668 7)
526 5602 652 5655 Ἕν.
684 5600 810 5668 Leg.
839 5600 916 5653 ἐνί
945 5618 1073 5654 τινι.

420 5533 438 5741 ἓ

420 5669 495 5741 (8)
543 5674 637 5725 Ἐν
667 5671 839 5740 αὐτῇ.
875 5669 1138 5741 Przepone
1170 5672 1282 5725 καί.

418 5745 492 5813 (9)
529 5742 821 5809 Καθαρώς.
854 5740 1013 5813 Εοῃθ
1045 5740 1300 5813 καθαρός,

417 5807 597 5886 (10)οὶ
618 5807 1099 5881 ἄγῖθρωποιῙοῐιε
1122 5807 1559 5883 pta-mittendum
1588 5810 1766 5869 πάλιν.

2018 5396 2207 5443 trumz'
2230 5385 2295 5441 In
2325 5384 2600 5457 principio,
2628 5401 2745 5441 cum
2770 5384 2999 5455 fecisset,
3044 5392 3176 5449 etc.,
3219 5382 3437 5451 inferior
3471 5397 3588 5435 vero

2092 5529 2204 5601 (Η)
2234 5525 2632 5601 ΗορΑιριιειῐηί
2660 5521 3208 5601 mummium.un
3231 5519 3442 5601 msndis
3464 5533 3590 5601 ἓξὲ-

2020 5586 2384 5660 ιείὶιιέάίιὶε,
2416 5596 2653 5652 Grabius
2682 5596 2739 5649 in
2769 5592 2955 5662 Spicil.
2980 5586 3096 5650 PP.
3122 5601 3253 5662 tom.
3281 5588 3322 5657 Ι,
3361 5606 3417 5661 p.
3454 5587 3584 5649 280.

2018 5672 2233 5743 egregie
2266 5669 2501 5743 restituit
2543 5682 2611 5721 ex
2643 5681 2745 5721 ms.
2780 5661 2904 5720 cod.
2935 5662 3187 5720 bibliotb.
3222 5661 3375 5718 Bodl.
3420 5675 3586 5730 quem

2018 5740 2441 5813 proinde_secuti
2471 5752 2683 5813 sumus.

2092 5810 2200 5884 (12)
2233 5809 2490 5866 Refertur.
2515 5808 2600 5866 Al.
2641 5807 2894 5880 referunt.
