4000 6266
481 350 615 409 “67
1285 342 1342 399 S.
1375 333 1766 397 CLEMENTIS
1798 331 1819 387 Ι
1852 330 2018 388 ROM.
2056 326 2259 386 ΡΟΝΤ.
2293 323 2521 383 OPERA
2554 318 2775 377 DUBIA.
3551 307 3685 362 H68

477 464 727 537 praeberet
756 462 1070 521 hominibus.
1111 460 1237 517 Haec
1264 468 1453 516 nostro
1482 457 1631 529 Operi
1658 454 1847 527 paucis
1889 453 2033 508 inse-
2064 453 2113 514 Α
2139 448 2249 515 det,
2274 448 2447 501 lector
2468 448 2744 515 agnoscat.
2779 432 3203 507 Recognitionum
3245 427 3337 483 lib.
3369 442 3423 495 ι,
3469 442 3582 495 cap.
3607 425 3693 482 27.

480 577 603 619 rere
639 561 816 625 libuit,
846 567 906 613 ut
930 565 1195 628 quantum
1231 556 1333 611 hoc
1354 554 1573 608 Patrum
1604 552 1788 606 sensui
1815 554 2045 619 concor-

1657 724 1804 781 Idem
1832 735 1998 787 DEDA,
2030 720 2086 775 in
2116 717 2368 773 Actorum
2393 732 2450 780 ν,
2483 715 2571 772 54.

554 895 655 953 llic
683 893 967 957 Gamaliel,
995 899 1055 946 ut
1082 890 1332 945 Clemens
1380 885 1626 949 indicat,
1675 882 2046 953 apostolorum
2150 876 2292 948 apud
2338 873 2575 937 Iudaeos,
2639 877 2700 924 ut
2759 882 2947 923 eorum
3004 865 3058 918 in
3100 864 3195 916 tali
3237 860 3451 915 turbine
3516 864 3703 929 posset

485 1000 603 1048 erat
637 991 693 1045 in
720 988 824 1045 ﬁde
850 986 1057 1051 socius,
1089 984 1185 1040 sed
1212 995 1400 1037 eorum
1430 978 1667 1034 consilio
1718 990 2047 1048 permanens
2152 971 2345 1028 sedare
2388 968 2646 1023 furorem.

1320 1118 1451 1173 lusu
1483 1118 1539 1171 in
1568 1114 1956 1170 Retractatione
1989 1114 2043 1167 in
2075 1110 2232 1177 Acta,
2268 1109 2336 1164 ad
2363 1106 2611 1164 eumdem
2647 1106 2845 1159 locum.

556 1285 759 1343 Dehoc
791 1280 1088 1338 Gamaliele
1110 1288 1165 1337 et
1189 1280 1245 1334 in
1263 1278 1403 1334 libro
1425 1274 1602 1333 sancti
1630 1270 1925 1329 Clementis
1968 1268 2048 1325 le-
2157 1274 2427 1340 posrtione
2458 1265 2600 1319 facta
2631 1268 2735 1316 est.
2796 1255 3063 1329 Apparuit
3110 1267 3346 1323 namque
3401 1252 3456 1307 in
3506 1251 3709 1307 visione

490 1382 690 1453 gimus,
722 1377 850 1449 quia
878 1374 1180 1445 discipulus
1203 1372 1575 1442 apostolorum
1604 1366 1815 1423 occulte
1840 1364 2005 1421 fuerit
2031 1382 2049 1433 ;
2157 1369 2345 1417 sancto
2373 1357 2467 1413 Dei
2485 1356 2687 1411 famulo
2716 1362 2769 1409 et
2799 1352 3118 1424 presbytero
3139 1347 3380 1402 Luciano
3403 1384 3419 1412 ,
3473 1353 3533 1399 ut
3570 1344 3707 1400 idem

490 1437 587 1529 sed
608 1437 797 1527 eorum
844 1437 1072 1525 consilio
1106 1437 1254 1521 inter
1294 1463 1531 1529 Judazos,
1571 1461 1639 1515 ad
1687 1460 2049 1530 mitigandum
2156 1453 2431 1510 Lucianus
2455 1450 2738 1522 presbyter
2791 1444 3136 1518 postmodum
3167 1441 3421 1498 omnibus
3454 1437 3710 1494 Ecclesiis

489 1578 677 1618 eorum
696 1562 955 1628 furorem,
980 1559 1074 1614 ubi
1098 1558 1396 1614 necessitas
1417 1553 1703 1625 ingruerit,
1734 1553 1806 1607 sit
1827 1567 2052 1608 manere
2160 1547 2409 1618 scripsit;
2441 1553 2494 1601 ct
2514 1543 2608 1599 ubi
2637 1548 2859 1599 sanctus
2891 1537 3201 1609 Stephanus
3229 1543 3371 1591 esset
3394 1533 3708 1597 tumulatus,

491 1662 817 1725 praeceptus.
992 1653 1095 1707 hoc
1123 1652 1199 1707 ita
1224 1665 1345 1706 esse
1371 1624 1640 1703 veraciter
1660 1653 1896 1717 gestum,
1928 1661 2054 1700 cer-
2088 1709 2128 1725 n
2160 1639 2323 1697 simul
2354 1646 2408 1693 et
2430 1636 2778 1699 Nicodemus,
2812 1632 2904 1703 qui
2936 1630 3221 1684 Dominum
3254 1642 3373 1684 cum
3402 1624 3601 1695 Joseph
3630 1639 3711 1678 se-

491 1709 895 1803 iissimehodie
924 1761 1019 1816 per
1048 1743 1431 1800 revelationem
1463 1709 1821 1811 reliquiarum
1854 1709 2058 1794 heatis-
2087 1709 2131 1764 Β
2156 1731 2363 1805 pelivit,
2395 1743 2605 1785 necnon
2634 1734 2687 1783 et
2718 1727 2833 1796 ipse
2854 1722 3116 1778 Gamaliel
3142 1736 3267 1776 cum
3297 1719 3407 1775 lilio
3447 1733 3551 1774 suo
3586 1716 3709 1769 Abi-

492 1839 613 1894 simi
639 1808 1056 1910 protomariyris
1077 1836 1335 1908 Stephani
1358 1808 1700 1891 cunctislate
1720 1832 1925 1889 Christi
1954 1830 2058 1885 Ec-
2161 1828 2289 1891 han,
2337 1822 2661 1880 suavissima
2707 1818 3022 1875 ostensione
3076 1812 3381 1886 perdocuit.
3448 1808 3711 1881 Recogm't.

491 1929 674 1987 clesiis
702 1932 962 1997 innotuit,
992 1944 1113 2002 quae
1129 1945 1225 2001 per
1247 1929 1495 1985 eumdem
1526 1930 1702 1984 virum
1732 1928 1916 1983 divina
1940 1927 2052 1983 dis—
2162 1920 2257 1977 lib.
2289 1935 2328 1986 ι,
2357 1935 2473 1988 cap.
2503 1915 2593 1981 56,
2634 1924 2740 1970 etc.

1507 2107 1638 2161 lusu
1662 2107 1757 2163 lih.
1788 2105 1865 2159 De
1898 2104 2103 2159 ratione
2134 2112 2596 2170 temporum,.cap.
2624 2098 2677 2152 '5.

568 2269 811 2339 Denique
833 2273 1056 2323 sanctus
1085 2264 1336 2322 Clemens
1382 2263 1754 2335 apostolorum
1814 2261 2059 2331 niscrpu-
2169 2271 2389 2327 scopus,
2421 2270 2476 2308 In
2504 2261 2657 2326 sexto
2686 2249 3051 2306 Historiarum
3075 2261 3300 2304 suarum
3330 2243 3468 2300 libro
3491 2242 3566 2297 ita
3590 2239 3719 2295 seria

499 2364 607 2429 lus,
638 2369 691 2419 et
714 2336 972 2417 liomana:
999 2359 1256 2416 Ecclesia:
1284 2359 1480 2415 tertius
1529 2364 1653 2429 post
1680 2355 1901 2411 Petrum
1942 2354 2059 2424 epi-
2166 2352 2283 2407 hit:
2320 2349 2385 2404 In
2404 2348 2659 2420 principio
2682 2344 2807 2415 fecit
2835 2343 3000 2409 Deus,
3033 2348 3143 2397 etc.
3174 2338 3420 2410 Recogn.,
3451 2336 3547 2391 lib.
3576 2349 3650 2393 γι.

2026 2486 2165 2545 XIV.

1486 2648 1827 2705 Ntcsmonus
1857 2645 1989 2712 CP.,
2021 2646 2076 2701 in
2111 2645 2216 2701 line
2246 2644 2727 2715 Chronographiae.

741 2813 820 2870 Ea:
847 2814 1081 2869 versione
1101 2811 1374 2867 Anastasii
1412 2808 1827 2867 Bibliothecarii.
3491 2819 3503 2830 -

577 2907 641 2964 Et
677 2922 797 2978 quae
818 2904 952 2962 Novi
976 2904 1354 2978 (Testamenti)
1378 2911 1506 2961 sunt
1536 2903 1872 2975 apocrypha:
1900 2899 2065 2956 ltine—
2092 2889 2136 2948 C

2238 2896 2347 2949 Καὶ
2374 2896 2475 2947 ὅσα
2502 2894 2601 2964 τῆς
2624 2892 2767 2955 Νέας
2799 2891 2934 2945 εἰσὶν
2972 2888 3295 2962 ἀπόκρυφα.
3327 2885 3585 2959 Περίοδος
3618 2885 3724 2959 (l5)

507 3000 710 3057 rarium
740 2996 910 3063 Petri,
939 3013 1131 3055 versus
1157 3011 1354 3062 IIDCC,
1379 3004 1487 3051 etc.

1340 3037 1354 3062 ,
1379 3004 1487 3051 etc.
2174 2986 2402 3057 Πέτρου,
2438 2985 2608 3055 στίχοι
2655 2983 2756 3053 ,βψ
2786 2982 2919 3055 (li).

2035 3168 2153 3225 XV.

863 3333 1174 3389 Aconsnous
1193 3331 1338 3386 libro
1357 3328 1435 3383 De
1460 3326 1706 3383 Judaicis
1732 3325 2207 3396 superstitionibus,
2242 3338 2359 3394 cap.
2397 3323 2464 3378 16
2484 3322 2617 3380 edit.
2652 3322 2861 3387 Baluz.,
2892 3328 3028 3377 tom.
3063 3319 3107 3389 1,
3136 3335 3260 3392 pag.
3288 3320 3377 3377 85.

582 3492 689 3547 Sed
722 3497 776 3547 et
810 3489 866 3545 in
914 3486 1073 3542 libris
1125 3485 1420 3541 Clementis
1440 3524 1455 3549 ,
1504 3482 1763 3537 Ecclesia:
1815 3479 2071 3536 Romanae
2177 3489 2331 3550 post:
2367 3476 2533 3533 Nemo
2557 3495 2676 3549 ergo
2706 3492 2933 3533 vestrum
2960 3478 3313 3541 contristetur,
3333 3475 3483 3541 ait,a
3512 3474 3725 3530 convivio

510 3583 819 3657 pontificis,
848 3580 1203 3639 inveniuntur
1233 3579 1414 3648 aliqua
1462 3592 1491 3630 a
1552 3590 1717 3645 supra
1772 3582 2074 3629 memorato
2177 3582 2356 3627 nostro
2386 3582 2680 3641 separatus.
2713 3570 2886 3625 Parvo
2915 3572 3051 3625 enim
3092 3578 3316 3639 tempore
3355 3578 3721 3639 sequestratur,

514 3677 764 3751 apostolo
791 3672 997 3746 (Petro)
1027 3673 1094 3728 de
1143 3671 1309 3742 hujus
1360 3671 1441 3725 rei
1486 3669 1870 3724 observatione
1907 3668 2072 3733 dicta,
2177 3666 2265 3734 qui
2280 3665 2384 3718 cito
2413 3664 2630 3719 voluerit
2655 3663 2952 3732 baptizari;
2985 3662 3149 3715 multo
3176 3662 3478 3731 autem,qui
3513 3660 3724 3715 tardius.

514 3786 635 3841 quae
662 3770 716 3823 in
770 3768 856 3822 his
885 3766 1123 3820 inserere
1166 3780 1276 3819 non
1320 3763 1681 3832 incongruum
1738 3760 2075 3816 existimavi-
2180 3756 2249 3809 Et
2275 3756 2389 3810 ideo
2412 3757 2466 3809 in
2501 3755 2640 3809 vobis
2661 3764 2759 3819 est,
2793 3753 3001 3825 quando
3036 3752 3227 3819 velitis,
3254 3752 3322 3806 ad
3355 3761 3591 3805 nostram
3621 3767 3729 3805 con-

514 3876 655 3915 mus.
689 3858 846 3925 Nam,
869 3859 994 3911 licet
1027 3857 1189 3912 iidem
1232 3856 1357 3910 libri
1400 3854 1708 3925 iudicentur
1750 3852 2076 3923 apocryphi;
2179 3851 2354 3904 venire
2378 3862 2642 3912 mensam;
2689 3857 2739 3901 et
2770 3865 2873 3902 non
2911 3847 2967 3901 in
2998 3845 3170 3911 nobis,
3202 3845 3388 3916 quibus
3428 3845 3725 3914 permissum

515 3952 773 4025 pleraque
818 3958 999 4003 tamen
1046 3964 1114 4004 ex
1162 3947 1249 4003 his
1304 3945 1617 4002 testimonia
1658 3944 2011 3998 inveniuntur
2046 3959 2077 3998 a
2178 3958 2283 3996 non
2312 3949 2388 3994 est
2410 3955 2610 3993 sumere
2638 3955 2756 3992 cum
2797 3939 2973 4007 aliqua
3003 3936 3198 4005 cibum,
3242 3937 3346 3991 nisi
3386 3938 3534 4005 prius
3581 3936 3728 4006 fuerit

513 4043 831 4100 doctoribus
856 4051 1138 4111 usurpata.
1168 4038 1469 4093 lntroducit
1497 4053 1626 4107 ergo
1650 4035 1920 4099 Clemens,
1951 4049 2077 4088 cum
2180 4032 2498 4101 baptizatus.
2541 4030 2666 4085 Haec
2694 4030 2760 4085 de
2782 4029 3001 4100 scriptis
3032 4027 3328 4085 Clementis
3356 4028 3664 4085 necessario
3696 4040 3725 4079 a

515 4135 749 4191 necdum
775 4140 921 4188 esset
945 4132 1202 4203 baptismi
1226 4129 1400 4202 gratia
1428 4128 1773 4199 puriﬁcatus,
1802 4135 1857 4182 et
1879 4126 1951 4181 ob
1978 4126 2080 4181 hoc
2180 4125 2341 4179 nobis
2367 4118 2574 4195 prolata
2620 4125 2765 4192 sint;
2792 4124 3100 4181 volentibus
3130 4122 3410 4179 evidenter
3429 4120 3724 4184 ostendere,

517 4241 547 4278 a
578 4228 764 4280 mensa
800 4220 950 4279 Petri
969 4238 1094 4277 cum
1126 4221 1341 4277 caeteris
1376 4220 1649 4276 similibus
1681 4226 2078 4291 sequestratus,
2182 4219 2250 4273 ab
2284 4218 2542 4287 apostolis
2562 4217 2815 4273 traditam
2839 4217 3006 4287 hujus
3051 4218 3129 4273 rei
3164 4216 3593 4286 antiquissimam
3637 4213 3726 4268 ob—

517 4315 765 4372 cumdem
799 4316 1104 4385 apostolum
1129 4314 1437 4385 loquentem
1469 4312 1574 4367 sibi
1597 4312 1684 4368 his
1710 4311 1891 4367 verbis
1916 4326 1928 4363 :
1958 4309 2081 4364 Non
2114 4347 2160 4404 D
2183 4311 2563 4367 servationem.
2592 4310 2733 4365 Vera
2760 4311 2905 4366 enim
2929 4317 2983 4366 et
3007 4310 3111 4366 ista
3131 4308 3378 4364 ducenda
3405 4316 3533 4363 sunt
3558 4326 3575 4375 ;
3597 4315 3729 4363 eteo

515 4424 610 4477 pro
648 4406 910 4477 superbia,
940 4425 969 4462 ο
990 4405 1251 4472 Clemens,
1284 4405 1572 4459 convivium
1602 4420 1707 4457 non
1733 4420 1829 4474 ago
1858 4419 1976 4457 cum
1996 4401 2077 4457 his
2114 4397 2149 4404 ⁷
2182 4403 2441 4468 maxime,
2477 4418 2586 4473 quo
2616 4402 2686 4458 ab
2715 4402 3031 4472 apostolicis
3045 4401 3274 4457 Actibus
3302 4401 3358 4455 in
3382 4400 3533 4455 nullo
3554 4397 3726 4454 viden-

516 4501 605 4570 qui
627 4502 856 4554 nondum
878 4500 1145 4569 puriﬁeati
1166 4507 1287 4552 sunt
1304 4513 1323 4562 ;
1348 4497 1438 4551 sed
1456 4512 1653 4561 vereor,
1685 4512 1747 4549 ne
1786 4494 1922 4564 forte
1949 4492 2079 4547 mihi
2183 4503 2271 4549 tur
2297 4494 2628 4566 discrepare.
2658 4493 2782 4564 Leg.
2811 4492 3077 4566 Recogn.,
3107 4493 3198 4549 lib.
3230 4508 3293 4559 ll,
3322 4509 3440 4563 cap.
3470 4493 3558 4557 Ἠ,
3588 4489 3670 4546 72.

517 4592 723 4660 quidem
744 4609 976 4659 noceam,
1010 4593 1135 4660 ipsis
1186 4600 1361 4645 autem
1390 4589 1522 4644 nihil
1547 4589 1764 4657 prosim.
1819 4586 1884 4641 Et
1912 4585 2078 4657 paulo

1354 4745 1690 4810 Passurus,
1723 4755 1856 4801 tom.
1885 4740 1952 4808 ll,
1983 4666 2188 4807 ιίὺὶξῖιιξ
2213 4754 2335 4811 cap.
2362 4739 2433 4795 10
2474 4737 2875 4794 Chronicorum.

589 4905 737 4962 Idem
784 4920 1019 4975 namque
1052 4902 1401 4960 beatissimus
1448 4902 1701 4958 Clemens
1747 4899 1863 4954 suis
1915 4896 2083 4953 refert
2189 4897 2332 4952 enim
2364 4896 2506 4950 inter
2534 4902 2761 4950 caetera:
2795 4893 2935 4947 Dum
2961 4900 3094 4948 esset
3135 4891 3264 4946 mihi
3310 4906 3481 4946 comes
3524 4887 3727 4958 optima,

521 5000 742 5069 scriptis
764 5038 780 5064 ,
817 5000 1053 5069 qualiter
1087 4999 1155 5053 ad
1208 4997 1366 5052 ﬁdem
1409 4996 1720 5067 perveniret
1768 4991 1995 5057 Christi,
2028 4997 2083 5045 et
2188 4989 2608 5043 immortalitatis
2639 4985 2851 5055 cupido,
2873 4994 2981 5039 etc.
3006 4982 3293 5053 Reeognit.,
3325 4982 3419 5038 lib.
3450 4998 3491 5048 ι,
3520 4994 3658 5049 capp.
3676 4976 3727 5039 2,

520 5090 821 5162 discipulus
836 5090 982 5147 Petri
1011 5106 1074 5146 ac
1098 5089 1409 5146 individuus
1438 5102 1624 5144 comes
1646 5087 1812 5141 haeret
1831 5085 1968 5157 (l5).
1992 5083 2085 5137 Ait
2188 5080 2242 5146 6,
2280 5081 2334 5145 7,
2365 5080 2454 5144 η,
2485 5087 2593 5133 etc.

2046 5193 2211 5252 XVII.

1553 5316 1801 5379 Puo'nus,
1837 5311 2173 5368 Bibliotheca:
2204 5309 2365 5366 codd.
2392 5323 2528 5373 cm,
2558 5323 2712 5364 exuti.

592 5459 754 5517 Lecta
774 5466 900 5513 sunt
920 5456 1215 5513 Clementis
1232 5454 1461 5511 Romam
1492 5464 1601 5511 duo
1616 5452 1890 5509 votumina
1910 5450 2083 5504 lihro—

2272 5443 2608 5516 ’Λνεγνώσθη
2637 5444 2947 5515 Κλήμεντος
2974 5440 3066 5496 τοῦ
3100 5439 3312 5513 Ῥώμης
3342 5438 3500 5510 τεύχη
3532 5430 3729 5507 βιϐλίων

526 5546 645 5608 mm
673 5575 685 5611 :
722 5567 953 5622 quorum
985 5550 1153 5615 aliud,
1186 5557 1316 5613 etc.,
1350 5550 1583 5604 alterum
1605 5561 1754 5605 vero.
1782 5543 2085 5602 dedicatio-

2193 5540 2285 5594 δύο
2310 5557 2324 5571 ’
2362 5534 2436 5595 ὧν
2460 5541 2521 5593 τὸ
2555 5540 2673 5610 μὲν,
2703 5547 2831 5602 etc.,
2864 5536 3007 5594 τὸδὲ
3039 5536 3136 5610 τὴν
3163 5533 3559 5608 προσφώνησιν,
3590 5527 3657 5587 ὡς
3678 5523 3727 5571 ἓν

626 5689 712 5828 13;
743 5686 1041 5755 Περίοδος.
1082 5685 1166 5739 Al.
1192 5683 1451 5755 περίοδοι.

626 5758 691 5812 η
740 5760 901 5826 ,Βψκ
929 5757 1009 5810 Al.
1044 5755 1205 5825 ,βψηκ

2266 5671 2376 5743 (151
2412 5673 2608 5729 lueret.
2645 5670 2807 5729 Forte
2837 5672 3075 5729 lucum.

625 5755 712 5826 η)
740 5760 901 5826 eoi.
929 5757 1009 5810 Al.
1044 5755 1205 5825 ,βιικηκ
