4000 6266
332 373 466 429 “69

1392 370 2043 429 RECOGN:TIONES.-—
2079 370 2441 429 ΡΒΟα-ΣΜΙΛ.

3440 381 3580 441 H70

326 487 614 561 ἐπιστολῆς
685 488 847 554 εῖδει,
908 488 1044 562 πρὸς
1117 486 1371 543 Ἰάκωϐον
1425 489 1517 542 τὸν
1583 487 1902 558 ἀδελφόθεον

2008 503 2133 544 nem
2153 495 2207 544 et
2232 488 2641 556 allocutionem,
2662 491 2811 547 velut
2834 492 2891 547 in
2913 493 3089 550 forma
3111 493 3391 567 Epistoae,
3413 497 3579 556 habet

324 586 574 637 ποιεῖται.
591 583 680 637 Ἑν
698 575 743 651 ᾧ
775 583 837 637 ατ
858 601 916 637 τε
941 583 1229 656 λεγόμεναι
1248 578 1342 636 τοῦ
1370 582 1665 636 ἀποστόλου
1686 582 1899 655 Πέτρου

325 673 576 746 Πράξεις,
612 676 704 728 καὶ
731 676 788 731 αί
819 676 957 749 πρὸς
984 676 1203 748 Σίμωνα
1234 676 1327 729 τὸν
1374 675 1567 745 Μάγον
1612 675 1897 741 διαλέξεις,

322 770 414 822 καὶ
440 766 520 822 ἔτι
551 770 580 822 ό
610 769 1050 842 Ἀναγνωρισμδς
1068 769 1403 841 Κλήμεντος,
1425 769 1518 824 καὶ
1547 766 1643 822 τοῦ
1666 770 1896 841 πατρὸς,

318 864 414 917 καὶ
438 862 547 917 τῶν
568 864 745 918 ἄλλων
772 863 1040 934 ἀδελφῶν.
1070 863 1161 916 Διὸ
1184 864 1279 916 καὶ
1310 862 1369 916 ἐν
1395 881 1504 917 τισι
1535 862 1648 917 τῶν
1676 863 1899 935 βιϐλίων

316 960 349 1031 ἠ
383 959 659 1031 ἐπιγραφή
682 999 698 1025 ,
735 957 1080 1029 Κλήμεντος
1126 956 1232 1011 τοῦ
1270 955 1559 1025 Ῥωμαίου
1617 956 1896 1028 Ἀναγνω-

308 1050 547 1124 ρισμὸς,
580 1052 962 1124 ἐπιγράφεται.
992 1052 1088 1104 Ἔν
1108 1067 1217 1103 τισι
1243 1049 1329 1115 δὲ,
1358 1049 1433 1112 ὡς
1458 1047 1699 1121 ἔφημεν,
1748 1049 1898 1104 Ἐπι-

316 1144 481 1217 στολὴ
510 1146 889 1218 προτάττεται,
923 1144 999 1209 ὡς
1031 1144 1169 1217 πρὸς
1197 1145 1290 1198 τόν
1340 1142 1660 1213 άδελφόθεον
1706 1143 1894 1198 Ἰάκω-

313 1238 429 1292 ϐον.
462 1240 571 1292 Καὶ
602 1238 744 1311 αὕτη
765 1240 844 1304 δὲ,
875 1239 973 1310 οὐχ
1004 1240 1037 1310 ὴ
1065 1238 1223 1310 αὑτὴ,
1254 1236 1373 1291 οὐδὲ
1405 1236 1481 1301 ὡς
1531 1236 1639 1291 ἀπὸ
1670 1237 1763 1291 τοῦ
1798 1236 1896 1291 αὐ-

311 1330 411 1384 τοῦ
440 1330 736 1403 προσώπου
784 1330 1223 1405 προενηνεγμένη
1247 1348 1263 1363 ο
1308 1329 1421 1384 ἀλλ’
1448 1330 1541 1384 ἐπὶ
1584 1330 1683 1401 μέν
1732 1346 1894 1383 τινων

314 1421 557 1493 βιϐλίων,
593 1423 668 1487 ὡς
700 1422 806 1478 ἀπὸ
832 1424 1037 1496 Πέτρου
1066 1422 1160 1476 τοῦ
1192 1422 1488 1501 ἀποστόλου
1520 1422 1658 1495 πρὸς
1702 1423 1893 1477 Ἰάκω-

315 1513 413 1568 ϐον
446 1516 848 1590 ὲπεσταλμένη·
880 1519 966 1587 ἐφ’
988 1516 1188 1589 ἐτέρων
1220 1516 1299 1583 δὲ,
1332 1517 1408 1581 ὡς
1440 1516 1549 1572 άπδ
1575 1517 1894 1591 Κλήμεντος

315 1607 454 1679 πρὸς
495 1608 747 1663 Ἰάκωϐον
770 1628 785 1642 ο
819 1609 950 1683 άλλη
981 1610 1076 1664 καὶ
1108 1609 1264 1683 ἄλλη,
1304 1608 1487 1674 καθὼς
1534 1611 1889 1683 προείπομεν.

2001 580 2069 635 ad
2091 578 2355 638 Iacobum
2396 581 2621 639 fratrem
2677 575 2917 641 Domini.
2972 585 3032 642 In
3066 588 3170 644 hoc
3223 589 3579 648 continentur

2001 675 2137 729 Acta
2169 690 2292 745 quae
2323 674 2584 731 dicuntur
2610 675 2759 733 Petri
2810 681 3067 750 apostoli,
3111 691 3165 739 et
3196 699 3322 738 cum
3356 684 3580 743 Simone

2001 764 2158 837 Mago
2182 766 2626 839 disputationes;
2658 770 2726 825 ad
2756 772 2872 827 haec
2905 771 3231 846 Recognitio
3252 776 3575 849 Clementis,

1998 858 2229 930 ejusque
2276 861 2451 931 patris
2490 876 2555 919 ac
2579 862 2816 919 aliorum
2849 863 3103 922 fratrum.
3148 867 3328 934 Quare
3363 872 3417 926 in
3452 875 3572 944 qui-

1998 950 2228 1008 busdam
2282 954 2570 1013 codicibus
2604 956 2893 1029 inscriptio
2922 959 3219 1033 praefigitur
3242 1006 3256 1019 .
3292 962 3574 1023 Clementis

1995 1043 2225 1101 Romani
2252 1046 2581 1119 Recognitio.
2610 1046 2670 1104 In
2694 1050 2978 1108 nonnullis
2998 1058 3203 1118 autem,
3229 1065 3290 1109 ut
3310 1054 3573 1129 diximus,

1996 1136 2242 1209 Epistola
2272 1142 2632 1212 praeponitur,
2663 1151 2925 1214 tanquam
2947 1144 3016 1199 ad
3047 1142 3313 1202 Iacobum
3349 1147 3574 1206 fratrem

1995 1228 2425 1305 Domini.Atque
2449 1234 2565 1291 haec
2587 1235 2830 1307 quidem,
2862 1252 2972 1292 non
3001 1237 3213 1305 eadem,
3250 1256 3428 1311 neque
3456 1244 3573 1299 vel-

1998 1323 2077 1378 uti
2122 1325 2191 1381 ab
2232 1327 2422 1382 eodem
2453 1326 2675 1385 homine
2701 1328 2986 1399 profecta:
3022 1331 3117 1386 sed
3146 1332 3200 1387 in
3243 1333 3571 1403 quibusdam

1992 1418 2215 1489 quidem
2247 1419 2427 1485 libris,
2458 1422 2619 1492 quasi
2652 1436 2682 1475 a
2710 1420 2877 1477 Petro
2909 1424 3161 1494 apostolo
3205 1425 3274 1481 ad
3303 1423 3571 1482 Iacobum

1991 1509 2197 1579 missa;
2232 1512 2290 1566 in
2313 1511 2439 1569 aliis
2471 1522 2678 1579 autem,
2708 1521 2770 1569 ut
2797 1529 2829 1569 a
2856 1513 3134 1571 Clemente
3164 1516 3232 1571 ad
3261 1515 3525 1575 Iacobum
3551 1538 3569 1590 ;

1990 1602 2097 1657 alia
2128 1610 2294 1675 atque
2312 1604 2439 1671 alia,
2473 1607 2933 1677 quemadmodum
2959 1608 3074 1679 jam
3091 1608 3349 1669 diximus.
3385 1612 3451 1668 Et
3476 1613 3570 1669 illa

313 1699 423 1753 Καὶ
451 1702 484 1772 ἠ
526 1700 624 1772 μὲν
651 1702 817 1774 δηλοῖ,
840 1702 1045 1775 Πέτρον
1064 1702 1165 1767 τὰς
1183 1703 1390 1768 οἰκείας
1419 1704 1731 1776 συγγράψαι
1756 1704 1892 1777 πράρ

1989 1694 2212 1764 quidem
2267 1695 2531 1764 declarat,
2585 1698 2808 1755 Petrum
2841 1701 3061 1773 propria
3108 1710 3263 1773 gesta
3318 1707 3569 1761 conscri-

312 1788 453 1858 ξεις,
495 1795 588 1848 καὶ
626 1795 762 1866 πρὸς
805 1795 1059 1850 Ἰάκωϐον
1108 1796 1467 1868 αἰτησάμενον
1504 1797 1706 1861 ταύτας
1749 1798 1888 1852 ἀπο-

1989 1786 2190 1857 psisse,
2225 1803 2290 1844 ac
2331 1787 2539 1847 Iacobo
2570 1793 2873 1864 postulanti
2901 1809 2966 1850 ea
2999 1795 3251 1863 misisse;
3292 1795 3408 1851 haec
3437 1813 3567 1853 vero

310 1846 609 1959 στείλαιοη
642 1846 1469 1960 5'.g..i.;.3.;..,‘s."k{.si«ig
1500 1846 1703 1953 se;
1743 1846 1891 1944 ,ἶᾴξά

1988 1878 2177 1947 refert,
2212 1881 2548 1941 Clementem
2590 1886 2781 1942 eadem
2837 1895 2991 1960 gesta
3027 1888 3192 1958 jussu
3221 1886 3367 1944 Petri
3428 1893 3562 1947 scri-

307 1978 636 2050 πρόσταγμα
662 1980 868 2054 Πέτρου
904 1981 1255 2055 συγγράψειε,
1304 1982 1558 2036 κάκείνου
1601 1980 1738 2055 πρὸς
1784 1981 1884 2055 τὴν

1985 1974 2194 2045 psisse;
2212 1990 2276 2030 ac
2291 1985 2583 2049 postquam
2610 1980 2698 2036 ille
2720 1980 2789 2035 ad
2814 1980 2980 2035 vitam
3014 1981 3378 2037 immortalem
3411 1998 3561 2039 com-

303 2070 500 2143 ἀγήρω
536 2073 927 2144 μεταστάντος,
980 2075 1287 2129 ἀποστείλοι
1331 2075 1565 2147 Κλήμης
1596 2075 1734 2149 πρὸς
1778 2075 1882 2131 Ἰά-

304 2165 505 2219 κωϐον.
553 2167 739 2221 Ἔστιν
767 2163 860 2221 οὖν
892 2166 1140 2239 εἰκασμῷ
1171 2166 1464 2232 διαλαϐεῖν,
1518 2167 1594 2230 ὡς
1640 2167 1735 2222 δύο
1782 2167 1882 2239 μὲν

303 2259 493 2330 εἴησαν
523 2258 631 2313 τῶν
663 2260 869 2332 Πέτρου
904 2259 1162 2332 Πράξεων
1210 2260 1448 2324 ἐκδόσεις
1495 2261 1877 2332 γεγενημέναιο

298 2351 381 2422 τῷ
411 2351 466 2403 δὲ
496 2352 670 2424 χρόνῳ
699 2354 798 2425 τῆς
828 2353 1021 2425 ἑτέρας
1051 2353 1420 2425 διαρῤυείσης,
1447 2352 1823 2426 ἐπεκράτησεν
1842 2356 1876 2426 ἡ

297 2442 396 2495 τοῦ
430 2442 765 2514 Κλήμεντος.
812 2445 898 2497 Ἐν
921 2446 1053 2499 πᾶσι
1104 2444 1212 2516 γὰρ
1243 2448 1356 2509 τοῖς
1410 2445 1633 2517 βιϐλίοις
1670 2446 1706 2501 ἃ
1741 2447 1877 2502 είδο-

300 2551 423 2605 μεν,
455 2535 548 2588 καί
579 2551 659 2589 τοι
687 2536 787 2590 οὐκ
814 2535 1008 2606 ὀλίγων
1038 2535 1227 2602 ὄντων,
1278 2536 1416 2609 μετὰ
1441 2536 1543 2603 τὰς
1587 2538 1879 2610 διαφόρους

296 2627 519 2692 ὲκείνας
535 2628 853 2693 Ἐπιστολάς
885 2630 979 2683 καὶ
997 2629 1437 2702 ἐπιγραφὰς,τὴν
1458 2629 1625 2703 αὐτὴν
1644 2629 1876 2703 εὕρομεν

294 2721 728 2793 ἀπαραλλάκτως
746 2722 1143 2794 πραγματείαν,
1181 2721 1517 2795 ἀρχομένην·
1716 2721 1876 2791 Κλή-

1984 2067 2297 2138 migrasset,
2332 2072 2715 2130 transmisisse
2738 2072 2808 2129 ad
2843 2071 3129 2131 Iacobum.
3163 2074 3351 2146 Itaque
3378 2077 3559 2145 conje-

1981 2167 2140 2216 ctura
2171 2162 2582 2233 deprehendere
2638 2166 2790 2233 licet,
2831 2166 3069 2222 Actuum
3101 2166 3248 2224 Petri
3272 2169 3413 2227 duas
3441 2172 3562 2227 edi-

1980 2254 2162 2310 tiones
2190 2254 2365 2313 factas
2387 2257 2595 2327 fuisse;
2626 2260 2727 2316 sed
2770 2274 2899 2315 cum
2940 2262 3206 2333 temporis
3253 2264 3561 2335 longinqui-

1980 2354 2091 2404 tate
2123 2348 2295 2404 altera
2326 2351 2603 2421 periisset,
2630 2351 2781 2407 illam
2825 2351 3129 2411 Clementis
3158 2371 3469 2426 superasse.
3499 2356 3557 2412 In

1978 2441 2233 2498 omnibus
2262 2443 2406 2497 enim
2434 2443 2718 2500 codicibus
2736 2460 2883 2514 quos
2903 2446 3165 2515 vidimus,
3200 2448 3378 2518 iisque
3409 2456 3559 2505 certe

1978 2549 2087 2590 non
2122 2536 2339 2605 paucis,
2368 2545 2495 2608 post
2522 2537 2770 2593 diversas
2799 2537 2929 2592 illas
2957 2536 3234 2609 Epistolas
3265 2547 3430 2610 atque
3469 2541 3553 2595 in-

1976 2627 2325 2697 scriptiones,
2352 2628 2494 2685 idem
2517 2631 2740 2686 omnino
2758 2631 2879 2685 sine
2904 2630 3210 2688 variatione
3232 2647 3373 2703 opus
3402 2632 3553 2689 inve-

1976 2718 2177 2782 nimus,
2210 2720 2480 2791 incipiens
2511 2722 2592 2777 sic
2617 2740 2631 2777 :
2686 2722 2798 2793 Ego
2822 2722 3094 2789 Clemens;
3128 2732 3181 2780 et
3208 2741 3330 2795 quae
3360 2726 3555 2783 ordine

290 2831 415 2882 μης
440 2828 455 2844 ⁸
490 2815 583 2867 καὶ
612 2813 682 2867 τά
710 2814 836 2887 ἑξῆς
863 2814 1245 2887 ὲνταττόμενα.
1278 2814 1503 2887 Μυρίων
1532 2815 1642 2889 (16)
1663 2816 1720 2870 δὲ
1751 2817 1876 2871 ἀτο-
1904 2848 1909 2854 ο

1984 2810 2235 2884 deinceps
2257 2825 2586 2886 sequuntur.
2608 2813 2890 2872 Refertum
2934 2823 3117 2872 autem
3149 2824 3234 2874 est
3260 2818 3363 2873 hoc
3403 2821 3553 2891 Upus

294 2905 623 2978 πημάτωνή
658 2908 1007 2979 πραγματεία
1038 2908 1197 2981 γέμει
1224 2906 1382 2979 αὕτη,
1412 2908 1508 2962 καὶ
1540 2909 1639 2981 τῆς
1670 2912 1750 2974 είς
1781 2910 1871 2963 τὸν

1984 2906 2281 2962 innumeris
2328 2908 2566 2965 absurde
2586 2908 2785 2980 dictis;
2832 2910 3161 2981 plenumque
3198 2911 3554 2981 blasphemia:

293 2998 426 3053 Υἰδν
460 2996 804 3071 βλασφημίας
832 3000 973 3055 κατά
1003 3000 1102 3074 τὴν
1147 3003 1352 3075 Ἀρείου
1372 3003 1529 3068 δόξαν
1564 3003 1710 3056 ἐστὶν
1743 3002 1873 3058 ἀνά-

1984 2997 2030 3052 in
2068 2996 2291 3066 Filium,
2324 2999 2485 3070 juxta
2507 2999 2623 3055 Arii
2658 3002 2998 3072 opinionem.
3060 3002 3127 3057 Et
3177 3003 3357 3073 infra:
3379 3003 3550 3061 Crete-

292 3091 497 3155 πλεως.
533 3088 732 3147 Paucis
765 3092 963 3149 deinde
979 3093 1128 3150 circa
1162 3093 1599 3152 Constitutiones
1648 3102 1870 3166 aposto-
1972 3106 2094 3147 ιἰηῐι
2130 3090 2272 3147 liber
2317 3090 2583 3148 Αοῐοτιιῐη
2612 3094 2784 3161 Petri.
2811 3095 3108 3165 εριθιιάοτε
3156 3102 3211 3151 ει
3237 3098 3545 3169 ωὲἱθεῑειῑθν

293 3185 438 3242 Iicas
472 3183 797 3255 interiectis,
825 3185 1040 3241 subdit:
1076 3186 1139 3239 'H
1160 3187 1405 3258 μέντοιγε
1427 3189 1534 3241 τῶν
1549 3186 1642 3241 τοῦ
1662 3188 1869 3259 Πέτρου
1897 3194 1911 3245 t

1984 3183 2043 3239 ad
2066 3184 2182 3240 haec
2205 3186 2447 3256 puritate
2472 3194 2528 3243 et
2569 3188 2938 3255 vehementia,
2992 3189 3226 3260 aliisque
3282 3192 3547 3249 orationis

292 3277 553 3353 Πράξεων
603 3278 803 3349 βίϐλος,
850 3277 929 3349 τῷ
960 3295 1019 3331 τε
1049 3277 1285 3350 λαμπρῷ
1309 3280 1403 3333 καὶ
1439 3282 1506 3352 τῇ
1556 3280 1865 3352 σεμνότητι,

289 3375 389 3428 καὶ
412 3373 490 3426 ἔτι
511 3371 589 3445 τῷ
620 3371 844 3444 καθαρῷ
884 3370 979 3425 καὶ
1012 3370 1269 3441 συντόνῳ,
1299 3372 1395 3426 καὶ
1420 3375 1485 3444 τῇ
1519 3372 1650 3444 ἄλλῃ
1696 3373 1865 3445 ἀρετῇ

285 3465 385 3519 τοῦ
420 3465 599 3534 λόγου,
658 3464 752 3518 καὶ
780 3462 1118 3535 πολυμαθείᾳ
1142 3502 1158 3527 ,
1194 3462 1416 3517 τοσοῦτο
1442 3464 1555 3534 ἔχει
1607 3465 1743 3537 πρὸς
1767 3464 1867 3531 τὰς

284 3557 551 3626 διαταγὰς
569 3557 631 3609 τὸ
651 3556 1047 3629 παραλλάττον,
1068 3556 1144 3619 ὡς
1167 3555 1301 3627 μηδὲ
1323 3555 1605 3627 συγκρίσει
1637 3561 1703 3628 τῇ
1723 3557 1865 3612 κατὰ

282 3651 416 3714 τοὺς
443 3649 634 3720 λόγους
652 3650 789 3721 πρὸς
807 3648 1037 3721 ἀλλήλας
1054 3647 1492 3721 παραϐάλλεσθαι
1510 3647 1608 3712 τὰς
1627 3647 1859 3719 βίϐλους.

284 3746 355 3799 Ει
388 3743 565 3799 infra:
615 3743 755 3798 Ἡδὲ
784 3743 1046 3816 λεγομένη
1074 3742 1461 3814 δευτέραιπρὸς
1491 3742 1618 3806 τοὺς
1644 3741 1861 3808 αὐτοὺς,

1972 3277 2193 3334 dctibus
2226 3286 2390 3350 atque
2410 3280 2703 3352 multiplici
2726 3280 2996 3347 doctrina,
3022 3289 3237 3337 tantum
3261 3282 3545 3340 Constitu-

1970 3372 2152 3430 tiones
2180 3384 2424 3444 superat,
2455 3375 2607 3430 nulla
2635 3382 2695 3429 ut
2721 3374 2822 3430 hos
2872 3374 3016 3431 inter
3066 3374 3238 3433 libros
3260 3391 3538 3449 compara-

1970 3464 2069 3531 tio,
2121 3466 2191 3521 ad
2222 3466 2432 3523 litteras
2474 3467 2621 3539 quod
2652 3468 2882 3531 attinet,
2933 3468 3149 3524 institui
3201 3469 3417 3528 debeat.
3472 3471 3542 3526 Et

1967 3558 2127 3626 paulo
2156 3568 2310 3628 post:
2360 3559 2431 3615 At
2465 3576 2588 3631 quae
2610 3561 2854 3617 secunda
2886 3559 3181 3634 (Epistola)
3205 3562 3275 3617 ad
3319 3564 3540 3623 eosdem

1969 3650 2328 3725 (Corinthios)
2353 3652 2574 3721 dicitur,
2604 3655 2852 3726 rejicitur
2874 3662 2934 3710 ut
2955 3656 3157 3712 notha:
3187 3659 3542 3728 quemadmo-

1964 3744 2093 3800 dum
2120 3753 2175 3802 et
2212 3747 2372 3819 longa
2393 3747 2486 3802 illa
2513 3747 2834 3821 disputatio,
2870 3750 3018 3808 beati
3051 3748 3199 3808 Petri
3230 3760 3284 3809 et
3310 3752 3540 3826 Apionis

279 3837 363 3902 ὡς
391 3836 543 3900 νόθος
574 3835 1030 3907 ἀποδοκιμάζεται
1052 3854 1067 3868 ·
1093 3834 1281 3907 ὥσπερ
1311 3834 1749 3906 ἐπιγραφόμενος
1774 3836 1861 3889 ἐπ’

1984 3853 2158 3897 nomen
2189 3840 2504 3912 praeferens.

278 3930 513 4002 ὀνόματι
539 3928 702 3984 αὐτοῦ
738 3930 947 4002 Πέτρου
978 3930 1075 3984 καὶ
1102 3928 1366 3994 Ἀπίωνος
1394 3929 1713 4000 πολύστιχος
1744 3928 1860 3983 διά-

278 4021 460 4091 λογος.

1814 4248 2004 4307 XVIII.

1097 4435 1431 4492 HINCIABUS.
1473 4431 1551 4488 De
1573 4433 1796 4488 divortio
1824 4432 2067 4489 Lotharii
2095 4440 2146 4488 et
2180 4429 2466 4504 Tetbergw,
2497 4448 2619 4505 cap.
2658 4433 2716 4490 9.

340 4618 410 4674 Et
438 4618 496 4674 in
516 4614 664 4673 Petri
694 4615 1000 4682 Itinerario,
1027 4616 1094 4673 de
1114 4615 1414 4673 Clementis
1440 4624 1595 4687 patre
1624 4616 1843 4688 legitur;
1877 4625 1923 4681 ι)
1951 4615 2150 4675 Petrus
2176 4632 2300 4673 eum
2341 4616 2435 4687 qui
2455 4624 2575 4673 erat
2606 4616 2923 4673 intuebatur
2942 4629 2963 4667 :.
2982 4622 3038 4671 et
3066 4627 3253 4680 orans,
3283 4612 3525 4684 discipu-

266 4712 418 4784 quod
442 4718 504 4765 ut
537 4726 569 4766 a
595 4711 845 4767 fidelibus
871 4709 1291 4778 interﬁceretur,
1337 4725 1367 4764 a
1426 4708 1651 4765 Simone
1685 4711 1845 4780 Mago
1955 4711 2039 4766 los
2062 4710 2131 4766 ad
2158 4726 2348 4767 eorum
2372 4711 2562 4767 oculos
2608 4710 2887 4767 revocavit
2906 4728 2929 4778 ;.
2946 4715 3001 4766 et
3022 4708 3215 4764 deluso
3263 4706 3528 4778 phantas-

266 4817 433 4878 que-tn
457 4807 792 4873 deseruerat,
829 4818 1106 4878 unguento
1137 4814 1458 4876 perunctus,
1481 4805 1725 4876 ejusdem
1758 4805 1847 4860 Si-
1953 4812 2119 4871 mate,
2154 4805 2482 4861 intuentium
2511 4804 2796 4860 obtutibus
2825 4803 3063 4874 speciem
3094 4800 3372 4873 propriam
3395 4796 3540 4858 red-.

268 4902 455 4957 monis
510 4900 802 4971 imaginem
833 4900 1075 4956 omnium
1106 4901 1281 4957 oculis
1331 4900 1635 4969 referebat;
1693 4900 1845 4957 solus
1952 4897 2111 4956 didit.
2136 4898 2413 4971 Recognit.
2442 4897 2536 4955 lib.
2566 4914 2624 4966 ι,
2650 4913 2769 4968 cap.
2800 4897 2891 4963 53,
2916 4888 3022 4952 etc.

1825 5076 1964 5132 XIX.

767 5258 1114 5327 Hunnsnws,
1141 5262 1436 5334 episcopus
1467 5256 1647 5333 S'ylvae
1671 5258 1961 5325 Candidaa,
1983 5257 2037 5313 in
2066 5255 2420 5329 Responsione
2452 5254 2531 5307 ad‘
2558 5250 2766 5308 Nicen:
2792 5250 3005 5306 librum.

336 5435 472 5493 Nam
514 5436 811 5495 Clementis
851 5438 1010 5504 liber,
1049 5439 1103 5509 id
1160 5446 1246 5496 est
1293 5436 1637 5493 ltinerarium
1689 5433 1837 5491 Petri
1944 5431 2277 5504 apocrypha.
2320 5430 2446 5485 Vide
2471 5430 2685 5487 Decreti
2710 5432 2941 5501 primam
2968 5438 3207 5501 partem,
3231 5430 3357 5485 άτιι,
3423 5431 3524 5497 Ιϐ,;

257 5533 523 5607 apostoli,
550 5543 605 5589 et
629 5533 880 5592 Canones
908 5535 1279 5606 apostolorum
1306 5541 1668 5589 numerantur
1691 5532 1834 5587 inter
1943 5543 2058 5596 cap.
2085 5527 2139 5582 ὅ.

348 5792 463 5870 (16)
486 5795 721 5870 Μυρίῳν
748 5760 1138 5870 circumlde
1165 5795 1458 5870 rspsc._Al_.
1504 5794 1838 5870 ‘An’_ér:av-
1931 5793 2130 5866 τότητα
2168 5790 2419 5870 ⁵τίῆ-Θεοῦ
2445 5787 2756 5870 ᾜΞικλησία
2781 5788 3034 5870 ἀπέθετο.
3070 5788 3158 5847 Sic
3191 5790 3258 5845 ad
3304 5792 3508 5864 margi-

274 5863 547 5937 ωροωκὼς
574 5858 779 5935 ταύτην
811 5867 840 5917 ό
877 5858 1283 5938 μξταφραστὴς,
1323 5863 1545 5917 πλοῦτον
1578 5864 1671 5917 καὶ
1709 5882 1836 5918 ταυ-

1984 5858 2059 5920 ειιὶ
2083 5858 2457 5920 ροι1.”Μ;ιχίιιιί
2483 5858 2772 5917 Μιιιάιιιιὶἰ.
2806 5858 3043 5919 Hosscn.
