4000 6266
444 360 575 416 1171

1263 365 1321 421 S.
1357 362 1749 420 CLEMENTIS
1781 363 1800 417 l
1836 361 2018 460 ΒΟΜ.⁸
2041 359 2243 418 ΡΟΝΤ.
2280 361 2507 418 OPERA
2540 360 2768 418 DUBIA.

3556 360 3698 416 H72

2005 543 2122 599 XX.

1007 661 1282 722 Csenatus
1306 659 1614 728 Cannenus,
1641 661 1697 716 in
1729 661 2051 732 Compendio
2084 660 2473 725 Historiarum,
2509 659 2646 717 edit.
2671 658 2867 724 Basil.,
2898 675 2952 730 p.
2979 657 3102 716 {70.

506 819 626 873 Alia
657 832 876 890 quoque
901 817 1166 873 miracula
1199 818 1433 890 (Petrus
1453 826 1509 872 et
1557 815 1746 871 Simon
1785 814 2010 889 Magus)
2043 831 2057 880 Α

2183 817 2292 870 Καὶ
2329 816 2425 888 μέν
2453 833 2535 869 τοι
2574 817 2666 869 καὶ
2712 815 2844 872 ἄλλα
2878 819 3078 888 σημεῖα
3128 817 3388 889 ἐποίησαν
3422 816 3587 870 πολλὰ
3633 815 3696 870 οὐ

435 910 755 965 ediderunt:
788 924 966 980 neque
989 909 1045 964 id
1071 909 1264 964 Romae
1297 909 1482 972 modo,
1511 909 1608 964 sed
1661 919 1789 965 ante
1843 911 2012 966 etiam

437 1005 493 1058 in
526 1002 714 1074 Syria;
758 1019 878 1073 quae
929 1001 1182 1059 Clemens
1211 1001 1516 1065 Romanus,
1571 1003 2012 1072 sapientissimus

436 1093 585 1150 Petri
615 1094 918 1165 discipulus
947 1102 1110 1165 atque
1142 1109 1352 1157 comes,
1387 1095 1666 1150 recitavit:
1716 1111 1782 1149 ex
1811 1095 2013 1166 quibus

438 1201 614 1256 pauca
661 1186 751 1240 hie
797 1202 1083 1258 ponemus.
1135 1186 1338 1254 Quibus
1389 1188 1614 1256 prolatis
1670 1186 1853 1243 addit:
1887 1186 2014 1243 Haec

439 1279 607 1349 igitur
637 1285 694 1333 et
723 1278 832 1332 alia
855 1279 1054 1333 similia
1077 1279 1354 1342 Clemens,
1381 1278 1844 1349 quemadmodum
1874 1278 2011 1343 dixi,

439 1370 829 1442 scripsitdicta
867 1377 1031 1441 atque
1063 1369 1206 1425 facta
1231 1369 1405 1427 fuisse
1440 1371 1497 1426 in
1529 1371 1711 1443 Syria,
1743 1370 1877 1442 Lege
1905 1370 2017 1428 Re-

441 1464 650 1533 cognit.
689 1461 782 1518 lib.
817 1477 878 1526 ιι,
900 1479 1017 1532 cap.
1044 1463 1134 1526 '57,
1163 1470 1299 1529 etc.;
1334 1463 1425 1517 lib.
1459 1478 1541 1527 ιιι,
1564 1479 1680 1532 cap.
1712 1463 1802 1528 4'7;
1839 1462 1931 1518 tib.
1959 1480 2015 1529 ιι,

439 1573 556 1616 cap.
587 1557 690 1622 53;
723 1554 1013 1615 Clement.,
1057 1556 1198 1611 hom.
1223 1558 1277 1620 5,
1313 1575 1368 1611 n.
1402 1558 1492 1619 58,
1523 1565 1632 1612 etc.

2123 911 2280 981 μόνον
2305 912 2361 963 ἐν
2395 909 2601 983 Ῥώμῃ,
2635 909 2769 963 ἀλλὰ
2791 911 2884 964 καὶ
2908 912 2964 963 ἐν
2985 909 3152 982 Συρίᾳ
3178 910 3443 982 πρότερον
3468 927 3480 940 ·
3519 910 3554 963 ἆ
3576 927 3699 963 τινα

2119 1001 2351 1073 Κλήμης
2381 1003 2410 1056 ὁ
2449 1003 2714 1073 Ῥωμαῖος
2759 1003 2852 1055 καὶ
2884 1002 3156 1072 πάνσοφος
3200 1002 3439 1074 μαθητὴς
3487 1003 3698 1075 Πέτρου

2120 1093 2216 1146 καὶ
2245 1093 2579 1164 συνέκδημος
2605 1094 2918 1166 διηγήσατο·
2955 1096 3048 1164 ἀφ’
3083 1088 3157 1149 ὧν
3178 1095 3334 1164 ὀλίγα
3368 1094 3701 1166 συντάξομεν

2121 1187 2378 1241 ἐνταῦθα.
2441 1186 2655 1253 Quibus
2691 1187 3054 1258 interpositis,
3087 1187 3388 1258 subjungit,
3417 1202 3540 1257 pag.
3569 1188 3695 1243 175:

2123 1276 2306 1332 Ταῦτα
2330 1280 2507 1350 μέντοι
2529 1281 2623 1335 κα),
2650 1279 2813 1353 ἕτερα
2838 1279 3061 1334 τοιαῦτα
3079 1279 3447 1351 γεγράφηκεν,
3478 1280 3552 1342 ὡς
3582 1278 3698 1351 (l7)

2121 1371 2246 1442 ἔφη,
2307 1371 2539 1443 Κλήμης
2594 1371 2849 1444 λεχθῆναι
2881 1374 2976 1428 καὶ
3026 1371 3334 1443 πραχθῆναι
3388 1373 3445 1426 ὲν
3506 1371 3694 1442 Συρίᾳ.

2119 1463 2262 1534 Lege
2301 1463 2669 1528 Amsnsmu,
2703 1472 2899 1534 quaest.
2925 1465 2995 1520 20
3020 1506 3034 1531 ,
3074 1463 3446 1532 Nicspaonun,
3479 1461 3696 1518 Hister.

2119 1557 2270 1620 eccl.,
2294 1557 2389 1612 lib.
2421 1573 2482 1623 ιι,
2518 1573 2638 1629 cap.
2664 1558 2780 1626 27;
2839 1557 3283 1615 pssum-Annum
3301 1596 3323 1621 ,.
3343 1558 3437 1612 lib.
3475 1571 3514 1609 ι,

2000 1745 2136 1799 XXI.

1081 1901 1350 1958 Eunomus
1372 1902 1908 1966 Aucusronuasnsrs,
1936 1900 2030 1955 lib.
2053 1899 2132 1956 De
2164 1901 2515 1954 luminaribus
2547 1898 2821 1967 Ecclesiae,
2857 1915 2979 1972 cap.
3008 1901 3094 1956 15.

471 2057 476 2060 ’
515 2061 771 2118 Clemens
803 2060 1028 2130 scripsnt
1052 2058 1342 2128 epistolam
1368 2057 1433 2111 ad
1468 2055 1883 2112 Corinthiorum
1913 2054 2018 2111 Ec-
2049 2065 2092 2120 Β
2121 2055 2263 2112 inter
2295 2057 2605 2128 apocrypha
2633 2064 3015 2114 numerantur.
3051 2056 3153 2111 Adi
3191 2057 3367 2112 Vitam
3384 2056 3702 2125 Clementis,

441 2155 687 2219 clesiam,
718 2152 872 2209 valde
897 2154 1083 2208 utilem
1108 2171 1122 2219 ;
1148 2160 1201 2207 et
1229 2149 1575 2204 itinerarium
1604 2148 1772 2213 Petri,
1800 2155 1855 2204 et
1890 2147 2016 2203 Dis-

440 2247 774 2317 putationem
837 2245 982 2302 Petri
1011 2252 1066 2301 et
1113 2242 1376 2314 Apionis;
1427 2249 1481 2298 et
1503 2241 1673 2296 multa
1723 2241 1849 2306 alia,
1893 2253 2016 2307 quae

513 2403 626 2474 (i7)
659 2403 830 2472 Ἔφη.
853 2402 983 2473 ch.
1009 2401 1166 2472 ἔφην.

2123 2149 2180 2202 in
2222 2149 2530 2220 Pontiﬁcali
2560 2151 2714 2205 libra.

1552 2765 2508 2883 DISSERTATIO

526 2995 614 3058 De
661 2994 889 3057 decem
923 2993 1108 3056 libris
1140 2992 1667 3073 Recognt’tt'on-um
1716 2993 1779 3054 S.
1819 2989 2190 3073 Clementis,
2222 2990 2300 3073 ad
2329 2989 2638 3073 Iacobum
2676 2989 2936 3073 fratrem
2966 2987 3251 3062 Domini,
3287 3006 3323 3051 a
3376 2988 3618 3050 Ruﬁno

1308 3068 1685 3152 presbytero
1720 3068 2126 3148 Aquileiam]
2158 3069 2223 3131 in
2257 3069 2557 3132 Latinum
2583 3070 2810 3133 versis.

768 3239 943 3303 linem.
965 3239 1038 3288 Le
1079 3237 1302 3296 Νοσιιιιτ,
1329 3238 1606 3302 Apparatus
1625 3233 1691 3283 ad
1716 3231 2061 3287 Bibliothecam
2081 3247 2214 3286 max.
2244 3235 2351 3285 Vel.
2377 3235 2540 3296 Patr.,
2563 3248 2613 3297 p.
2635 3233 2757 3296 2H;
2786 3232 2974 3295 Paria,
3000 3231 3139 3296 1705,
3167 3231 3347 3298 in-t‘ol.)

865 3559 1264 3616 ARTICULUS
1300 3559 1586 3616 PRIMUS.

820 3655 1071 3725 Analysis
1120 3654 1308 3708 horum
1355 3653 1633 3710 librorum.

506 3750 713 3805 Auctor
757 3748 924 3816 hujus
954 3746 1139 3818 aperis
1169 3747 1238 3801 ab
1265 3747 1391 3817 ipso
1415 3746 1544 3803 libri
1580 3748 1743 3819 primi
1789 3747 2014 3804 exordio

434 3844 537 3899 sibi
566 3857 766 3898 nomen
805 3840 1098 3906 Clementi,
1129 3839 1357 3920 Romam
1401 3855 1533 3896 vero
1573 3841 1807 3912 patriam
1840 3841 2016 3898 fuisse

433 3937 610 3991 dicit:
657 3941 960 4005 narretque
1007 3948 1118 4004 quo
1160 3923 1518 4003 tpse'modo,
1544 3943 1598 3989 et
1630 3948 1663 3990 a
1705 3933 1907 4005 quibus
1957 3936 2013 3991 in

431 4028 636 4085 Christi
665 4027 1033 4098 cognitionem
1061 4028 1133 4082 sit
1159 4026 1452 4081 adductus.
1477 4025 1568 4081 Ait
1594 4033 1773 4082 autem
1802 4043 1861 4085 se
1886 4043 2012 4084 cum

431 4122 638 4178 frustra
668 4120 1122 4192 phiIOSOphorum
1152 4119 1391 4184 scholas,
1419 4127 1480 4175 ut
1507 4119 1576 4176 de
1603 4121 2013 4177 immortalitate

431 4217 648 4281 animm,
673 4213 974 4285 mundique
1003 4213 1280 4269 creatione
1308 4223 1361 4269 et
1384 4213 1672 4270 duratione
1699 4215 2014 4280 doceretur,

430 4310 851 4381 frequentasset,
879 4307 948 4362 ad
973 4305 1282 4362 Barnabam
1307 4305 1513 4362 Christi
1533 4306 1885 4378 discipulum,
1917 4308 2010 4379 qui

430 4413 561 4459 tunc
576 4402 807 4458 Romam
835 4401 1152 4465 advenerat,
1178 4414 1307 4455 sese
1322 4400 1642 4456 contulisse.
1669 4399 1825 4455 Hunc
1848 4415 2012 4470 porro

428 4503 488 4550 ut
530 4497 646 4566 ipse
694 4495 860 4559 fatur,
901 4493 1151 4564 publicos
1193 4492 1259 4546 ad
1296 4492 1556 4561 populum
1602 4507 1883 4548 sermones
1913 4493 2012 4548 ha-

425 4589 644 4644 bentem
676 4588 921 4650 oﬁ’en-dit,
959 4601 1195 4657 eumque
1219 4585 1480 4642 adversus
1514 4585 1882 4656 philosophos,
1917 4603 2010 4643 ru-

425 4681 549 4736 dem
579 4688 634 4736 et
661 4679 967 4750 impolitum
1001 4679 1151 4734 illius
1179 4677 1398 4734 dicendi
1439 4693 1646 4734 morem
1693 4680 2004 4744 irridentes,

427 4773 600 4827 tuitus
629 4779 732 4837 est,
759 4787 824 4825 ac
851 4771 906 4826 in
937 4770 1159 4825 domum
1191 4785 1350 4826 suam
1379 4778 1568 4840 postea
1599 4771 1844 4828 deduxit.
1877 4772 2008 4828 Inde

424 4865 580 4918 illum
609 4864 666 4920 in
694 4861 961 4927 Judaeam,
993 4863 1176 4934 magni
1199 4861 1513 4919 Judaaorum
1546 4863 1668 4920 festi
1693 4866 2008 4921 celebrandi

2039 3579 2081 3635 ο
2117 3565 2232 3613 trus
2267 3564 2374 3613 tam
2403 3557 2642 3614 dilucide
2672 3556 2943 3628 probavit,
2984 3572 3048 3613 ac
3087 3557 3312 3628 insuper
3341 3565 3491 3612 tanta
3525 3561 3696 3615 clari-

2119 3659 2231 3707 tate
2258 3653 2374 3722 qttis
2397 3662 2530 3706 esset
2558 3668 2707 3706 verus
2733 3651 3016 3721 Propheta,
3045 3652 3318 3719 ostendit;
3340 3652 3690 3719 utClemens.

2118 3743 2493 3802 Christianam
2545 3744 2702 3799 ﬁdem
2756 3745 3134 3815 amplexatus,
3186 3745 3385 3800 librum
3445 3745 3519 3799 De
3569 3761 3694 3804 vero

2123 3836 2404 3907 Propheta,
2438 3852 2599 3908 quem
2638 3836 3069 3911 Hierosolymam
3106 3837 3257 3894 misit
3293 3837 3360 3892 ad
3395 3836 3688 3905 Iacobum,

2115 3931 2298 3986 statim
2327 3933 2723 4003 composuerit.

2185 4024 2284 4082 Die
2317 4025 2591 4096 sequenti,
2624 4023 2834 4080 nuntiis
2875 4023 3116 4094 acceptis
3145 4021 3421 4079 Simonem
3470 4023 3690 4094 Magum

2115 4118 2374 4174 indictam
2419 4136 2450 4174 a
2501 4135 2560 4174 se
2601 4133 2727 4172 cum
2765 4116 2928 4173 Petro
2977 4116 3398 4186 disputationem
3443 4126 3566 4188 post
3598 4133 3692 4172 se-

2115 4220 2258 4283 ptem
2287 4211 2404 4267 dies
2432 4210 2740 4276 distulisse.
2766 4211 3040 4275 Clemens,
3071 4221 3296 4280 rogante
3321 4209 3506 4274 Petro,
3533 4209 3692 4280 quid-

2113 4303 2244 4374 quid
2273 4304 2530 4360 hesterna
2568 4305 2658 4362 die
2695 4305 2764 4360 ab
2794 4320 2861 4362 eo
2890 4305 3159 4371 audierat,
3199 4304 3514 4359 memoriter
3559 4303 3694 4357 red-

2112 4397 2270 4453 didit.
2301 4396 2442 4453 Tum
2467 4395 2689 4463 Petrus,
2734 4398 2957 4454 laudata
2998 4398 3118 4467 ejus
3157 4398 3431 4453 memoriae
3476 4397 3695 4453 tenaci-

2111 4499 2242 4555 tate,
2285 4491 2388 4562 ipsi
2432 4507 2774 4563 quzecunque
2815 4499 3008 4548 notatu
3046 4490 3294 4561 digniora
3342 4506 3372 4544 a
3408 4492 3692 4546 creatione

2110 4585 2301 4640 mundi
2347 4585 2416 4641 ad
2454 4596 2698 4642 extrema
2746 4599 2923 4655 usque
2949 4583 3062 4640 veri
3110 4581 3392 4654 Propheta:
3436 4590 3688 4652 tempora

2111 4687 2434 4744 evenerant,
2481 4680 2750 4744 narravit,
2802 4681 3136 4750 planumque
3169 4678 3298 4734 fecit
3330 4693 3437 4748 qua
3469 4677 3692 4733 ratione

2110 4773 2319 4842 primus
2346 4780 2399 4828 et
2428 4773 2708 4830 secundus
2734 4773 2941 4828 Christi
2987 4771 3254 4828 adventus
3283 4772 3688 4842 praenuntiatus

2111 4865 2297 4931 fuerit,
2327 4875 2387 4922 et
2409 4883 2570 4937 quem
2600 4868 2655 4922 in
2686 4868 2866 4922 locum
2894 4867 3090 4922 anima:
3127 4868 3408 4923 hominum
3440 4874 3563 4936 post
3589 4881 3690 4920 eo-

423 4974 612 5023 musa,
637 4963 1002 5014 revertentem
1036 4955 1348 5026 quindecim
1380 4963 1505 5027 post
1534 4956 1729 5012 diebus
1760 4965 2000 5021 secutus,
2038 4944 2079 4999 9
2108 4977 2228 5015 rum
2262 4968 2493 5017 mortem
2522 4961 2634 5018 sint
2665 4959 3076 5033 congreganda.

420 5052 685 5109 Caesareae
723 5049 996 5107 Stratonis
1035 5057 1371 5105 consecutus
1413 5057 1519 5105 est.
1558 5051 1836 5107 Barnabas
1870 5065 2002 5107 vero

420 5165 544 5203 eum
598 5145 889 5203 confestim
918 5144 1073 5200 ducit
1111 5143 1179 5198 ad
1221 5141 1466 5207 Petrum,
1509 5157 1540 5196 a
1586 5157 1696 5213 quo
1724 5144 2000 5214 benignis-

421 5241 559 5297 sime
611 5240 906 5310 excipitur,
949 5238 1282 5309 jubeturque
1331 5251 1612 5293 sermones
1649 5244 1705 5291 et
1747 5237 1997 5308 disputa-

420 5335 599 5390 tiones
621 5349 834 5396 omnes,
860 5347 997 5403 quas
1029 5329 1308 5401 deinceps,
1343 5330 1519 5384 donec
1550 5327 1776 5384 Romam
1809 5345 2002 5400 perve-

419 5427 637 5491 nerint,
688 5426 979 5481 habiturus
1016 5430 1169 5487 erat,
1228 5429 1433 5479 attente
1489 5423 1698 5478 audiat.
1755 5421 2000 5495 Spondet

418 5520 694 5585 Clemens,
737 5527 1000 5591 rogatque
1047 5517 1293 5579 Petrum,
1344 5523 1402 5571 ut
1449 5517 1644 5571 animm
1685 5529 1889 5574 nostra:
1944 5518 1997 5572 in

419 5613 625 5670 Christi
659 5613 927 5683 judicium
957 5618 1082 5683 post
1126 5618 1357 5666 mortem
1395 5611 1728 5666 adducenda:
1772 5612 1996 5667 immor-

2177 5054 2418 5126 Longam
2469 5064 2593 5127 post
2640 5056 2755 5111 haec
2787 5053 3236 5125 disputationem,
3284 5068 3450 5123 quam
3489 5067 3684 5107 omnes

2107 5157 2160 5204 et
2189 5149 2391 5220 singuli
2420 5150 2624 5220 quique
2659 5149 2893 5221 apostoli
2933 5149 2988 5202 in
3020 5147 3514 5220 Hierosolymitano
3543 5154 3685 5202 tem-

2105 5243 2195 5312 plo
2231 5255 2329 5313 per
2376 5251 2502 5298 octo
2549 5242 2666 5298 dies
2709 5258 2833 5297 cum
2860 5241 3061 5299 Iudaeis
3106 5242 3365 5304 inierant,
3411 5241 3681 5310 integram

2103 5341 2384 5406 totamque
2431 5336 2686 5406 exponit,
2733 5336 3086 5408 declaratque
3137 5335 3412 5406 quomodo
3458 5336 3512 5389 in
3575 5333 3684 5389 line

2103 5426 2284 5493 illius,
2325 5428 2593 5484 seditione
2645 5436 2796 5493 orta,
2857 5429 2959 5500 ipsi
3014 5427 3270 5483 Hiericho
3324 5427 3677 5483 secesserint.

2103 5518 2234 5576 Inde
2278 5529 2459 5578 autem
2488 5521 2726 5579 Iacobus
2754 5522 2998 5586 Petrum,
3033 5532 3092 5577 ut
3139 5523 3449 5586 Simonem,
3494 5520 3586 5590 qui
3618 5536 3681 5575 se

2102 5613 2380 5671 Christum
2419 5625 2474 5672 et
2516 5633 2784 5672 summam
2837 5617 3037 5673 excelsi
3081 5616 3178 5672 Dei
3229 5617 3485 5672 virtutem
3553 5630 3679 5671 esse

418 5707 712 5770 talitatem,
741 5722 804 5761 ac
828 5706 1090 5759 mundum
1124 5704 1285 5760 tinem
1318 5703 1613 5774 aliquando
1643 5713 1996 5774 accepturum
2098 5707 2360 5777 jactabat,
2409 5710 2737 5774 confutaret,
2786 5711 3090 5766 Caesaream
3121 5710 3339 5765 direxit.
3370 5709 3449 5763 Ad
3493 5715 3678 5763 extre-

417 5815 541 5856 esse
594 5800 697 5856 sibi
741 5800 1100 5855 demonstret.
1137 5799 1267 5864 Qua:
1301 5797 1521 5868 quidem
1564 5798 1855 5868 derepente
1889 5798 1992 5855 Pe-

2105 5818 2251 5858 mum
2292 5802 2544 5861 Clemens
2586 5804 2652 5860 de
2697 5805 2782 5860 his
2839 5804 3095 5860 omnibus
3139 5818 3260 5873 quae
3306 5818 3334 5856 a
3378 5800 3540 5858 Petr.)
3578 5815 3676 5854 ac-
