4000 6266
339 309 478 365 1173

1397 301 2040 359 RECOGNITIONES.—
2075 303 2436 360 PROU'JMIA.

3444 313 3586 368 ιιτι

333 429 585 496 ceperat,
639 420 777 475 actis
828 417 1046 490 gratiis,
1088 417 1321 488 primum
1380 417 1525 472 hunc
1564 419 1765 474 librum
1803 420 1902 474 ab-
1933 437 1979 493 Α
2006 427 2327 476 consuetum
2359 419 2746 490 disputationis
2776 421 2956 474 locum
2999 423 3252 478 accessit.
3292 424 3370 479 lbi
3401 436 3592 482 autem:

335 514 515 571 solvit.

401 605 459 659 In
493 620 723 660 secusne
765 611 945 657 autem
997 619 1156 657 uano
1203 610 1391 657 narrat
1437 603 1733 674 quomodo,
1759 610 1900 658 stata

330 697 713 767 disputationis
767 694 913 750 Petri
969 695 1240 752 adversus
1291 694 1568 750 Simonem
1617 695 1738 759 die,
1787 695 1902 764 ipse

329 791 634 860 apostolus,
680 791 877 859 primis
918 789 1186 860 gallorum
1217 788 1472 844 cantibus
1517 804 1548 844 e
1588 789 1730 843 lecto
1774 803 1901 843 sur-

325 897 476 952 gens,
506 889 555 936 et
595 897 768 951 pauca
807 881 1056 951 quaedam
1097 881 1165 936 de
1193 881 1244 935 vi
1275 881 1689 936 consuetudinis
1721 887 1899 933 matu-

321 975 440 1029 rius
470 974 723 1042 surgendi
755 973 1036 1042 prmfatus,
1072 973 1142 1027 ab
1166 973 1362 1042 Aquila
1394 980 1448 1028 et
1477 971 1688 1035 Niceta,
1721 987 1898 1042 quon-

320 1065 444 1120 dam
478 1064 720 1121 Simonis
748 1065 1052 1135 discipulis,
1079 1077 1213 1120 tunc
1238 1073 1420 1120 autem
1451 1065 1518 1118 ad
1553 1064 1710 1119 fidem
1738 1064 1897 1119 Chri-

317 1158 552 1212 stianam
593 1160 892 1222 conversis,
921 1159 1046 1228 quis
1073 1158 1163 1213 ille
1191 1173 1406 1228 magus,
1441 1166 1496 1212 et
1526 1159 1729 1227 quibus
1777 1173 1893 1209 nta-

316 1250 464 1304 ribus
500 1260 551 1305 et
580 1251 786 1304 actibus
803 1261 958 1314 esset,
992 1251 1196 1306 certior
1225 1250 1342 1306 ﬁeri
1375 1251 1626 1304 voluerit.
1660 1248 1752 1304 Sic
1785 1250 1891 1302 ita-

313 1360 422 1413 que
451 1342 645 1399 Petrus
669 1346 737 1398 ad
763 1344 1190 1414 disputationem
1222 1344 1546 1404 instructus,
1580 1341 1648 1395 ad
1691 1343 1889 1395 atrium

311 1434 523 1499 domus,
570 1437 623 1489 in
663 1452 764 1504 quo
806 1446 921 1490 erat
962 1435 1248 1490 multitudo
1277 1453 1395 1492 cum
1426 1436 1641 1492 Simone
1673 1454 1889 1508 congre-

310 1536 458 1596 gata,
478 1527 840 1597 progreditur.
867 1527 942 1582 lbi
968 1529 1270 1598 apostolus,
1293 1537 1416 1598 post
1435 1530 1652 1585 brevem
1680 1530 1746 1584 dc
1759 1545 1890 1599 pace

311 1637 344 1675 a
385 1622 606 1676 Christo
637 1622 694 1676 in
722 1621 986 1676 mundum
1033 1623 1195 1676 allata
1237 1623 1684 1692 disputationem,
1717 1621 1886 1677 Deum

309 1713 434 1768 coeli
463 1723 516 1768 et
545 1722 704 1769 terrae
733 1723 1038 1769 creatorem
1083 1730 1205 1769 esse
1237 1715 1458 1771 invictis
1505 1715 1756 1786 probavit
1797 1731 1888 1768 ar-

2007 513 2242 568 salutato
2296 513 2516 582 pepulo,
2561 521 2613 567 et
2656 515 2846 584 paucis
2875 514 2944 568 de
2985 516 3176 572 ordine
3209 518 3266 573 in
3307 519 3582 588 discepta-

2003 603 2250 658 tionibus
2275 603 2508 658 tenendo
2535 606 2854 675 praemissis,
2887 607 3350 664 immortalitatem
3392 613 3586 667 animae

2002 711 2070 749 ex
2120 696 2186 749 iis
2233 711 2354 764 qua:
2398 695 2541 751 Deus
2588 699 2885 769 unicuique
2933 699 3141 755 homini
3183 712 3307 772 post
3353 713 3584 759 mortem

2001 786 2317 846 redditurus
2360 797 2466 853 est,
2500 790 2739 860 primum
2783 792 3202 849 demonstravit.
3240 794 3446 850 Dehinc
3493 793 3583 850 Si-

2000 878 2179 942 inani,
2221 881 2486 935 nonnulla
2536 883 2704 937 variis
2744 885 2971 953 argutiis
3023 896 3215 941 contra
3261 887 3578 956 objicienti,

1999 969 2293 1025 confestim
2327 975 2608 1044 respondit
2641 976 2801 1029 illum
2821 975 2889 1031 de
2919 977 3023 1033 hac
3068 979 3265 1034 animm
3299 981 3583 1036 immortae

1998 1062 2149 1118 litate
2176 1079 2240 1118 ex
2266 1067 2415 1132 pueri
2444 1067 2695 1120 violenter
2727 1070 2898 1122 necati
2929 1069 3184 1140 imagine,
3213 1088 3376 1141 quam
3406 1072 3460 1126 in
3498 1075 3582 1128 in-

1997 1154 2186 1209 teriori
2213 1172 2315 1210 suo
2348 1158 2608 1214 cubiculo
2651 1161 2991 1224 asservabat,
3026 1179 3188 1232 posse
3230 1164 3347 1219 fieri
3385 1166 3582 1220 certio-

1996 1262 2131 1303 rem.
2179 1247 2274 1303 His
2310 1249 2472 1304 dictis
2506 1249 2711 1315 Simon,
2761 1254 3084 1307 conscientia
3137 1273 3446 1323 percussus,
3487 1275 3579 1311 ve-

1994 1339 2141 1392 niam
2169 1355 2198 1393 a
2232 1340 2415 1404 Petro,
2460 1359 2621 1412 quem
2665 1343 2810 1399 istud
2845 1346 3166 1415 prophetico
3199 1349 3406 1417 spiritu.
3437 1350 3579 1406 didi-

1993 1430 2136 1486 cisse
2182 1433 2469 1498 credebat,
2522 1436 2752 1505 supplex
2786 1439 3054 1506 poposcit.
3099 1437 3205 1494 Sed
3241 1441 3342 1494 ubi
3381 1440 3577 1500 Petrus

1994 1524 2046 1577 id
2081 1525 2148 1578 ab
2178 1525 2247 1580 iis
2277 1527 2372 1596 qui
2414 1542 2540 1582 cum
2573 1544 2637 1584 eo
2669 1530 2920 1584 vixerant
2967 1546 3026 1586 se
3067 1534 3347 1604 accepisse
3395 1537 3574 1606 palam

1991 1615 2274 1685 professus
2298 1618 2512 1685 fuisset,
2553 1627 2686 1675 tunc
2719 1621 2930 1688 Simon,
2967 1624 3050 1677 ira
3091 1626 3353 1694 percitus,
3396 1638 3450 1683 et
3479 1646 3575 1682 va-

1991 1707 2088 1762 riis
2134 1711 2480 1766 contumeliis
2523 1728 2730 1769 vexans
2778 1715 3088 1784 apostolum
3131 1736 3143 1770 :
3179 1714 3456 1786 Fortunw,
3489 1721 3574 1774 in-

306 1808 606 1878 gumentis;
653 1816 816 1878 atque
858 1824 1049 1864 omnes
1085 1807 1322 1866 Simonis
1356 1809 1717 1880 obiectiones,
1754 1823 1879 1863 cum
1917 1799 1959 1856 Β
1987 1799 2124 1866 quit,
2159 1817 2262 1853 non
2294 1805 2531 1858 veritatis
2567 1814 2645 1859 est
2681 1807 2786 1860 ista
2825 1809 3066 1864 victoria.
3099 1807 3295 1864 Petrus
3337 1826 3467 1865 vero
3505 1828 3572 1870 ex

305 1915 370 1954 ex
413 1899 696 1969 Scriptura
725 1916 902 1967 sacra,
927 1907 1043 1955 tum
1068 1918 1132 1956 ex
1165 1902 1377 1957 ratione
1405 1902 1606 1972 petitas
1639 1901 1801 1956 diluit
1832 1908 1886 1956 et

303 1992 521 2047 evertit.
575 1991 670 2056 His
714 2001 895 2048 autem
945 1994 1080 2049 illud
1129 1995 1361 2064 adjecit,
1407 1995 1552 2066 quod
1603 1995 1884 2050 immensae

304 2085 443 2140 lucis
468 2087 744 2141 teternitas
767 2103 831 2142 ex
881 2085 1002 2157 lege
1033 2089 1207 2158 possit
1235 2089 1468 2144 ostendi.
1497 2088 1653 2143 Tunc
1689 2086 1881 2142 Siinon

301 2181 548 2249 apostolo
573 2180 853 2249 respondit
885 2197 1078 2252 magna
1107 2198 1230 2237 eum
1254 2183 1519 2252 polliceri,
1559 2181 1881 2252 spopondit-

300 2288 408 2341 que
451 2272 566 2326 fore
610 2281 668 2326 ut
707 2273 753 2329 si
787 2273 874 2328 die
902 2275 1141 2328 crastina
1178 2283 1232 2330 et
1274 2274 1478 2330 factum
1525 2276 1790 2329 mundum
1825 2285 1879 2331 et

299 2364 513 2420 animas
549 2366 886 2422 immortales
928 2383 1050 2423 esse
1095 2366 1475 2425 demonstrare
1506 2370 1766 2434 voluerit,
1808 2371 1875 2426 ad

295 2458 723 2528 disputationem
784 2460 898 2530 ipse
943 2469 1090 2517 esset
1140 2477 1484 2518 reversurus.
1533 2463 1631 2520 liis
1676 2465 1873 2533 dictis,

297 2549 489 2604 Simon
519 2566 641 2605 cum
673 2553 878 2622 populi,
912 2554 1005 2622 qui
1051 2569 1236 2610 secum
1275 2563 1518 2619 venerat,
1550 2559 1710 2612 tertia
1756 2567 1876 2612 tan-

295 2650 410 2696 tum
439 2650 592 2712 parte
618 2644 776 2699 abiit:
805 2645 985 2700 caeteri
1007 2661 1198 2701 omnes
1221 2644 1462 2713 Petrum,
1488 2647 1581 2720 qui
1609 2649 1875 2720 plurimos

296 2736 627 2790 mirabiliter
656 2738 890 2800 sanavit,
927 2739 1071 2792 ultro
1095 2741 1270 2794 secuti
1299 2749 1448 2799 sunt.

365 2826 609 2883 Tsnrius
638 2845 792 2883 Lmen
820 2832 1114 2886 secundam
1139 2841 1193 2888 et
1221 2835 1434 2888 tertiam
1458 2834 1606 2890 Petri
1636 2851 1760 2890 cum
1786 2834 1873 2890 Si-

294 2934 460 2973 mone
477 2920 934 2990 disceptationem
954 2924 1194 2981 exhibet.
1224 2924 1329 2981 Sed
1361 2935 1650 2997 antequam
1682 2928 1747 2982 ad
1779 2944 1874 2983 ea-

293 3024 417 3064 rum
435 3011 671 3080 priorem
690 3014 1092 3082 aggrederetur.
1113 3033 1329 3072 summo
1351 3033 1510 3073 mane
1529 3018 1596 3074 de
1619 3020 1870 3076 maximis

289 3117 480 3158 coram
510 3104 736 3159 confusa
783 3105 956 3174 plebis
984 3110 1335 3165 multitudine
1374 3112 1692 3181 disputandi
1731 3112 1869 3168 ditii-

290 3198 613 3261 cultatibus,
644 3208 698 3254 et
735 3199 801 3254 de
830 3201 1006 3256 tribus
1035 3204 1398 3259 sanctissima:
1433 3204 1720 3260 Trinitatis
1751 3221 1870 3276 per-

291 3291 448 3345 sonis
491 3291 633 3361 apud
676 3306 808 3346 suos
847 3292 1080 3347 breviter
1123 3294 1404 3350 disseruit.
1451 3293 1580 3350 Orta
1617 3297 1758 3361 luce,
1812 3298 1868 3353 in

290 3383 543 3437 etnndein
581 3384 850 3440 hesternae
889 3384 1277 3454 disputationis
1313 3387 1492 3442 locum
1522 3405 1580 3444 se
1609 3392 1863 3456 contulit,

290 3475 476 3544 ibique
522 3475 706 3530 Simon
773 3485 1060 3547 postquam
1105 3478 1354 3546 apostolo
1400 3480 1640 3548 magicas
1695 3489 1862 3545 artes,

289 3567 450 3634 queis
481 3575 558 3620 tot
586 3569 910 3637 populorum
962 3568 1174 3624 animos
1212 3575 1323 3622 tam
1372 3569 1482 3623 cito
1527 3570 1631 3624 sibi
1675 3574 1865 3627 conci-

291 3659 541 3723 liaverat,
569 3659 772 3716 frustra
812 3662 1221 3731 exprobrasset,
1255 3662 1325 3718 ab
1361 3661 1480 3731 ipso
1521 3663 1676 3733 petiit
1708 3672 1767 3719 ut
1810 3666 1867 3720 fi-

288 3749 445 3817 dem,
487 3751 679 3822 quade
711 3753 1060 3808 immensitate
1108 3754 1244 3809 lucis
1269 3763 1478 3810 teterna:
1513 3761 1766 3810 acturum
1803 3772 1862 3814 se

286 3857 414 3899 esse
442 3844 788 3913 promiserat,
811 3845 924 3914 jam
953 3846 1226 3904 liberaret.

362 3934 468 3990 Sed
520 3935 586 3990 ad
620 3937 783 3990 aliam
834 3938 1188 4008 quaestionem
1242 3940 1505 3996 continuo
1553 3941 1856 4012 digressus,

285 4030 527 4096 postulat
573 4029 655 4084 ab-
690 4045 775 4094 eo,
806 4046 923 4083 cum
973 4029 1114 4084 Deus
1161 4030 1344 4098 fecerit
1392 4033 1602 4099 omnia,
1642 4043 1700 4088 ut
1745 4035 1860 4104 ipse

283 4121 486 4186 aiebat,
520 4121 663 4174 unde
701 4121 775 4176 sit
802 4122 1024 4176 malum.
1063 4121 1217 4188 Quod
1249 4124 1471 4193 quidem
1505 4140 1629 4179 cum
1661 4125 1858 4182 Petrus

280 4221 476 4267 contra
514 4220 721 4268 rectum
766 4214 1154 4282 disputationis
1187 4216 1432 4271 ordinem
1465 4219 1732 4286 postulari
1763 4223 1857 4276 de-

280 4307 732 4367 monstravisset,
783 4314 915 4359 tunc
983 4305 1171 4360 Simon
1228 4325 1674 4380 unumquemque
1719 4311 1853 4376 fato.

278 4398 415 4451 sicut
451 4399 499 4451 ei
537 4397 854 4460 decernitur,
902 4399 1141 4467 pertrahi
1191 4403 1522 4470 quibusdam
1575 4413 1855 4460 rationum

1989 1890 2056 1944 iis
2084 1907 2205 1961 quae
2250 1894 2569 1966 imprudens
2618 1900 2910 1956 confessus
2954 1910 3093 1968 erat,
3146 1902 3300 1956 illum
3341 1918 3566 1974 magum

1986 1998 2108 2038 esse
2140 1985 2299 2055 plane
2347 1990 2604 2043 convicit.
2649 1990 2861 2056 Quibus
2903 1990 3091 2048 Simon
3127 1994 3458 2050 commotior
3487 1996 3570 2050 fa-

1985 2083 2128 2141 ctus,
2175 2081 2424 2148 repetitis
2475 2083 2742 2138 conviciis
2790 2084 3116 2139 seditionem
3162 2085 3368 2141 frustra
3410 2089 3567 2143 exci-

1983 2176 2102 2225 tare
2141 2173 2388 2231 tentavit.
2442 2173 2578 2228 Nam
2627 2175 2696 2230 ab
2744 2184 2959 2233 astante
3023 2177 3181 2248 plebe
3224 2178 3467 2247 ejectus,
3511 2189 3567 2234 et

1982 2260 2275 2320 derelictus
2311 2266 2381 2320 ab
2414 2268 2704 2334 omnibus,
2761 2285 2929 2323 unum
2976 2271 3355 2324 tantummodo
3375 2271 3566 2326 habuit

1982 2368 2094 2409 suae
2125 2354 2264 2428 fugae
2286 2360 2564 2415 comitem.
2591 2359 2723 2415 Post
2754 2361 2868 2416 haec
2893 2360 3088 2416 Petrus
3129 2362 3284 2416 brevi
3307 2379 3564 2420 sermone

1980 2445 2167 2502 docuit
2193 2457 2249 2504 et
2278 2450 2547 2522 irrogatas
2579 2453 2646 2507 ab
2673 2445 2993 2508 hominibus
3032 2454 3285 2523 injurias,
3325 2463 3378 2509 et
3413 2456 3563 2526 ipsos

1980 2555 2178 2610 pravos
2191 2541 2442 2600 homines
2471 2545 2744 2615 patienter
2774 2561 2896 2601 esse
2924 2545 3261 2601 tolerandos.
3292 2545 3560 2619 Denique,

1979 2648 2080 2702 pro
2122 2637 2324 2705 populo
2368 2645 2655 2707 precatus,
2702 2653 2894 2693 omnes
2934 2645 2994 2692 ut
3038 2639 3308 2694 maturius
3346 2640 3432 2695 die
3473 2657 3561 2696 se-

1977 2729 2164 2798 quenti
2196 2729 2574 2797 convenirent,
2612 2731 2915 2786 admonuit.

2046 2818 2140 2874 Ille
2177 2837 2306 2877 vero
2349 2831 2475 2877 ante
2508 2823 2684 2877 lucem
2714 2832 2916 2888 ortam,
2961 2834 3017 2879 ut
3056 2824 3258 2880 Nicetze
3303 2827 3559 2895 petitioni

1975 2908 2179 2966 faceret
2228 2914 2393 2982 satis,
2436 2915 2567 2984 quid
2616 2915 2760 2970 inter
2819 2915 2956 2970 falsa
3003 2925 3058 2971 et
3104 2933 3231 2972 vera
3282 2918 3556 2973 miracula

1973 3013 2121 3058 esset
2158 3005 2516 3074 discriminis,
2551 3008 2672 3064 fuse
2720 3010 2979 3065 ostendit.
3026 3009 3213 3064 Primo
3250 3019 3432 3066 autem
3473 3012 3558 3065 di-

1975 3095 2158 3152 luculo
2188 3096 2468 3153 Simonem
2505 3101 2709 3165 navim,
2737 3108 2796 3154 ut
2843 3099 3074 3158 Romam
3125 3111 3367 3172 peteret,
3421 3117 3558 3157 con—

1976 3190 2274 3259 scendisse,
2294 3200 2347 3246 et
2376 3193 2558 3247 omnia
2579 3195 2770 3265 magiae
2794 3210 2907 3249 suae
2931 3203 3138 3249 secreta
3168 3196 3221 3249 in
3247 3211 3398 3250 mare
3429 3212 3556 3268 pro-

1964 3281 2186 3350 jecisse,
2208 3298 2358 3340 certo
2379 3287 2587 3356 accepit
2614 3287 2828 3341 nuntio.
2859 3285 2981 3340 Haec
3016 3288 3215 3357 p0pulo
3237 3288 3349 3357 jam
3367 3299 3556 3344 coacto

1970 3375 2062 3430 ille
2099 3385 2344 3432 actutum
2384 3379 2623 3444 nuntiat,
2657 3379 2915 3450 additque
2948 3380 3291 3451 se,quamvis
3335 3378 3555 3451 fugien-

1969 3475 2077 3523 tem
2109 3468 2347 3540 Magum,
2392 3487 2461 3526 ne
2511 3473 2793 3526 hominum
2842 3481 3052 3528 mentes
3095 3474 3439 3546 depravaret,
3469 3474 3555 3528 in-

1970 3562 2125 3630 sequi
2173 3571 2492 3634 cogeretur;
2547 3565 2691 3636 apud
2737 3581 2832 3621 eos
2882 3575 3061 3621 tamen
3103 3566 3277 3623 donec
3333 3566 3388 3620 in
3428 3566 3552 3622 fidei

1968 3655 2218 3711 doctrina
2249 3665 2437 3713 essent
2466 3660 2798 3724 confirmati,
2825 3667 3294 3713 commoraturum

2036 3746 2141 3804 Per
2182 3750 2286 3805 hoc
2330 3751 2514 3822 itaque
2545 3752 2809 3822 temporis
2861 3759 3124 3822 spatium,
3157 3766 3442 3806 sermones
3479 3751 3552 3806 ad

1967 3854 2060 3896 eos
2101 3843 2490 3911 consolandos,
2520 3851 2574 3898 et
2621 3843 2743 3897 fidei
2784 3842 3031 3898 doctrina
3077 3858 3401 3913 morumque
3429 3843 3550 3915 pie-

1965 3943 2074 3988 tate
2103 3934 2448 4001 imbuendos,
2492 3936 2725 4006 singulis
2756 3935 3066 4005 quibusque.
3096 3934 3290 3991 diebus
3320 3936 3546 4003 habuit;

1963 4029 2250 4084 Zachaaum
2291 4022 2631 4098 episeopum,
2667 4028 2954 4082 duodecim
2999 4027 3369 4099 presbyteros,
3411 4045 3548 4100 qua-

1962 4127 2196 4190 tuorque
2248 4123 2454 4174 ereavit
2514 4120 2811 4187 diaconos;
2871 4118 3158 4173 duodecim
3212 4121 3380 4174 sociis
3428 4123 3545 4177 suis

1961 4222 2074 4268 tres
2105 4211 2242 4265 alios
2270 4211 2548 4280 adjunxit;
2583 4219 2746 4281 atque
2769 4227 2838 4265 ex
2869 4211 2935 4265 iis
2964 4208 3222 4266 omnibus
3251 4210 3543 4266 duodecim

1961 4308 2028 4361 ad
2079 4303 2478 4375 praedicandam
2525 4304 2733 4359 Christi
2781 4303 2972 4366 fidem,
3023 4301 3411 4374 Simonemque
3448 4304 3544 4360 dc-

1961 4399 2271 4456 bellandum
2306 4399 2595 4469 praemisit,
2623 4414 2688 4451 ac
2727 4411 2891 4467 supra
2924 4395 3210 4451 duodecim
3257 4396 3540 4451 hominum

277 4492 574 4546 momentis
625 4492 856 4561 probare
900 4491 1053 4546 nisus
1091 4500 1196 4547 est.
1243 4494 1445 4550 Contra
1490 4512 1620 4551 vero
1652 4497 1852 4555 Petrus
1887 4495 1930 4549 D
1961 4493 2130 4548 millia
2185 4492 2359 4545 sacris
2413 4490 2753 4560 regeneravit
2799 4487 3057 4558 baptismi
3105 4488 3286 4557 aquis.
3337 4488 3540 4546 Tribus

277 4579 510 4637 liberum
549 4583 787 4637 hominis
818 4584 1105 4637 arbitrium
1144 4586 1468 4641 certissimis
1512 4592 1855 4658 argumentis

277 4675 535 4730 asseruit.
565 4674 692 4730 Post
723 4675 836 4730 hate
866 4675 933 4730 ab
969 4676 1084 4745 ipso
1117 4676 1305 4731 Simon
1343 4678 1615 4747 quaesivit,
1647 4681 1695 4733 si
1741 4683 1860 4734 visi-

277 4763 378 4820 bile
403 4768 549 4821 istud
578 4769 762 4822 caelum
789 4769 1090 4831 resolvetur,
1119 4787 1212 4822 cur
1241 4773 1304 4822 ab
1333 4771 1488 4824 initio
1516 4772 1717 4839 factum
1755 4785 1854 4829 est.

280 4855 345 4911 Et
398 4876 594 4915 rursus
623 4861 692 4914 ab
739 4861 928 4916 eodem
973 4861 1134 4932 paulo
1182 4871 1307 4930 post
1355 4865 1565 4933 rogavit
1614 4880 1715 4918 cur
1767 4867 1856 4920 ille

282 4945 472 5015 Deum,
499 4967 659 5019 quem
690 4949 972 5023 Scriptura
1003 4968 1033 5006 a
1062 4953 1213 5007 nullo
1245 4953 1416 5008 videri
1451 4970 1611 5022 posse
1637 4956 1788 5021 dicit,
1823 4974 1850 5013 a

277 5037 443 5105 justis
475 5052 656 5098 tamen
695 5054 816 5113 post
854 5061 1043 5100 eorum
1095 5054 1364 5115 mortem,
1409 5047 1700 5103 videndum
1736 5049 1853 5106 fore

280 5129 591 5188 affirmaret.
629 5134 835 5200 Quibus
865 5138 1012 5192 clare
1039 5153 1069 5192 a
1101 5136 1264 5194 Petro
1307 5140 1616 5209 explicatis,
1651 5142 1850 5196 iterum

281 5223 414 5286 petit
461 5224 648 5294 Magus
699 5237 876 5281 utrum
930 5231 1253 5286 immortalis
1298 5238 1442 5287 esset
1468 5233 1672 5288 anima.
1717 5232 1846 5298 Sed,

282 5309 447 5381 hujus
487 5320 804 5387 quaestionis
845 5322 1096 5377 examine
1139 5323 1192 5376 in
1237 5324 1381 5378 diem
1432 5325 1732 5379 crastinum
1765 5325 1848 5378 di-

280 5402 409 5475 lato,
442 5415 672 5482 populus
712 5413 938 5483 projecit
964 5431 1022 5469 se
1058 5415 1123 5469 ad
1152 5417 1318 5485 pedes
1347 5416 1516 5482 Petri,
1542 5417 1634 5487 qui
1667 5418 1849 5486 plures

278 5511 402 5553 cum
431 5515 682 5574 mgrotos,
717 5513 830 5558 tum
870 5506 1129 5564 obsessos
1170 5525 1200 5562 a
1233 5509 1500 5575 daemone,
1528 5524 1714 5579 _sanos
1759 5525 1848 5564 re-

279 5591 426 5648 misit
446 5607 501 5652 et
537 5597 860 5654 incolumes.

351 5683 606 5759 Sequenti
651 5691 816 5760 igitur
856 5692 967 5762 die,
1011 5709 1135 5745 rum
1185 5692 1380 5749 Petrus
1422 5710 1485 5747 ea
1513 5710 1634 5767 qua:
1672 5693 1847 5764 pridie

279 5773 546 5848 disputata
597 5784 840 5862 fuerant,
897 5785 1190 5842 comitibus
1243 5787 1357 5843 suis
1411 5787 1724 5855 recitasset,
1778 5784 1846 5840 ad

1960 4587 2180 4642 demum
2215 4583 2416 4653 elapsis
2459 4583 2761 4650 mensibus,
2807 4580 3092 4648 Clemens,
3134 4579 3326 4636 eodem
3374 4579 3538 4636 Petro

1954 4679 2198 4748 jubente,
2237 4691 2521 4732 sermones
2568 4691 2708 4745 quos
2741 4675 2807 4731 ab
2845 4689 2909 4728 eo
2953 4664 3318 4728 concionante
3354 4672 3538 4729 Caesa-

1958 4786 2063 4826 reae
2113 4776 2434 4838 exceperat,
2477 4767 2666 4822 decem
2720 4767 2927 4836 redegit
2976 4767 3028 4819 in
3081 4767 3280 4832 libros,
3331 4784 3535 4839 eosque

1958 4863 2106 4917 misit
2136 4861 2203 4914 ad
2243 4859 2527 4916 Jacobum.
2564 4859 2759 4913 Petrus
2785 4873 2916 4914 vero
2948 4857 3232 4928 Tripolim,
3280 4861 3373 4914 ubi
3415 4861 3532 4915 bie-

1957 4963 2150 5020 maret,
2184 4954 2460 5024 profectus
2490 4961 2596 5008 est.

2026 5048 2235 5114 QUARTI
2294 5061 2437 5099 unm
2492 5044 2652 5101 initio
2702 5054 2892 5100 narrat
2938 5044 3080 5099 idem
3117 5043 3372 5098 Clemens
3419 5059 3530 5114 quo

1956 5141 2148 5196 itinere
2197 5137 2393 5192 Petrus
2443 5136 2707 5206 Tripolim
2743 5138 2972 5203 venerit,
2999 5153 3160 5207 quos,
3208 5138 3264 5192 in
3298 5137 3528 5193 urbibus

1953 5249 2050 5302 per
2079 5246 2216 5300 quas
2243 5228 2517 5293 transivit,
2555 5229 2842 5283 adduxerit
2872 5231 2938 5283 ad
2970 5228 3175 5284 Christi
3205 5229 3385 5292 fidem,
3418 5246 3527 5302 qua

1954 5325 2187 5392 denique
2219 5337 2414 5391 pompa
2438 5320 2642 5390 Tripoli
2675 5331 2936 5390 exceptus
2977 5322 3068 5376 sit.
3094 5320 3370 5386 lbi,altera
3401 5332 3526 5391 post

1952 5417 2242 5470 adventum
2291 5430 2450 5468 suum
2502 5413 2609 5474 die,
2638 5412 2850 5476 Petrus,
2899 5414 3218 5483 prazmissis,
3259 5414 3336 5467 uti
3379 5414 3523 5468 dixi—

1954 5525 2096 5572 mus,
2131 5507 2297 5561 sociis
2327 5507 2462 5567 suis,
2490 5521 2830 5575 qusecunque
2857 5515 2978 5576 post
2992 5521 3183 5559 eorum
3216 5505 3522 5561 discessum

1950 5607 2154 5670 egerat,
2178 5606 2302 5653 ante
2333 5599 2506 5651 lucem
2530 5605 2706 5651 ortam
2737 5599 2943 5660 retulit,
2967 5598 3035 5649 ab
3057 5598 3232 5667 iisque
3257 5613 3319 5651 ea
3340 5597 3526 5651 omnia

1951 5692 2139 5746 didicit
2159 5707 2279 5762 quae
2300 5707 2330 5744 a
2357 5690 2575 5744 Simone
2594 5690 2795 5759 Tripoli
2819 5691 3035 5744 fuerant
3061 5697 3293 5760 patrata.
3341 5689 3522 5744 Prima

1951 5793 2130 5841 autem
2175 5785 2314 5854 luce,
2361 5785 2642 5842 nuntiatur
2683 5783 2846 5840 Petro
2879 5783 3131 5839 eumdem
3184 5782 3417 5856 Magum,
3452 5781 3520 5834 de
