4000 6266
437 291 576 351 Ητδ

1258 290 1314 348 S.
1349 290 1741 349 CLEMENTIS
1775 292 1793 345 Ι
1830 292 1995 349 ΗΟΜ.
2033 292 2237 350 ΡΟΝΤ.
2272 292 2501 350 ΟΡΕΒΑ
2536 292 2764 351 DUBIA.

3560 291 3697 346 “76

434 412 668 467 adventu
721 407 841 479 ejus
889 409 1180 465 certiorem
1230 408 1470 476 factum,
1520 410 1575 464 in
1623 408 1840 481 Syriam
1896 421 2016 466 tcn-
2044 417 2091 476 Α
2120 412 2267 468 bere.
2316 412 2445 468 illos
2487 420 2668 467 autem
2713 412 2807 481 qui
2857 410 2963 465 hoc
3015 409 3453 481 regenerationis
3500 425 3693 464 sacra-

432 504 648 561 dentem
691 500 1003 572 aufugisse;
1046 508 1101 557 et
1139 502 1402 573 populum
1449 502 1789 574 frequentem
1818 503 1887 557 ad
1928 504 2015 574 ja-

433 614 618 662 nuam,
654 604 715 652 ut
758 610 1039 652 sermones
1084 594 1205 665 ejus
1251 595 1501 660 audiret,
1541 595 1646 667 ipsi
1694 596 2017 655 avidissime

432 689 758 763 praestolari.

500 783 869 854 Quamobrem
921 790 1297 854 opportunum
1341 782 1431 838 ille
1470 783 1887 847 nactuslocum,
1922 791 2010 838 at-

428 892 534 947 que
565 893 631 934 ex
670 876 740 931 iis
787 890 926 946 quos
967 875 1037 930 ab
1089 875 1341 945 corporis
1388 874 1806 947 argritudinibus
1850 876 1936 931 vel
1981 891 2011 931 a

428 969 692 1026 daemonis
735 967 1087 1040 possessione
1116 964 1465 1035 liberaverat,
1495 975 1877 1038 argumentum
1909 968 2013 1023 du-

428 1077 582 1126 cens,
614 1060 838 1132 planum
872 1060 1130 1116 omnibus
1168 1059 1297 1115 fecit
1327 1062 1716 1131 aegrotationes
1758 1062 2011 1119 morbosa

428 1171 535 1227 que
573 1154 879 1219 hominum,
916 1153 1112 1209 iisdem
1158 1154 1362 1224 quibus
1389 1170 1421 1208 a
1450 1170 1581 1211 vero
1612 1153 1708 1212 Dei
1748 1156 1898 1211 cultu
1929 1174 2013 1213 re-

428 1254 729 1311 cesserant,
766 1245 835 1300 ad
862 1262 959 1302 eos
985 1247 1288 1303 accessisse
1330 1246 1625 1317 gradibus;
1670 1264 1736 1303 ac
1783 1250 2009 1305 tandem

427 1358 493 1397 eo
524 1342 677 1397 cultu
716 1341 934 1411 penitus
969 1338 1251 1409 derelicto,
1291 1349 1456 1410 atque
1484 1340 1817 1407 idololatria,
1850 1343 2015 1412 cujus

428 1432 589 1489 sicuti
622 1440 678 1489 et
703 1432 893 1504 magiae
923 1432 1191 1503 originem
1218 1434 1429 1503 pandit,
1466 1433 1798 1501 introducta,
1826 1435 2011 1490 datam

426 1524 769 1581 dzemonibus
813 1526 1026 1580 animas
1065 1540 1256 1580 eorum
1303 1525 1619 1595 possidendi
1672 1526 2004 1584 facultatem.

428 1617 672 1674 Subinde
701 1633 761 1674 se
790 1633 1036 1688 suosque
1070 1615 1141 1673 ad
1186 1633 1377 1673 verum
1422 1618 1623 1674 summi
1656 1618 1752 1673 Dei
1800 1620 2009 1674 cultum

428 1709 827 1766 restituendum
868 1709 1073 1766 missos
1106 1725 1228 1766 esse
1258 1711 1376 1767 suis
1408 1712 1758 1767 annuntiavit
1794 1713 2008 1768 audito-

426 1802 602 1868 ribus,
636 1802 884 1875 ipsisque
922 1801 1055 1874 quid
1092 1803 1237 1857 inter
1269 1801 1437 1858 falsas
1472 1817 1742 1873 verasque
1768 1803 2005 1874 prepbe-

427 1894 532 1951 tias
577 1903 633 1950 et
671 1894 935 1959 visiones,
984 1896 1129 1950 inter
1171 1895 1517 1951 sanationem
1553 1909 1686 1951 vero
1728 1904 1824 1950 aut
1866 1895 2007 1951 falso

423 1988 695 2043 miraculo
744 1988 1018 2043 redditam
1057 1987 1277 2043 intersit
1317 1986 1691 2053 discriminis,
1726 1987 2001 2059 patefecit.

423 2080 671 2153 Denique
701 2082 826 2136 illos
861 2081 929 2135 ad
959 2096 1149 2136 veram
1191 2064 1515 2153 religionem
1552 2079 2003 2151 amplexandam',

422 2174 688 2245 apostolis
719 2173 921 2229 Christi
952 2173 1253 2245 gerendum
1283 2187 1513 2235 morem,
1553 2171 1837 2243 vitamque
1871 2188 2007 2244 pure

422 2274 477 2320 et
516 2266 770 2337 religiose
817 2265 1237 2331 instituendam,
1272 2264 1631 2329 adhortatus,
1678 2271 1740 2318 ttt
1783 2263 1872 2320 die
1919 2282 2007 2322 se-

421 2359 610 2428 quenti
641 2357 710 2413 ad
741 2357 994 2414 eumdem
1024 2359 1205 2413 locum
1248 2358 1521 2414 maturius
1564 2373 1624 2413 se
1653 2360 2003 2427 conferrent,

421 2451 724 2508 admonuit.

492 2544 694 2601 Exorta
741 2545 909 2618 igitur
950 2544 1071 2614 die,
1116 2544 1261 2601 idem
1297 2545 1415 2617 ipse
1453 2545 1673 2611 Petrus,
1720 2547 2004 2619 praemissa

422 2638 643 2693 mentali
671 2639 933 2703 oratione,
965 2637 1130 2692 aliam
1171 2646 1293 2709 qua:
1343 2654 1502 2695 LIBRO
1537 2655 1739 2704 amaro
1782 2640 2006 2696 exhibe-

423 2740 534 2798 tur,
564 2729 632 2786 ad
663 2730 927 2802 populum
971 2729 1166 2785 habuit
1202 2731 1548 2787 concionem.
1592 2730 1652 2786 in
1690 2747 1755 2786 ea
1782 2732 1854 2787 ob
1886 2748 2005 2788 om-

420 2824 574 2880 nium
621 2824 816 2879 oculos
874 2823 1029 2893 ponit
1074 2823 1390 2890 hominem,
1441 2826 1510 2881 ad
1569 2826 1869 2898 imaginem
1906 2827 2004 2884 Dei

422 2920 647 2984 factum,
688 2917 880 2973 tandiu
925 2917 982 2971 in
1022 2933 1115 2973 res
1155 2926 1409 2973 terrenas
1449 2918 1714 2973 habuisse
1754 2919 2005 2974 domina-

420 3017 557 3076 tum,
599 3009 845 3080 quandiu
876 3009 994 3081 ipse
1031 3009 1262 3080 iustitiae
1305 3010 1520 3080 legibus
1568 3009 2001 3081 obtemperavit;

422 3102 517 3158 ubi
543 3118 675 3158 vero
702 3104 772 3158 ab
798 3102 868 3159 iis
899 3101 1179 3168 discessit,
1210 3104 1475 3157 continuo
1502 3100 1805 3171 fragilitati,
1834 3101 2002 3157 animi
2030 3131 2071 3190 ρ

423 3196 952 3269 perturbationibus,
990 3194 1433 3258 tentationibus,‘
1466 3193 1848 3248 vexationibus
1891 3192 2001 3250 daa-

421 3304 681 3353 monum,
731 3287 1085 3357 miseriisque
1133 3286 1389 3342 omnibus
1450 3284 1747 3341 obnoxium
1797 3283 2000 3340 factum

419 3397 563 3439 esse.
586 3380 770 3436 Monet
797 3387 983 3436 tamen
1012 3394 1183 3451 parvo
1207 3379 1331 3434 fidei
1361 3392 1533 3450 grano
1564 3378 1789 3436 morbos
1810 3374 2003 3434 omnes

421 3491 583 3547 posse
611 3474 817 3531 sanari.
851 3472 1005 3528 Hanc
1039 3474 1208 3544 igitur
1247 3471 1407 3528 fidem
1434 3472 1506 3527 ab
1542 3471 1800 3528 omnibus
1832 3473 2004 3528 susci-

420 3565 674 3635 piendam
709 3581 834 3622 esse
864 3565 1166 3629 concludit,
1207 3572 1263 3619 ct
1296 3578 1426 3619 vero
1462 3562 1767 3635 Propheta.
1801 3579 2001 3634 quem,

418 3660 579 3717 sicuti
614 3661 1041 3731 praenuntiatum
1088 3658 1294 3721 fuerat,
1332 3658 1447 3728 jam
1479 3657 1807 3713 adventasse
1834 3673 2003 3713 nove-

419 3760 576 3815 rant,
619 3751 782 3806 unice
838 3750 1210 3807 serviendum.
1263 3748 1474 3806 Deinde
1522 3750 1686 3807 docet
1738 3768 1851 3807 non
1901 3768 2001 3807 au-

418 3844 649 3900 diendas
687 3860 832 3909 esse,
870 3860 1011 3916 quas
1042 3844 1132 3899 ille
1182 3844 1499 3916 singulatim
1538 3853 1825 3907 recenset,
1872 3861 2003 3917 sug-

416 3947 600 4010 gestas
637 3952 668 3991 a
707 3936 957 3993 daemone
987 3937 1339 3993 tentationes.
1388 3935 1644 3992 Dimissis
1688 3952 1854 4008 porro
1882 3954 2002 3994 om-

418 4027 603 4095 nibus,
636 4027 704 4083 ad
742 4044 841 4084 sua
874 4029 991 4100 ipse
1022 4028 1336 4094 revertitur,
1378 4028 1473 4083 ubi
1505 4030 1674 4086 sociis
1708 4031 1827 4089 suis
1867 4047 2003 4087 con-

416 4122 563 4179 cedit
590 4122 955 4194 quodcunque
985 4122 1258 4187 libuisset,
1292 4121 1612 4180 sciscitandi
1658 4122 1997 4191 facultatem,

417 4224 471 4271 et
496 4216 760 4271 Continuo
779 4214 845 4269 ad
873 4215 1088 4287 singula
1122 4230 1353 4285 quaeque
1380 4214 1665 4285 respondit
1695 4232 1884 4273 eorum
1917 4216 2002 4271 in-

418 4316 713 4379 terregata.
736 4308 989 4365 Clemens
1014 4322 1147 4363 vero
1179 4318 1379 4363 cuncta
1405 4323 1530 4378 qua:
1560 4309 1629 4361 ab
1657 4323 1723 4363 eo
1755 4325 2001 4379 pronun-

417 4400 549 4455 tiata
579 4401 816 4465 fuerant,
846 4401 904 4456 in
943 4401 1166 4467 libi-um,
1207 4415 1369 4472 quem
1399 4400 1549 4456 misit
1588 4398 1657 4457 ad
1703 4398 1996 4469 Iacobum,

418 4494 835 4551 accuratissime
860 4494 1093 4566 redegit.

491 4584 707 4641 Senes
758 4600 917 4639 LIBER
966 4586 1127 4641 aliam
1188 4603 1407 4659 quoque
1461 4587 1611 4644 Petri
1676 4590 1999 4645 concionem

419 4676 679 4733 continet.
707 4676 757 4734 is
787 4693 913 4733 cum
943 4679 1156 4733 tardius
1198 4680 1362 4735 solito
1409 4681 1481 4736 ob
1527 4689 1772 4737 noctium
1827 4682 2002 4738 brevi-

418 4777 586 4823 tatem
628 4772 983 4835 surrexisset,
1024 4770 1093 4827 ad
1123 4782 1450 4828 consuetum
1499 4775 1787 4831 concionis
1816 4776 1996 4830 locum

417 4863 675 4933 perrexit.
702 4863 881 4934 Atque
926 4863 1002 4917 ibi
1052 4865 1230 4934 primo
1281 4866 1546 4936 explicuit
1581 4867 1856 4938 quomodo
1901 4867 2000 4922 hoe

416 4958 595 5012 mines
624 4958 839 5027 possint
867 4956 1037 5013 falsas
1074 4958 1362 5031 opiniones
1393 4958 1691 5029 deponere,
1730 4968 1784 5015 et
1814 4960 1870 5016 in
1901 4977 1997 5017 ve-

414 5050 595 5106 ritatis
638 5051 861 5122 verique
891 5050 987 5106 Dei
1018 5052 1305 5123 pervenire
1334 5052 1611 5107 notitiam.
1645 5052 1996 5108 Manifestum

414 5138 616 5198 deinde
673 5142 805 5198 fecit
848 5143 974 5198 illos
1020 5142 1166 5197 haud
1222 5142 1515 5199 difﬁculter
1560 5145 1704 5200 scire
1749 5146 1997 5216 patuisse

413 5249 524 5290 non
568 5236 789 5307 quidem
828 5235 955 5307 quid
998 5238 1069 5293 sit
1118 5236 1279 5303 Deus,
1326 5239 1416 5292 sed
1460 5238 1598 5310 quod
1644 5257 1747 5297 non
1790 5242 1888 5307 sit,
1933 5257 1997 5297 ac

412 5328 647 5399 proinde
693 5330 845 5384 illum
892 5329 949 5383 in
1000 5330 1197 5396 idolis,
1233 5332 1472 5386 humana
1525 5342 1641 5390 arte
1685 5333 1993 5399 fabricatis,

412 5438 523 5477 non
588 5423 816 5479 includi.
867 5423 936 5477 At
985 5441 1115 5480 vero
1170 5429 1297 5497 quia
1360 5428 1538 5482 omnia
1594 5429 1877 5499 gignuntur
1931 5444 1996 5483 ex

412 5532 571 5585 aqua.
602 5533 719 5587 qua:
757 5527 935 5571 creata
976 5528 1053 5573 est
1082 5521 1146 5572 ab
1192 5521 1341 5573 initio
1378 5536 1469 5589 per
1516 5519 1869 5593 Unigenitum,
1904 5538 1995 5592 per

411 5624 563 5671 quem
600 5611 897 5678 pervenitur
932 5613 1000 5665 ad
1046 5612 1285 5680 Patrem,
1327 5615 1523 5670 exinde
1556 5616 1740 5670 intulit
1783 5618 1994 5687 genita-

411 5699 557 5755 libus
593 5702 884 5772 baptismi,
926 5704 1085 5773 cujus
1136 5711 1524 5763 necessitatem
1592 5711 1994 5780 utilitatemque

412 5792 794 5852 demonstrare
844 5803 1076 5853 conatus
1122 5807 1236 5865 est,
1283 5814 1384 5855 nos
1426 5800 1584 5870 aquis
1627 5802 1840 5857 renasci
1890 5803 1988 5857 dc-

2112 512 2302 560 mento
2334 505 2532 559 initiati
2567 511 2746 570 erant,
2776 501 3226 567 commonefecit,
3260 504 3396 573 ipsis
3443 519 3551 557 non
3598 519 3691 559 tto-

2115 596 2225 651 lum
2261 598 2445 651 omnia
2472 610 2641 667 Opera
2670 595 2812 650 bona
2842 609 2965 665 quae
2996 595 3268 649 hactenus
3292 602 3521 665 egerant
3548 610 3689 650 con-

2112 689 2269 744 tinuo
2289 704 2413 745 esse
2444 687 2714 754 facienda,
2740 688 2836 746 sed
2866 688 2934 743 ad
2964 687 3313 743 sublimiores
3348 688 3694 758 perfectioris

2112 781 2330 836 virtutis
2365 782 2567 852 gradus
2608 796 2826 853 semper
2851 795 2976 837 esse
3016 779 3447 837 ascendentium.
3477 779 3606 836 Haec
3634 787 3694 837 et

2111 878 2192 932 his
2239 876 2471 938 similia,
2505 874 2683 945 inquit
2713 873 2992 937 Clemens,
3036 889 3155 926 cum
3195 872 3418 926 dixisset
3468 871 3690 935 Petrus.

2111 968 2312 1023 dimisit
2342 966 2544 1023 turbas.
2570 965 2673 1021 Per
2696 974 2810 1023 tres
2831 972 3012 1020 autem
3038 964 3287 1035 integros
3305 978 3521 1019 menses
3543 964 3693 1035 apud

2111 1061 2504 1133 Tripolitanos,
2542 1074 2775 1131 quorum
2818 1057 3087 1129 plurimos
3122 1056 3348 1111 adduxit
3386 1055 3453 1111 ad
3494 1055 3693 1123 tidem,

2108 1154 2299 1210 eodem
2343 1153 2507 1208 modo
2536 1152 2897 1209 concionatus
2921 1157 3025 1206 cst.
3066 1148 3200 1204 Post
3231 1148 3366 1212 haec,
3408 1146 3697 1203 Clemente

2110 1248 2341 1318 aliisque
2374 1246 2626 1317 pluribus
2655 1259 2815 1301 sacro
2844 1244 3173 1315 baptismate
3220 1241 3444 1303 ablatis,
3475 1239 3695 1310 Tripoli

2110 1339 2387 1396 Maronem
2428 1340 2769 1410 episcopum,
2804 1344 2858 1393 et
2885 1335 3176 1392 duodecim
3214 1336 3587 1406 presbyteros,
3618 1348 3693 1389 ac

2108 1435 2373 1505 quosdam
2388 1433 2651 1489 diaconos
2662 1430 2887 1496 creavit,
2910 1438 3100 1500 atque,
3124 1427 3251 1485 inde
3271 1427 3493 1483 tandem
3508 1442 3694 1495 egres-

2109 1542 2227 1590 sus,
2251 1526 2403 1581 venit
2426 1524 2798 1580 Antiochiam.

2178 1617 2405 1674 Serm"
2440 1633 2585 1672 metu
2628 1615 2787 1671 initio
2817 1622 3079 1671 narratur
3115 1620 3368 1677 Petrum,
3402 1627 3528 1667 cum
3557 1607 3691 1666 Tri-

2110 1713 2218 1784 poli
2263 1711 2603 1767 Antaradum
2650 1708 3005 1772 accessisset,
3050 1707 3233 1764 socios
3260 1720 3414 1768 suos,
3450 1720 3689 1776 quorum

2110 1806 2287 1876 major
2323 1810 2574 1862 creverat
2615 1817 2904 1868 numerus,
2958 1802 3120 1864 duas,
3166 1814 3289 1871 quae
3338 1799 3519 1869 ipsum
3555 1812 3692 1867 pra-

2109 1898 2390 1966 cederent,
2421 1896 2678 1953 divisisse
2718 1896 2774 1950 in
2805 1903 3046 1962 turmas;
3080 1902 3244 1966 atque
3274 1894 3369 1954 uni
3413 1891 3692 1959 Nicetam,

2109 1990 2361 2061 Aquilam
2403 1990 2565 2045 alteri
2613 1988 2947 2060 praefecisse.
2987 1987 3243 2046 Clemens
3280 2001 3441 2050 vero,
3493 1983 3693 2057 gratiis

2108 2081 2291 2149 Petro,
2335 2084 2465 2155 quia
2508 2081 2821 2152 eumapud
2866 2095 2925 2137 se
2979 2080 3320 2145 retinuerat,
3362 2078 3531 2142 actis,
3581 2077 3692 2147 ipsi

2109 2179 2358 2246 poscenti
2403 2175 2679 2247 quomodo
2725 2183 2956 2245 patrem,
2986 2183 3041 2229 et
3070 2181 3325 2237 matrem,
3372 2188 3438 2227 ac
3487 2170 3693 2225 fratres

2108 2268 2411 2333 amisisset,
2462 2268 2753 2323 confestim
2801 2267 3123 2323 declaravit.
3159 2252 3257 2321 Die
3297 2262 3692 2333 subsequenti,

2106 2360 2299 2417 Petrus
2345 2362 2400 2416 in
2450 2362 2685 2418 insulam
2717 2360 2981 2423 Aradum,
3042 2361 3217 2415 viteas
3246 2359 3528 2417 immensae
3569 2371 3695 2409 man

2105 2455 2407 2526 gnitudinis
2453 2456 2739 2510 columnas
2796 2452 3016 2508 videndi
3068 2453 3267 2523 gratia,
3305 2467 3366 2507 se
3416 2452 3687 2515 contulit,

2105 2546 2288 2618 ibique
2330 2546 2584 2603 Clemens
2630 2547 2850 2619 agnovit
2878 2555 3115 2601 matrem
3145 2559 3302 2601 suam
3363 2541 3691 2597 Mathidiam

2106 2639 2235 2694 illuc
2283 2639 2571 2711 naufragio
2616 2640 2927 2711 expulsam,
2978 2646 3144 2708 atque
3192 2635 3554 2707 eleemosynis
3600 2635 3689 2689 vi-

2104 2740 2253 2787 etum
2302 2742 2658 2804 quaerentem.
2704 2731 2799 2788 Illa
2831 2747 2961 2789 vero
3003 2747 3128 2787 cum
3168 2744 3343 2787 uxore
3384 2728 3534 2785 Petri
3576 2744 3691 2785 cae-

2105 2825 2345 2896 terisque
2377 2826 2632 2882 omnibus
2663 2824 2986 2881 Laodiceam
3024 2824 3264 2888 ducitur,
3295 2838 3404 2894 qua
3448 2822 3504 2877 in
3548 2823 3691 2879 urbe

2103 2933 2134 2971 a
2164 2918 2376 2975 duobus
2423 2920 2545 2975 aliis
2591 2918 2716 2975 filiis
2767 2919 2908 2983 suis,
2958 2918 3287 2989 quibuscum
3334 2916 3687 2988 naufragium

2104 3010 2332 3077 fecerat,
2374 3012 2557 3084 agnita
2601 3028 2820 3083 quoque
2849 3021 2954 3068 est.
2997 3011 3061 3066 Hi
3101 3018 3285 3066 autem
3318 3020 3688 3066 narraverunt

2106 3120 2165 3161 se
2210 3117 2333 3175 post
2378 3106 2723 3177 naufragium
2762 3106 3069 3161 Caesaream
3111 3102 3345 3166 delatos,
3376 3109 3435 3155 et
3463 3100 3687 3156 cuidam

2105 3196 2301 3263 viduaa,
2333 3198 2423 3257 cui
2464 3213 2660 3254 nomen
2704 3196 2875 3253 Justm
2903 3204 3053 3261 erat,
3096 3195 3367 3261 venditos,
3409 3193 3531 3263 ejus
3582 3210 3685 3265 po-

2105 3296 2222 3345 stea
2250 3305 2383 3347 cura
2416 3292 2617 3348 litteris
2646 3299 2698 3347 et
2732 3289 3089 3361 philosophiae
3112 3304 3238 3344 cum
3271 3286 3493 3343 Simone
3522 3287 3687 3358 Mago

2104 3398 2328 3454 operam
2374 3384 2615 3453 dedisse,
2647 3385 2905 3455 illiusque
2952 3382 3231 3438 imbibisse
3274 3381 3675 3447 errores;sed,

2105 3475 2321 3531 Zachzei
2347 3493 2469 3548 ope,
2503 3478 2607 3533 fide
2634 3477 2840 3533 Christi
2868 3484 3145 3547 suscepta,
3170 3490 3230 3531 se
3267 3473 3426 3529 Petro
3454 3473 3683 3528 tandem

2103 3568 2275 3627 fuisse
2312 3571 2544 3626 oblatos.
2584 3569 2795 3637 Quibus
2844 3569 3067 3633 auditis,
3111 3568 3307 3624 Petrus
3339 3565 3681 3631 Mathidiam,

2103 3663 2358 3733 baptismi
2413 3664 2589 3735 gratia
2636 3663 2827 3718 donari
2884 3663 3287 3734 postulantem,
3341 3670 3465 3731 post
3516 3660 3684 3715 unius

2102 3755 2209 3811 diei
2235 3756 2506 3826 jejunium
2533 3771 2597 3813 eo
2628 3756 3059 3827 regenerationis
3079 3760 3423 3811 sacramento
3451 3769 3509 3809 tn
3538 3750 3682 3811 mari

2104 3850 2360 3906 initiavit.

2174 3941 2271 3997 Die
2301 3943 2679 4014 subsequenti,
2710 3952 2771 3999 ut
2801 3946 2858 3999 in
2887 3958 3045 3999 meno
3080 3956 3289 3997 ocnvo
3321 3947 3518 3994 auctor
3543 3954 3676 3993 nar-

2103 4042 2219 4099 rat,
2265 4032 2482 4099 Petrus,
2532 4034 2811 4091 Clemente
2864 4035 3190 4106 du‘obusque
3240 4034 3362 4090 aliis
3410 4034 3679 4093 fratribus

2103 4128 2220 4185 suis
2249 4129 2566 4193 comitibus,
2598 4127 2741 4182 lavat
2783 4129 2837 4183 in
2883 4129 3053 4194 mari,
3099 4136 3263 4199 atque
3307 4127 3363 4181 in
3400 4136 3677 4182 secretum

2102 4220 2279 4276 locum
2323 4221 2390 4275 ad
2441 4220 2747 4276 orationem
2793 4220 3019 4277 secedit.
3066 4218 3195 4275 Inde
3249 4219 3327 4274 illi
3371 4218 3678 4292 egredienti

2102 4315 2343 4367 occurrit
2369 4328 2537 4369 senex
2567 4313 2786 4383 quidam
2824 4330 3051 4385 pauper,
3075 4329 3138 4367 ex
3167 4314 3346 4367 habitu
3380 4314 3678 4382 operarius,

2103 4406 2197 4475 qui
2239 4421 2432 4475 preces
2472 4405 2540 4460 ad
2586 4405 2755 4461 Deum
2802 4414 3085 4477 perperam
3133 4405 3308 4469 fundi,
3336 4414 3391 4461 et
3422 4404 3679 4460 mundum

2032 4500 2076 4555 Ι)
2106 4514 2208 4551 non
2246 4498 2529 4554 secundum
2574 4498 2670 4553 Dei
2714 4500 3095 4568 providentiam
3142 4500 3551 4569 gubernari.....
3587 4500 3681 4555 sed

2100 4594 2307 4663 genesin
2355 4608 2467 4646 esse
2508 4608 2625 4663 qua:
2667 4594 2846 4646 omnia
2883 4594 2989 4663 agit
3029 4602 3079 4646 et
3115 4592 3376 4657 continet,
3420 4591 3682 4647 audacter

2100 4682 2355 4738 asseruit.
2386 4682 2470 4738 Fit
2514 4684 2735 4739 interim
2770 4701 3003 4757 magnus
3041 4686 3227 4756 populi
3257 4701 3588 4749 concursus,
3620 4693 3680 4741 et

2098 4773 2337 4839 Nicetas,
2371 4776 2499 4830 data
2527 4793 2555 4829 a
2580 4776 2766 4841 Petro,
2800 4779 2892 4849 qui
2923 4778 3040 4833 seni
3077 4777 3413 4849 respondere
3438 4779 3677 4845 volebat,

2098 4869 2315 4925 dicendi
2350 4869 2632 4932 facultate,
2676 4870 2865 4927 docuit
2898 4869 3162 4936 mundum
3209 4885 3239 4923 a
3277 4868 3390 4925 Deo
3439 4870 3673 4935 factum,

2097 4971 2157 5018 et
2182 4963 2251 5018 ab
2282 4965 2400 5033 ipso
2443 4964 2773 5035 quandoque
2818 4964 3175 5029 solvendum,
3217 4978 3319 5018 nec
3360 4979 3426 5017 ex
3475 4963 3678 5017 indivi~

2097 5054 2222 5113 duis
2263 5057 2608 5125 corpusculis
2657 5072 2754 5111 seu
2792 5057 3026 5121 atomis,
3072 5063 3132 5111 ut
3180 5054 3392 5111 ferebat
3452 5055 3675 5126 Epicuri

2097 5149 2389 5214 sententia,
2418 5151 2673 5220 quaelibet
2695 5165 2945 5222 corpora,
2968 5158 3288 5219 mentesque
3320 5148 3677 5219 intelligentia

2097 5244 2380 5314 przeditas,
2407 5244 2543 5299 fieri.
2588 5242 2766 5297 Variis
2805 5243 3002 5298 deinde
3042 5242 3381 5313 argumentis
3425 5241 3669 5312 probavit

2096 5339 2359 5393 mundum
2384 5338 2448 5392 ab
2484 5339 2599 5406 ipsa
2636 5336 2898 5406 sapientia
2939 5346 2988 5391 et
3054 5336 3281 5400 ratione,
3319 5333 3538 5406 quando
3570 5330 3674 5403 ipsi

2095 5432 2320 5501 placuit,
2352 5430 2524 5487 fuisse
2557 5429 2855 5485 conditum.

2164 5522 2456 5585 Postridie.
2498 5532 2643 5579 coetu
2689 5523 2743 5577 in
2775 5521 3021 5593 primarii
3067 5519 3355 5589 cujusdam
3400 5517 3535 5573 civis
3566 5516 3671 5570 do-

2095 5632 2242 5671 mum
2285 5624 2499 5677 coacto.
2538 5633 2702 5672 senex
2740 5632 2803 5672 ea
2854 5632 2978 5686 qua:
3007 5614 3224 5669 Nicetas
3260 5613 3475 5667 dixerat
3519 5625 3673 5665 sunt-

2095 5709 2284 5763 matim
2318 5709 2532 5778 repetit,
2560 5719 2741 5781 atque,
2778 5709 3038 5765 adversus
3080 5709 3170 5762 illa
3200 5707 3509 5776 disputans,
3536 5719 3671 5757 con-

2095 5801 2269 5856 tendit
2300 5801 2545 5873 quazdam
2587 5802 2779 5872 injuste
2806 5811 2849 5856 et
2888 5801 3185 5856 inordinati:
3226 5798 3370 5855 facta
3413 5812 3566 5865 esse;
3600 5811 3670 5861 ex
