4048 6262
327 378 458 434 ίΙττ

1409 364 1970 431 RECOGNlTIONES.
2005 406 2073 415 —
2106 374 2465 435 ΡΒΟΟΕΜΙᾹ.

3404 363 3533 441 4:73

321 490 390 545 iis
416 497 598 545 autem
648 504 768 560 qua:
809 488 964 558 juxta
1010 486 1255 541 ordinem
1295 486 1462 550 ﬁunt,
1508 487 1757 557 quaedam
1808 490 1877 544 ab
1904 495 1950 551 Α
1978 506 2096 546 rum
2127 493 2392 563 sepulcra.
2423 491 2502 545 Ad
2530 491 2643 548 haec
2680 492 2873 564 Aquila
2922 497 3198 565 respondit
3241 498 3364 554 illas
3401 502 3534 555 dco-

320 583 428 639 alio
453 598 615 652 quam
644 582 711 636 ab
741 581 848 636 ulla
879 587 1060 635 mente
1090 578 1257 633 fuisse
1289 588 1492 634 creata.
1518 578 1721 633 Contra
1748 595 1875 635 vero

321 673 513 743 Aquila
556 688 618 728 ex
664 673 730 727 iis
759 686 879 742 quae
924 669 1223 727 secundum
1260 672 1507 726 ordinem
1548 671 1666 726 ﬁeri
1710 687 1875 727 senex

320 772 693 829 concesserat,
736 765 1136 836 agnoscendam
1180 780 1304 819 esse
1334 764 1431 818 Dei
1482 766 1876 835 providentiam

320 856 724 915 demonstravit.
768 857 937 912 Porro
977 873 1043 913 ex
1075 858 1144 912 iis
1188 874 1310 927 qua:
1348 857 1660 913 inordinate
1710 858 1874 928 ﬁunt,

321 952 618 1007 luculenter
652 951 921 1015 ostendit,
953 950 1017 1003 ab
1060 950 1258 1020 origine
1301 951 1484 1005 mundi
1526 952 1659 1005 nihil
1698 969 1878 1007 eorum

320 1043 507 1107 fuisse,
532 1043 628 1100 sed
658 1058 725 1099 ex
752 1044 1025 1113 impietate
1059 1042 1339 1097 hominum
1372 1059 1529 1099 suum
1560 1045 1700 1097 mala
1729 1060 1879 1099 sum-

320 1137 496 1206 psisse
525 1136 760 1192 initium.
792 1136 1029 1207 Denique
1058 1151 1182 1190 cum
1219 1136 1472 1191 omnibus
1507 1153 1627 1207 qua:
1654 1138 1756 1193 sibi
1787 1138 1877 1193 ob.

315 1230 661 1300 jiciebantur,
711 1229 830 1285 fuse
864 1229 1260 1299 respondisset,
1302 1230 1546 1283 ultimam
1596 1230 1744 1287 senis
1780 1232 1880 1285 ob—

316 1322 607 1391 jectionem
645 1337 749 1392 qua
775 1322 951 1375 omnia
976 1337 1041 1375 ex
1068 1323 1369 1375 necessitate
1389 1323 1586 1392 genesis
1609 1321 1710 1376 sibi
1740 1323 1882 1376 acci-

319 1412 459 1477 disse
482 1413 719 1475 dicebat,
751 1413 904 1467 fratri
936 1428 1036 1467 suo
1073 1411 1360 1477 Clementi,
1389 1422 1609 1482 postero
1650 1413 1738 1467 die
1773 1413 1881 1468 sol-

1977 599 2095 637 rum
2145 584 2356 640 fabulas
2398 600 2429 639 a
2476 585 2815 656 philosophis
2865 589 3094 658 aliisque
3141 590 3270 645 viris
3318 593 3537 661 sapien—

1976 678 2120 732 tibus
2148 678 2433 747 allegorice
2460 676 2629 732 fuisse
2658 679 2980 749 explicatas.
3003 679 3206 735 Contra
3237 691 3414 738 autem
3446 683 3538 739 Ni-

1976 778 2126 824 cetas
2155 769 2232 823 illi
2264 770 2524 824 continuo
2552 772 2793 825 ostendit
2833 772 2944 827 haec
2976 772 3199 827 deorum
3244 776 3473 847 crimina
3504 789 3538 833 a

1975 863 2293 931 pit-toribus,
2336 863 2702 932 sculptoribus
2747 874 2800 918 et
2842 864 3017 933 poetis
3064 881 3174 919 non
3222 868 3534 937 allegorice,

1976 953 2068 1007 sed
2096 968 2286 1024 reapse
2307 961 2359 1008 et
2387 955 2453 1008 ad
2486 954 2718 1009 litteram
2747 957 2873 1024 poni
2906 965 3031 1011 ante
3054 958 3298 1012 omnium
3321 961 3535 1018 oculos.

1976 1043 2193 1101 Nicetas
2228 1040 2408 1101 tamen
2457 1047 2556 1101 has
2601 1048 2919 1119 allegoricas
2974 1050 3279 1104 fabularum
3319 1055 3539 1124 exposi-

1977 1139 2171 1203 tiones,
2202 1147 2424 1209 rogante
2450 1138 2743 1205 Clemente,
2777 1152 2862 1195 est
2888 1152 3231 1211 prosecutus.
3264 1142 3401 1198 Tum
3441 1144 3539 1202 Pe-

1977 1239 2094 1285 trus
2125 1229 2459 1300 Scripturam
2504 1246 2713 1286 sacram
2746 1248 2855 1286 non
2896 1248 2961 1287 eo
3003 1249 3165 1288 sensu
3215 1236 3532 1307 allegorice,

1975 1320 2071 1375 sed
2100 1320 2227 1383 alia,
2271 1337 2430 1391 quam
2471 1323 2586 1391 ipse
2616 1322 2824 1389 docuit,
2867 1325 3123 1379 methodo
3153 1329 3536 1397 explicandam

1971 1434 2097 1476 esse
2138 1418 2541 1475 demonstravit.
2588 1416 2791 1471 Deinde
2838 1417 2903 1472 ad
2947 1416 3359 1473 Faustinianum
3401 1434 3537 1473 con-

318 1506 549 1561 vendam
579 1505 821 1574 reliquit.
844 1503 940 1559 His
968 1504 1151 1567 dictis,
1177 1504 1371 1560 Petrus
1402 1505 1538 1559 nulli
1568 1505 1876 1570 hominum,
1975 1525 2186 1577 versus,
2212 1510 2387 1579 ipsum
2424 1509 2489 1562 ad
2528 1510 2881 1578 proﬁtendam
2925 1509 3237 1579 religionem
3273 1510 3541 1565 Christia-

317 1598 423 1654 nisi
454 1597 552 1653 soli
586 1609 715 1651 vero
740 1596 1034 1665 prophetae,
1060 1612 1179 1666 qua:
1204 1610 1235 1649 a
1266 1594 1375 1651 Deo
1404 1596 1490 1651 vel
1516 1596 1631 1651 fieri
1653 1597 1737 1651 vel
1768 1612 1879 1651 non
1974 1617 2123 1668 nam,
2152 1616 2273 1671 quae
2303 1600 2433 1654 nihil
2463 1599 2565 1655 nisi
2596 1611 2841 1654 sanctum
2874 1610 2926 1655 et
2959 1600 3247 1653 honestum
3276 1602 3538 1671 prmcipit,

320 1689 432 1746 ﬁeri
460 1706 570 1746 non
609 1686 853 1759 possint,
890 1696 1169 1758 comperta
1197 1703 1319 1744 esse
1347 1689 1511 1757 dixit;
1549 1704 1650 1745 nec
1684 1705 1878 1760 quem-
1975 1705 2316 1761 summopere
2341 1686 2656 1744 adhortatus
2678 1697 2779 1743 est.
2804 1688 3061 1759 Denique,
3087 1688 3292 1742 reddita
3324 1689 3540 1758 aegrotis

318 1797 482 1850 quam
520 1782 589 1835 ab
626 1781 719 1835 illo
755 1780 1016 1850 propheta
1055 1780 1161 1834 hac
1200 1779 1266 1835 de
1293 1795 1369 1847 re,
1400 1781 1527 1843 nisi,
1558 1781 1724 1834 variis
1757 1780 1879 1849 phi-
1974 1790 2136 1851 atque
2164 1796 2196 1834 a
2230 1781 2473 1835 daemone
2505 1778 2740 1834 obsessis
2788 1778 3050 1845 sanitate,
3098 1778 3357 1848 populum
3407 1794 3540 1849 gau—

318 1873 677 1943 losopborum
717 1871 1111 1927 subtilitatibus
1145 1871 1349 1939 missis,
1380 1872 1597 1926 sincero
1632 1871 1877 1927 veritatis
1907 1862 1950 1917 Β
1976 1873 2188 1928 dentem
2214 1873 2503 1942 laetumque
2531 1871 2756 1926 dimisit.

319 1980 503 2022 amore
540 1966 793 2029 ducatur,
835 1965 949 2020 fore
992 1980 1229 2034 unquam
1260 1964 1585 2019 docendum.
1613 1965 1879 2019 Caeterum

320 2058 388 2113 ad
419 2058 846 2128 investigandam
870 2058 1147 2112 veritatem
1174 2056 1227 2110 id
1252 2056 1626 2110 tantummodo
1649 2056 1876 2126 requiri,

320 2158 380 2205 nt
405 2150 655 2206 homines
684 2164 812 2203 num
852 2149 1114 2218 propheta
1146 2148 1234 2203 ille
1267 2164 1393 2203 vera
1423 2163 1636 2217 semper
1682 2147 1881 2217 praedi-

322 2243 479 2308 xerit,
504 2233 791 2313 diligenter
822 2242 1120 2312 inquirant.

386 2333 537 2390 Lnnu
569 2350 691 2389 nom
713 2334 867 2389 initio
888 2334 1119 2389 traditur
1145 2331 1392 2403 sequenti
1424 2331 1509 2387 die
1541 2347 1689 2386 more
1719 2332 1881 2386 solito

319 2427 656 2497 disputatum
688 2425 878 2492 fuisse,
909 2433 1090 2480 utrum
1122 2425 1254 2479 nihil
1280 2435 1430 2478 extra
1476 2425 1683 2515 genesi):
1711 2424 1877 2493 ﬁeret.

319 2518 678 2587 Quamobrem
709 2518 957 2574 Clemens
979 2516 1144 2572 variis
1173 2519 1443 2572 rationum
1472 2516 1758 2572 momentis
1789 2515 1882 2571 de-

322 2612 644 2666 monstravit
673 2610 945 2665 hominem
976 2610 1146 2664 libero
1178 2609 1472 2690 voluntatis
1504 2608 1745 2675 arbitrio,
1775 2625 1881 2678 quo

326 2703 590 2774 quidlibet
619 2718 776 2773 agere
817 2708 993 2773 potest
1020 2701 1105 2756 vel
1142 2716 1249 2755 non
1298 2715 1477 2771 agere,
1522 2716 1643 2755 esse
1682 2700 1879 2771 praedi-

327 2805 462 2851 tum.
508 2795 688 2851 Senex
728 2809 857 2849 vero
903 2794 1081 2865 arguit
1121 2808 1189 2848 ex
1235 2792 1742 2848 constellationibus
1783 2810 1881 2846 va-

326 2888 532 2959 riisque
571 2895 844 2944 astrorum
877 2885 1211 2957 aspectibus,
1247 2900 1384 2955 quos
1413 2892 1666 2940 accurate
1693 2900 1884 2938 recen-

324 2982 462 3046 suit,
492 2980 740 3035 homines
785 2979 874 3035 vel
916 2978 1091 3033 bonos
1138 2976 1289 3042 ﬁeri,
1320 2976 1406 3031 vel
1452 2976 1643 3031 malos.
1678 2970 1881 3030 Contra

322 3074 572 3131 Clemens
600 3074 761 3143 longa
788 3072 1122 3134 inductione,
1157 3085 1263 3139 qua
1290 3069 1457 3124 variat
1486 3070 1735 3125 nationes
1761 3084 1883 3124 eas-

324 3168 445 3223 dem
486 3182 699 3237 semper
726 3166 870 3235 leges
898 3170 952 3219 et
988 3163 1414 3219 consuetudines
1477 3169 1885 3233 quantumcun-

2044 1963 2174 2020 Post
2200 1965 2314 2019 haec
2347 1972 2527 2019 autem
2566 1964 2707 2018 inter
2738 1961 2949 2033 prandii
2994 1970 3285 2031 apparatus
3323 1960 3541 2016 Fausti-

1976 2058 2211 2123 nianus,
2268 2066 2538 2112 annuente
2587 2055 2745 2111 Petro
2775 2096 2791 2122 ,
2837 2056 3136 2125 Appionem
3185 2062 3240 2109 et
3290 2055 3540 2108 Anubio-

1974 2168 2129 2220 nem,
2152 2151 2244 2223 qui
2281 2150 2568 2205 Antiochia
2599 2149 2917 2204 Laodiceam
2956 2163 3080 2201 eum
3107 2147 3331 2202 Simone
3372 2158 3540 2201 vene-

1973 2257 2118 2313 rant,
2157 2247 2359 2302 invisit.
2392 2246 2529 2300 Tum
2556 2244 2768 2307 Simon,
2798 2252 2856 2298 ut
2879 2242 3112 2296 ministri
3141 2241 3390 2307 Caesaris,
3442 2241 3536 2310 qui

1970 2354 2095 2394 eum
2124 2339 2190 2393 ad
2221 2354 2406 2393 necem
2427 2337 2769 2407 quaerebant,
2801 2334 3216 2389 Faustinianum
3250 2333 3303 2387 in
3355 2333 3535 2388 locum

1974 2447 2137 2489 suum
2160 2431 2320 2485 morti
2351 2431 2655 2494 traderent,
2700 2428 2800 2498 ipsi
2833 2424 3056 2497 magicis
3086 2428 3295 2482 artibus
3340 2427 3533 2482 faciem

1975 2524 2292 2594 vultumque
2341 2538 2497 2578 suum
2552 2521 2831 2591 imposuit.
2882 2519 3017 2573 Tam
3089 2520 3353 2590 stupenda
3406 2535 3534 2575 vero

1976 2616 2315 2672 Faustiniani
2366 2612 2841 2668 transformatione
2891 2626 3059 2666 uxore
3126 2611 3360 2681 ﬁliisque
3415 2612 3533 2682 ejus

1974 2707 2406 2779 obstupefactis,
2455 2705 2706 2776 promisit
2768 2703 2960 2760 Petrus
3012 2718 3071 2758 se
3136 2702 3535 2771 Faustiniano,

1973 2811 2257 2873 postquam
2291 2801 2529 2855 Simonis
2559 2798 2713 2853 vultu
2746 2797 2813 2851 ad
2850 2811 3066 2851 errores
3104 2795 3222 2865 ejus
3252 2796 3537 2849 destruen-

1973 2896 2072 2950 dos
2127 2908 2263 2950 usus
2328 2900 2510 2958 esset,
2575 2890 2862 2961 pristinam
2919 2886 3113 2941 faciem
3174 2886 3534 2940 redditurum.

1974 2985 2339 3054 Quamobrem
2395 2984 2645 3039 eumdem
2713 2979 3124 3035 Faustinianum
3193 2978 3541 3033 Antiochiam

1977 3078 2145 3143 misit,
2178 3066 2287 3148 quo
2316 3076 2503 3131 turbas
2533 3088 2722 3129 omnes
2763 3089 2793 3125 a
2832 3070 2987 3142 Mago
3021 3072 3309 3147 adversum
3351 3083 3409 3124 se
3444 3084 3543 3123 ca-

1975 3171 2199 3226 lumniis
2227 3169 2594 3226 acerbissimis
2622 3169 2922 3223 concitatas
2945 3208 2959 3233 ,
3002 3164 3253 3221 simulata
3297 3162 3545 3232 ejusdem

322 3275 428 3331 que
456 3266 708 3329 aspectus
748 3256 985 3312 siderum
1024 3255 1161 3309 varii
1194 3254 1425 3320 fuerint,
1472 3254 1727 3308 inviolate
1768 3270 1884 3308 ser-

1984 3262 2088 3318 veri
2145 3261 2387 3317 Simonis
2444 3260 2763 3332 poenitentia
2826 3259 3059 3315 sedaret.
3111 3255 3267 3322 Quod
3321 3254 3544 3325 quidem

323 3358 608 3413 vaverunt,
652 3350 705 3405 id
737 3349 931 3404 falsum
962 3362 1083 3403 esse
1121 3346 1374 3401 convicit.
1410 3345 1688 3400 Summam
1718 3362 1884 3415 argu-

327 3444 493 3499 menti
537 3443 683 3497 illius
724 3442 837 3496 vim
878 3447 931 3495 et
972 3437 1187 3509 pondus
1232 3436 1451 3507 agnovit
1493 3452 1681 3491 senex.
1733 3436 1882 3501 Qua-

325 3543 547 3605 propter
589 3539 650 3587 ut
691 3532 744 3586 id
791 3530 1121 3601 experientia
1172 3544 1268 3583 sua
1308 3528 1502 3584 falsum
1552 3544 1673 3583 esse
1717 3533 1887 3599 magis

328 3626 611 3695 magisque
640 3618 1011 3694 persuaderet,
1035 3621 1137 3676 sibi
1169 3635 1362 3674 nomen
1387 3635 1509 3674 esse
1532 3618 1889 3675 Faustiniano

327 3715 616 3771 confessus
647 3722 752 3777 est,
792 3722 846 3768 et
873 3728 1208 3784 quaecunque
1248 3713 1349 3767 sibi
1395 3713 1726 3775 acciderant,
1759 3714 1885 3769 bre-

328 3812 468 3868 viter
495 3808 756 3864 narravit.
788 3806 869 3862 Ab
898 3821 1069 3861 uxore
1098 3806 1280 3875 itaque
1313 3821 1412 3860 sua
1444 3803 1703 3859 Mathidia
1742 3803 1891 3860 filiis-

329 3918 434 3974 que
454 3902 570 3957 suis
594 3900 807 3971 agnitus
827 3905 930 3961 est,
956 3898 1119 3968 iique,
1138 3897 1363 3952 dimisso
1391 3897 1608 3966 populo,
1632 3912 1738 3950 una
1764 3912 1887 3951 cum

328 3994 510 4058 Petro,
554 3994 610 4048 in
639 3991 847 4057 eadem,
878 3990 970 4045 ubi
1006 3990 1361 4060 disceptatum
1392 3989 1589 4059 fuerat,
1616 3990 1776 4047 domo
1805 4007 1891 4046 re-

329 4090 668 4150 manserunt.

327 4225 334 4231 .
400 4177 636 4237 DECIIIUS
681 4190 841 4229 Lmen
897 4174 1054 4230 docet
1110 4174 1385 4244 quomodo
1438 4172 1660 4237 Petrus,
1701 4181 1893 4229 exorto

334 4271 469 4336 sole,
500 4267 960 4337 Faustinianoque
990 4266 1167 4321 adhuc
1196 4267 1523 4331 dormiente,
1558 4266 1891 4321 Clementem

337 4364 639 4433 fratresque
682 4362 802 4430 ejus
839 4360 908 4415 de
950 4359 1186 4416 ineunda
1229 4375 1351 4414 cum
1397 4360 1488 4414 illo
1525 4359 1894 4428 disputatione

335 4456 613 4520 erudierit,
664 4452 1025 4522 statueritque
1072 4452 1246 4506 eidem
1297 4450 1676 4515 Faustiniano,
1714 4458 1773 4505 ut
1824 4452 1890 4504 ad

1977 3352 2365 3409 Faustinianus
2409 3353 2575 3408 variis
2627 3351 2937 3407 fictionibus
2965 3360 3020 3405 et
3065 3348 3365 3404 mendaciis
3404 3362 3546 3423 prc-

1986 3436 2143 3500 stitit,
2187 3450 2252 3489 ac
2282 3443 2472 3505 postea
2510 3438 2692 3493 vultus
2738 3438 3001 3508 pristinus
3045 3455 3075 3493 a
3118 3439 3279 3495 Petro
3320 3441 3394 3494 illi
3428 3456 3549 3495 om-

1986 3530 2116 3582 nino
2144 3529 2429 3584 restitutus
2459 3537 2562 3584 est.
2592 3529 2797 3585 Dehinc
2826 3529 3019 3585 Petrus
3041 3533 3237 3586 creatis
3269 3530 3549 3589 Laodicea:

1987 3621 2242 3691 episcopo
2276 3630 2329 3676 et
2358 3623 2713 3693 presbyteris,
2749 3639 2811 3677 ac
2844 3614 3053 3679 reddita
3087 3624 3246 3694 tegris
3277 3625 3550 3679 obsessis-

1988 3728 2093 3783 que
2124 3714 2377 3778 sanitate,
2406 3713 2782 3779 Antiochiam,
2821 3731 2929 3785 qua
2976 3714 3164 3770 Simon
3200 3717 3389 3786 pulsus
3434 3717 3550 3771 fue-

1988 3813 2094 3871 rat,
2126 3807 2431 3872 contendit,
2479 3815 2640 3878 atque
2670 3809 2747 3863 illi
2781 3808 2967 3863 urbem
3013 3809 3337 3879 ingredienti
3373 3811 3552 3867 omnis

1990 3898 2241 3967 populus,
2271 3906 2325 3953 et
2365 3914 2553 3955 omnes
2584 3901 2816 3969 majores
2846 3908 2999 3967 natu,
3032 3916 3095 3954 ac
3123 3901 3332 3957 nobiles
3372 3902 3553 3971 paeni-

1988 3991 2214 4044 tentiam
2263 4000 2506 4061 agentes,
2539 3993 2752 4047 iverunt
2800 3993 3035 4048 obviam.
3064 3994 3183 4063 Ipse
3210 4009 3343 4048 vero
3374 3995 3440 4049 de
3473 4001 3552 4049 tot

1990 4079 2269 4135 hominum
2320 4083 2673 4139 conversione
2721 4085 2925 4153 gratias
2973 4083 3081 4139 Deo
3110 4086 3316 4151 retulit,
3362 4102 3553 4144 omnes

1990 4181 2221 4243 aegrotos
2250 4175 2477 4240 sanavit,
2509 4184 2669 4245 atque
2699 4174 2841 4229 intra
2881 4185 3083 4246 septem
3118 4178 3234 4233 dies
3267 4179 3550 4233 duodecim

1992 4265 2158 4318 millia
2183 4265 2463 4319 hominum
2497 4282 2654 4322 sacro
2688 4268 2856 4321 abluit
2900 4269 3244 4338 baptismate.
3274 4268 3385 4325 Hos
3414 4271 3555 4325 inter

1993 4355 2345 4427 Theophilus,
2375 4359 2458 4411 vir
2489 4359 2670 4428 populi
2715 4359 3034 4428 primarius,
3080 4360 3266 4415 domus
3315 4378 3425 4415 sum
3470 4363 3555 4415 in-

1993 4458 2191 4520 gentem
2241 4449 2515 4504 basilicam
2571 4449 2801 4504 ecclesia:
2845 4453 3050 4507 nomine
3097 4456 3449 4518 consecravit,
3500 4456 3554 4507 in

336 4547 742 4618 amplexandam
776 4545 1089 4614 religionem
1124 4543 1486 4599 Christianam
1515 4559 1635 4599 sese
1677 4558 1897 4612 compa-
1928 4562 1969 4615 ι)
1997 4559 2100 4613 qua
2132 4542 2290 4597 Petro
2332 4542 2568 4612 apostolo
2615 4544 2900 4597 constituta
2942 4554 3018 4599 est
3069 4546 3131 4598 ab
3183 4547 3323 4599 omni
3364 4546 3556 4616 populo

336 4647 516 4703 raret,
556 4638 794 4694 dandum
840 4653 959 4693 esse
988 4636 1152 4692 unius
1184 4636 1308 4691 anni
1343 4636 1598 4706 spatium.
1632 4634 1765 4690 Cum
1799 4650 1896 4689 au-

337 4740 445 4787 tem
475 4729 857 4786 Faustinianus
896 4745 927 4784 e
956 4730 1095 4783 lecto
1141 4728 1489 4791 surrexisset,
1522 4726 1589 4781 ab
1634 4726 1701 4781 iis
1744 4740 1894 4796 quae-

339 4823 466 4887 sivit
503 4838 571 4876 an
599 4823 670 4878 sit
702 4824 756 4876 in
785 4822 1091 4877 substantia
1128 4828 1181 4875 et
1218 4819 1428 4873 actibus
1465 4818 1665 4872 bonum
1695 4823 1749 4870 et
1782 4832 1898 4869 ma-

338 4920 473 4975 lum.
509 4915 647 4969 Huic
674 4916 957 4986 quaestioni
988 4910 1267 4983 respondit
1301 4909 1572 4968 Clemens,
1612 4917 1771 4976 atque
1804 4924 1900 4961 ex-

338 5009 535 5083 positis
562 5009 628 5063 de
659 5010 801 5063 bono
832 5017 884 5064 et
927 5008 1069 5062 malo
1110 5005 1386 5061 stellarum
1429 4996 1651 5072 aspectu
1698 5001 1901 5071 princi-

340 5101 468 5183 piis,
498 5100 743 5170 probavit
772 5102 973 5154 nullam
1005 5100 1129 5153 inde
1162 5095 1474 5151 hominibus
1507 5093 1709 5163 imponi
1741 5108 1902 5162 posse

343 5193 743 5249 necessitatem.
774 5191 942 5246 Porro
987 5200 1164 5246 autem
1196 5204 1319 5244 cum
1350 5188 1465 5242 haec
1491 5187 1747 5255 utrinque
1784 5185 1901 5240 dis-

345 5292 722 5355 ceptarentur,
774 5283 996 5345 Petrus,
1052 5292 1299 5339 eoactum
1354 5280 1545 5335 videns
1600 5278 1900 5348 populum,

346 5379 598 5446 deinceps
623 5378 689 5431 de
714 5375 1013 5430 idololatria
1039 5376 1298 5446 falsisque
1330 5374 1556 5429 deorum
1587 5370 1904 5425 numinibus

344 5471 509 5539 jussit
534 5470 818 5540 disputari.
858 5468 1119 5534 Quocirca
1146 5468 1398 5523 Clemens
1436 5464 1699 5533 originem
1735 5460 1906 5519 idOlo-

349 5563 523 5617 latriae
552 5561 770 5625 evolvit,
811 5560 1051 5630 dixitque
1092 5574 1218 5614 vera
1246 5558 1507 5614 falsorum
1541 5558 1767 5612 deorum
1800 5556 1907 5612 cri-

352 5656 522 5719 mina,
565 5656 618 5708 in
651 5655 948 5725 primisque
986 5652 1133 5706 Jovis
1184 5658 1369 5721 stupra
1397 5660 1451 5707 et
1483 5652 1745 5708 adulteria
1790 5664 1909 5704 om-

350 5748 511 5805 nibus
543 5765 665 5806 esse
716 5748 1025 5812 notissima,
1069 5759 1133 5799 ac
1177 5744 1388 5799 tandem
1422 5745 1715 5799 etiamnum
1764 5750 1910 5798 stare

355 5839 508 5914 plura
550 5840 781 5906 ﬁliorum
810 5839 946 5911 ejus,
992 5837 1270 5898 hominum
1313 5838 1498 5912 utique
1545 5839 1905 5911 nequissimo-

1996 4634 2268 4688 cathedra.
2312 4633 2554 4704 Denique
2589 4632 3001 4689 Faustinianum
3035 4637 3304 4707 baptismo
3352 4637 3555 4692 initiari

1996 4727 2380 4796 postulantem,
2421 4725 2636 4792 Petrus,
2668 4727 2874 4801 indicto
2922 4729 3062 4797 plebi
3104 4730 3332 4799 jejunio,
3381 4729 3559 4799 bapti-

1998 4819 2158 4881 zavit,
2189 4825 2242 4873 et
2275 4833 2611 4888 quaecunque
2654 4819 2919 4875 hactenus
2945 4820 2994 4875 ei
3020 4821 3380 4891 contigerant,
3409 4820 3565 4880 omni

2002 4910 2197 4981 populo
2222 4910 2491 4981 exposuit.

2531 5001 2924 5058 ARTICULUS
2960 5002 3024 5059 ll.

2261 5096 2399 5164 Quid
2432 5106 2622 5151 veteres
2649 5096 2711 5151 de
2734 5097 2813 5150 his
2851 5096 3001 5150 libris
3038 5096 3313 5150 senserint.

2071 5190 2293 5245 Auctori
2330 5191 2555 5260 hujusce
2594 5190 2776 5259 operis
2802 5190 2848 5244 si
2873 5188 3005 5244 ﬁdes
3042 5188 3328 5251 habeatur,
3362 5186 3565 5240 Roma-

2002 5298 2107 5337 nus
2137 5281 2226 5335 ille
2261 5279 2383 5343 fuit,
2426 5294 2455 5333 e
2494 5277 2727 5334 Cassaris
2777 5276 3000 5341 familia,
3040 5276 3258 5330 nomine
3290 5273 3560 5338 Clemens,

2004 5374 2093 5427 cui
2142 5380 2296 5444 pater
2319 5358 2706 5426 Faustinianus
2734 5409 2749 5434 ,
2798 5377 2969 5424 mater
3011 5366 3263 5421 Mathidia
3289 5405 3305 5431 ,
3368 5365 3564 5419 fratres

2004 5465 2218 5520 Nicetas
2262 5471 2315 5518 et
2337 5461 2548 5532 Aquila,
2596 5461 2712 5531 ipse
2752 5461 3056 5531 praecipuus
3107 5458 3567 5527 charissimusque

2004 5556 2148 5611 Petri
2205 5554 2537 5623 discipulus;
2595 5552 2689 5622 qui
2744 5554 2926 5622 plures
2976 5550 3220 5618 ejusdem
3277 5548 3563 5617 apostolici

2007 5650 2299 5703 conciones
2347 5646 2851 5716 disputationesque
2900 5644 3119 5712 scriptis
3175 5641 3418 5704 tradidit,
3470 5655 3569 5695 va-

2010 5743 2229 5812 riosque
2266 5739 2476 5817 redegit
2527 5740 2579 5792 in
2626 5738 2813 5799 libros.
2862 5735 2987 5791 Haec
3034 5736 3123 5791 ille
3168 5741 3319 5797 tanta
3369 5732 3565 5787 fiducia

2012 5842 2265 5903 tantaque
2296 5832 2696 5888 asseveratione
2724 5828 2972 5897 aﬂirmat,
3001 5834 3059 5882 ut
3086 5826 3237 5883 multi
3271 5825 3568 5897 scriptores
