4048 6262
520 355 660 414 1179

1406 344 1460 402 8.
1487 342 1887 411 ‘CLEMENTIS
1920 344 1939 397 l
1974 339 2140 400 ROM.
2176 342 2378 401 PONT.
2417 343 2642 403 OPERA
2680 342 2905 401 DUBIA.

3623 350 3742 411 “30

519 475 700 529 varias
751 469 997 539 ejusdem
1060 466 1244 537 operis
1301 464 1600 520 sententias
1649 461 1823 532 ipsius
1881 459 2100 516 nomine
2127 465 2174 522 Α
2201 470 2326 514 nota
2357 462 2410 515 in
2434 462 2541 516 illis
2565 477 2813 531 expressa
2851 461 3128 530 reperitur.
3161 459 3229 514 Et
3251 460 3534 519 Clementis
3557 468 3748 536 quidem

520 568 727 636 absque
767 562 877 616 ullo
905 560 1166 628 scrupulo
1206 559 1378 611 citare
1419 571 1525 608 non
1556 554 1946 608 dubitaverint.
1973 551 2096 606 Pri-

519 674 642 713 mus
674 658 814 711 inter
843 669 938 708 eos
979 653 1140 706 nobis
1189 649 1429 704 occurrit
1457 646 1741 717 Origenes,
1772 645 1863 715 qui
1891 646 1992 700 hos
2026 645 2096 698 li-

520 752 648 805 bros
691 749 770 802 sic
814 746 1041 800 laudat:
1075 743 1201 796 Tale
1249 739 1446 810 aliquid
1482 741 1608 793 dicit
1651 748 1701 792 et
1727 737 1914 793 Petrus
1958 734 2095 804 apud

519 839 856 899 Clementem,
905 835 1151 903 quoniam
1201 830 1335 883 bona
1380 844 1535 897 opera
1564 845 1680 898 qua:
1704 829 1836 896 ﬁunt
1871 844 1902 879 a
1925 825 2097 894 ﬁdeli-

520 932 611 981 bus
638 930 706 987 .in
746 928 840 979 hoc
880 925 1073 979 swculo
1117 924 1189 976 eis
1234 929 1452 990 prosunt
1503 919 1583 982 “,
1616 927 1724 976 etc.
1774 919 1917 973 Alibi
1967 931 2097 972 vero

519 1019 664 1072 aliud
692 1017 1071 1084 fragmentum,
1099 1015 1373 1083 superiore
1397 1015 1552 1083 longe
1573 1015 1855 1083 prolixius,
1885 1015 1937 1069 in
1960 1016 2076 1072 haec

516 1109 803 1176 exscripsit
855 1107 1014 1161 verba
1045 1106 1130 1158 "5:
1178 1103 1243 1156 Et
1294 1105 1528 1159 Clemens
1585 1106 1882 1170 Romanus,
1928 1105 2076 1161 Petri

517 1203 741 1269 apostoli
769 1200 1076 1268 discipulus,
1103 1199 1155 1250 in
1181 1198 1313 1250 hanc
1337 1200 1670 1268 quastionem
1691 1209 1738 1253 et
1764 1199 2074 1253 sententiam

516 1309 635 1346 cum
661 1300 808 1361 patre
834 1292 1104 1344 Laodicea!
1131 1292 1184 1342 in
1209 1289 1640 1353 Circuitionibus,
1666 1291 1722 1341 ὲν
1744 1291 1863 1353 ταῖς
1885 1289 2077 1360 Περιὸ-

516 1384 624 1448 δοις
649 1385 873 1446 locutus,
904 1392 1007 1436 etc.
1038 1383 1116 1435 Ab
1149 1393 1368 1435 auctore
1407 1391 1585 1434 autem
1621 1381 1803 1448 Operis
1835 1382 2078 1451 imperfe—

519 1475 590 1526 cti
621 1476 673 1525 in
697 1472 1006 1526 Matt/imum
1035 1472 1172 1524 idem
1199 1471 1386 1524 titulus
1411 1472 1493 1525 his
1518 1472 1668 1524 libris
1691 1472 1977 1541 praefigitur
1996 1473 2072 1532 “z

519 1564 707 1619 Petrus
735 1567 874 1634 apud
903 1566 1252 1628 Clementem,
1282 1565 1360 1617 vel
1391 1582 1403 1617 :
1435 1562 1580 1618 Sicut
1607 1566 1658 1617 in
1694 1563 1932 1618 Historia
1961 1564 2078 1628 ωετ

521 1659 704 1711 mentis
736 1656 923 1710 Petrus
961 1657 1200 1724 exponit.
1229 1655 1322 1709 His
1351 1657 1568 1725 adjungi
1605 1666 1832 1724 possunt
1859 1657 2077 1712 Aldhel-

521 1767 674 1810 mus,
708 1747 1041 1802 Venerabilis
1090 1749 1264 1811 Beda,
1321 1759 1513 1802 auctor
1557 1748 1802 1802 Chronici
1844 1748 2077 1802 Alexan-

2197 569 2311 622 quw
2332 554 2579 623 genuina,
2607 563 2657 606 et
2682 554 2916 607 omnium
2957 570 3210 609 consensu
3245 563 3447 625 recepta
3484 558 3590 609 sint
3631 561 3752 610 scri-

2193 655 2284 713 pta
2302 646 2420 714 jam
2447 647 2580 699 satis
2610 645 2788 715 liquet.
2828 645 2983 701 Unde
3008 645 3255 702 Valesius
3293 646 3376 700 his
3409 647 3589 703 verbis
3620 649 3753 703 Petti

2195 747 2256 792 et.
2312 735 2531 804 Apionis
2582 737 2964 806 disputationes
3020 739 3187 793 libros
3233 737 3658 807 Recoqnitionum
3693 742 3755 797 ait

2201 829 2440 886 Eusebio
2473 831 2790 900 designatos
2811 832 3084 900 opinatur.
3115 830 3269 899 Quod
3300 833 3345 886 si
3377 833 3580 887 dixeris
3611 850 3664 886 ιιι
3693 836 3751 890 iis

2197 935 2304 974 non
2336 920 2564 975 inveniri
2594 935 2733 989 quas
2757 919 3024 974 Eusebius
3050 920 3096 950 “
3139 919 3276 973 dicit
3303 918 3449 973 Petri
3495 927 3544 973 et
3601 917 3753 988 Apic-

2196 1013 2278 1065 nis
2299 1011 2705 1080 disputationes,
2737 1013 3026 1080 respondet
3056 1010 3335 1078 Ruﬁnum,
3382 1011 3547 1079 hujus
3580 1012 3753 1080 operis

2195 1104 2569 1173 interpretem,
2608 1103 2715 1156 alia
2744 1119 2910 1173 penes
2949 1119 3009 1158 se
3040 1103 3296 1158 habuisse
3338 1101 3652 1157 eorumdem
3694 1103 3754 1155 li-

2193 1195 2414 1250 brorum
2444 1196 2773 1264 exemplaria
2831 1196 2884 1249 in
2915 1195 3113 1265 quibus
3133 1195 3310 1264 plura,
3329 1210 3450 1264 quae
3479 1196 3532 1249 in
3561 1197 3754 1250 nostris

2192 1299 2508 1353 occurrunt,
2540 1304 2649 1342 non
2680 1289 3234 1358 reprwsentabantur.

2265 1377 2652 1434 Verumtamen
2699 1381 2943 1450 quandiu
2977 1396 3084 1434 non
3125 1379 3416 1435 exstabunt
3458 1380 3548 1433 illa
3582 1396 3756 1435 exelu-

2191 1469 2384 1539 plaria,
2423 1487 2452 1524 a
2483 1471 2684 1526 nostris
2717 1478 3000 1541 tantopere
3032 1472 3421 1541 discrepantia,
3462 1471 3648 1525 tandiu
3678 1472 3754 1523 in-

2191 1568 2400 1615 certum
2428 1561 2532 1615 erit
2565 1570 2745 1615 utrum
2792 1563 2845 1614 in
2877 1563 2958 1617 eis
2990 1563 3071 1615 vel
3102 1561 3158 1614 in
3189 1562 3310 1615 aliis
3335 1560 3581 1629 ejusdem
3627 1561 3753 1616 scri-

2192 1653 2366 1721 ptoris
2423 1653 2581 1708 libris
2629 1654 2710 1711 ha:
2759 1654 3159 1724 disputationes
3217 1655 3620 1717 contineantur,
3669 1661 3754 1706 aut

2193 1745 2408 1799 tandem
2445 1745 2548 1799 illa:
2587 1746 2715 1802 sola.1
2750 1747 2984 1814 Speciale
3024 1744 3244 1816 aliquod
3273 1747 3526 1800 volumen
3559 1747 3756 1802 consti-

517 1842 680 1904 drini,
709 1838 1009 1903 Freculfus,
1035 1837 1391 1908 Nicephorus,
1420 1838 1683 1909 Georgius
1709 1839 2004 1903 Cedrenus,
2027 1849 2077 1894 et
2122 1817 2164 1870 Β
2195 1837 2414 1890 tuerint.
2443 1833 2512 1892 Ut
2536 1844 2593 1889 ut
2616 1838 2710 1901 sit,
2745 1838 3023 1893 nonnullis
3069 1837 3300 1893 forsitan
3335 1838 3474 1893 idem
3499 1838 3756 1895 Eusebius

513 1933 607 1987 alii
643 1931 914 1992 nonnulli,
949 1946 979 1984 a
1005 1929 1206 2000 quibus
1237 1930 1338 1983 hoc
1369 1943 1507 1996 opus
1541 1927 1730 1981 eodem
1759 1927 1979 1978 nomine
2010 1926 2094 1978 in-

514 2027 774 2095 signitum
801 2033 907 2079 est.

586 2116 692 2169 Alii
743 2131 872 2170 vero
927 2111 1061 2166 illud
1125 2111 1268 2165 inter
1323 2110 1633 2180 apocrypha
1683 2109 1958 2178 rejiciunt.
2015 2110 2092 2168 lla

512 2212 662 2267 enim
695 2211 762 2263 de
793 2225 854 2264 eo
881 2207 1069 2261 Patres
1108 2205 1324 2260 concilii
1359 2203 1587 2256 Romani
1615 2204 1715 2258 sub
1737 2201 1953 2257 Gelasio
1983 2215 2094 2258 sta-

519 2312 685 2358 tuunt
713 2321 725 2356 :
760 2299 1108 2354 Itinerarium
1140 2297 1348 2350 nomine
1379 2294 1530 2348 Petri
1563 2297 1809 2366 apostoli,
1834 2295 1971 2366 quod
1999 2312 2091 2365 ap-

511 2392 741 2464 pellatur
810 2390 982 2446 sancti
1041 2388 1322 2443 Clementis
1379 2386 1502 2442 libri
1552 2387 2088 2458 octo,apocryphum.

512 2487 622 2541 Pro
666 2495 782 2540 octo
833 2483 1010 2538 critici
1063 2481 1358 2551 scriptores
1405 2487 1597 2549 putant
1639 2479 1925 2549 legendum
1967 2495 2091 2535 esse

510 2577 706 2633 decem.
751 2577 957 2629 Auctor
1002 2589 1131 2628 vero
1186 2570 1586 2638 Stichometriw,
1647 2578 1770 2641 post
1799 2570 2091 2641 Nicephori

510 2669 1110 2740 ConstantinOpolitani
1161 2666 1684 2740 Chronographiam
1727 2666 1926 2724 additae
1973 2687 1984 2722 :
2020 2665 2088 2722 Et

508 2782 626 2836 qua:
658 2763 811 2827 Novi,
845 2763 1052 2817 scilicet
1082 2757 1436 2817 Testamenti,
1461 2766 1583 2811 sunt
1615 2758 1912 2828 apocrypha
1938 2775 1954 2812 :
1985 2756 2087 2811 lti-

511 2856 781 2910 nerariu‘m
809 2853 955 2907 Petri
987 2868 1162 2906 versus
1194 2852 1355 2906 2700.
1400 2850 1725 2921 Agobardus
1756 2865 1974 2919 quoque
2006 2850 2084 2911 ‘7;

507 2948 654 3004 Licet
716 2947 872 3001 iidem
920 2945 1082 3009 libri,
1137 2946 1335 3016 inquit,
1385 2945 1490 2997 sint
1535 2942 1849 3012 apocryphi;
1908 2941 2086 3011 plera-

507 3057 607 3111 que
639 3050 810 3093 tamen
840 3053 905 3091 ea:
937 3038 1002 3090 iis
1039 3036 1336 3089 testimonia
1372 3033 1704 3088 inveniuntur
1735 3046 1765 3083 α
1788 3029 2086 3086 doctoribus

2195 1927 2366 1983 libros
2394 1927 2823 1998 Recognitionum
2861 1931 3080 1984 nomine
3100 1932 3261 1984 Actus
3281 1930 3427 1984 Petri
3461 1933 3755 2001 appellasse

2195 2018 2487 2083 videbitur,
2523 2034 2646 2072 cum
2689 2021 2972 2089 scripsit"
2997 2040 3010 2074 :
3032 2018 3248 2074 Librum
3294 2037 3444 2084 vero,
3479 2023 3566 2091 qui
3596 2021 3752 2075 Actus

2195 2113 2344 2167 Petri
2371 2111 2585 2178 dicitur,
2611 2123 2661 2170 et
2685 2112 3026 2185 Evangelium
3060 2119 3172 2185 ejus
3198 2117 3402 2170 nomine
3427 2118 3752 2186 inscriptum,

2179 2202 2581 2260 Pra'dicationis
2629 2222 2827 2276 quoque
2863 2216 2911 2259 et
2929 2208 3274 2260 Revelationis
3305 2207 3537 2276 ejusdem
3602 2207 3753 2261 libros

2193 2313 2288 2366 pro
2316 2296 2590 2349 catholicis
2621 2297 2831 2363 scriptis
2864 2314 3133 2367 nunquam
3163 2299 3369 2352 habitos
3396 2316 3509 2353 esse
3534 2311 3752 2356 constat.

2191 2388 2302 2444 Nec
2337 2390 2698 2444 vetustiorum
2732 2391 3021 2459 siquidem,
3057 2408 3158 2446 nec
3183 2393 3550 2448 recentiorum
3575 2393 3755 2448 Eccle-

2194 2482 2287 2538 size
2321 2482 2651 2552 scriptorum
2685 2484 2998 2552 quisquam,
3054 2485 3343 2555 desumpto
3384 2500 3448 2540 ex
3496 2486 3564 2540 iis
3608 2486 3755 2540 libris

2194 2577 2502 2632 testimonio
2536 2593 2669 2631 usus
2697 2593 2936 2646 unquam
2971 2576 3139 2632 fuisse
3172 2579 3388 2648 legitur.
3420 2577 3538 2633 Non
3569 2595 3754 2634 sumus

2191 2670 2408 2739 quidem
2447 2670 2650 2736 nescii,
2722 2685 2818 2730 eos
2859 2670 2926 2724 de
2970 2671 3170 2739 quibus
3206 2671 3474 2726 Eusebius
3517 2671 3756 2741 disputat

2191 2763 2381 2828 libros,
2412 2763 2479 2818 ab
2508 2765 2767 2832 antiquis,
2802 2771 2859 2816 ut
2892 2764 3052 2832 paulo
3081 2770 3206 2818 ante
3235 2764 3488 2827 vidimus,
3524 2763 3756 2832 scripto-

2191 2854 2340 2910 ribus
2389 2853 2557 2910 fuisse
2606 2855 2822 2909 citatos.
2868 2852 3124 2908 Attamen
3171 2868 3279 2907 non
3325 2853 3453 2908 inde
3497 2855 3757 2908 continuo

2191 2946 2376 3004 inferri
2429 2947 2608 3014 debet,
2654 2947 2828 3014 illum,
2879 2962 2988 3002 non
3038 2946 3106 3002 de
3155 2945 3482 3010 Clementis,
3544 2946 3640 3002 sed
3691 2945 3758 3000 de

2190 3040 2414 3097 alterius
2453 3038 2736 3108 cujusdam
2784 3038 2940 3094 libris
2989 3040 3233 3093 locutum
3281 3054 3422 3094 esse.
3467 3036 3606 3092 Nam
3635 3079 3650 3102 ,
3701 3047 3759 3092 ut

507 3141 786 3202 usurpata.
841 3129 1174 3182 Hlllllel‘lUS
1223 3126 1387 3179 etiam
1417 3123 1707 3192 episcopus
1741 3119 1915 3191 Sylva:
1945 3120 2079 3175 Can-

2191 3130 2488 3202 prudenter
2517 3130 2772 3187 observat
2793 3129 3076 3198 Valesius,
3117 3131 3189 3185 ibi
3220 3131 3444 3194 erravit,
3478 3139 3528 3186 et
3560 3147 3759 3186 memo-

507 3225 648 3280 dida:
676 3221 1063 3278 “:Clementis
1123 3218 1270 3281 liber,
1326 3217 1380 3270 id
1429 3225 1508 3272 est
1557 3212 1902 3269 Itinerarium
1935 3213 2082 3268 Petri

509 3315 737 3386 apostoli
781 3324 829 3368 et
877 3312 1112 3367 Canones
1160 3308 1517 3378 apostolorum
1565 3317 1908 3362 numerantur
1948 3308 2083 3362 inter

508 3406 825 3477 apocrypha.
884 3404 980 3458 llis
1040 3402 1252 3457 accedit
1305 3399 1582 3454 Honorius
1621 3398 2081 3468 Augustodunen-

508 3501 677 3557 sis“:
704 3498 941 3553 Clemens
965 3497 1245 3566 scripsit...
1277 3493 1628 3548 Itinerarium
1654 3491 1800 3545 Petri
1827 3502 1874 3547 et
1899 3490 2082 3560 dispu-

509 3595 759 3647 tationem
789 3591 951 3654 Petri,
988 3596 1038 3641 et
1096 3587 1337 3656 Arionis,
1366 3594 1414 3640 et
1441 3586 1608 3638 multa
1639 3583 1770 3649 alia,
1800 3600 1915 3653 qua:
1944 3585 2082 3637 inter

508 3683 801 3754 apocrypha
850 3690 1211 3735 numerantur.
1258 3681 1397 3733 Ante
1443 3693 1538 3732 eos
1578 3692 1705 3732 vero
1739 3676 2075 3730 Athanasius

507 3778 714 3832 dixisse
745 3775 914 3830 fertur
933 3773 1002 3825 ⁸⁸.
1044 3772 1244 3826 Iterum
1275 3771 1398 3824 libri
1428 3770 1564 3824 Novi
1593 3769 1931 3832 Testamenti,
1965 3768 2080 3837 qui-

507 3869 602 3924 bus
635 3866 1037 3929 contradicitur,
1073 3874 1195 3919 sunt
1229 3863 1495 3918 Circuitus
1527 3861 1693 3927 Petri,
1725 3867 1831 3915 etc.

1033 3975 1426 4031 ARTICULUS
1465 3975 1554 4030 Ill.

541 4073 682 4141 Quid
716 4071 992 4138 Eusebius,
1020 4069 1402 4140 Hieronymus,
1441 4077 1489 4121 et
1517 4066 1842 4136 Epiphanius
1871 4065 1934 4120 de
1961 4065 2042 4119 his

1087 4141 1238 4194 libris
1269 4141 1551 4193 senserint.

576 4237 929 4291 Arbitrantur
979 4232 1228 4288 nonnulli
1278 4231 1668 4301 Hieronymum
1717 4229 1962 4286 eamdem
2011 4230 2080 4287 de

494 4328 591 4384 ibis
622 4329 771 4382 libris
809 4327 1000 4380 tulisse
1036 4324 1385 4387 sententiam,
1411 4323 1501 4376 ubi
1531 4321 1668 4375 dixit
1690 4321 1733 4352 “
1762 4319 1946 4376 :Libri
1976 4338 2075 4374 au-

505 4431 604 4473 tem
622 4438 648 4472 e
663 4419 846 4489 quibus
869 4417 1263 4470 unusActorum
1278 4415 1390 4482 ejus
1407 4413 1731 4477 inscribitur,
1752 4413 1890 4467 alius
1909 4412 2078 4466 Evan-

2182 3225 2263 3280 ria
2296 3224 2481 3293 lapsus
2520 3231 2603 3278 est
2636 3222 2942 3291 Eusebius;
2973 3225 3172 3293 quippe
3201 3224 3294 3293 qui
3339 3224 3586 3279 eamdem
3613 3225 3757 3295 Apo-

2182 3317 2448 3388 calypsin,
2489 3331 2584 3372 seu
2609 3314 2992 3371 Revelationem
3021 3316 3189 3379 Petri,
3217 3333 3380 3386 quam
3403 3318 3490 3371 hic
3520 3319 3590 3372 ab
3613 3321 3757 3373 anti-

2181 3413 2308 3482 quis
2345 3409 2570 3464 citatam
2603 3416 2786 3478 negat,
2819 3408 2944 3462 alibi
2979 3423 3006 3461 a
3029 3409 3305 3464 Clemente
3344 3410 3553 3463 laudari
3583 3418 3757 3464 testa-

2180 3513 2270 3560 tur
2290 3505 2335 3538 ⁸⁸
2362 3524 2375 3560 :
2399 3503 2638 3558 Clemens
2678 3503 2734 3557 in
2764 3501 2913 3555 libris
2939 3501 3343 3572 Hypotyposeon
3371 3501 3520 3556 Petri
3549 3506 3756 3572 Apoca-

2183 3597 2355 3668 lypsin
2405 3593 2613 3649 laudat.
2661 3591 2884 3647 Certum
2937 3600 3021 3647 est
3070 3601 3328 3663 praeterea
3373 3594 3595 3656 librum,
3659 3594 3753 3664 qui

2182 3688 2507 3743 Prwdicatio
2533 3686 2682 3738 Petri
2726 3684 3068 3747 inscribitur,
3107 3685 3176 3738 ab
3217 3683 3448 3754 Origene
3478 3687 3521 3718 ⁸⁷
3549 3697 3600 3740 et
3628 3687 3755 3741 aliis

2179 3779 2458 3835 nonnullis
2484 3777 2657 3831 fuisse
2687 3775 2933 3830 citatum.
2959 3774 3142 3829 Potuit
3164 3792 3293 3845 ergo
3313 3775 3586 3832 Eusebius
3611 3786 3667 3830 et
3696 3777 3752 3830 in

2180 3872 2302 3925 aliis
2347 3870 2562 3924 duobus
2612 3867 2800 3930 libris,
2847 3883 2986 3935 quos
3037 3874 3446 3932 commemorat,
3499 3867 3753 3922 similiter

2180 3963 2377 4033 decipi.
2433 3960 2529 4016 His
2578 3967 2760 4014 tamen
2803 3959 3003 4028 opponi
3042 3965 3243 4028 potest,
3290 3959 3441 4012 illum
3480 3957 3546 4012 de
3593 3959 3753 4014 libris

2179 4071 2209 4107 a
2239 4055 2419 4117 Petro,
2451 4069 2560 4108 non
2600 4061 2779 4106 autem
2815 4065 2845 4103 a
2868 4050 3148 4105 Clemente
3187 4050 3408 4119 scriptis
3453 4050 3524 4104 ibi
3557 4051 3740 4120 dispu-

2178 4155 2312 4202 tare.
2368 4145 2636 4201 Caaterum
2689 4145 2734 4199 si
2779 4141 3047 4198 Eusebius
3081 4143 3136 4196 in
3164 4143 3345 4197 allatis
3395 4143 3533 4198 locis
3575 4143 3753 4198 libros

2177 4238 2606 4308 Recognitionum
2650 4235 2947 4291 Clementis
3001 4235 3221 4300 laudat,
3278 4236 3401 4291 illos
3447 4237 3756 4306 genuinum

2177 4329 2477 4384 Clementis
2526 4345 2662 4399 opus
2711 4344 2833 4384 esse
2882 4328 3099 4398 penitus
3155 4327 3447 4382 inliciatur.
3511 4326 3570 4381 Si
3616 4345 3756 4383 vero

2178 4435 2365 4476 eorum
2403 4436 2514 4474 non
2552 4420 2820 4484 meminit,
2854 4417 3005 4474 idem
3033 4436 3098 4474 ex
3132 4419 3252 4488 ejus
3274 4418 3492 4474 silentio
3523 4419 3750 4473 ducitur

502 4511 652 4580 gelii,
692 4510 872 4562 tertius
914 4505 1392 4560 Prwdicationis...
1417 4505 1552 4558 inter
1580 4506 1902 4576 apocrypltas
1939 4509 2073 4560 scri-
2105 4511 2147 4565 Ι)
2178 4515 2577 4578 argumentum.
2629 4506 2816 4577 Neque
2863 4508 3007 4563 enim
3058 4506 3149 4561 ille
3198 4514 3306 4560 tam
3355 4507 3545 4577 longas
3589 4508 3752 4561 lucu-

499 4613 683 4670 pturas
737 4607 1067 4667 repulanlur.
1129 4596 1342 4652 Rursus
1402 4611 1530 4650 vero
1580 4596 1670 4649 ubi
1720 4596 1788 4653 de
1838 4597 2070 4666 ipsomet

500 4693 781 4746 Clemente
805 4689 1029 4744 disserit
1052 4690 1128 4744 "1
1155 4688 1223 4740 Et
1250 4688 1537 4757 disputatio
1553 4687 1701 4741 Petri
1727 4695 1778 4742 et
1826 4690 2064 4758 Apionis,

501 4782 702 4850 inquit,
744 4797 902 4850 quam
934 4779 1186 4833 Eusebius
1226 4780 1280 4832 in
1325 4779 1476 4832 tertio
1506 4777 1761 4832 Historia:
1816 4779 2063 4833 ecclesia-

498 4875 646 4927 sticte
689 4871 949 4926 volumine
991 4871 1254 4940 coarguit.
1300 4869 1364 4922 Et
1397 4885 1456 4924 re
1487 4869 1704 4938 quidem
1747 4871 1865 4940 ipsa
1894 4870 2065 4927 Euse-

497 4965 620 5020 bius
658 4965 714 5019 in
743 4963 961 5028 eodem,
995 4978 1155 5033 quem
1189 4961 1549 5032 Hieronymus
1586 4963 1738 5026 citat,
1771 4963 1910 5017 libro
1951 4964 2063 5018 haec

498 5058 666 5113 habet
705 5058 791 5108 "z
843 5055 1072 5122 Quidam
1116 5070 1273 5122 porro
1315 5053 1425 5107 alia
1468 5054 1627 5106 etiam
1667 5068 1822 5122 opera
1853 5057 2064 5123 prolixa

495 5149 591 5204 sub
633 5150 746 5219 ejus
792 5149 1000 5202 nomine
1049 5146 1160 5200 heri
1235 5163 1295 5199 ac
1355 5145 1738 5200 nudiustertius
1790 5163 1844 5200 in
1888 5153 2062 5202 lumen

493 5244 856 5314 protulerunt,
904 5250 1032 5310 puta
1080 5235 1223 5294 Petri
1278 5248 1329 5294 et
1386 5239 1607 5308 Apionis
1653 5238 2055 5307 disputationes,

493 5353 716 5407 quarum
756 5335 894 5404 apud
935 5335 1178 5403 antiquos
1211 5331 1361 5387 nulla
1389 5333 1599 5385 omnino
1633 5341 1806 5385 exstat
1842 5337 2054 5387 mentio.

493 5428 674 5500 Neque
700 5429 838 5483 enim
870 5429 1074 5481 sincera
1105 5434 1258 5479 recta:
1282 5423 1427 5495 ﬁdei,
1454 5424 1517 5477 ab
1542 5425 1796 5494 apostolis
1824 5426 2056 5491 traditat,

561 5573 604 5605 “
643 5571 882 5624 'l'rac1at.
912 5569 980 5622 '55
1005 5569 1058 5620 in
1085 5565 1275 5619 Matth.

2172 4600 2472 4664 brationes,
2499 4614 2636 4669 quas
2668 4615 2696 4652 a
2721 4599 2997 4654 Clemente
3028 4587 3300 4668 profectas
3331 4615 3453 4654 esse
3476 4611 3746 4664 uovnsset,

2169 4699 2278 4746 tam
2309 4693 2418 4747 alto
2445 4695 2620 4763 potuit
2644 4707 2881 4763 unquam
2910 4694 3186 4762 prieterire
3221 4693 3462 4750 silentio.

2238 4784 2448 4850 Quibus
2479 4793 2657 4840 autem
2690 4786 3017 4840 accuratiori
3049 4786 3327 4856 diligentia
3355 4787 3459 4839 hoc
3483 4785 3744 4843 Clemen-

2166 4877 2237 4932 tis
2266 4893 2404 4947 opus
2438 4879 2754 4932 examinare
2796 4878 2971 4940 licuit,
3001 4878 3037 4930 ii
3070 4879 3354 4933 certiorem
3382 4877 3450 4933 de
3491 4879 3584 4934 illo
3616 4896 3739 4935 sen-

2169 4971 2392 5025 tentiam
2425 4969 2624 5024 feruht.
2659 4969 2768 5024 llos
2800 4970 2942 5024 inter
2956 4970 3289 5039 Epiphanius
3318 4973 3597 5026 memoria:
3613 4988 3744 5042 pro-

2167 5063 2305 5117 didit
2339 5061 2671 5118 Clementem
2713 5071 2962 5118 nostrum
2992 5063 3060 5118 de
3082 5062 3226 5118 Petri
3261 5064 3591 5119 Circuitibus
3641 5065 3745 5118 ali-

2167 5154 2299 5224 quid
2336 5171 2524 5209 revera
2561 5155 2782 5224 scriptis
2813 5155 3126 5219 tradidisse,
3155 5157 3250 5211 sed
3281 5157 3401 5225 ejus
3433 5158 3642 5226 scripta
3672 5158 3744 5212 ab

2168 5246 2436 5302 Ebionitis
2470 5247 2738 5302 haereticis
2775 5247 2911 5301 adeo
2946 5247 3114 5302 fuisse
3151 5258 3428 5316 corrupta,
3461 5257 3521 5301 ut
3547 5249 3742 5316 paucis

2161 5338 2307 5392 veris
2332 5339 2560 5402 relictis,
2585 5347 2778 5393 cretera
2809 5337 2914 5407 ipsi
2947 5337 3084 5393 falso
3106 5339 3492 5408 supposuerint
3510 5340 3575 5391 ‘8:
3600 5338 3742 5392 Sunt

2163 5437 2213 5481 et
2242 5428 2337 5481 alii
2366 5428 2509 5495 libri,
2537 5429 2740 5499 inquit,
2767 5428 2956 5498 quibus
2991 5439 3234 5494 utuntur,
3267 5429 3404 5483 velut
3429 5429 3575 5483 Petri
3611 5430 3739 5482 Cir-

1313 5573 1432 5635 post
1463 5567 1599 5636 lnit._
1657 5564 1715 5636 :57
1741 5562 2202 5636 Philecal._c._22,
2236 5567 2288 5619 in
2331 5567 2453 5620 fine.
2530 5567 2575 5597 “
2611 5567 2747 5636 Cap.
2782 5566 2971 5620 {0-24.
3047 5568 3091 5598 ⁸⁷
3129 5565 3257 5636 Lib._
3286 5564 3602 5636 Delndaic.
3635 5579 3741 5636 suf-

525 5645 721 5700 erstit..
753 5654 874 5708 cap.
910 5639 996 5692 lii.
1075 5637 1121 5668 “
1157 5638 1213 5690 In
1247 5632 1497 5708 Respons.
1530 5634 1600 5708 ad
1643 5632 1940 5708 Nicct.__lib.
2016 5633 2080 5708 εξ,
2099 5634 2214 5688 Lib.
2247 5637 2324 5691 De
2351 5637 2547 5690 lumine
2573 5632 2798 5701 Eccles.,
2834 5654 2955 5707 cap.
2994 5639 3079 5693 15.
3154 5638 3200 5668 ⁵ο
3237 5632 3296 5684 In
3337 5635 3587 5708 Synopsi.
3613 5703 3632 5708 _
3662 5635 3742 5708 ﬂ“

1256 5707 1299 5736 "
1340 5706 1472 5760 Eod.
1507 5707 1600 5760 lih.

537 5713 606 5765 ib.
649 5712 724 5763 De
740 5711 930 5774 script.
961 5708 1144 5761 eccles.

1223 5774 1342 5831 Lib.
1405 5792 1456 5830 Vt
1518 5775 1689 5837 Hist.,
1747 5791 1866 5843 cap.
1902 5775 1980 5830 Η.

495 5798 550 5835 ιιι
595 5781 764 5841 Ilist.,
797 5794 916 5846 cap.
967 5779 1018 5830 5.
1115 5777 1163 5808 ⁸⁸

489 5853 578 5915 so,
616 5850 641 5920 ε
689 5849 770 5900 ιδ.

1695 5703 1742 5734 ⁵³
1779 5703 1994 5778 Lib._iu
2031 5704 2198 5778 Ilist.,
2242 5723 2364 5778 cap.
2399 5709 2489 5762 58.
2525 5708 2611 5778 ﬁ“
2654 5707 2709 5760 lu
2765 5703 2946 5762 etiiud.
3005 5709 3133 5778 Eus.
3199 5703 3399 5760 locum.

2038 5776 2100 5856 ,⁵³
2149 5775 2327 5833 Tom:
2361 5796 2481 5843 xm,
2518 5777 2756 5845 Exposil.
2786 5779 2836 5832 in
2869 5778 3065 5850 Evang.
3097 5777 3293 5832 Joann.

3527 5705 3571 5735 ⁵³
3613 5703 3745 5761 Lib.

3436 5776 3481 5807 ⁸⁸
3524 5773 3742 5833 Πωιύε.
