4048 6262
305 371 436 430 1181

1400 365 1966 424 RECOGNITIONES.
2006 398 2073 409 --
2105 366 2465 425 ΡῐίΟαΞΜΙΑ.

3389 370 3528 426 H83

303 484 476 535 cuitus
518 499 549 536 a
584 481 844 538 Clemente
884 482 1200 552 conscripti,
1228 484 1491 552 Περιόδοι
1533 486 1856 556 καλούμεναι

1965 479 2194 535 homines
2246 480 2316 534 ad
2363 489 2704 536 assertionem
2761 493 3062 556 aogmatum
3110 501 3361 550 suorum,
3435 491 3530 541 sub

306 573 550 642 Πέτρου.
582 572 696 638 Quo
731 573 784 626 in
817 572 976 637 libro,
1021 575 1202 645 paucis
1233 576 1365 630 veris
1411 576 1606 630 relictis
1629 619 1644 643 ,
1674 587 1859 631 cetera

303 675 718 732 supposuerant;
748 664 1184 731 quemadmodum
1211 663 1446 719 Clemens
1490 666 1598 734 ipse
1625 667 1861 721 omnibus

304 756 422 808 illos
466 755 635 808 modis
672 756 934 826 redarguit
966 756 1032 809 iis
1076 756 1315 825 epistolis
1349 757 1718 821 circularibus,
1748 776 1863 829 qua:

305 846 366 897 ab
395 864 450 899 eo
481 848 706 914 scriptae,
737 848 790 899 in
825 850 1175 902 sacrosanctis
1209 848 1456 903 Ecclesiis
1485 851 1750 919 leguntur.
1779 849 1864 902 Ea:

306 940 490 1006 quibus
525 951 729 993 constat
759 941 906 1010 longe
943 940 1008 993 ab
1038 941 1125 1006 iis,
1152 958 1269 1009 qua:
1308 942 1361 995 in
1391 941 1720 997 Circuitibus
1753 943 1862 996 illis

305 1031 396 1083 sub
429 1031 542 1099 ejus
593 1034 800 1084 nomine
831 1033 1133 1086 adulterina
1169 1043 1407 1098 exstant,
1442 1035 1584 1086 illius
1617 1035 1771 1103 ﬁdem
1802 1052 1864 1090 ac

305 1139 594 1176 sermonem
631 1124 978 1178 abhorruisse.
1013 1124 1220 1179 Etenim
1247 1127 1598 1194 virginitatem
1627 1127 1862 1182 Clemens

305 1215 504 1280 docuit,
533 1216 625 1268 isti
658 1216 932 1283 repudiant
966 1217 1096 1269 :ille
1129 1215 1325 1282 Etiam,
1357 1216 1603 1270 Davidem
1633 1229 1679 1271 et
1705 1219 1859 1272 Sam-

305 1324 516 1367 sonem.
565 1325 838 1377 omnesque
885 1309 1160 1376 prophetas
1201 1310 1562 1371 commendat,
1606 1308 1868 1365 Ebienitw

305 1399 650 1451 detestantur.
687 1400 860 1463 Quare
889 1400 942 1452 in
973 1400 1303 1454 Circuitibus
1336 1401 1452 1452 istis
1489 1417 1640 1453 suum
1682 1401 1751 1454 ad
1784 1403 1866 1456 in-

304 1491 546 1544 stitutum
582 1494 1043 1545 accommodarunt
1067 1493 1263 1557 omnia,
1286 1509 1348 1547 ac
1369 1493 1432 1546 de
1453 1491 1608 1545 Petro
1631 1492 1867 1564 plurima

299 1576 566 1628 mendacia
602 1578 985 1645 conﬁnxerunt.
1033 1576 1343 1645 Cujusmodi
1387 1587 1463 1632 est
1505 1579 1638 1631 inter
1679 1588 1869 1633 cratera

299 1667 446 1721 illum
499 1670 830 1723 castimoniae
877 1686 1040 1723 causa
1093 1670 1314 1731 lavisse,
1365 1671 1502 1740 quod
1551 1673 1641 1726 isti
1696 1673 1869 1742 facere

298 1771 688 1816 consueverunt.
723 1761 854 1815 Tum
878 1761 941 1814 ab
972 1764 1222 1816 animatis
1261 1765 1520 1827 omnibus,
1546 1775 1595 1819 et
1617 1766 1864 1823 carnibus

1966 575 2196 629 virorum
2240 583 2546 629 sanctorum
2590 577 2795 630 nomine
2845 588 3092 646 tanquam
3148 580 3358 648 facilius
3419 598 3532 634 cre-

1965 666 2135 720 denda
2194 667 2522 721 inseruerunt
2582 684 2675 731 ea,
2733 686 2846 738 quce
2909 670 2992 724 illi
3031 687 3120 724 nec
3176 673 3397 726 sensisse
3441 688 3532 725 nec

1968 759 2241 826 scripsisse
2292 759 2534 812 censendi
2581 770 2721 814 sunt.
2785 762 2841 814 ln
2903 763 3217 832 praefatione
3250 780 3379 819 vero
3421 779 3534 820 suae

1966 849 2279 903 eorumdem
2328 851 2590 907 librorum
2645 851 3112 921 interpretationis
3160 857 3271 910 haec
3328 857 3529 911 habet:

1967 939 2103 993 Sunt
2136 949 2184 992 et
2217 940 2457 1010 qua’dam
2486 940 2548 994 de
2583 943 2812 1011 ingenito
2841 943 2948 997 Deo
2983 947 3252 1015 genitoque
3282 947 3530 1014 disserta,

1963 1039 2012 1084 et
2051 1031 2114 1084 de
2155 1032 2278 1085 aliis
2318 1033 2608 1098 nonnullis,
2660 1051 2796 1104 qum,
2828 1046 2884 1088 ut
2907 1038 3038 1089 nihil
3076 1040 3298 1105 amplius
3336 1040 3530 1106 dicam,

1965 1134 2290 1177 excesserunt
2335 1125 2737 1192 intelligentiam
2785 1139 3043 1182 nostram.
3095 1130 3221 1182 liwc
3250 1147 3370 1199 ergo
3415 1140 3533 1184 tan-

1966 1229 2122 1281 quam
2145 1229 2304 1280 supra
2333 1217 2463 1267 vires
2496 1231 2635 1267 meas
2665 1226 2865 1279 essent,
2896 1218 3017 1271 aliis
3044 1236 3308 1273 reservare
3341 1223 3531 1286 malui,

1967 1322 2122 1370 quam
2151 1306 2321 1358 minus
2347 1307 2501 1373 plena
2529 1306 2779 1374 proferre.
2832 1308 3043 1372 Quibus
3091 1310 3180 1363 ille
3214 1314 3534 1379 posteriori-

1969 1395 2070 1450 bus
2110 1395 2290 1450 verbis
2344 1413 2454 1449 non
2503 1397 2741 1451 obscure
2793 1398 2990 1460 innuit,
3036 1400 3149 1453 huic
3202 1404 3382 1456 omnia
3413 1420 3440 1455 a
3477 1421 3535 1458 se

1968 1487 2207 1546 omissa,
2262 1503 2362 1540 nec
2395 1487 2584 1541 Latine
2642 1488 2872 1544 reddita.
2921 1489 3110 1545 Varios
3171 1492 3390 1562 insuper
3447 1495 3534 1548 ille

1970 1580 2157 1634 habuit
2207 1582 2610 1650 manuscriptos
2657 1583 2900 1648 codices,
2952 1599 2981 1635 a
3011 1600 3070 1638 se
3103 1585 3332 1639 invicem
3379 1587 3536 1659 longe

1969 1673 2236 1737 diversos,
2270 1680 2432 1743 atque
2464 1674 2517 1726 in
2547 1673 2872 1742 quibusdam
2899 1675 3181 1737 nonnulla,
3214 1692 3275 1728 ac
3306 1693 3368 1731 ea
3397 1695 3529 1747 prae-

1970 1767 2155 1821 sertim
2202 1782 2322 1835 quae
2353 1766 2420 1820 de
2453 1767 2934 1822 transformatione
2972 1769 3154 1822 vultus
3194 1766 3534 1824 Faustiniani

298 1850 599 1920 reliquoque
648 1853 822 1916 omni,
868 1852 1005 1921 quod
1056 1870 1212 1906 carne
1259 1865 1477 1918 constet,
1512 1839 1935 1930 abstinuissetB
1965 1856 2241 1917 dicuntur,
2291 1872 2398 1910 non
2439 1858 2748 1911 occurrisse
2798 1860 3092 1912 observat:
3128 1857 3285 1919 Puto,
3333 1859 3530 1926 inquit,

299 1945 538 2014 quoniam
561 1943 625 1996 ab
658 1945 720 1997 iis
749 1953 856 2000 tam
891 1943 1057 1997 Ebion
1082 1945 1211 1999 olim
1233 1963 1392 2017 quant
1423 1947 1574 2002 hodie
1606 1947 1864 2002 Ebionita:

295 2053 474 2090 omnes
512 2034 814 2090 abhorrent.
863 2035 941 2090 Re
965 2047 1145 2091 autem
1179 2053 1325 2100 vera,
1367 2039 1419 2092 in
1446 2039 1531 2094 his
1562 2041 1717 2095 libris
1739 2040 1863 2093 dili-

293 2135 482 2199 genter
526 2128 850 2181 observatur
908 2127 1126 2181 Petrum
1188 2143 1351 2184 mane
1404 2130 1624 2187 lavisse.
1674 2132 1731 2185 ln
1776 2133 1863 2188 his

291 2219 455 2275 etiam
473 2217 667 2273 Petrus
693 2217 899 2274 dixisse
931 2218 1100 2273 fertur
1121 2219 1200 2270 5’:
1227 2218 1393 2274 Panis
1426 2221 1552 2274 mihi
1576 2222 1720 2278 solus
1744 2240 1861 2278 cum

293 2311 465 2373 olivis,
512 2319 560 2365 et
605 2328 729 2366 raro
773 2311 932 2366 etiam
976 2327 1092 2364 cum
1147 2310 1374 2365 oleribus
1427 2313 1480 2366 in
1515 2329 1614 2366 usu
1654 2322 1750 2369 est.
1804 2313 1862 2370 lu

293 2403 378 2458 his
407 2403 641 2473 denique
670 2404 924 2461 Christus
979 2405 1129 2460 solus
1171 2404 1372 2473 ubique
1393 2421 1557 2462 verus
1591 2404 1860 2474 Propheta

297 2494 470 2552 fuisse
524 2497 808 2552 asseritur.
861 2495 1034 2552 Porro
1086 2497 1130 2550 si
1178 2494 1515 2567 Epiphanius
1574 2499 1858 2561 nonnulla,

293 2603 415 2657 quas
445 2591 501 2641 in
532 2587 618 2642 his
649 2588 803 2642 libris
854 2587 1077 2642 minime
1105 2596 1424 2652 occurrunt,
1483 2590 1737 2644 retulisse
1781 2590 1862 2643 vi-

291 2671 505 2738 deatur,
543 2675 633 2728 ille
662 2675 906 2746 profecto
939 2676 994 2730 in
1020 2678 1268 2731 diversos
1295 2676 1475 2743 abiis,
1517 2679 1718 2748 quibus
1749 2678 1861 2733 Ru-

293 2768 436 2824 ﬁnus
466 2785 618 2824 suam
648 2772 814 2828 edidit
846 2773 1174 2838 versionem,
1210 2772 1430 2829 codices
1479 2775 1738 2833 incidisse
1777 2778 1860 2834 di-

291 2860 500 2916 cendus
529 2869 631 2916 est.

815 2950 1212 3010 ARTICULUS
1249 2953 1339 3013 IV.

503 3042 771 3101 Sententia
801 3045 976 3114 Ruﬁni
1005 3056 1052 3102 et
1077 3047 1256 3102 Photii
1276 3048 1339 3104 de
1365 3049 1443 3104 his
1478 3049 1649 3108 libris.

1964 1945 2100 2016 quod
2133 1957 2181 2002 te
2209 1964 2311 1999 non
2344 1947 2508 2000 lateat
2531 1947 2811 2002 Clementis
2842 1949 2996 2016 hujus
3028 1951 3080 2001 in
3106 1949 3286 2002 Gra'co
3303 1949 3536 2017 ejusdem

1964 2037 2133 2106 operis
2185 2035 2581 2105 Ἀναγνώσεων,
2629 2037 2724 2090 hoc
2772 2048 2846 2091 est
2892 2037 3362 2108 Recognitionum,
3399 2042 3534 2095 duas

1961 2128 2214 2184 editiones
2266 2127 2467 2191 haberi,
2512 2138 2559 2184 et
2601 2128 2704 2182 duo
2745 2145 2964 2197 corpora
3011 2147 3121 2183 esse
3172 2131 3446 2194 librorum,
3480 2134 3537 2185 in

1963 2220 2252 2290 aliquantis
2285 2220 2491 2290 quidem
2522 2220 2752 2287 diversa,
2780 2221 2834 2273 in
2869 2222 3051 2274 multis
3098 2233 3268 2274 tamen
3304 2223 3534 2290 ejusdem

1962 2313 2290 2365 narrationis
2320 2311 2585 2380 :denique
2617 2327 2740 2380 pars
2789 2312 2978 2364 ultima
3026 2313 3182 2381 hujus
3237 2317 3429 2382 operis,
3482 2318 3536 2369 in

1961 2417 2062 2472 qua
2088 2401 2150 2456 de
2179 2403 2644 2473 transformatione
2677 2405 2907 2458 Simonis
2931 2405 3173 2473 refertur.
3200 2407 3253 2458 in
3279 2424 3381 2461 uno
3411 2425 3532 2460 cor-

1957 2507 2081 2561 pore
2113 2492 2353 2558 habetur,
2404 2495 2457 2548 in
2509 2496 2615 2548 alio
2660 2512 2761 2548 non
2799 2494 3039 2551 habetur.
3086 2496 3266 2551 Monet
3300 2498 3535 2567 denique

1959 2584 2242 2652 epistolam
2292 2584 2584 2640 Clementis
2640 2587 2705 2640 ad
2726 2584 2987 2640 Iacobum
3039 2585 3259 2641 fratrem
3294 2587 3532 2654 Domini,

1962 2687 2082 2742 qua:
2126 2672 2254 2729 huic
2295 2675 2446 2743 operi
2497 2675 2714 2744 praeﬁxa
2755 2686 2890 2739 erat,
2941 2691 2969 2730 a
3000 2693 3058 2731 se
3088 2677 3262 2733 fuisse
3309 2687 3535 2749 praatcr-

1963 2765 2228 2821 missam:
2257 2765 2554 2834 Epistolam
2593 2784 2721 2821 sane
2765 2769 2817 2820 in
2849 2785 2951 2838 qua
2996 2768 3131 2822 idem
3165 2768 3423 2837 Clemens,
3466 2771 3534 2824 ad

1959 2855 2221 2910 Iacobum
2254 2857 2472 2927 fratrem
2493 2858 2706 2912 Domini
2737 2859 3058 2915 scribens....
3090 2860 3205 2914 ideo
3235 2862 3355 2916 huic
3391 2865 3532 2931 operi

1960 2965 2064 3002 non
2088 2949 2413 3018 prtcmisi....
2437 2950 2560 3019 quia
2589 2960 2638 3007 et
2671 2960 2892 3018 tempore
2919 2953 3176 3020 posterior
3207 2965 3306 3019 est,
3335 2965 3383 3008 et
3407 2957 3532 3009 olim

1961 3055 1993 3092 a
2022 3055 2104 3094 me
2143 3041 2488 3108 interpretata
2519 3049 2674 3109 atque
2699 3041 2861 3094 edita.

363 3133 558 3206 Opinio
606 3137 852 3205 ejusdem
910 3153 1124 3208 quoque
1153 3139 1337 3197 Ruﬁni
1389 3151 1492 3207 est,
1538 3142 1638 3198 hos
1688 3142 1857 3200 libros
1884 3180 1928 3241 Ο
2029 3129 2447 3241 “fumiferos
2480 3133 2573 3201 qui
2615 3133 3002 3241 Plurcslctia’m
3055 3134 3533 3241 ιιθδξιθιζθιηηυξιξε

293 3245 322 3285 a
346 3230 625 3287 Clemente
656 3231 900 3285 Romano
922 3231 1178 3300 pontiﬁce
1222 3242 1497 3303 exaratos,
1529 3251 1732 3309 eosque
1761 3237 1858 3292 de-

292 3329 546 3389 pravatos
575 3320 740 3376 fuisse
771 3322 838 3375 ab
869 3321 1172 3392 haereticis;
1208 3324 1301 3379 sed
1331 3327 1485 3394 plura
1515 3343 1676 3396 quam
1705 3335 1856 3398 putat

291 3411 644 3482 Epiphanius,
691 3415 920 3482 integra,
946 3421 998 3466 et
1028 3412 1096 3467 ab
1127 3415 1244 3482 ipso
1275 3415 1552 3471 Clemente
1579 3434 1705 3473 vere
1729 3437 1856 3490 pro-

289 3503 454 3566 fecta,
484 3504 535 3556 in
570 3504 637 3558 iis
662 3519 762 3558 suo
791 3510 1032 3572 tempore
1071 3503 1382 3559 occurrisse
1429 3512 1682 3561 testatur.
1726 3507 1854 3576 Ejus

289 3595 479 3656 verba,
511 3595 636 3648 licet
668 3595 828 3662 paulo
857 3594 1174 3662 prolixiora,
1210 3595 1336 3665 quia
1371 3595 1439 3649 ad
1469 3611 1580 3650 rem
1609 3604 1854 3651 nostram

289 3702 398 3741 non
434 3702 624 3756 parum
683 3686 911 3747 faciunt,
943 3686 1031 3740 hic
1055 3687 1468 3742 trauscribenda
1495 3704 1614 3744 esse
1646 3690 1857 3758 putavi-

291 3794 416 3833 mus
445 3779 510 3828 “:
546 3777 814 3840 Clemens,
863 3777 1076 3846 inquit,
1129 3780 1486 3846 apostolorum
1542 3781 1852 3848 discipulus,

289 3873 380 3941 qui
413 3871 661 3924 Romana:
697 3870 942 3925 Ecclesiae
975 3882 1091 3940 post
1132 3875 1395 3942 apostolos
1428 3882 1477 3927 et
1508 3874 1777 3942 episcopus
1806 3884 1858 3930 et

292 3971 499 4031 martyr
522 3962 754 4029 prwfuit,
797 3962 954 4016 libros
980 3962 1164 4027 edidit,
1191 3966 1280 4035 qui
1311 3963 1488 4018 Greece
1524 3965 1856 4032 appellantur

305 4052 767 4124 ’Λναγνωρισμός,
791 4053 843 4106 id
881 4051 1384 4124 estRecognitio;in
1429 4054 1610 4125 quibus
1650 4073 1764 4108 cum
1793 4071 1858 4109 ea:

291 4161 517 4213 persona
544 4142 686 4197 Petri
712 4146 936 4212 apostoli
959 4144 1202 4198 doctrina
1237 4147 1390 4216 quasi
1424 4162 1536 4198 vere
1567 4149 1855 4213 apostolica

293 4236 347 4287 in
381 4252 537 4305 quam
572 4236 812 4303 plurimis
842 4247 1153 4302 exponatur,
1189 4238 1243 4290 in
1273 4237 1532 4308 aliquibus
1572 4239 1649 4290 ita
1676 4238 1854 4292 Euno-

293 4329 385 4380 mii
407 4326 595 4396 dogma
615 4328 891 4391 scribitur,
925 4338 980 4381 ut
1022 4329 1153 4382 nihil
1180 4329 1326 4382 aliud
1352 4346 1508 4399 quam
1536 4332 1642 4399 ipse
1674 4330 1854 4384 Euno-

294 4421 427 4471 mius
472 4420 742 4486 disputare
786 4421 1052 4484 credatur,
1089 4420 1288 4473 Filium
1330 4421 1428 4475 Dei
1466 4433 1761 4476 creaturam
1789 4438 1852 4478 es:

1960 3222 2142 3290 operis
2183 3222 2401 3279 codices
2442 3238 2606 3276 manu
2635 3231 2912 3290 exaratos,
2937 3223 3003 3278 de
3043 3242 3107 3279 eo
3137 3227 3215 3280 sic
3241 3226 3430 3280 deﬁnit
3452 3229 3528 3280 “t

1961 3316 2202 3384 Epistola
2252 3318 2546 3387 prarﬁgitur
2598 3326 2849 3387 tanquam
2901 3316 2968 3369 ad
3003 3315 3260 3372 Iacobum
3311 3321 3532 3390 fratrem

1958 3406 2193 3472 Domini,
2219 3416 2266 3463 et
2290 3407 2398 3462 hac
2423 3425 2583 3479 neque
2609 3408 2810 3472 eadem,
2843 3426 3004 3478 neque
3033 3419 3088 3462 ut
3118 3413 3180 3464 ab
3211 3415 3388 3466 eodem
3411 3430 3534 3483 pro-

1955 3497 2114 3566 fecta,
2138 3497 2228 3551 sed
2269 3501 2325 3552 in
2362 3499 2511 3555 libris
2539 3501 2810 3554 nonnullis
2851 3501 3011 3554 veluti
3053 3519 3084 3554 a
3109 3502 3269 3557 Petro
3296 3508 3531 3575 apostolo

1958 3597 2024 3643 ad
2046 3589 2305 3645 Iacobum
2347 3594 2552 3646 missa:
2579 3595 2631 3647 in
2676 3595 2801 3649 aliis
2847 3613 3032 3650 rursus
3071 3607 3322 3670 tanquam
3359 3599 3530 3654 aClc-

1957 3690 2123 3736 mente
2147 3681 2214 3736 ad
2235 3680 2585 3741 Iacobum...
2612 3685 2799 3738 harum
2829 3688 2976 3754 prior
3003 3689 3232 3741 ostendit
3256 3689 3530 3756 ipsummet

1958 3773 2176 3828 Petrum
2209 3790 2288 3830 res
2319 3791 2351 3828 a
2382 3793 2437 3830 se
2474 3787 2648 3844 gestas
2696 3781 3069 3846 conscripsisse
3089 3821 3102 3843 ,
3137 3790 3185 3834 et
3206 3779 3408 3832 Iacobo
3438 3797 3526 3833 ens

1955 3867 2250 3935 postulanti
2302 3869 2510 3921 misisse
2558 3885 2577 3922 :
2620 3868 2794 3922 altera
2852 3887 2968 3924 vero
3011 3872 3167 3939 refert
3213 3870 3528 3925 Clementem

1957 3955 2102 4009 Petri
2147 3957 2306 4025 jussu
2368 3957 2579 4011 easdem
2635 3975 2716 4011 res
2778 3969 2949 4027 gestas
3011 3960 3201 4012 litteris
3262 3961 3522 4027 proditas,

1953 4060 2227 4120 postquam
2282 4050 2371 4102 ille
2413 4049 2529 4119 jam
2591 4051 2656 4103 ad
2718 4052 3073 4104 immortalem
3132 4057 3526 4121 commigrasset

1953 4138 2728 4202 vitam,Iacobotransmisisse.
2785 4139 2867 4192 Ea:
2893 4157 2992 4209 quo
3036 4143 3336 4210 conjectura
3379 4145 3526 4210 capi-

1955 4245 2041 4285 tur
2062 4235 2222 4298 fuisse
2253 4250 2332 4286 res
2355 4242 2528 4300 gestas
2557 4233 2613 4289 S.
2635 4233 2779 4286 Petri
2811 4232 3018 4297 editas;
3045 4246 3096 4287 at
3129 4251 3248 4286 cum
3275 4234 3522 4300 temporis

1956 4328 2333 4396 longinquitate
2361 4326 2598 4393 periisset
2631 4327 2820 4387 altera,
2856 4326 3007 4377 illam
3038 4326 3323 4380 Clementis
3354 4326 3524 4380 solam

1954 4416 2285 4486 perdurasse.
2336 4414 2402 4468 In
2443 4416 2683 4468 omnibus
2736 4415 2872 4468 enim
2923 4413 3090 4476 libris,
3140 4433 3266 4485 quos
3319 4416 3523 4485 quidem

294 4510 452 4562 nullis
477 4513 803 4565 exstantibus
831 4529 1154 4566 asseverans.
1178 4512 1311 4566 Tum
1330 4512 1513 4566 deinde
1538 4515 1696 4567 etiam
1722 4514 1854 4567 illud
1886 4516 1930 4573 D
1958 4508 2086 4563 mihi
2132 4508 2298 4562 videre
2339 4508 2557 4575 contigit
2597 4505 2728 4576 (non
2767 4522 2962 4576 paucos
3009 4507 3129 4558 illos
3167 4508 3364 4574 certe),
3408 4517 3524 4574 post

292 4601 539 4654 adulterii
563 4619 722 4672 genus
753 4603 1020 4664 inseritur,
1056 4611 1112 4654 ut
1142 4612 1389 4655 naturam
1413 4603 1613 4658 diaboli
1637 4615 1855 4659 ctetero-

292 4710 506 4763 rumque
538 4693 835 4747 dtemonum
876 4711 979 4746 non
1015 4694 1274 4761 propositi
1318 4693 1701 4765 voluntatisque
1739 4715 1854 4750 ma-

293 4786 430 4847 litia,
474 4787 561 4839 sed
602 4797 816 4855 excepta
856 4803 918 4839 ac
955 4796 1200 4855 separata
1252 4797 1508 4841 creaturae
1544 4789 1851 4855 produxerit

290 4875 542 4941 qualitas,
579 4877 666 4944 qui
696 4876 874 4944 utique
913 4875 965 4927 in
995 4876 1196 4928 cteteris
1238 4892 1440 4928 omnem
1483 4877 1852 4931 rationabilem

290 4967 541 5020 docuerat
608 4965 756 5019 liberi
819 4967 1031 5019 arbitrii
1085 4967 1339 5036 facultate
1385 4967 1658 5023 donatam.
1720 4968 1856 5024 Sunt

288 5060 449 5114 etiam
481 5058 735 5111 nonnulla
775 5059 923 5112 libris
955 5060 1068 5129 ejus
1101 5061 1325 5121 inserta.
1357 5077 1472 5130 qua:
1502 5061 1857 5116 ecclesiastica

290 5151 471 5219 regula
507 5151 716 5203 omnino
747 5167 850 5203 non
891 5153 1095 5219 recipit.
1150 5151 1856 5222 Quid,quwso,apostolicus

290 5243 390 5303 vir,
436 5243 539 5293 imo
566 5255 690 5308 pene
735 5242 1005 5309 apostolus
1047 5260 1151 5295 non
1181 5259 1242 5296 ea
1272 5242 1454 5296 scribit
1490 5260 1601 5311 qua:
1631 5246 1860 5313 apostoli

291 5331 504 5395 dicunt;
543 5332 626 5383 cui
657 5330 862 5383 Paulus
897 5333 1162 5398 apostolus
1195 5332 1552 5386 testimonium
1581 5334 1724 5387 dedit
1765 5334 1852 5388 di-

290 5441 448 5477 cens:
480 5441 498 5472 s
525 5422 656 5477 Cum
689 5423 948 5476 Clemente
986 5433 1034 5475 et
1073 5424 1404 5492 adjutoribus
1455 5427 1582 5480 meis
1625 5411 1849 5492 cwteris,

290 5531 508 5584 quorum
543 5515 755 5568 nomina
782 5522 903 5567 sunt
938 5514 990 5566 in
1030 5513 1162 5567 libro
1207 5516 1362 5580 vitas;
1389 5537 1406 5567 ι
1440 5526 1488 5571 et
1527 5519 1724 5573 scribat
1756 5520 1850 5574 hoc

290 5607 426 5675 quod
465 5607 617 5662 libris
661 5610 778 5662 vita:
819 5609 1140 5661 contrarium
1170 5611 1388 5663 estlAn
1429 5613 1482 5665 ia
1515 5615 1687 5682 potius
1730 5631 1845 5668 cre-

294 5698 513 5752 dendum
560 5709 668 5765 est,
722 5698 858 5768 quod
912 5716 1072 5769 supra
1118 5695 1382 5766 diximus,
1434 5704 1572 5772 quod
1623 5705 1848 5764 perversi

365 5843 410 5880 "
439 5843 558 5902 Lib.
585 5861 659 5904 vn
685 5845 870 5921 Recog.
950 5847 994 5881 °°
1022 5845 1140 5904 Lib.
1173 5846 1247 5903 De
1272 5845 1440 5902 adult.
1471 5847 1559 5902 lib.
1603 5846 1816 5917 Origen.

1957 4601 2193 4654 diversas
2257 4601 2379 4652 illas
2425 4598 2713 4668 epistolas,
2759 4609 2912 4666 atque
2963 4598 3326 4666 inscriptiones
3385 4598 3522 4653 idem

1958 4694 2172 4748 omnino
2226 4692 2335 4746 sine
2393 4691 2686 4746 variatione
2717 4689 2813 4742 hoc
2848 4691 3014 4757 operis
3073 4691 3281 4744 initium
3318 4693 3519 4758 reperi:

1960 4805 1978 4836 ε
2009 4785 2116 4853 Ego
2145 4774 2384 4838 Ctemens
2405 4824 2419 4845 ,
2448 4801 2465 4833 s
2508 4791 2557 4835 et
2587 4797 2702 4851 qua:
2733 4781 2913 4835 ordine
2944 4782 3180 4850 deinceps
3211 4792 3515 4852 sequuntur.

1957 4876 2220 4944 Refertum
2249 4884 2323 4929 est
2357 4882 2530 4927 autem
2554 4873 2650 4926 hoc
2675 4888 2800 4940 opus
2833 4871 3075 4926 absurdis
3100 4873 3250 4941 nugis
3279 4889 3380 4925 non
3409 4874 3521 4926 sine

1957 4966 2197 5034 plurimis
2228 4981 2292 5019 e1:
2323 4966 2435 5018 Arii
2465 4964 2707 5031 opinione
2736 4963 2788 5014 in
2812 4961 3012 5015 Filium
3044 4962 3516 5031 blasphemiis......

1957 5056 2086 5111 liber
2118 5066 2290 5110 tamen
2322 5057 2572 5109 Actorum
2597 5055 2740 5108 Petri
2763 5056 3128 5124 perspicuitate
3154 5071 3214 5106 ac
3241 5055 3516 5124 gravitate,

1959 5149 2130 5202 adhuc
2158 5149 2389 5218 puritate
2419 5157 2467 5201 et
2499 5147 2813 5201 vehementia
2850 5147 3069 5215 aliisque
3101 5147 3353 5198 orationis
3379 5145 3518 5198 doti-

1960 5241 2076 5303 bus,
2108 5258 2283 5295 rerum
2326 5242 2449 5293 item
2483 5242 2748 5294 variarum
2789 5238 3031 5293 doctrina
3069 5247 3270 5290 tantum
3301 5237 3518 5291 Consti-

1958 5334 2194 5388 tutiones
2242 5342 2492 5401 superat,
2548 5331 2696 5384 nulla
2742 5339 2797 5382 ut
2840 5329 2931 5382 hos
2983 5332 3116 5384 inter
3157 5331 3512 5397 comparatio,

1957 5426 2026 5479 ad
2066 5442 2351 5479 sermonem
2406 5422 2543 5494 quod
2598 5424 2805 5485 attinet,
2852 5422 2970 5490 ﬁeri
3029 5421 3326 5476 debeat.....
3363 5420 3516 5474 Hunc

1954 5517 2270 5572 Clementem
2320 5517 2547 5569 alterum
2590 5533 2622 5568 a
2646 5513 2804 5568 Petro
2837 5512 2981 5565 urbis
3002 5511 3180 5566 Roma:
3221 5514 3513 5581 episcopum

1951 5609 2114 5678 fuisse
2173 5608 2386 5679 quidam
2415 5616 2711 5668 autumant,
2745 5605 2841 5657 alii
2870 5620 2986 5656 vero
3014 5614 3294 5673 quartum;
3323 5603 3511 5657 Linum

1949 5703 2087 5756 enim
2124 5700 2504 5755 etAnacletum
2545 5700 2680 5753 inter
2718 5707 2993 5768 utrumque
3033 5699 3302 5768 pontiﬁces
3348 5698 3512 5753 exsti-

1893 5846 1930 5878 ⁶¹
1974 5842 2224 5901 Biblioth.
2255 5841 2373 5899 cod.
2394 5857 2526 5898 exn.
