4000 6266
514 362 660 437 uss

1399 375 1457 431 S.
1492 374 1894 431 CLEMENTIS
1926 376 1943 430 1
1978 372 2141 430 ROM.
2180 368 2377 427 I’ONT.
2413 368 2649 425 OPERA-
2678 371 2902 427 DUBlA.

3602 371 3730 429 1284

514 505 659 565 tisse,
703 514 765 553 ac
802 497 953 552 tertio
988 495 1194 550 demum
1224 493 1446 562 Trajani
1487 509 1626 545 anno
1670 492 1827 545 vitam
1869 490 2068 560 ﬁnisse.
2098 494 2145 550 Α
2173 487 2365 544 Petrus
2412 487 2754 542 dialecticum
2800 485 3213 556 sophistamque
3258 483 3329 541 ibi
3391 484 3532 555 agit,
3608 486 3727 555 ipso

513 593 653 647 Hinc
680 591 903 661 colligas
938 589 992 642 in
1029 586 1281 641 omnibus
1312 583 1488 639 Photii
1524 583 1804 638 codicibus
1836 582 1977 637 idem
2010 596 2076 637 ac

513 680 568 741 in
595 683 754 741 editis
785 680 991 737 nostris
1020 678 1188 732 fuisse
1218 676 1398 746 operis
1430 675 1593 743 hujus
1629 674 1863 729 initium.
1904 671 2076 727 Porro

513 785 689 831 autem
720 773 923 835 nullus,
958 769 1033 824 uti
1060 768 1366 838 opinamur,
1402 766 1505 822 sibi
1546 765 1704 821 facile
1730 766 2076 837 persuadebit

512 866 616 920 hoc
640 858 788 919 idem
815 875 954 931 opus
982 859 1051 912 ab
1076 856 1448 913 eruditissimo
1481 855 1574 910 illo
1603 856 1721 910 viro
1756 855 1923 911 fuisse
1951 856 2073 912 Cle-

510 958 679 1013 menti
710 954 1110 1024 adjudicatum;
1140 958 1199 1004 ut
1225 956 1347 1019 pote
1375 948 1467 1017 qui
1508 948 1639 1002 illud
1666 949 1840 1018 ipsum
1872 951 2067 1003 absur-

508 1052 594 1106 dis
622 1050 781 1121 nugis
809 1056 863 1103 et
883 1046 1208 1100 Arianorum
1238 1040 1589 1111 blasphemiis
1627 1042 1900 1112 oppletum
1946 1057 2071 1099 esse

508 1151 755 1199 tcstetur.

1035 1275 1429 1332 ARTICULUS
1467 1273 1529 1329 V.

508 1372 789 1429 Sententia:
812 1372 1156 1425 recentiorum
1189 1379 1461 1423 auctorum
1482 1366 1544 1419 de
1564 1366 1643 1419 his
1668 1363 1838 1428 libris,
1863 1374 1910 1418 et
1944 1362 2068 1435 quid

919 1441 980 1495 de
1006 1441 1189 1494 iisdem
1212 1442 1279 1494 sit
1306 1436 1653 1493 sentiendum.

577 1557 759 1627 Neque
821 1572 946 1611 vero
994 1556 1319 1625 scriptorum
1367 1555 1733 1609 recentiorum
1786 1551 2067 1607 sententiae

503 1652 684 1705 minus
721 1664 884 1719 quam
932 1648 1303 1718 antiquiorum
1341 1662 1373 1700 a
1418 1662 1477 1702 se
1524 1646 1756 1701 invicem
1802 1643 2067 1699 dissident

500 1757 794 1811 secumque
823 1740 1163 1795 discordant.
1210 1738 1440 1806 Quidam
1487 1738 1629 1794 enim
1662 1753 1690 1791 a
1724 1735 1903 1790 Ruﬁni
1951 1735 2068 1805 opi-

503 1836 663 1891 nione
700 1851 808 1890 non
838 1836 1004 1909 longe.
1051 1835 1290 1897 abeunt,
1329 1840 1387 1887 ut
1427 1831 1750 1887 Lambertus
1795 1829 2060 1884 Gruterus
2090 1831 2131 1885 Β

503 1925 807 1983 Venradius
830 1970 845 1993 ,
878 1927 971 1995 qui
1003 1924 1070 1980 de
1105 1925 1190 1979 his
1225 1926 1380 1979 libris
1421 1926 1499 1979 sic
1546 1923 1712 1980 sentit
1747 1941 1761 1978 :
1796 1921 2063 1988 Quantum

498 2018 569 2072 ad
613 2017 1066 2087 liecognitionum
1124 2015 1571 2071 Clementinarum
1640 2015 1800 2068 libros
1852 2013 2059 2074 attinet,

497 2126 586 2163 eos
636 2125 748 2162 vere
781 2108 1033 2163 Clementi
1065 2118 1247 2161 nostra
1277 2107 1506 2171 ascribo,
1542 2106 1747 2159 tametsi
1788 2112 2060 2171 corruptos

491 2218 605 2256 esse
635 2217 936 2271 agnoscam,
979 2209 1037 2253 ut
1064 2200 1267 2254 dicetur
1317 2199 1480 2268 infra.
1527 2197 1593 2250 Et
1621 2204 1767 2253 certe
1798 2195 2059 2265 quasdam

497 2294 589 2349 ille
620 2301 771 2348 notat
796 2293 1198 2363 corruptiones,
1227 2293 1423 2362 quibus
1465 2306 1531 2345 ea
1572 2290 1753 2343 omnia
1786 2288 2061 2358 subjungit

496 2402 617 2457 qua:
649 2388 715 2442 de
748 2384 1084 2441 Faustiniani
1110 2385 1291 2440 vultus
1334 2382 1811 2439 transformatione
1860 2380 2058 2439 ibidem

497 2479 769 2549 leguntur.
823 2477 1051 2543 Quidam
1079 2487 1257 2531 autem
1308 2492 1431 2531 cum
1465 2474 1795 2530 Bellarmino
1834 2472 1903 2526 ad
1932 2471 2060 2543 Epi-

496 2571 681 2639 phanii
701 2571 1024 2626 sententiam
1044 2570 1217 2640 magis
1246 2569 1548 2633 inclinant;
1579 2576 1741 2637 atque
1760 2567 1859 2621 bos
1890 2565 2057 2621 libros

495 2663 566 2716 ab
622 2661 892 2718 haereticis
947 2662 1089 2717 ﬁnde
1145 2669 1431 2730 co:ruptos
1475 2676 1597 2715 esse
1625 2666 1898 2713 asserunt.
1951 2656 2057 2713 Sed

495 2754 838 2807 communior
884 2753 1115 2808 aliorum
1161 2753 1389 2823 hujusce
1438 2752 1697 2820 temporis
1742 2750 2057 2805 criticorum

494 2846 678 2914 opinio
706 2845 1037 2901 Clementem
1073 2846 1334 2899 librorum
1364 2844 1579 2897 illorum
1629 2852 1904 2898 auctorem
1934 2855 2057 2896 esse

495 2946 676 3008 negat,
736 2937 1071 3008 aﬂirmatque
1120 2938 1241 2993 illos
1279 2937 1346 2992 ab
1370 2936 1553 3006 aliquo
1604 2935 1829 2991 secundi
1873 2933 2055 2988 saeculi

493 3030 759 3099 scriptore
797 3029 967 3084 fuisse
1015 3029 1355 3098 depravatos,
1405 3042 1608 3097 eosque
1653 3028 1886 3097 repletos
1934 3038 2055 3080 esse

494 3122 713 3186 fabulis,
748 3125 928 3193 nugis,
962 3122 1213 3184 somniis,
1248 3120 1569 3184 mendaciis,
1600 3127 1762 3189 atque
1783 3118 2052 3175 sermoni-
2079 3157 2121 3214 c

493 3214 596 3268 bus
628 3213 1197 3283 disputationibusque
1230 3212 1450 3284 ineptis,
1490 3213 1743 3268 absurdis
1770 3220 1825 3269 et
1849 3212 2054 3267 ridicu-

494 3306 596 3371 lis;
628 3322 691 3359 ac
719 3306 952 3376 denique
974 3306 1029 3359 in
1062 3306 1130 3359 iis
1164 3306 1387 3374 reperiri
1419 3305 1781 3377 fragmentum
1811 3322 1879 3361 ex
1911 3307 2052 3363 libro

493 3396 820 3451 Bardesanis
869 3396 1031 3467 Syri,
1080 3396 1343 3451 adversus
1389 3396 1631 3467 Abydam
1683 3409 2052 3453 astronomum

496 3488 678 3552 edito,
727 3487 947 3543 totidem
986 3488 1167 3543 verbis
1210 3489 1621 3559 transcriptum.
1667 3488 2052 3561 Fragmentum

491 3589 672 3636 autem
702 3580 831 3635 illu'i
861 3580 930 3635 ab
959 3580 1042 3634 his
1072 3579 1256 3635 verbis
1285 3581 1475 3651 incipit
1508 3582 1551 3613 ⁶²
1585 3601 1598 3636 :
1623 3580 1857 3653 Denique
1896 3583 2052 3637 arimi

492 3669 668 3739 Seres,
700 3673 788 3743 qui
816 3672 968 3725 initio
998 3670 1139 3725 orbis
1176 3682 1348 3736 terra,
1386 3681 1491 3729 etc.

562 3764 681 3819 Jam
709 3780 839 3820 vero
868 3765 934 3820 de
960 3764 1046 3820 his
1079 3766 1237 3820 libris
1277 3766 1409 3835 quid
1453 3767 1816 3832 sentiendum,
1849 3767 1933 3823 vel
1962 3768 2051 3823 cui

492 3858 733 3930 opinioni
764 3856 1147 3912 adhaerendum
1170 3857 1262 3920 sit,
1300 3858 1347 3914 si
1378 3868 1622 3929 rogetur,
1656 3861 1899 3916 dicemus
1928 3862 2049 3917 illos

486 3967 558 4007 eo
590 3950 770 4018 modo,
790 3966 899 4020 quo
926 3965 1094 4015 nunc,
1126 3958 1179 4005 et
1222 3966 1251 4003 a
1287 3958 1367 4005 tot
1412 3953 1629 4007 saeculis
1654 3961 2051 4022 reprwsentan-

488 4051 601 4108 tur,
654 4042 723 4097 ab
771 4041 1049 4097 Clemente
1100 4042 1347 4098 Romano
1410 4044 1685 4114 profectos
1738 4061 1849 4115 non
1904 4061 2045 4101 esse.

484 4133 716 4190 Constat
747 4134 893 4189 enim
911 4150 1250 4205 quaecunque
1280 4135 1347 4190 de
1376 4136 1676 4191 mutatione
1697 4138 1879 4194 vultus
1907 4136 2050 4193 Fau-

487 4226 737 4291 stiniani,
784 4234 839 4281 et
884 4234 1072 4296 postea
1118 4227 1191 4281 ibi
1240 4235 1554 4293 narrantur,
1604 4230 1824 4285 omnino
1858 4229 2047 4285 ﬁctitia

483 4336 631 4383 esse,
681 4327 734 4374 et
765 4326 950 4389 aperte
985 4318 1142 4374 falsa.
1188 4318 1254 4373 Et
1297 4334 1425 4375 vero
1469 4320 1555 4375 vel
1605 4321 1720 4375 sola
1763 4320 2048 4375 mendacia

482 4427 608 4480 quae
632 4410 791 4465 Petro
811 4412 1179 4481 apostolorum
1207 4410 1441 4480 principi
1474 4411 1673 4466 ibidem
1706 4412 2044 4479 tribuuntur,

2175 580 2395 636 Simone
2423 579 2579 652 Mago
2602 580 2761 650 longe
2791 578 3163 634 subtiliorem?
3190 576 3330 643 Quid
3363 593 3491 632 vero
3512 576 3579 631 de
3609 577 3729 648 ejus

2172 673 2384 727 ratione
2411 670 2652 734 vivendi,
2683 685 2843 725 mane
2870 669 3150 740 surgendi,
3211 668 3611 738 disputationes
3640 670 3729 724 in-

2172 763 2430 820 stituendi
2454 772 2508 818 et
2534 761 2853 826 ordinandi,
2895 761 2952 816 in
2993 762 3156 817 urbes
3186 759 3544 832 ingrediendi,
3567 768 3732 831 atque

2170 855 2240 912 ab
2267 856 2336 912 iis
2356 856 2450 926 qui
2476 855 2735 926 baptizati
2764 869 2873 910 non
2894 863 3073 918 erant,
3108 870 3226 911 sese
3262 855 3572 924 separandi,
3619 855 3727 910 dici

2168 948 2385 1019 potest?
2409 946 2599 1003 Nonne
2631 947 2745 1002 haec
2781 946 2965 1026 omnia
2994 947 3175 1017 operis
3205 946 3369 1016 hujus
3403 947 3730 1018 suppositio-

2168 1054 2292 1094 nem
2320 1038 2601 1094 evidenter
2631 1039 2905 1111 arguunt?
2933 1037 3073 1106 Quid
3096 1038 3273 1092 adhuc
3307 1039 3479 1110 magis
3513 1039 3731 1093 fabulo-

2169 1146 2290 1186 sum
2322 1146 2485 1202 quam
2520 1145 2585 1186 ea
2612 1130 2909 1202 disputatio
2946 1146 3052 1202 qua
3082 1131 3282 1201 singuli
3324 1131 3584 1201 apostoli,
3624 1148 3729 1187 suo

2167 1225 2370 1295 quique
2426 1224 2652 1288 ordine,
2714 1232 2904 1280 contra
2953 1222 3255 1296 Caipham,
3313 1222 3724 1286 Samaritanus,

2169 1314 2430 1380 Scribas,
2485 1316 2735 1386 aliosque
2790 1315 3001 1372 Iudaeos
3050 1316 3362 1373 decertasse
3412 1316 3728 1387 ﬁnguntur?

2170 1406 2411 1477 Denique
2439 1408 2493 1461 in
2526 1414 2639 1462 toto
2680 1408 2773 1462 illo
2805 1423 2968 1477 opere
3006 1409 3184 1463 nullas
3228 1408 3684 1479 deprehendimus
3705 1448 3724 1474 ,

2165 1499 2285 1569 ejus
2331 1499 2421 1555 cui
2473 1499 2787 1564 ascribitur,
2846 1500 3103 1554 nimirum
3156 1500 3448 1556 Clementis
3490 1498 3723 1556 Romani

2166 1591 2462 1661 pontiﬁcis,
2512 1593 2884 1662 apostolorum
2910 1591 3188 1664 discipuli,
3231 1603 3388 1649 notas
3431 1594 3724 1665 nullosque

2166 1684 2530 1742 characteres.
2580 1685 2735 1751 Quod
2768 1685 2986 1757 quidem
3017 1702 3084 1742 ex
3124 1687 3239 1742 sola
3270 1702 3433 1758 quam
3472 1686 3722 1742 dedimus

2167 1775 2330 1845 hujus
2354 1778 2534 1848 Operis
2565 1778 2771 1849 analysi
2809 1779 3034 1834 cuilibet
3074 1795 3229 1851 aequo
3268 1796 3458 1836 rerum
3485 1780 3723 1836 aestima-

2163 1868 2270 1923 tori
2304 1868 2463 1925 facile
2489 1870 2830 1940 probabitur.

2676 1961 3071 2017 ARTICULUS
3101 1961 3190 2018 Vl.

2164 2050 2308 2105 Num
2354 2052 2552 2133 aliquid
2575 2071 2618 2133 a_
2634 2052 2893 2110 Clemente
2915 2055 3202 2124 profectum
3246 2056 3327 2110 his
3357 2056 3411 2108 in
3459 2056 3607 2110 libris
3635 2073 3722 2133 su-

2228 2127 2419 2205 persit;
2449 2134 2498 2177 et
2529 2127 2644 2195 quis
2684 2142 2863 2181 eorum
2901 2137 3103 2193 auctor,
3135 2143 3195 2179 ac
3233 2144 3335 2196 quo
3366 2136 3594 2196 tempore
3613 2128 3720 2181 sint

2231 2204 2432 2261 scripti.

2234 2284 2449 2351 Verum,
2491 2286 2727 2357 inquies,
2777 2289 2983 2344 nihilne
3028 2288 3174 2360 quod
3200 2290 3268 2344 ab
3292 2288 3412 2359 ipso
3442 2288 3720 2344 Clemente

2158 2377 2462 2446 profectum
2489 2379 2580 2445 sit,
2611 2389 2725 2436 toto
2761 2383 2815 2435 in
2840 2399 3001 2452 opere
3033 2384 3303 2453 reliquum
3336 2390 3420 2438 est
3449 2382 3720 2452 amplius?

2160 2466 2229 2523 Ut
2259 2470 2385 2538 huic
2431 2472 2719 2541 quaestioni
2767 2473 2859 2526 ﬁat
2907 2476 3064 2538 satis,
3098 2474 3501 2530 animadvertas
3560 2476 3717 2528 velim

2156 2576 2223 2615 cx
2253 2559 2320 2616 iis
2349 2578 2469 2633 qua:
2516 2566 2844 2635 protulimus
2889 2567 3160 2620 rationum
3192 2567 3485 2622 momentis
3514 2565 3714 2635 colligi,

2155 2669 2249 2709 eos
2296 2670 2327 2709 a
2372 2672 2501 2711 vero
2546 2658 2703 2729 longe
2753 2658 3010 2713 aberrare
3065 2659 3159 2729 qui
3208 2657 3500 2711 maximam
3552 2656 3719 2726 hujus

2155 2747 2334 2815 operis
2380 2756 2621 2817 partem,
2673 2750 2847 2820 iisque
2894 2757 3104 2804 tantum
3157 2765 3278 2820 qua!
3329 2749 3711 2803 haereticorum

2155 2838 2419 2906 pravitate
2461 2841 2673 2911 adjecta
2712 2849 2860 2907 sunt,
2906 2844 3167 2913 exceptis,
3215 2841 3480 2898 Clementi
3526 2847 3713 2896 nostro

2154 2929 2569 2998 adjudicandam
2600 2949 2720 2990 esse
2749 2936 3104 2992 arbitrantur.

2222 3018 2298 3076 De
2350 3020 2634 3092 Epiphanii
2685 3037 2863 3082 autem
2918 3028 3206 3091 sententia,
3255 3043 3377 3098 quae
3434 3028 3713 3084 haereticos

2156 3126 2327 3181 pauca
2354 3114 2438 3169 bis
2468 3116 2521 3169 in
2555 3116 2727 3185 libris,
2758 3133 2788 3171 a
2819 3118 3094 3175 Clemente
3122 3121 3360 3191 scriptis,
3399 3122 3599 3175 intacta
3621 3137 3710 3176 re-

2155 3203 2378 3274 liquisse
2418 3210 2753 3277 pronuntiat,
2791 3213 2925 3266 certi
2966 3212 3169 3281 aliquid
3214 3213 3441 3269 deﬁnire
3492 3213 3715 3272 difﬁcile

2151 3304 2253 3352 est.
2305 3296 2442 3353 Cum
2485 3301 2630 3356 enim
2670 3304 2909 3373 epistola).
2950 3306 3148 3375 quibus
3195 3305 3444 3362 Clemens
3498 3306 3568 3361 de
3623 3306 3708 3359 sui

2152 3389 2333 3459 Operis
2380 3390 2524 3446 facta
2585 3395 2653 3449 ab
2696 3387 2964 3452 haereticis
3012 3398 3360 3468 corruptione
3407 3413 3708 3468 conquere-

2152 3478 2332 3548 batur,
2385 3484 2453 3538 ad
2496 3500 2597 3541 nos
2655 3489 3021 3558 pervenerint,
3071 3488 3318 3546 divinare
3363 3492 3551 3560 utique
3597 3506 3709 3545 non

2150 3588 2441 3642 possumus
2470 3592 2591 3647 qua;
2624 3579 2733 3634 sint
2765 3580 2854 3635 illa
2882 3596 3054 3652 pauca
3086 3597 3205 3652 quae
3225 3582 3461 3638 haretici
3498 3584 3709 3654 integra

2150 3665 2509 3736 reliquerunt.
2545 3669 2887 3742 Quapropter
2924 3674 3029 3728 nisi
3060 3688 3124 3728 ea
3177 3689 3348 3743 pauca
3379 3676 3524 3729 clare
3552 3675 3706 3744 sigil-

2148 3755 2410 3827 latimque
2442 3760 2903 3828 demonstrentur,
2946 3764 3105 3820 nobis
3149 3764 3365 3821 facilius
3406 3767 3705 3837 persuade-

2148 3846 2293 3915 bitur
2326 3850 2462 3905 nihil
2504 3852 2560 3906 in
2601 3860 2713 3908 toto
2754 3870 2917 3924 opere
2964 3871 3183 3922 sanum,
3227 3857 3323 3913 sed
3361 3859 3543 3913 omnia
3581 3875 3708 3914 cor—

2148 3946 2308 4008 rupta
2355 3956 2475 3997 esse
2512 3950 2565 3998 et
2595 3943 2907 4014 depravata.
2953 3944 3221 4003 Caeterum
3270 3952 3318 4004 si
3369 3948 3707 4021 Epiphanius

2147 4046 2322 4102 pauca
2376 4035 2621 4104 quaedam
2680 4054 2781 4094 suo
2832 4047 3074 4111 tempore
3125 4042 3339 4097 sincera
3385 4052 3440 4099 et
3471 4046 3704 4115 genuina

2148 4127 2491 4196 compererit,
2523 4128 2612 4185 ille
2632 4130 2688 4184 in
2712 4132 2869 4197 alios,
2900 4136 2968 4187 ab
2994 4133 3086 4200 iis,
3109 4136 3202 4206 qui
3223 4151 3369 4191 nunc
3390 4147 3703 4207 supersunt,

2148 4219 2363 4276 codices
2388 4224 2786 4294 manuscriptos
2826 4225 3085 4283 incidisse
3129 4228 3274 4283 baud
3318 4230 3591 4285 immerito
3621 4230 3706 4285 vi-

2147 4308 2326 4368 detur.

2215 4399 2385 4457 Porro
2413 4413 2592 4460 autem
2620 4409 2867 4478 quamvis
2895 4411 3157 4476 auctoris,
3192 4426 3221 4465 a
3260 4428 3369 4483 quo
3400 4428 3538 4484 opus
3569 4411 3700 4467 illud

483 4502 541 4557 id
586 4503 945 4558 invictissime
985 4502 1381 4558 demonstrant.
1428 4501 1612 4572 Neque
1644 4504 1809 4557 etiam
1848 4510 2044 4558 caetera
2077 4486 2118 4540 Ῑ)
2146 4502 2462 4565 corruptum
2510 4499 2743 4567 Ιποάίίιν
2800 4516 2998 4557 nomen
3048 4503 3310 4559 haClenUS
3366 4507 3700 4577 incognitum

482 4596 689 4659 omnia,
728 4610 849 4665 quae
876 4594 928 4648 in
964 4595 1173 4665 reliquo
1208 4610 1374 4665 opere
1418 4596 1666 4665 legimus,
1697 4596 1870 4666 magis
1919 4596 2045 4652 Cle-

485 4689 653 4743 menti
670 4687 1047 4756 'adjudicanda
1084 4688 1243 4743 nobis
1283 4687 1554 4742 videntur.
1602 4686 1739 4741 Nam
1783 4688 1887 4742 iter
1933 4687 2043 4741 Ma-

483 4780 687 4843 thidiae,
719 4780 972 4848 illiusque
1003 4794 1127 4833 cum
1177 4777 1302 4834 ﬁliis
1351 4779 1467 4833 suis
1511 4777 1701 4833 Niceta
1749 4786 1806 4833 et
1847 4778 2041 4848 Aquila

484 4870 845 4940 naufragium,
878 4870 955 4923 illi
985 4870 1203 4925 tandem
1252 4868 1463 4923 fortuiti
1508 4885 1797 4936 occursus,
1842 4870 2041 4940 quibus

483 4976 606 5018 sese
626 4962 857 5016 invicem
888 4975 951 5016 ac
982 4969 1188 5032 patrem
1209 4976 1369 5016 suum
1393 4959 1802 5015 Faustinianum
1834 4962 2043 5031 ipsum-

480 5066 589 5123 que
617 5053 949 5108 Clementem
980 5053 1266 5123 agnovisse
1286 5052 1557 5117 feruntur,
1594 5054 1759 5124 plane
1788 5053 2042 5109 fabulosa

479 5150 538 5199 et
562 5145 731 5214 gratis
757 5143 878 5197 ﬁcta
912 5152 1062 5200 sunt.
1106 5142 1213 5198 Fac
1242 5152 1422 5199 tamen
1455 5159 1517 5198 ea
1548 5160 1670 5200 esse
1714 5145 2039 5213 verissima;

479 5234 612 5306 quid
680 5242 858 5290 autem
920 5236 1092 5305 magis
1142 5250 1171 5288 a
1223 5235 1700 5291 verisimilitudine
1743 5236 2040 5299 abhorret,

479 5342 646 5397 quam
693 5328 856 5381 verba
897 5335 950 5381 et
989 5342 1267 5382 sermones
1308 5344 1447 5397 quos
1495 5326 1689 5383 Petrus
1730 5328 1796 5382 ad
1827 5342 1958 5383 suos
1986 5335 2040 5383 et

480 5418 551 5471 ad
596 5419 852 5489 populum
896 5418 1155 5474 habuisse
1216 5420 1567 5490 perhibetur?
1635 5419 1809 5486 Quam
1858 5420 2043 5475 multa:

480 5510 644 5577 enim,
680 5510 821 5565 Deus
843 5510 1003 5573 bone,
1039 5508 1109 5564 ibi
1160 5520 1458 5565 occurrunt
1485 5526 1659 5581 nugae,
1694 5510 1929 5580 ineptiae.
1957 5512 2043 5565 fa-

482 5598 651 5655 bulae!
685 5618 846 5671 quam
874 5602 1045 5656 multa
1078 5604 1323 5672 puerilia,
1346 5604 1677 5673 perridicula
1709 5613 1762 5659 et
1794 5605 2031 5660 insulsa!

481 5704 642 5759 quam
688 5692 844 5746 multi
883 5708 1094 5749 errores
1134 5703 1295 5761 atque
1330 5695 1645 5749 mendacia?
1689 5711 1851 5765 quam
1897 5697 2037 5754 belle

622 5846 665 5879 ⁸³
700 5844 853 5915 Apud
886 5846 1080 5902 Euseb.
1112 5848 1205 5903 iib.
1243 5865 1293 5902 γι
1326 5848 1501 5919 Prmp.
1536 5851 1773 5920 evangcl.

2144 4595 2307 4658 atque
2337 4588 2731 4661 incompertum
2764 4593 2947 4659 fuerit,
2980 4596 3107 4665 quia
3131 4603 3312 4652 tamen
3342 4598 3474 4653 illud
3511 4598 3701 4656 Graece

2144 4679 2377 4749 primum
2401 4683 2726 4753 composuit,
2755 4699 2878 4739 eum
2922 4684 3168 4741 Graecum
3200 4690 3489 4758 quemdam
3524 4691 3701 4745 homio

2144 4789 2266 4828 nem
2294 4773 2465 4830 fuisse
2493 4791 2625 4831 vero
2662 4788 2809 4832 certe
2837 4787 2922 4834 est
2959 4795 3219 4849 perquam
3259 4782 3619 4838 simillimum.
3651 4783 3706 4840 Is

2143 4878 2307 4933 porro
2363 4852 2681 4923 dialecticus
2733 4868 2836 4922 fuit
2880 4870 3298 4942 disputatorque
3355 4875 3701 4940 acerrimus,

2142 4960 2236 5029 qui
2283 4960 2461 5015 varias
2498 4962 2943 5032 phiIOSOphorum
2988 4964 3295 5033 Opiniones,
3327 4968 3703 5038 astrologiam,

2144 5050 2547 5124 mythologiam,
2583 5068 2773 5108 omnes
2822 5068 3156 5124 paganorum
3196 5056 3410 5112 fabulas
3452 5058 3704 5129 allegori-

2142 5159 2343 5213 casque
2381 5159 2568 5201 earum
2609 5144 3102 5214 interpretationes,
3153 5162 3217 5202 ac
3258 5148 3443 5205 varias
3485 5149 3702 5205 tandem

2141 5235 2414 5290 variorum
2438 5236 2754 5306 populorum
2787 5237 2951 5307 leges,
3001 5252 3209 5303 mores,
3243 5240 3701 5296 consuetudines-

2143 5343 2249 5397 que
2292 5330 2536 5398 apprime
2594 5329 2845 5383 callebat.
2893 5327 2999 5383 Sed
3052 5329 3143 5385 ille
3202 5330 3582 5386 haereticorum
3634 5347 3701 5387 ac

2144 5420 2415 5488 przecipue
2444 5419 2819 5475 Ebionitarum
2859 5422 3139 5477 erroribus
3184 5423 3407 5478 omnino
3442 5423 3697 5480 addictus

2143 5518 2279 5573 erat,
2311 5519 2471 5580 atque
2497 5527 2591 5567 eos
2621 5512 2675 5566 in
2702 5513 2818 5567 suis
2866 5514 3341 5571 lucubrationibus
3393 5515 3607 5570 facilius
3637 5525 3700 5571 ut

2146 5603 2477 5673 propinaret,
2525 5605 2743 5660 easdem
2773 5606 3030 5661 ementito
3050 5605 3369 5668 Clementis,
3415 5604 3693 5676 apostolo-

2145 5709 2264 5750 rum
2298 5694 2583 5767 discipuli,
2610 5711 2807 5768 magno
2833 5698 3052 5757 nomine
3070 5698 3295 5756 inscribi
3326 5698 3514 5755 voluit.
