4000 6266
288 308 425 365 “S5

1354 304 1686 365 REGOGNI'K
1699 305 1919 365 IONES.
1956 338 2026 348 —
2061 305 2415 365 PROLEMIA.

3366 309 3500 368 H86
3562 259 3568 268 Ι

357 425 598 495 Denique
629 437 737 494 quo
782 428 1023 492 tempore
1050 420 1271 477 eosdem
1312 422 1433 478 illos
1474 422 1643 479 libros
1673 423 1739 491 in,
1760 423 1842 477 lu-
1869 431 1917 488 Α
1946 423 2013 479 iis
2043 440 2136 494 qui
2168 424 2289 478 illos
2313 424 2571 486 eitarunt,
2617 423 2752 480 varii
2801 423 2943 479 tituli
2968 425 3337 496 praeﬁguntur.
3383 428 3498 482 Ali-

288 536 405 575 cem
447 518 563 589 ipse
609 515 872 579 emiserit,
921 514 1083 584 paulo
1134 512 1427 584 proclivius
1464 522 1552 570 est
1594 514 1838 569 deﬁnire.

288 610 487 666 Verum
520 609 796 664 enimvero
826 622 948 662 cum
962 603 1225 676 Origenes
1246 620 1353 661 non
1375 605 1551 671 solum
1574 606 1695 663 illos
1708 608 1843 662 cita.

293 704 447 768 verit,
481 701 576 757 sed
604 702 824 771 longum
851 700 1013 754 etiam
1045 700 1225 754 exiis
1260 698 1667 769 transcripserit
1698 699 1844 769 frag-

288 801 551 857 mentum,
566 799 779 846 constat
795 793 1011 846 eosdem
1034 789 1265 860 Origene
1288 791 1405 860 ipso
1427 806 1549 847 esse
1569 794 1844 863 antiquio-

286 901 395 942 res.
421 884 534 938 Non
566 892 767 938 temere
803 884 965 954 igitur
992 883 1067 937 illi
1102 884 1341 939 secundo
1369 883 1622 939 Ecclesiae
1643 886 1843 941 saeculo

288 982 342 1034 in
380 981 572 1049 vulgus
620 978 889 1048 prodiisse
930 977 1208 1031 dicuntur.
1257 975 1410 1042 Quod
1458 976 1677 1047 quidem
1716 977 1843 1034 inde

286 1087 481 1126 rursus
514 1069 825 1125 conﬁrmari
879 1075 1075 1138 potest,
1120 1068 1267 1138 quod
1301 1067 1637 1125 Bardesanes
1671 1066 1841 1141 Syrus

285 1162 437 1217 aliud
463 1177 700 1233 quoque,
730 1160 809 1214 uti
846 1160 1103 1227 diximus,
1138 1158 1499 1230 fragmentum
1520 1176 1629 1215 non
1662 1161 1841 1217 minus

283 1254 597 1325 prolixum,
649 1254 703 1307 in
740 1266 899 1308 suum
933 1248 1198 1309 adversus
1264 1248 1593 1305 Marcionem
1643 1254 1841 1310 librum

282 1347 586 1401 transtulit.
624 1343 759 1399 Nam
806 1343 1139 1399 Bardesanes
1186 1344 1277 1400 ille
1327 1345 1474 1400 hunc
1498 1347 1745 1402 eumdem
1776 1348 1842 1403 li-

283 1437 444 1491 brum
468 1436 572 1491 sub
606 1434 816 1491 Soteris
844 1434 1181 1505 pontiﬁcatu,
1212 1436 1519 1506 paulopost
1543 1438 1841 1495 secundum

284 1529 544 1583 saeculum
571 1528 807 1583 medium
848 1527 1084 1581 Antonio
1125 1527 1439 1596 imperatori
1485 1535 1838 1602 nuncupavit.

282 1617 404 1674 Jam
435 1635 565 1690 ergo
601 1619 902 1690 pervulgati
942 1630 1100 1674 erant
1144 1618 1221 1673 illi
1267 1619 1695 1691 Recognitionum
1721 1624 1840 1679 Cle-

274 1711 643 1771 nientinarum
675 1711 818 1766 libri.

794 1824 1189 1881 ARTICULUS
1227 1826 1336 1884 νη.

283 1914 431 1970 Num
458 1916 655 1992 bilibri
693 1918 762 1970 ad
792 1934 884 1992 nos
906 1957 921 1983 ,
970 1919 1149 1989 quales
1186 1919 1257 1992 alr
1289 1930 1505 1976 auctore
1540 1924 1842 1992 prodierunt

352 1989 703 2060 pervenerint;
735 2004 797 2041 ac
828 1988 891 2042 de
924 1988 1104 2043 eorum
1139 1990 1403 2060 utilitate,
1441 1988 1610 2048 titulis
1632 2005 1682 2049 et
1724 1996 1842 2049 edi-

352 2056 601 2112 tionibus.
1387 2056 1397 2060 ⁷
1550 2078 1555 2081 ν

353 2171 623 2227 Caeterum
655 2172 707 2226 hi
739 2173 886 2239 libri,
914 2175 1282 2245 quamtumvis
1310 2176 1603 2232 adulterini
1641 2176 1843 2233 fuerint

278 2270 336 2317 et
380 2264 646 2335 corrupti,
687 2264 754 2319 ad
801 2281 901 2320 nos
924 2274 1104 2322 tamen
1152 2270 1341 2339 quales
1389 2270 1458 2325 ab
1498 2278 1721 2327 auctore
1743 2288 1844 2327 suo

278 2357 471 2425 scripti
503 2356 719 2412 fuerant
751 2374 857 2412 non
892 2374 1204 2429 pervenere.
1233 2361 1376 2416 Nulli
1399 2364 1664 2433 siquidem
1699 2380 1844 2421 nunc

276 2458 578 2504 occurrunt
607 2466 795 2505 eorum
830 2451 1000 2507 Graeci
1031 2453 1248 2511 codices
1278 2457 1668 2528 manuscripti,
1704 2473 1842 2528 quos

276 2559 383 2598 suo
414 2550 655 2613 tempore
686 2542 994 2614 frequentes
1028 2544 1196 2601 fuisse
1251 2544 1481 2603 Ruﬁnus
1508 2546 1844 2620 Photiusque

276 2642 552 2690 testantur
574 2635 620 2665 “
658 2650 671 2686 :
706 2636 876 2691 solam
909 2635 1171 2693 habemus
1205 2638 1366 2706 hujus
1390 2638 1572 2709 Operis
1596 2638 1843 2695 Latinam

276 2726 586 2781 versionem
608 2726 813 2791 Ruﬁni,
845 2728 939 2797 qui
984 2728 1192 2799 plures,
1236 2736 1295 2783 ut
1331 2731 1662 2799 monuimus,
1693 2731 1843 2787 locos

276 2833 339 2873 se
370 2817 645 2882 omisisse,
691 2834 791 2873 nec
837 2817 1028 2874 Latine
1063 2819 1287 2876 reddere
1330 2821 1570 2877 voluisse
1612 2822 1844 2892 ingenue

275 2907 569 2963 confessus
597 2915 701 2964 est.
741 2909 807 2963 Et
835 2926 892 2967 re
917 2911 1135 2982 quidem
1169 2930 1293 2969 vera
1334 2913 1635 2971 Gotelerius
1665 2917 1720 2970 in
1746 2932 1843 2972 sua

277 3000 479 3055 horum
506 3001 769 3056 librorum
788 3002 1025 3060 editione
1054 3021 1120 3060 ex
1152 3006 1326 3063 tribus
1349 3023 1482 3063 mss.
1515 3006 1839 3076 Sorbonico,

277 3089 545 3146 Thuaneo
571 3132 587 3159 ,
622 3099 676 3146 et
719 3092 1108 3152 Candeleriano
1158 3099 1398 3153 restituit
1454 3100 1837 3172 fragmentum,

275 3185 430 3254 quod
460 3183 593 3237 illud
625 3184 802 3255 ipsum
848 3200 970 3241 esse
1017 3196 1191 3257 putat,
1238 3207 1347 3262 quo
1398 3171 1590 3248 auctor
1628 3205 1838 3263 noster,
1869 3171 1912 3231 (ἶ

274 3282 424 3331 teste
460 3273 676 3341 Ruﬁno,
725 3275 787 3330 de
822 3278 1050 3348 ingenito
1100 3280 1204 3334 Deo
1234 3284 1504 3354 geuitoque
1546 3286 1839 3355 disseruit;

276 3374 447 3437 atque
476 3367 597 3421 ideo
634 3368 780 3438 quod
807 3369 1024 3425 Arianis
1055 3370 1278 3438 faveret,
1317 3375 1385 3429 ab
1409 3377 1596 3431 eodem
1642 3378 1842 3433 Ruﬁno

282 3459 355 3513 de
386 3459 658 3514 industria
689 3459 864 3515 fuerat
894 3465 1339 3532 praetermissum.
1391 3465 1656 3523 Praeterea
1688 3470 1731 3525 si
1764 3470 1842 3525 ei-

274 3551 405 3605 dem
454 3548 647 3605 Ruﬁno
688 3552 988 3623 Photioque
1018 3555 1148 3609 fides
1179 3555 1438 3610 habeatur
1473 3598 1487 3621 ,
1516 3558 1567 3611 hi
1603 3559 1725 3613 libri
1774 3562 1842 3616 ab

276 3641 641 3698 Eunomianis
669 3652 722 3698 et
759 3644 992 3710 Arianis,
1020 3645 1337 3716 primigenio
1376 3647 1591 3701 illorum
1624 3658 1842 3706 auctore

274 3735 444 3802 longe
467 3735 878 3803 posterioribus,
906 3738 1183 3807 depravati
1213 3748 1339 3793 sunt
1360 3748 1413 3793 et
1444 3740 1750 3796 adulterati.

351 3825 696 3897 Quapropter
743 3830 990 3899 quamvis
1042 3830 1202 3885 iidem
1253 3830 1684 3888 libri'maximae
1734 3833 1843 3889 sint

273 3920 654 3990 antiquitatis,
706 3922 881 3975 cautis
922 3930 1103 3977 tamen
1167 3922 1631 3994 prudentibusque
1672 3925 1843 3982 oculis

271 4012 495 4083 legendi
525 4020 670 4078 sunt,
716 4013 913 4082 quippe
955 4014 1049 4083 qui
1095 4015 1163 4069 ab
1204 4016 1272 4071 iis
1316 4016 1410 4087 qui
1444 4032 1661 4076 errores
1711 4036 1843 4075 suos

271 4119 506 4176 quoquo
529 4105 739 4181 tandem
772 4106 933 4160 modo
960 4106 1313 4162 disseminare
1342 4111 1641 4177 tentabant,
1675 4114 1841 4167 variis

268 4196 619 4268 temporibus
682 4208 929 4267 nequnter
994 4202 1237 4270 corrupti
1306 4199 1528 4257 fuerint.
1604 4202 1843 4259 Possunt

268 4299 464 4345 tamen
489 4288 782 4358 aliquibus,
818 4304 925 4343 non
949 4292 1171 4345 omnino
1207 4291 1661 4363 imprudentibus,
1703 4313 1841 4352 non-

265 4383 409 4437 nihil
473 4382 743 4437 utilitatis'
773 4382 977 4438 idcirco
1024 4383 1271 4453 adferre,
1319 4387 1464 4457 quod
1512 4388 1842 4446 Christianae

1941 517 2158 587 quando
2179 517 2321 571 enim
2341 514 2621 572 Clementis
2647 516 2962 588 Recognitio,
2984 519 3068 573 vel
3085 516 3500 589 Recognitiones,

1944 607 2227 683 Clementis
2263 608 2627 675 Itinerarium,
2655 609 2785 665 liber
2814 609 3128 665 ltinerarius
3153 610 3505 667 Praedicatio-

1944 702 2026 754 nis
2065 699 2232 767 Petri,
2272 699 2551 754 Clementis
2591 711 2755 772 gesta,
2784 702 2868 756 vel
2905 702 3167 770 Historia,
3208 713 3303 758 aut
3335 703 3509 759 Chro-

1944 793 2084 856 nica,
2112 793 2197 846 vel
2234 791 2515 860 Narratio,
2559 794 2850 864 aliquando
2893 809 3022 849 vero
3061 794 3203 849 Petri
3259 797 3501 866 Periodi,

1942 885 2024 939 vcl
2056 884 2342 949 Circuitus,
2368 886 2451 939 vel
2475 886 2925 954 ltinerarium,vel
2949 887 3111 940 Actus
3140 890 3499 957 appellantur.

1943 977 1981 1031 li
2015 993 2180 1048 porro
2209 994 2274 1032 ex
2314 978 2527 1034 duobus
2572 994 2706 1035 mss.
2761 995 2885 1034 cum
2941 980 3109 1035 variis
3160 995 3501 1038 summorum

1942 1071 2301 1140 quorumdam
2330 1071 2643 1141 pontiﬁcum
2693 1072 2970 1140 epistolis,
3023 1082 3249 1127 curante
3294 1072 3502 1129 Joanne

1946 1162 2233 1227 Sicliardo,
2277 1178 2420 1217 anno
2457 1163 2595 1217 1526
2621 1163 2760 1234 typis
2795 1163 2921 1218 editi
2948 1174 3092 1220 sunt.
3118 1163 3311 1220 Postea
3338 1164 3501 1219 Lam‘

1941 1254 2128 1308 bertus
2187 1253 2450 1309 Gruterus
2499 1253 2802 1310 Venradius
2853 1254 3071 1311 eosdem
3128 1272 3320 1312 rursus
3362 1259 3503 1328 typis

1942 1345 2181 1410 excudit,
2216 1354 2378 1416 atque
2406 1346 2457 1399 in
2486 1346 2565 1400 eis
2610 1347 2855 1417 quaedam
2896 1362 2954 1401 se
2996 1347 3313 1403 emendasse
3355 1348 3505 1402 afﬁr-

1945 1446 2075 1491 mat.
2138 1437 2339 1491 Verum
2391 1453 2514 1493 eum
2561 1439 2651 1492 ille
2693 1438 2791 1495 has
2832 1438 3235 1493 emendationes
3286 1456 3391 1494 non
3436 1455 3505 1493 ex

1943 1531 2334 1601 manuscriptis
2367 1547 2425 1586 se
2452 1532 2700 1585 hausisse
2729 1531 2946 1596 dixerit,
2976 1546 3069 1587 eas
3096 1532 3210 1585 suis
3234 1531 3503 1586 duntaxat

1946 1622 2278 1690 conjecturis
2304 1624 2516 1678 videtur
2545 1622 2713 1677 fuisse
2738 1631 3042 1678 assecutus.
3090 1622 3167 1676 Ex
3194 1623 3296 1677 hac
3323 1634 3501 1685 tamen

1943 1713 2182 1783 editione
2227 1716 2283 1768 in
2331 1713 2659 1768 Bibliotheca
2703 1714 3039 1786 Lugdunensi
3074 1714 3281 1768 bilibri
3312 1731 3505 1770 rursus

1872 1807 1916 1871 B
1944 1805 2131 1859 emissi
2159 1815 2287 1860 sunt
2314 1806 2368 1859 in
2404 1806 2603 1861 lucem.
2646 1806 2949 1862 Cotelerius
2994 1816 3173 1861 autem
3214 1808 3334 1863 illos
3380 1824 3503 1862 cum

1942 1899 2199 1968 operibus
2240 1897 2486 1966 Patrum,
2535 1899 2627 1969 qui
2674 1900 3012 1969 temporibus
3053 1901 3367 1971 apostolicis
3400 1899 3506 1955 ﬁu-

1943 2001 2191 2058 ruerunt,
2220 1992 2485 2063 publicari
2523 1992 2720 2057 voluit,
2776 1992 3025 2063 hancque
3070 1993 3359 2048 editionem
3401 2008 3504 2063 ope

1942 2099 2039 2139 sex
2089 2100 2221 2140 mss.
2255 2084 2544 2149 codicum,
2572 2083 2857 2139 .Sorbonte
2894 2085 3175 2149 nimirum,
3217 2082 3502 2153 Thuaneo,

1943 2173 2087 2229 Petri
2109 2173 2439 2242 Candelerii,
2491 2174 2676 2246 Regis,
2730 2174 2876 2231 Petri
2915 2174 3099 2239 Petiti,
3142 2183 3196 2231 et
3238 2174 3505 2230 Carmeli-

1945 2276 2123 2322 tarum
2179 2266 2645 2323 Discalceatorum
2698 2283 2756 2323 se
2812 2268 3108 2324 adornasse
3157 2256 3500 2325 testiﬁcatur.

1942 2360 2121 2415 Alium
2149 2368 2408 2430 praeterea
2438 2361 2702 2428 codicem,
2727 2369 2851 2417 ante
2879 2377 3050 2415 annos
3075 2361 3505 2432 quadringentos

1944 2460 2267 2517 exaratum,
2320 2468 2387 2508 ex
2434 2453 2766 2509 bibliotheca
2819 2451 3131 2508 Colbertina
3183 2468 3350 2523 penes
3401 2466 3506 2508 nos

1943 2544 2253 2601 habuimus.

2439 2656 2836 2713 ARTIGULUS
2873 2654 3010 2712 VIII.
3056 2652 3067 2661 ’

1944 2749 2021 2804 De
2050 2750 2208 2804 variis
2238 2750 2292 2803 in
2320 2749 2413 2803 hos
2446 2749 2610 2803 libros
2638 2751 2774 2803 notis
2802 2760 2850 2803 et
2873 2734 3342 2813 observationibus,
3369 2757 3417 2802 et
3438 2746 3503 2803 tle

2192 2819 2314 2874 aliis
2347 2820 2496 2873 libris
2527 2821 2591 2873 ab
2622 2821 2800 2873 eodem
2836 2829 3049 2871 auctore
3076 2818 3252 2874 editis.

2015 2909 2279 2968 Gruterus
2320 2913 2567 2982 quasdam
2618 2912 2674 2965 in
2709 2913 2809 2966 hos
2852 2909 3026 2965 libros
3053 2910 3226 2966 edidit
3272 2910 3501 2975 scholia,

1943 3020 2066 3075 quae
2087 3019 2187 3059 nec
2215 3005 2397 3074 magni
2426 3012 2556 3058 sunt
2577 3004 2858 3068 momenti,
2889 3018 2989 3057 nec
3018 3003 3201 3056 multa:
3230 3002 3498 3057 utilitatis.

1946 3096 2333 3153 AtCotelerius
2377 3096 2648 3151 doctiores
2694 3095 3051 3165 utilioresque
3094 3094 3150 3148 in
3194 3094 3292 3150 hos
3335 3094 3503 3149 libros

1945 3189 2165 3261 scripsit
2218 3196 2377 3243 notas
2425 3196 2479 3242 et
2524 3187 2973 3250 observationes,
3023 3186 3224 3255 quibus
3262 3184 3504 3239 auctoris

1944 3289 2124 3337 textus
2157 3280 2448 3351 corrigitur
2471 3287 2524 3334 et
2545 3279 2828 3333 enodatur.
2850 3276 3029 3331 Monet
3051 3286 3227 3330 tamen
3252 3275 3503 3345 majorem

1944 3374 2393 3446 Recognitionum
2452 3381 2680 3442 partem,
2727 3369 2864 3441 quod
2909 3368 2978 3423 ad
3023 3368 3279 3421 humanas
3329 3366 3503 3436 potius

1942 3467 2251 3537 disciplinas
2286 3468 2538 3533 spectent,
2584 3480 2741 3534 quam
2784 3464 2852 3516 ad
2902 3462 3234 3532 theologiam,
3267 3460 3405 3513 notis
3436 3459 3506 3513 il-

1942 3558 2227 3611 lustratum
2248 3574 2300 3610 se
2329 3573 2432 3609 non
2461 3544 2632 3611 inisse.
2673 3554 2793 3610 Non
2836 3569 3041 3625 paucas
3085 3560 3265 3607 tamen
3323 3551 3379 3605 in
3413 3566 3501 3606 res

1941 3648 2346 3721 phi1050phicas
2367 3647 2536 3703 edidit
2560 3647 3081 3702 animadversiones.
3103 3644 3288 3714 Neque
3315 3642 3503 3698 forsan

1939 3740 2047 3795 alia
2075 3740 2229 3812 plura
2261 3739 2330 3794 ab
2356 3755 2419 3795 eo
2451 3740 2737 3795 observata
2772 3740 3068 3795 lectoribus
3110 3738 3291 3792 minus
3318 3743 3503 3791 essent

1937 3832 2179 3903 jucunda
2200 3834 2442 3900 etutilia,
2466 3834 2513 3888 si
2538 3848 2566 3885 a
2583 3833 2862 3903 proposito
2884 3831 3123 3887 auctoris
3146 3838 3292 3886 textu
3321 3828 3503 3883 rarius

1942 3926 2332 3997 digrederetur.

2011 4017 2191 4073 Unum
2223 4018 2309 4074 his
2342 4016 2597 4073 omnibus
2629 4014 2960 4081 addendum,
2986 4027 3181 4082 nempe
3223 4021 3499 4066 auctorem

1942 4119 2211 4175 nostrum,
2239 4110 2285 4164 si
2310 4109 2472 4163 ﬁdem
2521 4108 2759 4177 aliquam
2802 4113 3093 4169 mereatur,
3134 4104 3319 4173 plures
3365 4102 3502 4156 alios

1940 4216 2007 4256 ex
2037 4201 2106 4256 iis
2132 4217 2251 4271 qua:
2279 4216 2308 4254 a
2337 4200 2499 4254 Petro
2526 4198 2772 4252 audierat
2820 4197 2992 4250 libros
3032 4193 3354 4249 confecisse.
3389 4191 3500 4247 llos

1941 4300 2122 4349 autem
2149 4292 2238 4348 ille
2269 4300 2522 4347 accurate
2542 4300 2822 4343 enumerat
2844 4288 2963 4357 (lib.
3008 4301 3048 4353 ι,
3078 4299 3159 4349 ιιι,
3190 4285 3265 4353 v),
3299 4281 3500 4335 librum

1940 4383 2018 4438 De
2046 4400 2163 4437 vero
2199 4382 2486 4453 Propheta,
2526 4382 2726 4437 librum
2780 4379 2858 4433 De
2899 4375 3248 4448 prwﬁnitione
3297 4372 3410 4435 Dei,
3440 4376 3499 4425 et

266 4474 560 4546 religionis
587 4474 832 4545 apologia
864 4475 972 4531 sint
1002 4485 1055 4531 et
1083 4476 1346 4547 defensio,
1370 4495 1477 4551 qua
1518 4480 1715 4537 fabula:
1738 4499 1838 4553 pa-
1871 4483 2122 4571 Dilecem
2144 4477 2280 4532 alios
2309 4477 2378 4531 ab
2417 4476 2601 4538 editis,
2651 4472 3085 4571 Recognitio‘num
3121 4469 3499 4571 Hormi-quiu-

264 4581 569 4637 ganorum,
585 4566 911 4633 idololatria,
938 4569 1224 4640 cultusque
1247 4571 1506 4629 falsorum
1527 4576 1836 4645 numinum,

263 4669 434 4729 atque
471 4673 659 4713 eorum
687 4660 779 4730 qui
809 4662 972 4716 astris
1000 4662 1346 4721 influentibus
1375 4665 1591 4721 fatalem
1631 4667 1839 4724 homini

265 4748 662 4804 necessitatem
698 4752 901 4822 imponi
933 4753 1120 4809 dicunt
1150 4796 1167 4822 ,
1197 4764 1416 4812 errores
1454 4757 1841 4829 impugnantur

266 4848 327 4895 et
353 4840 735 4896 destruuntur.
782 4843 891 4900 Nec
937 4846 1099 4901 etiam
1128 4846 1346 4903 inutiles
1372 4850 1594 4904 omnino
1628 4850 1694 4905 iis
1719 4866 1841 4908 esse

270 4941 539 5004 poterunt
570 4934 661 5002 qui
696 4937 874 4991 varias
916 4938 1362 5011 philosophorum
1401 4942 1704 5012 opiniones,
1741 4958 1839 4997 va-

271 5024 389 5078 rios
434 5023 772 5081 diversorum
816 5031 1141 5100 populorum
1177 5049 1357 5089 mores
1392 5036 1843 5091 consuetudines-

273 5130 385 5186 que
469 5123 631 5186 atque
694 5119 1009 5191 allegoricas
1076 5123 1385 5181 fabularum
1454 5128 1841 5199 explicationes

274 5207 555 5263 voluerint
585 5210 883 5270 addiscere.

352 5299 451 5357 His
493 5301 646 5358 libris
685 5313 739 5360 et
786 5306 840 5360 in
890 5313 1276 5384 manuscriptis
1314 5314 1628 5384 codicibus,
1689 5326 1743 5373 et
1771 5318 1841 5373 ab

348 5456 395 5489 “
434 5453 493 5510 In
524 5458 778 5517 Biblioth.
808 5464 932 5520 cod.
954 5467 1057 5520 “2
1083 5476 1138 5524 et
1168 5470 1290 5526 H3.

1943 4586 2064 4625 rum
2086 4571 2296 4641 singula
2316 4570 2515 4640 promit
2536 4573 2852 4639 argumenta
2879 4583 2893 4619 :
2916 4563 3052 4617 alios
3082 4568 3263 4614 autem
3287 4555 3502 4612 libellos

1942 4681 2010 4721 ex
2050 4664 2197 4721 Petri
2246 4664 2325 4720 ad.
2345 4662 2735 4732 discipulorum
2783 4672 3006 4714 suorum
3040 4656 3383 4720 'interrogata
3412 4661 3503 4701 re-

1943 4761 2159 4829 sponsis
2191 4757 2539 4827 compositos.
2570 4753 2762 4809 Utrum
2791 4762 2972 4807 tamen
3002 4749 3056 4803 lii
3082 4747 3205 4801 libri
3232 4745 3288 4799 in
3322 4742 3500 4795 lucem

1944 4850 2236 4922 aliquando
2293 4848 2479 4907 emissi
2532 4847 2737 4902 fuerint
2789 4844 2874 4901 vel
2926 4855 3066 4895 vana
3123 4830 3501 4891 tantummodo

1945 4942 2229 4998 mendacis
2253 4941 2535 5011 scriptoris
2562 4937 2925 4993 ostentatione
2964 4934 3087 4986 ﬁcte
3126 4927 3499 4992 fallaciterque

1941 5036 2311 5098 venditentur,
2340 5034 2395 5088 in
2420 5031 2644 5087 dubium
2691 5028 2884 5084 merito
2919 5020 3161 5080 revocari
3199 5022 3398 5089 potest.
3429 5013 3499 5065 At

1943 5127 1990 5184 si
2014 5126 2306 5196 aliquando
2333 5122 2652 5197 prodierunt
2681 5122 2736 5175 in
2757 5118 3055 5190 publicum,
3080 5112 3138 5166 hi
3181 5125 3291 5165 non
3316 5104 3500 5160 minus

1942 5236 2105 5294 quam
2133 5221 2209 5275 illi
2238 5220 2303 5275 de
2343 5218 2545 5290 quibus
2588 5216 2851 5271 hactenus
2899 5205 3328 5280 disputavimus,
3369 5212 3500 5269 sup-

1944 5316 2105 5388 positi
2138 5321 2263 5371 sunt
2288 5322 2340 5369 et
2368 5306 2677 5368 adulterini.
