4000 6266
530 292 671 348 1187

1389 290 1445 350 S.
1487 291 1883 351 CLEMENTIS
1919 293 1939 348 1
1978 295 2144 355 ΒΟΜ.
2184 294 2385 354 PONT.
2429 294 2656 354 OPERA
2697 296 2922 355 DUBIA.

3639 295 3778 350 1188

1158 582 1269 696 J.
1373 581 1501 694 B.
1590 576 2357 699 COTELERII
2440 580 3119 700 JUDICIUM

1574 803 1665 861 DE
1726 805 1956 865 LlBRIS
2017 804 2679 866 RECOGNITIONUM.

1230 966 1447 1039 (Patres
1472 968 1773 1039 apostolici,
1797 974 1840 1023 t.
1865 968 1908 1035 Ι,
1938 983 1993 1041 p.
2026 968 2152 1037 490,
2182 961 2604 1024 ed.Amstaalod.
2629 966 2789 1033 1724,
2822 966 3032 1041 in-fol.)

594 1268 867 1336 Quantum
899 1284 964 1324 ex
993 1285 1051 1325 re
1079 1283 1219 1340 ipsa,
1250 1277 1495 1324 Veterum
1536 1270 1885 1337 testimoniis,
1914 1285 1977 1327 ac
2003 1286 2092 1328 re-
2122 1275 2168 1333 Α
2201 1268 2478 1326 Cltronicis
2536 1267 2842 1328 Clementis.
2911 1268 3143 1326 Ruﬁnus
3199 1284 3329 1326 vero
3382 1286 3645 1342 perorans
3696 1268 3763 1326 ad

522 1363 828 1417 centiorum
856 1361 1076 1432 judiciis
1097 1362 1352 1433 colligere
1378 1362 1524 1429 licet,
1557 1362 1682 1417 libri
1726 1362 1816 1419 isti
1862 1363 2095 1434 pseude-

524 1454 773 1525 pigraphi
796 1464 923 1510 sunt
951 1462 1004 1510 et
1035 1455 1350 1526 apocryphi,
1377 1455 1618 1510 secundo
1644 1455 1843 1511 saeculo
1873 1470 2095 1527 compoc

523 1547 671 1601 sitia
702 1548 819 1602 viro
842 1547 1001 1603 docto
1029 1548 1247 1617 quidem
1276 1548 1433 1617 juxta
1476 1563 1542 1603 ac
1580 1548 1806 1608 diserto.
1827 1548 1924 1604 sed
1966 1548 2092 1619 phi-

523 1639 751 1709 losopho
810 1641 980 1711 magis
1038 1648 1092 1695 et
1154 1639 1427 1711 philologo
1485 1656 1649 1711 quam
1708 1640 1982 1711 theologo,
2036 1638 2092 1693 in

521 1733 899 1804 excogitandis
953 1742 1132 1788 autem
1174 1733 1673 1805 connectendisque
1716 1733 1856 1789 ﬁctis
1900 1745 2090 1787 narra-

520 1828 763 1883 tionibus
806 1828 965 1897 plane
1019 1827 1162 1882 rudi.
1210 1825 1370 1897 Isque
1439 1826 1658 1882 videtur
1708 1827 2093 1898 plerorumque

520 1929 616 1975 aut
643 1922 837 1976 saltem
863 1919 1225 1990 quorumdam
1256 1919 1690 1992 apocryphorum
1715 1934 1934 1990 parens,
1971 1933 2092 1989 quae

522 2028 722 2068 nomen
771 2010 917 2066 Petri
969 2012 1052 2068 vel
1103 2012 1398 2069 Clementis
1448 2012 1853 2083 praeferebant:
1908 2012 2090 2081 qualia

519 2105 685 2159 etiam
714 2104 879 2157 Actus
912 2102 1081 2167 Petri,
1133 2101 1388 2156 Doctrina
1416 2102 1585 2167 Petri,
1618 2099 1890 2156 Iudicium
1918 2100 2086 2168 Petri,

520 2201 866 2271 Apocalypsis
912 2216 1007 2256 seu
1053 2196 1319 2254 Revelatio
1364 2198 1531 2264 Petri,
1573 2196 1893 2253 Prtedicatio
1917 2198 2087 2265 Petri,

522 2291 865 2363 Evangelium
928 2290 1098 2357 Petri,
1170 2290 1517 2355 Clementina,
1568 2299 1733 2362 atque
1786 2290 2088 2361 Disputatio

521 2385 669 2438 Petri
709 2394 757 2439 et
808 2386 1047 2455 Apionis.
1105 2384 1316 2452 Quibus
1361 2400 1509 2439 nunc
1545 2384 1683 2440 adde
1704 2400 1769 2440 ex
1793 2394 2088 2456 conspectu

520 2474 757 2546 Operum
806 2476 871 2531 R.
930 2476 990 2531 P.
1020 2475 1249 2532 Joannis
1305 2476 1586 2534 Michaelis
1640 2475 1917 2537 Vanslebii
1964 2476 2085 2538 ord.

518 2567 964 2633 Praedicatorum,
1028 2569 1324 2637 Epistolam
1366 2568 1515 2624 Petri
1543 2570 1611 2625 ad
1635 2568 1949 2629 Clementem
1981 2572 2090 2631 lin-

520 2680 623 2735 gua
656 2663 987 2735 1Ethiopica.
1037 2666 1363 2721 lnscrihitur
1391 2681 1529 2736 opus
1555 2682 1621 2722 ex
1644 2674 1757 2722 toto
1778 2677 1833 2722 et
1859 2684 1927 2725 ex
1956 2684 2085 2740 par-

519 2759 689 2820 tibus,
744 2757 905 2827 idque
959 2758 1043 2813 vel
1084 2773 1113 2811 a
1143 2757 1446 2824 Clemente,
1496 2761 1579 2816 vel
1627 2777 1657 2815 a
1686 2761 1937 2818 Petro.A
1965 2763 2090 2820 Cle-

520 2856 704 2903 mente
752 2855 999 2913 vocatur,
1058 2848 1340 2905 Clementis
1388 2849 1783 2923 Recognitiones
1824 2860 1880 2910 et
1934 2853 2090 2909 Reco-

515 2943 723 3011 gnitio;
752 2942 1037 2998 Clementis
1113 2942 1482 3009 Itinerarium,
1562 2942 1741 3011 Gesta,
1821 2944 2086 3010 Historia,

520 3034 795 3098 Historiw,
828 3034 1090 3090 Chronica
1124 3076 1139 3099 ,
1166 3044 1220 3091 et
1246 3035 1502 3091 Clemens.
1527 3034 1571 3090 Α
1597 3032 1781 3102 Petro,
1814 3034 1961 3094 Petri
1986 3037 2090 3093 Pe-

516 3128 655 3181 riodi
700 3135 754 3183 et
799 3127 1142 3183 Itinerarium
1175 3145 1194 3193 ;
1226 3128 1375 3183 Petri
1404 3132 1589 3196 Actus,
1623 3145 1721 3200 per
1752 3128 2087 3186 Clementem

516 3221 749 3283 scilicet,
783 3221 872 3275 alii
902 3222 971 3275 ab
1002 3222 1228 3276 Actibus
1276 3221 1425 3278 Petri
1484 3224 1640 3293 quasi
1669 3220 1833 3279 Petro
1862 3231 2084 3291 actore;

515 3328 569 3371 et
599 3315 899 3384 Disputatio
930 3315 1077 3370 Petri
1105 3333 1225 3369 cum
1251 3315 1473 3386 Apione,
1529 3321 1676 3373 recte
1699 3317 1842 3373 enim
1865 3324 2089 3388 putatur

518 3420 645 3474 pars
671 3420 795 3460 esse
828 3405 1029 3474 Operis.
1080 3406 1260 3461 Codex
1304 3406 1630 3464 Oxoniensis
1661 3427 1673 3463 :
1707 3404 1774 3464 Β.
1801 3406 2085 3465 Clementis

522 3496 743 3550 Romani
781 3495 1125 3552 Itinerarium
1162 3500 1230 3554 ad
1272 3498 1532 3556 Iacobum
1580 3500 1803 3572 fratrem
1846 3501 2082 3560 Domini.

517 3584 957 3644 Carmelitarum'
986 3591 1439 3648 discalceatorum
1483 3594 1539 3649 in
1579 3594 1683 3650 hac
1712 3596 1886 3651 urbe:
1922 3594 2087 3651 Itine-

517 3680 721 3733 rarium
744 3678 1046 3751 Clementis.
1076 3681 1420 3739 Bibliotheca:
1457 3683 1730 3742 Thuaneae
1761 3704 1775 3742 :
1803 3684 1959 3742 Liber
1980 3686 2084 3741 Iti-

512 3773 759 3826 nerarius
794 3771 1202 3829 Prtedicationis
1232 3774 1397 3831 Petri.
1437 3776 1540 3833 Ms.
1575 3775 1642 3833 γ.
1673 3779 1744 3833 cl.
1775 3777 1921 3835 Petri
1948 3782 2087 3836 Can-

515 3864 754 3922 delerii:
807 3864 966 3920 Gesta
1026 3866 1332 3925 Clementis.
1390 3868 1556 3941 Regis
1600 3870 2079 3939 Christianissimi,

2194 1364 2611 1421 translationem
2647 1378 2802 1420 suam
2858 1363 3385 1419 Commentariorum
3429 1362 3678 1435 Origenis
3709 1364 3764 1419 in

2194 1453 2490 1527 Epistolam
2516 1457 2583 1512 ad
2608 1455 2885 1512 Romanos
2916 1472 3023 1511 non
3054 1456 3270 1527 quidem
3286 1455 3441 1525 juxta
3475 1455 3759 1518 editiones,

2194 1563 2382 1603 verum
2408 1564 2476 1604 ex
2506 1549 2715 1620 optimo
2744 1564 2849 1605 ms.
2898 1549 3239 1604 bibliothecae
3276 1546 3538 1612 Tbuanaz,
3570 1548 3651 1604 sic
3682 1548 3762 1603 lo-

2195 1643 2419 1714 quitur:
2448 1641 2581 1696 Post
2637 1641 2733 1697 hoc
2785 1658 2914 1697 sane
2962 1652 3113 1697 vocat
3160 1659 3251 1697 nos
3286 1658 3436 1711 opus,
3467 1638 3607 1712 quod
3636 1640 3760 1696 olim

2194 1735 2403 1807 quidem
2444 1735 2738 1800 iniunctum
2778 1744 2877 1799 est,
2925 1734 3015 1790 sed
3066 1752 3204 1790 nunc
3228 1753 3261 1788 a
3290 1733 3437 1789 beato
3471 1733 3758 1789 Gaudentio

2192 1830 2433 1899 episcopo
2480 1828 2821 1883 vehementius
2855 1836 3183 1899 perurgetur,
3239 1825 3526 1883 Clementis
3564 1827 3757 1883 scilicet

2193 1921 2421 1978 Romani
2473 1922 2721 1992 episcopi,
2776 1924 3140 1991 apostolorum
3187 1920 3409 1975 comitis'
3449 1936 3512 1975 ac
3555 1937 3758 1976 succes-

2193 2016 2355 2081 soris,
2384 2013 2448 2070 de
2491 2015 2857 2087 Recognitione
2899 2014 3042 2083 libri,
3086 2023 3142 2068 ut
3189 2016 3247 2069 in
3271 2013 3523 2068 Latinum
3554 2023 3757 2068 uertan-

2194 2115 2299 2163 tur.
2335 2107 2403 2163 In
2447 2123 2549 2179 quo
2601 2122 2772 2178 opere,
2823 2107 2948 2162 bene
2999 2106 3120 2161 novi
3169 2105 3307 2178 quod
3345 2106 3578 2161 laborem
3611 2104 3757 2159 labor

2191 2200 2544 2269 multiplicata
2585 2210 2728 2256 sorte
2773 2199 3040 2268 suscipiet.
3093 2198 3439 2269 Salisfaciam
3462 2214 3589 2252 sane
3619 2198 3672 2251 in
3699 2214 3755 2251 eo

2191 2293 2378 2347 amicis
2419 2293 2570 2349 meis.
2614 2292 2766 2347 Dabo
2821 2292 2978 2347 titulo
3032 2308 3218 2347 nomen
3284 2309 3477 2356 meum,
3527 2290 3755 2346 auctoris

2191 2384 2532 2440 nihilominus
2583 2385 2837 2440 vocabulo
2886 2394 3240 2453 permanente.
3280 2382 3423 2437 Nam
3446 2380 3753 2451 RuﬁniCle-

2190 2495 2334 2535 mens
2381 2480 2714 2535 inscribetur.
2750 2478 2975 2535 Accedit
3016 2479 3083 2533 ad
3136 2477 3376 2533 nominis
3417 2477 3755 2541 varietatem,

2191 2571 2363 2627 multo
2410 2571 2636 2643 majoris
2686 2570 2950 2626 momenti
2999 2569 3286 2624 diversitas
3334 2574 3517 2622 textus
3550 2581 3616 2621 ac
3642 2581 3761 2636 per-

2189 2662 2370 2718 versio
2403 2681 2416 2717 :
2446 2664 2595 2719 varie
2643 2662 2843 2735 quippe
2875 2671 2928 2718 et
2955 2661 3173 2717 miseris
3218 2660 3396 2717 modis
3436 2659 3754 2724 distractus,

2189 2754 2421 2819 divisus,
2479 2755 2859 2826 lnterpolatus,
2917 2760 3133 2818 auctus,
3182 2752 3447 2813 minutus,
3509 2749 3757 2819 atquein

2188 2846 2570 2917 compendium
2621 2848 2875 2903 redactus
2924 2845 3046 2914 fuit,
3076 2861 3176 2901 nec
3205 2861 3315 2900 non
3348 2860 3445 2915 per
3473 2843 3759 2898 haereticos

2187 2946 2500 3010 corruptus,
2526 2938 2747 2994 lnsertis
2773 2937 2961 2993 multis
3000 2937 3281 2992 erroribus
3311 2952 3326 3001 ;
3356 2950 3589 3005 quorum
3633 2950 3759 3004 par—

2187 3040 2293 3091 tem
2349 3035 2540 3091 tollere
2586 3034 2740 3087 labor
2797 3032 3010 3089 exstitit
3034 3046 3160 3087 cum
3204 3029 3386 3085 Ruﬁni
3418 3028 3756 3099 interpretis,

2186 3135 2300 3183 tum
2320 3129 2463 3183 illius
2495 3127 2591 3197 qui
2620 3124 2903 3197 Epitomen
2934 3126 3085 3181 fecit.

2256 3215 2439 3275 Ruﬁni
2490 3217 2715 3283 Torani,
2755 3218 2888 3283 sive,
2938 3224 2999 3272 ut
3044 3216 3138 3271 alii
3182 3216 3477 3288 appellant,
3507 3214 3756 3275 Turanii,

2189 3311 2465 3377 Torannii,
2534 3310 2823 3376 Turranii,
2888 3310 3165 3382 Tyrannii,
3216 3326 3341 3366 esse
3380 3307 3759 3379 praefationem

2186 3418 2311 3463 cum
2341 3404 2589 3476 sequenti
2614 3407 2865 3460 versione
2906 3404 3081 3475 stylus
3109 3403 3329 3468 clamat,
3353 3401 3760 3471 ostenduntque

2186 3497 2523 3565 Gennadius,
2554 3495 2873 3563 Adhelmus,
2925 3495 3249 3553 Anastasius
3278 3493 3756 3555 Bibliothecarius,

2187 3599 2350 3664 atque
2379 3590 2496 3662 ipse
2520 3588 2755 3645 Ruﬁnus
2787 3606 2801 3645 2
2834 3588 3075 3659 itemque
3122 3587 3567 3642 Excalceatorum
3619 3584 3759 3641 Car-

2185 3684 2492 3739 melitarum
2523 3681 2682 3745 liber,
2714 3680 2806 3751 qui
2830 3680 2911 3736 sic
2949 3678 3141 3749 incipit
3175 3696 3190 3734 :
3241 3677 3422 3739 Ruﬁni
3466 3676 3759 3748 presbyteri

2184 3775 2430 3846 praefatio
2457 3774 2525 3829 ad
2564 3771 2915 3829 Gaudentium
2968 3773 3263 3842 pontiﬁcem
3313 3772 3369 3826 in
3410 3768 3759 3826 Itinerarium

2186 3866 2487 3933 Clementis,
2513 3866 2578 3922 ab
2597 3884 2655 3922 eo
2675 3882 2740 3922 ea:
2768 3865 2949 3921 Graeco
2974 3867 3026 3919 in
3063 3864 3311 3919 Latinum
3340 3879 3662 3919 conversum.
3688 3860 3758 3915 Et

515 3966 569 4011 et
595 3955 857 4012 Sorbona:
894 3967 1119 4025 nostras,
1149 3967 1311 4026 atque
1356 3960 1503 4017 Petri
1548 3961 1711 4018 Petili
1761 3966 2083 4037 typographi
2113 3985 2156 4045 ο
2188 3970 2312 4033 post
2344 3960 2741 4033 praefationem,
2777 3958 3185 4028 Clementisque
3214 3956 3279 4011 ad
3310 3955 3573 4011 Iacobum
3618 3952 3756 4045 repi-

514 4050 647 4119 regii
677 4069 690 4105 :
720 4049 963 4105 Historia
1011 4049 1315 4110 Clementis.
1364 4053 1524 4111 Liber
1576 4055 1955 4114 Monachensis
1998 4059 2081 4115 bi-

516 4139 838 4197 bliothecae:
874 4142 931 4198 S.
978 4143 1235 4218 Martyris
1292 4144 1574 4202 Clementis
1632 4151 1860 4220 episcopi
1900 4153 2081 4209 Roma:

514 4232 573 4288 S.
608 4233 757 4289 Petri
780 4235 1029 4305 discipuli
1057 4236 1316 4293 Narratio
1364 4241 1529 4295 missa
1570 4241 1639 4296 ad
1674 4241 1933 4298 Jacobum
1968 4246 2082 4315 fra-

514 4335 645 4380 trem
678 4327 913 4391 Domini,
938 4332 1234 4401 episcopum
1286 4332 1793 4405 Hierosolymorum.
1843 4336 2082 4396 Joannes

512 4416 888 4476 Antiochenus
923 4423 978 4475 in
1005 4421 1321 4493 Appendice
1371 4424 1591 4479 concilii
1640 4424 1990 4494 Basileensis,
2022 4427 2079 4482 in

2189 4054 2408 4118 stolam,
2433 4054 2694 4124 scriptum
2721 4053 2885 4108 habet
2919 4072 2932 4107 :
2960 4050 3233 4110 Itinerarii
3277 4047 3558 4104 Clementis
3610 4044 3759 4099 Petri

2187 4147 2413 4216 apostoli
2473 4146 2789 4201 successoris
2855 4144 2986 4199 liber
3023 4144 3225 4214 primus
3282 4141 3467 4210 incipit
3497 4157 3529 4191 a
3564 4137 3758 4207 Ruﬁno

2188 4238 2479 4294 traductus.
2511 4237 2665 4305 Quod
2694 4238 2740 4294 si
2768 4236 2894 4309 quis
2930 4235 3186 4307 objecerit
3231 4233 3514 4303 epistolam
3542 4230 3755 4284 Paulini

2185 4333 2276 4398 47,
2308 4331 2355 4388 is
2383 4346 2707 4403 responsum
2750 4330 2883 4386 feret
2908 4345 3008 4385 nec
3036 4329 3183 4384 illam
3227 4344 3349 4383 esse
3390 4326 3627 4381 indubiaa
3657 4341 3757 4378 au-

2186 4424 2478 4491 ctoritatis,
2506 4439 2604 4481 nec
2620 4423 2675 4479 in
2691 4437 2756 4479 ea
2794 4422 3123 4479 mentionem
3156 4420 3269 4476 ﬁeri
3299 4418 3752 4490 Recognitionum.

1269 4816 1451 4929 DE
1530 4813 2197 4934 AUCTOBE
2275 4814 2983 4931 ANONYMO

1031 5052 2049 5150 BECOGNITIONUM
2123 5050 3215 5149 CLEMENTINARUM.

587 5241 912 5321 (Gutum,
967 5243 1083 5302 νει.
1135 5245 1292 5305 Patr.
1347 5248 1416 5315 Il,
1472 5264 1647 5315 nm,
1683 5262 1749 5303 ea:
1802 5246 2048 5303 Historia
2073 5245 2363 5374 Liitgnaria
2392 5245 2712 5318 Aquileiensi
2743 5244 2810 5304 ν.
2840 5246 2901 5304 C.
2930 5244 3073 5302 Justi
3116 5240 3433 5313 Fontanini,
3479 5242 3576 5301 lib.
3622 5264 3677 5309 vs

1989 5334 2111 5374 can.
2217 5350 2256 5374 ,ι

1989 5334 2111 5389 cap.
2144 5334 2256 5390 ιυ.)

2103 5468 2173 5481 —

1700 5594 2074 5657 SYNOPSIS
2104 5592 2482 5655 CAPITUM.

581 5708 625 5785 li
653 5708 1307 5785 Auctonliecognitionum
1330 5712 1655 5785 inquiritur.'

583 5778 646 5838 ll.
702 5779 949 5849 Ejusdem
982 5778 1115 5837 ma.
1145 5778 1418 5843 statuitur.
1456 5783 1565 5842 Cur
1589 5800 1714 5845 opus
1738 5785 1889 5843 titulo
1915 5783 2341 5857 Recognitionum
2374 5783 2701 5857 inscriptum.
