4000 6266
292 298 429 356 1189

1397 296 1961 355 RECOGNITIONBS.
1995 324 2067 338 --
2099 294 2461 354 PROGIMIA.
2508 294 2511 295 ⁷

3406 297 3534 353 mo
3616 268 3619 275 ’

363 412 448 468 111.
492 412 733 469 Censura
788 413 1152 483 Celasiipapae
1174 412 1237 467 de
1259 411 1735 484 Recognitionibus.
1798 413 1983 484 Operts
2036 413 2283 483 pretium.
2334 409 2533 465 Auctor
2562 409 2872 465 catholicus.
2920 411 3131 482 Aliquot
3190 408 3533 465 recentiorum

428 483 712 552 judicium.

365 548 455 608 IV.
483 554 875 625 Recognitiones
906 552 1117 609 Gra'cas
1141 562 1258 624 post
1287 569 1470 607 earum
1501 554 1923 620 translationem,
1951 571 1984 608 a
2037 548 2270 609 Paulino
2302 552 2353 608 Ν
2361 552 2517 608 olano
2557 552 2764 621 [rustra
2796 559 3073 617 tentatum,
3096 551 3318 623 Ruﬁnus
3349 550 3538 606 Latine

436 627 707 680 convertit.

366 690 431 748 γ.
473 694 677 764 Rogatu
707 703 905 750 sancta:
927 692 1143 760 Salviae,
1191 692 1370 764 Ruﬁni
1395 692 1630 764 praefecti
1681 695 1931 765 prwtorio
1970 696 2194 762 sororis,
2246 711 2378 764 opus
2415 694 2736 765 aggreditur,
2774 690 2912 762 quod
2945 690 3237 749 Gaudentio
3279 692 3536 747 Brixiano

436 768 674 835 episcopo
705 775 994 835 nuncupat.

364 831 473 905 Ϊις
501 831 659 905 rem;
690 831 1022 904 prwfationis
1055 843 1258 905 auctor,
1283 844 1333 888 et
1357 832 1787 905 Recognitionum
1812 840 2089 905 interpres,
2116 833 2364 905 Rufinus.

364 903 475 974 ΥΠ.
508 903 822 974 Bellarmini
866 906 1012 959 locus
1036 905 1179 958 circa
1210 903 1915 974 ClementisRecognitiones
1940 903 2272 974 expenditur.

365 972 399 1025 κ’
412 973 499 1029 111.
540 973 619 1028 De
652 977 877 1046 epistola
902 975 1346 1045 Recognitionum
1404 976 1555 1030 libris
1606 972 1836 1031 adnexa.
1862 972 2048 1047 Operis
2071 975 2230 1031 editio
2261 972 2519 1048 quomodo
2550 974 2830 1029 adornata.

1875 1148 1951 1163 ο-υ

358 1283 403 1340 1.
445 1283 597 1339 Libri
628 1281 1051 1356 Recognitionum
1084 1284 1248 1340 alium
1274 1282 1433 1355 plane
1453 1298 1484 1340 a
1509 1290 1702 1340 sancto
1735 1278 1855 1338 Cle-
1882 1288 1929 1347 Α
1956 1289 2063 1337 tem
2088 1282 2219 1337 illuc
2248 1298 2373 1338 eum
2402 1280 2723 1339 convolasse
2746 1280 3123 1340 animadvertit
3151 1280 3381 1342 Huetius
3399 1285 3539 1359 (25).

291 1384 494 1441 mente,
552 1383 675 1445 post
717 1374 935 1431 Petrum
1005 1377 1168 1433 tertio
1212 1377 1299 1432 vel
1344 1385 1541 1447 quarto
1603 1375 1862 1431 Romanas

292 1466 551 1522 Ecclesiae
582 1467 856 1537 pontiﬁce,
886 1468 1242 1523 architectum
1283 1468 1606 1524 habuerunt.
1634 1463 1715 1523 Ad
1743 1469 1862 1539 ejus

291 1568 505 1615 aetatem
538 1562 682 1631 quod
714 1562 924 1621 attinet.
962 1577 1084 1617 eum
1112 1571 1236 1616 ante
1272 1559 1556 1632 Origenem
1612 1560 1864 1617 ﬂoruisse

293 1648 349 1702 in
377 1659 655 1720 comperto
684 1656 786 1705 est.
819 1649 1082 1721 Origenes
1108 1651 1276 1715 enim,
1318 1648 1410 1721 qui
1444 1648 1546 1706 sub
1571 1643 1863 1721 Elagabalo

292 1738 489 1795 ﬂorere
517 1741 702 1811 coepit,
734 1742 944 1813 primus
998 1743 1241 1797 omnium
1299 1742 1607 1798 testimonia
1647 1758 1714 1797 ex
1746 1741 1859 1807 illo,

290 1838 553 1903 tanquam
578 1831 973 1905 seriptorejam
998 1840 1149 1897 noto,
1191 1841 1246 1891 et
1307 1830 1591 1890 Clementis
1642 1834 1865 1890 nomine

294 1926 516 1995 quidem
546 1926 828 1989 distincto,
857 1926 1026 1982 semel
1059 1937 1219 1996 atque
1244 1927 1439 1981 iterum
1487 1924 1688 1996 promit
1723 1924 1859 1996 (18).

294 2015 659 2082 Quamobrem
690 2016 1013 2072 Clementini
1042 2016 1227 2086 operis
1275 2013 1467 2070 artifex
1516 2014 1743 2086 Origene
1769 2014 1864 2084 ju-

293 2108 421 2162 nior
473 2109 578 2163 dici
630 2123 741 2163 non
782 2116 979 2179 potest,
1027 2110 1123 2165 sed
1158 2109 1320 2180 paulo
1349 2107 1530 2162 senior
1562 2125 1578 2175 ;
1609 2105 1755 2178 quod
1780 2103 1866 2159 nio

292 2196 497 2250 mirum
522 2194 589 2249 ad
619 2203 835 2264 tempus
862 2194 1175 2264 scriptionis
1201 2194 1455 2265 pertinet.
1507 2191 1645 2248 Ante
1669 2190 1863 2263 Orige-

290 2303 442 2353 nem,
477 2304 573 2344 seu
626 2289 846 2343 tertium
898 2286 1107 2343 Christi
1146 2286 1363 2341 Domini
1398 2285 1677 2350 saeculum,
1702 2299 1864 2339 nemo

290 2395 537 2452 unquam
590 2379 985 2449 Recognitiones
1034 2379 1293 2443 laudavit,
1345 2393 1504 2433 nemo
1568 2375 1865 2432 Clementi-

289 2484 494 2526 uorum
545 2470 873 2523 mentionem
940 2468 1086 2524 fecit.
1171 2467 1321 2523 Libri
1374 2474 1653 2522 auctorem
1700 2467 1864 2522 tertio

288 2559 515 2616 demum
546 2559 749 2613 Christi
782 2559 979 2613 saeculo
1004 2559 1228 2625 vixisse,
1247 2558 1355 2612 duo
1381 2558 1638 2629 produnt.
1657 2555 1859 2621 Unum,

288 2652 443 2722 quod
490 2666 558 2705 ex
612 2647 937 2705 Bardesanis
994 2647 1116 2719 Syri
1171 2650 1387 2720 dialogo
1432 2649 1508 2703 De
1537 2650 1649 2719 [ato
1675 2658 1865 2703 contra
1899 2636 1942 2692 Β

288 2741 524 2799 Abidam
566 2742 922 2812 astrologum,
981 2740 1235 2794 laciniam
1284 2741 1421 2796 bene
1449 2742 1662 2811 longam
1694 2740 1868 2795 sull'u-

290 2841 478 2897 ratus,
527 2847 683 2887 suam
728 2832 875 2888 fecit.
933 2832 1203 2901 Alterum,
1231 2832 1377 2902 quod
1412 2832 1480 2887 de
1508 2831 1729 2887 civitate
1756 2831 1869 2915 Rp-

290 2939 484 2989 mana,
543 2923 801 2997 universo
857 2924 973 2979 orbi
1034 2925 1331 2991 dominata,
1387 2940 1498 2980 non
1527 2925 1761 2996 obscure
1787 2924 1870 2980 lo-

289 3028 521 3089 quatur.
575 3014 738 3085 Atqui
790 3015 1125 3073 Bardesanes
1149 3022 1254 3073 sub
1284 3017 1352 3071 M.
1379 3017 1598 3074 Aurelio
1624 3014 1870 3089 Augusto

288 3109 483 3167 lloruit
528 3108 673 3162 circa
724 3124 924 3163 annum
973 3110 1094 3175 171,
1118 3113 1206 3166 cui
1231 3110 1513 3181 Dialogum
1539 3125 1699 3167 suum
1727 3126 1868 3164 nun-

290 3197 544 3269 cupavit.
599 3196 880 3251 Caracalla
936 3213 1066 3251 vero
1118 3200 1261 3252 circa
1293 3214 1495 3253 annum
1520 3198 1647 3265 215,
1677 3209 1868 3270 gentes

293 3288 551 3344 Romano
610 3288 836 3359 imperio
884 3289 1176 3358 subjectas,
1224 3292 1568 3360 propriisque
1598 3298 1757 3345 antea
1786 3290 1867 3345 le-

292 3379 465 3451 gibus
490 3394 640 3443 usas,
666 3379 721 3433 in
756 3376 917 3433 Urbis
944 3393 1126 3433 rerum
1156 3378 1388 3433 dominte
1429 3380 1575 3449 jura,
1598 3380 1873 3434 constitu-

291 3473 452 3527 tione
490 3472 654 3536 edita,
686 3473 896 3541 primus
936 3472 1176 3526 omnium
1209 3472 1645 3541 transirejussit.
1678 3472 1756 3526 Ex
1784 3472 1873 3529 his

292 3565 667 3637 perspicimus
707 3573 1041 3636 quantOpere
1094 3564 1371 3630 fallantur,
1411 3565 1503 3635 qui
1548 3563 1873 3622 Clementini

292 3657 591 3726 scriptoris
647 3664 859 3713 aetatem
914 3657 1112 3713 saeculo
1163 3672 1203 3711 ιι
1245 3657 1513 3727 praaﬁnire
1562 3657 1869 3714 voluerunt.

292 3749 512 3805 Horum
547 3765 740 3820 agmen
780 3749 933 3804 ducit
988 3749 1302 3805 Blondellus
1342 3748 1477 3821 (l9),
1512 3749 1601 3804 cui
1623 3764 1872 3806 accesse-

291 3848 433 3899 runt
464 3840 767 3897 Cotelerius
792 3840 901 3913 (20)
923 3848 977 3896 et
1000 3839 1233 3898 Grabius
1273 3841 1409 3913 (2i).
1439 3841 1665 3896 Cunctis
1692 3846 1874 3895 tamen

294 3936 371 3991 ad
413 3935 559 3988 hanc
608 3934 848 3990 eamdem
878 3935 1219 4002 ,sententiam
1246 3937 1530 4006 praeiverat
1564 3934 1752 3991 Sixtus
1783 3931 1875 3992 Se—

290 4027 497 4086 nensis
538 4026 674 4097 (22).
1416 4096 1417 4099 η

369 4118 439 4174 ll.
476 4117 785 4174 Dodwellus
806 4131 1115 4191 eompactas
1137 4129 1323 4178 censet
1341 4119 1732 4192 Recogniliones
1760 4122 1874 4195 (23)

290 4211 447 4269 inter
472 4228 604 4267 ann.
638 4228 759 4267 aarze
790 4214 1028 4284 vulgaris
1055 4213 1159 4269 218
1180 4221 1233 4269 et
1269 4212 1395 4270 231.
1425 4214 1620 4270 Verius
1648 4215 1877 4275 dixisset

270 4304 443 4388 .inter
472 4320 607 4359 ann.
635 4304 734 4358 2H
771 4314 824 4359 et
843 4304 969 4360 217.
1002 4305 1211 4360 Etenim
1262 4322 1404 4362 anno
1444 4306 1543 4362 2H
1599 4309 1750 4364 solus
1775 4308 1879 4363 im-

290 4413 498 4469 perare
547 4396 713 4467 coepit
753 4396 1052 4460 Caraealla,
1108 4414 1279 4464 novat,
1341 4414 1505 4470 quam
1547 4399 1681 4465 dixi,
1742 4415 1878 4455 con-

290 4488 612 4543 stitutionis
626 4498 837 4558 auctor,
874 4489 927 4543 in
956 4489 1386 4561 Recognitionum
1437 4491 1593 4547 libris
1622 4492 1875 4547 laudatae.

287 4582 420 4638 Mox
468 4581 669 4638 eodem
712 4599 856 4638 anno
896 4583 1021 4647 217,
1049 4583 1335 4639 Caraealla
1357 4585 1643 4640 occiditur.
1678 4581 1773 4641 His
1800 4601 1882 4642 re-

287 4674 485 4743 pellitu
506 4688 531 4725 r
561 4675 833 4729 maximus
863 4673 1010 4729 Petri
1042 4674 1220 4728 Allixii
1252 4677 1458 4747 lapsus,
1511 4677 1711 4732 aientis
1740 4675 1877 4748 (24),

296 4762 887 4839 pseudo-Clementem
922 4764 1125 4820 vixisse
1164 4782 1264 4818 non
1292 4765 1383 4818 diu
1413 4777 1535 4820 ante
1566 4767 1877 4837 Sulpicium,

294 4866 427 4911 ante
458 4871 624 4925 quem
653 4864 831 4913 tamen
864 4873 927 4913 cc
970 4873 1142 4914 annos
1180 4859 1334 4914 vixit.
1360 4857 1641 4930 Origenes,
1668 4861 1877 4929 primus

301 4948 744 5018 Recognitionum
817 4967 1017 5020 praeco,
1073 4950 1365 5006 Caracallae
1435 4951 1572 5005 iram
1641 4951 1874 5022 fugiens.

300 5040 643 5095 Alexandria
670 5041 725 5095 in
754 5041 1097 5099 Palazstinam
1141 5045 1315 5114 primo
1358 5044 1608 5100 secessit.
1656 5042 1749 5099 Bis
1777 5060 1877 5099 au-

385 5208 505 5279 (18)
538 5206 795 5279 Origen,
831 5218 961 5265 tom.
1011 5227 1069 5267 ιιι
1117 5209 1407 5269 Comment.
1460 5213 1516 5267 in
1558 5212 1768 5275 Cenes.,
1811 5209 1877 5265 ad
1909 5220 1954 5275 ι)

308 5296 435 5349 cap.
473 5292 515 5343 ι,
553 5278 656 5343 14;
687 5278 741 5331 in
766 5278 1025 5336 Philocal.
1055 5296 1176 5354 cap.
1199 5284 1291 5351 22,
1320 5293 1373 5339 et
1401 5283 1457 5337 in
1488 5284 1777 5339 Comment.
1811 5282 1877 5336 ad

309 5350 513 5405 Matth.
549 5364 699 5405 xxvi.
734 5348 786 5404 6.

367 5367 513 5490 ἒῧιξς)⁸
550 5367 824 5473 Χῶξῗᾱὲἰι.
848 5460 864 5484 ,
923 5416 1221 5491 Prolegom.
1288 5422 1354 5477 ad
1427 5422 1876 5495 pseudo—Isidor"

367 5506 437 5540 tu.
472 5486 563 5540 59.
593 5497 646 5540 et
676 5488 903 5540 Censur.
934 5489 1103 5540 Enist-
1138 5493 1163 5540 1
1196 5493 1388 5540 Clem“
1418 5511 1542 5540 ηεισ-
1570 5494 1657 5540 ait-

306 5488 646 5571 paggn5‘9Let
676 5488 903 5571 Censu_r.
924 5488 1110 5571 Epist;
1138 5493 1163 5546 1
1196 5488 1542 5571 Clem.,_pag.
1570 5494 1658 5571 28.

304 5557 506 5685 ξωὲεο)
546 5558 780 5613 Coteler.
838 5557 1012 5615 Judic.
1078 5561 1145 5617 de
1200 5564 1323 5619 libr.
1376 5557 1696 5638 'Recognit”
1754 5577 1873 5636 pag.

375 5698 463 5767 (ιη

375 5698 495 5842 (2i)
538 5698 702 5783 Grab.
739 5701 917 5771 Spicil.
944 5714 1074 5763 tom.
1107 5708 1145 5771 1,
1180 5725 1303 5781 pag.
1336 5712 1592 5776 277-279.

374 5770 473 5837 (22
542 5770 680 5829 Sixt.
716 5774 868 5842 Sen.,
901 5777 1043 5835 Bibl.
1078 5779 1173 5836 lib.
1204 5796 1263 5835 tt.

542 5770 680 5829 Sixt.
716 5770 868 5843 Scin,
901 5777 1043 5835 Bibl.
1078 5770 1263 5836 libi”:

1899 3983 1946 4045 C

1962 1365 2123 1430 Prius
2178 1372 2438 1443 Origenis
2487 1374 2591 1429 iter
2644 1375 2699 1429 in
2741 1372 3110 1441 Palmstinam,
3153 1378 3242 1432 ubi
3275 1377 3541 1434 Caesarea:

1962 1462 2152 1533 pedem
2178 1465 2314 1529 ﬁxit,
2340 1473 2640 1537 sanctoque
2673 1463 2983 1522 Alexandro
3037 1466 3536 1541 Hierosolymorum

1971 1564 2229 1620 episcopo
2278 1550 2549 1619 innotuit,
2595 1552 2663 1607 ab
2722 1550 2913 1607 Huetio
2948 1553 3184 1623 illigatur
3234 1568 3378 1607 anno
3434 1551 3539 1606 Do-

1976 1641 2111 1697 mini
2141 1642 2267 1698 215.
2302 1643 2377 1697 Ex
2413 1644 2517 1699 hoc
2562 1645 2774 1710 itinere,
2819 1655 2942 1715 post
2972 1663 3170 1702 caesum
3201 1644 3536 1703 Caracallam

1972 1750 2118 1790 anno
2154 1734 2279 1802 217,
2308 1735 2568 1807 Origenes
2610 1733 2999 1809 Hierosolymis
3036 1739 3411 1795 Alexandriam
3459 1757 3542 1795 re-

1973 1826 2123 1894 dux,
2175 1842 2358 1882 secum
2415 1826 2810 1900 Recognitiones
2868 1829 3056 1886 tulisse
3110 1831 3370 1887 dicendus
3421 1840 3535 1895 est,

1974 1916 2117 1971 unde
2174 1918 2289 1988 ipse
2345 1918 2559 1975 illarum
2613 1922 2907 1976 sententias
2961 1922 3075 1975 suis
3122 1922 3539 1977 Commentariis

1974 2011 2300 2078 admiscuit;
2329 2028 2565 2083 quorum
2596 2025 2719 2071 octo
2746 2017 2955 2085 priores
2992 2025 3167 2070 tomos
3199 2017 3250 2070 in
3284 2015 3535 2071 Genesim

1975 2100 2248 2158 Eusebius
2301 2118 2366 2157 ex
2412 2113 2561 2159 tomo
2590 2120 2778 2159 eorum
2814 2116 2959 2159 nono
2988 2106 3223 2159 ostendit
3257 2106 3367 2176 (26)
3410 2107 3537 2160 Ale-

1974 2194 2215 2249 xandriae
2254 2193 2425 2252 fuisse
2478 2196 2852 2267 conscriptos,
2892 2206 2947 2251 et
2998 2199 3215 2267 quidem
3256 2208 3371 2268 post
3412 2196 3537 2254 Ori-

1974 2289 2125 2359 genis
2164 2288 2264 2342 iter
2302 2288 2432 2342 illud
2492 2289 2728 2358 primum
2787 2290 2840 2345 in
2880 2290 3242 2347 Palaestinam.
3286 2290 3539 2362 Recogni-

1977 2386 2143 2432 tiones
2182 2394 2313 2433 vero
2350 2376 2405 2431 in
2462 2373 2749 2435 Palaestina
2789 2382 3174 2444 concinnatus,
3214 2398 3336 2436 cum
3376 2368 3539 2436 Blono

1974 2470 2115 2526 dello
2156 2466 2311 2525 facile
2348 2470 2643 2535 credimus,
2684 2474 3118 2541 quandoquidem
3160 2474 3212 2527 in
3255 2474 3361 2528 illis
3401 2474 3541 2527 thro-

1975 2579 2073 2618 nus
2121 2556 2617 2631 Hierosolymitana:
2664 2563 2915 2619 Ecclesia:
2967 2581 3128 2635 supra
3179 2574 3403 2621 caeteros
3440 2582 3537 2621 ex-

1976 2658 2202 2712 tollitur.

2044 2749 2309 2803 Caeterum
2342 2750 2492 2818 operi
2526 2764 2593 2803 ex
2620 2758 2939 2820 argumento
2963 2765 3067 2803 vox
3107 2747 3536 2819 Recognitionum

1974 2841 2221 2896 adhaesit.
2252 2840 2553 2910 Recognitio
2574 2841 2737 2907 enim,
2764 2841 2876 2896 sive
2900 2841 3133 2909 Agnitio,
3161 2857 3226 2894 ex
3253 2840 3538 2895 Aristotele

1975 2935 2031 3005 in
2058 2936 2187 3009 Arte
2219 2938 2444 3005 poetica,
2479 2935 2675 3002 oritur,
2703 2950 2822 2990 cum
2856 2936 3104 2992 homines
3146 2937 3274 3005 olim
3307 2934 3447 2999 inter
3478 2950 3539 2989 se

1976 3014 2437 3099 conjunctissimi,
2474 3028 2689 3082 tandem
2737 3030 2937 3081 multos
2976 3036 3096 3096 post
3135 3041 3297 3081 casus
3331 3026 3384 3080 in
3430 3036 3537 3080 tra-

1977 3118 2171 3189 goediis
2219 3126 2272 3173 et
2316 3120 2600 3174 comoediis
2648 3134 2706 3173 se
2744 3127 2934 3172 mutuo
2981 3133 3080 3172 nec
3118 3118 3338 3186 epinato
3371 3132 3539 3188 agno—

1977 3219 2155 3266 scunt.
2186 3210 2263 3266 Ita
2299 3212 2454 3281 plane
2484 3211 2538 3265 in
2570 3210 2673 3265 hac
2712 3208 3235 3280 pseudo-Clementis
3261 3225 3540 3264 commen-

1975 3302 2180 3357 tatione
2222 3301 2577 3357 Faustiniano
2600 3341 2616 3368 ,
2650 3301 2923 3355 Mathidite
2960 3316 3025 3356 ac
3066 3300 3227 3365 ﬁliis,
3272 3298 3561 3366 Clementi,

1972 3383 2179 3442 Fausto
2211 3395 2264 3441 et
2287 3385 2551 3443 Faustino
2584 3387 2874 3458 contingit.
2922 3386 3109 3457 Itaque
3167 3402 3291 3441 cum
3344 3386 3546 3441 inscri-

1974 3474 2181 3543 ptione,
2241 3472 2471 3528 formam
2530 3476 2693 3529 etiam
2744 3475 3011 3545 poeticam
3062 3490 3200 3545 opus
3246 3475 3544 3546 accepisse,

1973 3579 2103 3619 vero
2134 3579 2394 3634 perquam
2428 3564 2607 3620 simile
2641 3564 2699 3619 ﬁt
2731 3563 3007 3620 Dodwello
3042 3566 3176 3638 (27).

2045 3655 2132 3713 111.
2175 3654 2426 3714 Gelasius
2479 3657 2716 3728 pontifex
2772 3659 2828 3713 in
2880 3659 3112 3715 Decreto
3164 3660 3421 3730 genuino,
3477 3674 3545 3713 ex

1973 3749 2266 3807 veterrimo
2324 3751 2515 3807 codice
2564 3748 2851 3816 Vaticano,
2893 3753 3021 3805 olim
3051 3767 3081 3805 a
3117 3768 3203 3807 me
3231 3753 3377 3806 edito
3407 3750 3545 3823 (28),

1974 3842 2119 3897 hanc
2164 3856 2454 3896 censuram
2504 3842 2568 3896 de
2614 3839 3071 3913 Recognitionibus
3114 3858 3145 3896 a
3182 3842 3385 3898 Ruﬁno
3407 3858 3545 3896 con-

1974 3933 2151 3989 versis
2229 3934 2645 4005 pronuntiavit:
2700 3931 3081 3999 Itinerarium,
3143 3936 3350 3989 nomine
3395 3934 3548 3989 Petri

1977 4024 2224 4094 apostoli,
2276 4023 2414 4095 quod
2455 4024 2756 4095 appellatur
2830 4026 3002 4079 sancti
3056 4025 3359 4090 Clementis,
3419 4042 3548 4096 apo-

1975 4118 2250 4189 cryphum.
2304 4116 2498 4173 Nullus
2552 4118 2662 4182 hic,
2709 4127 2767 4173 ut
2811 4119 2867 4173 in
2918 4120 3131 4173 creteris
3189 4119 3544 4184 editionibus,

1976 4210 2245 4264 librorum
2282 4225 2546 4291 numerus
2580 4211 2903 4281 explicatur,
2946 4211 3073 4281 quia
3104 4210 3152 4264 is
3182 4210 3450 4278 pendebat
3480 4225 3548 4264 ex

1978 4304 2209 4359 arbitrio
2261 4302 2632 4360 librariorum.
2702 4302 2976 4368 Gelasius,
3032 4304 3203 4357 sancti
3264 4301 3547 4357 Clementis

1981 4411 2121 4466 opus
2167 4390 2384 4465 quidem
2430 4394 2707 4463 appellari,
2740 4410 2852 4449 non
2880 4411 3010 4459 esse,
3043 4394 3220 4459 dixit;
3250 4394 3408 4463 eique
3445 4409 3535 4463 pu-

1978 4488 2175 4543 blicam
2220 4486 2508 4541 lectionem
2561 4495 2614 4542 et
2662 4487 2981 4542 canonicam
3036 4487 3420 4541 auctoritatem
3452 4500 3552 4539 vo-

1977 4579 2173 4633 cabulo
2200 4578 2483 4648 apocryphi
2520 4577 2877 4647 abjudicavit.
2926 4578 3202 4635 Gelasium
3231 4577 3287 4632 in
3315 4577 3550 4632 concilio

1977 4669 2224 4726 Romano
2279 4686 2385 4725 Lxx
2441 4670 2823 4740 episcoporum
2876 4669 2957 4727 sic
3004 4671 3370 4735 deﬁnientem,
3426 4668 3550 4725 Cle-

1979 4764 2251 4819 mentinas
2312 4761 2708 4832 Recognitiones
2750 4778 2781 4817 a
2838 4761 3037 4817 Ruﬁno
3098 4763 3392 4819 translatas
3443 4760 3551 4817 sub

1981 4859 2205 4913 nomine
2258 4854 2533 4910 Itinerarii
2618 4856 2911 4918 indicasse,
2969 4855 3115 4910 haud
3164 4854 3544 4909 dubitandum.

1980 4949 2102 5005 Non
2126 4949 2248 5005 ideo
2278 4959 2459 5005 tamen
2505 4953 2715 5018 privata
2765 4950 3062 5006 auctoritas
3115 4950 3256 5019 apud
3283 4950 3549 5019 plurimos

1983 5042 2243 5099 Ecclesiae
2297 5042 2504 5097 Latinae
2552 5044 2850 5114 scriptores
2890 5043 3001 5099 illis
3024 5041 3213 5098 deluit.
3242 5040 3317 5097 De
3346 5040 3551 5095 Graecis

2054 5216 2166 5343 £23)
2205 5217 2418 5284 Dodw.,
2479 5217 2726 5275 Dissert..
2771 5234 2827 5273 vr
2879 5219 2934 5272 in
2985 5219 3155 5286 lren.,
3211 5218 3240 5292 5
3289 5237 3367 5287 ιι,
3423 5239 3546 5296 pag.

1974 5288 2165 5429 Μῗὲι)
2206 5360 2394 5423 Allix.,
2421 5358 2600 5413 Diatr.
2634 5358 2699 5413 de
2736 5376 2860 5415 ann.
2890 5370 2940 5415 et
2968 5378 3134 5418 mens.
3163 5322 3333 5418 natal.
3365 5362 3499 5418 Dom
3531 5404 3549 5429 ,

1982 5432 2368 5625 “asinum.
2428 5502 2734 5573 Origenian.
2791 5503 2887 5558 lib.
2938 5518 2979 5569 ι,
3023 5503 3192 5573 capit.
3238 5504 3293 5569 2,
3327 5505 3383 5572 4,
3418 5503 3549 5578 §v1,

1982 5588 2102 5625 nae.
2214 5615 2225 5625 .

1981 5571 2437 5715 missionum”
2471 5643 2614 5700 Hist.
2655 5645 2805 5706 eccl.,
2830 5645 2925 5700 lib.
2959 5660 3037 5709 Vl,
3064 5660 3183 5715 cap.
3214 5644 3302 5700 19.

2078 5712 2169 5785 27)
2208 5712 2423 5785 l_)odw.,
2458 5715 2493 5769 ι.
2532 5732 2601 5770 c..
2637 5730 2759 5785 pagi.
2784 5717 2907 5770 444.

2079 5645 2171 5782 26)
2213 5645 2437 5708 Euseb.,
2471 5645 2614 5700 Hist.
2655 5645 2805 5706 eccl..
2830 5645 2925 5700 lib.
2959 5660 3037 5709 Vl,
3064 5660 3183 5715 cap.
3214 5645 3302 5700 19.

2078 5713 2148 5766 27
2213 5712 2423 5780 Dodw.,
2458 5715 2493 5769 ι.
2532 5732 2601 5770 c..
2637 5730 2759 5785 pag.
2784 5717 2907 5770 444.

2053 5645 2168 5859 (28)
2208 5783 2437 5843 Fontan.
2475 5786 2686 5859 Antiqq.
2722 5776 2903 5855 Hort.,
2928 5802 3083 5857 pagg.
3118 5787 3374 5844 517-551.
