4048 6262
592 289 723 344 “Cl

1434 281 1493 340 Β.
1534 276 1928 340 CLEMENTIS
1965 275 1984 334 l
2022 273 2188 335 ROM.
2226 274 2427 336 PONT.
2468 276 2688 334 OPICRA
2732 274 2943 334 DUBIA.

3653 283 3773 338 H92

588 420 699 461 non
732 401 941 471 loquor.
975 395 1199 469 (Verum
1224 395 1331 452 hac
1365 398 1431 454 dc
1460 415 1519 455 re
1557 414 1679 453 mox
1709 398 1975 468 agendum
2018 396 2045 468 ᾗ
2081 413 2152 459 v1,
2182 408 2228 464 Α
2257 399 2372 467 quis
2415 397 2657 466 fallatur,
2711 394 2969 463 ejusmodi
3019 386 3158 445 lure"
3185 399 3304 445 sunt
3347 393 3571 448 numeris
3615 410 3774 454 notata

586 495 681 549 ubi
712 493 779 548 de
810 488 990 544 Rufini
1047 489 1296 544 versione
1350 487 1589 557 Latina.)
1650 487 1917 543 Caeterum
1948 486 2047 540 hos
2078 486 2140 538 li-

584 585 738 651 bros,
791 594 1099 652 quanquam
1152 580 1491 649 apocryphos,
1546 579 1599 634 id
1648 584 1731 634 est
1786 577 2014 647 publica:
2047 591 2141 631 au-

587 672 865 727 ctoritatis
895 675 1167 739 expertes,
1197 684 1322 723 eum
1352 670 1463 724 sint
1486 669 1731 722 maxima:
1773 665 2137 736 antiquitatis,

582 781 693 819 non
749 778 943 833 parum
995 761 1203 816 fructus
1263 761 1468 815 idcirco
1517 760 1729 815 adferre
1787 774 1968 829 posse,
2018 773 2139 812 cum

583 855 832 925 Nourryo
880 851 991 925 (29)
1047 853 1334 909 sentimus.
1413 851 1548 905 Nam
1628 850 1953 907 Christianae
2017 850 2141 905 reli-

582 947 759 1017 gionis
803 945 1061 1014 Apologia
1092 952 1257 1010 sunt;
1288 950 1340 996 et
1375 942 1659 1013 gentilium
1691 941 1903 1007 fabulae,
1934 940 2143 997 cultuse

584 1054 690 1109 que
747 1036 974 1098 ethnici,
1025 1034 1230 1103 fatique
1277 1044 1612 1089 asscrtorum
1663 1049 1898 1096 errores,
1958 1034 2014 1089 in
2061 1036 2141 1089 eis

581 1130 910 1185 refutantur.
941 1127 1124 1198 Neque
1152 1129 1344 1183 inutile
1372 1141 1509 1197 opus
1536 1129 1604 1182 iis
1643 1141 1764 1182 esse
1796 1128 2014 1197 poterit,
2048 1128 2141 1197 qui

582 1218 1031 1289 philosophorum
1088 1218 1395 1288 opiniones,
1454 1217 1695 1287 gentium
1757 1232 1958 1279 mores,
2010 1231 2141 1269 con-

583 1307 897 1363 suetudines
946 1307 1371 1377 allegoricasque
1397 1306 1701 1361 fabularum
1753 1306 2141 1376 explicationes

584 1400 728 1455 scire
758 1398 1046 1452 voluerint.
1080 1396 1187 1452 Nec
1219 1413 1351 1453 sane.
1382 1397 1540 1453 facile
1584 1407 1731 1453 esset
1784 1398 2013 1468 plurima
2038 1396 2142 1451 La-

586 1489 827 1543 tinorum
882 1489 1001 1542 loca
1059 1489 1384 1559 intelligere,
1449 1489 1496 1545 si
1544 1489 1628 1545 his
1681 1487 2141 1559 Recognitionibus

581 1594 911 1635 careremus.
955 1578 1066 1634 Hoc
1109 1581 1268 1634 etiam
1318 1579 1519 1635 fatetur
1563 1590 1754 1635 auctor
1808 1579 2140 1651 praefationis

583 1670 651 1724 ad
682 1686 875 1725 novam
921 1668 1176 1725 Cotelerii
1225 1671 1540 1735 editionem,
1589 1673 1683 1742 qui
1732 1673 1867 1729 alias
1897 1673 1964 1728 de
1988 1687 2137 1729 more

2251 490 2362 542 suis
2388 488 2537 544 locis.
2571 497 2627 539 ut
2652 490 2765 555 quis
2790 485 3063 540 observare
3108 483 3293 542 possit.
3328 481 3394 536 Hi
3441 484 3572 538 naavi
3599 499 3628 538 a
3652 485 3768 542 Gru-

2250 590 2368 631 tero
2398 575 2679 645 explicati,
2730 588 2821 628 sea:
2876 587 3105 628 numero
3133 580 3280 637 sunt,
3320 574 3413 644 qui
3458 575 3591 644 apud
3625 576 3776 647 ipsum

2249 669 2419 725 videri
2447 676 2695 739 possunt.
2723 667 2802 739 (In
2825 668 3071 723 eamdem
3086 666 3300 724 Gruteri
3323 670 3635 725 sententiam
3650 671 3777 727 vide-

2250 762 2327 815 sis
2363 777 2482 831 quia
2530 761 2759 817 inferius
2787 775 2851 816 ex
2901 758 3124 816 Marano
3167 762 3284 817 viro
3329 763 3639 819 doctissimo
3670 774 3779 823 sunt

2248 848 2528 914 adnotata,
2560 850 2651 905 ubi
2688 866 2867 907 sermo
2890 851 2953 906 de
2993 850 3332 907 Clementint's
3357 852 3487 925 (55).
3524 852 3780 913 Postremo

2249 941 2369 996 loco
2392 942 2749 1013 adjungamus
2778 941 3023 1013 Hugonis
3064 943 3237 999 Grotii
3275 944 3343 1002 de
3364 945 3451 1001 bis
3477 946 3629 1002 libris
3650 948 3769 1016 judi-

2246 1031 2390 1086 cium
2420 1032 2531 1103 (54)
2558 1051 2571 1086 :
2609 1032 3054 1103 Recognitionum,
3117 1034 3224 1098 ait,
3254 1035 3341 1104 qui
3384 1032 3627 1088 dicuntur
3654 1036 3777 1101 libri,

2245 1132 2462 1177 eatenus
2517 1122 2655 1192 apud
2704 1140 2785 1178 me
2839 1125 3032 1187 ualent,
3079 1132 3331 1193 quatenus
3382 1124 3605 1178 aliorum
3646 1125 3778 1181 dictis

2245 1225 2558 1284 congruunt.
2590 1213 2916 1276 theroquin
2962 1217 3122 1283 probo
3170 1215 3458 1269 cardinalis
3488 1216 3695 1270 Baronii
3726 1217 3779 1275 de

2248 1309 2313 1361 iis
2339 1308 2616 1377 judicium,
2645 1309 2735 1379 qui
2763 1323 2827 1361 ea:
2877 1307 3191 1377 Epiphanio,
3241 1306 3428 1377 Ruﬁno
3454 1308 3683 1378 aliisque,
3708 1309 3781 1363 di-

2248 1400 2339 1463 cit,
2378 1398 2487 1453 illis
2546 1398 2695 1453 libris
2746 1398 2979 1467 plurima
3023 1400 3186 1470 fuisse
3220 1410 3425 1464 assuta,
3470 1408 3520 1454 et
3563 1401 3688 1454 inter
3729 1418 3781 1455 es

2249 1506 2425 1545 omnes
2450 1491 2574 1545 illas
2606 1490 2817 1560 fabulas
2839 1490 2904 1545 de
2930 1492 3017 1557 iis,
3069 1508 3185 1563 qua:
3223 1492 3481 1548 Cwsarece
3511 1491 3683 1561 fecisse
3711 1491 3782 1546 di-

2247 1580 2387 1634 citur
2412 1580 2602 1635 Petrus
2633 1589 2816 1635 contra
2843 1579 3128 1636 Simonem.

2319 1674 2583 1729 Caeterum
2611 1673 2851 1728 omnium
2901 1672 3072 1730 ferme
3116 1673 3369 1731 ordinum
3415 1673 3781 1730 catholicorum

581 1775 684 1815 suo
714 1775 821 1813 non
856 1776 1028 1829 pauca
1069 1776 1352 1831 perperam
1384 1762 1542 1819 dicit.
1599 1761 1889 1819 Librorum
1934 1765 2143 1837 analysi
2176 1752 2217 1807 Β
2246 1765 2541 1833 scriptores
2597 1762 2861 1819 Clementi
2924 1759 3169 1818 Romano
3222 1761 3609 1831 Recogicitianes
3650 1759 3784 1831 abiu-

582 1851 910 1920 pertexenda
946 1852 1385 1922 supersedemus,
1450 1870 1577 1909 cum
1606 1856 1660 1910 id
1686 1857 2003 1927 praestiterit
2033 1857 2151 1913 Iano

581 1942 747 1997 datus
769 1941 1052 2015 Nourryus
1082 1943 1198 2015 (50)
1239 1944 1373 2015 (vide
1401 1947 1604 2019 supra).

654 2035 915 2101 Quamvis
947 2044 1125 2092 autem
1156 2038 1449 2108 genuinum
1478 2049 1532 2094 et
1558 2037 1878 2109 primarium
1910 2038 2151 2111 Recogni-

584 2126 789 2179 tionum
821 2126 1105 2192 artiﬁcem,
1165 2128 1416 2184 doctrina
1475 2144 1769 2200 rerumque
1808 2131 2069 2187 varietate
2096 2141 2150 2187 et

582 2216 739 2287 copia
774 2217 1050 2273 abundare
1078 2235 1187 2274 non
1230 2220 1588 2289 dilIitcamur;
1634 2222 2014 2295 philosophum
2065 2232 2150 2277 ta-

582 2320 707 2362 men
736 2322 795 2363 se
822 2309 1072 2377 prodere,
1126 2326 1286 2365 nemo
1337 2325 1445 2365 non
1494 2311 1679 2366 videt:
1732 2318 1785 2365 at
1831 2312 2149 2367 catholicum

582 2406 747 2460 certe,
790 2399 1035 2469 quamvis
1058 2400 1389 2471 philologum
1422 2402 1594 2472 magis
1616 2418 1778 2473 quam
1814 2403 2142 2476 theologum.

582 2486 836 2544 Cotelerii
865 2492 1030 2545 verba
1086 2507 1195 2546 non
1226 2493 1535 2563 praeteribo,
1595 2495 1761 2550 totius
1811 2505 2146 2551 commenta-

581 2581 750 2636 tionis
798 2590 1116 2653 argumenta
1146 2583 1413 2654 complexi
1441 2584 1497 2639 in
1528 2599 1640 2640 suae
1664 2586 1922 2643 editionis
1951 2586 2146 2657 praefa-

582 2672 754 2736 tione,
814 2673 907 2727 ubi
955 2681 1114 2729 vocat
1162 2683 1443 2744 syntagma
1488 2675 1809 2746 theologicis,
1856 2676 2141 2743 historicis,

582 2763 954 2834 pltilosop/iicis
983 2776 1032 2820 et
1064 2767 1394 2838 astrologicis
1423 2767 1576 2822 rebus
1608 2768 1877 2837 refertum.
1910 2768 2144 2824 Accedat

581 2857 745 2913 etiam
771 2858 1043 2923 Barthius,
1069 2860 1162 2929 qui
1191 2860 1368 2915 iibros
1407 2860 1482 2913 ait
1514 2859 1625 2930 (5|)
1658 2861 1902 2930 antiquos
1944 2875 2074 2926 esse,
2094 2868 2145 2914 et

583 2948 839 3003 bonarum
862 2966 1036 3004 rerum
1091 2952 1289 3020 plenos.
1348 2950 1578 3005 Eosdem
1625 2966 1997 3020 saepenumero
2020 2953 2144 3006 illu-

584 3047 757 3104 strat,
811 3048 869 3096 et
924 3042 1037 3095 acri
1084 3043 1246 3097 etiam
1304 3055 1538 3097 censura
1594 3041 1945 3111 perstringit,
2001 3052 2142 3097 vrtus

2249 1853 2454 1909 dicant.

2324 1944 2503 1999 Primo
2532 1958 2598 1997 ex
2623 1941 2977 1996 cardiualium
3029 1948 3215 1995 senatu
3258 1938 3552 2004 Baronius,
3575 1940 3784 2011 pruden-

2248 2036 2323 2090 tia
2359 2044 2413 2092 et
2441 2036 2704 2106 gravitate
2730 2032 3086 2089 admirandus
3134 2032 3269 2105 (55).
3302 2030 3596 2086 Baronium
3619 2032 3783 2087 subse-

2248 2127 2433 2199 quitur
2459 2125 2814 2181 Bellanninus
2839 2124 2971 2196 (56).

2318 2218 2397 2272 Ex
2428 2218 2611 2273 ordine
2638 2219 2993 2287 episcoporum
3010 2214 3240 2273 Carolus
3262 2213 3462 2271 Bovius
3485 2212 3783 2270 Ostunensis

2249 2312 2477 2365 antistes
2505 2310 2640 2379 (57).

2318 2401 2397 2456 Ex
2471 2400 2653 2456 ordine
2733 2400 3154 2456 Prwdicatorum
3227 2398 3560 2456 Franciscus

2246 2492 2329 2546 ria
2379 2489 2513 2563 (58).

2316 2584 2392 2638 Ex
2421 2584 2731 2654 presbyteris
2754 2581 3031 2638 Societatis
3057 2580 3184 2637 Jesu
3206 2581 3533 2639 Benedictus
3564 2582 3785 2638 Pererius

2246 2678 2382 2750 (59),
2408 2676 2645 2732 Joannes
2675 2676 2907 2733 Lorinus
2939 2675 3073 2746 (40),
3106 2673 3362 2732 Nicolaus
3394 2674 3647 2731 Serarius
3670 2674 3782 2746 (41),

2244 2770 2515 2824 Antonius
2542 2767 2877 2825 Possevinus
2905 2766 3040 2839 (42).

2314 2860 2390 2915 Ex
2420 2860 2705 2915 Academia
2733 2858 3042 2913 Lovaniensi
3089 2858 3327 2916 Joannes
3360 2858 3561 2915 Driedo
3593 2859 3714 2930 (45).

2314 2952 2390 3007 Ex
2435 2952 2720 3007 Academia
2746 2952 3039 3007 Parisiensi
3089 2951 3296 3009 Natalis
3318 2952 3461 3008 Beda
3493 2954 3627 3027 (44).

2313 3043 2402 3099 1V.
2433 3044 2591 3100 Nunc
2618 3059 2747 3101 vero
2772 3044 2839 3099 de
2875 3042 3069 3099 Latina
3103 3044 3535 3116 Recognitionum
3560 3046 3782 3102 versione

3629 2396 3785 2452 Victo-

579 3131 934 3202 fragmentum
965 3134 1265 3204 appellans,
1292 3142 1345 3188 et
1374 3133 1563 3188 Latine
1615 3148 1962 3198 conversum,
2022 3149 2143 3189 cum
2173 3118 2213 3174 ο
2246 3136 2536 3206 agendum.
2570 3135 2831 3191 Paulinus
2879 3134 3120 3191 Nolanus
3171 3134 3426 3190 Rufinum
3471 3153 3544 3193 ex
3565 3136 3786 3193 ccenobio

580 3224 823 3279 nondum
851 3242 1009 3294 genus
1039 3224 1244 3278 dicendi
1287 3224 1631 3278 barbarismis
1664 3224 1945 3278 admodum
1974 3225 2147 3293 inqui-

581 3324 765 3368 natum
792 3325 945 3379 esset,
983 3332 1073 3370 nec
1117 3318 1329 3370 mistam
1367 3317 1493 3370 olim
1532 3314 1817 3370 Gothorum
1843 3325 1934 3370 aut
1960 3316 2145 3369 talium

581 3407 810 3459 illuviem
865 3407 1023 3471 oleat,
1067 3408 1165 3461 etsi
1225 3408 1335 3461 suis
1388 3409 1547 3462 etiam
1598 3408 1756 3461 ncevis
1808 3423 1911 3462 non
1944 3416 2142 3463 careat.

583 3495 718 3552 item
746 3499 1044 3562 concludit,
1079 3500 1341 3553 bonorum
1363 3501 1680 3554 monitorum
1716 3500 1892 3571 gratia
1923 3515 1982 3557 se
2010 3500 2140 3554 talia

582 3589 814 3643 libenter
840 3591 1115 3661 perlegere
1148 3611 1161 3646 :
1196 3601 1325 3657 tam,
1367 3591 1563 3662 inquit,
1607 3591 1672 3645 de
1712 3608 1891 3645 eorum
1932 3592 2146 3646 veritate

582 3680 776 3742 securi,
807 3695 963 3749 quam
994 3682 1041 3733 si
1065 3681 1364 3750 Apuleium,
1399 3690 1491 3736 aut
1527 3681 1865 3751 Apollonium
1894 3683 2144 3755 aliquem,

581 3769 661 3823 vel
685 3768 1066 3824 Philostratum
1096 3771 1429 3827 volveremus.
1472 3771 1641 3827 Recte
1667 3770 1882 3841 quidem
1916 3771 1989 3825 ita
2017 3787 2146 3827 cen-

583 3866 667 3916 set
696 3859 949 3917 Barthius
981 3861 1048 3917 de
1073 3864 1301 3920 veritate
1327 3864 1609 3929 historica,
1641 3864 1687 3919 si
1710 3863 1853 3918 hanc
1874 3862 2146 3919 interdum

584 3961 817 4025 spectes.
843 3952 961 4007 Non
993 3955 1067 4009 ita
1122 3954 1192 4011 de
1219 3954 1492 4027 dogmate,
1542 3959 1610 4011 de
1665 3971 1775 4027 quo
1806 3956 1963 4011 aliter
1984 3954 2145 4009 Lam-

581 4046 770 4100 bertus
798 4044 1063 4102 Gruterus
1095 4046 1206 4119 (52)
1237 4066 1251 4103 :
1298 4046 1577 4119 Nusquam
1606 4064 1732 4112 non,
1753 4048 1949 4118 inquit,
1969 4046 2024 4100 in
2050 4045 2146 4109 hoc

589 4137 725 4193 libro
754 4137 1053 4206 defenditur
1082 4140 1297 4194 liberum
1316 4141 1539 4196 hominis
1576 4142 1877 4206 arbitrium,
1903 4141 2147 4210 baptismi

577 4238 628 4284 et
658 4231 988 4287 eucharistia:
1036 4234 1133 4297 vis,
1176 4235 1454 4288 necessitas
1486 4251 1549 4289 ac
1597 4236 1847 4306 dignitas.
1882 4235 2147 4289 Prceterea

581 4324 796 4378 trinitas
874 4341 1219 4395 personarum
1283 4327 1439 4381 unius
1511 4326 1642 4391 Dei,
1723 4325 2148 4395 prouidentiaque

584 4424 918 4471 astruuntur.
958 4416 1187 4471 Docetur
1212 4416 1332 4471 item
1362 4434 1465 4472 non
1507 4398 1881 4472 contemnenda
1905 4434 2016 4473 esse
2045 4418 2145 4472 mi-

582 4509 771 4560 racula
801 4506 869 4561 ad
900 4518 1195 4578 martyrum
1218 4509 1458 4579 sepulcra
1482 4508 1645 4564 edita.
1675 4507 1779 4564 Sed
1800 4518 1922 4562 sunt
1943 4508 2025 4563 hic
2057 4518 2143 4563 ta-

2244 3226 2419 3281 Piueti
2475 3225 2701 3281 Romam
2734 3227 2959 3291 iturum,
3010 3242 3107 3296 per
3152 3226 3366 3282 litteras
3418 3226 3787 3283 humanissime

2242 3319 2497 3374 salutavit
2528 3318 2663 3391 (45),
2721 3319 2910 3389 gratiis
2964 3318 3142 3373 amico
3196 3318 3420 3384 habitis,
3457 3319 3607 3390 quod
3655 3334 3709 3375 se
3731 3315 3787 3370 de

2243 3409 2447 3466 Graacis
2503 3410 2699 3466 litteris
2733 3410 2994 3465 attentius
3038 3409 3414 3480 perdiscendis
3442 3409 3786 3466 commonuis-

2243 3510 2345 3566 set,
2378 3511 2665 3572 postquam
2709 3499 2958 3553 Latinam
3002 3496 3236 3569 Operam
3292 3500 3467 3553 sancti
3520 3497 3786 3555 Clementis

2244 3593 2312 3648 ab
2340 3608 2400 3649 se
2428 3592 2745 3647 adornatam
2793 3589 3109 3655 editionem,
3164 3588 3231 3643 ad
3274 3589 3530 3644 eumdem
3557 3588 3786 3642 Ruﬁnum

2244 3682 2643 3738 transmiserat.
2685 3680 2782 3735 Vir
2801 3687 3025 3737 sanctus
3068 3687 3123 3734 et
3151 3679 3597 3736 modestissimus
3638 3680 3786 3749 impe-

2242 3768 2383 3828 ritiae
2411 3787 2523 3829 suae
2548 3772 2754 3839 tribuit,
2783 3771 2928 3842 quod
2958 3770 3159 3825 alicubi
3199 3785 3420 3827 sensum
3448 3771 3623 3843 magis
3647 3784 3787 3841 quam

2242 3864 2428 3928 verba,
2459 3864 2661 3934 quippe
2715 3863 2783 3917 ab
2836 3876 2897 3917 se
2951 3876 3063 3916 non
3118 3861 3416 3927 intellecta,
3453 3860 3784 3917 converterit.

2246 3956 2353 4012 Sed
2380 3955 2666 4011 Paulinum
2698 3955 2875 4025 ipsum
2931 3954 3241 4025 loquentem
3284 3953 3619 4008 audiamus:
3653 3951 3773 4007 Sane

2245 4049 2441 4119 inquit,
2471 4046 2608 4119 quod
2638 4046 2918 4102 admonere
2943 4044 3181 4117 dignaris
3219 4045 3411 4115 affectu
3435 4045 3555 4113 illo,
3588 4060 3683 4118 quo
3704 4057 3785 4097 nos

2242 4144 2377 4196 sicut
2400 4152 2447 4197 te
2472 4141 2672 4213 diligis,
2716 4149 2773 4194 ut
2814 4139 3048 4194 studium
3092 4139 3151 4192 in
3180 4136 3375 4193 Graecis
3402 4138 3595 4194 litteris
3625 4146 3781 4192 atten—

2245 4236 2349 4289 tius
2379 4250 2606 4298 sumam,
2636 4232 2850 4287 libenter
2879 4232 3076 4300 accipio
3099 4245 3118 4284 :
3138 4229 3227 4285 sed
3252 4231 3464 4299 implere
3492 4249 3595 4286 non
3621 4230 3784 4289 valeo;

2244 4329 2348 4383 nisi
2379 4327 2515 4397 forte
2543 4326 2805 4381 desideria
2853 4340 2969 4378 mea
3016 4323 3230 4394 adjuvat
3258 4322 3539 4388 Dominus,
3589 4332 3645 4377 ut
3673 4322 3798 4375 diu--

2249 4419 2353 4472 tius
2381 4417 2645 4472 consortio
2702 4425 2790 4471 tuo
2832 4414 3097 4486 perfruar.
3151 4411 3295 4467 Nam
3323 4415 3583 4485 quomodo
3633 4413 3787 4484 profe-

2247 4518 2389 4563 ctum
2415 4524 2599 4578 capere
2646 4518 2825 4578 potero
2876 4507 3128 4561 sermonis
3159 4505 3340 4576 ignoti,
3373 4505 3422 4559 si
3455 4504 3591 4561 desit
3632 4522 3664 4558 a
3701 4519 3787 4574 quo

582 4613 700 4651 men
743 4598 846 4653 loci
874 4599 1109 4671 quidam,
1142 4600 1301 4655 veluti
1346 4601 1502 4667 nwvi,
1555 4618 1684 4673 quos
1725 4601 1870 4669 pium
1904 4601 2144 4656 lectorem
2246 4601 2493 4673 ignorata
2551 4601 2891 4656 condiscam?
2946 4597 3115 4654 Credo
3167 4597 3303 4651 enim
3347 4596 3404 4649 in
3458 4597 3789 4652 translatione

582 4690 661 4743 vel
684 4698 835 4744 caute
879 4690 1062 4761 legere,
1109 4693 1187 4747 uel
1238 4700 1502 4763 suspectos
1551 4693 1742 4753 habere
1793 4702 2011 4764 oportet.
2064 4691 2146 4747 Ne
2246 4694 2415 4749 sancti
2438 4692 2741 4758 Clementis,
2774 4700 2965 4763 prccter
2991 4690 3128 4744 alias
3175 4689 3369 4761 ingenii
3412 4690 3514 4743 mei
3556 4688 3787 4758 defectio-

654 4824 770 4891 (29)
796 4824 1050 4901 Nourr.,_
1066 4834 1263 4898 Appar.
1321 4829 1389 4883 ad
1420 4828 1561 4886 Bibl.
1604 4827 1747 4895 PP.,
1777 4836 1908 4885 tom.
1954 4827 1996 4893 ι,
2032 4828 2147 4884 Dis-
2315 4832 2428 4901 (57)
2458 4831 2614 4901 Bov.,
2641 4828 2857 4885 Przefat.
2888 4827 2955 4901 ad
2984 4825 3161 4901 Qonst.
3192 4833 3361 4901 apost.

654 4832 770 4891 (29)
796 4832 1020 4893 Nourr.,
1066 4834 1263 4898 Appar.
1321 4832 1389 4883 ad
1420 4832 1561 4886 Bibl.
1604 4832 1747 4895 PP.,
1777 4836 1908 4885 tom.
1954 4832 1996 4893 ι,
2032 4832 2147 4884 Dis-
2315 4832 2405 4901 (37
2458 4832 2614 4895 Bov.,
2641 4832 2857 4885 Praefat.
2888 4832 2955 4881 ad
2984 4832 3161 4881 Const.
3192 4833 3361 4893 apost.

580 4904 857 4971 “PE-“"2-
882 4905 986 4951 aﬂ-
1020 4898 1224 4971 7»_P38o
1250 4901 1405 4971 Ὧδε-
2316 4832 2429 4971 (58)
2460 4900 2695 4968 Victor.,
2728 4909 2860 4954 tom.
2888 4898 2953 4963 ll,
2984 4896 3175 4952 Relect.
3200 4910 3275 4949 xu
3294 4935 3310 4961 ,
3342 4894 3419 4950 De
3447 4904 3554 4951 art.
3587 4893 3785 4966 magia,

807 4965 1035 5043 your?”
1069 4964 1207 5043 _l.'_c.',
1231 4986 1353 5043 pag.
1383 4970 1508 5025 2H.
1724 5040 1752 5043 __
2248 4971 2275 5043 ᾗ
2310 4964 2472 5043 iactv2

1576 5055 1695 5109 cap.
1721 5040 1775 5095 5.
2248 5000 2275 5043 8
2310 5000 2658 5112 (53)vi’erer.,
2697 5041 2750 5095 in
2788 5038 2994 5103 Genes.,
3027 5037 3122 5091 lib.
3167 5051 3227 5101 η,
3259 5042 3450 5107 quaest.
3496 5030 3551 5101 1,
3582 5049 3700 5106 pag.
3727 5030 3785 5084 40

659 5106 749 5153 (5‘2
814 5106 1050 5153 Gruter-
1082 5111 1273 5153 Drmfnt
1339 5111 1402 5153 ml
1474 5114 1722 5153 (TI/munt.
1772 5109 1901 5153 pdiL
1950 5107 2135 5153 Cnlnn,
2244 5112 2351 5153 odit
2407 5113 2429 5153 4
2467 5110 2621 5153 an.

658 5106 771 5175 (52)
814 5106 1052 5175 Gruter.,
1079 5111 1291 5169 Pmafat.
1338 5111 1405 5165 ad
1474 5106 1725 5171 Clamant.
1772 5109 1902 5166 edit.
1950 5107 2141 5165 Colon.

577 5172 658 5242 Ag
672 5176 813 5245 ripp.
837 5177 996 5234 1569.

2245 5106 2372 5167 edit.
2407 5113 2432 5165 1
2467 5110 2625 5175 Rom.

2315 5182 2427 5245 (40)
2455 5181 2618 5236 Lorin

654 5246 767 5315 (55)
794 5246 852 5299 In
875 5246 1159 5322 Prpoemiis
1186 5249 1252 5305 ad
1285 5250 1632 5314 Clementina,
1664 5249 1893 5309 huiusce
1924 5249 2072 5307 Patr.
2100 5258 2142 5305 ῑ.

579 5312 649 5372 ΙΙ.
681 5316 856 5372 initio.
895 5318 1050 5372 Ευιτ.

1172 5397 1302 5444 tom.
1333 5389 1423 5452 lll,
1452 5405 1574 5459 pag.
1605 5389 1731 5444 488.

662 5456 773 5531 (55)
805 5455 1115 5531 Baron.,ad
1160 5476 1289 5531 ann.
1315 5461 1402 5525 54,
1430 5455 1687 5531 ςςέωῑῐι
1731 5468 1950 5531 etcchI
1973 5476 1990 5528 ;
2014 5476 2142 5516 ann.

713 5523 834 5601 ᾗ),
862 5542 989 5583 ann.
1020 5530 1111 5595 44,
1154 5530 1182 5601 §
1241 5523 1402 5585 xxxvi
1427 5523 1599 5588 fama.
1642 5532 1732 5596 51,
1782 5529 1809 5601 §
1846 5523 1987 5598 LIII,
2014 5546 2141 5586 ann.

592 5565 740 5653 ibi;
762 5565 808 5661 ξ
820 5565 956 5651 Ξξῖῖ.

2315 5182 2427 5252 (40)
2455 5174 2665 5252 Lor-im,
2694 5182 2749 5234 in
2779 5182 3101 5252 Act._apost.
3131 5191 3252 5252 cap.
3284 5192 3396 5238 nx,
3422 5172 3450 5245 ᾗ
3480 5189 3553 5252 ις2

2317 5243 2426 5321 (il)
2458 5243 2665 5316 Seruna,
2718 5262 2867 5321 tom.
2900 5247 2941 5313 1,
2964 5243 3278 5317 ὀρυθοᾘάε
3314 5243 3507 5314 apost.,
3536 5243 3565 5314 ᾗ
3604 5255 3641 5307 ι,
3673 5253 3780 5311 pag.

2243 5319 2333 5389 27,
2360 5319 2489 5375 edit.
2517 5321 2751 5391 Mogunt.
2778 5319 2934 5374 1611.

2317 5392 2426 5459 (49.)
2456 5391 2765 5456 Possev.,in
2800 5393 3051 5459 Apparat.

2317 5456 2430 5532 (45)
2482 5462 2688 5532 Dried.,
2723 5456 2885 5532 tom.
2924 5457 3097 5532 l__De_
3126 5456 3253 5512 eccl.
3306 5456 3505 5532 degat"
3549 5459 3689 5522 pari»
3733 5462 3780 5513 Vi

2245 5526 2339 5588 lib;
2368 5548 2443 5593 IV,
2475 5546 2593 5600 cap.
2625 5531 2677 5595 5,
2713 5530 2806 5585 fol.
2832 5526 2900 5591 A,
2924 5529 3058 5600 edit_.
3080 5527 3282 5600 Lovan.
3310 5526 3467 5580 1572.

2315 5601 2427 5672 (44)
2459 5594 2623 5672 Beda,
2660 5610 2826 5672 contr.
2856 5596 3200 5672 Jac.‘Fabr.,
3216 5611 3441 5672 propos.
3462 5594 3589 5672 105.

664 5664 776 5743 (ὄρ)
810 5665 1083 5723 Bellarm..
1117 5669 1192 5723 De
1217 5673 1395 5743 script.
1426 5671 1574 5737 (ει-ειη
1600 5688 1720 5743 pag.
1747 5671 1835 5736 52,
1858 5678 1909 5727 ct
1938 5671 2029 5726 lib.
2082 5686 2119 5724 ιι

2315 5664 2429 5729 145)
2460 5670 2697 5729 Paulin..
2724 5669 2894 5737 Epist.
2943 5668 3035 5735 46,
3070 5669 3140 5725 al.
3174 5664 3262 5736 47,
3287 5664 3436 5722 niun.
3458 5665 3509 5719 2.

590 5729 665 5786 De
701 5729 847 5790 Rem.
884 5746 1048 5805 pont.,
1082 5754 1199 5810 cap.
1222 5740 1277 5798 ἓ,
