  <div class='ocr_page' id='page_1' title='image "/cluster/home/n/w/nwhite01/storage/ocr_20150623/1/mdp.39015014764065/608.png"; bbox 0 0 4048 6262; ppageno 0'>
   <div class='ocr_carea' id='block_1_1' title="bbox 319 387 459 446">
    <p class='ocr_par' dir='ltr' id='par_1_1' title="bbox 319 387 459 446">
     <span class='ocr_line' id='line_1_1' title="bbox 319 387 459 446; baseline 0.007 -1"><span class='ocrx_word' id='word_1_1' title='bbox 319 387 459 446; x_wconf 79' lang='grc'><strong>1195</strong></span> 
     </span>
    </p>
   </div>
   <div class='ocr_carea' id='block_1_2' title="bbox 1456 390 2509 450">
    <p class='ocr_par' dir='ltr' id='par_1_2' title="bbox 1456 390 2509 450">
     <span class='ocr_line' id='line_1_2' title="bbox 1456 390 2509 450; baseline 0.007 -8"><span class='ocrx_word' id='word_1_2' title='bbox 1456 390 2019 450; x_wconf 78' lang='lat' dir='ltr'><strong><em>RECOCNITIONES.</em></strong></span> <span class='ocrx_word' id='word_1_3' title='bbox 2056 426 2120 434; x_wconf 83' lang='lat'><strong><em>-—</em></strong></span> <span class='ocrx_word' id='word_1_4' title='bbox 2153 393 2509 449; x_wconf 78' lang='lat' dir='ltr'><strong><em>PROOEMIA.</em></strong></span> 
     </span>
    </p>
   </div>
   <div class='ocr_carea' id='block_1_3' title="bbox 3411 401 3549 456">
    <p class='ocr_par' dir='ltr' id='par_1_3' title="bbox 3411 401 3549 456">
     <span class='ocr_line' id='line_1_3' title="bbox 3411 401 3549 456; baseline 0.014 -2"><span class='ocrx_word' id='word_1_5' title='bbox 3411 401 3549 456; x_wconf 68' lang='grc'><strong>1194</strong></span> 
     </span>
    </p>
   </div>
   <div class='ocr_carea' id='block_1_4' title="bbox 319 501 3549 578">
    <p class='ocr_par' dir='ltr' id='par_1_4' title="bbox 319 501 3549 578">
     <span class='ocr_line' id='line_1_4' title="bbox 319 501 3549 578; baseline 0.002 -17"><span class='ocrx_word' id='word_1_6' title='bbox 319 523 432 571; x_wconf 88' lang='lat' dir='ltr'><strong><em>nes,</em></strong></span> <span class='ocrx_word' id='word_1_7' title='bbox 463 506 597 560; x_wconf 86' lang='lat' dir='ltr'><strong><em>hanc</em></strong></span> <span class='ocrx_word' id='word_1_8' title='bbox 644 512 693 559; x_wconf 89' lang='lat' dir='ltr'><strong><em>te</em></strong></span> <span class='ocrx_word' id='word_1_9' title='bbox 737 502 1067 573; x_wconf 87' lang='lat' dir='ltr'><strong><em>potissimum</em></strong></span> <span class='ocrx_word' id='word_1_10' title='bbox 1122 501 1396 569; x_wconf 82' lang='lat' dir='ltr'><strong><em>imperitia:</em></strong></span> <span class='ocrx_word' id='word_1_11' title='bbox 1435 519 1562 558; x_wconf 72' lang='lat' dir='ltr'><strong><em>mea:</em></strong></span> <span class='ocrx_word' id='word_1_12' title='bbox 1618 507 1888 574; x_wconf 82' lang='lat' dir='ltr'><strong><em>penuriam</em></strong></span> <span class='ocrx_word' id='word_1_13' title='bbox 1920 518 1959 570; x_wconf 81' lang='grc' dir='ltr'><strong>Α</strong></span> <span class='ocrx_word' id='word_1_14' title='bbox 1994 508 2080 561; x_wconf 86' lang='lat' dir='ltr'><strong><em>cui</em></strong></span> <span class='ocrx_word' id='word_1_15' title='bbox 2112 508 2356 563; x_wconf 86' lang='lat' dir='ltr'><strong><em>eamdem</em></strong></span> <span class='ocrx_word' id='word_1_16' title='bbox 2390 508 2507 577; x_wconf 89' lang='lat' dir='ltr'><strong><em>ipse</em></strong></span> <span class='ocrx_word' id='word_1_17' title='bbox 2544 506 2931 578; x_wconf 77' lang='lat' dir='ltr'><strong><em>spoponderat,</em></strong></span> <span class='ocrx_word' id='word_1_18' title='bbox 2958 508 3153 564; x_wconf 65' lang='lat' dir='ltr'><strong><em>Brixiae</em></strong></span> <span class='ocrx_word' id='word_1_19' title='bbox 3183 510 3238 565; x_wconf 91' lang='lat' dir='ltr'><strong><em>in</em></strong></span> <span class='ocrx_word' id='word_1_20' title='bbox 3262 511 3389 566; x_wconf 89' lang='lat' dir='ltr'><strong><em>sede</em></strong></span> <span class='ocrx_word' id='word_1_21' title='bbox 3410 510 3549 567; x_wconf 84' lang='lat' dir='ltr'><strong><em>Gan-</em></strong></span> 
     </span>
    </p>
   </div>
   <div class='ocr_carea' id='block_1_5' title="bbox 313 592 1886 667">
    <p class='ocr_par' dir='ltr' id='par_1_5' title="bbox 313 592 1886 667">
     <span class='ocr_line' id='line_1_5' title="bbox 313 592 1886 667; baseline -0.002 -14"><span class='ocrx_word' id='word_1_22' title='bbox 313 598 697 661; x_wconf 83' lang='lat' dir='ltr'><strong><em>considerasse,</em></strong></span> <span class='ocrx_word' id='word_1_23' title='bbox 756 592 893 665; x_wconf 90' lang='lat' dir='ltr'><strong><em>quod</em></strong></span> <span class='ocrx_word' id='word_1_24' title='bbox 943 592 1127 663; x_wconf 85' lang='lat' dir='ltr'><strong><em>aliqua</em></strong></span> <span class='ocrx_word' id='word_1_25' title='bbox 1166 593 1219 646; x_wconf 89' lang='lat' dir='ltr'><strong><em>in</em></strong></span> <span class='ocrx_word' id='word_1_26' title='bbox 1259 593 1444 663; x_wconf 83' lang='lat' dir='ltr'><strong><em>quibus</em></strong></span> <span class='ocrx_word' id='word_1_27' title='bbox 1501 596 1787 667; x_wconf 77' lang='lat' dir='ltr'><strong><em>intelligere</em></strong></span> <span class='ocrx_word' id='word_1_28' title='bbox 1810 598 1886 651; x_wconf 80' lang='lat' dir='ltr'><strong><em>uel</em></strong></span> 
     </span>
    </p>
   </div>
   <div class='ocr_carea' id='block_1_6' title="bbox 310 687 1881 761">
    <p class='ocr_par' dir='ltr' id='par_1_6' title="bbox 310 687 1881 761">
     <span class='ocr_line' id='line_1_6' title="bbox 310 687 1881 761; baseline -0.001 -16"><span class='ocrx_word' id='word_1_29' title='bbox 310 692 600 761; x_wconf 67' lang='lat' dir='ltr'><strong><em>exprimere</em></strong></span> <span class='ocrx_word' id='word_1_30' title='bbox 620 687 773 742; x_wconf 84' lang='lat' dir='ltr'><strong><em>verba</em></strong></span> <span class='ocrx_word' id='word_1_31' title='bbox 800 703 903 741; x_wconf 88' lang='lat' dir='ltr'><strong><em>non</em></strong></span> <span class='ocrx_word' id='word_1_32' title='bbox 932 687 1097 755; x_wconf 87' lang='lat' dir='ltr'><strong><em>potui,</em></strong></span> <span class='ocrx_word' id='word_1_33' title='bbox 1150 702 1305 740; x_wconf 87' lang='lat' dir='ltr'><strong><em>sensu</em></strong></span> <span class='ocrx_word' id='word_1_34' title='bbox 1333 689 1505 756; x_wconf 78' lang='lat' dir='ltr'><strong><em>potius</em></strong></span> <span class='ocrx_word' id='word_1_35' title='bbox 1545 689 1881 756; x_wconf 83' lang='lat' dir='ltr'><strong><em>apprehenso,</em></strong></span> 
     </span>
    </p>
   </div>
   <div class='ocr_carea' id='block_1_7' title="bbox 312 776 1885 849">
    <p class='ocr_par' dir='ltr' id='par_1_7' title="bbox 312 776 1885 849">
     <span class='ocr_line' id='line_1_7' title="bbox 312 776 1885 849; baseline -0.002 -13"><span class='ocrx_word' id='word_1_36' title='bbox 312 783 390 836; x_wconf 73' lang='lat' dir='ltr'><strong><em>uel</em></strong></span> <span class='ocrx_word' id='word_1_37' title='bbox 420 790 475 834; x_wconf 90' lang='lat' dir='ltr'><strong><em>ut</em></strong></span> <span class='ocrx_word' id='word_1_38' title='bbox 501 782 671 835; x_wconf 81' lang='lat' dir='ltr'><strong><em>uerius</em></strong></span> <span class='ocrx_word' id='word_1_39' title='bbox 703 779 902 839; x_wconf 89' lang='lat' dir='ltr'><strong><em>dicam,</em></strong></span> <span class='ocrx_word' id='word_1_40' title='bbox 967 776 1183 838; x_wconf 80' lang='lat' dir='ltr'><strong><em>opinata</em></strong></span> <span class='ocrx_word' id='word_1_41' title='bbox 1222 778 1616 833; x_wconf 86' lang='lat' dir='ltr'><strong><em>transtulerim:</em></strong></span> <span class='ocrx_word' id='word_1_42' title='bbox 1647 796 1748 849; x_wconf 79' lang='lat' dir='ltr'><strong><em>quo</em></strong></span> <span class='ocrx_word' id='word_1_43' title='bbox 1770 796 1885 833; x_wconf 88' lang='lat' dir='ltr'><strong><em>ma-</em></strong></span> 
     </span>
    </p>
   </div>
   <div class='ocr_carea' id='block_1_8' title="bbox 310 867 1881 941">
    <p class='ocr_par' dir='ltr' id='par_1_8' title="bbox 310 867 1881 941">
     <span class='ocr_line' id='line_1_8' title="bbox 310 867 1881 941; baseline -0.001 -16"><span class='ocrx_word' id='word_1_44' title='bbox 310 873 388 941; x_wconf 90' lang='lat' dir='ltr'><strong><em>gis</em></strong></span> <span class='ocrx_word' id='word_1_45' title='bbox 413 887 532 941; x_wconf 82' lang='lat' dir='ltr'><strong><em>egeo</em></strong></span> <span class='ocrx_word' id='word_1_46' title='bbox 565 867 934 923; x_wconf 86' lang='lat' dir='ltr'><strong><em>misericordia</em></strong></span> <span class='ocrx_word' id='word_1_47' title='bbox 972 867 1086 931; x_wconf 88' lang='lat' dir='ltr'><strong><em>Dei,</em></strong></span> <span class='ocrx_word' id='word_1_48' title='bbox 1111 876 1168 919; x_wconf 87' lang='lat' dir='ltr'><strong><em>ut</em></strong></span> <span class='ocrx_word' id='word_1_49' title='bbox 1189 867 1469 936; x_wconf 79' lang='lat' dir='ltr'><strong><em>pleniorem</em></strong></span> <span class='ocrx_word' id='word_1_50' title='bbox 1504 868 1633 922; x_wconf 84' lang='lat' dir='ltr'><strong><em>mihi</em></strong></span> <span class='ocrx_word' id='word_1_51' title='bbox 1692 870 1769 923; x_wconf 89' lang='lat' dir='ltr'><strong><em>tui</em></strong></span> <span class='ocrx_word' id='word_1_52' title='bbox 1792 886 1881 923; x_wconf 88' lang='lat' dir='ltr'><strong><em>co-</em></strong></span> 
     </span>
    </p>
   </div>
   <div class='ocr_carea' id='block_1_9' title="bbox 309 959 1883 1032">
    <p class='ocr_par' dir='ltr' id='par_1_9' title="bbox 309 959 1883 1032">
     <span class='ocr_line' id='line_1_9' title="bbox 309 959 1883 1032; baseline -0.002 -16"><span class='ocrx_word' id='word_1_53' title='bbox 309 966 451 1032; x_wconf 87' lang='lat' dir='ltr'><strong><em>piam</em></strong></span> <span class='ocrx_word' id='word_1_54' title='bbox 484 962 721 1025; x_wconf 84' lang='lat' dir='ltr'><strong><em>tribuat;</em></strong></span> <span class='ocrx_word' id='word_1_55' title='bbox 748 961 873 1031; x_wconf 88' lang='lat' dir='ltr'><strong><em>quia</em></strong></span> <span class='ocrx_word' id='word_1_56' title='bbox 900 975 994 1029; x_wconf 88' lang='lat' dir='ltr'><strong><em>pro</em></strong></span> <span class='ocrx_word' id='word_1_57' title='bbox 1023 959 1222 1013; x_wconf 84' lang='lat' dir='ltr'><strong><em>divitiis</em></strong></span> <span class='ocrx_word' id='word_1_58' title='bbox 1260 961 1360 1013; x_wconf 88' lang='lat' dir='ltr'><strong><em>erit</em></strong></span> <span class='ocrx_word' id='word_1_59' title='bbox 1391 962 1638 1028; x_wconf 86' lang='lat' dir='ltr'><strong><em>pauperi,</em></strong></span> <span class='ocrx_word' id='word_1_60' title='bbox 1696 971 1753 1014; x_wconf 90' lang='lat' dir='ltr'><strong><em>ut</em></strong></span> <span class='ocrx_word' id='word_1_61' title='bbox 1782 961 1883 1013; x_wconf 85' lang='lat' dir='ltr'><strong><em>mi-</em></strong></span> 
     </span>
    </p>
   </div>
   <div class='ocr_carea' id='block_1_10' title="bbox 308 1050 1878 1120">
    <p class='ocr_par' dir='ltr' id='par_1_10' title="bbox 308 1050 1878 1120">
     <span class='ocr_line' id='line_1_10' title="bbox 308 1050 1878 1120; baseline 0 -14"><span class='ocrx_word' id='word_1_62' title='bbox 308 1070 398 1107; x_wconf 81' lang='lat' dir='ltr'><strong><em>cas</em></strong></span> <span class='ocrx_word' id='word_1_63' title='bbox 437 1069 470 1107; x_wconf 91' lang='lat' dir='ltr'><strong><em>a</em></strong></span> <span class='ocrx_word' id='word_1_64' title='bbox 499 1052 678 1106; x_wconf 77' lang='lat' dir='ltr'><strong><em>dicitis</em></strong></span> <span class='ocrx_word' id='word_1_65' title='bbox 708 1068 888 1105; x_wconf 88' lang='lat' dir='ltr'><strong><em>mensa</em></strong></span> <span class='ocrx_word' id='word_1_66' title='bbox 942 1050 1207 1114; x_wconf 86' lang='lat' dir='ltr'><strong><em>cadentes,</em></strong></span> <span class='ocrx_word' id='word_1_67' title='bbox 1266 1052 1420 1105; x_wconf 90' lang='lat' dir='ltr'><strong><em>arido</em></strong></span> <span class='ocrx_word' id='word_1_68' title='bbox 1450 1051 1680 1120; x_wconf 77' lang='lat' dir='ltr'><strong><em>famelici</em></strong></span> <span class='ocrx_word' id='word_1_69' title='bbox 1706 1053 1878 1107; x_wconf 80' lang='lat' dir='ltr'><strong><em>cordis</em></strong></span> 
     </span>
    </p>
   </div>
   <div class='ocr_carea' id='block_1_11' title="bbox 309 1138 1878 1211">
    <p class='ocr_par' dir='ltr' id='par_1_11' title="bbox 309 1138 1878 1211">
     <span class='ocr_line' id='line_1_11' title="bbox 309 1138 1878 1211; baseline 0.001 -16"><span class='ocrx_word' id='word_1_70' title='bbox 309 1158 397 1195; x_wconf 91' lang='lat' dir='ltr'><strong><em>ore</em></strong></span> <span class='ocrx_word' id='word_1_71' title='bbox 424 1142 687 1211; x_wconf 83' lang='lat' dir='ltr'><strong><em>colligere.</em></strong></span> <span class='ocrx_word' id='word_1_72' title='bbox 738 1139 814 1195; x_wconf 88' lang='lat' dir='ltr'><strong><em>De</em></strong></span> <span class='ocrx_word' id='word_1_73' title='bbox 842 1140 1124 1195; x_wconf 77' lang='lat' dir='ltr'><strong><em>Clemente</em></strong></span> <span class='ocrx_word' id='word_1_74' title='bbox 1175 1138 1423 1195; x_wconf 89' lang='lat' dir='ltr'><strong><em>Romano</em></strong></span> <span class='ocrx_word' id='word_1_75' title='bbox 1470 1141 1757 1196; x_wconf 90' lang='lat' dir='ltr'><strong><em>Paulinum</em></strong></span> <span class='ocrx_word' id='word_1_76' title='bbox 1788 1142 1878 1197; x_wconf 89' lang='lat' dir='ltr'><strong><em>hic</em></strong></span> 
     </span>
    </p>
   </div>
   <div class='ocr_carea' id='block_1_12' title="bbox 308 1232 1876 1302">
    <p class='ocr_par' dir='ltr' id='par_1_12' title="bbox 308 1232 1876 1302">
     <span class='ocr_line' id='line_1_12' title="bbox 308 1232 1876 1302; baseline 0.003 -17"><span class='ocrx_word' id='word_1_77' title='bbox 308 1232 457 1302; x_wconf 77' lang='lat' dir='ltr'><strong><em>loqui</em></strong></span> <span class='ocrx_word' id='word_1_78' title='bbox 484 1247 592 1286; x_wconf 89' lang='lat' dir='ltr'><strong><em>non</em></strong></span> <span class='ocrx_word' id='word_1_79' title='bbox 617 1238 703 1288; x_wconf 89' lang='lat' dir='ltr'><strong><em>est</em></strong></span> <span class='ocrx_word' id='word_1_80' title='bbox 725 1246 825 1286; x_wconf 91' lang='lat' dir='ltr'><strong><em>cur</em></strong></span> <span class='ocrx_word' id='word_1_81' title='bbox 874 1232 1165 1302; x_wconf 82' lang='lat' dir='ltr'><strong><em>quisquam</em></strong></span> <span class='ocrx_word' id='word_1_82' title='bbox 1194 1232 1405 1289; x_wconf 79' lang='lat' dir='ltr'><strong><em>dubitet</em></strong></span> <span class='ocrx_word' id='word_1_83' title='bbox 1446 1250 1568 1289; x_wconf 90' lang='lat' dir='ltr'><strong><em>cum</em></strong></span> <span class='ocrx_word' id='word_1_84' title='bbox 1593 1234 1876 1290; x_wconf 84' lang='lat' dir='ltr'><strong><em>Heriberto</em></strong></span> 
     </span>
    </p>
   </div>
   <div class='ocr_carea' id='block_1_13' title="bbox 311 1320 1875 1396">
    <p class='ocr_par' dir='ltr' id='par_1_13' title="bbox 311 1320 1875 1396">
     <span class='ocr_line' id='line_1_13' title="bbox 311 1320 1875 1396; baseline 0.004 -19"><span class='ocrx_word' id='word_1_85' title='bbox 311 1322 633 1396; x_wconf 84' lang='lat' dir='ltr'><strong><em>Rosweydo.</em></strong></span> <span class='ocrx_word' id='word_1_86' title='bbox 684 1320 796 1378; x_wconf 91' lang='lat' dir='ltr'><strong><em>Suo</em></strong></span> <span class='ocrx_word' id='word_1_87' title='bbox 843 1323 989 1378; x_wconf 87' lang='lat' dir='ltr'><strong><em>enim</em></strong></span> <span class='ocrx_word' id='word_1_88' title='bbox 1029 1324 1077 1377; x_wconf 90' lang='lat' dir='ltr'><strong><em>is</em></strong></span> <span class='ocrx_word' id='word_1_89' title='bbox 1118 1324 1339 1379; x_wconf 88' lang='lat' dir='ltr'><strong><em>nomine</em></strong></span> <span class='ocrx_word' id='word_1_90' title='bbox 1393 1325 1461 1380; x_wconf 89' lang='lat' dir='ltr'><strong><em>ab</em></strong></span> <span class='ocrx_word' id='word_1_91' title='bbox 1504 1325 1875 1383; x_wconf 84' lang='lat' dir='ltr'><strong><em>Alexandrino</em></strong></span> 
     </span>
    </p>
   </div>
   <div class='ocr_carea' id='block_1_14' title="bbox 309 1415 1874 1489">
    <p class='ocr_par' dir='ltr' id='par_1_14' title="bbox 309 1415 1874 1489">
     <span class='ocr_line' id='line_1_14' title="bbox 309 1415 1874 1489; baseline 0.003 -20"><span class='ocrx_word' id='word_1_92' title='bbox 309 1416 562 1484; x_wconf 81' lang='lat' dir='ltr'><strong><em>aliisque,</em></strong></span> <span class='ocrx_word' id='word_1_93' title='bbox 597 1415 741 1485; x_wconf 91' lang='lat' dir='ltr'><strong><em>apud</em></strong></span> <span class='ocrx_word' id='word_1_94' title='bbox 767 1422 979 1470; x_wconf 83' lang='lat' dir='ltr'><strong><em>veteres</em></strong></span> <span class='ocrx_word' id='word_1_95' title='bbox 1003 1417 1440 1472; x_wconf 88' lang='lat' dir='ltr'><strong><em>antonomastice</em></strong></span> <span class='ocrx_word' id='word_1_96' title='bbox 1482 1432 1541 1473; x_wconf 91' lang='lat' dir='ltr'><strong><em>se</em></strong></span> <span class='ocrx_word' id='word_1_97' title='bbox 1569 1418 1874 1489; x_wconf 75' lang='lat' dir='ltr'><strong><em>distingue-</em></strong></span> 
     </span>
    </p>
   </div>
   <div class='ocr_carea' id='block_1_15' title="bbox 278 1502 1871 1579">
    <p class='ocr_par' dir='ltr' id='par_1_15' title="bbox 278 1502 1871 1579">
     <span class='ocr_line' id='line_1_15' title="bbox 278 1502 1871 1579; baseline 0.002 -16"><span class='ocrx_word' id='word_1_98' title='bbox 278 1502 279 1505; x_wconf 45' lang='grc'><em>“</em></span> <span class='ocrx_word' id='word_1_99' title='bbox 305 1506 420 1563; x_wconf 85' lang='lat' dir='ltr'><strong><em>bat.</em></strong></span> <span class='ocrx_word' id='word_1_100' title='bbox 438 1505 690 1569; x_wconf 91' lang='lat' dir='ltr'><strong><em>Ruﬁnus,</em></strong></span> <span class='ocrx_word' id='word_1_101' title='bbox 721 1507 813 1577; x_wconf 89' lang='lat' dir='ltr'><strong><em>qui</em></strong></span> <span class='ocrx_word' id='word_1_102' title='bbox 839 1505 1208 1562; x_wconf 88' lang='lat' dir='ltr'><strong><em>Clementinas</em></strong></span> <span class='ocrx_word' id='word_1_103' title='bbox 1223 1505 1615 1579; x_wconf 86' lang='lat' dir='ltr'><strong><em>Recognitiones</em></strong></span> <span class='ocrx_word' id='word_1_104' title='bbox 1631 1510 1685 1564; x_wconf 92' lang='lat' dir='ltr'><strong><em>in</em></strong></span> <span class='ocrx_word' id='word_1_105' title='bbox 1700 1511 1871 1567; x_wconf 84' lang='lat' dir='ltr'><strong><em>libros</em></strong></span> 
     </span>
    </p>
   </div>
   <div class='ocr_carea' id='block_1_16' title="bbox 306 1598 1868 1659">
    <p class='ocr_par' dir='ltr' id='par_1_16' title="bbox 306 1598 1868 1659">
     <span class='ocr_line' id='line_1_16' title="bbox 306 1598 1868 1659; baseline 0.004 -6"><span class='ocrx_word' id='word_1_106' title='bbox 306 1600 648 1654; x_wconf 80' lang='lat' dir='ltr'><strong><em>xdistinctas</em></strong></span> <span class='ocrx_word' id='word_1_107' title='bbox 703 1613 809 1651; x_wconf 90' lang='lat' dir='ltr'><strong><em>una</em></strong></span> <span class='ocrx_word' id='word_1_108' title='bbox 837 1614 960 1653; x_wconf 90' lang='lat' dir='ltr'><strong><em>cum</em></strong></span> <span class='ocrx_word' id='word_1_109' title='bbox 998 1598 1120 1655; x_wconf 89' lang='lat' dir='ltr'><strong><em>aliis</em></strong></span> <span class='ocrx_word' id='word_1_110' title='bbox 1161 1600 1299 1656; x_wconf 89' lang='lat' dir='ltr'><strong><em>bene</em></strong></span> <span class='ocrx_word' id='word_1_111' title='bbox 1344 1602 1529 1656; x_wconf 90' lang='lat' dir='ltr'><strong><em>multis</em></strong></span> <span class='ocrx_word' id='word_1_112' title='bbox 1558 1600 1868 1659; x_wconf 70' lang='lat' dir='ltr'><strong><em>Graecorum</em></strong></span> 
     </span>
    </p>
   </div>
   <div class='ocr_carea' id='block_1_17' title="bbox 305 1689 1868 1762">
    <p class='ocr_par' dir='ltr' id='par_1_17' title="bbox 305 1689 1868 1762">
     <span class='ocr_line' id='line_1_17' title="bbox 305 1689 1868 1762; baseline 0.005 -19"><span class='ocrx_word' id='word_1_113' title='bbox 305 1690 588 1745; x_wconf 83' lang='lat' dir='ltr'><strong><em>codicibus</em></strong></span> <span class='ocrx_word' id='word_1_114' title='bbox 626 1704 694 1744; x_wconf 79' lang='lat' dir='ltr'><strong><em>ex</em></strong></span> <span class='ocrx_word' id='word_1_115' title='bbox 742 1689 961 1746; x_wconf 86' lang='lat' dir='ltr'><strong><em>Oriente</em></strong></span> <span class='ocrx_word' id='word_1_116' title='bbox 1014 1706 1199 1746; x_wconf 89' lang='lat' dir='ltr'><strong><em>secum</em></strong></span> <span class='ocrx_word' id='word_1_117' title='bbox 1254 1693 1531 1762; x_wconf 82' lang='lat' dir='ltr'><strong><em>attulerat,</em></strong></span> <span class='ocrx_word' id='word_1_118' title='bbox 1574 1696 1631 1750; x_wconf 90' lang='lat' dir='ltr'><strong><em>in</em></strong></span> <span class='ocrx_word' id='word_1_119' title='bbox 1660 1694 1868 1751; x_wconf 83' lang='lat' dir='ltr'><strong><em>Italiam</em></strong></span> 
     </span>
    </p>
   </div>
   <div class='ocr_carea' id='block_1_18' title="bbox 305 1780 1871 1853">
    <p class='ocr_par' dir='ltr' id='par_1_18' title="bbox 305 1780 1871 1853">
     <span class='ocr_line' id='line_1_18' title="bbox 305 1780 1871 1853; baseline 0.003 -16"><span class='ocrx_word' id='word_1_120' title='bbox 305 1782 497 1847; x_wconf 75' lang='lat' dir='ltr'><strong><em>redux,</em></strong></span> <span class='ocrx_word' id='word_1_121' title='bbox 527 1780 757 1835; x_wconf 88' lang='lat' dir='ltr'><strong><em>Paulino</em></strong></span> <span class='ocrx_word' id='word_1_122' title='bbox 818 1781 1018 1852; x_wconf 85' lang='lat' dir='ltr'><strong><em>hospiti</em></strong></span> <span class='ocrx_word' id='word_1_123' title='bbox 1067 1782 1507 1853; x_wconf 87' lang='lat' dir='ltr'><strong><em>interpretandas</em></strong></span> <span class='ocrx_word' id='word_1_124' title='bbox 1560 1787 1871 1842; x_wconf 88' lang='lat' dir='ltr'><strong><em>commoda-</em></strong></span> 
     </span>
    </p>
   </div>
   <div class='ocr_carea' id='block_1_19' title="bbox 304 1871 1879 1949">
    <p class='ocr_par' dir='ltr' id='par_1_19' title="bbox 304 1871 1879 1949">
     <span class='ocr_line' id='line_1_19' title="bbox 304 1871 1879 1949; baseline 0.005 -22"><span class='ocrx_word' id='word_1_125' title='bbox 304 1880 478 1927; x_wconf 89' lang='lat' dir='ltr'><strong><em>verat.</em></strong></span> <span class='ocrx_word' id='word_1_126' title='bbox 539 1871 645 1928; x_wconf 92' lang='lat' dir='ltr'><strong><em>Sed</em></strong></span> <span class='ocrx_word' id='word_1_127' title='bbox 699 1872 962 1928; x_wconf 87' lang='lat' dir='ltr'><strong><em>Paulinus</em></strong></span> <span class='ocrx_word' id='word_1_128' title='bbox 1010 1873 1514 1945; x_wconf 83' lang='lat' dir='ltr'><strong><em>interpretationem</em></strong></span> <span class='ocrx_word' id='word_1_129' title='bbox 1571 1892 1879 1949; x_wconf 77' lang='lat' dir='ltr'><strong><em>aggressus,</em></strong></span> 
     </span>
    </p>
   </div>
   <div class='ocr_carea' id='block_1_20' title="bbox 306 1965 1881 2041">
    <p class='ocr_par' dir='ltr' id='par_1_20' title="bbox 306 1965 1881 2041">
     <span class='ocr_line' id='line_1_20' title="bbox 306 1965 1881 2041; baseline 0.005 -23"><span class='ocrx_word' id='word_1_130' title='bbox 306 1965 551 2019; x_wconf 90' lang='lat' dir='ltr'><strong><em>ultimam</em></strong></span> <span class='ocrx_word' id='word_1_131' title='bbox 575 1965 625 2019; x_wconf 90' lang='lat' dir='ltr'><strong><em>ei</em></strong></span> <span class='ocrx_word' id='word_1_132' title='bbox 650 1980 870 2020; x_wconf 86' lang='lat' dir='ltr'><strong><em>manum</em></strong></span> <span class='ocrx_word' id='word_1_133' title='bbox 896 1981 1240 2036; x_wconf 85' lang='lat' dir='ltr'><strong><em>nequaquam</em></strong></span> <span class='ocrx_word' id='word_1_134' title='bbox 1278 1969 1564 2040; x_wconf 88' lang='lat' dir='ltr'><strong><em>imposuit,</em></strong></span> <span class='ocrx_word' id='word_1_135' title='bbox 1595 1971 1741 2041; x_wconf 92' lang='lat' dir='ltr'><strong><em>quod</em></strong></span> <span class='ocrx_word' id='word_1_136' title='bbox 1763 1971 1881 2026; x_wconf 84' lang='lat' dir='ltr'><strong><em>Ru-</em></strong></span> 
     </span>
    </p>
   </div>
   <div class='ocr_carea' id='block_1_21' title="bbox 308 2056 1887 2127">
    <p class='ocr_par' dir='ltr' id='par_1_21' title="bbox 308 2056 1887 2127">
     <span class='ocr_line' id='line_1_21' title="bbox 308 2056 1887 2127; baseline 0.006 -17"><span class='ocrx_word' id='word_1_137' title='bbox 308 2056 450 2111; x_wconf 88' lang='lat' dir='ltr'><strong><em>ﬁnus</em></strong></span> <span class='ocrx_word' id='word_1_138' title='bbox 476 2071 543 2110; x_wconf 80' lang='lat' dir='ltr'><strong><em>ex</em></strong></span> <span class='ocrx_word' id='word_1_139' title='bbox 574 2058 873 2127; x_wconf 87' lang='lat' dir='ltr'><strong><em>specimine</em></strong></span> <span class='ocrx_word' id='word_1_140' title='bbox 906 2058 974 2112; x_wconf 88' lang='lat' dir='ltr'><strong><em>ad</em></strong></span> <span class='ocrx_word' id='word_1_141' title='bbox 1008 2074 1066 2113; x_wconf 93' lang='lat' dir='ltr'><strong><em>se</em></strong></span> <span class='ocrx_word' id='word_1_142' title='bbox 1115 2060 1287 2116; x_wconf 91' lang='lat' dir='ltr'><strong><em>misso</em></strong></span> <span class='ocrx_word' id='word_1_143' title='bbox 1307 2100 1322 2126; x_wconf 96' lang='lat'><strong><em>,</em></strong></span> <span class='ocrx_word' id='word_1_144' title='bbox 1349 2076 1468 2116; x_wconf 87' lang='lat' dir='ltr'><strong><em>eam</em></strong></span> <span class='ocrx_word' id='word_1_145' title='bbox 1506 2063 1691 2119; x_wconf 90' lang='lat' dir='ltr'><strong><em>minus</em></strong></span> <span class='ocrx_word' id='word_1_146' title='bbox 1718 2078 1887 2119; x_wconf 90' lang='lat' dir='ltr'><strong><em>accu-</em></strong></span> 
     </span>
    </p>
   </div>
   <div class='ocr_carea' id='block_1_22' title="bbox 304 2148 1871 2220">
    <p class='ocr_par' dir='ltr' id='par_1_22' title="bbox 304 2148 1871 2220">
     <span class='ocr_line' id='line_1_22' title="bbox 304 2148 1871 2220; baseline 0.006 -18"><span class='ocrx_word' id='word_1_147' title='bbox 304 2157 423 2205; x_wconf 86' lang='lat' dir='ltr'><strong><em>rate</em></strong></span> <span class='ocrx_word' id='word_1_148' title='bbox 444 2148 753 2204; x_wconf 85' lang='lat' dir='ltr'><strong><em>conl&#39;ectam</em></strong></span> <span class='ocrx_word' id='word_1_149' title='bbox 807 2149 1278 2220; x_wconf 81' lang='lat' dir='ltr'><strong><em>deprehendisset,</em></strong></span> <span class='ocrx_word' id='word_1_150' title='bbox 1329 2161 1580 2208; x_wconf 87' lang='lat' dir='ltr'><strong><em>sanctum</em></strong></span> <span class='ocrx_word' id='word_1_151' title='bbox 1609 2155 1787 2210; x_wconf 90' lang='lat' dir='ltr'><strong><em>virum</em></strong></span> <span class='ocrx_word' id='word_1_152' title='bbox 1810 2165 1871 2211; x_wconf 92' lang='lat' dir='ltr'><strong><em>ut</em></strong></span> 
     </span>
    </p>
   </div>
   <div class='ocr_carea' id='block_1_23' title="bbox 305 2240 1881 2315">
    <p class='ocr_par' dir='ltr' id='par_1_23' title="bbox 305 2240 1881 2315">
     <span class='ocr_line' id='line_1_23' title="bbox 305 2240 1881 2315; baseline 0.005 -19"><span class='ocrx_word' id='word_1_153' title='bbox 305 2241 485 2310; x_wconf 86' lang='lat' dir='ltr'><strong><em>majus</em></strong></span> <span class='ocrx_word' id='word_1_154' title='bbox 521 2240 763 2295; x_wconf 90' lang='lat' dir='ltr'><strong><em>studium</em></strong></span> <span class='ocrx_word' id='word_1_155' title='bbox 794 2242 849 2295; x_wconf 91' lang='lat' dir='ltr'><strong><em>in</em></strong></span> <span class='ocrx_word' id='word_1_156' title='bbox 874 2240 1078 2298; x_wconf 65' lang='lat' dir='ltr'><strong><em>Griecis</em></strong></span> <span class='ocrx_word' id='word_1_157' title='bbox 1126 2244 1322 2300; x_wconf 88' lang='lat' dir='ltr'><strong><em>litteris</em></strong></span> <span class='ocrx_word' id='word_1_158' title='bbox 1352 2254 1594 2315; x_wconf 86' lang='lat' dir='ltr'><strong><em>poneret,</em></strong></span> <span class='ocrx_word' id='word_1_159' title='bbox 1624 2248 1881 2305; x_wconf 85' lang='lat' dir='ltr'><strong><em>benevole</em></strong></span> 
     </span>
    </p>
   </div>
   <div class='ocr_carea' id='block_1_24' title="bbox 307 2332 1885 2410">
    <p class='ocr_par' dir='ltr' id='par_1_24' title="bbox 307 2332 1885 2410">
     <span class='ocr_line' id='line_1_24' title="bbox 307 2332 1885 2410; baseline 0.004 -22"><span class='ocrx_word' id='word_1_160' title='bbox 307 2334 571 2390; x_wconf 86' lang='lat' dir='ltr'><strong><em>hortatus.</em></strong></span> <span class='ocrx_word' id='word_1_161' title='bbox 590 2332 714 2388; x_wconf 71' lang='lat' dir='ltr'><strong><em>Haec</em></strong></span> <span class='ocrx_word' id='word_1_162' title='bbox 745 2337 925 2390; x_wconf 89' lang='lat' dir='ltr'><strong><em>omnia</em></strong></span> <span class='ocrx_word' id='word_1_163' title='bbox 948 2336 1106 2391; x_wconf 91' lang='lat' dir='ltr'><strong><em>nobis</em></strong></span> <span class='ocrx_word' id='word_1_164' title='bbox 1130 2337 1307 2406; x_wconf 87' lang='lat' dir='ltr'><strong><em>prodit</em></strong></span> <span class='ocrx_word' id='word_1_165' title='bbox 1324 2336 1603 2393; x_wconf 88' lang='lat' dir='ltr'><strong><em>Paulinus.</em></strong></span> <span class='ocrx_word' id='word_1_166' title='bbox 1626 2337 1854 2410; x_wconf 80' lang='lat' dir='ltr'><strong><em>Roswey</em></strong></span> <span class='ocrx_word' id='word_1_167' title='bbox 1869 2368 1885 2380; x_wconf 84' lang='lat'><strong>-</strong></span> 
     </span>
    </p>
   </div>
   <div class='ocr_carea' id='block_1_25' title="bbox 304 2421 1874 2500">
    <p class='ocr_par' dir='ltr' id='par_1_25' title="bbox 304 2421 1874 2500">
     <span class='ocr_line' id='line_1_25' title="bbox 304 2421 1874 2500; baseline 0.008 -25"><span class='ocrx_word' id='word_1_168' title='bbox 304 2421 409 2478; x_wconf 89' lang='lat' dir='ltr'><strong><em>dus</em></strong></span> <span class='ocrx_word' id='word_1_169' title='bbox 432 2431 613 2477; x_wconf 81' lang='lat' dir='ltr'><strong><em>monet</em></strong></span> <span class='ocrx_word' id='word_1_170' title='bbox 644 2424 697 2478; x_wconf 91' lang='lat' dir='ltr'><strong><em>in</em></strong></span> <span class='ocrx_word' id='word_1_171' title='bbox 729 2426 895 2492; x_wconf 89' lang='lat' dir='ltr'><strong><em>notis,</em></strong></span> <span class='ocrx_word' id='word_1_172' title='bbox 925 2425 1176 2496; x_wconf 84' lang='lat' dir='ltr'><strong><em>Ruﬁnum</em></strong></span> <span class='ocrx_word' id='word_1_173' title='bbox 1206 2428 1283 2481; x_wconf 79' lang='lat' dir='ltr'><strong><em>vel</em></strong></span> <span class='ocrx_word' id='word_1_174' title='bbox 1312 2427 1598 2483; x_wconf 85' lang='lat' dir='ltr'><strong><em>Paulinum</em></strong></span> <span class='ocrx_word' id='word_1_175' title='bbox 1623 2429 1874 2500; x_wconf 83' lang='lat' dir='ltr'><strong><em>interpre-</em></strong></span> 
     </span>
    </p>
   </div>
   <div class='ocr_carea' id='block_1_26' title="bbox 308 2514 1878 2586">
    <p class='ocr_par' dir='ltr' id='par_1_26' title="bbox 308 2514 1878 2586">
     <span class='ocr_line' id='line_1_26' title="bbox 308 2514 1878 2586; baseline 0.007 -20"><span class='ocrx_word' id='word_1_176' title='bbox 308 2514 555 2568; x_wconf 87' lang='lat' dir='ltr'><strong><em>tationem</em></strong></span> <span class='ocrx_word' id='word_1_177' title='bbox 574 2516 938 2586; x_wconf 85' lang='lat' dir='ltr'><strong><em>interpolasse,</em></strong></span> <span class='ocrx_word' id='word_1_178' title='bbox 972 2517 1050 2572; x_wconf 82' lang='lat' dir='ltr'><strong><em>uel</em></strong></span> <span class='ocrx_word' id='word_1_179' title='bbox 1092 2516 1156 2573; x_wconf 86' lang='lat' dir='ltr'><strong><em>de</em></strong></span> <span class='ocrx_word' id='word_1_180' title='bbox 1197 2535 1323 2574; x_wconf 87' lang='lat' dir='ltr'><strong><em>novo</em></strong></span> <span class='ocrx_word' id='word_1_181' title='bbox 1374 2519 1725 2577; x_wconf 86' lang='lat' dir='ltr'><strong><em>Clementinos</em></strong></span> <span class='ocrx_word' id='word_1_182' title='bbox 1756 2522 1878 2577; x_wconf 88' lang='lat' dir='ltr'><strong><em>illos</em></strong></span> 
     </span>
    </p>
   </div>
   <div class='ocr_carea' id='block_1_27' title="bbox 306 2608 1874 2670">
    <p class='ocr_par' dir='ltr' id='par_1_27' title="bbox 306 2608 1874 2670">
     <span class='ocr_line' id='line_1_27' title="bbox 306 2608 1874 2670; baseline 0.006 -9"><span class='ocrx_word' id='word_1_183' title='bbox 306 2608 539 2664; x_wconf 79' lang='lat' dir='ltr'><strong><em>uertisse.</em></strong></span> <span class='ocrx_word' id='word_1_184' title='bbox 577 2608 668 2667; x_wconf 86' lang='lat' dir='ltr'><strong><em>Vir</em></strong></span> <span class='ocrx_word' id='word_1_185' title='bbox 694 2611 889 2665; x_wconf 87' lang='lat' dir='ltr'><strong><em>doctus</em></strong></span> <span class='ocrx_word' id='word_1_186' title='bbox 922 2611 976 2664; x_wconf 91' lang='lat' dir='ltr'><strong><em>in</em></strong></span> <span class='ocrx_word' id='word_1_187' title='bbox 1007 2625 1067 2665; x_wconf 90' lang='lat' dir='ltr'><strong><em>re</em></strong></span> <span class='ocrx_word' id='word_1_188' title='bbox 1098 2611 1245 2664; x_wconf 89' lang='lat' dir='ltr'><strong><em>clara</em></strong></span> <span class='ocrx_word' id='word_1_189' title='bbox 1295 2612 1497 2668; x_wconf 87' lang='lat' dir='ltr'><strong><em>haerere</em></strong></span> <span class='ocrx_word' id='word_1_190' title='bbox 1529 2629 1638 2668; x_wconf 93' lang='lat' dir='ltr'><strong><em>non</em></strong></span> <span class='ocrx_word' id='word_1_191' title='bbox 1669 2615 1874 2670; x_wconf 90' lang='lat' dir='ltr'><strong><em>debuit.</em></strong></span> 
     </span>
    </p>
   </div>
   <div class='ocr_carea' id='block_1_28' title="bbox 306 2696 1878 2777">
    <p class='ocr_par' dir='ltr' id='par_1_28' title="bbox 306 2696 1878 2777">
     <span class='ocr_line' id='line_1_28' title="bbox 306 2696 1878 2777; baseline 0.006 -25"><span class='ocrx_word' id='word_1_192' title='bbox 306 2696 421 2753; x_wconf 79' lang='lat' dir='ltr'><strong><em>Hoc</em></strong></span> <span class='ocrx_word' id='word_1_193' title='bbox 442 2699 586 2755; x_wconf 89' lang='lat' dir='ltr'><strong><em>enim</em></strong></span> <span class='ocrx_word' id='word_1_194' title='bbox 616 2705 891 2771; x_wconf 89' lang='lat' dir='ltr'><strong><em>posterius</em></strong></span> <span class='ocrx_word' id='word_1_195' title='bbox 939 2703 1308 2759; x_wconf 91' lang='lat' dir='ltr'><strong><em>certissimum</em></strong></span> <span class='ocrx_word' id='word_1_196' title='bbox 1363 2711 1467 2760; x_wconf 91' lang='lat' dir='ltr'><strong><em>est.</em></strong></span> <span class='ocrx_word' id='word_1_197' title='bbox 1522 2703 1707 2777; x_wconf 87' lang='lat' dir='ltr'><strong><em>Neque</em></strong></span> <span class='ocrx_word' id='word_1_198' title='bbox 1728 2706 1878 2762; x_wconf 82' lang='lat' dir='ltr'><strong><em>Ruﬁ-</em></strong></span> 
     </span>
    </p>
   </div>
   <div class='ocr_carea' id='block_1_29' title="bbox 307 2794 1879 2870">
    <p class='ocr_par' dir='ltr' id='par_1_29' title="bbox 307 2794 1879 2870">
     <span class='ocr_line' id='line_1_29' title="bbox 307 2794 1879 2870; baseline 0.005 -23"><span class='ocrx_word' id='word_1_199' title='bbox 307 2808 412 2848; x_wconf 90' lang='lat' dir='ltr'><strong><em>nus</em></strong></span> <span class='ocrx_word' id='word_1_200' title='bbox 436 2794 666 2848; x_wconf 89' lang='lat' dir='ltr'><strong><em>alienam</em></strong></span> <span class='ocrx_word' id='word_1_201' title='bbox 695 2794 1224 2865; x_wconf 88' lang='lat' dir='ltr'><strong><em>interpretationem,</em></strong></span> <span class='ocrx_word' id='word_1_202' title='bbox 1258 2802 1312 2850; x_wconf 88' lang='lat' dir='ltr'><strong><em>et</em></strong></span> <span class='ocrx_word' id='word_1_203' title='bbox 1342 2797 1409 2851; x_wconf 91' lang='lat' dir='ltr'><strong><em>ab</em></strong></span> <span class='ocrx_word' id='word_1_204' title='bbox 1456 2814 1513 2853; x_wconf 92' lang='lat' dir='ltr'><strong><em>se</em></strong></span> <span class='ocrx_word' id='word_1_205' title='bbox 1537 2814 1646 2854; x_wconf 92' lang='lat' dir='ltr'><strong><em>non</em></strong></span> <span class='ocrx_word' id='word_1_206' title='bbox 1679 2801 1879 2870; x_wconf 87' lang='lat' dir='ltr'><strong><em>proba-</em></strong></span> 
     </span>
    </p>
   </div>
   <div class='ocr_carea' id='block_1_30' title="bbox 305 2884 1875 2960">
    <p class='ocr_par' dir='ltr' id='par_1_30' title="bbox 305 2884 1875 2960">
     <span class='ocr_line' id='line_1_30' title="bbox 305 2884 1875 2960; baseline 0.008 -24"><span class='ocrx_word' id='word_1_207' title='bbox 305 2890 440 2948; x_wconf 89' lang='lat' dir='ltr'><strong><em>tam,</em></strong></span> <span class='ocrx_word' id='word_1_208' title='bbox 472 2884 577 2939; x_wconf 90' lang='lat' dir='ltr'><strong><em>sibi</em></strong></span> <span class='ocrx_word' id='word_1_209' title='bbox 604 2893 942 2955; x_wconf 87' lang='lat' dir='ltr'><strong><em>usurpasset.</em></strong></span> <span class='ocrx_word' id='word_1_210' title='bbox 976 2884 1127 2940; x_wconf 88' lang='lat' dir='ltr'><strong><em>Hanc</em></strong></span> <span class='ocrx_word' id='word_1_211' title='bbox 1162 2885 1448 2960; x_wconf 79' lang='lat' dir='ltr'><strong><em>Rosweydi</em></strong></span> <span class='ocrx_word' id='word_1_212' title='bbox 1483 2890 1875 2948; x_wconf 87' lang='lat' dir='ltr'><strong><em>dubitationem</em></strong></span> 
     </span>
    </p>
   </div>
   <div class='ocr_carea' id='block_1_31' title="bbox 307 2976 1876 3055">
    <p class='ocr_par' dir='ltr' id='par_1_31' title="bbox 307 2976 1876 3055">
     <span class='ocr_line' id='line_1_31' title="bbox 307 2976 1876 3055; baseline 0.005 -24"><span class='ocrx_word' id='word_1_213' title='bbox 307 2976 440 3031; x_wconf 87' lang='lat' dir='ltr'><strong><em>illud</em></strong></span> <span class='ocrx_word' id='word_1_214' title='bbox 471 2977 604 3032; x_wconf 86' lang='lat' dir='ltr'><strong><em>satis</em></strong></span> <span class='ocrx_word' id='word_1_215' title='bbox 633 2980 910 3043; x_wconf 81' lang='lat' dir='ltr'><strong><em>convellit,</em></strong></span> <span class='ocrx_word' id='word_1_216' title='bbox 952 2979 1098 3049; x_wconf 92' lang='lat' dir='ltr'><strong><em>quod</em></strong></span> <span class='ocrx_word' id='word_1_217' title='bbox 1136 2977 1421 3045; x_wconf 87' lang='lat' dir='ltr'><strong><em>Paulinus,</em></strong></span> <span class='ocrx_word' id='word_1_218' title='bbox 1456 2982 1635 3053; x_wconf 92' lang='lat' dir='ltr'><strong><em>aliqua</em></strong></span> <span class='ocrx_word' id='word_1_219' title='bbox 1662 2988 1715 3037; x_wconf 88' lang='lat' dir='ltr'><strong><em>in</em></strong></span> <span class='ocrx_word' id='word_1_220' title='bbox 1760 2986 1876 3055; x_wconf 86' lang='lat' dir='ltr'><strong><em>qui-</em></strong></span> 
     </span>
    </p>
   </div>
   <div class='ocr_carea' id='block_1_32' title="bbox 306 3065 1878 3143">
    <p class='ocr_par' dir='ltr' id='par_1_32' title="bbox 306 3065 1878 3143">
     <span class='ocr_line' id='line_1_32' title="bbox 306 3065 1878 3143; baseline 0.005 -24"><span class='ocrx_word' id='word_1_221' title='bbox 306 3065 403 3120; x_wconf 85' lang='lat' dir='ltr'><strong><em>bus</em></strong></span> <span class='ocrx_word' id='word_1_222' title='bbox 435 3066 723 3137; x_wconf 84' lang='lat' dir='ltr'><strong><em>intelligere</em></strong></span> <span class='ocrx_word' id='word_1_223' title='bbox 781 3067 935 3122; x_wconf 86' lang='lat' dir='ltr'><strong><em>verba</em></strong></span> <span class='ocrx_word' id='word_1_224' title='bbox 992 3086 1095 3122; x_wconf 90' lang='lat' dir='ltr'><strong><em>non</em></strong></span> <span class='ocrx_word' id='word_1_225' title='bbox 1138 3071 1328 3138; x_wconf 89' lang='lat' dir='ltr'><strong><em>potuit,</em></strong></span> <span class='ocrx_word' id='word_1_226' title='bbox 1375 3088 1531 3126; x_wconf 85' lang='lat' dir='ltr'><strong><em>sensu</em></strong></span> <span class='ocrx_word' id='word_1_227' title='bbox 1580 3074 1753 3141; x_wconf 87' lang='lat' dir='ltr'><strong><em>potius</em></strong></span> <span class='ocrx_word' id='word_1_228' title='bbox 1783 3089 1878 3143; x_wconf 76' lang='lat' dir='ltr'><strong><em>ap-</em></strong></span> 
     </span>
    </p>
   </div>
   <div class='ocr_carea' id='block_1_33' title="bbox 306 3158 1940 3249">
    <p class='ocr_par' dir='ltr' id='par_1_33' title="bbox 306 3158 1940 3249">
     <span class='ocr_line' id='line_1_33' title="bbox 306 3158 1940 3249; baseline 0.005 -38"><span class='ocrx_word' id='word_1_229' title='bbox 306 3158 555 3229; x_wconf 82' lang='lat' dir='ltr'><strong><em>pre/tenso</em></strong></span> <span class='ocrx_word' id='word_1_230' title='bbox 585 3175 644 3215; x_wconf 91' lang='lat' dir='ltr'><strong><em>se</em></strong></span> <span class='ocrx_word' id='word_1_231' title='bbox 699 3160 932 3215; x_wconf 84' lang='lat' dir='ltr'><strong><em>vertisse</em></strong></span> <span class='ocrx_word' id='word_1_232' title='bbox 986 3160 1151 3215; x_wconf 89' lang='lat' dir='ltr'><strong><em>dicat.</em></strong></span> <span class='ocrx_word' id='word_1_233' title='bbox 1188 3162 1418 3217; x_wconf 83' lang='lat' dir='ltr'><strong><em>Ruﬁnus</em></strong></span> <span class='ocrx_word' id='word_1_234' title='bbox 1464 3178 1619 3229; x_wconf 86' lang='lat' dir='ltr'><strong><em>vero,</em></strong></span> <span class='ocrx_word' id='word_1_235' title='bbox 1653 3181 1757 3219; x_wconf 89' lang='lat' dir='ltr'><strong><em>non</em></strong></span> <span class='ocrx_word' id='word_1_236' title='bbox 1786 3182 1874 3219; x_wconf 87' lang='lat' dir='ltr'><strong><em>so-</em></strong></span> <span class='ocrx_word' id='word_1_237' title='bbox 1900 3193 1940 3249; x_wconf 68' lang='grc' dir='ltr'><strong>ρ</strong></span> 
     </span>
    </p>
   </div>
   <div class='ocr_carea' id='block_1_34' title="bbox 308 3249 1872 3325">
    <p class='ocr_par' dir='ltr' id='par_1_34' title="bbox 308 3249 1872 3325">
     <span class='ocr_line' id='line_1_34' title="bbox 308 3249 1872 3325; baseline 0.004 -21"><span class='ocrx_word' id='word_1_238' title='bbox 308 3249 415 3304; x_wconf 84' lang='lat' dir='ltr'><strong><em>lum</em></strong></span> <span class='ocrx_word' id='word_1_239' title='bbox 440 3269 473 3306; x_wconf 88' lang='lat' dir='ltr'><strong><em>a</em></strong></span> <span class='ocrx_word' id='word_1_240' title='bbox 500 3253 791 3315; x_wconf 87' lang='lat' dir='ltr'><strong><em>sententiis,</em></strong></span> <span class='ocrx_word' id='word_1_241' title='bbox 844 3251 934 3305; x_wconf 89' lang='lat' dir='ltr'><strong><em>sed</em></strong></span> <span class='ocrx_word' id='word_1_242' title='bbox 973 3268 1065 3306; x_wconf 89' lang='lat' dir='ltr'><strong><em>nec</em></strong></span> <span class='ocrx_word' id='word_1_243' title='bbox 1092 3269 1124 3306; x_wconf 90' lang='lat' dir='ltr'><strong><em>a</em></strong></span> <span class='ocrx_word' id='word_1_244' title='bbox 1152 3254 1475 3309; x_wconf 86' lang='lat' dir='ltr'><strong><em>sermonibus</em></strong></span> <span class='ocrx_word' id='word_1_245' title='bbox 1503 3255 1710 3325; x_wconf 88' lang='lat' dir='ltr'><strong><em>quidem</em></strong></span> <span class='ocrx_word' id='word_1_246' title='bbox 1742 3258 1872 3311; x_wconf 85' lang='lat' dir='ltr'><strong><em>satis</em></strong></span> 
     </span>
    </p>
   </div>
   <div class='ocr_carea' id='block_1_35' title="bbox 305 3342 1869 3419">
    <p class='ocr_par' dir='ltr' id='par_1_35' title="bbox 305 3342 1869 3419">
     <span class='ocr_line' id='line_1_35' title="bbox 305 3342 1869 3419; baseline 0.003 -21"><span class='ocrx_word' id='word_1_247' title='bbox 305 3345 803 3414; x_wconf 82' lang='lat' dir='ltr'><strong><em>clocutionibusque,</em></strong></span> <span class='ocrx_word' id='word_1_248' title='bbox 831 3360 889 3399; x_wconf 90' lang='lat' dir='ltr'><strong><em>se</em></strong></span> <span class='ocrx_word' id='word_1_249' title='bbox 912 3343 1237 3400; x_wconf 88' lang='lat' dir='ltr'><strong><em>discessisse</em></strong></span> <span class='ocrx_word' id='word_1_250' title='bbox 1261 3347 1547 3415; x_wconf 87' lang='lat' dir='ltr'><strong><em>proﬁtetur</em></strong></span> <span class='ocrx_word' id='word_1_251' title='bbox 1572 3368 1585 3403; x_wconf 88' lang='lat'><strong>:</strong></span> <span class='ocrx_word' id='word_1_252' title='bbox 1617 3366 1735 3419; x_wconf 68' lang='lat' dir='ltr'><strong><em>quis</em></strong></span> <span class='ocrx_word' id='word_1_253' title='bbox 1765 3342 1869 3413; x_wconf 81' lang='lat' dir='ltr'><strong><em>res,</em></strong></span> 
     </span>
    </p>
   </div>
   <div class='ocr_carea' id='block_1_36' title="bbox 307 3436 1876 3511">
    <p class='ocr_par' dir='ltr' id='par_1_36' title="bbox 307 3436 1876 3511">
     <span class='ocr_line' id='line_1_36' title="bbox 307 3436 1876 3511; baseline 0.003 -20"><span class='ocrx_word' id='word_1_254' title='bbox 307 3436 504 3509; x_wconf 84' lang='lat' dir='ltr'><strong><em>inquit,</em></strong></span> <span class='ocrx_word' id='word_1_255' title='bbox 535 3438 769 3508; x_wconf 82' lang='lat' dir='ltr'><strong><em>quamvis</em></strong></span> <span class='ocrx_word' id='word_1_256' title='bbox 801 3438 975 3490; x_wconf 91' lang='lat' dir='ltr'><strong><em>minus</em></strong></span> <span class='ocrx_word' id='word_1_257' title='bbox 1008 3447 1254 3490; x_wconf 85' lang='lat' dir='ltr'><strong><em>ornatum</em></strong></span> <span class='ocrx_word' id='word_1_258' title='bbox 1280 3479 1296 3501; x_wconf 94' lang='lat'><strong><em>,</em></strong></span> <span class='ocrx_word' id='word_1_259' title='bbox 1328 3440 1493 3509; x_wconf 88' lang='lat' dir='ltr'><strong><em>magis</em></strong></span> <span class='ocrx_word' id='word_1_260' title='bbox 1521 3450 1692 3495; x_wconf 85' lang='lat' dir='ltr'><strong><em>tamen</em></strong></span> <span class='ocrx_word' id='word_1_261' title='bbox 1723 3440 1876 3511; x_wconf 82' lang='lat' dir='ltr'><strong><em>ﬁdele</em></strong></span> 
     </span>
    </p>
   </div>
   <div class='ocr_carea' id='block_1_37' title="bbox 306 3529 1147 3600">
    <p class='ocr_par' dir='ltr' id='par_1_37' title="bbox 306 3529 1147 3600">
     <span class='ocr_line' id='line_1_37' title="bbox 306 3529 1147 3600; baseline 0.001 -17"><span class='ocrx_word' id='word_1_262' title='bbox 306 3531 633 3584; x_wconf 83' lang='lat' dir='ltr'><strong><em>narrationis</em></strong></span> <span class='ocrx_word' id='word_1_263' title='bbox 664 3529 835 3584; x_wconf 87' lang='lat' dir='ltr'><strong><em>reddit</em></strong></span> <span class='ocrx_word' id='word_1_264' title='bbox 864 3530 1147 3600; x_wconf 86' lang='lat' dir='ltr'><strong><em>eloquium.</em></strong></span> 
     </span>
    </p>
   </div>
   <div class='ocr_carea' id='block_1_38' title="bbox 374 3618 1873 3678">
    <p class='ocr_par' dir='ltr' id='par_1_38' title="bbox 374 3618 1873 3678">
     <span class='ocr_line' id='line_1_38' title="bbox 374 3618 1873 3678; baseline 0.003 -5"><span class='ocrx_word' id='word_1_265' title='bbox 374 3619 690 3675; x_wconf 83' lang='lat' dir='ltr'><strong><em>V.Ruﬁnus</em></strong></span> <span class='ocrx_word' id='word_1_266' title='bbox 740 3621 887 3675; x_wconf 91' lang='lat' dir='ltr'><strong><em>hunc</em></strong></span> <span class='ocrx_word' id='word_1_267' title='bbox 933 3636 1045 3677; x_wconf 72' lang='lat' dir='ltr'><strong><em>sua:</em></strong></span> <span class='ocrx_word' id='word_1_268' title='bbox 1098 3618 1449 3676; x_wconf 75' lang='lat' dir='ltr'><strong><em>Clementinte</em></strong></span> <span class='ocrx_word' id='word_1_269' title='bbox 1494 3620 1873 3678; x_wconf 86' lang='lat' dir='ltr'><strong><em>translationis</em></strong></span> 
     </span>
    </p>
   </div>
   <div class='ocr_carea' id='block_1_39' title="bbox 303 3711 1872 3784">
    <p class='ocr_par' dir='ltr' id='par_1_39' title="bbox 303 3711 1872 3784">
     <span class='ocr_line' id='line_1_39' title="bbox 303 3711 1872 3784; baseline 0.001 -16"><span class='ocrx_word' id='word_1_270' title='bbox 303 3715 545 3771; x_wconf 80' lang='lat' dir='ltr'><strong><em>laborem</em></strong></span> <span class='ocrx_word' id='word_1_271' title='bbox 598 3722 936 3782; x_wconf 88' lang='lat' dir='ltr'><strong><em>susceperat,</em></strong></span> <span class='ocrx_word' id='word_1_272' title='bbox 986 3724 1211 3784; x_wconf 80' lang='lat' dir='ltr'><strong><em>rogatus</em></strong></span> <span class='ocrx_word' id='word_1_273' title='bbox 1258 3711 1387 3767; x_wconf 91' lang='lat' dir='ltr'><strong><em>olim</em></strong></span> <span class='ocrx_word' id='word_1_274' title='bbox 1432 3727 1462 3766; x_wconf 90' lang='lat' dir='ltr'><strong><em>a</em></strong></span> <span class='ocrx_word' id='word_1_275' title='bbox 1494 3721 1681 3768; x_wconf 87' lang='lat' dir='ltr'><strong><em>sancta</em></strong></span> <span class='ocrx_word' id='word_1_276' title='bbox 1705 3713 1872 3769; x_wconf 88' lang='lat' dir='ltr'><strong><em>Silvia</em></strong></span> 
     </span>
    </p>
   </div>
   <div class='ocr_carea' id='block_1_40' title="bbox 302 3800 1873 3873">
    <p class='ocr_par' dir='ltr' id='par_1_40' title="bbox 302 3800 1873 3873">
     <span class='ocr_line' id='line_1_40' title="bbox 302 3800 1873 3873; baseline 0 -14"><span class='ocrx_word' id='word_1_277' title='bbox 302 3804 532 3872; x_wconf 69' lang='lat' dir='ltr'><strong><em>virgine,</em></strong></span> <span class='ocrx_word' id='word_1_278' title='bbox 561 3818 722 3873; x_wconf 90' lang='lat' dir='ltr'><strong><em>quam</em></strong></span> <span class='ocrx_word' id='word_1_279' title='bbox 747 3800 1009 3859; x_wconf 87' lang='lat' dir='ltr'><strong><em>Paulinus</em></strong></span> <span class='ocrx_word' id='word_1_280' title='bbox 1064 3803 1250 3858; x_wconf 88' lang='lat' dir='ltr'><strong><em>laudat</em></strong></span> <span class='ocrx_word' id='word_1_281' title='bbox 1300 3804 1549 3859; x_wconf 86' lang='lat' dir='ltr'><strong><em>scribens</em></strong></span> <span class='ocrx_word' id='word_1_282' title='bbox 1604 3805 1671 3859; x_wconf 88' lang='lat' dir='ltr'><strong><em>ad</em></strong></span> <span class='ocrx_word' id='word_1_283' title='bbox 1708 3803 1873 3860; x_wconf 86' lang='lat' dir='ltr'><strong><em>Seve-</em></strong></span> 
     </span>
    </p>
   </div>
   <div class='ocr_carea' id='block_1_41' title="bbox 302 3894 1873 3966">
    <p class='ocr_par' dir='ltr' id='par_1_41' title="bbox 302 3894 1873 3966">
     <span class='ocr_line' id='line_1_41' title="bbox 302 3894 1873 3966; baseline 0.001 -17"><span class='ocrx_word' id='word_1_284' title='bbox 302 3911 424 3949; x_wconf 86' lang='lat' dir='ltr'><strong><em>rum</em></strong></span> <span class='ocrx_word' id='word_1_285' title='bbox 458 3894 593 3966; x_wconf 71' lang='grc'><strong><em>(46),</em></strong></span> <span class='ocrx_word' id='word_1_286' title='bbox 622 3910 739 3949; x_wconf 87' lang='lat' dir='ltr'><strong><em>eam</em></strong></span> <span class='ocrx_word' id='word_1_287' title='bbox 764 3901 1016 3959; x_wconf 87' lang='lat' dir='ltr'><strong><em>testatus,</em></strong></span> <span class='ocrx_word' id='word_1_288' title='bbox 1067 3894 1352 3948; x_wconf 88' lang='lat' dir='ltr'><strong><em>multorum</em></strong></span> <span class='ocrx_word' id='word_1_289' title='bbox 1394 3911 1457 3948; x_wconf 83' lang='lat' dir='ltr'><strong><em>ea:</em></strong></span> <span class='ocrx_word' id='word_1_290' title='bbox 1491 3894 1701 3950; x_wconf 88' lang='lat' dir='ltr'><strong><em>Oriente</em></strong></span> <span class='ocrx_word' id='word_1_291' title='bbox 1729 3914 1873 3950; x_wconf 86' lang='lat' dir='ltr'><strong><em>mar-</em></strong></span> 
     </span>
    </p>
   </div>
   <div class='ocr_carea' id='block_1_42' title="bbox 305 3985 1869 4057">
    <p class='ocr_par' dir='ltr' id='par_1_42' title="bbox 305 3985 1869 4057">
     <span class='ocr_line' id='line_1_42' title="bbox 305 3985 1869 4057; baseline 0.002 -18"><span class='ocrx_word' id='word_1_292' title='bbox 305 3995 478 4057; x_wconf 80' lang='lat' dir='ltr'><strong><em>tyrum</em></strong></span> <span class='ocrx_word' id='word_1_293' title='bbox 505 3986 763 4056; x_wconf 88' lang='lat' dir='ltr'><strong><em>reliquias</em></strong></span> <span class='ocrx_word' id='word_1_294' title='bbox 793 3987 846 4040; x_wconf 90' lang='lat' dir='ltr'><strong><em>in</em></strong></span> <span class='ocrx_word' id='word_1_295' title='bbox 878 3985 1084 4040; x_wconf 87' lang='lat' dir='ltr'><strong><em>Italiam</em></strong></span> <span class='ocrx_word' id='word_1_296' title='bbox 1108 3987 1450 4042; x_wconf 78' lang='lat' dir='ltr'><strong><em>convexisse.</em></strong></span> <span class='ocrx_word' id='word_1_297' title='bbox 1486 3987 1560 4042; x_wconf 89' lang='lat' dir='ltr'><strong><em>De</em></strong></span> <span class='ocrx_word' id='word_1_298' title='bbox 1590 3988 1681 4042; x_wconf 89' lang='lat' dir='ltr'><strong><em>illa</em></strong></span> <span class='ocrx_word' id='word_1_299' title='bbox 1714 3987 1869 4042; x_wconf 80' lang='lat' dir='ltr'><strong><em>Ruﬁ-</em></strong></span> 
     </span>
    </p>
   </div>
   <div class='ocr_carea' id='block_1_43' title="bbox 303 4077 1869 4149">
    <p class='ocr_par' dir='ltr' id='par_1_43' title="bbox 303 4077 1869 4149">
     <span class='ocr_line' id='line_1_43' title="bbox 303 4077 1869 4149; baseline 0 -15"><span class='ocrx_word' id='word_1_300' title='bbox 303 4094 409 4134; x_wconf 87' lang='lat' dir='ltr'><strong><em>nus</em></strong></span> <span class='ocrx_word' id='word_1_301' title='bbox 441 4078 495 4132; x_wconf 93' lang='lat' dir='ltr'><strong><em>in</em></strong></span> <span class='ocrx_word' id='word_1_302' title='bbox 528 4079 753 4149; x_wconf 88' lang='lat' dir='ltr'><strong><em>prologo</em></strong></span> <span class='ocrx_word' id='word_1_303' title='bbox 805 4080 986 4148; x_wconf 89' lang='lat' dir='ltr'><strong><em>operis</em></strong></span> <span class='ocrx_word' id='word_1_304' title='bbox 1034 4077 1359 4133; x_wconf 87' lang='lat' dir='ltr'><strong><em>Clementini</em></strong></span> <span class='ocrx_word' id='word_1_305' title='bbox 1412 4079 1479 4133; x_wconf 88' lang='lat' dir='ltr'><strong><em>ad</em></strong></span> <span class='ocrx_word' id='word_1_306' title='bbox 1509 4078 1869 4135; x_wconf 87' lang='lat' dir='ltr'><strong><em>Gaudentium</em></strong></span> 
     </span>
    </p>
   </div>
   <div class='ocr_carea' id='block_1_44' title="bbox 301 4167 1869 4243">
    <p class='ocr_par' dir='ltr' id='par_1_44' title="bbox 301 4167 1869 4243">
     <span class='ocr_line' id='line_1_44' title="bbox 301 4167 1869 4243; baseline 0.002 -19"><span class='ocrx_word' id='word_1_307' title='bbox 301 4169 618 4224; x_wconf 71' lang='lat' dir='ltr'><strong><em>Brixianum</em></strong></span> <span class='ocrx_word' id='word_1_308' title='bbox 664 4171 1025 4240; x_wconf 87' lang='lat' dir='ltr'><strong><em>episcopum:</em></strong></span> <span class='ocrx_word' id='word_1_309' title='bbox 1080 4167 1216 4235; x_wconf 85' lang='lat' dir='ltr'><strong><em>Nos,</em></strong></span> <span class='ocrx_word' id='word_1_310' title='bbox 1276 4171 1475 4241; x_wconf 88' lang='lat' dir='ltr'><strong><em>inquit,</em></strong></span> <span class='ocrx_word' id='word_1_311' title='bbox 1523 4190 1652 4243; x_wconf 90' lang='lat' dir='ltr'><strong><em>quos</em></strong></span> <span class='ocrx_word' id='word_1_312' title='bbox 1706 4182 1757 4228; x_wconf 86' lang='lat' dir='ltr'><strong><em>et</em></strong></span> <span class='ocrx_word' id='word_1_313' title='bbox 1789 4174 1869 4227; x_wconf 82' lang='lat' dir='ltr'><strong><em>in-</em></strong></span> 
     </span>
    </p>
   </div>
   <div class='ocr_carea' id='block_1_45' title="bbox 301 4265 1870 4335">
    <p class='ocr_par' dir='ltr' id='par_1_45' title="bbox 301 4265 1870 4335">
     <span class='ocr_line' id='line_1_45' title="bbox 301 4265 1870 4335; baseline -0.001 -16"><span class='ocrx_word' id='word_1_314' title='bbox 301 4267 435 4335; x_wconf 86' lang='lat' dir='ltr'><strong><em>genii</em></strong></span> <span class='ocrx_word' id='word_1_315' title='bbox 466 4265 695 4317; x_wconf 84' lang='lat' dir='ltr'><strong><em>tenuitas</em></strong></span> <span class='ocrx_word' id='word_1_316' title='bbox 720 4266 890 4317; x_wconf 87' lang='lat' dir='ltr'><strong><em>minus</em></strong></span> <span class='ocrx_word' id='word_1_317' title='bbox 912 4273 1198 4333; x_wconf 90' lang='lat' dir='ltr'><strong><em>promptos,</em></strong></span> <span class='ocrx_word' id='word_1_318' title='bbox 1228 4273 1278 4315; x_wconf 90' lang='lat' dir='ltr'><strong><em>et</em></strong></span> <span class='ocrx_word' id='word_1_319' title='bbox 1305 4274 1511 4318; x_wconf 86' lang='lat' dir='ltr'><strong><em>senecta</em></strong></span> <span class='ocrx_word' id='word_1_320' title='bbox 1541 4265 1659 4334; x_wconf 84' lang='lat' dir='ltr'><strong><em>jam</em></strong></span> <span class='ocrx_word' id='word_1_321' title='bbox 1690 4265 1870 4320; x_wconf 88' lang='lat' dir='ltr'><strong><em>tardos</em></strong></span> 
     </span>
    </p>
   </div>
   <div class='ocr_carea' id='block_1_46' title="bbox 302 4354 1871 4425">
    <p class='ocr_par' dir='ltr' id='par_1_46' title="bbox 302 4354 1871 4425">
     <span class='ocr_line' id='line_1_46' title="bbox 302 4354 1871 4425; baseline 0.001 -17"><span class='ocrx_word' id='word_1_322' title='bbox 302 4355 471 4408; x_wconf 84' lang='lat' dir='ltr'><strong><em>reddit</em></strong></span> <span class='ocrx_word' id='word_1_323' title='bbox 496 4372 558 4408; x_wconf 88' lang='lat' dir='ltr'><strong><em>ac</em></strong></span> <span class='ocrx_word' id='word_1_324' title='bbox 580 4372 779 4425; x_wconf 86' lang='lat' dir='ltr'><strong><em>segnes,</em></strong></span> <span class='ocrx_word' id='word_1_325' title='bbox 800 4371 925 4423; x_wconf 87' lang='lat' dir='ltr'><strong><em>opus</em></strong></span> <span class='ocrx_word' id='word_1_326' title='bbox 948 4354 1084 4425; x_wconf 90' lang='lat' dir='ltr'><strong><em>quod</em></strong></span> <span class='ocrx_word' id='word_1_327' title='bbox 1115 4354 1238 4408; x_wconf 87' lang='lat' dir='ltr'><strong><em>olim</em></strong></span> <span class='ocrx_word' id='word_1_328' title='bbox 1271 4355 1573 4411; x_wconf 71' lang='lat' dir='ltr'><strong><em>veneranda:</em></strong></span> <span class='ocrx_word' id='word_1_329' title='bbox 1608 4358 1871 4410; x_wconf 68' lang='lat' dir='ltr'><strong><em>memoriae</em></strong></span> 
     </span>
    </p>
   </div>
   <div class='ocr_carea' id='block_1_47' title="bbox 304 4443 1870 4515">
    <p class='ocr_par' dir='ltr' id='par_1_47' title="bbox 304 4443 1870 4515">
     <span class='ocr_line' id='line_1_47' title="bbox 304 4443 1870 4515; baseline -0.003 -15"><span class='ocrx_word' id='word_1_330' title='bbox 304 4445 469 4500; x_wconf 79' lang='lat' dir='ltr'><strong><em>Silvia</em></strong></span> <span class='ocrx_word' id='word_1_331' title='bbox 492 4445 816 4515; x_wconf 75' lang='lat' dir='ltr'><strong><em>injunxerat,</em></strong></span> <span class='ocrx_word' id='word_1_332' title='bbox 871 4453 929 4496; x_wconf 86' lang='lat' dir='ltr'><strong><em>ut</em></strong></span> <span class='ocrx_word' id='word_1_333' title='bbox 965 4444 1279 4497; x_wconf 87' lang='lat' dir='ltr'><strong><em>Clementem</em></strong></span> <span class='ocrx_word' id='word_1_334' title='bbox 1312 4452 1506 4497; x_wconf 76' lang='lat' dir='ltr'><strong><em>nostra:</em></strong></span> <span class='ocrx_word' id='word_1_335' title='bbox 1538 4443 1729 4514; x_wconf 74' lang='lat' dir='ltr'><strong><em>lingua:</em></strong></span> <span class='ocrx_word' id='word_1_336' title='bbox 1752 4445 1870 4498; x_wconf 88' lang='lat' dir='ltr'><strong><em>red-</em></strong></span> 
     </span>
    </p>
   </div>
   <div class='ocr_carea' id='block_1_48' title="bbox 301 4532 1866 4605">
    <p class='ocr_par' dir='ltr' id='par_1_48' title="bbox 301 4532 1866 4605">
     <span class='ocr_line' id='line_1_48' title="bbox 301 4532 1866 4605; baseline 0.001 -18"><span class='ocrx_word' id='word_1_337' title='bbox 301 4534 562 4600; x_wconf 89' lang='lat' dir='ltr'><strong><em>deremus,</em></strong></span> <span class='ocrx_word' id='word_1_338' title='bbox 588 4546 638 4590; x_wconf 86' lang='lat' dir='ltr'><strong><em>et</em></strong></span> <span class='ocrx_word' id='word_1_339' title='bbox 674 4545 729 4589; x_wconf 85' lang='lat' dir='ltr'><strong><em>tu</em></strong></span> <span class='ocrx_word' id='word_1_340' title='bbox 788 4533 1027 4602; x_wconf 84' lang='lat' dir='ltr'><strong><em>deinceps</em></strong></span> <span class='ocrx_word' id='word_1_341' title='bbox 1055 4533 1174 4602; x_wconf 89' lang='lat' dir='ltr'><strong><em>jure</em></strong></span> <span class='ocrx_word' id='word_1_342' title='bbox 1215 4532 1550 4588; x_wconf 74' lang='lat' dir='ltr'><strong><em>hcereditario</em></strong></span> <span class='ocrx_word' id='word_1_343' title='bbox 1596 4536 1866 4605; x_wconf 87' lang='lat' dir='ltr'><strong><em>poscebas,</em></strong></span> 
     </span>
    </p>
   </div>
   <div class='ocr_carea' id='block_1_49' title="bbox 304 4624 1868 4695">
    <p class='ocr_par' dir='ltr' id='par_1_49' title="bbox 304 4624 1868 4695">
     <span class='ocr_line' id='line_1_49' title="bbox 304 4624 1868 4695; baseline 0.001 -16"><span class='ocrx_word' id='word_1_344' title='bbox 304 4626 424 4679; x_wconf 90' lang='lat' dir='ltr'><strong><em>licet</em></strong></span> <span class='ocrx_word' id='word_1_345' title='bbox 478 4626 673 4680; x_wconf 88' lang='lat' dir='ltr'><strong><em>multas</em></strong></span> <span class='ocrx_word' id='word_1_346' title='bbox 702 4638 818 4695; x_wconf 90' lang='lat' dir='ltr'><strong><em>post</em></strong></span> <span class='ocrx_word' id='word_1_347' title='bbox 849 4642 1047 4688; x_wconf 88' lang='lat' dir='ltr'><strong><em>moras,</em></strong></span> <span class='ocrx_word' id='word_1_348' title='bbox 1098 4632 1273 4677; x_wconf 85' lang='lat' dir='ltr'><strong><em>tamen</em></strong></span> <span class='ocrx_word' id='word_1_349' title='bbox 1323 4624 1607 4694; x_wconf 87' lang='lat' dir='ltr'><strong><em>aliquando</em></strong></span> <span class='ocrx_word' id='word_1_350' title='bbox 1634 4628 1868 4681; x_wconf 77' lang='lat' dir='ltr'><strong><em>restitui-</em></strong></span> 
     </span>
    </p>
   </div>
   <div class='ocr_carea' id='block_1_50' title="bbox 301 4716 1867 4785">
    <p class='ocr_par' dir='ltr' id='par_1_50' title="bbox 301 4716 1867 4785">
     <span class='ocr_line' id='line_1_50' title="bbox 301 4716 1867 4785; baseline 0.002 -15"><span class='ocrx_word' id='word_1_351' title='bbox 301 4733 439 4770; x_wconf 89' lang='lat' dir='ltr'><strong><em>mus.</em></strong></span> <span class='ocrx_word' id='word_1_352' title='bbox 473 4716 721 4771; x_wconf 75' lang='lat' dir='ltr'><strong><em>Prwdam</em></strong></span> <span class='ocrx_word' id='word_1_353' title='bbox 772 4734 875 4771; x_wconf 89' lang='lat' dir='ltr'><strong><em>non</em></strong></span> <span class='ocrx_word' id='word_1_354' title='bbox 929 4733 1166 4785; x_wconf 81' lang='lat' dir='ltr'><strong><em>parvam,</em></strong></span> <span class='ocrx_word' id='word_1_355' title='bbox 1217 4717 1520 4772; x_wconf 66' lang='lat' dir='ltr'><strong><em>Gra’corum</em></strong></span> <span class='ocrx_word' id='word_1_356' title='bbox 1548 4716 1867 4773; x_wconf 85' lang='lat' dir='ltr'><strong><em>bibliothecis</em></strong></span> 
     </span>
    </p>
   </div>
   <div class='ocr_carea' id='block_1_51' title="bbox 299 4806 1870 4876">
    <p class='ocr_par' dir='ltr' id='par_1_51' title="bbox 299 4806 1870 4876">
     <span class='ocr_line' id='line_1_51' title="bbox 299 4806 1870 4876; baseline 0 -16"><span class='ocrx_word' id='word_1_357' title='bbox 299 4806 553 4876; x_wconf 85' lang='lat' dir='ltr'><strong><em>ereptam,</em></strong></span> <span class='ocrx_word' id='word_1_358' title='bbox 586 4817 884 4861; x_wconf 88' lang='lat' dir='ltr'><strong><em>nostrorum</em></strong></span> <span class='ocrx_word' id='word_1_359' title='bbox 930 4808 1110 4861; x_wconf 85' lang='lat' dir='ltr'><strong><em>usibus</em></strong></span> <span class='ocrx_word' id='word_1_360' title='bbox 1157 4816 1205 4861; x_wconf 86' lang='lat' dir='ltr'><strong><em>et</em></strong></span> <span class='ocrx_word' id='word_1_361' title='bbox 1234 4806 1550 4861; x_wconf 87' lang='lat' dir='ltr'><strong><em>utilitatibus</em></strong></span> <span class='ocrx_word' id='word_1_362' title='bbox 1598 4816 1870 4861; x_wconf 85' lang='lat' dir='ltr'><strong><em>conuerta-</em></strong></span> 
     </span>
    </p>
   </div>
   <div class='ocr_carea' id='block_1_52' title="bbox 302 4899 1866 4969">
    <p class='ocr_par' dir='ltr' id='par_1_52' title="bbox 302 4899 1866 4969">
     <span class='ocr_line' id='line_1_52' title="bbox 302 4899 1866 4969; baseline 0.001 -18"><span class='ocrx_word' id='word_1_363' title='bbox 302 4915 441 4962; x_wconf 83' lang='lat' dir='ltr'><strong><em>mus,</em></strong></span> <span class='ocrx_word' id='word_1_364' title='bbox 514 4908 569 4950; x_wconf 88' lang='lat' dir='ltr'><strong><em>ut</em></strong></span> <span class='ocrx_word' id='word_1_365' title='bbox 626 4916 754 4968; x_wconf 90' lang='lat' dir='ltr'><strong><em>quos</em></strong></span> <span class='ocrx_word' id='word_1_366' title='bbox 797 4901 1027 4969; x_wconf 84' lang='lat' dir='ltr'><strong><em>propriis</em></strong></span> <span class='ocrx_word' id='word_1_367' title='bbox 1076 4916 1177 4953; x_wconf 90' lang='lat' dir='ltr'><strong><em>non</em></strong></span> <span class='ocrx_word' id='word_1_368' title='bbox 1235 4913 1531 4967; x_wconf 85' lang='lat' dir='ltr'><strong><em>possumus,</em></strong></span> <span class='ocrx_word' id='word_1_369' title='bbox 1581 4899 1866 4969; x_wconf 87' lang='lat' dir='ltr'><strong><em>peregrinis</em></strong></span> 
     </span>
    </p>
   </div>
   <div class='ocr_carea' id='block_1_53' title="bbox 300 4990 1868 5047">
    <p class='ocr_par' dir='ltr' id='par_1_53' title="bbox 300 4990 1868 5047">
     <span class='ocr_line' id='line_1_53' title="bbox 300 4990 1868 5047; baseline -0.001 -1"><span class='ocrx_word' id='word_1_370' title='bbox 300 4991 599 5046; x_wconf 84' lang='lat' dir='ltr'><strong><em>nutriamus</em></strong></span> <span class='ocrx_word' id='word_1_371' title='bbox 642 4991 926 5047; x_wconf 87' lang='lat' dir='ltr'><strong><em>alimentis.</em></strong></span> <span class='ocrx_word' id='word_1_372' title='bbox 961 4990 1105 5044; x_wconf 86' lang='lat' dir='ltr'><strong><em>Nam</em></strong></span> <span class='ocrx_word' id='word_1_373' title='bbox 1136 4999 1184 5044; x_wconf 90' lang='lat' dir='ltr'><strong><em>et</em></strong></span> <span class='ocrx_word' id='word_1_374' title='bbox 1239 4991 1407 5044; x_wconf 88' lang='lat' dir='ltr'><strong><em>solent</em></strong></span> <span class='ocrx_word' id='word_1_375' title='bbox 1436 4992 1680 5045; x_wconf 74' lang='lat' dir='ltr'><strong><em>suaviora</em></strong></span> <span class='ocrx_word' id='word_1_376' title='bbox 1704 4990 1868 5045; x_wconf 84' lang='lat' dir='ltr'><strong><em>videri</em></strong></span> 
     </span>
    </p>
   </div>
   <div class='ocr_carea' id='block_1_54' title="bbox 298 5081 1868 5152">
    <p class='ocr_par' dir='ltr' id='par_1_54' title="bbox 298 5081 1868 5152">
     <span class='ocr_line' id='line_1_54' title="bbox 298 5081 1868 5152; baseline 0.001 -16"><span class='ocrx_word' id='word_1_377' title='bbox 298 5083 595 5152; x_wconf 85' lang='lat' dir='ltr'><strong><em>peregrina,</em></strong></span> <span class='ocrx_word' id='word_1_378' title='bbox 626 5082 885 5136; x_wconf 88' lang='lat' dir='ltr'><strong><em>interdum</em></strong></span> <span class='ocrx_word' id='word_1_379' title='bbox 917 5092 966 5137; x_wconf 88' lang='lat' dir='ltr'><strong><em>et</em></strong></span> <span class='ocrx_word' id='word_1_380' title='bbox 1025 5085 1263 5138; x_wconf 88' lang='lat' dir='ltr'><strong><em>utiliora.</em></strong></span> <span class='ocrx_word' id='word_1_381' title='bbox 1319 5082 1408 5136; x_wconf 86' lang='lat' dir='ltr'><strong><em>Ait</em></strong></span> <span class='ocrx_word' id='word_1_382' title='bbox 1442 5081 1691 5149; x_wconf 86' lang='lat' dir='ltr'><strong><em>Ruﬁnus,</em></strong></span> <span class='ocrx_word' id='word_1_383' title='bbox 1723 5081 1868 5137; x_wconf 88' lang='lat' dir='ltr'><strong><em>Gau-</em></strong></span> 
     </span>
    </p>
   </div>
   <div class='ocr_carea' id='block_1_55' title="bbox 299 5173 1867 5245">
    <p class='ocr_par' dir='ltr' id='par_1_55' title="bbox 299 5173 1867 5245">
     <span class='ocr_line' id='line_1_55' title="bbox 299 5173 1867 5245; baseline -0.001 -15"><span class='ocrx_word' id='word_1_384' title='bbox 299 5175 544 5230; x_wconf 88' lang='lat' dir='ltr'><strong><em>dentium</em></strong></span> <span class='ocrx_word' id='word_1_385' title='bbox 594 5173 929 5228; x_wconf 74' lang='lat' dir='ltr'><strong><em>hwreditario</em></strong></span> <span class='ocrx_word' id='word_1_386' title='bbox 974 5176 1095 5245; x_wconf 86' lang='lat' dir='ltr'><strong><em>jure</em></strong></span> <span class='ocrx_word' id='word_1_387' title='bbox 1146 5176 1215 5230; x_wconf 92' lang='lat' dir='ltr'><strong><em>ab</em></strong></span> <span class='ocrx_word' id='word_1_388' title='bbox 1272 5191 1331 5231; x_wconf 86' lang='lat' dir='ltr'><strong><em>se</em></strong></span> <span class='ocrx_word' id='word_1_389' title='bbox 1378 5176 1694 5245; x_wconf 89' lang='lat' dir='ltr'><strong><em>poposcisse</em></strong></span> <span class='ocrx_word' id='word_1_390' title='bbox 1723 5175 1867 5229; x_wconf 86' lang='lat' dir='ltr'><strong><em>hanc</em></strong></span> 
     </span>
    </p>
   </div>
   <div class='ocr_carea' id='block_1_56' title="bbox 301 5264 1863 5338">
    <p class='ocr_par' dir='ltr' id='par_1_56' title="bbox 301 5264 1863 5338">
     <span class='ocr_line' id='line_1_56' title="bbox 301 5264 1863 5338; baseline 0.002 -20"><span class='ocrx_word' id='word_1_391' title='bbox 301 5264 744 5329; x_wconf 88' lang='lat' dir='ltr'><strong><em>translationem,</em></strong></span> <span class='ocrx_word' id='word_1_392' title='bbox 778 5274 1062 5334; x_wconf 86' lang='lat' dir='ltr'><strong><em>propterea</em></strong></span> <span class='ocrx_word' id='word_1_393' title='bbox 1095 5268 1241 5337; x_wconf 92' lang='lat' dir='ltr'><strong><em>quod</em></strong></span> <span class='ocrx_word' id='word_1_394' title='bbox 1276 5274 1465 5322; x_wconf 87' lang='lat' dir='ltr'><strong><em>sancta</em></strong></span> <span class='ocrx_word' id='word_1_395' title='bbox 1497 5264 1666 5321; x_wconf 88' lang='lat' dir='ltr'><strong><em>Silvia</em></strong></span> <span class='ocrx_word' id='word_1_396' title='bbox 1688 5268 1863 5338; x_wconf 78' lang='lat' dir='ltr'><strong><em>virgo,</em></strong></span> 
     </span>
    </p>
   </div>
   <div class='ocr_carea' id='block_1_57' title="bbox 381 5417 1235 5491">
    <p class='ocr_par' dir='ltr' id='par_1_57' title="bbox 381 5417 1235 5491">
     <span class='ocr_line' id='line_1_57' title="bbox 381 5417 1235 5491; baseline 0 -15"><span class='ocrx_word' id='word_1_397' title='bbox 381 5420 495 5491; x_wconf 70' lang='grc'><strong><em>(46)</em></strong></span> <span class='ocrx_word' id='word_1_398' title='bbox 526 5417 705 5482; x_wconf 86' lang='lat' dir='ltr'><strong><em>Paul.,</em></strong></span> <span class='ocrx_word' id='word_1_399' title='bbox 732 5420 898 5491; x_wconf 76' lang='lat' dir='ltr'><strong><em>epist.</em></strong></span> <span class='ocrx_word' id='word_1_400' title='bbox 924 5419 1015 5483; x_wconf 78' lang='lat' dir='ltr'><strong><em>&#39;5I,</em></strong></span> <span class='ocrx_word' id='word_1_401' title='bbox 1045 5420 1115 5491; x_wconf 81' lang='lat' dir='ltr'><strong><em>al.</em></strong></span> <span class='ocrx_word' id='word_1_402' title='bbox 1149 5422 1235 5476; x_wconf 89' lang='grc'><strong><em>11.</em></strong></span> 
     </span>
    </p>
   </div>
   <div class='ocr_carea' id='block_1_58' title="bbox 296 5489 1862 5633">
    <p class='ocr_par' dir='ltr' id='par_1_58' title="bbox 296 5489 1862 5633">
     <span class='ocr_line' id='line_1_58' title="bbox 296 5489 1862 5633; baseline 0.001 -87"><span class='ocrx_word' id='word_1_403' title='bbox 296 5489 482 5633; x_wconf 51' lang='grc' dir='ltr'><strong><em>4θὲΠέ</em></strong></span> <span class='ocrx_word' id='word_1_404' title='bbox 510 5490 798 5616; x_wconf 69' lang='lat' dir='ltr'><strong><em>5Bolland.,</em></strong></span> <span class='ocrx_word' id='word_1_405' title='bbox 860 5489 981 5543; x_wconf 86' lang='lat' dir='ltr'><strong><em>Act.</em></strong></span> <span class='ocrx_word' id='word_1_406' title='bbox 1034 5490 1135 5545; x_wconf 89' lang='lat' dir='ltr'><strong><em>SS.</em></strong></span> <span class='ocrx_word' id='word_1_407' title='bbox 1180 5492 1376 5560; x_wconf 86' lang='lat' dir='ltr'><strong><em>April.,</em></strong></span> <span class='ocrx_word' id='word_1_408' title='bbox 1427 5500 1560 5547; x_wconf 92' lang='lat' dir='ltr'><strong><em>tom.</em></strong></span> <span class='ocrx_word' id='word_1_409' title='bbox 1595 5490 1686 5557; x_wconf 89' lang='lat' dir='ltr'><strong><em>lII,</em></strong></span> <span class='ocrx_word' id='word_1_410' title='bbox 1736 5506 1862 5564; x_wconf 74' lang='lat' dir='ltr'><strong><em>pag.</em></strong></span> 
     </span>
    </p>
   </div>
   <div class='ocr_carea' id='block_1_59' title="bbox 374 5628 1469 5701">
    <p class='ocr_par' dir='ltr' id='par_1_59' title="bbox 374 5628 1469 5701">
     <span class='ocr_line' id='line_1_59' title="bbox 374 5628 1469 5701; baseline 0.002 -15"><span class='ocrx_word' id='word_1_411' title='bbox 374 5628 487 5701; x_wconf 60' lang='grc'><strong><em>(48⁷)</em></strong></span> <span class='ocrx_word' id='word_1_412' title='bbox 527 5631 765 5695; x_wconf 89' lang='lat' dir='ltr'><strong><em>Pallad.,</em></strong></span> <span class='ocrx_word' id='word_1_413' title='bbox 788 5628 1167 5701; x_wconf 10' lang='lat' dir='ltr'><strong><em>iHist.rLaus.,</em></strong></span> <span class='ocrx_word' id='word_1_414' title='bbox 1196 5648 1316 5701; x_wconf 85' lang='lat' dir='ltr'><strong><em>cap.</em></strong></span> <span class='ocrx_word' id='word_1_415' title='bbox 1348 5632 1469 5688; x_wconf 69' lang='grc'><strong>142.</strong></span> 
     </span>
    </p>
   </div>
   <div class='ocr_carea' id='block_1_60' title="bbox 372 5700 1860 5775">
    <p class='ocr_par' dir='ltr' id='par_1_60' title="bbox 372 5700 1860 5775">
     <span class='ocr_line' id='line_1_60' title="bbox 372 5700 1860 5775; baseline 0.003 -18"><span class='ocrx_word' id='word_1_416' title='bbox 372 5704 482 5772; x_wconf 81' lang='grc'><strong><em>(49)</em></strong></span> <span class='ocrx_word' id='word_1_417' title='bbox 510 5701 712 5775; x_wconf 78' lang='lat' dir='ltr'><strong><em>Parad.</em></strong></span> <span class='ocrx_word' id='word_1_418' title='bbox 774 5700 1015 5765; x_wconf 82' lang='lat' dir='ltr'><strong><em>Ileracl.,</em></strong></span> <span class='ocrx_word' id='word_1_419' title='bbox 1047 5717 1168 5771; x_wconf 87' lang='lat' dir='ltr'><strong><em>cap.</em></strong></span> <span class='ocrx_word' id='word_1_420' title='bbox 1205 5700 1294 5767; x_wconf 59' lang='grc'><strong><em>42,</em></strong></span> <span class='ocrx_word' id='word_1_421' title='bbox 1327 5719 1446 5775; x_wconf 78' lang='lat' dir='ltr'><strong><em>pag.</em></strong></span> <span class='ocrx_word' id='word_1_422' title='bbox 1478 5702 1611 5769; x_wconf 88' lang='lat'><strong>977,</strong></span> <span class='ocrx_word' id='word_1_423' title='bbox 1642 5703 1774 5760; x_wconf 85' lang='lat' dir='ltr'><strong><em>edit.</em></strong></span> <span class='ocrx_word' id='word_1_424' title='bbox 1803 5705 1860 5773; x_wconf 72' lang='grc'><strong><em>2,</em></strong></span> 
     </span>
    </p>
   </div>
   <div class='ocr_carea' id='block_1_61' title="bbox 300 5771 1736 5918">
    <p class='ocr_par' dir='ltr' id='par_1_61' title="bbox 300 5771 1736 5918">
     <span class='ocr_line' id='line_1_61' title="bbox 300 5771 1420 5843; baseline 0.004 -18"><span class='ocrx_word' id='word_1_425' title='bbox 300 5771 584 5843; x_wconf 66' lang='lat' dir='ltr'><strong><em>RoSWeyd.</em></strong></span> <span class='ocrx_word' id='word_1_426' title='bbox 1328 5771 1342 5773; x_wconf 47' lang='grc'><strong><em>”</em></strong></span> <span class='ocrx_word' id='word_1_427' title='bbox 1401 5771 1420 5775; x_wconf 54' lang='grc'>⁷</span> 
     </span>
     <span class='ocr_line' id='line_1_62' title="bbox 376 5842 1736 5918; baseline 0.006 -21"><span class='ocrx_word' id='word_1_428' title='bbox 376 5844 484 5914; x_wconf 65' lang='grc'><strong><em>150)</em></strong></span> <span class='ocrx_word' id='word_1_429' title='bbox 518 5844 754 5908; x_wconf 89' lang='lat' dir='ltr'><strong><em>Tillem.,</em></strong></span> <span class='ocrx_word' id='word_1_430' title='bbox 781 5844 943 5899; x_wconf 77' lang='lat' dir='ltr'><strong><em>Mem.</em></strong></span> <span class='ocrx_word' id='word_1_431' title='bbox 973 5842 1123 5909; x_wconf 83' lang='lat' dir='ltr'><strong><em>eccl.,</em></strong></span> <span class='ocrx_word' id='word_1_432' title='bbox 1155 5852 1287 5900; x_wconf 91' lang='lat' dir='ltr'><strong><em>tom.</em></strong></span> <span class='ocrx_word' id='word_1_433' title='bbox 1330 5842 1425 5911; x_wconf 75' lang='lat' dir='ltr'><strong><em>XI,</em></strong></span> <span class='ocrx_word' id='word_1_434' title='bbox 1461 5861 1581 5918; x_wconf 72' lang='lat' dir='ltr'><strong><em>pag.</em></strong></span> <span class='ocrx_word' id='word_1_435' title='bbox 1613 5844 1736 5906; x_wconf 79' lang='lat'><strong><em>639.</em></strong></span> 
     </span>
    </p>
   </div>
   <div class='ocr_carea' id='block_1_62' title="bbox 615 5939 1139 6001">
    <p class='ocr_par' dir='ltr' id='par_1_62' title="bbox 615 5939 1139 6001">
     <span class='ocr_line' id='line_1_63' title="bbox 615 5939 1139 6001; baseline 0 -2"><span class='ocrx_word' id='word_1_436' title='bbox 615 5940 887 6001; x_wconf 73' lang='grc' dir='ltr'><strong><em>ΡΑτιιοι..</em></strong></span> <span class='ocrx_word' id='word_1_437' title='bbox 934 5940 1049 6000; x_wconf 83' lang='lat' dir='ltr'><strong><em>Gn.</em></strong></span> <span class='ocrx_word' id='word_1_438' title='bbox 1093 5939 1139 5999; x_wconf 93' lang='lat' dir='ltr'><strong><em>I.</em></strong></span> 
     </span>
    </p>
   </div>
   <div class='ocr_carea' id='block_1_63' title="bbox 1987 599 3549 674">
    <p class='ocr_par' dir='ltr' id='par_1_63' title="bbox 1987 599 3549 674">
     <span class='ocr_line' id='line_1_64' title="bbox 1987 599 3549 674; baseline 0.004 -20"><span class='ocrx_word' id='word_1_439' title='bbox 1987 599 2155 655; x_wconf 88' lang='lat' dir='ltr'><strong><em>dentii</em></strong></span> <span class='ocrx_word' id='word_1_440' title='bbox 2187 599 2330 654; x_wconf 90' lang='lat' dir='ltr'><strong><em>diem</em></strong></span> <span class='ocrx_word' id='word_1_441' title='bbox 2382 600 2629 663; x_wconf 87' lang='lat' dir='ltr'><strong><em>obiisset,</em></strong></span> <span class='ocrx_word' id='word_1_442' title='bbox 2687 601 2780 655; x_wconf 90' lang='lat' dir='ltr'><strong><em>ubi</em></strong></span> <span class='ocrx_word' id='word_1_443' title='bbox 2828 600 2949 669; x_wconf 88' lang='lat' dir='ltr'><strong><em>ejus</em></strong></span> <span class='ocrx_word' id='word_1_444' title='bbox 3002 616 3204 673; x_wconf 90' lang='lat' dir='ltr'><strong><em>corpus</em></strong></span> <span class='ocrx_word' id='word_1_445' title='bbox 3232 604 3464 674; x_wconf 88' lang='lat' dir='ltr'><strong><em>quiescit</em></strong></span> <span class='ocrx_word' id='word_1_446' title='bbox 3492 605 3549 660; x_wconf 90' lang='lat' dir='ltr'><strong><em>in</em></strong></span> 
     </span>
    </p>
   </div>
   <div class='ocr_carea' id='block_1_64' title="bbox 1980 689 3551 762">
    <p class='ocr_par' dir='ltr' id='par_1_64' title="bbox 1980 689 3551 762">
     <span class='ocr_line' id='line_1_65' title="bbox 1980 689 3551 762; baseline 0.003 -17"><span class='ocrx_word' id='word_1_447' title='bbox 1980 690 2097 746; x_wconf 54' lang='lat' dir='ltr'><strong><em>aede</em></strong></span> <span class='ocrx_word' id='word_1_448' title='bbox 2128 689 2313 745; x_wconf 89' lang='lat' dir='ltr'><strong><em>Sancti</em></strong></span> <span class='ocrx_word' id='word_1_449' title='bbox 2342 689 2641 755; x_wconf 89' lang='lat' dir='ltr'><strong><em>Laurentii,</em></strong></span> <span class='ocrx_word' id='word_1_450' title='bbox 2666 691 3034 762; x_wconf 89' lang='lat' dir='ltr'><strong><em>recoliturque</em></strong></span> <span class='ocrx_word' id='word_1_451' title='bbox 3072 695 3333 748; x_wconf 89' lang='lat' dir='ltr'><strong><em>memoria</em></strong></span> <span class='ocrx_word' id='word_1_452' title='bbox 3369 694 3458 750; x_wconf 88' lang='lat' dir='ltr'><strong><em>die</em></strong></span> <span class='ocrx_word' id='word_1_453' title='bbox 3481 695 3551 750; x_wconf 87' lang='lat' dir='ltr'><strong><em>I5</em></strong></span> 
     </span>
    </p>
   </div>
   <div class='ocr_carea' id='block_1_65' title="bbox 1987 778 3551 850">
    <p class='ocr_par' dir='ltr' id='par_1_65' title="bbox 1987 778 3551 850">
     <span class='ocr_line' id='line_1_66' title="bbox 1987 778 3551 850; baseline 0.003 -15"><span class='ocrx_word' id='word_1_454' title='bbox 1987 780 2298 839; x_wconf 88' lang='lat' dir='ltr'><strong><em>Decembris</em></strong></span> <span class='ocrx_word' id='word_1_455' title='bbox 2329 780 2464 849; x_wconf 74' lang='grc'><strong><em>(47).</em></strong></span> <span class='ocrx_word' id='word_1_456' title='bbox 2491 778 2789 847; x_wconf 89' lang='lat' dir='ltr'><strong><em>Palladius,</em></strong></span> <span class='ocrx_word' id='word_1_457' title='bbox 2808 780 2903 850; x_wconf 84' lang='lat' dir='ltr'><strong><em>qui</em></strong></span> <span class='ocrx_word' id='word_1_458' title='bbox 2936 781 2995 836; x_wconf 87' lang='lat' dir='ltr'><strong><em>in</em></strong></span> <span class='ocrx_word' id='word_1_459' title='bbox 3023 780 3265 836; x_wconf 84' lang='lat' dir='ltr'><strong><em>Historia</em></strong></span> <span class='ocrx_word' id='word_1_460' title='bbox 3285 782 3551 839; x_wconf 88' lang='lat' dir='ltr'><strong><em>Lausiaca</em></strong></span> 
     </span>
    </p>
   </div>
   <div class='ocr_carea' id='block_1_66' title="bbox 1982 869 3544 941">
    <p class='ocr_par' dir='ltr' id='par_1_66' title="bbox 1982 869 3544 941">
     <span class='ocr_line' id='line_1_67' title="bbox 1982 869 3544 941; baseline -0.001 -16"><span class='ocrx_word' id='word_1_461' title='bbox 1982 883 2041 925; x_wconf 90' lang='lat' dir='ltr'><strong><em>se</em></strong></span> <span class='ocrx_word' id='word_1_462' title='bbox 2093 883 2219 925; x_wconf 86' lang='lat' dir='ltr'><strong><em>cum</em></strong></span> <span class='ocrx_word' id='word_1_463' title='bbox 2278 869 2443 924; x_wconf 88' lang='lat' dir='ltr'><strong><em>Silvia</em></strong></span> <span class='ocrx_word' id='word_1_464' title='bbox 2494 879 2563 921; x_wconf 69' lang='grc' dir='ltr'><strong><em>ιι</em></strong></span> <span class='ocrx_word' id='word_1_465' title='bbox 2619 884 2795 924; x_wconf 89' lang='lat' dir='ltr'><strong><em>annos</em></strong></span> <span class='ocrx_word' id='word_1_466' title='bbox 2853 880 3046 941; x_wconf 74' lang='lat' dir='ltr'><strong><em>agente</em></strong></span> <span class='ocrx_word' id='word_1_467' title='bbox 3092 869 3386 941; x_wconf 69' lang='lat' dir='ltr'><strong><em>Egyptum</em></strong></span> <span class='ocrx_word' id='word_1_468' title='bbox 3447 885 3544 940; x_wconf 79' lang='lat' dir='ltr'><strong><em>pe-</em></strong></span> 
     </span>
    </p>
   </div>
   <div class='ocr_carea' id='block_1_67' title="bbox 1984 957 3548 1030">
    <p class='ocr_par' dir='ltr' id='par_1_67' title="bbox 1984 957 3548 1030">
     <span class='ocr_line' id='line_1_68' title="bbox 1984 957 3548 1030; baseline 0.001 -18"><span class='ocrx_word' id='word_1_469' title='bbox 1984 958 2136 1014; x_wconf 86' lang='lat' dir='ltr'><strong><em>tiisse</em></strong></span> <span class='ocrx_word' id='word_1_470' title='bbox 2182 967 2413 1014; x_wconf 88' lang='lat' dir='ltr'><strong><em>testatur</em></strong></span> <span class='ocrx_word' id='word_1_471' title='bbox 2450 958 2598 1030; x_wconf 75' lang='grc'><strong><em>(48),</em></strong></span> <span class='ocrx_word' id='word_1_472' title='bbox 2634 958 2905 1025; x_wconf 77' lang='lat' dir='ltr'><strong><em>Saluiam,</em></strong></span> <span class='ocrx_word' id='word_1_473' title='bbox 2945 960 3078 1015; x_wconf 91' lang='lat' dir='ltr'><strong><em>alias</em></strong></span> <span class='ocrx_word' id='word_1_474' title='bbox 3126 957 3453 1026; x_wconf 83' lang='lat' dir='ltr'><strong><em>Siluaniam,</em></strong></span> <span class='ocrx_word' id='word_1_475' title='bbox 3491 967 3548 1013; x_wconf 87' lang='lat' dir='ltr'><strong><em>et</em></strong></span> 
     </span>
    </p>
   </div>
   <div class='ocr_carea' id='block_1_68' title="bbox 1983 1049 3547 1121">
    <p class='ocr_par' dir='ltr' id='par_1_68' title="bbox 1983 1049 3547 1121">
     <span class='ocr_line' id='line_1_69' title="bbox 1983 1049 3547 1121; baseline 0 -16"><span class='ocrx_word' id='word_1_476' title='bbox 1983 1050 2162 1121; x_wconf 78' lang='lat' dir='ltr'><strong><em>Ruﬁni</em></strong></span> <span class='ocrx_word' id='word_1_477' title='bbox 2188 1051 2520 1119; x_wconf 68' lang='lat' dir='ltr'><strong><em>cx-praafecti</em></strong></span> <span class='ocrx_word' id='word_1_478' title='bbox 2568 1067 2800 1107; x_wconf 87' lang='lat' dir='ltr'><strong><em>sororem</em></strong></span> <span class='ocrx_word' id='word_1_479' title='bbox 2851 1060 3028 1107; x_wconf 89' lang='lat' dir='ltr'><strong><em>vocat.</em></strong></span> <span class='ocrx_word' id='word_1_480' title='bbox 3066 1049 3124 1105; x_wconf 94' lang='lat' dir='ltr'><strong><em>In</em></strong></span> <span class='ocrx_word' id='word_1_481' title='bbox 3162 1050 3332 1106; x_wconf 86' lang='lat' dir='ltr'><strong><em>veteri</em></strong></span> <span class='ocrx_word' id='word_1_482' title='bbox 3365 1056 3547 1105; x_wconf 90' lang='lat' dir='ltr'><strong><em>tamen</em></strong></span> 
     </span>
    </p>
   </div>
   <div class='ocr_carea' id='block_1_69' title="bbox 1985 1140 3548 1213">
    <p class='ocr_par' dir='ltr' id='par_1_69' title="bbox 1985 1140 3548 1213">
     <span class='ocr_line' id='line_1_70' title="bbox 1985 1140 3548 1213; baseline -0.001 -17"><span class='ocrx_word' id='word_1_483' title='bbox 1985 1141 2229 1213; x_wconf 85' lang='lat' dir='ltr'><strong><em>ejusdem</em></strong></span> <span class='ocrx_word' id='word_1_484' title='bbox 2278 1142 2536 1198; x_wconf 68' lang='lat' dir='ltr'><strong><em>Historiae</em></strong></span> <span class='ocrx_word' id='word_1_485' title='bbox 2581 1158 2693 1198; x_wconf 68' lang='lat' dir='ltr'><strong><em>suae</em></strong></span> <span class='ocrx_word' id='word_1_486' title='bbox 2739 1143 3016 1209; x_wconf 89' lang='lat' dir='ltr'><strong><em>versione,</em></strong></span> <span class='ocrx_word' id='word_1_487' title='bbox 3070 1157 3193 1212; x_wconf 74' lang='lat' dir='ltr'><strong><em>qua:</em></strong></span> <span class='ocrx_word' id='word_1_488' title='bbox 3248 1140 3548 1199; x_wconf 85' lang='lat' dir='ltr'><strong><em>Paradisus</em></strong></span> 
     </span>
    </p>
   </div>
   <div class='ocr_carea' id='block_1_70' title="bbox 1980 1228 3546 1296">
    <p class='ocr_par' dir='ltr' id='par_1_70' title="bbox 1980 1228 3546 1296">
     <span class='ocr_line' id='line_1_71' title="bbox 1980 1228 3546 1296; baseline -0.004 -7"><span class='ocrx_word' id='word_1_489' title='bbox 1980 1233 2282 1289; x_wconf 87' lang='lat' dir='ltr'><strong><em>Heraclidis</em></strong></span> <span class='ocrx_word' id='word_1_490' title='bbox 2313 1232 2652 1296; x_wconf 87' lang='lat' dir='ltr'><strong><em>inscribitur,</em></strong></span> <span class='ocrx_word' id='word_1_491' title='bbox 2703 1246 2814 1286; x_wconf 89' lang='lat' dir='ltr'><strong><em>non</em></strong></span> <span class='ocrx_word' id='word_1_492' title='bbox 2843 1228 3140 1285; x_wconf 83' lang='lat' dir='ltr'><strong><em>Silvaniam</em></strong></span> <span class='ocrx_word' id='word_1_493' title='bbox 3170 1245 3263 1285; x_wconf 83' lang='lat' dir='ltr'><strong><em>aut</em></strong></span> <span class='ocrx_word' id='word_1_494' title='bbox 3288 1228 3546 1293; x_wconf 81' lang='lat' dir='ltr'><strong><em>Saluiam,</em></strong></span> 
     </span>
    </p>
   </div>
   <div class='ocr_carea' id='block_1_71' title="bbox 1976 1322 3550 1396">
    <p class='ocr_par' dir='ltr' id='par_1_71' title="bbox 1976 1322 3550 1396">
     <span class='ocr_line' id='line_1_72' title="bbox 1976 1322 3550 1396; baseline -0.004 -14"><span class='ocrx_word' id='word_1_495' title='bbox 1976 1326 2071 1382; x_wconf 91' lang='lat' dir='ltr'><strong><em>sed</em></strong></span> <span class='ocrx_word' id='word_1_496' title='bbox 2100 1325 2324 1382; x_wconf 81' lang='lat' dir='ltr'><strong><em>Silvium</em></strong></span> <span class='ocrx_word' id='word_1_497' title='bbox 2365 1326 2500 1381; x_wconf 90' lang='lat' dir='ltr'><strong><em>dicit</em></strong></span> <span class='ocrx_word' id='word_1_498' title='bbox 2547 1323 2683 1396; x_wconf 74' lang='lat'><strong><em>(49).</em></strong></span> <span class='ocrx_word' id='word_1_499' title='bbox 2712 1322 2951 1393; x_wconf 88' lang='lat' dir='ltr'><strong><em>Uterque</em></strong></span> <span class='ocrx_word' id='word_1_500' title='bbox 2996 1337 3127 1378; x_wconf 86' lang='lat' dir='ltr'><strong><em>vero</em></strong></span> <span class='ocrx_word' id='word_1_501' title='bbox 3146 1360 3163 1389; x_wconf 95' lang='lat'><strong><em>,</em></strong></span> <span class='ocrx_word' id='word_1_502' title='bbox 3193 1322 3469 1378; x_wconf 89' lang='lat' dir='ltr'><strong><em>Palladius</em></strong></span> <span class='ocrx_word' id='word_1_503' title='bbox 3497 1332 3550 1377; x_wconf 89' lang='lat' dir='ltr'><strong><em>et</em></strong></span> 
     </span>
    </p>
   </div>
   <div class='ocr_carea' id='block_1_72' title="bbox 1974 1416 3552 1490">
    <p class='ocr_par' dir='ltr' id='par_1_72' title="bbox 1974 1416 3552 1490">
     <span class='ocr_line' id='line_1_73' title="bbox 1974 1416 3552 1490; baseline -0.004 -15"><span class='ocrx_word' id='word_1_504' title='bbox 1974 1420 2313 1485; x_wconf 83' lang='lat' dir='ltr'><strong><em>Heraclides,</em></strong></span> <span class='ocrx_word' id='word_1_505' title='bbox 2341 1420 2499 1474; x_wconf 91' lang='lat' dir='ltr'><strong><em>initio</em></strong></span> <span class='ocrx_word' id='word_1_506' title='bbox 2529 1418 2726 1490; x_wconf 63' lang='lat' dir='ltr'><strong><em>capitis</em></strong></span> <span class='ocrx_word' id='word_1_507' title='bbox 2772 1416 3159 1488; x_wconf 85' lang='lat' dir='ltr'><strong><em>subsequentis</em></strong></span> <span class='ocrx_word' id='word_1_508' title='bbox 3199 1417 3257 1471; x_wconf 92' lang='lat' dir='ltr'><strong><em>ll.</em></strong></span> <span class='ocrx_word' id='word_1_509' title='bbox 3312 1431 3396 1471; x_wconf 91' lang='lat' dir='ltr'><strong><em>cc.</em></strong></span> <span class='ocrx_word' id='word_1_510' title='bbox 3450 1430 3552 1469; x_wconf 89' lang='lat' dir='ltr'><strong><em>au-</em></strong></span> 
     </span>
    </p>
   </div>
   <div class='ocr_carea' id='block_1_73' title="bbox 1972 1505 3555 1581">
    <p class='ocr_par' dir='ltr' id='par_1_73' title="bbox 1972 1505 3555 1581">
     <span class='ocr_line' id='line_1_74' title="bbox 1972 1505 3555 1581; baseline -0.004 -15"><span class='ocrx_word' id='word_1_511' title='bbox 1972 1520 2095 1566; x_wconf 91' lang='lat' dir='ltr'><strong><em>ctor</em></strong></span> <span class='ocrx_word' id='word_1_512' title='bbox 2120 1519 2228 1576; x_wconf 90' lang='lat' dir='ltr'><strong><em>est,</em></strong></span> <span class='ocrx_word' id='word_1_513' title='bbox 2262 1518 2512 1566; x_wconf 89' lang='lat' dir='ltr'><strong><em>sanctam</em></strong></span> <span class='ocrx_word' id='word_1_514' title='bbox 2540 1508 2914 1581; x_wconf 85' lang='lat' dir='ltr'><strong><em>Olympiadem</em></strong></span> <span class='ocrx_word' id='word_1_515' title='bbox 2960 1508 3209 1567; x_wconf 65' lang='lat' dir='ltr'><strong><em>ecclesias</em></strong></span> <span class='ocrx_word' id='word_1_516' title='bbox 3239 1505 3347 1561; x_wconf 88' lang='lat' dir='ltr'><strong><em>CP.</em></strong></span> <span class='ocrx_word' id='word_1_517' title='bbox 3371 1506 3555 1561; x_wconf 88' lang='lat' dir='ltr'><strong><em>diaco-</em></strong></span> 
     </span>
    </p>
   </div>
   <div class='ocr_carea' id='block_1_74' title="bbox 1974 1598 3547 1673">
    <p class='ocr_par' dir='ltr' id='par_1_74' title="bbox 1974 1598 3547 1673">
     <span class='ocr_line' id='line_1_75' title="bbox 1974 1598 3547 1673; baseline -0.005 -12"><span class='ocrx_word' id='word_1_518' title='bbox 1974 1607 2208 1669; x_wconf 86' lang='lat' dir='ltr'><strong><em>nissam,</em></strong></span> <span class='ocrx_word' id='word_1_519' title='bbox 2261 1601 2443 1658; x_wconf 73' lang='lat' dir='ltr'><strong><em>Silvia:</em></strong></span> <span class='ocrx_word' id='word_1_520' title='bbox 2498 1603 2748 1673; x_wconf 78' lang='lat' dir='ltr'><strong><em>egregias</em></strong></span> <span class='ocrx_word' id='word_1_521' title='bbox 2800 1601 3036 1657; x_wconf 88' lang='lat' dir='ltr'><strong><em>virtutes</em></strong></span> <span class='ocrx_word' id='word_1_522' title='bbox 3092 1600 3199 1656; x_wconf 86' lang='lat' dir='ltr'><strong><em>sibi</em></strong></span> <span class='ocrx_word' id='word_1_523' title='bbox 3252 1598 3547 1653; x_wconf 86' lang='lat' dir='ltr'><strong><em>imitandas</em></strong></span> 
     </span>
    </p>
   </div>
   <div class='ocr_carea' id='block_1_75' title="bbox 1976 1689 3549 1767">
    <p class='ocr_par' dir='ltr' id='par_1_75' title="bbox 1976 1689 3549 1767">
     <span class='ocr_line' id='line_1_76' title="bbox 1976 1689 3549 1767; baseline -0.005 -16"><span class='ocrx_word' id='word_1_524' title='bbox 1976 1696 2357 1767; x_wconf 88' lang='lat' dir='ltr'><strong><em>proposuisse.</em></strong></span> <span class='ocrx_word' id='word_1_525' title='bbox 2390 1695 2565 1749; x_wconf 87' lang='lat' dir='ltr'><strong><em>Tanta</em></strong></span> <span class='ocrx_word' id='word_1_526' title='bbox 2619 1693 2879 1748; x_wconf 87' lang='lat' dir='ltr'><strong><em>nimirum</em></strong></span> <span class='ocrx_word' id='word_1_527' title='bbox 2917 1691 3100 1748; x_wconf 85' lang='lat' dir='ltr'><strong><em>Silviae</em></strong></span> <span class='ocrx_word' id='word_1_528' title='bbox 3130 1690 3234 1746; x_wconf 79' lang='lat' dir='ltr'><strong><em>fuit</em></strong></span> <span class='ocrx_word' id='word_1_529' title='bbox 3277 1689 3549 1745; x_wconf 89' lang='lat' dir='ltr'><strong><em>claritudo</em></strong></span> 
     </span>
    </p>
   </div>
   <div class='ocr_carea' id='block_1_76' title="bbox 1979 1783 3544 1855">
    <p class='ocr_par' dir='ltr' id='par_1_76' title="bbox 1979 1783 3544 1855">
     <span class='ocr_line' id='line_1_77' title="bbox 1979 1783 3544 1855; baseline -0.007 -9"><span class='ocrx_word' id='word_1_530' title='bbox 1979 1798 2034 1846; x_wconf 87' lang='lat' dir='ltr'><strong><em>et</em></strong></span> <span class='ocrx_word' id='word_1_531' title='bbox 2059 1790 2203 1846; x_wconf 79' lang='lat' dir='ltr'><strong><em>fama</em></strong></span> <span class='ocrx_word' id='word_1_532' title='bbox 2231 1789 2563 1853; x_wconf 86' lang='lat' dir='ltr'><strong><em>sanctitatis,</em></strong></span> <span class='ocrx_word' id='word_1_533' title='bbox 2607 1794 2668 1843; x_wconf 92' lang='lat' dir='ltr'><strong><em>ut</em></strong></span> <span class='ocrx_word' id='word_1_534' title='bbox 2692 1788 2813 1843; x_wconf 89' lang='lat' dir='ltr'><strong><em>aliis</em></strong></span> <span class='ocrx_word' id='word_1_535' title='bbox 2857 1788 2912 1842; x_wconf 93' lang='lat' dir='ltr'><strong><em>in</em></strong></span> <span class='ocrx_word' id='word_1_536' title='bbox 2956 1786 3263 1855; x_wconf 79' lang='lat' dir='ltr'><strong><em>exemplum</em></strong></span> <span class='ocrx_word' id='word_1_537' title='bbox 3294 1783 3544 1839; x_wconf 84' lang='lat' dir='ltr'><strong><em>daretur!</em></strong></span> 
     </span>
    </p>
   </div>
   <div class='ocr_carea' id='block_1_77' title="bbox 1983 1875 3549 1950">
    <p class='ocr_par' dir='ltr' id='par_1_77' title="bbox 1983 1875 3549 1950">
     <span class='ocr_line' id='line_1_78' title="bbox 1983 1875 3549 1950; baseline -0.008 -12"><span class='ocrx_word' id='word_1_538' title='bbox 1983 1882 2323 1939; x_wconf 84' lang='lat' dir='ltr'><strong><em>Vocabulum</em></strong></span> <span class='ocrx_word' id='word_1_539' title='bbox 2367 1880 2718 1950; x_wconf 69' lang='lat' dir='ltr'><strong><em>ex-prtefecti,</em></strong></span> <span class='ocrx_word' id='word_1_540' title='bbox 2768 1880 2955 1934; x_wconf 78' lang='lat' dir='ltr'><strong><em>Graece</em></strong></span> <span class='ocrx_word' id='word_1_541' title='bbox 2998 1877 3091 1930; x_wconf 85' lang='grc' dir='ltr'><strong><em>τοῦ</em></strong></span> <span class='ocrx_word' id='word_1_542' title='bbox 3120 1876 3227 1930; x_wconf 76' lang='grc' dir='ltr'><strong><em>ἀπὸ</em></strong></span> <span class='ocrx_word' id='word_1_543' title='bbox 3272 1875 3549 1947; x_wconf 80' lang='grc' dir='ltr'><strong><em>ἐπάρχων,</em></strong></span> 
     </span>
    </p>
   </div>
   <div class='ocr_carea' id='block_1_78' title="bbox 1982 1964 3550 2039">
    <p class='ocr_par' dir='ltr' id='par_1_78' title="bbox 1982 1964 3550 2039">
     <span class='ocr_line' id='line_1_79' title="bbox 1982 1964 3550 2039; baseline -0.008 -10"><span class='ocrx_word' id='word_1_544' title='bbox 1982 1990 2093 2030; x_wconf 91' lang='lat' dir='ltr'><strong><em>non</em></strong></span> <span class='ocrx_word' id='word_1_545' title='bbox 2131 1982 2216 2031; x_wconf 90' lang='lat' dir='ltr'><strong><em>est</em></strong></span> <span class='ocrx_word' id='word_1_546' title='bbox 2238 1989 2338 2029; x_wconf 89' lang='lat' dir='ltr'><strong><em>cur</em></strong></span> <span class='ocrx_word' id='word_1_547' title='bbox 2363 1972 2744 2028; x_wconf 83' lang='lat' dir='ltr'><strong><em>Tillemontius</em></strong></span> <span class='ocrx_word' id='word_1_548' title='bbox 2796 1970 2863 2025; x_wconf 89' lang='lat' dir='ltr'><strong><em>ad</em></strong></span> <span class='ocrx_word' id='word_1_549' title='bbox 2894 1977 3107 2039; x_wconf 89' lang='lat' dir='ltr'><strong><em>tempus</em></strong></span> <span class='ocrx_word' id='word_1_550' title='bbox 3138 1966 3348 2021; x_wconf 87' lang='lat' dir='ltr'><strong><em>itineris</em></strong></span> <span class='ocrx_word' id='word_1_551' title='bbox 3373 1964 3550 2018; x_wconf 82' lang='lat' dir='ltr'><strong><em>Palla-</em></strong></span> 
     </span>
    </p>
   </div>
   <div class='ocr_carea' id='block_1_79' title="bbox 1982 2058 3548 2136">
    <p class='ocr_par' dir='ltr' id='par_1_79' title="bbox 1982 2058 3548 2136">
     <span class='ocr_line' id='line_1_80' title="bbox 1982 2058 3548 2136; baseline -0.007 -13"><span class='ocrx_word' id='word_1_552' title='bbox 1982 2068 2058 2123; x_wconf 92' lang='lat' dir='ltr'><strong><em>dii</em></strong></span> <span class='ocrx_word' id='word_1_553' title='bbox 2081 2082 2207 2123; x_wconf 90' lang='lat' dir='ltr'><strong><em>cum</em></strong></span> <span class='ocrx_word' id='word_1_554' title='bbox 2236 2065 2405 2121; x_wconf 87' lang='lat' dir='ltr'><strong><em>Silvia</em></strong></span> <span class='ocrx_word' id='word_1_555' title='bbox 2442 2066 2499 2121; x_wconf 90' lang='lat' dir='ltr'><strong><em>in</em></strong></span> <span class='ocrx_word' id='word_1_556' title='bbox 2547 2064 2864 2136; x_wconf 62' lang='lat' dir='ltr'><strong><em>)Egypmm,</em></strong></span> <span class='ocrx_word' id='word_1_557' title='bbox 2912 2062 3028 2118; x_wconf 87' lang='lat' dir='ltr'><strong><em>sive</em></strong></span> <span class='ocrx_word' id='word_1_558' title='bbox 3067 2060 3134 2115; x_wconf 92' lang='lat' dir='ltr'><strong><em>ad</em></strong></span> <span class='ocrx_word' id='word_1_559' title='bbox 3191 2074 3393 2113; x_wconf 88' lang='lat' dir='ltr'><strong><em>annum</em></strong></span> <span class='ocrx_word' id='word_1_560' title='bbox 3422 2058 3548 2121; x_wconf 76' lang='lat'><strong><em>588,</em></strong></span> 
     </span>
    </p>
   </div>
   <div class='ocr_carea' id='block_1_80' title="bbox 1981 2148 3547 2229">
    <p class='ocr_par' dir='ltr' id='par_1_80' title="bbox 1981 2148 3547 2229">
     <span class='ocr_line' id='line_1_81' title="bbox 1981 2148 3547 2229; baseline -0.008 -14"><span class='ocrx_word' id='word_1_561' title='bbox 1981 2158 2328 2216; x_wconf 78' lang='lat' dir='ltr'><strong><em>referendum</em></strong></span> <span class='ocrx_word' id='word_1_562' title='bbox 2376 2157 2525 2212; x_wconf 89' lang='lat' dir='ltr'><strong><em>dicat</em></strong></span> <span class='ocrx_word' id='word_1_563' title='bbox 2555 2155 2692 2229; x_wconf 82' lang='lat'><strong><em>(50),</em></strong></span> <span class='ocrx_word' id='word_1_564' title='bbox 2730 2170 2854 2211; x_wconf 91' lang='lat' dir='ltr'><strong><em>cum</em></strong></span> <span class='ocrx_word' id='word_1_565' title='bbox 2899 2170 3026 2210; x_wconf 86' lang='lat' dir='ltr'><strong><em>vere</em></strong></span> <span class='ocrx_word' id='word_1_566' title='bbox 3054 2152 3121 2207; x_wconf 90' lang='lat' dir='ltr'><strong><em>ad</em></strong></span> <span class='ocrx_word' id='word_1_567' title='bbox 3167 2166 3368 2207; x_wconf 91' lang='lat' dir='ltr'><strong><em>annum</em></strong></span> <span class='ocrx_word' id='word_1_568' title='bbox 3418 2148 3547 2212; x_wconf 66' lang='lat'><strong><em>420,</em></strong></span> 
     </span>
    </p>
   </div>
   <div class='ocr_carea' id='block_1_81' title="bbox 1981 2240 3551 2321">
    <p class='ocr_par' dir='ltr' id='par_1_81' title="bbox 1981 2240 3551 2321">
     <span class='ocr_line' id='line_1_82' title="bbox 1981 2240 3551 2321; baseline -0.005 -18"><span class='ocrx_word' id='word_1_569' title='bbox 1981 2265 2091 2321; x_wconf 91' lang='lat' dir='ltr'><strong><em>quo</em></strong></span> <span class='ocrx_word' id='word_1_570' title='bbox 2143 2249 2420 2305; x_wconf 89' lang='lat' dir='ltr'><strong><em>scribebat</em></strong></span> <span class='ocrx_word' id='word_1_571' title='bbox 2462 2245 2757 2311; x_wconf 89' lang='lat' dir='ltr'><strong><em>Palladius,</em></strong></span> <span class='ocrx_word' id='word_1_572' title='bbox 2812 2243 3003 2300; x_wconf 84' lang='lat' dir='ltr'><strong><em>referri</em></strong></span> <span class='ocrx_word' id='word_1_573' title='bbox 3054 2242 3267 2299; x_wconf 88' lang='lat' dir='ltr'><strong><em>debeat.</em></strong></span> <span class='ocrx_word' id='word_1_574' title='bbox 3320 2240 3551 2295; x_wconf 87' lang='lat' dir='ltr'><strong><em>Ruﬁnus</em></strong></span> 
     </span>
    </p>
   </div>
   <div class='ocr_carea' id='block_1_82' title="bbox 1980 2332 3552 2410">
    <p class='ocr_par' dir='ltr' id='par_1_82' title="bbox 1980 2332 3552 2410">
     <span class='ocr_line' id='line_1_83' title="bbox 1980 2332 3552 2410; baseline -0.006 -13"><span class='ocrx_word' id='word_1_575' title='bbox 1980 2343 2147 2406; x_wconf 87' lang='lat' dir='ltr'><strong><em>enim,</em></strong></span> <span class='ocrx_word' id='word_1_576' title='bbox 2174 2339 2355 2395; x_wconf 67' lang='lat' dir='ltr'><strong><em>Silviae</em></strong></span> <span class='ocrx_word' id='word_1_577' title='bbox 2386 2339 2574 2404; x_wconf 82' lang='lat' dir='ltr'><strong><em>frater,</em></strong></span> <span class='ocrx_word' id='word_1_578' title='bbox 2591 2347 2645 2393; x_wconf 93' lang='lat' dir='ltr'><strong><em>et</em></strong></span> <span class='ocrx_word' id='word_1_579' title='bbox 2661 2336 2951 2410; x_wconf 60' lang='lat' dir='ltr'><strong><em>praefectus</em></strong></span> <span class='ocrx_word' id='word_1_580' title='bbox 2980 2336 3234 2406; x_wconf 71' lang='lat' dir='ltr'><strong><em>prtetorio</em></strong></span> <span class='ocrx_word' id='word_1_581' title='bbox 3260 2334 3313 2388; x_wconf 90' lang='lat' dir='ltr'><strong><em>in</em></strong></span> <span class='ocrx_word' id='word_1_582' title='bbox 3332 2332 3552 2388; x_wconf 84' lang='lat' dir='ltr'><strong><em>Oriente</em></strong></span> 
     </span>
    </p>
   </div>
   <div class='ocr_carea' id='block_1_83' title="bbox 1980 2425 3551 2501">
    <p class='ocr_par' dir='ltr' id='par_1_83' title="bbox 1980 2425 3551 2501">
     <span class='ocr_line' id='line_1_84' title="bbox 1980 2425 3551 2501; baseline -0.007 -12"><span class='ocrx_word' id='word_1_583' title='bbox 1980 2433 2085 2489; x_wconf 88' lang='lat' dir='ltr'><strong><em>sub</em></strong></span> <span class='ocrx_word' id='word_1_584' title='bbox 2112 2432 2345 2487; x_wconf 86' lang='lat' dir='ltr'><strong><em>Arcadio</em></strong></span> <span class='ocrx_word' id='word_1_585' title='bbox 2378 2431 2645 2501; x_wconf 80' lang='lat' dir='ltr'><strong><em>Augusto,</em></strong></span> <span class='ocrx_word' id='word_1_586' title='bbox 2696 2428 2956 2483; x_wconf 68' lang='lat' dir='ltr'><strong><em>aﬁ‘ectatas</em></strong></span> <span class='ocrx_word' id='word_1_587' title='bbox 3009 2425 3314 2492; x_wconf 73' lang='lat' dir='ltr'><strong><em>tyrannidis</em></strong></span> <span class='ocrx_word' id='word_1_588' title='bbox 3360 2438 3551 2493; x_wconf 64' lang='lat' dir='ltr'><strong><em>pinnas</em></strong></span> 
     </span>
    </p>
   </div>
   <div class='ocr_carea' id='block_1_84' title="bbox 1980 2514 3547 2593">
    <p class='ocr_par' dir='ltr' id='par_1_84' title="bbox 1980 2514 3547 2593">
     <span class='ocr_line' id='line_1_85' title="bbox 1980 2514 3547 2593; baseline -0.007 -14"><span class='ocrx_word' id='word_1_589' title='bbox 1980 2522 2600 2593; x_wconf 82' lang='lat' dir='ltr'><strong><em>luitConstantinOpoli,</em></strong></span> <span class='ocrx_word' id='word_1_590' title='bbox 2637 2538 2668 2575; x_wconf 89' lang='lat' dir='ltr'><strong><em>v</em></strong></span> <span class='ocrx_word' id='word_1_591' title='bbox 2698 2520 2820 2574; x_wconf 86' lang='lat' dir='ltr'><strong><em>Kal.</em></strong></span> <span class='ocrx_word' id='word_1_592' title='bbox 2854 2518 3199 2580; x_wconf 87' lang='lat' dir='ltr'><strong><em>Decembris,</em></strong></span> <span class='ocrx_word' id='word_1_593' title='bbox 3246 2532 3299 2572; x_wconf 90' lang='lat' dir='ltr'><strong><em>a.</em></strong></span> <span class='ocrx_word' id='word_1_594' title='bbox 3340 2514 3397 2571; x_wconf 92' lang='lat' dir='ltr'><strong><em>d.</em></strong></span> <span class='ocrx_word' id='word_1_595' title='bbox 3423 2515 3547 2577; x_wconf 76' lang='lat'><strong><em>595,</em></strong></span> 
     </span>
    </p>
   </div>
   <div class='ocr_carea' id='block_1_85' title="bbox 1979 2607 3554 2689">
    <p class='ocr_par' dir='ltr' id='par_1_85' title="bbox 1979 2607 3554 2689">
     <span class='ocr_line' id='line_1_86' title="bbox 1979 2607 3554 2689; baseline -0.006 -18"><span class='ocrx_word' id='word_1_596' title='bbox 1979 2616 2224 2689; x_wconf 88' lang='lat' dir='ltr'><strong><em>adeoque</em></strong></span> <span class='ocrx_word' id='word_1_597' title='bbox 2255 2623 2379 2687; x_wconf 87' lang='lat' dir='ltr'><strong><em>post</em></strong></span> <span class='ocrx_word' id='word_1_598' title='bbox 2428 2630 2630 2669; x_wconf 89' lang='lat' dir='ltr'><strong><em>annum</em></strong></span> <span class='ocrx_word' id='word_1_599' title='bbox 2662 2612 2789 2678; x_wconf 73' lang='lat'><strong><em>588,</em></strong></span> <span class='ocrx_word' id='word_1_600' title='bbox 2825 2628 2893 2667; x_wconf 79' lang='lat' dir='ltr'><strong><em>ex</em></strong></span> <span class='ocrx_word' id='word_1_601' title='bbox 2944 2610 3308 2675; x_wconf 77' lang='lat' dir='ltr'><strong><em>Philostorgio</em></strong></span> <span class='ocrx_word' id='word_1_602' title='bbox 3356 2607 3467 2679; x_wconf 81' lang='grc'><strong><em>(51)</em></strong></span> <span class='ocrx_word' id='word_1_603' title='bbox 3498 2613 3554 2663; x_wconf 88' lang='lat' dir='ltr'><strong><em>et</em></strong></span> 
     </span>
    </p>
   </div>
   <div class='ocr_carea' id='block_1_86' title="bbox 1977 2698 3554 2779">
    <p class='ocr_par' dir='ltr' id='par_1_86' title="bbox 1977 2698 3554 2779">
     <span class='ocr_line' id='line_1_87' title="bbox 1977 2698 3554 2779; baseline -0.008 -13"><span class='ocrx_word' id='word_1_604' title='bbox 1977 2723 2046 2766; x_wconf 73' lang='lat' dir='ltr'><strong><em>cs</em></strong></span> <span class='ocrx_word' id='word_1_605' title='bbox 2074 2707 2301 2764; x_wconf 87' lang='lat' dir='ltr'><strong><em>Socrate</em></strong></span> <span class='ocrx_word' id='word_1_606' title='bbox 2330 2704 2674 2779; x_wconf 72' lang='lat' dir='ltr'><strong><em>(52).Ruﬁno</em></strong></span> <span class='ocrx_word' id='word_1_607' title='bbox 2699 2704 2869 2759; x_wconf 81' lang='lat' dir='ltr'><strong><em>fratre</em></strong></span> <span class='ocrx_word' id='word_1_608' title='bbox 2913 2702 3153 2765; x_wconf 87' lang='lat' dir='ltr'><strong><em>sublato,</em></strong></span> <span class='ocrx_word' id='word_1_609' title='bbox 3191 2698 3363 2765; x_wconf 87' lang='lat' dir='ltr'><strong><em>Silvia</em></strong></span> <span class='ocrx_word' id='word_1_610' title='bbox 3394 2713 3554 2753; x_wconf 90' lang='lat' dir='ltr'><strong><em>soror</em></strong></span> 
     </span>
    </p>
   </div>
   <div class='ocr_carea' id='block_1_87' title="bbox 1978 2791 3553 2870">
    <p class='ocr_par' dir='ltr' id='par_1_87' title="bbox 1978 2791 3553 2870">
     <span class='ocr_line' id='line_1_88' title="bbox 1978 2791 3553 2870; baseline -0.006 -13"><span class='ocrx_word' id='word_1_611' title='bbox 1978 2801 2033 2857; x_wconf 93' lang='lat' dir='ltr'><strong><em>in</em></strong></span> <span class='ocrx_word' id='word_1_612' title='bbox 2061 2799 2266 2855; x_wconf 90' lang='lat' dir='ltr'><strong><em>Italiam</em></strong></span> <span class='ocrx_word' id='word_1_613' title='bbox 2300 2799 2534 2870; x_wconf 86' lang='lat' dir='ltr'><strong><em>trajecit,</em></strong></span> <span class='ocrx_word' id='word_1_614' title='bbox 2564 2798 2656 2853; x_wconf 89' lang='lat' dir='ltr'><strong><em>ubi</em></strong></span> <span class='ocrx_word' id='word_1_615' title='bbox 2682 2796 2872 2852; x_wconf 88' lang='lat' dir='ltr'><strong><em>aderat</em></strong></span> <span class='ocrx_word' id='word_1_616' title='bbox 2901 2810 3044 2850; x_wconf 89' lang='lat' dir='ltr'><strong><em>anno</em></strong></span> <span class='ocrx_word' id='word_1_617' title='bbox 3079 2793 3205 2858; x_wconf 81' lang='lat'><strong><em>598,</em></strong></span> <span class='ocrx_word' id='word_1_618' title='bbox 3227 2809 3292 2848; x_wconf 81' lang='lat' dir='ltr'><strong><em>ex</em></strong></span> <span class='ocrx_word' id='word_1_619' title='bbox 3322 2791 3553 2847; x_wconf 89' lang='lat' dir='ltr'><strong><em>Paulino</em></strong></span> 
     </span>
    </p>
   </div>
   <div class='ocr_carea' id='block_1_88' title="bbox 1979 2886 3551 2963">
    <p class='ocr_par' dir='ltr' id='par_1_88' title="bbox 1979 2886 3551 2963">
     <span class='ocr_line' id='line_1_89' title="bbox 1979 2886 3551 2963; baseline -0.007 -16"><span class='ocrx_word' id='word_1_620' title='bbox 1979 2891 2113 2963; x_wconf 82' lang='grc'><strong><em>(55).</em></strong></span> <span class='ocrx_word' id='word_1_621' title='bbox 2148 2891 2262 2947; x_wconf 91' lang='lat' dir='ltr'><strong><em>Iloc</em></strong></span> <span class='ocrx_word' id='word_1_622' title='bbox 2289 2891 2437 2946; x_wconf 91' lang='lat' dir='ltr'><strong><em>enim</em></strong></span> <span class='ocrx_word' id='word_1_623' title='bbox 2484 2904 2629 2944; x_wconf 92' lang='lat' dir='ltr'><strong><em>anno</em></strong></span> <span class='ocrx_word' id='word_1_624' title='bbox 2669 2897 2795 2960; x_wconf 90' lang='lat' dir='ltr'><strong><em>post</em></strong></span> <span class='ocrx_word' id='word_1_625' title='bbox 2853 2886 3050 2941; x_wconf 82' lang='lat' dir='ltr'><strong><em>festum</em></strong></span> <span class='ocrx_word' id='word_1_626' title='bbox 3068 2886 3391 2939; x_wconf 86' lang='lat' dir='ltr'><strong><em>Sanctorum</em></strong></span> <span class='ocrx_word' id='word_1_627' title='bbox 3420 2898 3551 2952; x_wconf 84' lang='lat' dir='ltr'><strong><em>apo-</em></strong></span> 
     </span>
    </p>
   </div>
   <div class='ocr_carea' id='block_1_89' title="bbox 1978 2974 3545 3047">
    <p class='ocr_par' dir='ltr' id='par_1_89' title="bbox 1978 2974 3545 3047">
     <span class='ocr_line' id='line_1_90' title="bbox 1978 2974 3545 3047; baseline -0.008 -8"><span class='ocrx_word' id='word_1_628' title='bbox 1978 2985 2244 3040; x_wconf 91' lang='lat' dir='ltr'><strong><em>stolorum</em></strong></span> <span class='ocrx_word' id='word_1_629' title='bbox 2272 2979 2421 3038; x_wconf 88' lang='lat' dir='ltr'><strong><em>Petri</em></strong></span> <span class='ocrx_word' id='word_1_630' title='bbox 2454 2989 2507 3037; x_wconf 88' lang='lat' dir='ltr'><strong><em>et</em></strong></span> <span class='ocrx_word' id='word_1_631' title='bbox 2527 2979 2708 3046; x_wconf 90' lang='lat' dir='ltr'><strong><em>Pauli,</em></strong></span> <span class='ocrx_word' id='word_1_632' title='bbox 2761 2986 2821 3033; x_wconf 92' lang='lat' dir='ltr'><strong><em>ut</em></strong></span> <span class='ocrx_word' id='word_1_633' title='bbox 2857 2978 3096 3032; x_wconf 80' lang='lat' dir='ltr'><strong><em>diximus</em></strong></span> <span class='ocrx_word' id='word_1_634' title='bbox 3145 2976 3255 3047; x_wconf 68' lang='grc'><strong><em>(54)</em></strong></span> <span class='ocrx_word' id='word_1_635' title='bbox 3282 2974 3545 3029; x_wconf 88' lang='lat' dir='ltr'><strong><em>Paulinus</em></strong></span> 
     </span>
    </p>
   </div>
   <div class='ocr_carea' id='block_1_90' title="bbox 1978 3067 3549 3144">
    <p class='ocr_par' dir='ltr' id='par_1_90' title="bbox 1978 3067 3549 3144">
     <span class='ocr_line' id='line_1_91' title="bbox 1978 3067 3549 3144; baseline -0.005 -17"><span class='ocrx_word' id='word_1_636' title='bbox 1978 3068 2253 3129; x_wconf 78' lang='lat' dir='ltr'><strong><em>Victorem</em></strong></span> <span class='ocrx_word' id='word_1_637' title='bbox 2289 3075 2344 3131; x_wconf 92' lang='lat' dir='ltr'><strong><em>in</em></strong></span> <span class='ocrx_word' id='word_1_638' title='bbox 2390 3072 2741 3144; x_wconf 87' lang='lat' dir='ltr'><strong><em>Aquitaniam</em></strong></span> <span class='ocrx_word' id='word_1_639' title='bbox 2772 3070 2839 3125; x_wconf 90' lang='lat' dir='ltr'><strong><em>ad</em></strong></span> <span class='ocrx_word' id='word_1_640' title='bbox 2872 3068 3132 3124; x_wconf 87' lang='lat' dir='ltr'><strong><em>Severum</em></strong></span> <span class='ocrx_word' id='word_1_641' title='bbox 3161 3067 3370 3121; x_wconf 87' lang='lat' dir='ltr'><strong><em>dimisit</em></strong></span> <span class='ocrx_word' id='word_1_642' title='bbox 3426 3081 3549 3121; x_wconf 91' lang='lat' dir='ltr'><strong><em>cum</em></strong></span> 
     </span>
    </p>
   </div>
   <div class='ocr_carea' id='block_1_91' title="bbox 1977 3156 3551 3235">
    <p class='ocr_par' dir='ltr' id='par_1_91' title="bbox 1977 3156 3551 3235">
     <span class='ocr_line' id='line_1_92' title="bbox 1977 3156 3551 3235; baseline -0.006 -16"><span class='ocrx_word' id='word_1_643' title='bbox 1977 3166 2135 3219; x_wconf 89' lang='lat' dir='ltr'><strong><em>citata</em></strong></span> <span class='ocrx_word' id='word_1_644' title='bbox 2157 3164 2385 3235; x_wconf 86' lang='lat' dir='ltr'><strong><em>epistola</em></strong></span> <span class='ocrx_word' id='word_1_645' title='bbox 2415 3164 2504 3226; x_wconf 76' lang='lat'><strong><em>31,</em></strong></span> <span class='ocrx_word' id='word_1_646' title='bbox 2532 3165 2620 3217; x_wconf 90' lang='lat' dir='ltr'><strong><em>cui</em></strong></span> <span class='ocrx_word' id='word_1_647' title='bbox 2641 3176 2740 3232; x_wconf 86' lang='lat' dir='ltr'><strong><em>pro</em></strong></span> <span class='ocrx_word' id='word_1_648' title='bbox 2761 3160 3178 3216; x_wconf 88' lang='lat' dir='ltr'><strong><em>consecratione</em></strong></span> <span class='ocrx_word' id='word_1_649' title='bbox 3210 3172 3363 3211; x_wconf 69' lang='lat' dir='ltr'><strong><em>nom</em></strong></span> <span class='ocrx_word' id='word_1_650' title='bbox 3398 3156 3551 3213; x_wconf 87' lang='lat' dir='ltr'><strong><em>basi-</em></strong></span> 
     </span>
    </p>
   </div>
   <div class='ocr_carea' id='block_1_92' title="bbox 1976 3247 3551 3326">
    <p class='ocr_par' dir='ltr' id='par_1_92' title="bbox 1976 3247 3551 3326">
     <span class='ocr_line' id='line_1_93' title="bbox 1976 3247 3551 3326; baseline -0.006 -15"><span class='ocrx_word' id='word_1_651' title='bbox 1976 3258 2093 3313; x_wconf 63' lang='lat' dir='ltr'><strong><em>licae</em></strong></span> <span class='ocrx_word' id='word_1_652' title='bbox 2118 3255 2325 3311; x_wconf 89' lang='lat' dir='ltr'><strong><em>addidit</em></strong></span> <span class='ocrx_word' id='word_1_653' title='bbox 2351 3254 2674 3326; x_wconf 88' lang='lat' dir='ltr'><strong><em>particulam</em></strong></span> <span class='ocrx_word' id='word_1_654' title='bbox 2703 3252 3067 3308; x_wconf 86' lang='lat' dir='ltr'><strong><em>sanctissimae</em></strong></span> <span class='ocrx_word' id='word_1_655' title='bbox 3115 3248 3321 3313; x_wconf 91' lang='lat' dir='ltr'><strong><em>crucis,</em></strong></span> <span class='ocrx_word' id='word_1_656' title='bbox 3347 3264 3411 3302; x_wconf 82' lang='lat' dir='ltr'><strong><em>ex</em></strong></span> <span class='ocrx_word' id='word_1_657' title='bbox 3441 3247 3551 3302; x_wconf 83' lang='lat' dir='ltr'><strong><em>Mc-</em></strong></span> 
     </span>
    </p>
   </div>
   <div class='ocr_carea' id='block_1_93' title="bbox 1974 3340 3552 3418">
    <p class='ocr_par' dir='ltr' id='par_1_93' title="bbox 1974 3340 3552 3418">
     <span class='ocr_line' id='line_1_94' title="bbox 1974 3340 3552 3418; baseline -0.008 -12"><span class='ocrx_word' id='word_1_658' title='bbox 1974 3349 2120 3406; x_wconf 88' lang='lat' dir='ltr'><strong><em>lania</em></strong></span> <span class='ocrx_word' id='word_1_659' title='bbox 2149 3349 2513 3418; x_wconf 87' lang='lat' dir='ltr'><strong><em>impetratam.</em></strong></span> <span class='ocrx_word' id='word_1_660' title='bbox 2543 3344 2650 3401; x_wconf 90' lang='lat' dir='ltr'><strong><em>Sed</em></strong></span> <span class='ocrx_word' id='word_1_661' title='bbox 2682 3360 2792 3399; x_wconf 90' lang='lat' dir='ltr'><strong><em>non</em></strong></span> <span class='ocrx_word' id='word_1_662' title='bbox 2842 3345 2917 3399; x_wconf 90' lang='lat' dir='ltr'><strong><em>ita</em></strong></span> <span class='ocrx_word' id='word_1_663' title='bbox 2950 3341 3156 3398; x_wconf 90' lang='lat' dir='ltr'><strong><em>addidit</em></strong></span> <span class='ocrx_word' id='word_1_664' title='bbox 3186 3356 3373 3395; x_wconf 88' lang='lat' dir='ltr'><strong><em>sacros</em></strong></span> <span class='ocrx_word' id='word_1_665' title='bbox 3403 3340 3552 3394; x_wconf 81' lang='lat' dir='ltr'><strong><em>cine-</em></strong></span> 
     </span>
    </p>
   </div>
   <div class='ocr_carea' id='block_1_94' title="bbox 1974 3429 3553 3510">
    <p class='ocr_par' dir='ltr' id='par_1_94' title="bbox 1974 3429 3553 3510">
     <span class='ocr_line' id='line_1_95' title="bbox 1974 3429 3553 3510; baseline -0.006 -15"><span class='ocrx_word' id='word_1_666' title='bbox 1974 3456 2063 3495; x_wconf 81' lang='lat' dir='ltr'><strong><em>res</em></strong></span> <span class='ocrx_word' id='word_1_667' title='bbox 2090 3456 2121 3495; x_wconf 90' lang='lat' dir='ltr'><strong><em>a</em></strong></span> <span class='ocrx_word' id='word_1_668' title='bbox 2148 3440 2351 3497; x_wconf 87' lang='lat' dir='ltr'><strong><em>Severo</em></strong></span> <span class='ocrx_word' id='word_1_669' title='bbox 2379 3440 2671 3510; x_wconf 80' lang='lat' dir='ltr'><strong><em>expetitos,</em></strong></span> <span class='ocrx_word' id='word_1_670' title='bbox 2711 3437 2911 3508; x_wconf 84' lang='lat' dir='ltr'><strong><em>quibus</em></strong></span> <span class='ocrx_word' id='word_1_671' title='bbox 2962 3450 3151 3491; x_wconf 88' lang='lat' dir='ltr'><strong><em>carere</em></strong></span> <span class='ocrx_word' id='word_1_672' title='bbox 3178 3450 3238 3489; x_wconf 88' lang='lat' dir='ltr'><strong><em>se</em></strong></span> <span class='ocrx_word' id='word_1_673' title='bbox 3269 3433 3429 3489; x_wconf 65' lang='lat' dir='ltr'><strong><em>dixit.</em></strong></span> <span class='ocrx_word' id='word_1_674' title='bbox 3456 3429 3553 3487; x_wconf 81' lang='lat' dir='ltr'><strong><em>Vi-</em></strong></span> 
     </span>
    </p>
   </div>
   <div class='ocr_carea' id='block_1_95' title="bbox 1974 3527 3552 3600">
    <p class='ocr_par' dir='ltr' id='par_1_95' title="bbox 1974 3527 3552 3600">
     <span class='ocr_line' id='line_1_96' title="bbox 1974 3527 3552 3600; baseline -0.006 -13"><span class='ocrx_word' id='word_1_675' title='bbox 1974 3539 2181 3587; x_wconf 90' lang='lat' dir='ltr'><strong><em>ctorem</em></strong></span> <span class='ocrx_word' id='word_1_676' title='bbox 2223 3540 2407 3587; x_wconf 90' lang='lat' dir='ltr'><strong><em>tamen</em></strong></span> <span class='ocrx_word' id='word_1_677' title='bbox 2438 3532 2534 3596; x_wconf 89' lang='lat' dir='ltr'><strong><em>ait,</em></strong></span> <span class='ocrx_word' id='word_1_678' title='bbox 2567 3548 2711 3600; x_wconf 90' lang='lat' dir='ltr'><strong><em>spem</em></strong></span> <span class='ocrx_word' id='word_1_679' title='bbox 2753 3530 2989 3600; x_wconf 85' lang='lat' dir='ltr'><strong><em>ejusdem</em></strong></span> <span class='ocrx_word' id='word_1_680' title='bbox 3043 3528 3232 3598; x_wconf 75' lang='lat' dir='ltr'><strong><em>gratia:</em></strong></span> <span class='ocrx_word' id='word_1_681' title='bbox 3284 3527 3552 3595; x_wconf 86' lang='lat' dir='ltr'><strong><em>copiosam</em></strong></span> 
     </span>
    </p>
   </div>
   <div class='ocr_carea' id='block_1_96' title="bbox 1973 3618 3553 3692">
    <p class='ocr_par' dir='ltr' id='par_1_96' title="bbox 1973 3618 3553 3692">
     <span class='ocr_line' id='line_1_97' title="bbox 1973 3618 3553 3692; baseline -0.003 -16"><span class='ocrx_word' id='word_1_682' title='bbox 1973 3621 2162 3676; x_wconf 84' lang='lat' dir='ltr'><strong><em>habere</em></strong></span> <span class='ocrx_word' id='word_1_683' title='bbox 2213 3640 2246 3676; x_wconf 91' lang='lat' dir='ltr'><strong><em>a</em></strong></span> <span class='ocrx_word' id='word_1_684' title='bbox 2295 3631 2483 3676; x_wconf 88' lang='lat' dir='ltr'><strong><em>sancta</em></strong></span> <span class='ocrx_word' id='word_1_685' title='bbox 2539 3626 2735 3687; x_wconf 74' lang='lat' dir='ltr'><strong><em>Silvia,</em></strong></span> <span class='ocrx_word' id='word_1_686' title='bbox 2774 3637 2891 3692; x_wconf 75' lang='lat' dir='ltr'><strong><em>qua:</em></strong></span> <span class='ocrx_word' id='word_1_687' title='bbox 2948 3619 3030 3674; x_wconf 88' lang='lat' dir='ltr'><strong><em>illi</em></strong></span> <span class='ocrx_word' id='word_1_688' title='bbox 3077 3619 3141 3674; x_wconf 90' lang='lat' dir='ltr'><strong><em>de</em></strong></span> <span class='ocrx_word' id='word_1_689' title='bbox 3186 3620 3472 3673; x_wconf 76' lang='lat' dir='ltr'><strong><em>multorum</em></strong></span> <span class='ocrx_word' id='word_1_690' title='bbox 3496 3618 3553 3672; x_wconf 87' lang='lat' dir='ltr'><strong><em>in</em></strong></span> 
     </span>
    </p>
   </div>
   <div class='ocr_carea' id='block_1_97' title="bbox 1976 3706 3551 3783">
    <p class='ocr_par' dir='ltr' id='par_1_97' title="bbox 1976 3706 3551 3783">
     <span class='ocr_line' id='line_1_98' title="bbox 1976 3706 3551 3783; baseline -0.004 -15"><span class='ocrx_word' id='word_1_691' title='bbox 1976 3711 2187 3768; x_wconf 86' lang='lat' dir='ltr'><strong><em>Oriente</em></strong></span> <span class='ocrx_word' id='word_1_692' title='bbox 2234 3722 2527 3783; x_wconf 85' lang='lat' dir='ltr'><strong><em>martyrum</em></strong></span> <span class='ocrx_word' id='word_1_693' title='bbox 2569 3712 2806 3782; x_wconf 87' lang='lat' dir='ltr'><strong><em>reliquiis</em></strong></span> <span class='ocrx_word' id='word_1_694' title='bbox 2856 3711 3238 3781; x_wconf 85' lang='lat' dir='ltr'><strong><em>spopondisset.</em></strong></span> <span class='ocrx_word' id='word_1_695' title='bbox 3272 3709 3414 3780; x_wconf 82' lang='lat' dir='ltr'><strong><em>Ergo</em></strong></span> <span class='ocrx_word' id='word_1_696' title='bbox 3443 3706 3551 3763; x_wconf 83' lang='lat' dir='ltr'><strong><em>Sil-</em></strong></span> 
     </span>
    </p>
   </div>
   <div class='ocr_carea' id='block_1_98' title="bbox 1971 3794 3551 3868">
    <p class='ocr_par' dir='ltr' id='par_1_98' title="bbox 1971 3794 3551 3868">
     <span class='ocr_line' id='line_1_99' title="bbox 1971 3794 3551 3868; baseline -0.004 -11"><span class='ocrx_word' id='word_1_697' title='bbox 1971 3803 2058 3858; x_wconf 89' lang='lat' dir='ltr'><strong><em>via</em></strong></span> <span class='ocrx_word' id='word_1_698' title='bbox 2078 3818 2144 3857; x_wconf 79' lang='lat' dir='ltr'><strong><em>ex</em></strong></span> <span class='ocrx_word' id='word_1_699' title='bbox 2172 3800 2391 3858; x_wconf 88' lang='lat' dir='ltr'><strong><em>Oriente</em></strong></span> <span class='ocrx_word' id='word_1_700' title='bbox 2430 3802 2484 3857; x_wconf 91' lang='lat' dir='ltr'><strong><em>in</em></strong></span> <span class='ocrx_word' id='word_1_701' title='bbox 2529 3802 2741 3856; x_wconf 87' lang='lat' dir='ltr'><strong><em>Italiam</em></strong></span> <span class='ocrx_word' id='word_1_702' title='bbox 2773 3799 2841 3855; x_wconf 90' lang='lat' dir='ltr'><strong><em>ad</em></strong></span> <span class='ocrx_word' id='word_1_703' title='bbox 2876 3800 3011 3855; x_wconf 92' lang='lat' dir='ltr'><strong><em>illud</em></strong></span> <span class='ocrx_word' id='word_1_704' title='bbox 3061 3794 3279 3868; x_wconf 87' lang='lat' dir='ltr'><strong><em>tempus</em></strong></span> <span class='ocrx_word' id='word_1_705' title='bbox 3310 3807 3551 3853; x_wconf 87' lang='lat' dir='ltr'><strong><em>reverte-</em></strong></span> 
     </span>
    </p>
   </div>
   <div class='ocr_carea' id='block_1_99' title="bbox 1970 3892 3548 3950">
    <p class='ocr_par' dir='ltr' id='par_1_99' title="bbox 1970 3892 3548 3950">
     <span class='ocr_line' id='line_1_100' title="bbox 1970 3892 3548 3950; baseline -0.003 -2"><span class='ocrx_word' id='word_1_706' title='bbox 1970 3902 2074 3949; x_wconf 90' lang='lat' dir='ltr'><strong><em>rat.</em></strong></span> <span class='ocrx_word' id='word_1_707' title='bbox 2103 3894 2214 3949; x_wconf 86' lang='lat' dir='ltr'><strong><em>Hac</em></strong></span> <span class='ocrx_word' id='word_1_708' title='bbox 2244 3911 2371 3950; x_wconf 89' lang='lat' dir='ltr'><strong><em>vero</em></strong></span> <span class='ocrx_word' id='word_1_709' title='bbox 2398 3896 2542 3949; x_wconf 90' lang='lat' dir='ltr'><strong><em>circa</em></strong></span> <span class='ocrx_word' id='word_1_710' title='bbox 2572 3894 2731 3949; x_wconf 88' lang='lat' dir='ltr'><strong><em>ﬁnem</em></strong></span> <span class='ocrx_word' id='word_1_711' title='bbox 2763 3894 2947 3949; x_wconf 59' lang='lat' dir='ltr'><strong><em>saeculi</em></strong></span> <span class='ocrx_word' id='word_1_712' title='bbox 3002 3908 3054 3946; x_wconf 87' lang='lat' dir='ltr'><strong><em>Iv</em></strong></span> <span class='ocrx_word' id='word_1_713' title='bbox 3098 3892 3296 3946; x_wconf 63' lang='lat' dir='ltr'><strong><em>Brixiae</em></strong></span> <span class='ocrx_word' id='word_1_714' title='bbox 3329 3892 3548 3946; x_wconf 84' lang='lat' dir='ltr'><strong><em>demor-</em></strong></span> 
     </span>
    </p>
   </div>
   <div class='ocr_carea' id='block_1_100' title="bbox 1972 3983 3534 4056">
    <p class='ocr_par' dir='ltr' id='par_1_100' title="bbox 1972 3983 3534 4056">
     <span class='ocr_line' id='line_1_101' title="bbox 1972 3983 3534 4056; baseline -0.004 -14"><span class='ocrx_word' id='word_1_715' title='bbox 1972 3998 2085 4052; x_wconf 90' lang='lat' dir='ltr'><strong><em>tua,</em></strong></span> <span class='ocrx_word' id='word_1_716' title='bbox 2126 3986 2465 4043; x_wconf 90' lang='lat' dir='ltr'><strong><em>Gaudentius</em></strong></span> <span class='ocrx_word' id='word_1_717' title='bbox 2497 3988 2650 4042; x_wconf 88' lang='lat' dir='ltr'><strong><em>urbis</em></strong></span> <span class='ocrx_word' id='word_1_718' title='bbox 2695 3986 2989 4056; x_wconf 82' lang='lat' dir='ltr'><strong><em>episcopus</em></strong></span> <span class='ocrx_word' id='word_1_719' title='bbox 3029 3984 3151 4054; x_wconf 89' lang='lat' dir='ltr'><strong><em>jure</em></strong></span> <span class='ocrx_word' id='word_1_720' title='bbox 3192 3983 3534 4039; x_wconf 68' lang='lat' dir='ltr'><strong><em>hereditario</em></strong></span> 
     </span>
    </p>
   </div>
   <div class='ocr_carea' id='block_1_101' title="bbox 1971 4072 3548 4150">
    <p class='ocr_par' dir='ltr' id='par_1_101' title="bbox 1971 4072 3548 4150">
     <span class='ocr_line' id='line_1_102' title="bbox 1971 4072 3548 4150; baseline -0.003 -14"><span class='ocrx_word' id='word_1_721' title='bbox 1971 4079 2347 4136; x_wconf 85' lang='lat' dir='ltr'><strong><em>Clementinas</em></strong></span> <span class='ocrx_word' id='word_1_722' title='bbox 2380 4080 2772 4150; x_wconf 84' lang='lat' dir='ltr'><strong><em>Recognitiones</em></strong></span> <span class='ocrx_word' id='word_1_723' title='bbox 2826 4078 3100 4149; x_wconf 76' lang='lat' dir='ltr'><strong><em>peposcit,</em></strong></span> <span class='ocrx_word' id='word_1_724' title='bbox 3146 4093 3284 4147; x_wconf 89' lang='lat' dir='ltr'><strong><em>quas</em></strong></span> <span class='ocrx_word' id='word_1_725' title='bbox 3315 4072 3548 4132; x_wconf 88' lang='lat' dir='ltr'><strong><em>Ruﬁnus</em></strong></span> 
     </span>
    </p>
   </div>
   <div class='ocr_carea' id='block_1_102' title="bbox 1971 4167 3546 4241">
    <p class='ocr_par' dir='ltr' id='par_1_102' title="bbox 1971 4167 3546 4241">
     <span class='ocr_line' id='line_1_103' title="bbox 1971 4167 3546 4241; baseline -0.004 -14"><span class='ocrx_word' id='word_1_726' title='bbox 1971 4181 2161 4227; x_wconf 86' lang='lat' dir='ltr'><strong><em>noster</em></strong></span> <span class='ocrx_word' id='word_1_727' title='bbox 2215 4172 2398 4227; x_wconf 68' lang='lat' dir='ltr'><strong><em>Silvia:</em></strong></span> <span class='ocrx_word' id='word_1_728' title='bbox 2456 4172 2658 4226; x_wconf 89' lang='lat' dir='ltr'><strong><em>viventi</em></strong></span> <span class='ocrx_word' id='word_1_729' title='bbox 2708 4170 2917 4241; x_wconf 87' lang='lat' dir='ltr'><strong><em>pridem</em></strong></span> <span class='ocrx_word' id='word_1_730' title='bbox 2958 4171 3347 4240; x_wconf 88' lang='lat' dir='ltr'><strong><em>spoponderat.</em></strong></span> <span class='ocrx_word' id='word_1_731' title='bbox 3400 4167 3546 4221; x_wconf 89' lang='lat' dir='ltr'><strong><em>Idem</em></strong></span> 
     </span>
    </p>
   </div>
   <div class='ocr_carea' id='block_1_103' title="bbox 1973 4258 3547 4333">
    <p class='ocr_par' dir='ltr' id='par_1_103' title="bbox 1973 4258 3547 4333">
     <span class='ocr_line' id='line_1_104' title="bbox 1973 4258 3547 4333; baseline -0.004 -16"><span class='ocrx_word' id='word_1_732' title='bbox 1973 4264 2201 4321; x_wconf 87' lang='lat' dir='ltr'><strong><em>Ruﬁnus</em></strong></span> <span class='ocrx_word' id='word_1_733' title='bbox 2249 4265 2351 4321; x_wconf 88' lang='lat' dir='ltr'><strong><em>sub</em></strong></span> <span class='ocrx_word' id='word_1_734' title='bbox 2384 4266 2542 4319; x_wconf 83' lang='lat' dir='ltr'><strong><em>linem</em></strong></span> <span class='ocrx_word' id='word_1_735' title='bbox 2599 4261 2967 4333; x_wconf 87' lang='lat' dir='ltr'><strong><em>perorationis</em></strong></span> <span class='ocrx_word' id='word_1_736' title='bbox 3024 4258 3547 4316; x_wconf 88' lang='lat' dir='ltr'><strong><em>commentariorum</em></strong></span> 
     </span>
    </p>
   </div>
   <div class='ocr_carea' id='block_1_104' title="bbox 1972 4351 3546 4425">
    <p class='ocr_par' dir='ltr' id='par_1_104' title="bbox 1972 4351 3546 4425">
     <span class='ocr_line' id='line_1_105' title="bbox 1972 4351 3546 4425; baseline -0.006 -14"><span class='ocrx_word' id='word_1_737' title='bbox 1972 4353 2222 4425; x_wconf 80' lang='lat' dir='ltr'><strong><em>Origenis</em></strong></span> <span class='ocrx_word' id='word_1_738' title='bbox 2254 4356 2309 4408; x_wconf 90' lang='lat' dir='ltr'><strong><em>in</em></strong></span> <span class='ocrx_word' id='word_1_739' title='bbox 2335 4354 2488 4408; x_wconf 90' lang='lat' dir='ltr'><strong><em>Pauli</em></strong></span> <span class='ocrx_word' id='word_1_740' title='bbox 2520 4353 2818 4425; x_wconf 86' lang='lat' dir='ltr'><strong><em>Epistolam</em></strong></span> <span class='ocrx_word' id='word_1_741' title='bbox 2849 4353 2914 4407; x_wconf 90' lang='lat' dir='ltr'><strong><em>ad</em></strong></span> <span class='ocrx_word' id='word_1_742' title='bbox 2954 4352 3253 4417; x_wconf 82' lang='lat' dir='ltr'><strong><em>Romanos,</em></strong></span> <span class='ocrx_word' id='word_1_743' title='bbox 3282 4351 3369 4405; x_wconf 78' lang='lat' dir='ltr'><strong><em>his</em></strong></span> <span class='ocrx_word' id='word_1_744' title='bbox 3420 4365 3546 4403; x_wconf 76' lang='lat' dir='ltr'><strong><em>ver-</em></strong></span> 
     </span>
    </p>
   </div>
   <div class='ocr_carea' id='block_1_105' title="bbox 1973 4440 3544 4513">
    <p class='ocr_par' dir='ltr' id='par_1_105' title="bbox 1973 4440 3544 4513">
     <span class='ocr_line' id='line_1_106' title="bbox 1973 4440 3544 4513; baseline -0.004 -12"><span class='ocrx_word' id='word_1_745' title='bbox 1973 4447 2057 4501; x_wconf 91' lang='lat' dir='ltr'><strong><em>bis</em></strong></span> <span class='ocrx_word' id='word_1_746' title='bbox 2090 4446 2248 4501; x_wconf 87' lang='lat' dir='ltr'><strong><em>ﬁdem</em></strong></span> <span class='ocrx_word' id='word_1_747' title='bbox 2273 4462 2428 4503; x_wconf 85' lang='lat' dir='ltr'><strong><em>suam</em></strong></span> <span class='ocrx_word' id='word_1_748' title='bbox 2474 4445 2778 4499; x_wconf 86' lang='lat' dir='ltr'><strong><em>Gaudentio</em></strong></span> <span class='ocrx_word' id='word_1_749' title='bbox 2832 4444 3207 4513; x_wconf 80' lang='lat' dir='ltr'><strong><em>obligaverat:</em></strong></span> <span class='ocrx_word' id='word_1_750' title='bbox 3269 4440 3398 4497; x_wconf 89' lang='lat' dir='ltr'><strong><em>Post</em></strong></span> <span class='ocrx_word' id='word_1_751' title='bbox 3450 4440 3544 4494; x_wconf 85' lang='lat' dir='ltr'><strong><em>hoc</em></strong></span> 
     </span>
    </p>
   </div>
   <div class='ocr_carea' id='block_1_106' title="bbox 1907 4532 3543 4606">
    <p class='ocr_par' dir='ltr' id='par_1_106' title="bbox 1907 4532 3543 4606">
     <span class='ocr_line' id='line_1_107' title="bbox 1907 4532 3543 4606; baseline -0.005 -14"><span class='ocrx_word' id='word_1_752' title='bbox 1907 4553 1945 4605; x_wconf 79' lang='grc' dir='ltr'>ι)</span> <span class='ocrx_word' id='word_1_753' title='bbox 1971 4554 2100 4591; x_wconf 89' lang='lat' dir='ltr'><strong><em>sane</em></strong></span> <span class='ocrx_word' id='word_1_754' title='bbox 2127 4546 2275 4592; x_wconf 81' lang='lat' dir='ltr'><strong><em>uocat</em></strong></span> <span class='ocrx_word' id='word_1_755' title='bbox 2331 4553 2425 4591; x_wconf 87' lang='lat' dir='ltr'><strong><em>nos</em></strong></span> <span class='ocrx_word' id='word_1_756' title='bbox 2467 4552 2616 4605; x_wconf 89' lang='lat' dir='ltr'><strong><em>opus,</em></strong></span> <span class='ocrx_word' id='word_1_757' title='bbox 2659 4535 2795 4606; x_wconf 87' lang='lat' dir='ltr'><strong><em>quod</em></strong></span> <span class='ocrx_word' id='word_1_758' title='bbox 2830 4536 2958 4589; x_wconf 88' lang='lat' dir='ltr'><strong><em>olim</em></strong></span> <span class='ocrx_word' id='word_1_759' title='bbox 3011 4533 3219 4604; x_wconf 86' lang='lat' dir='ltr'><strong><em>quidem</em></strong></span> <span class='ocrx_word' id='word_1_760' title='bbox 3248 4532 3543 4602; x_wconf 86' lang='lat' dir='ltr'><strong><em>injunctum</em></strong></span> 
     </span>
    </p>
   </div>
   <div class='ocr_carea' id='block_1_107' title="bbox 1972 4623 3542 4699">
    <p class='ocr_par' dir='ltr' id='par_1_107' title="bbox 1972 4623 3542 4699">
     <span class='ocr_line' id='line_1_108' title="bbox 1972 4623 3542 4699; baseline -0.003 -17"><span class='ocrx_word' id='word_1_761' title='bbox 1972 4639 2048 4683; x_wconf 85' lang='lat' dir='ltr'><strong><em>est</em></strong></span> <span class='ocrx_word' id='word_1_762' title='bbox 2116 4630 2168 4699; x_wconf 92' lang='lat' dir='ltr'><strong><em>(a</em></strong></span> <span class='ocrx_word' id='word_1_763' title='bbox 2198 4628 2410 4698; x_wconf 83' lang='lat' dir='ltr'><strong><em>Silvia).</em></strong></span> <span class='ocrx_word' id='word_1_764' title='bbox 2464 4627 2568 4683; x_wconf 87' lang='lat' dir='ltr'><strong><em>Sed</em></strong></span> <span class='ocrx_word' id='word_1_765' title='bbox 2618 4643 2755 4681; x_wconf 88' lang='lat' dir='ltr'><strong><em>nunc</em></strong></span> <span class='ocrx_word' id='word_1_766' title='bbox 2810 4627 2951 4697; x_wconf 89' lang='lat' dir='ltr'><strong><em>(post</em></strong></span> <span class='ocrx_word' id='word_1_767' title='bbox 2994 4625 3176 4680; x_wconf 80' lang='lat' dir='ltr'><strong><em>Silviae</em></strong></span> <span class='ocrx_word' id='word_1_768' title='bbox 3223 4623 3477 4694; x_wconf 88' lang='lat' dir='ltr'><strong><em>mortem)</em></strong></span> <span class='ocrx_word' id='word_1_769' title='bbox 3509 4640 3542 4677; x_wconf 92' lang='lat' dir='ltr'><strong><em>a</em></strong></span> 
     </span>
    </p>
   </div>
   <div class='ocr_carea' id='block_1_108' title="bbox 1970 4718 3538 4788">
    <p class='ocr_par' dir='ltr' id='par_1_108' title="bbox 1970 4718 3538 4788">
     <span class='ocr_line' id='line_1_109' title="bbox 1970 4718 3538 4788; baseline -0.003 -15"><span class='ocrx_word' id='word_1_770' title='bbox 1970 4721 2121 4774; x_wconf 85' lang='lat' dir='ltr'><strong><em>beato</em></strong></span> <span class='ocrx_word' id='word_1_771' title='bbox 2170 4719 2469 4774; x_wconf 86' lang='lat' dir='ltr'><strong><em>Gaudentio</em></strong></span> <span class='ocrx_word' id='word_1_772' title='bbox 2524 4721 2764 4788; x_wconf 90' lang='lat' dir='ltr'><strong><em>episcopo</em></strong></span> <span class='ocrx_word' id='word_1_773' title='bbox 2811 4718 3157 4773; x_wconf 76' lang='lat' dir='ltr'><strong><em>uehementius</em></strong></span> <span class='ocrx_word' id='word_1_774' title='bbox 3212 4726 3538 4787; x_wconf 87' lang='lat' dir='ltr'><strong><em>perurgetur,</em></strong></span> 
     </span>
    </p>
   </div>
   <div class='ocr_carea' id='block_1_109' title="bbox 1970 4809 3542 4877">
    <p class='ocr_par' dir='ltr' id='par_1_109' title="bbox 1970 4809 3542 4877">
     <span class='ocr_line' id='line_1_110' title="bbox 1970 4809 3542 4877; baseline -0.004 -11"><span class='ocrx_word' id='word_1_775' title='bbox 1970 4810 2250 4866; x_wconf 79' lang='lat' dir='ltr'><strong><em>Clementis</em></strong></span> <span class='ocrx_word' id='word_1_776' title='bbox 2280 4809 2479 4864; x_wconf 85' lang='lat' dir='ltr'><strong><em>scilicet</em></strong></span> <span class='ocrx_word' id='word_1_777' title='bbox 2503 4809 2727 4864; x_wconf 87' lang='lat' dir='ltr'><strong><em>Romani</em></strong></span> <span class='ocrx_word' id='word_1_778' title='bbox 2766 4810 3014 4877; x_wconf 87' lang='lat' dir='ltr'><strong><em>episcopi,</em></strong></span> <span class='ocrx_word' id='word_1_779' title='bbox 3040 4809 3401 4877; x_wconf 89' lang='lat' dir='ltr'><strong><em>apostolorum</em></strong></span> <span class='ocrx_word' id='word_1_780' title='bbox 3453 4824 3542 4860; x_wconf 90' lang='lat' dir='ltr'><strong><em>co-</em></strong></span> 
     </span>
    </p>
   </div>
   <div class='ocr_carea' id='block_1_110' title="bbox 1970 4899 3537 4972">
    <p class='ocr_par' dir='ltr' id='par_1_110' title="bbox 1970 4899 3537 4972">
     <span class='ocr_line' id='line_1_111' title="bbox 1970 4899 3537 4972; baseline -0.003 -17"><span class='ocrx_word' id='word_1_781' title='bbox 1970 4904 2112 4955; x_wconf 89' lang='lat' dir='ltr'><strong><em>mitis</em></strong></span> <span class='ocrx_word' id='word_1_782' title='bbox 2138 4918 2155 4955; x_wconf 91' lang='lat'><strong><em>:</em></strong></span> <span class='ocrx_word' id='word_1_783' title='bbox 2178 4918 2399 4972; x_wconf 89' lang='lat' dir='ltr'><strong><em>quorum</em></strong></span> <span class='ocrx_word' id='word_1_784' title='bbox 2426 4912 2483 4954; x_wconf 90' lang='lat' dir='ltr'><strong><em>ut</em></strong></span> <span class='ocrx_word' id='word_1_785' title='bbox 2526 4901 2913 4956; x_wconf 86' lang='lat' dir='ltr'><strong><em>successoribus</em></strong></span> <span class='ocrx_word' id='word_1_786' title='bbox 2953 4900 3135 4955; x_wconf 78' lang='lat' dir='ltr'><strong><em>darem</em></strong></span> <span class='ocrx_word' id='word_1_787' title='bbox 3174 4899 3537 4971; x_wconf 84' lang='lat' dir='ltr'><strong><em>cognitionem,</em></strong></span> 
     </span>
    </p>
   </div>
   <div class='ocr_carea' id='block_1_111' title="bbox 1968 4992 3011 5049">
    <p class='ocr_par' dir='ltr' id='par_1_111' title="bbox 1968 4992 3011 5049">
     <span class='ocr_line' id='line_1_112' title="bbox 1968 4992 3011 5049; baseline 0.002 -2"><span class='ocrx_word' id='word_1_788' title='bbox 1968 4992 2092 5047; x_wconf 87' lang='lat' dir='ltr'><strong><em>libri</em></strong></span> <span class='ocrx_word' id='word_1_789' title='bbox 2119 5010 2153 5045; x_wconf 91' lang='lat' dir='ltr'><strong><em>a</em></strong></span> <span class='ocrx_word' id='word_1_790' title='bbox 2182 4993 2407 5047; x_wconf 87' lang='lat' dir='ltr'><strong><em>nobisin</em></strong></span> <span class='ocrx_word' id='word_1_791' title='bbox 2439 4992 2689 5047; x_wconf 84' lang='lat' dir='ltr'><strong><em>Latinum</em></strong></span> <span class='ocrx_word' id='word_1_792' title='bbox 2723 5002 3011 5049; x_wconf 84' lang='lat' dir='ltr'><strong><em>vertuntur.</em></strong></span> 
     </span>
    </p>
   </div>
   <div class='ocr_carea' id='block_1_112' title="bbox 2039 5078 3538 5154">
    <p class='ocr_par' dir='ltr' id='par_1_112' title="bbox 2039 5078 3538 5154">
     <span class='ocr_line' id='line_1_113' title="bbox 2039 5078 3538 5154; baseline 0 -20"><span class='ocrx_word' id='word_1_793' title='bbox 2039 5080 2379 5152; x_wconf 78' lang='lat' dir='ltr'><strong><em>Rosweydus</em></strong></span> <span class='ocrx_word' id='word_1_794' title='bbox 2433 5084 2489 5137; x_wconf 88' lang='lat' dir='ltr'><strong><em>in</em></strong></span> <span class='ocrx_word' id='word_1_795' title='bbox 2519 5083 2666 5138; x_wconf 91' lang='lat' dir='ltr'><strong><em>notis</em></strong></span> <span class='ocrx_word' id='word_1_796' title='bbox 2722 5083 2793 5137; x_wconf 88' lang='lat' dir='ltr'><strong><em>ad</em></strong></span> <span class='ocrx_word' id='word_1_797' title='bbox 2842 5082 3057 5137; x_wconf 88' lang='lat' dir='ltr'><strong><em>Paulini</em></strong></span> <span class='ocrx_word' id='word_1_798' title='bbox 3109 5081 3395 5154; x_wconf 88' lang='lat' dir='ltr'><strong><em>epistolam</em></strong></span> <span class='ocrx_word' id='word_1_799' title='bbox 3448 5078 3538 5144; x_wconf 69' lang='grc'><strong><em>47,</em></strong></span> 
     </span>
    </p>
   </div>
   <div class='ocr_carea' id='block_1_113' title="bbox 1967 5170 3539 5245">
    <p class='ocr_par' dir='ltr' id='par_1_113' title="bbox 1967 5170 3539 5245">
     <span class='ocr_line' id='line_1_114' title="bbox 1967 5170 3539 5245; baseline -0.002 -18"><span class='ocrx_word' id='word_1_800' title='bbox 1967 5188 2087 5242; x_wconf 69' lang='lat' dir='ltr'><strong><em>quae</em></strong></span> <span class='ocrx_word' id='word_1_801' title='bbox 2118 5173 2172 5226; x_wconf 90' lang='lat' dir='ltr'><strong><em>in</em></strong></span> <span class='ocrx_word' id='word_1_802' title='bbox 2204 5188 2342 5227; x_wconf 89' lang='lat' dir='ltr'><strong><em>nova</em></strong></span> <span class='ocrx_word' id='word_1_803' title='bbox 2371 5172 2609 5228; x_wconf 88' lang='lat' dir='ltr'><strong><em>editione</em></strong></span> <span class='ocrx_word' id='word_1_804' title='bbox 2655 5181 2740 5229; x_wconf 90' lang='lat' dir='ltr'><strong><em>est</em></strong></span> <span class='ocrx_word' id='word_1_805' title='bbox 2766 5172 2857 5239; x_wconf 77' lang='grc'><strong><em>46,</em></strong></span> <span class='ocrx_word' id='word_1_806' title='bbox 2917 5183 3147 5245; x_wconf 90' lang='lat' dir='ltr'><strong><em>postque</em></strong></span> <span class='ocrx_word' id='word_1_807' title='bbox 3174 5188 3298 5229; x_wconf 90' lang='lat' dir='ltr'><strong><em>eum</em></strong></span> <span class='ocrx_word' id='word_1_808' title='bbox 3330 5170 3539 5227; x_wconf 82' lang='lat' dir='ltr'><strong><em>Gotcle-</em></strong></span> 
     </span>
    </p>
   </div>
   <div class='ocr_carea' id='block_1_114' title="bbox 1968 5262 3538 5338">
    <p class='ocr_par' dir='ltr' id='par_1_114' title="bbox 1968 5262 3538 5338">
     <span class='ocr_line' id='line_1_115' title="bbox 1968 5262 3538 5338; baseline -0.001 -20"><span class='ocrx_word' id='word_1_809' title='bbox 1968 5267 2084 5321; x_wconf 86' lang='lat' dir='ltr'><strong><em>rius</em></strong></span> <span class='ocrx_word' id='word_1_810' title='bbox 2137 5266 2201 5321; x_wconf 89' lang='lat' dir='ltr'><strong><em>ad</em></strong></span> <span class='ocrx_word' id='word_1_811' title='bbox 2234 5264 2665 5335; x_wconf 81' lang='lat' dir='ltr'><strong><em>Recognitiones,</em></strong></span> <span class='ocrx_word' id='word_1_812' title='bbox 2715 5282 2869 5337; x_wconf 86' lang='lat' dir='ltr'><strong><em>aeque</em></strong></span> <span class='ocrx_word' id='word_1_813' title='bbox 2913 5268 3181 5338; x_wconf 83' lang='lat' dir='ltr'><strong><em>ancipites</em></strong></span> <span class='ocrx_word' id='word_1_814' title='bbox 3207 5270 3356 5329; x_wconf 88' lang='lat' dir='ltr'><strong><em>sunt,</em></strong></span> <span class='ocrx_word' id='word_1_815' title='bbox 3395 5262 3538 5317; x_wconf 84' lang='lat' dir='ltr'><strong><em>Cau-</em></strong></span> 
     </span>
    </p>
   </div>
   <div class='ocr_carea' id='block_1_115' title="bbox 1966 5416 3537 5547">
    <p class='ocr_par' dir='ltr' id='par_1_115' title="bbox 1966 5416 3537 5547">
     <span class='ocr_line' id='line_1_116' title="bbox 1966 5416 3537 5547; baseline -0.03 -60"><span class='ocrx_word' id='word_1_816' title='bbox 1966 5421 2151 5547; x_wconf 53' lang='grc' dir='ltr'><strong><em>ὼέξέ)</em></strong></span> <span class='ocrx_word' id='word_1_817' title='bbox 2207 5419 2579 5492; x_wconf 80' lang='lat' dir='ltr'><strong><em>Philostorg.,</em></strong></span> <span class='ocrx_word' id='word_1_818' title='bbox 2638 5422 2732 5478; x_wconf 93' lang='lat' dir='ltr'><strong><em>lib.</em></strong></span> <span class='ocrx_word' id='word_1_819' title='bbox 2796 5439 2882 5487; x_wconf 82' lang='lat' dir='ltr'><strong><em>ix,</em></strong></span> <span class='ocrx_word' id='word_1_820' title='bbox 2928 5437 3048 5492; x_wconf 66' lang='lat' dir='ltr'><strong><em>cap,</em></strong></span> <span class='ocrx_word' id='word_1_821' title='bbox 3108 5423 3175 5487; x_wconf 58' lang='grc' dir='ltr'><strong><em>δ’</em></strong></span> <span class='ocrx_word' id='word_1_822' title='bbox 3239 5421 3372 5478; x_wconf 49' lang='lat' dir='ltr'><strong><em>edit.</em></strong></span> <span class='ocrx_word' id='word_1_823' title='bbox 3428 5416 3537 5477; x_wconf 50' lang='lat' dir='ltr'><strong><em>eo.</em></strong></span> 
     </span>
    </p>
   </div>
   <div class='ocr_carea' id='block_1_116' title="bbox 2038 5559 2865 5632">
    <p class='ocr_par' dir='ltr' id='par_1_116' title="bbox 2038 5559 2865 5632">
     <span class='ocr_line' id='line_1_117' title="bbox 2038 5559 2865 5632; baseline 0.005 -18"><span class='ocrx_word' id='word_1_824' title='bbox 2038 5560 2150 5632; x_wconf 72' lang='lat'><strong><em>(52)</em></strong></span> <span class='ocrx_word' id='word_1_825' title='bbox 2182 5559 2419 5632; x_wconf 71' lang='lat' dir='ltr'><strong><em>Sperat.,</em></strong></span> <span class='ocrx_word' id='word_1_826' title='bbox 2446 5561 2543 5616; x_wconf 92' lang='lat' dir='ltr'><strong><em>lib.</em></strong></span> <span class='ocrx_word' id='word_1_827' title='bbox 2579 5579 2632 5626; x_wconf 84' lang='lat' dir='ltr'><strong><em>v,</em></strong></span> <span class='ocrx_word' id='word_1_828' title='bbox 2659 5576 2782 5632; x_wconf 87' lang='lat' dir='ltr'><strong><em>cap.</em></strong></span> <span class='ocrx_word' id='word_1_829' title='bbox 2813 5563 2865 5618; x_wconf 91' lang='grc'><strong><em>1.</em></strong></span> 
     </span>
    </p>
   </div>
   <div class='ocr_carea' id='block_1_117' title="bbox 2062 5631 2989 5697">
    <p class='ocr_par' dir='ltr' id='par_1_117' title="bbox 2062 5631 2989 5697">
     <span class='ocr_line' id='line_1_118' title="bbox 2062 5631 2989 5697; baseline 0.002 -11"><span class='ocrx_word' id='word_1_830' title='bbox 2062 5631 2150 5693; x_wconf 78' lang='grc'><strong><em>55)</em></strong></span> <span class='ocrx_word' id='word_1_831' title='bbox 2199 5631 2439 5697; x_wconf 88' lang='lat' dir='ltr'><strong><em>Paulin.,</em></strong></span> <span class='ocrx_word' id='word_1_832' title='bbox 2465 5633 2637 5697; x_wconf 89' lang='lat' dir='ltr'><strong><em>Epist.</em></strong></span> <span class='ocrx_word' id='word_1_833' title='bbox 2675 5631 2766 5695; x_wconf 78' lang='grc'><strong>51.</strong></span> <span class='ocrx_word' id='word_1_834' title='bbox 2801 5635 2875 5689; x_wconf 89' lang='lat' dir='ltr'><strong><em>al.</em></strong></span> <span class='ocrx_word' id='word_1_835' title='bbox 2902 5634 2989 5688; x_wconf 89' lang='grc'><strong><em>11.</em></strong></span> 
     </span>
    </p>
   </div>
   <div class='ocr_carea' id='block_1_118' title="bbox 2062 5700 3523 5776">
    <p class='ocr_par' dir='ltr' id='par_1_118' title="bbox 2062 5700 3523 5776">
     <span class='ocr_line' id='line_1_119' title="bbox 2062 5700 3523 5776; baseline 0.001 -21"><span class='ocrx_word' id='word_1_836' title='bbox 2062 5702 2151 5776; x_wconf 64' lang='grc' dir='ltr'><strong><em>ᾅΔν)</em></strong></span> <span class='ocrx_word' id='word_1_837' title='bbox 2181 5700 2614 5776; x_wconf 35' lang='lat' dir='ltr'><strong><em>Fontanmﬂist.</em></strong></span> <span class='ocrx_word' id='word_1_838' title='bbox 2676 5702 2863 5759; x_wconf 90' lang='lat' dir='ltr'><strong><em>Litter.</em></strong></span> <span class='ocrx_word' id='word_1_839' title='bbox 2914 5702 3119 5776; x_wconf 82' lang='lat' dir='ltr'><strong><em>Aquil.,</em></strong></span> <span class='ocrx_word' id='word_1_840' title='bbox 3167 5702 3264 5760; x_wconf 89' lang='lat' dir='ltr'><strong><em>lib.</em></strong></span> <span class='ocrx_word' id='word_1_841' title='bbox 3300 5719 3374 5769; x_wconf 84' lang='lat' dir='ltr'><strong><em>Iv,</em></strong></span> <span class='ocrx_word' id='word_1_842' title='bbox 3406 5715 3523 5774; x_wconf 74' lang='lat' dir='ltr'><strong><em>cap.</em></strong></span> 
     </span>
    </p>
   </div>
   <div class='ocr_carea' id='block_1_119' title="bbox 1965 5770 2514 5847">
    <p class='ocr_par' dir='ltr' id='par_1_119' title="bbox 1965 5770 2514 5847">
     <span class='ocr_line' id='line_1_120' title="bbox 1965 5770 2514 5847; baseline 0.004 -19"><span class='ocrx_word' id='word_1_843' title='bbox 1965 5770 2018 5842; x_wconf 84' lang='lat'><strong><em>5,</em></strong></span> <span class='ocrx_word' id='word_1_844' title='bbox 2052 5770 2191 5845; x_wconf 61' lang='lat' dir='ltr'><strong><em>5m,</em></strong></span> <span class='ocrx_word' id='word_1_845' title='bbox 2236 5788 2358 5847; x_wconf 73' lang='lat' dir='ltr'><strong><em>pag.</em></strong></span> <span class='ocrx_word' id='word_1_846' title='bbox 2398 5772 2514 5830; x_wconf 70' lang='grc'><strong>194.</strong></span> 
     </span>
    </p>
   </div>
   <div class='ocr_carea' id='block_1_120' title="bbox 3137 5934 3217 5997">
    <p class='ocr_par' dir='ltr' id='par_1_120' title="bbox 3137 5934 3217 5997">
     <span class='ocr_line' id='line_1_121' title="bbox 3137 5934 3217 5997; baseline 0.025 -2"><span class='ocrx_word' id='word_1_847' title='bbox 3137 5934 3217 5997; x_wconf 84' lang='lat'><strong><em>38</em></strong></span> 
     </span>
    </p>
   </div>
  </div>
