4000 6266
496 367 637 423 1195

1348 353 1405 409 S.
1445 348 1847 421 CLEMENTIS
1880 346 1901 400 l
1942 343 2110 399 ROM.
2153 339 2356 396 BONT.
2397 337 2624 393 OPERA
2654 334 2877 391 DUBIA.

3599 327 3728 385 H96

491 483 668 538 tientia
709 481 972 536 Brixiano
1024 477 1285 547 episcopo,
1351 488 1420 525 an
1474 466 1791 522 Novariensi
1835 462 2068 517 Ruﬁnus
2098 472 2139 525 Α
2173 463 2424 525 superest
2480 453 2751 508 dubitatio
2807 452 2939 521 quin
2976 446 3299 504 Gaudentius
3347 444 3618 516 episcopus
3646 447 3727 501 cui

492 574 623 630 illud
652 584 791 643 opus
817 567 1179 638 inscripserit.
1221 566 1341 619 Alio
1366 563 1499 618 abiit
1539 561 1748 630 primus
1787 555 1911 610 libri
1934 553 2054 609 vul-

491 677 647 739 gator
676 666 915 722 Jacobus
946 662 1121 717 Faber
1161 655 1526 728 Stapulensis,
1564 651 1917 707 Gaudentium
1946 647 2061 717 glo-

490 762 693 816 riosum
743 757 942 814 Christi
1000 762 1289 823 martyrem
1334 748 1535 819 pariter
1589 756 1639 800 et
1676 743 2061 797 Ariminensem

488 856 786 923 episcopum
829 864 942 920 prae
966 847 1142 903 oculis
1166 844 1373 898 habens
1402 840 1533 911 :qui
1579 847 1764 893 tamen
1796 836 1899 891 sub
1924 833 2061 889 Con-

489 947 692 1004 stantio
708 944 973 1013 Augusto,
1007 946 1159 994 tanto
1187 941 1332 999 ante,
1368 948 1467 1004 pro
1493 931 1713 987 Christo
1739 927 2058 998 sanguinem

490 1040 725 1095 fuderat.
754 1035 922 1090 Varie
943 1032 1113 1096 variis
1142 1031 1246 1084 hoc
1275 1037 1436 1099 pacto
1476 1039 1684 1082 serram
1706 1021 2055 1083 ducentibus,

487 1142 692 1205 quanto
714 1129 909 1185 melius
937 1127 1106 1182 David
1131 1122 1446 1178 Blondellus
1496 1119 1564 1175 de
1612 1115 1881 1172 Brimiensi
1941 1126 2061 1167 om-

487 1203 621 1277 nino
681 1218 948 1275 intellexit
990 1216 1130 1287 (55)!
1198 1211 1459 1266 Ruﬁnum
1510 1210 1565 1263 in
1622 1206 1939 1278 praefatione
1993 1203 2061 1257 ad

487 1310 847 1369 Gaudentium
873 1310 977 1364 hoc
1006 1308 1209 1362 diserte
1239 1303 1685 1375 comprobantem
1721 1298 2010 1355 audiamus
2043 1318 2055 1351 :

490 1400 609 1460 Tibi
638 1402 848 1476 quidem
870 1399 1153 1464 Gaudenti,
1202 1404 1517 1452 nostrorum
1544 1394 1701 1450 decus
1732 1394 1934 1464 insigne
1962 1392 2060 1447 do-

486 1505 722 1561 ctorum,
780 1502 957 1548 tantus
1015 1490 1213 1563 ingenii
1272 1490 1435 1560 vigor,
1492 1488 1597 1541 imo
1654 1496 1805 1540 tanta
1843 1485 2059 1554 spiritus

491 1589 666 1660 gratia
693 1593 802 1646 est,
824 1593 900 1640 .ut
935 1585 981 1636 si
1015 1580 1139 1651 quid
1172 1598 1203 1633 a
1237 1589 1286 1633 te
1320 1580 1479 1632 etiam
1517 1576 1819 1647 quotidiani
1854 1576 2054 1644 eloquii

490 1710 633 1747 more
662 1691 895 1753 dicitur;
924 1690 970 1740 si
996 1686 1123 1757 quid
1152 1688 1207 1740 in
1248 1683 1473 1738 ecclesia
1513 1682 1867 1743 declamatur,
1908 1681 1962 1733 id
1999 1681 2054 1733 in

490 1798 644 1852 libris
669 1794 879 1857 haberi,
907 1803 953 1848 et
983 1793 1051 1845 ad
1090 1790 1504 1846 instructionem
1544 1787 1681 1841 tradi
1709 1785 1930 1856 posteris
1963 1786 2054 1838 de-

491 1899 628 1953 beat.
658 1895 801 1951 lnfra
826 1909 988 1950 vero:
1008 1890 1241 1963 Equum
1263 1900 1339 1945 est
1362 1906 1488 1945 sane
1511 1889 1629 1954 tibi,
1653 1889 1743 1959 qui
1765 1887 1873 1942 hcce
1896 1887 2053 1941 etiam

488 2003 673 2059 Griecc
714 2000 910 2071 legeris
944 1998 1028 2069 (ne
1066 1997 1200 2066 forte
1237 1998 1293 2051 in
1341 1995 1604 2065 aliquibus
1642 2011 1674 2048 a
1703 1994 1848 2046 nobis
1880 2009 2055 2046 serua-

490 2105 602 2148 tum
653 2090 1019 2145 translationis
1072 2090 1305 2143 ordinem
1353 2086 1559 2156 putes),
1609 2084 2051 2154 interpretationis

486 2183 933 2238 nostrteindicare
954 2180 1249 2234 consilium.
1274 2175 1399 2233 Haec
1419 2176 1590 2247 elogia
1613 2176 1667 2230 in
1691 2173 2050 2230 Gaudentium

482 2266 803 2335 episcopum
831 2279 859 2317 a
890 2262 1091 2318 Ruﬁno
1118 2271 1400 2334 congesta,
1451 2263 1544 2316 uni
1590 2261 1848 2315 Brixiano
1882 2259 2059 2329 aptari

484 2361 753 2425 possunt;
785 2364 1048 2425 pranerea
1084 2353 1311 2408 nemini.
1358 2351 1409 2408 ls
1441 2352 1588 2408 enim
1618 2350 1721 2405 fuit
1761 2348 1946 2402 doctor
1975 2349 2059 2403 vel

484 2456 751 2502 tractator
802 2447 1058 2519 insignis.
1111 2447 1188 2501 Ita
1242 2445 1389 2502 enim
1437 2444 1533 2515 qui
1580 2443 1804 2499 verbum
1848 2440 1943 2495 Dei
1970 2456 2058 2495 sa—

483 2554 719 2609 orasque
747 2538 961 2594 litteras
993 2540 1080 2593 vel
1124 2552 1258 2593 voce
1286 2537 1371 2593 vel
1402 2537 1606 2607 scripto
1631 2539 1967 2605 exponerent
1996 2547 2059 2584 ac

483 2634 764 2697 docerent,
797 2633 867 2687 ab
889 2630 1280 2689 ecclesiasticis
1311 2630 1671 2701 scriptoribus
1699 2627 1904 2698 passim
1925 2625 2055 2688 dici,

485 2722 769 2783 adnotavit
824 2721 1157 2778 Franciscus
1202 2722 1576 2778 Bernardinus
1606 2717 1895 2773 Ferrarius
1921 2715 2055 2788 (56),

482 2826 552 2872 ex
581 2813 890 2870 Gaudentio
913 2813 1173 2869 Brixiano
1200 2813 1507 2883 exemplum
1557 2811 1721 2865 etiam
1756 2807 2056 2866 adducens,

483 2923 515 2962 a
541 2923 652 2979 quo
683 2906 961 2962 Sermones
994 2908 1101 2971 sui,
1134 2907 1190 2960 in
1242 2905 1462 2961 ecclesia
1489 2902 1794 2964 declamati,
1819 2907 1880 2953 ut
1908 2897 2058 2951 Ruﬁ-

482 3015 589 3056 nus
615 3000 763 3071 loqui
797 3007 965 3065 amat,
996 3006 1256 3052 tractatus
1278 2997 1536 3051 dicuntur
1565 2994 1619 3047 in
1647 2990 1965 3063 praefatione
1991 2988 2056 3041 ad

482 3092 826 3148 Benivolum.
873 3090 1021 3145 Idem
1065 3088 1300 3143 eximius
1338 3086 1567 3139 antistes
1610 3098 1669 3138 se
1723 3079 2058 3149 comperisse

2165 549 2396 603 Ruﬁnus
2446 547 2763 602 Clementem
2818 561 2979 600 suum
3028 539 3390 612 nuncupavit,
3426 539 3589 593 fuerit
3611 539 3727 593 Bri-

2161 640 2374 699 xianus,
2410 652 2518 690 non
2546 636 2704 689 alius.

2231 729 2318 784 Vl.
2348 729 2473 785 Haec
2502 728 2678 784 fusius
2712 733 3035 798 prosecutus
3071 740 3191 779 sum
3233 732 3455 795 propter
3484 721 3731 776 doctissi-

2164 837 2285 877 mos
2306 822 2475 885 viros,
2508 820 2719 875 Sixtum
2758 818 3052 873 Senensem
3075 816 3187 888 (57)
3217 825 3269 871 et
3297 813 3594 870 Robertum
3618 812 3731 868 Bel-

2160 915 2451 968 larminum
2476 912 2588 985 (58)
2628 911 2992 968 venerabilem
3036 908 3388 973 cardinalem,
3424 906 3516 977 qui
3560 904 3729 958 Ruﬁni

2161 1005 2531 1076 praefationem
2563 1003 2631 1058 ad
2658 1000 3023 1057 Gaudentium
3059 1014 3158 1070 pro
3184 997 3555 1052 commentitia
3579 996 3732 1049 nimis

2160 1112 2387 1167 propere
2430 1095 2759 1150 habuerunt.
2808 1089 3124 1146 Bellarmini
3165 1088 3437 1159 proferam
3481 1086 3645 1140 verba
3668 1084 3733 1138 ob

2160 1189 2396 1257 glossam
2440 1201 2603 1257 quam
2656 1184 2906 1238 Labbeus
2948 1182 3056 1235 illis
3108 1179 3385 1233 adnectit:
3419 1174 3569 1231 Sicut
3614 1176 3734 1243 ipste

2160 1278 2584 1350 Recognitiones
2606 1275 2744 1345 [also
2772 1274 2998 1343 fortasse
3024 1271 3325 1325 tribuuntur
3349 1267 3637 1331 Clementi,
3664 1268 3736 1320 ita

2158 1374 2318 1427 etiam
2344 1387 2446 1425 non
2481 1379 2556 1423 est
2588 1367 2891 1422 incredibile
2906 1364 3052 1443 falso
3096 1363 3204 1416 illis
3247 1361 3553 1430 adjunctam
3576 1357 3735 1429 fuisse

2159 1463 2524 1534 praefationem
2546 1460 2724 1529 Ruﬁni
2744 1458 2896 1529 quasi
2921 1455 3235 1525 interpretis.
3265 1452 3347 1507 Ad
3371 1453 3485 1507 haec
3506 1452 3586 1505 sic
3606 1451 3737 1506 scri-

2160 1557 2240 1611 bit
2275 1556 2526 1610 Labbeus
2556 1552 2668 1625 (59)
2704 1571 2716 1606 :
2756 1550 2947 1604 Verum
2991 1549 3343 1617 imposturam
3385 1561 3489 1599 non
3529 1543 3735 1614 agnovit

2162 1645 2488 1713 Gennadius,
2525 1661 2616 1699 nec
2634 1644 2747 1713 ejus
2774 1657 3016 1712 sequaces
3043 1640 3313 1693 Honorius
3334 1646 3382 1692 et
3401 1636 3734 1691 Trithemius.

2162 1738 2293 1793 Post
2322 1735 2585 1791 Joannem
2609 1734 2959 1799 Rainoldum,
2992 1740 3306 1787 nostrorum
3324 1730 3734 1799 exscriptorem,

2088 1825 2133 1887 Β
2162 1829 2215 1883 in
2240 1828 2477 1883 Censura
2501 1825 2936 1896 apocryphorum,
2960 1822 3147 1878 eodem
3172 1837 3235 1875 ac
3260 1819 3444 1875 Sixtus
3462 1829 3516 1875 et
3534 1820 3737 1873 Bellar-

2166 1919 2347 1974 minus
2382 1917 2648 1989 spectavit
2683 1914 2961 1970 Gerardus
2997 1911 3240 1981 Joannes
3268 1910 3518 1977 Vossius,
3563 1908 3740 1978 Ruﬁni

2164 2006 2243 2061 vel
2286 2006 2505 2060 alterius
2561 2003 2656 2057 sub
2710 2003 2823 2072 ejus
2876 2002 3083 2056 nomine
3136 1999 3504 2071 praefationem
3556 2000 3739 2070 appel-

2164 2100 2285 2155 lans
2330 2098 2463 2169 (60).
2497 2096 2609 2152 lmo
2653 2095 2795 2150 infra
2844 2095 3042 2149 nedum
3088 2092 3461 2164 praefationem
3526 2108 3741 2161 prorsus

2164 2192 2431 2262 ﬁctilium,
2467 2188 2559 2245 sed
2595 2196 2649 2243 et
2681 2188 2850 2242 libros
2879 2189 3027 2257 ipsos
3067 2184 3498 2256 Recognitionum
3535 2184 3601 2238 ab
3639 2185 3742 2238 alio

2163 2296 2326 2352 quam
2359 2296 2388 2334 a
2417 2277 2617 2333 Ruﬁno
2660 2278 2970 2339 translatos,
3011 2292 3069 2331 se
3091 2276 3315 2331 credere
3342 2276 3515 2330 malle
3542 2274 3746 2346 signiﬁ-

2163 2381 2271 2433 cat.
2301 2370 2499 2428 Vossio
2524 2370 2592 2424 ad
2621 2385 2866 2424 errorem
2909 2369 3198 2439 praeiverat
3235 2368 3446 2438 Gaspar
3491 2367 3744 2421 Barthius

2164 2466 2249 2520 his
2278 2465 2458 2539 verbis
2493 2462 2604 2534 (61)
2632 2482 2645 2517 :
2692 2460 3124 2531 Recognitionum
3160 2458 3442 2515 Clementis
3474 2460 3629 2513 titulo
3664 2462 3743 2512 in-

2163 2557 2347 2626 scripti
2380 2555 2524 2616 tibri,
2560 2552 2875 2609 Clementem
2902 2567 2964 2604 ne
3009 2559 3275 2603 auctorem
3302 2557 3349 2602 et
3380 2547 3634 2618 Ruﬁnum
3672 2550 3748 2601 in-

2166 2659 2441 2718 terpretem
2479 2645 2723 2709 habeant,
2757 2660 2859 2697 non
2888 2654 2964 2696 est
3006 2641 3165 2710 facile
3200 2640 3453 2695 decidere.
3479 2638 3634 2696 Viris
3665 2642 3748 2695 lit-

2162 2743 2409 2790 teratura
2436 2731 2831 2788 cxcultissimis
2854 2730 3052 2784 nollem
3082 2728 3197 2782 haec
3219 2728 3573 2784 excidissent.
3600 2729 3747 2783 Nun-

2163 2826 2293 2896 quid
2326 2823 2542 2880 diﬁicile
2581 2829 2666 2879 est
2712 2819 2966 2885 decidere,
3001 2819 3145 2890 quod
3184 2822 3363 2889 spissa
3407 2826 3460 2873 et
3504 2819 3747 2891 locuples

2161 2923 2408 2975 veterum
2468 2921 2949 2968 monumenlorum
3021 2912 3322 2966 auctoritas
3390 2908 3749 2980 comprobat?

2162 3004 2331 3060 Nihili
2360 3020 2488 3075 ergo
2508 3012 2592 3059 est
2614 3002 2846 3057 Ruﬁnus
2876 3004 2993 3072 ipse
3014 3002 3066 3055 in
3091 3001 3436 3071 peroratione
3458 2999 3750 3055 Commen-

2162 3098 2429 3151 tariorum
2457 3094 2709 3165 Origcnis
2738 3094 2792 3148 in
2823 3092 2979 3148 Pauli
3011 3093 3312 3163 Epistolam
3345 3093 3413 3146 ad
3445 3092 3746 3156 Romanos,

483 3186 580 3247 ait,
608 3202 640 3237 a
664 3183 885 3237 notariis
938 3181 1163 3234 latenter
1200 3176 1474 3248 appositis,
1509 3180 1779 3227 tractatus
1814 3186 1944 3225 suos
1993 3185 2056 3223 ex
2088 3171 2130 3227 C
2170 3190 2285 3254 ubi,
2316 3186 2608 3242 σαηάεηιξυ
2646 3189 2883 3257 episcopo
2913 3198 3239 3257 perm-gente,
3276 3200 3334 3240 se
3370 3200 3591 3255 Operam
3622 3186 3751 3239 dare

480 3290 578 3330 Ore
605 3274 876 3343 loquentis
906 3272 1187 3326 collectos.
1242 3267 1359 3322 lloc
1409 3267 1551 3321 idem
1606 3264 1782 3334 inquit
1822 3261 2053 3315 Ruﬁnus

481 3364 569 3418 his
614 3362 797 3417 verbis
826 3380 839 3415 :
902 3359 962 3414 Si
993 3358 1117 3429 quid
1144 3375 1177 3411 a
1209 3366 1277 3423 te,
1307 3357 1466 3409 etiam
1521 3352 1823 3424 quotidiani
1864 3352 2057 3422 eloquii

484 3471 627 3509 more
657 3454 875 3517 dicitur,
906 3452 953 3505 si
978 3450 1102 3522 quid
1145 3451 1201 3504 in
1237 3447 1457 3504 ecclesia
1505 3446 1858 3510 declamatur,
1912 3455 1961 3500 et
1988 3444 2056 3499 ad

482 3544 883 3597 instructionem
935 3541 1074 3594 tradi
1113 3540 1347 3595 videmus
1382 3556 1400 3593 :
1455 3539 1524 3593 ab
1572 3538 1639 3593 iis
1672 3537 1930 3591 nimirum
1964 3536 2057 3606 qui

485 3637 751 3699 notarios,
779 3650 843 3690 ea
870 3635 1052 3690 omnia
1079 3634 1220 3688 clam
1264 3639 1613 3702 excepturos,
1643 3630 2055 3685 submittebant.

484 3728 845 3790 Gaudentius,
879 3735 1021 3782 teste
1075 3726 1293 3790 Ruﬁno,
1348 3725 1559 3779 ercas
1586 3723 1793 3777 litteras
1848 3720 2057 3776 calluit.

485 3820 687 3886 Quidni
721 3834 869 3887 vero,
894 3819 989 3890 qui
1023 3834 1210 3875 sacras
1263 3815 1731 3888 peregrinationes
1759 3828 1854 3884 per
1875 3812 2061 3868 Orien-

485 3924 593 3970 tem
627 3929 687 3969 sc
715 3914 1030 3983 suscepisse
1063 3919 1317 3976 testatur,
1347 3910 1437 3964 ubi
1468 3924 1712 3978 eousque
1758 3906 1901 3961 fama
1940 3906 2061 3975 ejus

485 4009 750 4062 virtutum
781 4007 1050 4078 pervenit,
1080 4012 1139 4059 ut
1177 4002 1534 4059 Orientalium
1566 4001 1859 4072 praesulum
1894 4015 2059 4053 suasu

485 4100 784 4171 episcopali
811 4099 987 4163 oneri,
1015 4108 1139 4169 post
1163 4096 1442 4151 Philastrii
1474 4094 1703 4157 obitum,
1730 4108 1762 4147 a
1791 4093 1905 4147 suis
1964 4106 2062 4161 per

488 4195 813 4264 legationem
861 4208 927 4248 eo
979 4193 1203 4247 missam
1257 4190 1357 4245 sibi
1402 4187 1743 4250 denuntiato,
1804 4186 2062 4239 humeros

487 4287 877 4357 supposuerit?
903 4284 1107 4339 Ibidem
1136 4282 1332 4337 Joanni
1371 4281 1767 4352 Chrysostomo
1818 4278 2061 4332 nondum

486 4380 748 4449 episcopo
811 4379 1003 4433 stricta
1068 4372 1473 4430 necessitudine
1525 4370 1793 4436 adhaesit;
1852 4384 2063 4439 proque

487 4486 574 4534 eo,
597 4468 946 4540 postmodum
980 4468 1299 4538 epiSCOpatu
1358 4465 1594 4534 dejecto,
1628 4462 1839 4532 legatus
1871 4459 2060 4515 Eccle-

490 4562 587 4617 sia:
636 4560 900 4616 Romana:
955 4557 1489 4627 Constantinopolim
1561 4554 1768 4609 missus
1824 4561 1929 4608 est.
1974 4552 2055 4607 Ad

488 4654 737 4723 ejusdem
793 4652 1085 4708 Gaudentii
1137 4665 1444 4705 sermonem
1504 4648 1607 4714 l6,
1680 4645 2087 4718 Chrysostomi‘

489 4747 776 4817 epistolam
806 4746 930 4810 484,
973 4743 1201 4798 Palladii
1244 4742 1551 4812 Dialogum,
1577 4757 1699 4811 cap.
1729 4741 1784 4805 4,
1825 4748 1878 4795 et
1907 4739 2066 4793 Nice-

491 4840 725 4910 phorum
748 4837 1034 4893 Callistum
1065 4836 1158 4893 lib.
1211 4848 1334 4899 xm,
1386 4848 1507 4904 cap.
1561 4832 1654 4887 2‘2.
1696 4831 1883 4902 Itaque
1917 4832 2065 4885 nulla

562 5016 677 5087 (55)
702 5013 991 5087 Blondell.,
1034 5009 1497 5087 Rseudo-Isidorq
1528 5027 1649 5082 pag.
1669 5010 1759 5068 28.

564 5082 677 5209 ('56;
730 5083 986 5146 Ferrar.,
1047 5083 1125 5138 De
1176 5085 1268 5138 rit.
1338 5100 1547 5136 sacrar.
1605 5099 1797 5147 conc.,
1863 5082 1959 5137 lib.
2016 5099 2065 5151 ι,

493 5173 694 5225 cap..
904 5182 923 5225 ς
1086 5224 1163 5225 κγ
1254 5224 1299 5225 νγ
1622 5224 1675 5225 έν
1776 5222 2005 5225 Πίῳ

567 5182 694 5297 ῗὲτῖ
712 5225 862 5297 sm.
892 5224 1048 5290 Sen.,
1077 5224 1219 5279 Bibl.
1252 5224 1346 5279 lib.
1373 5239 1435 5287 ιι,
1466 5239 1590 5295 pag.
1612 5224 1702 5289 εδ,
1734 5224 1828 5280 ubi
1855 5224 1922 5279 de
1948 5222 2071 5278 Cle-

495 5296 667 5352 ment.
702 5296 970 5365 Hecagnit.

571 5368 684 5437 (58)
726 5367 1004 5431 Bellarm.,
1037 5365 1241 5429 Catal.,
1265 5366 1332 5420 ad
1355 5381 1485 5421 ann.
1517 5366 1642 5431 590,
1674 5381 1797 5436 pag.
1826 5365 1950 5429 155,
1980 5365 2071 5419 ubi

497 5438 563 5491 de
600 5437 817 5493 Ruﬁno.

540 5507 876 5607 “('59)ml(.lab.,
904 5506 1130 5561 Dissert.
1154 5506 1339 5575 philol.
1366 5506 1431 5561 de
1452 5508 1632 5577 script.
1663 5506 1815 5572 eccl.,
1845 5514 1977 5561 tom.
2006 5504 2071 5569 ll,

500 5592 622 5647 pug.
662 5578 787 5633 309.

576 5650 687 5717 (66)
730 5647 913 5709 Voss.,
937 5647 1015 5702 De
1048 5648 1193 5704 Hist.
1216 5646 1333 5708 ατ..
1366 5648 1463 5702 lib.
1505 5664 1564 5712 ιι,
1594 5664 1715 5717 cap.
1743 5646 1795 5702 9.

574 5716 690 5841 (bl)
726 5717 935 5779 Barth.,
966 5719 1334 5800 Adoers.,.lib.
1362 5734 1483 5783 XLV,
1518 5735 1638 5788 cap.
1664 5716 1723 5772 ’5.

578 5786 668 5841 (6‘2
727 5786 993 5841 Gennad..
1023 5786 1099 5841 De
1121 5797 1298 5841 scrmt.
1330 5789 1482 5841 eccl..
1508 5804 1626 5841 can.
1662 5789 1723 5841 l'l

578 5786 690 5857 (62)
727 5786 993 5847 Gennad..
1023 5786 1099 5841 De
1121 5790 1298 5854 script.
1330 5789 1482 5851 eccl.,
1508 5786 1626 5857 cap.
1662 5789 1743 5842 17.

576 5856 692 5925 (625)
729 5857 947 5924 AnasL,
971 5859 1112 5912 inter
1166 5858 1303 5927 Opp.
1330 5856 1628 5924 δὶιυιιιυιιᾱη
1666 5868 1798 5914 tom.
1834 5859 1919 5921 Ill,
1955 5874 2075 5932 pag.

2164 3283 2262 3341 ait,
2313 3290 2372 3335 ut
2409 3279 2725 3336 Clementem
2768 3278 3022 3333 Latinum
3067 3278 3268 3331 faciat?
3315 3277 3482 3331 Nihili
3528 3275 3750 3331 Genna-

2161 3373 2285 3428 dius
2315 3371 2445 3444 (62),
2481 3370 2765 3426 Clementis
2796 3368 3020 3423 Romani
3063 3367 3493 3438 Recognitionum
3517 3368 3693 3422 libros
3722 3381 3752 3419 a

2159 3464 2357 3521 Ruﬁno
2401 3464 2594 3519 Latine
2642 3462 2886 3518 redditos
2937 3461 3211 3517 narrans?
3262 3458 3510 3531 Longum
3547 3459 3610 3512 ﬁt
3652 3456 3752 3512 iter

2159 3559 2579 3621 conﬁciendum,
2608 3556 2654 3611 si
2680 3556 2817 3609 alios
2838 3554 3032 3609 deinde
3068 3569 3179 3607 rem
3210 3553 3453 3607 eamdem
3486 3559 3751 3606 testantes

2161 3666 2481 3723 percurrere
2510 3649 2689 3704 velim.
2716 3647 2784 3700 At
2814 3646 3050 3700 indictos
3100 3644 3254 3700 abire
3276 3660 3382 3699 non
3414 3643 3593 3713 patiar
3616 3658 3752 3697 non-

2162 3740 2361 3795 nullos.
2415 3738 2743 3794 Anastasius
2801 3736 3257 3790 Bibliothecarius
3308 3735 3364 3789 in
3406 3735 3640 3804 epistola
3685 3731 3749 3786 ad

2160 3828 2425 3886 Joannem
2457 3829 2756 3883 Diaconum
2786 3828 2897 3900 (65)
2927 3847 2939 3881 :
2974 3825 3312 3890 Clementem,
3337 3826 3435 3891 ait,
3466 3841 3619 3895 quem
3644 3824 3751 3876 Ru-

2166 3923 2305 3991 finus
2342 3932 2537 3977 nostra:
2569 3921 2761 3990 lingua:
2793 3919 3080 3983 redditum,
3112 3920 3413 3972 restitutum
3452 3927 3501 3972 et
3531 3916 3750 3971 redeun—

2166 4024 2287 4077 tem,
2331 4013 2398 4067 ad
2448 4011 2801 4065 Gaudentium
2842 4010 3096 4075 scribens,
3142 4010 3336 4063 innuit.
3381 4009 3457 4064 De
3498 4012 3750 4064 versione

2168 4107 2297 4160 item
2354 4104 2536 4158 Ruﬁni
2588 4119 2752 4174 agens
2805 4112 3029 4158 sanctus
3087 4101 3361 4168 Isidorus,
3414 4101 3751 4172 Ilispalensis

2167 4201 2479 4268 cpiscopus,
2519 4212 2585 4252 ex
2606 4181 2672 4251 ea
2702 4196 3075 4250 testimonium
3104 4194 3327 4249 adducit
3357 4194 3490 4265 (64).
3516 4195 3751 4249 Sanctus

2165 4290 2484 4345 Aldhelmus
2517 4288 2701 4343 laudat
2736 4288 2848 4359 (65)
2884 4286 3229 4342 Itinerarium
3258 4285 3407 4341 Petri
3436 4288 3589 4358 (sunt
3632 4286 3751 4341 Cleo

2164 4383 2364 4437 mentis
2380 4381 2789 4452 Recognitiones)
2800 4420 2815 4444 ,
2832 4379 3020 4450 Ruﬁno
3034 4380 3087 4433 in
3107 4378 3357 4433 Latinum
3372 4394 3436 4432 ea:
3450 4378 3750 4434 Gra’corum

2165 4474 2490 4528 bibliothecis
2529 4481 2770 4527 vertente.
2812 4472 2893 4526 Ad
2932 4472 3047 4526 hinc
3094 4470 3240 4527 Beda
3294 4470 3749 4542 Recognitionibus

2167 4560 2337 4621 utitur
2394 4564 2530 4637 (66).
2580 4562 2712 4619 Item
2746 4563 3064 4633 Agobardus
3122 4562 3257 4633 (67),
3303 4561 3588 4617 Freculfus
3618 4562 3748 4633 (68),

2165 4656 2498 4711 llincmarus
2529 4655 2642 4728 (69)
2669 4663 2723 4711 et
2753 4654 3029 4709 Honorius
3060 4654 3196 4725 (70).
3257 4652 3390 4708 Tam
3420 4653 3642 4709 disertis
3669 4662 3750 4707 te»

2166 4745 2343 4800 stibus
2374 4752 2682 4799 consonant
2734 4742 3163 4814 Recognitionum
3196 4744 3415 4798 codices
3448 4745 3750 4813 mss.plane

2167 4852 2381 4899 omnes,
2422 4836 2601 4906 Ruﬁni
2632 4837 2947 4906 interpretis
2992 4851 3190 4891 nomen
3235 4836 3608 4906 prmferentcs.
3636 4838 3751 4902 Quo

2242 5086 2355 5160 (64)
2396 5087 2615 5149 lsidor.,
2650 5085 2728 5160 De
2756 5092 2868 5138 nat.
2903 5101 3035 5150 rer.,
3067 5100 3229 5156 capp.
3260 5084 3325 5138 17
3355 5092 3410 5139 et
3439 5085 3530 5149 51,
3561 5093 3613 5139 et
3639 5082 3753 5139 Ori-

2170 5156 2279 5228 gin.
2305 5156 2401 5214 lih.
2434 5173 2513 5228 ιιι,
2544 5172 2665 5228 cap.
2700 5156 2752 5209 1.

2245 5230 2357 5299 (65)
2392 5224 2694 5299 Aldhelm”
2736 5226 2814 5281 De
2844 5226 2992 5281 laud.
3036 5224 3265 5297 Virgin.,
3314 5240 3437 5295 pag.
3490 5227 3591 5280 516
3618 5224 3747 5279 edit.

2173 5296 2348 5354 Lond.
2384 5296 2669 5350 Warthon.

2248 5369 2360 5439 (66)
2400 5367 2551 5428 Bed.,
2586 5365 2652 5418 In
2710 5365 2994 5439 Hexaem”
3037 5368 3105 5439 ad
3157 5382 3316 5439 capp.
3372 5366 3425 5429 1,
3488 5366 3541 5439 6,
3597 5365 3649 5430 7,
3694 5364 3747 5439 8_.

2175 5434 2351 5503 Gen.;'
2379 5439 2432 5509 in
2477 5439 2594 5489 Act.
2645 5446 2819 5506 apost.
2850 5456 2902 5501 v,
2954 5438 3127 5509 §34;
3176 5434 3409 5491 Ret—ract.
3453 5438 3522 5490 ad
3566 5434 3747 5491 eumd.

2178 5511 2281 5563 loc.
2307 5516 2361 5562 et
2396 5506 2467 5578 De
2490 5516 2592 5559 rat.
2625 5516 2801 5578 temp.,
2828 5506 3034 5578 cap.'5.

2248 5578 2359 5647 (67)
2395 5575 2693 5647 ῥεοιιειιᾱη
2732 5580 2804 5632 De
2828 5575 3044 5633 Judaic.
3074 5589 3322 5645 superst.,
3352 5592 3454 5645 cap
3508 5575 3589 5629 16.

2249 5645 2360 5716 (68)
2396 5645 2628 5701 Freculﬁ
2707 5648 2901 5704 Chron.
2926 5661 3057 5703 tom.
3089 5650 3149 5705 ll.
3179 5649 3271 5703 lib.
3317 5664 3375 5709 ιι,
3407 5664 3523 5716 cap.
3560 5647 3643 5699 10.

2251 5716 2361 5841 (6ῦᾷ
2402 5716 2701 5783 lliinrmar.,
2762 5718 2839 5773 De
2886 5720 3073 5773 divort.
3122 5717 3339 5771 Lothar.
3392 5727 3440 5769 et
3494 5717 3749 5788 Tetberg.,

2181 5805 2299 5857 cap.
2328 5805 2381 5842 υ.

2254 5860 2364 5931 (70)
2402 5857 2631 5925 Honor.,
2660 5859 2733 5914 De
2762 5861 2945 5921 tumin,
2976 5858 3176 5913 Eccles.
3198 5902 3210 5926 ,
3230 5876 3348 5924 cap.
3392 5860 3471 5918 ιδ.
