4000 6266
340 341 478 398 1197

1433 333 2005 392 RECOGNlTlONES.
2046 366 2115 376 —
2148 335 2505 392 PROOEMIA.

3462 340 3603 396 1198

340 459 524 514 minus
564 472 694 528 ergo
718 456 866 512 viros
909 455 1196 527 insigniter
1238 455 1452 519 doctos,
1489 456 1554 509 ad
1587 454 1692 507 alia
1732 469 1929 524 prope-
1955 462 2001 517 Α
2030 454 2286 525 theologo
2334 451 2590 525 Dionysio
2631 452 2854 508 Petavio
2884 452 3018 525 (79),
3052 450 3353 507 Photiams
3386 453 3607 508 codices

341 557 527 604 rantes
566 548 681 603 haec
729 546 988 619 fugerint,
1031 562 1139 601 non
1182 554 1269 601 est
1327 545 1706 616 ambigendum
1740 564 1752 598 :
1786 545 1923 599 alias

341 657 456 697 rem
488 648 692 696 certain
739 655 840 710 pro
872 648 1183 694 commento
1223 653 1333 693 non
1376 638 1718 692 habuissent.
1756 635 1798 688 E
1836 635 1924 705 ju-

342 733 590 787 nioribus
642 729 971 794 Cotelerius,
1025 728 1209 783 Ruﬁni
1256 743 1380 783 esse
1429 727 1797 797 praefationem
1856 725 1924 779 ad

342 824 708 879 Gaudentium
750 824 906 894 juxta
950 839 1015 878 ac
1055 823 1364 879 versionem
1412 822 1583 877 totius
1622 820 1825 891 operis,
1856 835 1925 875 ex

343 918 483 987 stylo
510 917 674 971 etiam
706 916 930 987 probari
973 917 1050 969 ait
1093 916 1205 987 (71)
1233 935 1245 969 :
1280 922 1334 969 et
1367 913 1618 968 codicum
1660 912 1926 968 vetustio-

340 1021 461 1061 rum
492 1006 749 1077 pmsidio
773 1013 1060 1076 utramque
1084 1006 1280 1060 Ruﬁna
1303 1005 1564 1059 vindicat.
1599 1001 1752 1058 Unus
1779 1002 1926 1057 enim

338 1113 502 1167 quem
534 1097 742 1163 laudat,
793 1097 874 1151 sic
916 1097 1109 1167 incipit
1147 1115 1160 1151 :
1221 1094 1404 1165 Ruﬁni
1461 1093 1751 1164 presbyteri
1790 1108 1929 1161 prte-

339 1191 475 1260 fatio
538 1190 609 1244 ad
666 1189 1026 1245 Gaudentium
1084 1190 1387 1260 pontiﬁcem
1455 1189 1512 1241 in
1583 1185 1928 1241 Itinerarium

340 1282 659 1347 Clementis;
686 1284 751 1338 ab
784 1302 843 1339 ea
882 1301 947 1338 ea:
985 1282 1167 1339 erca
1211 1286 1266 1339 in
1305 1284 1558 1337 Latinum
1598 1299 1925 1338 conversum.

341 1378 411 1433 Et
462 1386 585 1449 post
636 1379 1040 1449 praefationem,
1099 1377 1503 1448 Clementisque
1548 1377 1616 1431 ad
1666 1375 1928 1430 Iacobum

340 1473 656 1543 epistolam,
708 1473 783 1526 ita
819 1472 1034 1527 habet:
1094 1470 1370 1525 Itinerarii
1419 1469 1724 1533 Clementis,
1783 1466 1931 1522 Petri

344 1562 576 1631 apostoli
619 1562 959 1626 successoris,
1005 1562 1135 1617 liber
1178 1563 1381 1631 primus
1425 1560 1631 1631 incipit,
1660 1578 1693 1613 a
1738 1558 1931 1629 Ruﬁno

344 1656 643 1711 traductus.
672 1654 945 1711 Cancrum
979 1654 1343 1710 Bellarminus
1387 1653 1629 1723 agnovit,
1678 1652 1930 1707 Clemen-

344 1747 491 1802 tinas
528 1745 921 1817 Recagnitiones
950 1761 979 1799 a
1023 1744 1221 1799 Ruﬁno
1257 1758 1595 1799 conversas:
1628 1758 1780 1806 nam,
1830 1740 1933 1794 Ba-

344 1840 503 1894 ronio
524 1839 710 1909 judice
739 1839 874 1911 (72),
907 1854 1055 1892 nemo
1081 1846 1158 1891 est
1184 1837 1272 1907 qui
1293 1835 1537 1889 dubitare
1564 1832 1768 1895 debeat,
1805 1848 1924 1885 cum

342 1931 649 1986 Gennadius
697 1931 792 1985 hoc
826 1932 998 2000 ipsum
1027 1930 1090 1984 de
1120 1928 1310 1999 Ruﬁno
1345 1936 1582 1982 testatur.
1644 1925 1711 1978 Et
1743 1933 1924 1978 tamen

342 2025 636 2095 Dupinium
660 2024 847 2079 audire
869 2025 1026 2079 nobis
1048 2022 1315 2089 contingit
1341 2020 1477 2091 (75),
1509 2018 1732 2073 omnino
1763 2017 1925 2070 aliam

342 2117 671 2173 sententiam
733 2115 1064 2172 Bellarmino
1121 2114 1482 2175 tribuentem,
1541 2126 1661 2165 eam
1717 2108 1925 2164 scilicet

340 2224 509 2277 quam
553 2207 930 2263 refutavimus.
961 2206 1073 2262 Nec
1115 2207 1299 2260 minus
1329 2208 1506 2275 spisso
1546 2217 1732 2258 errore
1774 2207 1926 2255 tanto

342 2307 472 2354 ante
500 2300 769 2355 irretitum
813 2299 1274 2370 deprehendimus
1320 2295 1671 2352 Anastasium
1719 2292 1925 2347 Biblio-

339 2391 647 2446 thecarium
682 2392 739 2446 in
775 2392 1005 2462 epistola
1036 2391 1199 2445 modo
1231 2390 1485 2454 adducta,
1519 2402 1753 2459 cumque
1784 2386 1875 2441 illo
1897 2401 1928 2441 e

332 2484 658 2554 junioribus
687 2482 907 2539 Petrum
945 2482 1222 2537 Danielem
1256 2482 1511 2538 lluetium
1542 2480 1676 2552 (74),
1711 2480 1927 2549 quando

338 2579 460 2633 haec
491 2578 676 2642 verba,
724 2576 926 2648 quibus
960 2574 1192 2629 Ruﬁnus
1244 2573 1617 2643 praefationem
1664 2587 1819 2626 suam
1859 2570 1928 2624 ad

337 2668 707 2724 Gaudentium
733 2668 1070 2738 auspicatur,
1094 2677 1150 2719 ut
1182 2664 1496 2720 Clementem
1517 2671 1711 2718 nostra:
1736 2662 1929 2733 linguae

336 2760 701 2823 redderemus,
732 2759 807 2813 ita
834 2764 1183 2829 acceperunt,
1209 2756 1361 2826 quasi
1382 2754 1772 2825 Recognitiones
1797 2753 1929 2822 ipsa:

335 2853 537 2908 Latine
595 2854 804 2919 scripta:
849 2852 1086 2921 primum
1140 2850 1391 2911 fuissent,
1430 2846 1777 2916 postmodum
1835 2844 1929 2897 de-

338 2945 605 3016 perdita,
650 2952 705 2999 et
736 2944 951 2997 demum
995 2958 1025 2995 a
1063 2942 1262 2996 Ruﬁno
1291 2957 1318 2994 e
1350 2938 1555 2993 Graecia
1608 2939 1662 2991 in
1710 2936 1929 2989 Latium

336 3037 633 3098 restitutae,
692 3048 803 3087 non
832 3050 858 3086 e
909 3031 1089 3087 Grasco
1118 3032 1415 3086 translata}.
1451 3030 1521 3081 At
1558 3029 1716 3099 plane
1759 3026 1927 3088 aliud,

338 3143 458 3182 non
484 3126 588 3181 hoc
618 3125 838 3195 scripsit
863 3122 1116 3187 Ruﬁnus,
1150 3125 1290 3193 apud
1322 3138 1483 3193 quem
1518 3120 1621 3175 viri
1654 3119 1799 3174 docti
1826 3119 1932 3187 pri-

334 3221 454 3275 mis
483 3224 693 3274 tantum
723 3216 955 3280 voculis,
987 3218 1065 3268 uti
1090 3215 1167 3281 ﬁt,
1196 3216 1392 3285 raptim
1420 3214 1675 3285 perlectis
1707 3214 1760 3266 in
1782 3228 1935 3267 erro-

337 3325 465 3366 rem
498 3308 719 3362 adducti
748 3314 897 3362 sunt.

415 3396 534 3451 Vll.
568 3396 679 3452 Nec
732 3398 949 3467 penitus
994 3396 1155 3451 nobis
1210 3394 1620 3464 praetereundus
1668 3400 1754 3447 est
1800 3390 1937 3444 alter

336 3489 662 3544 Bellarmini
687 3489 861 3551 locus,
890 3488 980 3542 ubi
1018 3489 1133 3541 haec
1184 3487 1248 3541 de
1279 3486 1644 3549 ,Clcmentinis
1687 3484 1939 3553 Recogni-

337 3575 580 3630 tionibus
623 3578 813 3631 scribit
847 3578 958 3648 (75)
995 3596 1007 3630 :
1047 3577 1196 3631 Teste
1218 3569 1534 3645 Epiphania,
1577 3576 1763 3628 hazresi
1808 3589 1937 3634 xxx,

336 3673 593 3729 Clemens
618 3668 728 3738 ipse
771 3678 994 3722 testatur
1036 3669 1313 3723 Circuitus
1361 3666 1528 3728 Petri,
1560 3683 1593 3719 a
1622 3683 1675 3719 se
1706 3664 1941 3717 conscri—

332 3772 491 3834 ptos,
529 3760 592 3814 ab
623 3761 883 3820 htereticis
915 3761 1227 3830 depravatos
1267 3760 1450 3829 fuisse.
1482 3756 1574 3811 Vir
1605 3763 1937 3827 purpuratus

330 3857 469 3910 haec
511 3854 696 3909 hausit
726 3871 757 3909 e
785 3856 997 3924 magnis
1037 3852 1344 3907 Annalibus
1368 3849 1502 3921 (76).
1527 3848 1727 3904 Verum
1760 3847 1939 3901 Lucas

331 3947 673 4005 Holstenius
702 3963 814 4002 non
839 3948 945 4001 hoc
973 3947 1159 4000 dicere
1192 3944 1553 4015 Epiphanium
1583 3942 1810 4002 detexit,
1844 3939 1939 3993 sed

328 4062 407 4103 ex
440 4041 723 4111 encyclicis
751 4040 985 4109 epistolis
1025 4038 1161 4092 beati
1208 4036 1489 4092 Clementis
1536 4050 1651 4104 qua:
1681 4034 1734 4086 in
1776 4031 1941 4085 eccle-

329 4138 442 4192 siis
482 4134 743 4203 leguntur,
773 4130 1035 4186 Periodos
1076 4131 1207 4183 istas
1246 4127 1501 4198 falsitatis
1540 4124 1795 4177 convinci.
1831 4120 1941 4175 Ne—

330 4248 449 4303 que
476 4227 615 4281 enim
639 4241 921 4295 congruere
941 4240 1060 4276 cum
1092 4221 1230 4292 stylo
1256 4221 1426 4275 sancti
1453 4217 1755 4279 Clementis,
1781 4231 1942 4285 neque

328 4340 470 4378 cum
498 4320 614 4391 ejus
643 4317 863 4372 docendi
887 4318 1062 4371 modo.
1092 4314 1272 4370 Verba
1303 4323 1431 4369 sunt
1455 4312 1717 4367 Holstenii
1748 4310 1801 4363 in
1837 4325 1939 4362 no—

330 4418 411 4471 tis
442 4429 587 4468 mss.
623 4412 690 4466 ad
721 4410 1033 4465 Bellarmini
1068 4408 1408 4477 Catalogum,
1451 4406 1504 4458 in
1536 4404 1721 4459 Museo
1750 4411 1940 4457 nostro

2026 548 2200 618 magis
2220 548 2389 601 fuisse
2403 547 2747 615 depravatos,
2767 556 2930 616 quam
2951 543 3608 617 sitinterpretatioRnﬁni

2027 642 2120 711 qui
2148 657 2210 695 ea
2242 640 2545 702 sustulerit,
2576 655 2697 708 qua:
2726 641 2793 692 ab
2837 638 3130 701 haereticis,
3168 638 3470 706 praesertim
3498 637 3611 693 Eu-

2027 732 2325 797 nomianis,
2352 732 2583 802 ingesta,
2632 732 2773 786 idem
2812 729 3045 785 Ruﬁnus
3075 740 3362 784 monuerat
3393 731 3448 783 in
3474 746 3612 800 opu-

2028 824 2184 879 sculo
2228 823 2306 878 De
2355 823 2742 877 adulteratione
2795 824 3047 877 librorum
3096 822 3359 894 Origenis,
3412 825 3611 895 quippe

2028 931 2174 989 quae,
2197 916 2386 971 eodem
2406 914 2603 970 Ruﬁno
2632 923 2791 979 teste,
2817 915 3175 969 ecclesiastica
3195 915 3378 986 regula
3401 916 3611 970 omnino

2028 1027 2134 1066 non
2175 1011 2410 1079 recipiat.
2459 1009 2565 1065 Sed
2602 1010 2864 1065 memoria
2914 1009 3268 1079 repetendum
3316 1023 3418 1072 est,
3462 1009 3612 1064 binas

2030 1102 2464 1173 Reeognitianum
2516 1110 2727 1157 veteres
2783 1101 3034 1155 editiones
3067 1116 3096 1154 a
3141 1100 3339 1156 Ruﬁno
3381 1102 3614 1157 indicari

2029 1197 2086 1251 in
2114 1195 2433 1267 praefatione
2474 1194 2542 1248 ad
2583 1192 2946 1248 Gaudentium
2979 1213 2991 1247 :
3027 1192 3186 1257 Puto,
3236 1194 3435 1264 inquit,
3476 1200 3613 1265 quod

2030 1306 2135 1344 non
2172 1298 2219 1343 te
2251 1286 2564 1359 (Gaudenti)
2606 1287 2791 1350 lateat,
2837 1286 3119 1341 Clementis
3147 1287 3304 1355 hujus
3339 1288 3393 1340 in
3433 1284 3615 1341 Grata)

2030 1379 2262 1450 ejusdem
2289 1380 2458 1449 operis
2486 1378 2887 1447 Ἀναγνὼσεων,
2909 1379 3004 1434 hoc
3030 1389 3106 1432 est
3135 1378 3614 1449 Recognitionum,

2032 1489 2168 1528 DUAS
2200 1488 2488 1527 EDITIONES
2531 1472 2734 1535 haberi,
2770 1473 2825 1524 in
2871 1472 3163 1542 aliquantis
3200 1472 3407 1541 quidem
3451 1472 3620 1526 direr-

2032 1579 2159 1628 sas;
2191 1565 2245 1618 in
2282 1564 2463 1617 multis
2496 1572 2691 1628 tamen,
2732 1563 2965 1632 ejusdem
3007 1564 3354 1617 narrationis.
3384 1563 3617 1632 Denique

2034 1670 2158 1724 pars
2186 1655 2377 1707 ultima
2412 1653 2570 1722 hujus
2609 1658 2806 1723 aperis,
2830 1657 2883 1707 in
2912 1671 3016 1724 qua
3048 1654 3113 1708 de
3150 1654 3620 1723 transformatione

2018 1744 2267 1800 Simonis
2298 1745 2547 1813 refertur,
2579 1745 2633 1797 in
2672 1760 2775 1799 uno
2805 1760 3047 1798 conpone
3087 1744 3330 1799 habetur.
3360 1743 3493 1797 Sunt
3520 1762 3618 1798 an-

2031 1848 2132 1892 tem
2154 1848 2205 1892 et
2234 1835 2477 1908 quaedam
2509 1838 2563 1889 in
2593 1852 2843 1900 urnoaun
2874 1852 3116 1891 conpone
3157 1837 3221 1889 de
3251 1837 3478 1907 ingenita
3510 1835 3619 1889 Dea

2030 1931 2303 2001 genitaque
2330 1931 2583 1996 disserta,
2614 1939 2662 1983 et
2691 1929 2754 1983 de
2794 1930 2917 1983 aliis
2948 1929 3238 1992 nonnullis,
3272 1944 3408 1999 quae,
3447 1938 3504 1980 ut
3532 1928 3619 1979 ni-

2030 2021 2108 2075 hil
2128 2023 2356 2093 amplius
2376 2023 2572 2087 dicam,
2593 2031 2927 2075 excesserunt
2942 2020 3339 2091 intelligentiam
3358 2028 3617 2073 nostram.

2030 2113 2148 2168 Jam
2173 2114 2400 2185 dispice,
2432 2129 2727 2185 quamnam
2750 2112 3077 2168 Clementinl
3106 2112 3289 2182 aperis
3328 2111 3619 2166 editionem

2031 2206 2367 2278 Epiphanius
2397 2215 2449 2261 et
2487 2207 2716 2261 Photius
2745 2220 2980 2261 censura
3016 2206 3462 2275 perstrinxerint.
3497 2203 3617 2258 Non

2033 2305 2180 2352 certe
2208 2314 2369 2368 quam
2411 2297 2640 2353 Ruﬁnus
2666 2297 2855 2352 Latine
2885 2297 3173 2351 convertit.
3211 2295 3339 2350 Haec
3374 2297 3518 2351 enim
3552 2297 3622 2350 ab

2032 2392 2414 2447 haereticorum
2478 2392 2960 2463 depravationibus
3014 2400 3208 2458 vacat;
3267 2391 3624 2461 eamdemque

2034 2486 2196 2542 etiam
2228 2483 2414 2539 Graece
2452 2487 2713 2555 scriptam
2758 2496 3007 2549 vacasse,
3040 2500 3142 2539 nos
3180 2488 3403 2539 credere
3429 2485 3624 2553 jubent

2033 2577 2137 2631 viri
2165 2578 2339 2632 sancti
2366 2576 2627 2633 Paulinus
2661 2586 2715 2632 et
2735 2577 3093 2640 Gaudentius,
3120 2576 3211 2646 qui
3229 2592 3347 2630 eam
3370 2592 3466 2646 per
3488 2578 3627 2631 ami-

2035 2684 2159 2723 cum
2186 2667 2340 2723 Latio
2378 2669 2684 2724 donandam
2722 2669 3071 2724 studuerunt.

2107 2759 2371 2815 Caeterum
2405 2758 2643 2815 Iacobus
2686 2756 2862 2813 Faber
2890 2760 2945 2812 in
2993 2758 3236 2828 margine
3289 2756 3626 2827 praefationis

2038 2849 2220 2906 Ruﬁni
2270 2852 2337 2907 ad
2388 2851 2772 2914 Gaudentium,
2813 2851 2907 2904 ubi
2956 2850 3020 2904 de
3066 2851 3298 2919 ingenito
3355 2852 3627 2920 genitoque

2038 2943 2146 2998 Deo
2190 2945 2388 3014 agitur,
2420 2943 2534 2998 haec
2575 2945 2738 2998 verba
2776 2944 3100 2998 adnotavit:
3130 2941 3268 2996 Pars
3311 2942 3410 2996 illa
3457 2941 3519 2995 de
3552 2945 3630 2996 in-

2037 3037 2210 3106 genita
2238 3036 2513 3106 genitaque
2543 3035 2675 3101 Dea,
2706 3037 3041 3105 cognoscitur
3065 3034 3127 3087 ab
3162 3034 3423 3088 Eunomia
3448 3046 3538 3088 aut
3561 3036 3627 3088 ab

2041 3127 2163 3180 aliis
2194 3128 2285 3197 qui
2317 3125 2569 3181 Eunamii
2596 3128 2950 3197 sequebantur
2981 3143 3207 3190 errores,
3239 3128 3459 3190 vitiata;
3493 3138 3550 3179 ut
3578 3139 3628 3181 et

2037 3218 2261 3286 epistola
2307 3217 2469 3270 Pauli
2516 3218 2584 3270 ad
2627 3217 2930 3272 Corinthios
2976 3236 3008 3271 a
3050 3218 3324 3272 Marciane
3381 3229 3631 3288 corrupta

2039 3311 2233 3379 fuerat.
2279 3309 2472 3367 Merita
2522 3312 2685 3379 igitur
2714 3310 2848 3363 illud
2882 3309 3133 3363 Eunamii
3180 3312 3629 3379 interpretandum

2040 3422 2141 3456 non
2171 3403 2292 3471 fuit,
2327 3412 2382 3456 ut
2419 3420 2577 3472 neque
2609 3403 2848 3456 Marcion
2879 3404 2931 3454 in
2964 3401 3155 3457 Paulo.
3189 3401 3337 3456 lstud
3382 3401 3628 3456 scholion

2042 3496 2095 3548 in
2124 3495 2337 3548 czeteris
2366 3495 2721 3556 editionibus,
2762 3502 2814 3549 et
2846 3496 2901 3547 in
2934 3495 3050 3564 ipsa
3076 3494 3440 3561 Coteleriana,
3481 3493 3631 3547 desi-

2040 3588 2298 3653 deratur;
2330 3586 2544 3641 etiamsi
2592 3587 2646 3639 in
2687 3586 3003 3642 Coloniensi
3046 3587 3176 3640 anni
3208 3586 3345 3640 1547
3380 3586 3629 3641 scholion

2042 3679 2317 3748 persimile
2360 3679 2426 3732 ad
2470 3694 2619 3731 oram
2662 3680 2933 3747 legeretur
2979 3679 3063 3733 bis
3104 3680 3327 3733 verbis:
3363 3676 3629 3744 Corrupto

2042 3770 2151 3825 [nec
2184 3772 2346 3840 fuisse
2380 3772 2617 3838 suspicor
2648 3771 2711 3822 ab
2743 3770 3026 3827 Eunomia.
3052 3770 3492 3839 quemadmodum
3516 3770 3625 3836 cpi--

2042 3863 2181 3917 stola
2226 3862 2389 3916 Pauli
2420 3862 2487 3915 ad
2544 3860 2846 3916 Corinthios
2888 3878 2919 3913 a
2957 3860 3249 3916 Marciane.
3285 3862 3408 3917 litec
3454 3869 3635 3915 tamen

2040 3971 2160 4026 quze
2205 3955 2259 4008 in
2312 3954 2590 4009 Clemente
2642 3969 2762 4017 suo,
2798 3962 2855 4006 ut
2897 3953 2965 4005 ab
3023 3952 3295 4007 haereticis
3348 3961 3631 4023 corrupta,

2042 4047 2388 4118 prmtermisit
2429 4045 2682 4108 Ruﬁnus,
2730 4028 3099 4114 reliqum'cjus
3147 4045 3389 4099 vcrsioni
3430 4047 3633 4099 inserta

2042 4137 2242 4207 reperit
2264 4135 2566 4191 Cotelerius
2595 4136 2648 4187 in
2673 4136 2848 4189 tribus
2873 4134 3178 4196 codicibus,
3207 4132 3630 4196 Candeleriano,

2046 4230 2350 4284 S'orbonico
2379 4237 2433 4283 et
2475 4227 2705 4281 Thuano
2738 4247 2749 4280 :
2787 4236 3021 4295 suntque
3053 4225 3228 4278 decem
3272 4226 3448 4292 capita
3494 4224 3636 4279 inter

2044 4321 2279 4391 primum
2309 4329 2363 4373 et
2395 4319 2778 4373 duodecmtum
2810 4316 3020 4378 clausa,
3045 4315 3111 4368 de
3142 4315 3343 4384 quibus
3372 4315 3485 4369 ait:
3526 4314 3635 4369 Ne-

2045 4412 2151 4465 scia
2172 4410 2288 4481 quis
2313 4410 2497 4479 igitur,
2529 4405 2666 4477 quod
2700 4422 2731 4457 a
2754 4403 2945 4473 Ruﬁno
2978 4406 3393 4473 prtetermissum
3437 4404 3632 4473 fuerat,

330 4513 656 4564 servatum.
699 4500 936 4570 Lapsum
982 4499 1118 4553 tanti
1150 4499 1250 4552 \‘il'i
1292 4497 1552 4561 ἱιιάἷείὶνὶ,
1598 4512 1666 4549 ne
1700 4494 1794 4548 um
1823 4509 1942 4547 am.
1974 4522 2015 4575 ί)
2044 4502 2144 4556 sibi
2193 4503 2435 4570 sumpsit,
2480 4509 2539 4553 ut
2578 4501 3031 4566 interpretaretur.
3095 4496 3210 4550 lloc
3262 4507 3635 4552 assumentum

328 4598 501 4670 ptius
531 4596 601 4649 ob
623 4595 858 4649 dicentis
881 4592 1266 4647 auctoritatem
1305 4591 1375 4644 sit
1406 4604 1571 4643 causa
1596 4585 1937 4647 offensionis,

330 4700 401 4746 ut
429 4701 616 4756 nuper
641 4685 743 4739 fuit
768 4684 925 4739 alteri
965 4684 1084 4738 viro
1115 4683 1298 4745 docto,
1333 4697 1491 4749 quem
1534 4680 1814 4748 corrigens
1844 4692 1943 4729 no-

328 4784 571 4839 minare
598 4794 709 4834 non
742 4778 938 4842 debeo,
971 4792 1041 4831 ne
1069 4775 1363 4829 amicitiam
1394 4791 1514 4843 quae
1550 4772 1683 4826 mihi
1711 4786 1836 4826 cum
1878 4784 1943 4825 eo

328 4870 670 4934 intercedit,
696 4869 892 4923 ledere
916 4868 1119 4922 videar.
1152 4865 1295 4920 Idem
1323 4863 1662 4933 Epiphanius
1693 4861 1944 4915 Clemen-

328 4970 507 5022 tinos
563 4960 736 5014 libros
776 4959 946 5015 fuisse
996 4959 1065 5012 ab
1110 4956 1381 5011 Ebionitis
1432 4962 1722 5022 corruptos
1775 4958 1944 5005 testa-

330 5071 439 5115 tur
499 5050 637 5124 (77).
690 5050 917 5105 Photius
960 5050 1122 5105 etiam
1172 5056 1330 5103 vocat
1370 5046 1482 5118 (78)
1516 5045 1765 5114 refertum
1815 5059 1945 5113 opus

326 5146 607 5210 absurdis
634 5145 813 5215 nugis,
842 5161 946 5198 non
969 5146 1080 5198 sine
1101 5142 1343 5211 pluribus
1371 5156 1436 5194 ea:
1463 5140 1580 5192 Arii
1620 5138 1863 5207 opinione
1892 5136 1947 5188 in

326 5248 565 5303 Filium
610 5240 968 5310 blasphentiis.
1000 5238 1126 5293 Haec
1164 5243 1457 5293 suaserunt
1494 5234 1672 5304 magni
1708 5231 1946 5287 nominis

412 5448 544 5520 (7i)
584 5448 785 5512 Cotel.,
821 5447 877 5501 in
931 5445 1109 5501 Judic.
1153 5444 1221 5499 de
1264 5443 1419 5499 libris
1473 5439 1765 5511 Recognit.,
1820 5453 1944 5511 pag.

320 5524 449 5581 434
489 5520 626 5573 edit.
660 5535 787 5574 nov.

414 5589 547 5660 (72)
587 5589 814 5654 Baron.,
848 5590 915 5644 ad
942 5605 1071 5660 ann.
1102 5586 1241 5660 l_02.__
1269 5583 1461 5660 §_xxtt.

412 5655 548 5729 (75)
591 5659 813 5729 Dupin.,
841 5671 973 5715 tom.
1005 5659 1067 5713 Ill
1102 5655 1354 5711 Biblioth.

412 5724 548 5800 (74)
586 5724 770 5798 lluét.,
802 5724 894 5784 De
909 5732 1058 5800 iclar.
1085 5731 1326 5800 interpr.,
1365 5741 1494 5800 pag.
1524 5724 1637 5781 151.

412 5736 524 5800 (75
586 5736 770 5798 Huet.,
816 5736 894 5784 De
924 5736 1058 5784 clar.
1085 5736 1326 5795 interpr.,
1365 5741 1489 5795 pag.
1524 5736 1637 5781 151.

411 5736 550 5875 (75;
587 5800 868 5867 Bellarm.,
896 5799 971 5855 De
993 5801 1171 5867 script.
1200 5797 1407 5863 eccles.,
1433 5796 1497 5851 ad
1524 5811 1650 5852 ann.
1682 5793 1769 5850 92.

2044 4595 2245 4664 prodit,
2294 4596 2350 4648 ni
2408 4592 2589 4659 fallor,
2633 4592 2938 4646 versionem
2990 4588 3171 4642 Rufini
3221 4589 3523 4659 antiquitus
3570 4591 3636 4644 ad

2043 4687 2231 4741 Graeca
2262 4684 2593 4755 exemplaria
2627 4682 2963 4753 recognitum
2994 4690 3048 4736 et
3080 4682 3356 4737 collatam.

2116 4777 2252 4835 Vlll.
2280 4780 2435 4832 Nunc
2458 4777 2525 4830 ad
2548 4777 2836 4846 epistolam
2868 4773 3298 4843 Recagnitianum
3324 4772 3481 4827 libris
3507 4773 3637 4827 sub-

2040 4871 2242 4940 jectam
2293 4868 2665 4923 deveniamus.
2703 4868 2887 4919 Roma:
2927 4881 2991 4919 ex
3043 4864 3251 4918 aedibus
3294 4862 3486 4934 Populi
3528 4864 3637 4918 Ro-

2046 4964 2215 5026 mani,
2253 4978 2397 5015 anno
2445 4961 2602 5023 1591,
2640 4960 2962 5028 prodierunt
3008 4956 3252 5027 epistolae
3278 4962 3636 5025 {summorum

2047 5055 2387 5127 pontificum,
2422 5054 2595 5106 tribus
2626 5052 2792 5105 tomis
2822 5051 3094 5106 distinctae
3125 5069 3136 5103 :
3174 5051 3227 5102 in
3259 5063 3493 5118 quorum
3526 5049 3628 5117 pri-

2048 5164 2137 5202 mo
2167 5155 2294 5201 ante
2328 5160 2519 5199 omnes
2542 5146 2677 5198 alias
2710 5151 2891 5198 exstat
2912 5158 3033 5212 quae
3062 5142 3263 5195 dicitur
3292 5139 3635 5195 Clementina

2048 5240 2117 5295 ad
2168 5238 2430 5294 Jacobum
2491 5236 2711 5290 fratrem
2774 5225 2984 5289 Domini
3069 5232 3266 5287 Ruﬁno
3320 5231 3633 5301 interprete.

2125 5438 2238 5510 (76)
2274 5435 2500 5501 Baron.,
2545 5430 2612 5485 ad
2654 5446 2782 5485 ann.
2814 5431 2904 5502 Μ,
2954 5430 2981 5501 §
3049 5446 3102 5495 ι,
3136 5438 3190 5486 et
3234 5429 3299 5484 ad
3348 5444 3476 5483 ann.
3517 5427 3633 5492 illi,

2058 5509 2085 5581 ς
2278 5572 2682 5650 Ερὶριιηηῌιφν.
2710 5588 2838 5650 χῐςκ,
2880 5572 2906 5643 §
2934 5587 3021 5625 xv.

2128 5644 2241 5718 (78)
2280 5644 2466 5710 Phot,
2501 5645 2641 5718 B_ibl.
2678 5644 2803 5718 cod.
2835 5658 2994 5718 exui.

2126 5710 2240 5790 (79)
2279 5719 2488 5785 Petav.,
2515 5715 2912 5786 Dogm.Theol.,
2938 5712 3037 5769 lib.
3065 5727 3085 5768 1
3133 5711 3214 5767 De
3241 5710 3415 5782 Trin.,
3441 5728 3560 5787 cap.
3582 5715 3637 5783 3,

2060 5792 2090 5868 θ
2139 5791 2238 5851 υιι.
