4000 6266
512 327 651 384 1199

1361 326 1417 385 S.
1450 326 1843 383 CLEMENTIS
1882 329 1903 382 1
1945 327 2112 388 11011.
2156 331 2356 391 ΡΟΧΤ.
2401 332 2627 390 OPERA
2668 332 2890 388 DCBIA.

3606 335 3724 392 1200

508 444 649 501 Huic
672 459 792 515 pag.
820 444 850 496 7
879 442 1187 536 adnectitur
1214 442 1398 536 spuria
1420 439 1834 536 appenntl‘ix‘cum
1861 440 2075 536 epigra-
2109 479 2151 536 Α
2178 445 2581 516 exemplaribus
2598 443 2798 500 Grmcis
2815 459 2933 499 eam
2954 443 3108 499 libris
3137 442 3562 514 Recognitionum
3606 465 3726 519 pra:-

506 536 613 608 pbe
631 536 699 593 ad
724 550 875 589 oram
909 550 925 589 :
959 531 1392 601 Compendiolum
1416 532 1540 600 ﬁdei
1572 530 1913 586 Christianis.
1937 530 2077 585 Lab-
2109 530 2151 536 ’”
2183 538 2307 604 poni
2337 538 2577 593 solitam.
2606 536 2956 606 Postponitur
2985 544 3165 593 tamen
3190 538 3247 592 in
3286 539 3473 595 codice
3501 539 3729 602 Palatino

506 628 663 689 heus,
709 625 801 696 qui
847 631 993 677 tomo
1029 624 1049 677 1
1087 622 1467 686 Conciliorum,
1499 637 1620 692 pag.
1664 621 1752 686 89,
1804 621 1948 675 illam
1994 621 2079 675 in-

504 719 695 783 seruit,
722 717 788 772 de
826 715 1195 770 additamento
1241 718 1313 768 ita
1342 713 1531 769 scribit
1564 731 1577 767 ε
1613 711 1714 764 Hic
1744 710 1934 765 desiuit
1965 713 2075 780 epi-

502 813 642 869 stola
662 814 715 865 in
743 810 1056 881 quibusdam
1078 808 1342 861 codicibus
1367 823 1385 860 .'
1409 816 1597 859 caetera
1620 815 1741 859 sunt
1765 806 1871 858 vice
1895 819 2079 873 appen-

502 905 636 960 dicis
693 904 878 957 addita
933 904 1077 956 circa
1130 917 1325 953 annum
1367 899 1492 964 800,
1540 906 1598 950 ut
1655 896 1878 952 videtur.
1931 895 2077 951 Idem

502 994 673 1049 ferme
717 995 792 1047 ait
844 991 1187 1048 Mabillonius
1233 988 1369 1061 (80).
1402 987 1596 1043 Petrus
1650 986 1865 1043 Crabbe
1920 1001 2077 1043 assu-

501 1093 683 1140 mento
712 1083 1058 1153 conjunctam
1088 1081 1370 1151 epistolam
1395 1079 1700 1133 inseruerat
1722 1078 1914 1133 tomol
1943 1076 2078 1132 Con-

500 1177 765 1240 ciliorum,
814 1190 934 1245 pag.
970 1160 1036 1227 14
1078 1172 1209 1228 edit.
1251 1170 1446 1226 Colon.
1477 1171 1635 1227 1558.
1665 1170 1733 1224 At
1780 1169 2075 1225 Sichardus

502 1271 558 1325 in
607 1271 783 1340 prima
836 1282 935 1323 sua
987 1265 1414 1337 Recognitionum
1464 1264 1705 1319 editione
1757 1264 1885 1318 anni
1935 1259 2074 1317 1526

499 1369 709 1431 quartae
736 1376 801 1415 ex
842 1358 1088 1428 epistolis
1132 1356 1449 1420 Clementis,
1481 1355 1832 1426 appendicem
1874 1355 1950 1408 ita
1991 1354 2077 1409 in-

501 1453 761 1523 scriptam
814 1450 1164 1519 subjecerat:
1208 1446 1585 1516 Compendium
1640 1446 1784 1516 ﬁdei.
1835 1446 1968 1512 Quae
2017 1446 2073 1499 in

499 1547 665 1600 altera
694 1543 812 1613 ejus
841 1542 1081 1597 editione
1119 1540 1246 1594 anni
1276 1539 1415 1594 1556
1444 1539 1547 1610 ipsi
1572 1538 1817 1609 epistola:
1843 1536 2073 1607 conjun-

498 1635 662 1705 gitur.
700 1632 964 1688 Gruterus
1006 1645 1245 1701 quoque,
1290 1627 1614 1683 Sicbardum
1655 1633 1897 1692 secutus,
1936 1640 2071 1680 con-

493 1727 674 1796 junxit
717 1733 842 1796 post
890 1720 1307 1780 Constitutiones
1379 1724 1724 1795 apostolicus,
1778 1734 1903 1790 pag.
1942 1719 2067 1783 545,

2180 628 2298 683 sine
2321 629 2505 697 spuria
2534 628 2851 697 appendice.
2883 627 3137 696 Epistolas
3167 628 3268 698 ipsi
3298 629 3516 685 additur
3542 635 3596 688 in
3629 638 3728 691 col-

2178 718 2507 773 lectionibus
2540 718 2814 774 Vaticanis
2855 717 3047 774 lsidori
3085 719 3209 775 cod.
3242 720 3366 786 629,
3412 721 3506 778 fol.
3541 724 3655 792 127,
3681 736 3731 783 et

2176 809 2301 863 cod.
2314 808 2437 872 650,
2483 810 2576 865 fol.
2609 810 2663 865 6.

2246 898 2387 965 Quin
2416 915 2546 971 ergo
2590 900 2883 957 Clementis
2912 903 3140 973 epistola
3180 904 3247 958 ad
3290 903 3554 962 Jacobum
3582 926 3727 980 quam

2176 986 2410 1045 Rufinus
2437 989 2683 1044 Latinam
2716 990 2864 1058 fecit,
2887 1008 2950 1048 ea
2970 994 3040 1049 sit
3057 1009 3189 1063 pura
3208 1004 3334 1064 puta
3353 1012 3471 1066 qua:
3502 1002 3728 1055 omnium

2177 1079 2431 1135 manibus
2456 1081 2665 1146 teritur,
2684 1080 2807 1150 jure
2839 1083 3039 1154 ambigi
3063 1085 3285 1154 nequit;
3319 1102 3419 1142 nec
3442 1103 3575 1144 sane
3588 1090 3732 1145 dubi-

2176 1178 2256 1225 tat
2285 1172 2642 1227 Bellarminus
2672 1173 2804 1245 (84).
2840 1175 3073 1246 lpsemet
3114 1176 3423 1235 Blondellus
3469 1180 3573 1236 hoc
3604 1183 3730 1238 idem

2176 1267 2313 1323 satis
2343 1269 2565 1332 evincit,
2598 1268 2848 1339 quamvis
2877 1286 2988 1325 suae
3012 1279 3173 1326 sectae
3200 1274 3347 1327 virus
3371 1289 3615 1330 censura:
3642 1278 3733 1330 im—

2174 1358 2421 1415 misceat.
2452 1359 2755 1417 Cotelerius
2798 1376 2921 1415 cum
2981 1376 3104 1432 post
3152 1363 3547 1436 Recognitiones
3596 1383 3732 1421 eam-

2173 1446 2295 1502 dem
2345 1450 2631 1520 epistolam
2686 1451 2870 1509 Graece
2902 1465 2954 1510 et
2980 1455 3170 1513 Latine
3213 1460 3330 1514 sine
3377 1461 3488 1514 ullo
3536 1461 3734 1516 addita-

2173 1545 2356 1592 mento
2388 1538 2670 1605 edidisset,
2700 1557 2825 1596 mox
2870 1542 3051 1598 Ruﬁni
3082 1546 3583 1616 interpretationem
3611 1553 3733 1608 sub-

2170 1627 2323 1697 jecit,
2356 1628 2422 1684 ad
2453 1637 2669 1686 veteres
2706 1631 2973 1689 editiones
3007 1640 3059 1687 et
3087 1634 3304 1691 codices
3333 1652 3466 1693 mss.
3500 1637 3569 1694 de
3596 1654 3737 1694 more

2175 1719 2446 1785 collatam,
2478 1729 2532 1781 et
2562 1722 2614 1775 in
2655 1725 2831 1792 capita
2864 1723 2935 1779 20
2962 1725 3274 1781 distinctam
3300 1746 3313 1782 :
3342 1743 3577 1798 quorum
3604 1730 3735 1785 duo-

496 1834 659 1889 quam
691 1826 872 1873 tamen
933 1814 1107 1871 Faber
1162 1824 1287 1869 ante
1342 1813 1700 1884 disjunxerat.
1747 1811 2068 1867 Theodorus
2099 1814 2146 1874 Β⁴
2170 1810 2553 1867 devicesimum
2578 1816 2731 1869 citari
2758 1816 3068 1872 observavit
3091 1820 3143 1872 in
3165 1821 3399 1875 concilio
3434 1820 3736 1879 iVasensi.

495 1907 808 1963 Bibliander
855 1906 994 1960 libro
1036 1904 1324 1974 inscripto,
1370 1901 1677 1958 Christiana
1713 1910 1764 1956 et
1806 1900 2066 1955 catholica

492 2000 757 2063 doctrina,
790 1997 1015 2052 Basileaz
1057 2012 1153 2066 per
1180 1994 1444 2049 Jacobum
1475 1992 1707 2047 Parcum
1755 1992 1913 2055 1550,
1944 2005 2067 2061 pag.

491 2090 620 2157 221,
652 2088 896 2144 eamdem
928 2087 1213 2157 epistolam
1247 2084 1437 2153 Rufino
1472 2084 1769 2154 interprete
1815 2081 2069 2147 inseruit,

493 2184 588 2239 sed
621 2182 801 2235 ablata
832 2179 1148 2250 appendice.
1183 2177 1258 2231 Ea
1283 2185 1464 2231 tamen
1503 2177 1619 2230 sine
1650 2174 1867 2228 nomine
1902 2173 2071 2228 inter-

491 2274 681 2345 pretis,
743 2282 798 2327 et
853 2272 971 2327 sine
1019 2270 1317 2341 appendice
1371 2268 1575 2323 dudum
1630 2267 1838 2322 inserta
1896 2264 2074 2320 fuerat

489 2382 614 2437 pag.
648 2364 678 2417 7
720 2365 945 2420 alterius
991 2362 1139 2427 libri,
1181 2363 1261 2429 sic
1301 2356 1583 2433 praenotati
1622 2378 1636 2415 :
1671 2358 1925 2428 Epistula:
1970 2358 2073 2411 ali-

487 2464 613 2528 quot
638 2456 891 2519 illustres,
919 2471 1099 2526 graves
1124 2462 1173 2507 et
1207 2452 1449 2520 eruditae,
1474 2463 1626 2506 extra
1658 2449 1940 2505 bibliorum
1982 2465 2073 2503 ca-

487 2560 673 2598 nonem
698 2544 838 2606 licet,
863 2544 1170 2613 apostolica?
1217 2553 1391 2597 tamen
1424 2551 1473 2596 et
1493 2541 1615 2612 pia}.
1656 2539 1908 2610 Augusta:
1944 2539 2073 2596 Vin-

488 2636 901 2706 delicorum,per
916 2635 1277 2691 Alexandrum
1308 2634 1711 2705 Weyssenhorm
1739 2632 1895 2696 1529,
1928 2632 1982 2684 in
2015 2630 2093 2686 8'-

563 2725 803 2779 Primam
861 2725 1003 2781 inter
1058 2726 1321 2795 epistolas
1382 2723 1815 2797 pseudo-lsidori
1869 2730 2073 2776 temere

490 2815 703 2881 statuit,
739 2816 831 2886 qui
859 2830 977 2870 eam
1026 2814 1312 2869 virulentis
1357 2812 1505 2867 notis
1532 2811 1597 2866 de
1626 2826 1777 2865 more
1826 2808 2070 2879 conﬁgit,

488 2906 825 2962 Blondellus.
856 2904 1055 2972 Quanti
1099 2920 1219 2960 eam
1254 2903 1443 2958 fecerit
1486 2900 1812 2956 Franciscus
1857 2898 2075 2954 Turria.

491 3015 616 3062 nus,
649 2998 777 3053 inde
823 3004 1038 3052 constat
1078 2996 1223 3066 quod
1267 3008 1387 3049 eam
1428 3000 1481 3047 et
1526 3007 1625 3062 pro
1654 3006 1782 3046 vera
1821 2997 2062 3050 tueatur,

490 3100 544 3145 et
582 3084 787 3145 Latina:
818 3088 1057 3143 versioni
1104 3085 1444 3148 roboranda,
1480 3100 1547 3139 ex
1587 3083 1774 3137 codice
1804 3080 2067 3133 Vaticano

489 3181 740 3236 Graecum
773 3179 894 3248 ejus
925 3186 1235 3233 contextum
1264 3191 1372 3229 non
1395 3175 1562 3229 semel
1593 3174 1817 3227 advocet
1842 3170 1975 3243 (81).
1999 3171 2069 3223 At
2095 3152 2139 3211 (ἶ

488 3272 749 3326 Ruﬁnum
771 3270 1044 3333 versionis
1082 3275 1360 3322 auctorem
1387 3280 1528 3329 esse,
1562 3278 1684 3317 cum
1724 3269 1906 3317 careat
1946 3278 2068 3331 pro-

491 3363 628 3435 loga,
659 3375 766 3414 non
800 3358 1036 3412 admittit
1067 3356 1202 3427 (82).
1236 3354 1370 3421 Quis
1396 3369 1525 3409 vero
1554 3354 1787 3425 ignorat,
1811 3350 2066 3406 Ruﬁnum

492 3451 826 3521 longioribus
872 3458 1080 3504 tantum
1112 3446 1424 3502 Graacorum
1470 3446 1711 3516 scriptis,
1757 3460 1867 3499 non
1917 3443 2067 3498 brevi

491 3559 555 3597 ac
583 3542 817 3612 simplici
837 3541 1104 3612 epistolae,
1130 3556 1195 3595 ex
1220 3537 1483 3593 Gennadii
1505 3539 1794 3601 sententia,
1825 3535 2066 3605 prologos

490 3634 621 3690 dare
647 3633 941 3689 debuisse?
972 3631 1226 3702 Epistolaz
1262 3630 1640 3699 antiquitatem
1678 3628 1873 3682 astruit
1915 3626 2069 3680 testi-

491 3729 734 3783 monium
763 3726 969 3789 Ruﬁni,
1001 3725 1068 3779 ab
1092 3740 1151 3779 se
1173 3725 1300 3778 olim
1331 3724 1753 3789 interpretatum,
1782 3730 1936 3789 utque
1965 3718 2070 3773 edi-

493 3824 602 3876 tam
634 3818 1001 3876 asseverantis
1032 3818 1086 3871 in
1117 3817 1437 3887 praefatione
1455 3814 1521 3867 ad
1553 3812 1945 3874 Gaudentium;
1968 3809 2069 3864 Re-

492 3911 872 3983 cognitionibus
897 3926 1006 3965 non
1039 3909 1397 3979 praemissam,
1423 3907 1550 3978 quia
1572 3918 1795 3974 tempore
1814 3905 2069 3973 posterior

490 4010 591 4067 est,
620 4004 819 4070 hempc
865 3998 1321 4068 Recognitiouibus
1350 4013 1380 4051 a
1422 3998 1715 4058 Clemente,
1750 4001 1809 4047 ut
1849 3994 2070 4063 putaba-

490 4100 603 4155 tur,
639 4099 797 4146 antea
826 4090 1175 4160 conscriptis.
1207 4087 1355 4143 Istud
1379 4088 1561 4142 Ruﬁni
1595 4085 1879 4141 consilium
1910 4082 2070 4138 Cote-

492 4184 661 4238 lerius
693 4188 937 4245 secutus,
962 4198 1080 4237 eam
1105 4189 1159 4235 et
1187 4182 1301 4252 ipse
1324 4178 1822 4251 operiClementino
1848 4182 2069 4246 postpo-

494 4275 623 4338 suit,
658 4274 787 4329 licet
816 4273 997 4328 codici
1021 4272 1368 4334 Carmelitico
1400 4273 1659 4327 insertam
1702 4270 1842 4323 inter
1872 4266 2068 4338 praefa-

495 4367 697 4421 tionem
727 4373 782 4421 et
835 4363 1231 4437 Recognitiones
1266 4360 1581 4434 reperis’set.
1625 4362 1703 4415 lta
1734 4376 1865 4415 sane
1906 4359 2095 4414 etiam‘

495 4457 711 4512 codices
738 4458 939 4528 quibus
967 4474 1101 4513 usus
1133 4456 1234 4511 fuit
1282 4454 1643 4525 Stapulensis,
1677 4452 1934 4508 insertam
1971 4450 2070 4504 ba-

496 4549 774 4605 buerunt:
807 4557 861 4605 et
917 4547 1143 4605 Pbotius
1191 4562 1408 4618 quoque
1461 4551 1647 4616 aperte
1699 4543 1773 4597 ait
1827 4542 1961 4613 (85),
2012 4542 2068 4595 in

592 4790 681 4865 81)
720 4790 996 4863 Turrian.,
1032 4798 1125 4852 lib.
1151 4812 1208 4862 ιι,
1235 4811 1391 4865 capp.
1424 4795 1458 4848 '5
1486 4790 1540 4849 et
1564 4790 1670 4858 ’15,
1710 4806 1810 4864 pro
1857 4790 2065 4847 Canon.

499 4875 681 5007 θρῗὲἕᾷ
722 4938 801 5007 ld.
830 4938 987 5002 ibid.,
1021 4938 1118 4993 lib.
1150 4954 1223 5003 ιν,
1258 4949 1379 5007 cap.
1409 4933 1499 4990 24.

571 5006 681 5078 (85)
718 5006 900 5073 Phot.,
926 5008 1048 5064 cod.
1084 5023 1238 5063 cxm.

572 5018 661 5078 (ss
719 5018 900 5073 Phot.,
926 5018 1048 5064 cod.
1084 5023 1238 5063 cxiu.

572 5018 699 5161 (8(1).
722 5079 998 5161 Bellarm,
1031 5078 1107 5134 De
1148 5078 1298 5134 Rom.
1334 5075 1545 5146 pontif.,
1575 5074 1671 5131 lib.
1713 5088 1773 5140 ιι,
1808 5088 1935 5143 cap.
1979 5071 2065 5135 14,

503 5159 631 5217 post
688 5158 808 5205 init.

574 5219 685 5291 (85)
725 5222 879 5291 Apud
908 5220 1103 5284 Labb.,
1135 5227 1265 5291 tom.
1295 5218 1383 5285 Ill,
1409 5233 1532 5288 pag.
1553 5216 1718 5291 1158.

583 5284 676 5344 186⁷
729 5284 960 5361 Capitul.
995 5307 1101 5361 reg.
1134 5284 1526 5351 Franc.,totﬁ.
1552 5287 1617 5349 ΙΙ,
1656 5302 1781 5362 pag.
1808 5284 1964 5343 1127.

573 5292 691 5428 187)
731 5362 881 5428 Apud
914 5362 1107 5428 Labb.,
1142 5368 1274 5417 tom.
1308 5359 1398 5428 1X,
1431 5373 1554 5428 pag.
1584 5358 1708 5415 116.

776 5373 881 5433 pud
914 5373 1107 5431 Labb.,
1142 5373 1274 5417 tom.
1308 5373 1398 5429 Ut,
1431 5373 1554 5432 pag.
1584 5373 1708 5415 uo.

570 4726 681 4867 E80)
722 4725 949 4793 Mabill.,
978 4727 1214 4780 Analect.
1247 4734 1380 4781 tom.
1414 4725 1455 4785 1,
1491 4739 1611 4793 pag.
1648 4721 1769 4778 142.

592 4798 652 4851 81
720 4796 996 4863 Turrian.,
1032 4798 1125 4852 lib.
1151 4812 1208 4862 ιι,
1235 4811 1391 4865 capp.
1424 4795 1458 4848 5
1486 4805 1540 4849 et
1582 4794 1670 4858 15,
1710 4807 1769 4864 pr

665 4940 681 5008 )

2100 4515 2148 4573 D

2173 1915 2317 1957 anno
2349 1904 2452 1957 442
2478 1906 2771 1971 celebrato,
2813 1924 2935 1965 can.
2978 1910 3010 1964 6
3054 1911 3190 1983 (85),
3231 1913 3286 1967 in
3338 1913 3735 1983 Capitularibus

2171 2008 2357 2064 regum
2382 1994 2713 2053 Francorum
2747 1999 2881 2071 (86),
2911 2001 3075 2072 inque
3106 2005 3337 2059 concilio
3370 2005 3597 2062 Μαλιεηεί
3618 2021 3735 2060 can.

2174 2083 2241 2137 12
2277 2086 2410 2156 (87).
2461 2087 2675 2143 Citatur
2729 2107 2944 2162 quoque
2981 2108 3010 2146 a
3048 2093 3271 2151 Nicolao
3311 2097 3353 2161 1,
3395 2098 3555 2167 epist.
3588 2098 3677 2160 49,
3710 2111 3739 2151 a

2170 2176 2378 2232 Joanne
2401 2177 2536 2241 Vill,
2561 2181 2721 2251 epist.
2764 2182 2887 2248 25.1,
2913 2191 2966 2237 et
2995 2199 3026 2239 a
3055 2184 3313 2257 Gregorio
3342 2186 3451 2253 Vll,
3492 2190 3588 2244 lib.
3620 2203 3738 2253 vui,

2171 2269 2330 2338 epist.
2354 2268 2443 2323 21.
2471 2269 2551 2325 Ad
2589 2273 2708 2341 ejus
2737 2275 3068 2346 epigrapben
3108 2285 3259 2333 tanto
3282 2289 3405 2335 ante
3442 2280 3629 2336 allusit
3658 2278 3739 2334 Si-

2170 2358 2367 2414 donius
2387 2359 2480 2414 lib.
2517 2376 2591 2425 vr,
2623 2362 2781 2431 epist.
2810 2364 2862 2428 1,
2893 2366 3248 2437 eamdemque
3286 2368 3739 2424 Bibliotliecarius

2180 2443 2235 2499 iu
2255 2444 2513 2502 Clemente
2530 2449 2784 2506 laudavit.
2808 2454 3203 2523 Antiquissima
3220 2470 3340 2511 esse
3359 2458 3603 2512 creditur
3624 2474 3742 2527 per-

2177 2534 2305 2594 inde
2345 2556 2409 2595 ac
2437 2553 2564 2597 sunt
2592 2544 2714 2600 libri
2742 2546 3194 2617 Recognitionum.
3225 2548 3294 2602 At
3321 2547 3587 2605 Clementi
3620 2560 3740 2607 ante

2170 2627 2528 2695 Blondellum,
2561 2633 2799 2702 quinque
2842 2634 3082 2705 insignes
3131 2633 3188 2690 S.
3223 2632 3287 2689 R.
3324 2633 3383 2688 E.
3432 2634 3742 2688 cardinales

2171 2721 2613 2790 abjudicaverant
2642 2744 2655 2778 :
2699 2723 3111 2780 Turrecremata
3142 2725 3274 2795 (88),
3320 2726 3573 2780 Cusanus
3609 2727 3739 2798 (89),

2171 2810 2435 2869 Baronius
2465 2816 2598 2885 (90),
2640 2815 2992 2870 Bellarminus
3020 2815 3131 2885 (91)
3167 2823 3220 2870 et
3263 2813 3562 2870 Perronius
3610 2816 3739 2884 (92).

2173 2900 2246 2955 Et
2300 2905 2694 2974 antiquioribus
2746 2905 2886 2960 idem
2948 2914 3242 2960 sanxerant
3292 2904 3484 2961 Petrus
3549 2908 3742 2963 Come-

2171 3002 2286 3047 stor
2312 2993 2445 3065 (95),
2479 3010 2542 3049 ac
2570 3005 2755 3065 postea
2780 2996 3052 3053 Marsilius
3077 2996 3372 3053 Patavinus
3395 2998 3532 3068 (94),
3557 3009 3614 3054 et
3641 2998 3744 3052 Go-

2171 3084 2385 3139 belinus
2423 3086 2662 3140 Persona
2713 3086 2845 3156 (95).
2891 3086 2966 3142 De
3012 3087 3241 3158 epistola
3293 3089 3327 3142 5
3376 3087 3739 3148 Clementina,

2169 3175 2327 3244 cujus
2374 3176 2749 3247 interpretatio
2798 3176 2996 3232 Ruﬁno
3044 3179 3209 3233 etiam
3255 3178 3549 3243 tribuitur,
3610 3178 3743 3232 nihil

2169 3268 2371 3333 dicam,
2402 3284 2525 3322 cum
2572 3269 2775 3339 liqueat
2800 3284 2917 3323 eam
2958 3267 3027 3321 ad
3071 3267 3265 3323 lsidori
3294 3284 3503 3323 merces
3533 3269 3604 3325 de
3633 3278 3743 3321 toto

2170 3366 2438 3427 Spetztare.

2240 3448 2511 3504 Hactenus
2535 3450 2936 3506 eruditissimus
2972 3449 3310 3507 Fontaninus
3335 3468 3350 3507 :
3379 3466 3443 3507 ex
3476 3451 3642 3519 cujus
3664 3458 3742 3502 ta-

2168 3555 2290 3595 men
2313 3553 2475 3610 opere
2492 3541 2805 3595 illa'tantum
2829 3544 3224 3612 excerpsimus,
3250 3557 3371 3612 quae
3396 3542 3465 3596 ad
3497 3556 3618 3596 rem
3649 3554 3733 3593 no-

2169 3638 2336 3685 stram
2365 3632 2708 3701 potissimum
2753 3633 3113 3703 pertinebant,
3150 3649 3320 3704 eaque
3359 3648 3460 3704 pro
3507 3629 3743 3688 instituti

2169 3722 2344 3778 nostri
2379 3724 2589 3778 ratione
2625 3723 2971 3794 digessimus.
3001 3724 3172 3781 Porro
3210 3726 3274 3780 ad
3313 3724 3743 3796 Recognitionum

2167 3814 2458 3869 editionem
2492 3823 2739 3870 nostram
2784 3817 2928 3885 quod
2966 3819 3177 3881 attinet,
3224 3820 3501 3887 exemplar
3528 3818 3742 3873 Cotele-

2169 3903 2402 3970 rianum,
2442 3906 2682 3958 omnium
2712 3905 3240 3974 praestantissimum,
3283 3908 3425 3977 typis
3467 3907 3743 3963 excuden-

2169 3990 2300 4047 dum
2336 3994 2677 4051 tradidimus.
2713 3993 2996 4052 Lectiones
3027 3998 3300 4053 variantes
3328 4000 3574 4067 potiores
3603 4013 3743 4052 mar-

2168 4083 2275 4154 gini
2305 4087 2602 4154 appositas,
2638 4087 2753 4141 suis
2796 4088 2933 4143 locis
2961 4088 3322 4143 rcstituimus.
3355 4088 3602 4144 Editoris
3644 4088 3741 4142 ob-

2170 4178 2506 4233 servationes
2532 4179 2705 4233 textui
2737 4178 3097 4235 subdidimus.
3130 4179 3261 4245 Quae
3288 4188 3470 4235 autem
3504 4182 3623 4236 suis
3648 4197 3743 4233 no-

2169 4269 2241 4325 tis
2294 4268 2524 4323 intexuit
2578 4268 2642 4325 V.
2674 4268 2737 4325 C.
2789 4278 2970 4324 vetera
3017 4280 3383 4332 monumenta,
3437 4288 3509 4325 ne
3564 4271 3743 4339 operis

2170 4358 2331 4413 lectio
2361 4358 2523 4412 nimis
2560 4356 2936 4428 impediretur,
2976 4360 3032 4413 in
3077 4358 3443 4429 Appendicem
3489 4359 3742 4430 Recogni-

2175 4449 2397 4503 tionibus
2429 4448 2726 4519 subjectam
2758 4448 3069 4520 rejecimus.

2246 4718 2355 4792 (88)
2399 4721 2697 4793 Turrecr.,_
2722 4718 2925 4793 Summ.
2952 4719 3124 4793 Eccl.,
3164 4721 3260 4777 lib.
3297 4736 3357 4784 ll,
3389 4738 3518 4793 cap.
3550 4723 3673 4777 101.

2246 4789 2357 4864 (89)
2393 4792 2625 4864 Cusan.,
2657 4789 3163 4864 C_oncord.‘cat[iol.,
3195 4794 3289 4847 lib.
3318 4809 3398 4857 ιιι,
3425 4789 3553 4864 cap.
3598 4794 3652 4849 2.

2241 4858 2354 4933 (90)
2390 4862 2613 4927 Baron.,
2643 4861 2723 4933 ad‘
2737 4874 2877 4933 ann.
2905 4858 2993 4924 69,
3024 4860 3051 4931 §
3077 4878 3185 4916 xw.

2269 4929 2357 4999 91)
2394 4929 2953 5003 Bellarm.,-_De_script.
2965 4929 3125 5003 geel"
3151 4933 3216 4986 ad
3234 4949 3359 4986 ann.
3387 4932 3479 4995 92,
3508 4950 3635 5003 pag.
3659 4933 3743 4986 5|.

2264 5003 2353 5065 92)
2392 5001 2646 5065 Perron.,
2677 5001 2733 5054 in
2753 5000 2935 5057 iterat.
2956 4999 3207 5070 Respons.
3234 5006 3303 5055 ad
3336 5020 3440 5073 reg.
3472 4999 3742 5063 b'rit'aun.,

2264 5090 2293 5128 ι.
2327 5074 2414 5128 51.
2446 5088 2567 5128 Datz.
2601 5070 2723 5126 159.

2174 5089 2293 5138 cap.
2327 5088 2414 5138 '01,
2446 5088 2567 5138 pag.
2601 5088 2723 5126 που.

2241 5089 2293 5145 p.
2327 5088 2414 5138 51,
2446 5088 2567 5143 pag.
2601 5088 2723 5126 tau.

2246 5143 2359 5214 (95)
2398 5140 2839 5214 Comest.,_ﬂist.
2865 5140 2986 5214 Ac}.
3013 5152 3228 5214 _apost.,
3258 5158 3377 5214 cap.
3407 5145 3535 5199 101.

2264 5210 2621 5337 ξιὲἹΜπειιη
2674 5210 2861 5265 Patav.
2919 5210 3193 5281 Defensor.
3259 5210 3399 5282 paln,
3462 5222 3614 5287 part.
3686 5225 3740 5273 ιι,

2177 5301 2299 5355 cap?

2250 5327 2618 5427 (95)'Gobel.,
2648 5350 2949 5421 Cosmord.,
2973 5360 3117 5409 aetat.
3149 5371 3223 5423 vr,
3257 5369 3376 5427 cap.
3407 5354 3457 5409 7.
