4000 6266
1480 342 2050 402 BECOGNlTlONES.
2092 340 2453 399 PROCEMIA.
3442 335 3578 394 1³206

351 352 494 419 1.205

542 492 3473 529 *γὺψ-νη-ῄ--ᾙ-δ-ῳ-μ-

1634 661 2283 775 BUPINI

1368 874 1925 947 AQUILEIENSIS
1963 872 2456 937 PRESBYTER]

716 1213 811 1306 S.
889 1212 1563 1305 CLEMENTIS
1645 1211 2664 1306 RECOGNITIONUM
2747 1210 3175 1304 LIBROS

1543 1433 2373 1564 ΡΒᾸΕΡΑΤΙΟ

1448 1676 1538 1735 AD
1573 1676 1713 1733 GAU
1726 1675 1973 1733 DENTIU
1983 1674 2032 1731 M
2069 1674 2481 1732 EPISCOPUM.

1925 1858 1991 1869 ...-

415 1992 794 2064 Tibiquidem,
816 1989 1083 2048 Gaudenti
1116 1989 1247 2063 (98),
1261 1998 1574 2046 nostrorum
1598 1989 1766 2045 decus
1791 1990 2005 2061 insigne
2038 1990 2347 2055 doctorum,
2381 1996 2567 2045 tantus
2598 1989 2797 2059 ingenii
2824 1990 2999 2061 vigor,
3028 1992 3137 2045 imo
3160 1998 3313 2045 tanta
3347 1986 3579 2061 spiritus

342 2087 516 2159 gratia
547 2095 650 2149 est,
685 2092 744 2139 ιιι
770 2085 816 2141 si
838 2085 967 2154 quid
996 2102 1025 2140 a
1058 2094 1110 2140 te
1138 2085 1301 2139 etiam
1333 2082 1638 2153 quotidiani
1669 2082 1872 2151 eloquii
1906 2098 2056 2138 more
2104 2083 2328 2145 dicitur,
2374 2081 2419 2137 si
2451 2080 2582 2152 quid
2613 2081 2667 2135 in
2698 2081 2933 2137 ecclesia
2988 2083 3350 2151 declamatur,
3400 2083 3455 2138 id
3509 2084 3566 2141 in

340 2176 498 2231 libris
524 2175 710 2229 haberi
741 2183 793 2229 et
819 2175 886 2229 ad
920 2175 1340 2231 instructionem
1373 2175 1515 2229 tradi
1550 2174 1785 2244 posteris
1814 2172 2031 2230 debeat.
2056 2172 2169 2229 Nos
2192 2183 2396 2237 tamen,
2433 2188 2572 2243 quos
2606 2182 2659 2228 et
2683 2173 2884 2244 ingenii
2907 2175 3144 2231 tenuitas
3173 2176 3357 2232 minus
3380 2193 3572 2248 prom-

342 2272 485 2332 ptos,
517 2273 572 2320 et
598 2276 816 2320 senecta
839 2266 952 2334 jam
984 2264 1170 2321 tardos
1202 2264 1380 2321 reddit
1407 2278 1472 2317 ac
1504 2279 1718 2335 segnes,
1743 2279 1883 2336 opus
1926 2264 2072 2335 quod
2104 2264 2233 2318 olim
2263 2264 2583 2319 venerandae
2633 2266 2909 2319 memoria:
2953 2266 3107 2338 virgo
3140 2266 3309 2321 Silvia
3341 2267 3455 2339 (99)
3489 2270 3578 2324 in-

333 2356 615 2424 juuxerat,
648 2364 707 2408 ut
736 2354 1070 2412 Clementem
1099 2364 1301 2412 nostra:
1329 2358 1525 2430 linguae
1551 2358 1904 2414 redderemus
1932 2356 2103 2428 (100),
2142 2364 2195 2411 et
2226 2364 2285 2409 tu
2308 2356 2566 2426 deinceps
2585 2356 2709 2428 jure
2730 2358 3077 2414 haereditario
3120 2359 3409 2428 poscebas,
3442 2361 3571 2415 licet

338 2448 538 2502 multas
569 2456 688 2518 post
711 2465 914 2513 moras,
955 2456 1137 2505 tamen
1164 2450 1460 2521 aliquando
1488 2450 1854 2510 restituimus,
1894 2449 2260 2520 praedamque,
2289 2456 2347 2501 ut
2373 2449 2590 2519 opinor,
2626 2466 2734 2504 non
2764 2467 3009 2521 parvam,
3035 2450 3355 2507 Graecorum
3390 2452 3584 2515 biblio-

335 2540 511 2595 thecis
537 2551 799 2611 ereplam,
831 2551 1146 2598 nostrorum
1172 2544 1367 2600 usibus
1395 2552 1450 2600 et
1471 2543 1798 2599 utilitatibus
1833 2534 2242 2604 convectamus,
2277 2547 2336 2595 ut
2363 2550 2501 2611 quos
2525 2543 2761 2612 propriis
2786 2558 2894 2595 non
2923 2556 3244 2612 possumus,
3269 2543 3579 2614 peregrinis

288 2664 291 2666 -
333 2635 646 2689 nutriamus
678 2636 975 2691 alimoniis.
1008 2636 1145 2691 Nam
1187 2645 1241 2691 et
1273 2639 1449 2694 solent
1475 2640 1728 2694 suaviora
1754 2637 1926 2693 videri
1954 2637 2259 2707 peregrina,
2278 2635 2550 2691 interdum
2574 2652 2703 2690 vero
2723 2645 2777 2691 et
2808 2637 3046 2692 utiliora.
3074 2637 3319 2707 Denique
3339 2640 3581 2711 peregri-

335 2741 469 2781 num
488 2734 571 2782 est
596 2743 731 2796 pene
753 2744 914 2782 omne
939 2729 1086 2798 quod
1114 2730 1379 2785 medelam
1402 2730 1729 2800 corporibus
1761 2728 1993 2792 confert,
2018 2729 2163 2797 quod
2186 2726 2394 2782 morbis
2422 2727 2685 2793 occurrit,
2710 2727 2855 2797 quod
2885 2743 3093 2783 venena
3123 2729 3365 2800 depellit.
3392 2728 3580 2787 Judaaa

335 2818 568 2871 balsami
599 2819 913 2890 lacrymam,
949 2817 1109 2874 Creta
1142 2835 1355 2875 comam
1381 2819 1647 2874 dictamni
1681 2819 1870 2884 mittit,
1901 2817 2104 2872 Arabia
2131 2825 2436 2869 aromatum
2465 2816 2649 2880 ﬂores,
2668 2823 2723 2870 et
2746 2818 3022 2902 spicarum
3054 2820 3208 2874 nardi
3236 2818 3390 2875 India
3418 2835 3577 2891 sege-

336 2919 449 2966 tem
476 2912 647 2979 metit,
674 2929 794 2981 quaz
824 2915 967 2983 apud
999 2930 1121 2977 nos,
1154 2914 1371 2969 etiamsi
1400 2913 1739 2983 aliquantulo
1769 2925 1935 2981 quam
1967 2909 2224 2980 proprius
2250 2923 2378 2979 ager
2426 2908 2633 2976 attulit,
2668 2908 2928 2965 fractiora
2982 2902 3356 2981 perveniunt,
3388 2911 3579 2967 odoris

337 2984 521 3058 tamen
548 3003 777 3073 gratiam
808 3006 1024 3075 vimque
1054 3005 1307 3060 medendi
1341 3005 1608 3075 integram
1639 3008 1881 3058 servant.
1918 2997 2152 3066 Suscipe
2186 2998 2374 3068 igitur,
2426 2997 2607 3052 anime
2639 2996 2737 3061 mi,
2781 2998 3100 3055 redeuntem
3134 3000 3203 3055 ad
3240 3010 3295 3057 te
3322 3001 3577 3057 Clemen—

335 3097 450 3147 tem
482 3100 752 3156 nostrum,
786 3096 1003 3164 suscipe
1028 3095 1139 3164 jam
1162 3094 1490 3150 Romanum.
1519 3091 1630 3148 Nec
1663 3091 1902 3155 mireris,
1936 3090 1983 3145 si
2031 3089 2172 3145 forte
2209 3089 2309 3144 tibi
2346 3088 2401 3143 in
2444 3103 2510 3144 eo
2559 3090 2743 3146 minus
2785 3092 2948 3147 solito
2979 3088 3206 3150 ﬂoridus
3252 3094 3579 3165 eloquentia:

335 3189 525 3243 vultus
557 3194 836 3257 appareat.
881 3186 1027 3240 Nihil
1052 3188 1297 3251 interest,
1348 3184 1646 3242 dummodo
1672 3199 1867 3240 sensus
1896 3183 2039 3239 idem
2074 3181 2269 3252 sapiat.
2292 3180 2618 3252 Peregrinas
2648 3196 2779 3253 ergo
2804 3198 3017 3242 merces
3046 3184 3219 3241 multo
3245 3185 3300 3241 in
3335 3190 3570 3260 patriam

334 3278 539 3335 sudore
568 3278 993 3334 transvehimus.
1028 3276 1095 3331 Et
1126 3278 1315 3335 nescio
1347 3294 1509 3348 quam
1528 3285 1718 3348 gratus
1747 3292 1834 3332 me
1880 3275 2083 3331 civium
2114 3276 2301 3330 vultus
2330 3272 2552 3344 accipit,
2586 3288 2783 3345 magna
2814 3274 2921 3330 sibi
2963 3274 3185 3333 Graeciaa
3222 3280 3401 3350 spolia
3429 3281 3582 3338 defe-

332 3378 573 3437 tentem,
604 3377 659 3426 et
689 3372 935 3427 occultos
965 3370 1247 3440 sapientiae
1282 3370 1571 3425 thesauros
1608 3375 1812 3424 nostrae
1845 3369 2043 3438 linguae
2069 3367 2221 3421 clave
2248 3374 2606 3422 reserantem.
2642 3364 2749 3421 Sed
2772 3367 2916 3423 votis
2949 3368 3059 3424 tuis
3103 3369 3280 3427 faveat
3308 3372 3475 3441 Deus,
3512 3384 3575 3433 ut

333 3462 525 3516 nullus
546 3461 705 3517 nobis
740 3462 965 3516 sinister
995 3460 1211 3525 oculus,
1242 3475 1343 3513 nec
1374 3460 1700 3529 cujusquam
1732 3460 1932 3514 lividus
1962 3465 2222 3513 occurrat
2259 3465 2534 3525 aspectus,
2559 3472 2629 3513 ne
2657 3464 2901 3512 extremo
2941 3461 3172 3532 prodigii
3200 3478 3418 3533 genere,
3446 3483 3574 3525 cum

332 3553 475 3607 nihil
504 3553 782 3609 invideant
810 3553 885 3607 illi
912 3552 1111 3623 quibus
1140 3552 1410 3616 aufertur,
1446 3552 1712 3606 livescant
1740 3558 1922 3605 tamen
1947 3550 2039 3605 isti
2063 3548 2265 3619 quibus
2287 3547 2589 3604 confertur.
2624 3548 2865 3620 Equum
2898 3561 2983 3609 est
3022 3570 3175 3620 sane,
3206 3556 3305 3613 tibi
3337 3558 3431 3629 qui
3455 3559 3577 3616 haec

331 3644 500 3700 etiam
533 3644 609 3715 (l)
640 3644 823 3700 Grece
852 3644 1048 3715 legeris
1077 3644 1168 3715 (ne
1209 3643 1349 3700 forte
1380 3646 1435 3699 in
1486 3644 1761 3715 aliquibus
1810 3644 1992 3700 minus
2039 3660 2069 3697 a
2124 3644 2283 3699 uobis
2315 3652 2591 3699 servatum
2647 3646 3025 3702 translationis
3071 3651 3320 3706 ordinem
3367 3654 3577 3724 putes),

332 3736 806 3806 interpretationis
836 3750 1035 3792 nostrae
1065 3737 1307 3793 indicare
1331 3737 1647 3793 consilium.
1676 3737 1816 3792 Puto
1847 3736 1992 3807 quod
2025 3750 2134 3789 non
2168 3742 2222 3790 te
2263 3736 2448 3800 lateat,
2485 3735 2778 3793 Clementis
2807 3738 2971 3808 hujus
3022 3741 3075 3794 in
3117 3740 3306 3798 Graeco
3336 3743 3580 3814 ejusdem

331 3829 520 3899 operis
562 3828 960 3898 Ἀναγνώσεων,
987 3830 1092 3885 hoc
1113 3839 1197 3887 est
1225 3830 1677 3901 Recognitionum,
1704 3831 1842 3886 duas
1868 3828 2137 3884 editiones
2167 3828 2377 3894 haberi,
2418 3835 2473 3884 et
2502 3827 2612 3883 duo
2640 3843 2871 3901 corpora
2903 3847 3028 3888 esse
3058 3834 3347 3899 librorum,
3379 3837 3435 3891 in
3468 3837 3571 3890 alio

331 3923 556 3996 quantis
585 3923 803 3993 quidem
838 3924 1051 3980 diversa
1081 3924 1181 3996 (2),
1214 3925 1266 3978 in
1299 3923 1484 3980 multis
1526 3932 1713 3979 tamen
1744 3923 1989 3992 ejusdem
2022 3923 2376 3978 narrationis.
2427 3921 2686 3991 Denique‘
2713 3938 2841 3991 pars
2871 3924 3063 3979 ultima
3096 3927 3260 3997 hujus
3279 3930 3485 3998 operis,
3516 3930 3597 3986 in

334 4033 449 4089 qua
479 4017 546 4072 de
569 4016 1055 4072 transformatione
1091 4016 1329 4073 Simonis
1360 4017 1618 4082 refertur,
1654 4019 1708 4071 in
1736 4032 1848 4071 uno
1876 4032 2106 4086 corpore
2141 4016 2395 4079 habetur,
2448 4016 2505 4069 in
2536 4016 2645 4069 alio
2693 4018 2912 4087 penitus
2963 4034 3072 4074 non
3129 4022 3379 4078 habetur.
3434 4026 3580 4089 Sunt

330 4122 517 4168 autem
531 4116 584 4165 et
599 4109 845 4179 quwdam
866 4110 919 4163 in
936 4118 1165 4180 utroque
1181 4126 1409 4178 corpore
1422 4109 1489 4163 de
1514 4109 1756 4178 ingenito
1779 4107 1887 4163 Deo
1907 4107 2287 4178 genitoque(5)
2302 4107 2557 4172 disserta,
2576 4114 2630 4159 et
2651 4106 2718 4162 de
2739 4108 2861 4164 aliis
2885 4112 3185 4177 nonnullis,
3211 4126 3419 4186 quze,ut
3444 4120 3579 4187 nihil

330 4204 575 4274 amplius
596 4202 796 4266 dicam,
828 4210 1183 4258 excesserunt
1208 4201 1619 4271 intelligentiam
1645 4207 1912 4255 nostram.
1947 4198 2072 4253 Haac
2102 4214 2231 4268 ergo
2263 4211 2386 4267 ego,
2415 4205 2674 4267 tanquam
2701 4215 2821 4270 qua}
2834 4202 2997 4271 supra
3021 4204 3166 4260 vires
3196 4221 3345 4264 meas
3371 4219 3575 4278 essent,

332 4297 460 4355 aliis
495 4308 778 4351 reservare
816 4295 1003 4358 malui,
1031 4310 1193 4364 quam
1227 4294 1409 4348 minus
1444 4294 1600 4364 plena
1621 4291 1888 4363 proferre.
1916 4290 1973 4344 In
1999 4292 2214 4346 caeteris
2244 4298 2717 4359 autem,quantum
2744 4293 3041 4361 potuimus,
3062 4312 3281 4374 operam
3305 4299 3575 4370 dedimus,

1633 4535 1997 4592 COTELERII
2047 4538 2279 4594 NOTJE.

408 4698 849 4776 (98)-ζὲιηιιίιεηίὶἶ
904 4697 1116 4776 Omnes
1158 4696 1375 4751 codices
1434 4712 1596 4776 manu
1649 4699 1855 4776 exarati
1888 4738 1904 4763 ,
2009 4692 2241 4776 scribit":
2282 4690 2705 4776 Quinimo‘sicuﬁ
2731 4701 2778 4746 et
2812 4693 3225 4776 insaniaitaque
3256 4694 3574 4776 Clementem

334 4761 477 4840 quos
499 4761 683 4844 videre
721 4769 853 4844 mihi
897 4768 1152 4844 contigit;
1194 4782 1285 4844 sex
1307 4804 1360 4844 ,Α
1391 4766 1636 4844 scilicet,
1664 4761 1903 4844 habent,
2007 4761 2411 4844 quem.Ruﬁnus
2441 4772 2648 4844 nostr-az.
2665 4762 2857 4844 lingua:
2894 4761 3185 4844 redditum,
3234 4765 3532 4844 restitutum
3553 4810 3573 4844 ε

333 4832 476 4910 papa
504 4836 783 4910 Gaudenti.
822 4832 1074 4907 Intellige
1095 4835 1457 4890 Gaudentium
1496 4832 1901 4902 Novariensem,
2006 4832 2057 4910 «ξε
2077 4832 2376 4910 redeuntem
2400 4833 2469 4885 ad
2496 4832 2847 4910 Gaudentium
2869 4833 3099 4910 scribens
3124 4835 3298 4888 innuit
3321 4851 3338 4897 ;
3359 4846 3409 4889 et
3435 4832 3576 4907 quod

335 4908 433 4966 seu
460 4910 643 4976 potius
672 4908 1023 4963 Brixiensem.
1054 4922 1057 4925 '

407 4977 522 5047 (99)
560 4978 727 5047 Virgo
757 4977 956 5047 Sylvia.
990 4978 1163 5031 Etiam
1198 4992 1335 5033 mss.
1369 4976 1657 5047 Qandeler.
1689 4987 1742 5033 et
1771 4980 1905 5034 Car-

334 5045 511 5117 melit.
559 5045 710 5117 Virgo
734 5045 941 5102 nomine
982 5048 1164 5101 Silvia.
1199 5046 1357 5115 Apud
1387 5045 1907 5114 Palladium,Histo—

332 5120 431 5170 ria:
462 5115 742 5187 Lausiacw
800 5134 920 5187 cap.
955 5120 1076 5171 Ml.
1111 5117 1331 5181 Σαλϐία,
1363 5118 1547 5173 minus
1578 5119 1733 5181 bene,
1759 5128 1905 5173 recte

334 5188 507 5258 Silvja
533 5189 591 5258 in
625 5186 926 5242 Heraclidis
956 5188 1252 5258 Paradiso,
1285 5203 1406 5256 cap.
1448 5188 1518 5242 42
1539 5228 1553 5251 ,
1586 5196 1639 5242 et
1676 5189 1905 5258 epistola

337 5259 394 5310 Η
435 5256 493 5312 S.
531 5257 766 5328 Paulini.
798 5258 917 5328 Alia
947 5273 976 5311 a
1009 5257 1227 5312 Silvana
1257 5258 1420 5313 vidua
1443 5297 1457 5324 ,
1517 5259 1589 5313 de
1621 5256 1729 5328 qua
1767 5260 1907 5315 scri-

334 5336 522 5397 ptores
546 5328 680 5382 Vita:
715 5326 772 5398 S.
813 5327 1245 5398 Chrysostomi.1

407 5398 555 5471 (100)
594 5397 1031 5471 Utﬂlementem
1077 5410 1270 5453 nostra:
1315 5399 1506 5468 lingua:
1545 5399 1903 5471 redderemus.

334 5466 641 5522 Romanum
687 5469 886 5539 linguae
928 5468 1319 5524 Romanorum.
1363 5466 1594 5525 Inferius
1635 5489 1647 5524 :
1693 5469 1906 5535 Suscipe

330 5538 517 5610 ἐρξίης.
549 5540 726 5610 anime
750 5538 821 5593 nti
849 5542 976 5608 (ms.
1023 5540 1247 5593 Candel.
1273 5542 1636 5610 magnanime,
1666 5541 1903 5597 Carmel.

331 5605 407 5661 mi
439 5605 682 5670 Domine,
708 5609 825 5665 Pet.
858 5605 930 5663 nti
949 5611 1158 5679 amice),
1191 5605 1487 5679 redeuntem
1504 5610 1573 5663 ad
1598 5622 1644 5665 te
1667 5610 1907 5667 Clemen-

332 5687 437 5751 tem
472 5688 711 5732 nostrum
743 5695 760 5731 :
797 5683 996 5749 suscipe
1026 5678 1492 5751 jantjiomanum.
1525 5681 1689 5735 Gravi
1731 5683 1904 5751 siqui-

316 5747 455 5819 ,(lem
486 5762 672 5804 errore
704 5747 1029 5806 Anastasius
1059 5749 1532 5815 Bibliothecarius,
1566 5747 1814 5819 Epistola
1838 5752 1905 5805 ad

312 5814 595 5888 Joannem
617 5820 899 5877 diaconum
925 5821 1237 5888 Romanum,
1261 5836 1361 5876 ncc
1381 5814 1657 5878 intellecto
1682 5821 1900 5889 Ruﬁno,

2006 4904 2196 4957 Latine
2224 4905 2457 4975 scriptus
2490 4903 2673 4975 fuerit,
2710 4912 2769 4956 et
2790 4904 3043 4975 amissas,
3108 4920 3394 4975 rursusque
3434 4903 3575 4959 rece-

2007 4985 2150 5043 ptus,
2182 4974 2455 5042 signanter
2496 4974 2719 5029 ostendit
2749 4991 2766 5029 :
2802 4988 2923 5027 cum
2971 4973 3200 5029 Rulinus
3230 4973 3419 5030 contra
3464 4992 3575 5031 non

2009 5046 2242 5100 obscure
2285 5044 2552 5112 signiticet
2608 5045 2659 5098 id
2707 5045 2851 5112 quod
2900 5060 2989 5099 res
3032 5053 3134 5107 est,
3183 5044 3574 5112 Recognitiones

2010 5114 2262 5186 primitus
2277 5112 2477 5186 Graece
2509 5115 2743 5183 scriptas
2770 5183 2778 5186 _
2808 5113 2997 5186 fuisse.
3065 5114 3258 5171 Postea
3310 5112 3571 5183 Carmel...

2009 5183 2526 5255 magnasibigratire
2551 5185 2722 5254 spolia
2745 5183 3079 5253 deferentem.

2081 5253 2157 5323 (l)
2200 5254 2300 5309 Ms.
2326 5253 2596 5321 Pet.jam.

2080 5327 2157 5396 (2)
2200 5325 2298 5379 Ms.
2319 5324 2504 5396 iCand.
2536 5324 2669 5396 etiP.
2699 5326 2935 5380 diversaz.

2079 5398 2155 5468 (5)
2197 5395 2535 5468 Deingem'to
2576 5395 2705 5459 Deo,
2746 5397 3033 5468 genitoque,
3057 5402 3172 5468 etc.
3205 5395 3265 5450 In
3288 5398 3570 5453 sublimis-

2008 5465 2145 5526 sima
2193 5468 2295 5522 hac
2338 5465 2667 5537 quaestione,
2713 5465 3169 5537 quemadmodum
3210 5468 3513 5537 appellatur
3540 5483 3572 5522 a

2006 5538 2307 5595 Claudiano
2343 5536 2603 5609 Mamerto
2623 5554 2646 5609 ;γ
2669 5546 2722 5590 et
2752 5536 2969 5609 in_aliis
3014 5537 3337 5605 quibusdam
3358 5539 3572 5609 depra-

2009 5618 2163 5666 vatas
2194 5608 2363 5664 fuisse
2389 5608 2757 5677 Clementinas
2792 5607 3185 5675 Recognitiones
3232 5622 3333 5677 per
3355 5607 3570 5663 haereti—

2008 5696 2125 5740 cos,
2154 5680 2433 5734 Ebionitas
2452 5719 2467 5743 ,
2498 5676 2734 5732 Arianos
2753 5717 2767 5739 ,
2795 5687 2850 5732 et
2878 5676 3247 5732 Eunomianos
3267 5717 3280 5739 ,
3305 5676 3572 5734 discimus

2009 5752 2075 5806 ab
2107 5750 2442 5875 Egiphlanio,
2468 5748 2675 5823 _Ruﬁno
2696 5789 2710 5815 ,
2736 5747 2947 5806 Photio.
2990 5748 3123 5804 Vide
3156 5747 3297 5803 infra
3318 5789 3331 5815 ,
3358 5749 3454 5806 lib.
3506 5758 3569 5799 Ill

2010 5838 2130 5875 can.
2204 5860 2217 5875 .
2240 5837 2270 5875 e
2296 5838 2344 5875 c.

2010 5838 2130 5893 cap.
2162 5830 2217 5889 2,
2240 5830 2344 5878 etc.
