4000 6266
524 317 665 371 1207
1370 309 1430 365 s.
1471 303 1855 365 CLEMENTIS
1888 302 1909 359 ι
1947 302 2116 359 non.
2158 302 2363 362 pom.
2399 302 2630 361 OPERA
2669 303 2900 374 ausu.
3560 306 3564 311 '
3602 305 3731 366 nos

521 442 633 483 non
664 422 841 479 solum
877 436 917 477 a‘
942 419 1250 487 sententiis,
1278 420 1374 477 sed
1396 436 1466 476 ne
1495 435 1526 474 a
1556 420 1901 475 sermonibus
1939 418 2156 488 quidem
2179 419 2314 474 satis
2336 418 2846 492 elocutionibusque
2872 419 3174 477 discedere.
3224 418 3356 486 Quae
3379 435 3467 475 res
3496 422 3731 492 quamvis

520 518 704 571 minus
724 525 1001 581 ornatum,
1026 514 1201 586 magis
1230 520 1413 568 tamen
1437 511 1593 567 ﬁdele
1616 509 1947 565 narrationis
1977 509 2154 564 reddit
2175 508 2476 578 eloquium.
2502 508 2797 579 Epistolam
2827 526 2980 575 sane,
3014 510 3069 564 in
3091 526 3199 581 qua
3228 510 3370 566 idem
3398 509 3645 568 Clemens
3671 513 3733 569 ad

519 609 783 665 Jacobum
814 608 1035 664 fratrem
1059 608 1275 663 Domini
1301 608 1549 663 scribens
1580 604 1647 660 de
1674 604 1826 659 obitu
1856 604 2074 658 nuntiat
2094 601 2239 658 Petri
2270 600 2369 674 (4),
2399 608 2454 657 et
2475 600 2622 672 quod
2664 618 2723 657 se
2750 603 3033 673 reliquerit
3062 617 3440 659 successorem
3464 604 3725 660 cathedra:

520 712 575 761 et
603 705 866 761 doctrinae
897 713 1030 768 suae,
1063 703 1121 758 in
1140 718 1249 773 qua
1277 701 1441 759 etiam
1471 701 1538 756 de
1566 700 1713 755 omni
1744 699 1936 754 ordine
1962 697 2338 753 ecclesiastico
2358 700 2691 763 continetur,
2712 697 2833 754 ideo
2858 714 3006 753 nunc
3028 686 3155 753 huic
3173 697 3326 768 operi
3348 713 3458 753 non
3487 699 3733 769 praemisi,

520 799 650 870 quia
677 805 732 854 et
759 805 1005 873 tempore
1028 797 1301 868 posterior
1330 802 1436 859 est,
1463 802 1518 850 et
1546 794 1678 848 olim
1710 808 1741 847 a
1767 808 1855 848 me
1887 793 2243 861 interpretata
2264 799 2318 848 et
2353 791 2515 847 edita.
2548 789 2655 846 Sed
2683 790 2829 861 quod
2851 792 2907 846 in
2927 807 2991 846 ea
3016 791 3296 847 nonnullis
3319 789 3555 847 fortasse
3591 792 3755 847 video.

519 894 671 949 bitur
702 892 1127 961 inconsequens,
1156 890 1204 946 si
1231 890 1321 944 hic
1348 889 1687 958 explanetur,
1712 902 1823 941 non
1854 894 1985 957 puto
2013 885 2313 941 absurdum
2334 885 2527 941 videri.
2560 884 2789 951 Quidam
2820 885 2965 941 enim
2997 887 3306 957 requirunt,
3333 885 3605 956 quomodo
3623 900 3736 941 cum

519 985 692 1041 Linus
717 993 771 1040 et
792 984 981 1039 Cletus
1009 983 1086 1055 (5)
1112 983 1168 1038 in
1190 983 1327 1038 urbe
1344 980 1517 1037 Roma
1548 992 1674 1035 ante
1700 978 2033 1035 Clementem
2078 978 2226 1032 hunc
2250 977 2453 1033 fuerint
2482 977 2747 1048 episcopi,
2780 978 2896 1047 ipse
2927 976 3180 1034 Clemens
3211 978 3279 1033 ad
3308 977 3574 1033 Jacobum
3608 979 3737 1033 seri-

518 1080 678 1145 bens,
705 1079 811 1138 sibi
845 1078 991 1133 dicat
1010 1092 1041 1131 a
1070 1077 1232 1133 Petro
1254 1076 1485 1132 docendi
1510 1074 1825 1129 cathedram
1855 1073 2133 1130 traditam.
2158 1070 2328 1142 Cujus
2355 1071 2433 1126 rei
2456 1070 2597 1128 hanc
2626 1071 2937 1142 accepimus
2949 1087 3072 1128 esse
3103 1070 3387 1135 rationem,
3412 1071 3559 1141 quod
3582 1069 3739 1126 Linus
3802 1098 3805 1103 ·

520 1183 578 1231 et
600 1173 787 1229 Cletus
817 1171 1040 1227 fuerunt
1071 1168 1292 1240 quidem
1322 1176 1449 1223 ante
1479 1168 1811 1223 Clementem
1859 1164 2101 1234 episc0pi
2144 1163 2202 1220 in
2243 1163 2379 1218 urbe
2410 1161 2605 1228 Roma,
2633 1163 2728 1218 sed
2753 1149 3049 1233 superstite
3079 1161 3266 1229 Petro,
3298 1164 3553 1219 videlicet
3583 1171 3638 1218 ut
3667 1160 3740 1217 illi

520 1266 873 1339 epiSCOpatus
904 1275 1091 1316 curam
1114 1266 1384 1330 gererent,
1417 1258 1534 1327 ipse
1557 1271 1686 1311 vero
1703 1255 2043 1325 apostolatus
2073 1252 2321 1323 impleret
2350 1252 2608 1318 oﬂicium,
2634 1253 2775 1308 sicut
2804 1254 3078 1310 invenitur
3091 1254 3254 1310 etiam
3283 1254 3425 1325 apud
3447 1253 3736 1311 Ctesaream

521 1357 742 1421 fecisse,
772 1354 863 1409 ubi
895 1368 1018 1408 eum
1048 1351 1165 1422 ipse
1187 1358 1333 1406 esset
1360 1364 1621 1421 praesens,
1654 1347 1975 1405 Zacchazum
2000 1355 2182 1400 tamen
2215 1359 2245 1398 a
2273 1361 2330 1401 se
2379 1344 2693 1400 ordinatum
2725 1345 2959 1401 habebat
2988 1347 3325 1417 episcopum.
3360 1344 3427 1398 Et
3456 1345 3561 1400 hoc
3589 1346 3739 1401 modo

522 1456 816 1516 utrumque
844 1460 1032 1501 verum
1069 1442 1361 1505 videbitur,
1391 1448 1450 1494 ut
1474 1447 1527 1496 et
1554 1440 1632 1494 illi
1664 1446 1788 1494 ante
1806 1438 2139 1494 Clementem
2168 1446 2524 1493 numerentur
2548 1439 2812 1509 episcopi,
2832 1445 2886 1494 et
2911 1437 3164 1494 Clemens
3192 1445 3374 1493 tamen
3404 1448 3529 1508 post
3544 1440 3738 1495 obitum

521 1542 672 1601 Petri
702 1539 935 1596 docendi
965 1537 1268 1607 susceperit
1294 1533 1501 1590 sedem.
1539 1532 1644 1588 Sed
1678 1533 1791 1604 jam
1824 1532 2126 1597 videamus,
2161 1532 2409 1588 scribens
2446 1530 2653 1589 Iacobo
2690 1531 2847 1589 fratri
2889 1532 3125 1602 Domini,
3158 1534 3341 1605 operis
3372 1535 3457 1589 sui
3501 1534 3739 1593 Clemens

523 1634 641 1706 ipse
662 1632 808 1705 quod
839 1638 1021 1687 sumat
1049 1630 1385 1685 narrationis
1411 1628 1652 1685 initium.

535 1760 3738 1789 ——-————————————-—-—-—-———-————-———-——-—-—-————-—-———-————

1125 1924 2140 2023 BECOGNITIONUM
2214 1928 2572 2017 LIBER
2639 1927 2933 2017 PBIM
2954 1926 3127 2018 US.

600 2262 640 2318 Ι.
681 2261 795 2334 Ego
832 2258 1083 2318 Clemens
1128 2258 1184 2313 in
1227 2257 1362 2314 urbe
1388 2255 1559 2311 Roma
1587 2261 1770 2316 natus,
1803 2268 1871 2309 ex
1914 2252 2088 2324 prima
2116 2256 2162 2313 Α
2190 2249 2270 2304 Ex
2299 2262 2407 2319 quo
2450 2247 2649 2302 factum
2696 2253 2800 2312 est,
2846 2254 2905 2302 ut
2950 2246 3191 2318 lugerem
3242 2247 3588 2318 postmodum
3636 2262 3741 2312 eos,

526 2360 686 2410 :etate
730 2350 1003 2424 pudicitia:
1052 2348 1294 2405 studium
1336 2346 1478 2417 gessi
1513 2344 1613 2417 (6),
1645 2344 1776 2400 dum
1806 2358 1893 2399 me
1920 2342 2087 2397 animi
2190 2357 2327 2415 quos
2354 2341 2509 2411 prius
2542 2341 2800 2410 ignorans
2830 2338 3017 2394 beatos
3048 2339 3351 2395 credebam.

530 2439 763 2495 intentio
791 2438 940 2494 velut
968 2436 1203 2492 vinculis
1249 2434 1579 2505 quibusdam
1621 2431 2008 2490 sollicitudinis
2035 2438 2089 2486 et
2258 2434 2348 2492 Ill.
2388 2434 2557 2505 igitur
2609 2446 2733 2486 cum
2778 2446 2810 2484 a
2854 2433 3029 2501 prima
3073 2439 3232 2487 aetate
3281 2432 3337 2487 in
3376 2432 3761 2503 hujuscemodi,

528 2531 783 2588 maeroris
810 2545 841 2584 a
862 2545 1032 2601 puero
1061 2528 1318 2585 innexum
1341 2533 1569 2583 teneret.
1592 2524 1772 2581 luerat
1786 2525 1933 2580 enim
1952 2522 2086 2577 mihi
2191 2529 2495 2584 animorum
2535 2522 2833 2579 intentione
2864 2536 3133 2589 versarer,
3167 2523 3392 2593 cupiens
3420 2524 3629 2594 aliquid
3672 2524 3747 2581 di-

529 2623 788 2694 cogitatio
831 2623 1122 2695 (incertum
1174 2636 1305 2677 sane
1344 2620 1487 2677 unde
1501 2619 1713 2677 initium
1752 2616 2089 2688 sumpserit),
2192 2626 2365 2685 scere,
2420 2613 2867 2687 philosophorum
2919 2612 3326 2685 frequentabam
3375 2615 3617 2683 scholas,
3666 2615 3748 2671 ubi

530 2707 725 2774 crébro
752 2715 822 2771 ad
848 2716 1165 2771 memoriam
1190 2730 1363 2769 meam
1397 2714 1764 2771 conditionem
1792 2711 2093 2767 mortalita-
2190 2714 2328 2768 nihil
2361 2711 2530 2777 aliud,
2563 2726 2725 2782 quam
2754 2710 3065 2781 dogmatum
3100 2709 3430 2765 assertiones
3478 2716 3532 2763 et
3581 2709 3747 2780 impu-

529 2808 606 2864 tis
654 2807 966 2874 adducens,
1016 2807 1287 2876 simulque
1333 2807 1681 2863 discutiens:
1717 2811 1973 2860 utrumne
2020 2804 2093 2860 sit
2192 2806 2477 2878 gnaliones
2506 2804 2753 2860 videbam
2799 2802 2884 2873 agi
2916 2802 3035 2858 sine
3082 2800 3207 2865 fine,
3253 2800 3579 2865 certamina,
3612 2808 3748 2857 artes

528 2898 665 2955 mihi
713 2898 895 2970 aliqua
948 2897 1061 2955 vita
1110 2905 1233 2968 post
1281 2906 1532 2962 mortem,
1579 2912 1648 2951 an
1693 2897 1830 2951 nihil
1870 2894 2093 2951 omnino
2193 2897 2631 2969 syllogismorum
2665 2894 3188 2963 conclusionumque
3234 2891 3428 2963 agitari
3461 2892 3745 2948 versutias.

528 2998 717 3062 postea
747 2991 849 3047 sim
873 2989 1112 3055 futurus,
1135 2989 1183 3045 si
1222 3003 1332 3045 non
1361 2987 1556 3043 fuerim
1582 2994 1870 3057 antequam
1896 3001 2091 3041 nasce—
2192 2986 2259 3039 Et
2305 2987 2351 3040 si
2389 2985 2608 3055 quando
2652 2983 2871 3054 quidem
2916 2982 3194 3038 obtinebat
3242 2982 3332 3037 hic
3375 2997 3581 3046 sermo,
3612 2982 3744 3052 quod

527 3095 639 3146 rer,
654 3081 740 3135 vel
763 3081 811 3137 si
839 3080 989 3136 nulla
1018 3093 1244 3149 prorsus
1272 3078 1393 3133 vita:
1418 3076 1581 3146 hujus
1607 3077 1711 3132 erit
1740 3084 1863 3146 post
1883 3075 2090 3130 obitum
2194 3075 2515 3131 immortalis
2541 3082 2687 3130 esset
2712 3073 2915 3139 anima,
2934 3074 3278 3144 gratulabar;
3312 3073 3358 3129 si
3387 3071 3607 3143 quando
3631 3084 3747 3127 vero

522 3171 859 3237 recordatio,
890 3179 945 3226 et
976 3171 1048 3223 ita
1076 3167 1413 3224 immensitas
1441 3164 1702 3236 temporis
1730 3172 1925 3220 cuncta
1954 3163 2094 3219 obli-
2192 3165 2521 3235 arguebatur
2573 3165 2730 3235 quasi
2759 3166 3025 3231 mortalis,
3057 3181 3181 3220 cum
3236 3165 3460 3220 tristitia
3512 3163 3747 3219 discede-

526 3265 679 3320 vioni
723 3277 788 3318 ac
836 3262 1055 3319 silentio
1082 3259 1251 3324 dabit,
1287 3265 1348 3313 ut
1392 3273 1503 3312 non
1549 3258 1723 3313 solum
1755 3271 1866 3311 non
1895 3256 2088 3320 simus,
2193 3257 2338 3313 bam.
2366 3255 2630 3312 Neutrum
2674 3266 2853 3314 tamen
2900 3258 2956 3313 in
2999 3259 3165 3314 corde
3211 3272 3332 3313 meo
3373 3256 3746 3310 ﬁrmitudinem

528 3356 625 3412 sed
673 3368 851 3425 neque
896 3351 1043 3422 quod
1093 3349 1379 3413 fuerimus,
1422 3348 1689 3403 habeatur
1719 3349 1774 3403 in
1806 3349 2089 3407 memoria.
2193 3349 2438 3404 veritatis
2465 3350 2815 3417 tenebat,sed
2842 3349 2946 3405 hoc
2972 3357 3183 3403 tantum
3212 3341 3747 3418 intelligebam,quod

522 3441 639 3499 Sed
684 3451 740 3498 et
791 3439 926 3495 illud
974 3439 1295 3495 versabatur
1321 3439 1378 3493 in
1403 3446 1641 3508 pectore,
1673 3437 1889 3508 quando
1916 3438 2092 3493 factus
2196 3443 2479 3497 sententia:
2507 3457 2572 3497 ac
2598 3443 2943 3498 definitiones
2965 3458 3168 3508 rerum,
3189 3458 3297 3496 non
3321 3456 3419 3512 pro
3446 3449 3641 3495 natura
3670 3437 3746 3493 sul

526 3537 600 3593 sit
627 3533 885 3598 mundus,
915 3533 1003 3588 vel
1031 3538 1320 3602 antequam
1348 3532 1520 3597 fieret,
1546 3530 1676 3602 quid
1704 3538 1842 3595 erat,
1878 3540 1974 3585 aut
2003 3548 2095 3587 ve-
2196 3551 2260 3590 ae
2289 3537 2516 3591 veritate
2545 3550 2855 3599 causarum,
2886 3534 2981 3590 sed
3029 3550 3128 3604 pro
3179 3534 3409 3606 ingeniis
3466 3532 3747 3589 defenden-

526 3642 591 3682 ro
635 3640 849 3696 semper
898 3624 1083 3680 fuerit.
1111 3622 1246 3678 Nam
1273 3632 1479 3679 eertum
1511 3623 1814 3686 videbatur,
1858 3623 2003 3693 quod
2044 3626 2091 3679 si
2125 3606 2165 3660 Β
2194 3629 2350 3690 tium,
2385 3627 2533 3684 falsa:
2576 3627 3023 3699 imaginarentur,
3056 3636 3150 3682 aut
3188 3642 3345 3690 verae,
3372 3641 3549 3696 eoque
3586 3623 3744 3695 magis

528 3722 674 3773 esset
704 3713 905 3779 factus,
940 3722 1087 3770 esset
1114 3721 1167 3769 et
1194 3714 1439 3783 profecto
1467 3714 1781 3780 solvendus,
1811 3723 1865 3769 et
1908 3714 1951 3769 si
1982 3714 2093 3769 sol-
2193 3719 2248 3774 in
2283 3718 2550 3788 profundo
2576 3719 2814 3789 pectoris
2837 3719 3144 3783 cruciabar,
3170 3720 3313 3791 quod
3342 3735 3520 3789 neque
3558 3712 3744 3787 aliquid

529 3817 707 3873 vatur,
742 3804 873 3877 quid
899 3806 1097 3860 iterum
1124 3805 1266 3859 erit?
1287 3804 1403 3861 Nisi
1436 3804 1574 3861 forte
1600 3805 1800 3860 oblivio
1822 3816 2019 3859 cuncta
2039 3813 2093 3859 et
2192 3825 2259 3866 ex
2288 3809 2393 3871 his,
2418 3826 2537 3878 quae
2563 3810 2903 3876 dicebantur,
2934 3817 3189 3879 tanquam
3215 3809 3426 3864 ﬁrmum
3458 3819 3641 3865 tenere
3660 3821 3747 3877 po-

528 3898 805 3955 silentium
841 3902 1005 3968 teget,
1046 3904 1139 3950 aut
1171 3894 1309 3951 forte
1355 3895 1561 3966 aliquid
1610 3898 1738 3965 erit,
1771 3896 1914 3968 quod
1947 3912 2092 3953 nunc
2192 3909 2384 3966 teram,
2412 3917 2585 3971 neque
2636 3901 2873 3970 abjicere
2918 3900 3249 3956 desiderium
3284 3900 3631 3971 requirendi;
3660 3897 3744 3953 sed

529 3987 737 4045 sentire
766 3986 1080 4041 mortalium
1115 4001 1224 4041 non
1252 3993 1433 4061 potest
1457 4001 1633 4042 mens.
2194 4001 2398 4062 quanto
2434 3992 2607 4063 magis
2635 3991 2907 4061 negligere
2936 3990 3179 4044 conabar
3210 4006 3273 4044 ac
3300 4006 3578 4060 spernere,
3609 3994 3744 4042 tanto

598 4077 664 4134 ll.
704 4077 829 4133 Haec
856 4086 909 4134 et
937 4077 1022 4133 his
1054 4077 1273 4144 similia,
1305 4076 1491 4132 nescio
1519 4076 1684 4145 unde,
1716 4077 2091 4133 indesinenter
2198 4083 2503 4146 ardentius,
2532 4090 2592 4137 ut
2622 4098 2785 4152 supra
2815 4082 2949 4145 dixi,
2984 4083 3130 4137 velut
3157 4096 3281 4135 cum
3322 4082 3560 4151 quadam
3607 4079 3743 4134 volu-

528 4170 711 4224 animo
738 4169 1042 4235 revolvens,
1072 4169 1351 4224 nimietate
1391 4170 1643 4224 mmroris
1696 4169 2089 4227 incredibiliter
2198 4182 2343 4242 ptate
2370 4173 2602 4229 latenter
2632 4174 2876 4243 irrepens
2906 4172 3280 4241 hujuscemodi
3310 4172 3589 4242 cogitatio,
3604 4182 3741 4223 men.

529 4258 895 4323 tabescebam,
924 4265 979 4314 et
1009 4256 1156 4329 quod
1178 4266 1262 4315 est
1291 4258 1531 4330 gravius,
1562 4259 1608 4314 si
1631 4259 1848 4331 quando
1876 4275 2094 4330 respue-
2198 4272 2303 4319 tem
2331 4271 2491 4334 atque
2517 4264 2753 4317 animum
2788 4263 3127 4333 possidebat.

528 4362 589 4403 re
615 4362 646 4401 a
674 4362 761 4403 me
782 4348 1159 4417 hujuscemodi
1188 4363 1349 4404 curas
1376 4350 1523 4405 velut
1550 4349 1732 4404 minus
1759 4350 1919 4406 utiles
1941 4350 2092 4422 eogi-
2268 4354 2358 4410 1V.
2397 4355 2799 4428 Coangustatus
2840 4357 3003 4428 igitur
3030 4356 3344 4411 inventione
3389 4371 3597 4415 rerum,
3640 4351 3743 4405 aie-

527 4437 731 4500 tabam,
761 4437 1053 4494 validiores
1082 4437 1139 4494 in
1170 4453 1255 4494 me
1280 4438 1476 4495 fluctus
1505 4438 1933 4499 sollicitudinum
1958 4456 2090 4497 con-
2198 4445 2320 4500 bam
2349 4447 2489 4516 apud
2523 4448 2897 4516 memetipsum
2929 4465 2942 4501 :
2974 4445 3113 4512 Quid
3161 4445 3395 4501 inaniter
3424 4446 3739 4505 laboramus,

530 4528 844 4598 θυτεεδειηιο
878 4526 1053 4584 Inerat
1074 4529 1219 4584 enim
1250 4530 1381 4583 mihi
1404 4545 1588 4585 comes
1614 4532 1839 4600 Optima.
1861 4547 1983 4601 qua:
2005 4547 2091 4588 me
2192 4552 2316 4591 cum
2368 4536 2692 4593 manifestus
2722 4538 2793 4593 sit
2824 4539 3085 4592 terminus
3115 4538 3334 4592 rerum?
3364 4535 3421 4590 Si
3453 4537 3595 4591 enim
3632 4538 3741 4604 post

532 4619 815 4690 quiescere
864 4634 975 4676 non
1024 4618 1250 4679 sineret.
1283 4618 1710 4677 immortalitatis
1765 4623 1983 4692 cupido.
2022 4623 2094 4680 Ut
2198 4636 2425 4683 mortem
2477 4643 2586 4682 non
2632 4643 2748 4692 ero,
2783 4643 2928 4682 nunc
2957 4628 3230 4697 superfluo
3272 4626 3520 4695 crucior;
3554 4627 3599 4680 si
3629 4637 3740 4679 vero

530 4709 677 4764 enim
702 4718 824 4780 post
854 4726 1035 4765 rerum
1064 4710 1241 4769 exitus
1271 4711 1476 4778 docuit,
1507 4721 1561 4769 et
1591 4716 1773 4784 gratia
1794 4713 1887 4770 Dei
1915 4716 2093 4771 omni-
2197 4721 2303 4775 erit
2350 4721 2483 4775 mihi
2530 4720 2636 4773 vita
2670 4727 2792 4790 post
2820 4719 3051 4784 obitum,
3084 4733 3364 4775 servemus
3393 4719 3471 4773 illi
3503 4719 3621 4773 vitae
3666 4712 3739 4768 sui

528 4804 766 4875 potentis
789 4803 1045 4869 ostendit,
1068 4803 1182 4859 haec
1210 4820 1297 4861 me
1325 4806 1491 4860 animi
1520 4808 1749 4864 intentio
1775 4808 1841 4865 ad
1865 4810 2093 4880 inquisi-
2198 4814 2456 4883 temporis
2483 4820 2682 4875 motus,
2710 4827 2779 4867 ne
2810 4810 2947 4868 forte
2980 4811 3084 4879 his,
3118 4828 3238 4881 quae
3267 4827 3414 4867 nunc
3439 4812 3634 4881 patior.
3654 4806 3739 4861 ali-

529 4898 731 4953 tionem
759 4897 1024 4962 veritatis,
1055 4907 1109 4955 et
1137 4900 1465 4969 agnitionem
1494 4915 1637 4957 verte
1678 4901 1818 4957 lucis
1846 4903 2091 4962 adduxit.
2122 4900 2163 4956 C
2195 4910 2301 4973 qua
2346 4919 2432 4959 me
2482 4903 2557 4959 ibi
2606 4903 2845 4959 tristiora
2876 4902 3170 4972 excipiant,
3200 4902 3307 4958 nisi
3336 4902 3424 4971 pie
3467 4916 3531 4956 ac
3578 4896 3740 4955 sobrie

1832 5056 2195 5112 COTELEl’tll
2265 5056 2500 5114 ΝΟΤἉΕ.

599 5191 675 5277 (4)
717 5191 791 5277 pe
838 5190 983 5277 obitu
1024 5192 1248 5277 nuntiat_
1278 5191 1443 5277 fatri:
1491 5191 1567 5247 lta
1612 5197 2087 5277 omnescod-ices.
2193 5197 2320 5277 vitis
2374 5193 2741 5276 ltomanorum
2796 5190 3113 5277 pontificum
3141 5191 3521 5277 scripserunt,
3567 5192 3739 5277 auctor

527 5258 823 5335 Epistola‘m
856 5261 1149 5335 Clementis
1183 5261 1252 5316 ad
1289 5260 1562 5335 Jacohum
1595 5264 1833 5335 praeponi
1877 5267 2090 5321 solitam
2193 5264 2453 5335 Chronici
2498 5258 2913 5335 episcoporum_
2930 5258 3291 5335 Metensium,
3339 5262 3557 5335 aliique.
3612 5258 3737 5335 Legg

523 5323 714 5395 libris,
747 5331 1209 5405 Recoguitionum,
1246 5342 1435 5405 aperte
1463 5323 1872 5405 dicit'Photius.
1917 5336 2093 5404 Atque
2196 5323 2556 5405 Epiphaniun't
2609 5323 2807 5405 haeresi
2844 5330 2950 5405 27,
2990 5334 3045 5395 ϐ,
3086 5341 3141 5386 et
3177 5323 3299 5405 quae
3332 5323 3634 5405 nota-vimus
3677 5323 3733 5377 ad

528 5405 725 5475 eadem
747 5404 809 5475 in
831 5400 1021 5475 codice
1040 5400 1407 5475 Carmeliiicae
1440 5400 2087 5475 Bibliothecaeinseritur,
2196 5400 2360 5475 caput
2400 5405 2468 5458 46
2500 5403 2622 5457 libri
2654 5418 2736 5475 vn
2761 5400 2994 5475 _Cons_tit.
3033 5400 3226 5475 aperti,
3272 5404 3405 5475 item
3454 5400 3730 5454 Marianum

526 5476 669 5546 inter
698 5473 878 5546 [inlini
914 5471 1289 5546 Praefationem
1348 5487 1412 5529 ac
1458 5476 1605 5544 ipsas
1668 5474 2086 5546 Recognitiones.
2196 5470 2442 5546 Scotum,
2477 5490 2557 5546 ae
2583 5472 2863 5546 epistolam
2891 5470 3082 5546 Joanni
3107 5473 3497 5546 llftributam.

601 5544 679 5615 (5)
716 5544 883 5597 Linus
915 5553 963 5615 et
992 5542 1190 5615 Cletus,
1212 5560 1315 5613 seu
1352 5535 1536 5615 potius
1566 5535 1873 5615 Arnacletis,
1901 5559 1960 5601 ut
1991 5547 2090 5600 ha-
2265 5546 2343 5613 (6)
2367 5535 2649 5615 Pudicitia;
2671 5543 2901 5615 stadium
2927 5543 3080 5615 gessi.
3107 5541 3171 5615 Et
3192 5542 3384 5612 lgnatii
3403 5535 3733 5613 interpolator

528 5603 899 5683 bent'quoquc
928 5603 1318 5684 Cand.,Carm.
1350 5603 1404 5669 et
1434 5615 1549 5671 Pet.
1576 5614 1769 5672 Fuisse
1796 5603 1896 5671 hos
1927 5617 2086 5684 duos,
2199 5603 2369 5684 Epist.
2396 5615 2462 5667 ad
2488 5603 2947 5684 Philadelphiam:
2965 5620 3030 5666 n°
3052 5612 3106 5675 4,
3129 5603 3461 5666 Οιθῖηθηιθηι
3491 5603 3608 5661 cum
3638 5603 3733 5684 vir:

531 5674 910 5757 urbis'ltoma:
938 5674 1255 5757 episcopos,
1291 5686 1394 5757 s_ub
1430 5684 1593 5741 Petro
1621 5689 1884 5756 apostolo,
1902 5674 2091 5743 existi-'-
2196 5674 2414 5757 ginihus
2460 5674 2740 5757 collocatf
2765 5674 2929 5757 Quod
2952 5674 3099 5755 tum,
3131 5698 3313 5754 prosa,
3356 5689 3469 5737 tum
3511 5674 3731 5733 carmm‘

529 5764 681 5811 [nant
710 5769 831 5809 eum
878 5753 1073 5807 Rufino
1104 5754 1277 5820 Beda,
1305 5755 1592 5822 Rabanus,
1636 5753 1840 5829 llaymo
1861 5799 1875 5824 ,
1906 5760 1997 5829 qui
2031 5758 2097 5815 de
2205 5753 2519 5811 Aldhelmus
2541 5754 2845 5810 celebravit.
