4000 6266
334 354 510 421 ἔ209’

1526 358 2098 418 RECOGNITIONUM
2134 358 2263 418 LIB.
2301 359 2341 413 Ι.

3437 361 3575 417 1210

272 534 275 539 .
333 483 543 548 vixero,
576 488 631 537 et
660 479 959 538 secundum
989 470 1376 537 nonnullorum
1397 480 1696 537 sententias
1725 480 1898 550 philo-
1925 487 1975 546 Α
2001 482 2104 537 sim
2138 479 2195 535 in
2226 478 2455 548 imperio
2489 477 2691 535 Tiberii
2732 456 2987 549 timearis,
3025 481 3185 538 initio
3225 498 3294 539 ex
3334 480 3576 541 Orientis

335 576 653 647 sophorum,
684 573 1181 647 Pyriphlegethonti
1232 572 1396 629 ﬂuvio
1433 574 1518 629 vel
1549 572 1803 637 Tartaro,
1839 582 1899 629 ut

339 668 604 741 Sisyphus
648 674 704 723 et
749 665 964 739 Tityus,
995 676 1049 722 et
1086 676 1148 721 ut
1174 665 1328 722 lxion
1359 681 1424 721 ac
1452 664 1714 722 Tantalus
1742 672 1901 720 aeter-

335 761 425 816 nis
452 761 507 814 iu
539 758 752 814 inferno
784 758 1068 828 suppliciis
1096 756 1303 814 tradar.
1335 756 1401 811 Et
1426 772 1619 818 rursus
1641 755 1774 810 mihi
1796 755 1900 826 ipsi

336 852 729 923 respondebam
767 869 781 906 :
816 849 921 905 Sed
952 850 1067 904 haec
1097 850 1293 905 fabulae
1321 856 1469 911 sunt,
1486 855 1581 903 aut
1611 850 1658 905 si
1689 847 1764 903 ita
1794 854 1900 917 est,

333 946 389 1000 in
422 946 583 1000 rebus
610 944 792 1000 dubiis
833 950 1054 1015 praestat
1084 943 1172 1012 pie
1201 942 1407 997 vivere.
1442 941 1548 997 Sed
1580 942 1777 996 iterum
1814 955 1904 997 re-

312 1041 590 1110 °putabam
623 1054 860 1103 mecum,
894 1037 1168 1108 quomodo
1204 1051 1420 1107 possem
1450 1035 1556 1090 sub
1585 1035 1791 1089 incerto
1813 1034 1903 1104 ju-

248 1146 253 1153 '
328 1133 496 1188 stitiae
546 1131 792 1200 praemio,
832 1138 874 1183 'a
923 1129 1134 1200 peccati
1182 1143 1270 1183 Ine
1312 1126 1540 1183 libidine
1588 1126 1905 1182 continere?

326 1226 564 1281 Maxime
593 1240 719 1279 cum
751 1224 937 1285 etiam,
970 1238 1091 1292 quae
1134 1223 1206 1275 sit
1234 1222 1350 1290 ipsa
1373 1220 1609 1290 justitia,
1643 1234 1766 1291 qua:
1793 1218 1904 1276 Deo

326 1318 563 1386 placeat,
592 1314 735 1384 apud
778 1329 865 1369 me
913 1313 1179 1367 habeatur
1224 1311 1516 1377 incertum,
1548 1318 1603 1366 et
1634 1326 1812 1382 neque
1855 1311 1902 1368 si

329 1409 659 1464 immortalis
699 1408 771 1463 sit
814 1406 1019 1470 anima,
1050 1420 1113 1460 ac
1144 1406 1233 1470 sit,
1263 1421 1386 1476 qua:
1427 1404 1633 1475 aliquid
1682 1418 1905 1475 sperare

329 1502 526 1572 possit,
559 1513 872 1569 agnoscam,
903 1513 1080 1568 neque
1109 1497 1240 1568 quid
1270 1498 1405 1553 certi
1435 1496 1679 1551 futurum
1710 1497 1783 1551 sit
1812 1512 1908 1552 no-

1999 571 2248 644 partibus
2295 578 2535 641 sumpto,
2584 574 2828 642 pervenit
2875 573 2942 629 ad
2982 590 3107 641 nos,
3139 582 3194 630 et
3235 590 3331 646 per
3357 576 3573 648 singula

2000 664 2412 728 convalescens,
2456 664 2603 719 velut
2646 680 2679 719 a
2719 664 2832 721 Deo
2866 666 3044 723 bonus
3086 668 3305 738 quidam
3352 672 3577 728 nuntius

2000 757 2226 821 missus,
2255 755 2574 811 universum
2620 757 2865 827 replebat
2892 760 3103 825 orbem,
3135 775 3238 815 nec
3267 762 3579 830 patiebatur

2001 848 2243 906 divinam
2274 851 2611 906 voluntatem
2637 850 2856 906 silentio
2890 850 2998 921 tegi
3028 851 3125 922 (7).
3168 850 3580 907 Diﬂ‘undebatur

2001 958 2132 1014 ergo
2158 957 2255 1013 per
2283 943 2495 1014 singula
2521 943 2664 1008 loca,
2710 942 3064 1009 annuntians,
3096 945 3241 1015 quod
3284 953 3429 1001 esset
3456 946 3580 1016 qui-

2000 1032 2129 1089 dam
2178 1034 2234 1089 in
2277 1032 2488 1099 Judaea,
2521 1034 2614 1105 qui
2646 1043 2865 1104 sumpto
2909 1048 2940 1087 a
2970 1040 3216 1106 tempore
3246 1038 3389 1094 veris
3417 1052 3578 1094 exor—

2002 1124 2095 1180 dio
2112 1125 2215 1197 (8),
2231 1141 2459 1198 regnum
2482 1125 2579 1182 Dei
2600 1126 2999 1198 evangelizaret
3018 1124 3246 1196 Iudaeis,
3270 1129 3433 1201 idque
3455 1145 3581 1201 per-

2002 1224 2259 1287 cepturos
2304 1219 2511 1275 diceret
2556 1235 2672 1285 eos,
2704 1219 2795 1290 qui
2825 1220 3206 1277 mandatorum
3250 1238 3475 1279 suorum
3522 1230 3579 1279 et

2003 1307 2266 1367 doctrinae
2298 1312 2547 1369 instituta
2576 1322 2909 1369 servassent.
2945 1313 3016 1369 Ut
3045 1324 3222 1371 autem
3250 1331 3429 1371 sermo
3457 1315 3578 1386 ejus

2005 1399 2111 1457 ﬁde
2145 1401 2365 1473 dignus,
2399 1418 2463 1458 ac
2490 1403 2791 1461 divinitatis
2835 1406 3029 1475 plenus
3075 1421 3197 1463 esse
3245 1406 3577 1472 crederetur,

2001 1492 2233 1548 virtutes
2256 1494 2480 1559 multas,
2514 1501 2569 1549 et
2599 1494 2755 1566 signa
2791 1510 2856 1552 ac
2898 1497 3146 1568 prodigia
3188 1498 3326 1552 mira
3370 1497 3581 1555 edicere

308 1591 519 1647 .verim.
545 1589 655 1645 Nec
687 1598 866 1645 tamen
890 1589 1172 1661 quiescere
1200 1588 1269 1644 ab
1299 1588 1677 1659 hujuscemodi
1700 1588 1905 1660 cogita-
1999 1582 2252 1655 iussione
2280 1586 2395 1641 sola
2419 1586 2730 1654 dicebatur,
2764 1587 2838 1644 ita
2872 1596 2950 1654 ut,
2992 1597 3250 1660 tanquam
3279 1604 3309 1643 a
3339 1589 3447 1645 Deo
3489 1607 3583 1662 po-

333 1683 578 1737 tionibus
608 1697 854 1752 possum.

398 1772 465 1828 V.
507 1772 647 1839 Quid
698 1774 864 1843 igitur
908 1771 1475 1844 faciam?‘1Egyptum
1502 1779 1705 1843 petam,
1739 1778 1905 1842 atque

2004 1681 2255 1733 testatem
2284 1676 2511 1743 habens,
2544 1678 2744 1734 surdos
2774 1678 2978 1736 laceret
3006 1680 3193 1736 audire
3215 1690 3269 1737 et
3298 1696 3475 1738 caecos
3498 1684 3581 1737 vi-

2006 1767 2154 1834 dere,
2187 1769 2411 1826 claudos
2436 1771 2694 1842 erigeret,
2726 1778 2890 1843 atque
2938 1788 3157 1828 omnem
3210 1773 3578 1830 inﬁrmitatem

328 1863 405 1917 ibi
436 1863 812 1934 hierophantis
843 1863 929 1918 vel
972 1862 1251 1934 prophetis
1286 1863 1377 1934 qui
1428 1863 1606 1933 adytis
1633 1870 1899 1933 prazsunt,
1931 1867 1974 1923 Β
2002 1869 2341 1934 cunctosque
2381 1863 2657 1919 dzemones
2703 1880 2771 1920 ex
2820 1865 3132 1922 hominibus
3161 1865 3441 1937 effugaret,
3484 1867 3578 1923 sed

330 1956 541 2011 amicus
570 1954 795 2019 elﬁciar,
822 1962 877 2009 et
899 1954 1130 2025 pecunia
1158 1954 1229 2009 ab
1257 1956 1338 2011 eis
1366 1954 1656 2009 invitatum
1683 1969 1901 2027 magum

326 2046 616 2117 precabor,
648 2052 707 2102 ut
736 2045 935 2101 educat
977 2045 1110 2098 mihi
1141 2046 1379 2101 animam
1411 2045 1478 2101 de
1516 2044 1766 2111 infernis,
1808 2060 1905 2116 per

326 2154 450 2195 eam
499 2154 661 2210 quam
705 2139 1137 2194 necromantiam
1170 2146 1385 2203 vocant,
1419 2147 1675 2209 tanquam
1708 2140 1774 2194 de
1803 2139 1907 2192 ali-

327 2247 439 2302 quo
466 2232 685 2303 negotio
713 2232 1002 2286 consulere
1030 2231 1290 2301 cupienti.
1326 2230 1457 2287 Mihi
1498 2247 1628 2287 vero
1656 2230 1771 2285 huic
1801 2230 1906 2287 erit

327 2323 661 2378 consultatio
688 2342 701 2378 :
735 2322 782 2378 si
811 2322 1135 2378 immortalis
1163 2331 1247 2378 est
1276 2322 1477 2377 anima.
1517 2320 1774 2378 Probatio
1803 2337 1904 2377 au-

325 2425 448 2491 tem,
468 2418 683 2483 animae,
714 2416 860 2486 quod
890 2406 1219 2472 immortalis
1251 2416 1343 2481 sit,
1376 2431 1487 2471 non
1537 2431 1605 2471 ex
1654 2432 1721 2473 eo
1761 2416 1905 2488 quod

323 2507 591 2578 loquitur,
621 2508 727 2562 erit
757 2507 890 2561 mihi
915 2513 1086 2569 certa,
1119 2506 1205 2561 vel
1233 2522 1299 2560 ex
1321 2521 1387 2561 eo
1412 2506 1558 2576 quod
1587 2506 1773 2572 audio,
1811 2507 1907 2563 sed

321 2618 392 2659 ex
423 2617 489 2657 eo
518 2601 663 2671 quod
691 2600 883 2667 video;
910 2606 970 2654 ut
999 2599 1174 2655 oculis
1203 2599 1340 2655 meis
1361 2612 1593 2657 cernens
1623 2616 1765 2665 eam,
1786 2616 1908 2657 cer-

320 2694 598 2751 tissimam
624 2694 692 2749 de
726 2693 940 2764 reliquo
969 2692 1396 2749 immortalitatis
1426 2693 1546 2762 ejus
1577 2694 1904 2749 sententiam

320 2794 565 2842 teneam.
596 2784 784 2856 Neque
814 2787 959 2841 enim
991 2785 1134 2840 ultra
1179 2785 1379 2856 poterit
1416 2787 1700 2840 veritatem
1731 2785 1904 2852 visus,

318 2880 621 2936 verborum
660 2878 875 2935 fallacia
924 2889 977 2935 et
1023 2878 1230 2934 auditio
1277 2879 1484 2934 incerta
1520 2878 1759 2934 turbare.
1801 2874 1910 2933 Ve—

323 2976 641 3025 rumtamen
656 2969 814 3041 hanc
848 2971 1021 3040 ipsam
1050 2969 1498 3026 deliberationem
1534 2984 1709 3025 meam
1746 2970 1907 3025 retuli

323 3060 395 3115 ad
446 3058 736 3131 quemdam
785 3058 1105 3114 familiarem
1156 3074 1337 3114 meum
1369 3058 1778 3130 philosophum,
1810 3057 1906 3130 qui

323 3152 468 3208 mihi
496 3150 788 3208 consilium
822 3149 990 3218 dedit,
1020 3167 1089 3207 ne
1126 3151 1231 3207 hoc
1262 3151 1441 3209 facere
1471 3152 1748 3209 auderem.
1781 3150 1907 3208 Sive

2003 1962 2059 2012 et
2086 1955 2301 2011 oblatos
2328 1955 2432 2011 sibi
2465 1966 2713 2013 mortuos
2746 1958 3056 2022 suscitaret,
3091 1959 3338 2029 leprosos
3363 1976 3581 2031 quoque

2005 2046 2219 2102 eminus
2247 2048 2441 2104 videns
2473 2056 2714 2115 curaret,
2743 2057 2797 2105 et
2822 2050 2958 2104 nihil
2990 2050 3213 2106 omnino
3239 2060 3403 2116 esset,
3435 2052 3581 2123 quod

2004 2139 2055 2194 ei
2077 2139 2414 2209 impossibile
2442 2139 2739 2196 videretur.
2772 2140 2898 2197 Haec
2921 2150 2976 2197 et
3006 2142 3201 2197 horum
3233 2143 3431 2197 similia
3454 2159 3584 2215 pro-

2002 2244 2165 2286 cessu
2202 2230 2482 2301 temporis,
2531 2233 2742 2288 crebris
2784 2232 2898 2302 jam
2941 2249 3052 2287 non
3099 2233 3439 2303 rumoribus,
3487 2235 3583 2291 sed

2006 2320 2313 2377 manifestis
2344 2322 2746 2392 quodammodo
2783 2323 3195 2379 adventantium
3226 2340 3291 2380 ex
3320 2325 3427 2380 illis
3456 2340 3587 2397 par-

2006 2412 2156 2469 tibus
2185 2413 2394 2469 nuntiis
2424 2414 2805 2479 ﬁrmabantur,
2831 2423 2886 2471 et
2913 2416 3029 2487 ipsa
3052 2416 3165 2487 jam
3197 2433 3293 2488 per
3318 2416 3437 2474 dies
3467 2418 3585 2474 sin-

2008 2505 2167 2575 gulos
2197 2505 2275 2559 rei
2308 2505 2511 2563 veritas
2540 2508 2877 2577 patescebat.

2078 2596 2194 2653 Vll.
2238 2597 2479 2670 Denique
2510 2600 2565 2654 in
2598 2601 2731 2656 urbe
2761 2616 2856 2670 per
2888 2601 3005 2656 loca
3037 2609 3341 2659 conventus
3383 2602 3499 2660 ﬁeri
3529 2613 3586 2661 et

2007 2689 2076 2746 de
2102 2690 2208 2746 hoc
2236 2707 2491 2749 sermone
2522 2694 2768 2759 tractari,
2796 2699 2960 2761 atque
3004 2692 3062 2748 in
3106 2694 3467 2752 admiratione
3496 2711 3586 2753 res

2007 2781 2198 2838 haberi
2226 2783 2413 2854 coepit,
2445 2785 2698 2855 quisnam
2728 2784 2777 2839 is
2806 2792 2973 2849 esset,
3006 2785 3102 2855 qui
3137 2787 3475 2857 apparuerit,
3498 2788 3585 2844 vel

2006 2873 2139 2943 quid
2162 2876 2337 2931 'nuntii
2364 2890 2395 2929 a
2427 2874 2539 2931 Deo
2565 2875 2881 2932 hominibus
2915 2876 3238 2945 detulisset;
3271 2878 3445 2933 donec
3478 2879 3584 2934 sub

2007 2965 2198 3022 eodem
2226 2981 2370 3021 anno
2401 2966 2485 3022 vir
2512 2967 2737 3039 quidam
2772 2973 2959 3024 astans
3008 2967 3065 3022 in
3112 2968 3267 3023 urbis
3296 2968 3418 3023 loco
3444 2968 3588 3029 cele-

2007 3056 2268 3122 berrimo,
2300 3057 2662 3128 proclamaret
2691 3056 2759 3112 ad
2789 3058 3073 3128 populum,
3108 3057 3300 3113 dicens
3332 3078 3361 3113 :r
3389 3057 3589 3115 Audite

2008 3164 2116 3215 me,
2143 3163 2178 3204 o
2218 3148 2368 3205 cives
2408 3146 2678 3217 Romani;
2713 3147 2885 3205 Filius
2925 3148 3019 3205 Dei
3049 3150 3204 3205 adest
3244 3151 3300 3205 in
3340 3151 3588 3221 partibus

323 3246 503 3311 enim,
538 3244 736 3315 inquit,
761 3243 1013 3299 evocanti
1032 3258 1202 3314 mago
1226 3260 1335 3325 non
1369 3246 1587 3301 obediat
1611 3245 1814 3313 anima,
1848 3252 1908 3301 tu
1935 3230 1977 3289 (ἶ
2007 3238 2229 3305 Iudaeae,
2260 3240 2586 3313 promittens
2615 3241 2869 3296 omnibus
2914 3242 3224 3297 volentibus
3275 3242 3465 3299 audire
3504 3259 3586 3309 se,

324 3344 459 3410 post
509 3337 624 3392 haec
672 3344 928 3407 tanquam
958 3335 1094 3391 nihil
1125 3352 1246 3392 esse
1272 3345 1469 3407 putans
1495 3346 1619 3407 post
1650 3346 1903 3400 mortem,

325 3429 733 3499 desperabilius
762 3428 931 3490 vives,
963 3426 1164 3497 quippe
1191 3426 1285 3496 qui
1330 3436 1383 3482 et
1431 3428 1621 3482 illicita
1657 3435 1906 3484 tentave-

324 3524 434 3579 ris.
471 3520 529 3574 Si
554 3537 684 3577 vero
729 3529 783 3577 et
832 3520 1033 3591 aliquid
1067 3519 1142 3574 ibi
1176 3518 1361 3574 videre
1404 3519 1504 3573 tibi
1534 3519 1685 3576 visus
1716 3520 1905 3586 fueris,

327 3627 458 3684 quae
487 3608 585 3666 tibi
609 3610 821 3681 religio,
851 3619 944 3664 aut
971 3623 1092 3680 quae
1122 3607 1296 3677 pietas
1327 3623 1393 3661 ex
1424 3606 1632 3662 illicitis
1664 3607 1911 3662 tradetur

326 3716 383 3763 et
418 3703 638 3774 impiis?
675 3702 913 3758 Exosum
939 3716 1178 3770 namque
1210 3698 1493 3755 Divinitati
1529 3699 1910 3770 hujuscemodi

326 3794 615 3867 negotium
667 3791 869 3855 lerunt,
902 3798 956 3847 et
985 3790 1265 3846 adversari
1309 3789 1475 3845 Deum
1523 3789 1610 3845 his
1663 3790 1758 3860 qui
1792 3790 1910 3845 ani-

327 3903 459 3944 mas
484 3892 608 3956 post
638 3884 1039 3941 absolutionem
1071 3897 1363 3952 corporum
1395 3881 1744 3954 vexant.Ego
1760 3898 1908 3951 vero,

328 3978 425 4035 his
472 3975 696 4039 auditis,
744 3974 951 4045 pigrior
999 3973 1220 4045 quidem
1274 3988 1392 4029 sum
1434 3973 1678 4029 redditus
1708 3975 1775 4029 ad
1807 3975 1911 4031 hoc

325 4070 485 4143 quod
516 4070 794 4140 parabam,
826 4083 928 4124 nec
951 4075 1131 4122 tamen
1164 4083 1554 4138 usquequaque
1576 4076 1670 4122 aut
1695 4068 1915 4125 deside-

326 4166 483 4220 rium
528 4177 731 4233 ponere
771 4168 1046 4231 poteram,
1085 4167 1178 4214 aut
1224 4159 1529 4215 molestiam
1567 4160 1915 4231 cogitationis

327 4260 422 4328 abj
436 4259 606 4312 icere.

2007 3333 2175 3389 vitam
2203 3339 2487 3398 aeternam,
2514 3331 2561 3389 si
2589 3332 2715 3401 quis
2740 3339 2922 3386 tamen
2951 3330 3026 3404 (9)
3062 3332 3363 3388 secundum
3390 3334 3586 3388 volun-

2009 3428 2175 3477 tatem
2197 3422 2337 3493 ejus,
2370 3436 2399 3474 a
2428 3435 2538 3490 quo
2566 3420 2770 3477 missus
2799 3428 2883 3476 est
2917 3419 3010 3476 Dei
3042 3420 3241 3489 Patris,
3269 3429 3425 3477 actus
3451 3438 3584 3479 suos

2010 3516 2292 3573 direxerit.
2312 3515 2542 3585 Propter
2570 3515 2714 3585 quod
2738 3516 3117 3570 convertimini
3150 3531 3181 3570 a
3210 3517 3367 3573 malis
3391 3516 3459 3571 ad
3490 3518 3591 3572 bo-

2012 3624 2105 3677 na,
2132 3623 2165 3663 a
2187 3607 2580 3676 temporalibus
2612 3606 2680 3661 ad
2706 3617 2929 3663 aeterna.
2959 3607 3252 3678 Agnoscite
3272 3625 3440 3664 unum
3467 3626 3593 3666 esse

2012 3700 2184 3756 Deum
2214 3699 2338 3755 cadi
2363 3705 2630 3769 terraeque
2658 3706 2948 3765 rectorem,
2973 3701 3028 3755 in
3050 3701 3208 3769 cujus
3233 3701 3401 3770 justis
3430 3716 3593 3772 aspe-

2015 3792 2197 3850 ctibus
2248 3807 2346 3848 vos
2394 3791 2585 3862 injusti
2636 3791 2904 3846 mundum
2935 3792 3054 3861 ejus
3083 3792 3359 3853 habitatis.
3392 3791 3498 3847 Sed
3543 3796 3592 3850 si

2013 3884 2395 3941 convertimini
2414 3892 2468 3941 et
2490 3884 2789 3940 secundum
2816 3884 3153 3941 voluntatem
3178 3885 3298 3955 ejus
3319 3885 3499 3957 agitis,
3518 3886 3587 3941 ad

2015 3977 2259 4034 futurum
2291 3978 2551 4033 saeculum
2581 3978 2863 4034 venientes
2912 3984 2967 4032 et
3008 3978 3195 4033 aeterni
3221 3977 3418 4048 ell‘ecti,
3452 3978 3593 4035 inel-

2015 4069 2273 4127 fahilibus
2313 4071 2434 4138 ejus
2481 4070 2641 4125 bonis
2690 4084 2754 4123 ac
2785 4068 3025 4139 praemiis
3056 4068 3433 4138 perfruamini.
3460 4070 3593 4126 Erat

2019 4172 2201 4219 autem
2225 4164 2310 4217 vir
2340 4164 2464 4227 iste,
2494 4162 2587 4233 qui
2622 4161 2735 4217 haec
2766 4161 3091 4231 loquebatur
3121 4160 3186 4214 ad
3216 4162 3495 4230 populum,
3521 4178 3592 4218 ex

2020 4253 2262 4310 Orientis
2308 4254 2576 4325 partibus,
2619 4254 2841 4307 natione
2878 4251 3138 4307 Hebraeus
3183 4252 3320 4322 (10),
3370 4253 3594 4309 nomine

400 4350 497 4405 Vl.
543 4350 607 4403 Et
635 4365 703 4404 ne
728 4348 888 4418 longa
915 4355 1040 4400 utar
1064 4344 1401 4408 narratione,
1433 4360 1557 4399 cum
1582 4344 1673 4400 his
1702 4361 1802 4416 ego
1824 4362 1922 4401 co-
2024 4347 2325 4410 Barnabas,
2358 4348 2450 4417 qui
2480 4363 2539 4403 se
2563 4347 2728 4403 etiam
2751 4362 2918 4400 unum
2944 4361 3009 4401 ex
3034 4345 3155 4415 ejus
3175 4343 3459 4414 discipulis
3477 4347 3590 4419 (ll)

324 4443 623 4516 gitationis
644 4458 776 4498 mea:
804 4440 1025 4497 aestibus
1057 4437 1314 4508 agitarer,
1340 4436 1483 4490 fama
1512 4438 1759 4507 quaedam
1794 4454 1921 4493 sen-

2027 4453 2151 4494 esse
2183 4437 2418 4506 dicebat,
2450 4442 2788 4507 missumque
2816 4437 2887 4493 ob
2909 4436 3033 4501 hoc,
3065 4443 3123 4490 ut
3147 4436 3263 4490 haec
3284 4434 3595 4499 volentibus

1647 4551 2013 4608 COTELERI]
2070 4552 2306 4609 NOTIE.

404 4683 487 4752 (7)
546 4680 692 4752 Tegi.
744 4676 804 4731 ln
853 4672 1144 4738 Frecull‘o,
1187 4681 1380 4743 tegere,
1429 4666 1578 4741 quod
1620 4667 1916 4739 respondet
1948 4675 1991 4731 D
2028 4671 2474 4752 Alexandrinum,
2506 4666 2882 4752 Eusebiumet
2922 4660 3426 4752 Epiplianirummsie

326 4749 552 4824 Grieco_
590 4749 821 4818 στέγειν.
1152 4814 1163 4824 ,
1359 4811 1392 4824 ..
1470 4809 1521 4824 η
1589 4817 1601 4824 .
1711 4809 1749 4824 ,γ
1803 4808 1814 4820 .

408 4824 490 4894 (8)
515 4809 737 4894 Sumpta
756 4837 790 4871 a
812 4828 1039 4894 tempore
1059 4811 1444 4894 verisexgrdip.
1470 4809 1912 4894 blartyrologium

331 4878 658 4960 Hieronymi
689 4890 893 4944 dictum
914 4878 944 4942 ’ς
993 4883 1420 4960 Kalend.__M_aii_.
1455 4878 1915 4960 lauit—impudi-

330 4950 570 5019 cationis
606 4959 817 5013 Domini
847 4958 1014 5011 nostri
1045 4955 1171 5009 Iesu
1205 4954 1424 5009 Christi.
1455 4950 1913 5005 Wandalbertus:

450 5029 633 5084 Maias
665 5030 839 5097 prima
863 5037 1041 5081 sacrat
1065 5026 1265 5097 Christi
1288 5023 1535 5097 doctrina
1548 5019 1841 5097 Kalendas.

411 5102 497 5172 (9)
540 5098 598 5153 Si
628 5091 743 5169 quis
772 5107 1110 5173 tamen,_etc._
1133 5094 1416 5173 Fre_cul[us
1451 5111 1463 5145 :
1498 5091 1912 5173 Singui'tameu,

331 5183 391 5230 et
418 5160 734 5230 direxerint,
753 5168 1208 5243 quemadmodum
1231 5169 1285 5220 in
1319 5163 1524 5243 Garmco.
1555 5160 1730 5243 Simili
1758 5160 1917 5243 modo

332 5228 540 5315 postea
571 5257 632 5293 ac
653 5228 887 5309 prtemiis
911 5240 1065 5315 abest
1094 5255 1123 5315 ξι
1155 5234 1404 5315 Freculfo
1428 5241 1481 5287 et
1508 5249 1538 5287 a
1561 5231 1784 5315 GIIFBClS':
1820 5228 1919 5315 No:

337 5300 513 5370 lauda
552 5300 772 5381 quoque
808 5310 961 5381 varia
992 5303 1533 5381 lectiondoceudi'pro
1577 5300 1784 5355 dicendi
1804 5308 1920 5381 ruet

337 5368 585 5457 utraque
624 5368 954 5431 conferenda
1000 5390 1123 5430 cum
1156 5372 1358 5427 Graecis
1399 5368 1664 5441 Epitomes
1706 5383 1770 5422 ac
1798 5368 1918 5422 Cle-

334 5456 723 5520 menttttorum.
859 5515 900 5520 __
941 5515 951 5520 _
1176 5512 1214 5520 _
1354 5514 1368 5520 _
1534 5510 1567 5520 ﬂ
1677 5510 1688 5520 .

412 5518 540 5587 (lO‘l
573 5514 805 5571 Natione
851 5515 1126 5569 Hebrwus.
1176 5512 1479 5587 Barnabam
1528 5510 1787 5587 Cyprium
1836 5508 1921 5587 la-

333 5580 503 5643 ciunt
528 5585 851 5657 lnterpretes
883 5588 949 5641 ad
979 5587 1099 5657 Act.
1128 5601 1200 5649 IV,
1225 5585 1315 5646 56,
1348 5597 1565 5657 necnon
1584 5580 1920 5657 Epiphanius

334 5658 544 5715 limresi
601 5651 699 5721 50',
764 5675 815 5714 c.
866 5658 957 5723 25,
1006 5655 1364 5724 Hieronymus
1393 5653 1492 5724 rin_
1528 5651 1815 5722 Catalogo,
1868 5662 1922 5707 et

334 5727 658 5789 Alexander
684 5722 985 5788 monachus
1010 5728 1062 5779 in
1093 5722 1351 5780 Enchmio
1378 5723 1434 5776 S.
1463 5722 1743 5775 Barnabze.

415 5798 538 5868 (ll)
573 5797 745 5853 Unum
767 5814 830 5854 ea:
852 5800 961 5861 eius
992 5795 1289 5865 discipulis.
1316 5793 1389 5847 Ita
1420 5790 1558 5865 apud
1586 5792 1918 5851 Clementem

3490 4676 3591 4714 110·Ι

2028 4677 2474 4733 Alexandrinum,
2506 4677 2798 4723 Eusebium
2828 4677 2882 4722 et
2926 4677 3303 4734 Eplpltanlllm.
3336 4677 3426 4717 Sic
3451 4677 3591 4785 (ἓω-

2028 4759 2135 4815 que
2167 4746 2221 4799 in
2247 4741 2517 4815 Chronica
2537 4748 2730 4815 vocato
2758 4735 3454 4815 Αιρίειαζιάιλὶηρᾎῡφτοιιιθῆ⁸
3498 4747 3594 4810 ξρι-

2020 4799 2155 4880 (ἷρδί,
2198 4808 2617 4881 ειλιααιζαιὶοηθ
2654 4806 2969 4881 Alexandri.
3003 4801 3105 4881 Sed
3132 4799 3275 4881 Beda
3302 4806 3483 4881 negat,
3510 4801 3594 4881 in-

2020 4868 2177 4935 li'rmo
2220 4879 2380 4934 nixus
2420 4877 2792 4934 fundamento.
2825 4873 3047 4937 Mirum,
3088 4871 3283 4941 inquit,
3308 4868 3592 4941 Retracta—

2020 4952 2168 5005 tione
2219 4951 2274 5002 in
2317 4950 2449 5003 Acta
2506 4949 2900 5019 apostolorum,
2943 4943 3009 4997 ad
3052 4940 3181 5019 cap;
3232 4940 3286 5002 4,
3335 4940 3592 5019 quomodo

2018 5022 2156 5074 hunc
2186 5011 2634 5092 Barnabamgqui
2654 5029 2834 5086 postea
2881 5032 2998 5092 cum
3042 5011 3594 5092 Paulo'gcntium‘est

2024 5092 2298 5147 ordinatus
2329 5078 2594 5158 apostolus
2620 5128 2636 5150 ,
2654 5078 2665 5086 ’
2687 5104 2747 5141 ac
2789 5096 2903 5155 post
2934 5078 3289 5158 langumejus
3318 5078 3596 5158 contuber-

2024 5164 2169 5215 nium
2201 5148 2430 5230 Cyprum
2461 5160 2596 5212 unde
2618 5148 2763 5211 ortus
2786 5148 3390 5230 fuerat,_prwd_icaturus
3416 5148 3590 5212 rediit,

2026 5223 2288 5285 Eusebius
2317 5234 2375 5302 in
2402 5230 2640 5302 Historia
2695 5223 3086 5302 ecclesiastica,
3120 5223 3435 5302 deni-minem
3481 5235 3594 5274 esse

2023 5318 2126 5356 Lxx
2153 5301 2531 5373 discipulorum
2566 5300 2771 5373 llomiui
2800 5295 3091 5351 Saluatoris
3122 5293 3439 5373 arbitratur,
3473 5305 3593 5341 cum

2024 5368 2305 5441 manifeste
2332 5370 2528 5443 scribat
2695 5368 2865 5421 Lucas
2907 5382 3023 5443 eum
3072 5372 3188 5431 post
3235 5368 3597 5443 ascensionem

2026 5436 2241 5497 Domini
2286 5442 2353 5495 ad
2384 5441 2757 5514 discipulatum
2801 5436 3158 5514 apostolorum
3200 5436 3447 5514 venisse;
3489 5436 3597 5514 nisi

2025 5515 2159 5583 forte
2208 5500 2667 5580 putandum'est,
2722 5500 2842 5583 eum
2896 5507 3042 5574 prius
3089 5506 3165 5583 ita
3212 5500 3595 5583 discipulatum

2028 5570 2227 5641 Christi
2274 5592 2529 5647 secutum,
2573 5590 2629 5633 ut
2656 5570 2905 5633 necdum.
2936 5576 3309 5647 renuntiaverit
3353 5570 3594 5647 omnibus

2026 5672 2143 5727 quin
2192 5641 2526 5727 possidebat,
2570 5650 2928 5727 quo_d__utrum
2987 5645 3294 5717 evangelij
3340 5641 3588 5697 doctrina

2028 5721 2339 5791 convenerit,
2371 5724 2535 5778 cuivis
2571 5721 2826 5792 facillime
2843 5727 3009 5781 patet.
