4048 6262
554 287 689 346 1211

1405 288 1462 348 S.
1504 288 1947 346 CLEMENTISI
1986 288 2154 347 ιιοΜ.
2195 289 2399 348 ΡΟΝΤ.
2439 292 2670 350 OPERA
2709 293 2940 352 DUBlA.

3625 308 3735 366 ﬁli

550 406 839 463 indicaret.
870 403 1080 472 Quibus
1105 418 1206 477 ego
1241 402 1464 471 auditis,
1496 420 1621 461 cum
1649 404 1860 475 reliqua
1884 406 2129 460 multitu-
2158 410 2207 469 Α
2233 407 2575 479 omnipotens
2594 409 2931 465 abscondita
2947 408 3103 465 vobis
3118 410 3443 468 voluntatem
3466 430 3621 484 suam,
3632 437 3743 492 quos

550 497 678 553 dine
710 498 865 568 sequi
895 513 1019 553 eum
1044 496 1185 567 οωρί
1210 503 1266 551 et
1303 495 1515 561 audire,
1545 511 1667 567 qua:
1699 496 1927 551 diceret.
1962 495 2125 551 Intel-

548 590 781 660 ligebam
812 604 945 645 sane
992 588 1141 660 quod
1189 588 1327 643 nihil
1371 587 1673 643 dialecticae
1714 587 1850 644 artis
1890 596 2038 643 esset
2066 588 2125 645 in

547 683 787 751 homine,
821 683 917 740 sed
947 682 1270 753 simpliciter
1292 689 1346 737 et
1368 683 1575 752 absque
1598 680 1709 735 ullo
1731 680 1949 736 dicendi
1972 680 2119 747 fuco,

548 793 672 851 quae
719 776 965 832 audisset
1013 791 1045 829 a
1089 774 1230 829 Filio
1273 772 1369 829 Dei
1401 774 1487 829 vel
1512 772 1763 835 vidisset,
1802 778 2118 843 exponeret.

545 869 889 925 Assertiones
918 866 1064 921 enim
1098 881 1229 921 suas
1274 879 1386 919 non
1432 871 1879 935 argumentorum
1922 866 2131 920 virtute

544 960 845 1024 muniebat,
878 959 973 1014 sed
1002 957 1295 1013 verborum
1351 963 1405 1011 et
1458 956 1813 1021 mirabilium,
1850 972 1971 1028 qua
2020 972 2117 1011 an-

541 1051 862 1115 nuntiabat,
908 1056 1077 1105 testes
1113 1050 1334 1112 multos,
1382 1063 1447 1103 ex
1493 1048 1613 1118 ipso
1660 1048 1826 1103 etiam
1878 1050 2117 1104 circum-

541 1150 723 1198 stante
749 1142 971 1213 populo,
1001 1140 1357 1212 producebat.

611 1256 746 1312 Vlll.
784 1254 985 1311 Verum
1018 1252 1277 1323 quoniam
1313 1251 1381 1306 ad
1411 1265 1496 1316 ea,
1530 1265 1654 1322 quae
1707 1252 1922 1307 sincere
1967 1250 2115 1306 dice-

536 1348 760 1411 bantur,
791 1346 1020 1401 libenter
1048 1358 1292 1398 annuere
1316 1343 1552 1412 populus
1598 1350 1653 1398 et
1703 1341 1955 1415 amplecti
1997 1357 2114 1397 ser-

536 1455 754 1496 munem
787 1436 1086 1509 simplicem
1118 1435 1305 1506 erepit,
1335 1435 1393 1490 hi
1423 1436 1518 1506 qui
1559 1434 1663 1491 sibi
1714 1434 1914 1490 eruditi
1957 1433 2109 1490 vide-

534 1537 736 1591 bantur
760 1535 845 1589 vel
875 1530 1212 1603 philosophi,
1246 1527 1428 1585 ridere
1456 1527 1733 1584 hominem
1760 1542 1823 1582 ac
1852 1542 2112 1597 spernere

532 1636 767 1691 coepere,
796 1628 850 1675 et
883 1618 1338 1691 syllogismorum
1380 1618 1435 1672 in
1474 1633 1599 1673 eum
1634 1617 1939 1672 tendiculas
1963 1618 2111 1673 velut

531 1711 871 1767 validissima
903 1726 1055 1765 arma
1093 1709 1359 1781 proferre.
1377 1709 1445 1762 At
1466 1709 1559 1765 ille
1604 1709 1888 1765 interritus
1917 1715 1972 1765 et
1996 1709 2110 1765 vel-

533 1815 594 1862 ut
638 1807 995 1863 deliramenta
1031 1807 1272 1876 argutias
1303 1821 1493 1861 eorum
1525 1806 1755 1871 ducens,
1788 1823 1858 1862 ne
1885 1821 2111 1878 respon-

530 1903 684 1955 sione
714 1899 930 1971 quidem
964 1899 1158 1969 dignos
1194 1897 1495 1967 judicabat,
1527 1898 1622 1953 sed
1651 1914 1715 1954 ea
1744 1914 1865 1969 quae
1907 1914 2108 1971 propo-

528 2000 736 2057 suerat,
765 1991 1163 2061 exsequebatur
1193 1990 1521 2060 intrepidus.
1560 1990 1807 2061 Denique
1850 2007 1973 2046 cum
2022 1991 2107 2045 lo-

526 2087 715 2157 quenti
745 2085 793 2140 ei
826 2084 1046 2155 quidam
1079 2084 1478 2154 proposuisset,
1517 2098 1618 2137 cur
1644 2084 1720 2138 ita
1753 2083 1931 2140 factus
1962 2092 2108 2140 esset

526 2178 690 2232 culex
720 2176 855 2247 (12),
890 2182 949 2231 ut
980 2190 1105 2229 cum
1144 2175 1216 2230 sit
1248 2174 1451 2229 animal
1483 2174 1763 2245 exiguum,
1793 2180 1848 2229 et
1879 2189 1974 2229 sex
2010 2175 2107 2229 ha-

525 2269 651 2325 beat
695 2268 882 2338 pedes,
916 2268 1143 2337 insuper
1170 2267 1367 2322 additae
1398 2266 1509 2322 sint
1536 2266 1584 2321 ei
1615 2276 1669 2321 et
1695 2266 1813 2331 alae,
1846 2265 2106 2337 elephan-

524 2371 614 2418 tus
639 2377 770 2417 vero
799 2376 923 2416 cum
954 2360 1028 2417 sit
1056 2360 1293 2415 immane
1323 2359 1523 2414 animal
1547 2374 1723 2430 neque
1744 2359 1859 2415 alas
1880 2359 2101 2423 habeat,

522 2464 759 2527 quatuor
789 2461 997 2509 tantum
1031 2451 1198 2523 pedes
1230 2453 1426 2508 habeat
1458 2470 1470 2505 :
1501 2450 1570 2506 ad
1590 2451 1705 2506 haec
1727 2451 1818 2507 ille
1840 2468 1906 2507 ne
1930 2452 2105 2523 respi-

522 2547 677 2603 ciens
716 2546 957 2617 quidem,
994 2560 1304 2601 sermonem
1351 2560 1535 2609 suum,
1571 2560 1735 2614 quem
1791 2543 2103 2615 importuna

521 2640 826 2711 propositio
855 2639 1241 2707 interruperat,
1272 2638 1595 2693 continuata
1630 2636 1931 2691 intentione
1978 2650 2102 2705 per-

523 2733 741 2803 agebat,
778 2732 880 2785 hac
913 2732 1030 2787 sola
1061 2731 1432 2787 admonitione
1464 2747 1561 2802 per
1583 2730 1826 2801 singulas
1855 2743 2102 2799 quasque

516 2824 946 2895 interruptiones
973 2825 1155 2880 addita
1190 2844 1203 2879 :
1233 2822 1345 2881 Nos
1370 2824 1490 2893 ejus
1523 2824 1616 2894 qui
1646 2824 1795 2879 misit
1835 2838 1938 2878 nos
1977 2836 2102 2876 ver-

517 2918 589 2975 ba
621 2918 872 2989 factaque
904 2918 1179 2973 mirabilia
1210 2920 1538 2973 annuntiare
1565 2918 1723 2973 vobis
1774 2917 1831 2971 in
1879 2916 2101 2971 manda-

517 3012 592 3069 tis
620 3012 909 3076 habemus,
943 3010 1210 3080 ﬁdemque
1236 3025 1425 3066 eorum
1460 3025 1581 3081 quae
1607 3009 1860 3072 dicimus,
1892 3023 2003 3063 non
2031 3022 2098 3062 ex

517 3102 856 3174 argumentis
902 3108 1019 3156 arte
1073 3101 1340 3171 quaesitis,
1376 3099 1471 3156 sed
1503 3116 1568 3155 ex
1605 3100 1759 3155 vobis
1790 3099 1925 3169 ipsis
1967 3113 2098 3169 pro-

517 3194 699 3249 ductis
728 3194 965 3249 testibus
996 3191 1344 3248 conﬁrmare.
1374 3192 1626 3263 Agnosco
1652 3192 1798 3247 enim
1829 3190 2096 3261 plurimos

518 3294 703 3342 astare
733 3286 789 3339 in
818 3283 999 3340 medio
1018 3292 1262 3340 vestrum
1281 3300 1349 3338 ex
1379 3285 1485 3351 his,
1507 3299 1645 3354 quos
1672 3297 1781 3337 una
1808 3282 2095 3340 nobiscum

516 3376 741 3431 memini
773 3375 995 3431 audisse
1023 3392 1145 3446 quae
1173 3376 1503 3441 audivimus,
1541 3383 1595 3431 et
1620 3375 1826 3432 vidisse
1851 3391 1971 3446 quae
2012 3376 2097 3431 vi-

517 3466 721 3521 dimus.
758 3464 841 3521 Sit
871 3474 1050 3521 autem
1094 3468 1150 3521 in
1180 3474 1363 3523 vestra
1390 3476 1676 3537 potestate,
1724 3467 1808 3523 vel
1849 3468 2095 3537 recipere

513 3570 637 3626 quae
666 3556 1075 3622 annuntiamus,
1108 3558 1192 3612 vel
1217 3573 1495 3627 spernere.
1515 3557 1627 3614 Nos
1658 3558 1805 3613 enim
1835 3560 1982 3629 quod
2005 3575 2095 3614 ex-

514 3646 703 3717 pedire
732 3648 887 3704 vobis
913 3650 1188 3717 novimus,
1221 3657 1404 3705 tacere
1440 3664 1551 3703 non
1600 3664 1917 3720 possumus,
1962 3651 2092 3720 quia

512 3740 694 3803 nobis,
730 3739 777 3794 si
806 3748 1108 3811 taceamus,
1135 3741 1396 3795 damnum
1448 3749 1553 3807 est,
1595 3742 1753 3798 vobis
1792 3758 1941 3807 vero,
1970 3759 2092 3813 quae

511 3829 771 3896 dicimus,
806 3832 850 3887 si
880 3846 990 3885 non
1020 3831 1329 3901 recipiatis,
1364 3832 1655 3903 pernicies.
1691 3831 1795 3888 Sed
1828 3840 1882 3888 et
1908 3832 2090 3889 stultis

512 3922 985 3992 propositionibus
1014 3923 1214 3980 vestris
1240 3924 1572 3994 respondere
1589 3923 1845 3995 perfacile
1860 3926 2086 3995 possim,

511 4014 560 4070 si
591 4013 837 4069 veritatis
865 4014 1140 4070 discenda:
1176 4030 1345 4071 causa
1392 4016 1731 4086 quaereretis,
1782 4016 1850 4072 de
1896 4017 2088 4087 culicis

510 4104 638 4160 dico
669 4113 833 4176 atque
861 4105 1167 4175 elephantis
1189 4106 1526 4173 differentia;
1558 4106 1654 4163 sed
1679 4123 1827 4163 nunc
1849 4108 1917 4163 de
1935 4123 2090 4163 crea-

509 4195 651 4251 turis
678 4193 861 4251 dicere
892 4194 1049 4250 vobis
1078 4195 1284 4266 aliquid
1315 4196 1615 4252 absurdum
1656 4204 1760 4262 est,
1800 4213 1925 4253 cum
1946 4212 1977 4252 a
1998 4213 2090 4253 vo-

507 4285 595 4342 bis
625 4286 740 4355 ipse
770 4285 1013 4340 omnium
1041 4284 1271 4340 Creator
1293 4293 1347 4340 et
1374 4284 1638 4340 Conditor
1670 4286 1975 4357 ignoretur.

578 4374 670 4431 IX.
713 4374 839 4430 Haec
871 4383 1051 4431 autem
1082 4391 1209 4431 cum
1236 4376 1486 4442 dixisset,
1522 4378 1666 4432 velut
1697 4393 1760 4433 ex
1794 4391 1905 4431 uno
1952 4390 2085 4431 con-

2228 502 2503 574 agniti’one
2544 503 2629 557 sui
2668 501 2917 573 praevidit
2944 502 3218 575 indignos,
3243 504 3389 559 sicut
3431 522 3493 564 ex
3535 509 3613 567 his
3647 530 3744 584 qua:

2224 608 2372 647 nunc
2396 593 2578 664 agitis,
2608 608 2803 649 sanum
2825 593 3160 665 sapientibus
3184 596 3363 667 palam
3387 606 3484 654 est.
3509 598 3629 657 Nam
3644 619 3742 662 cum

2223 683 2454 740 videatis
2473 683 2861 756 prazdicatores
2885 686 3185 743 voluntatis
3214 686 3309 742 Dei
3338 688 3623 761 advenisse,
3639 698 3742 766 quia

2224 776 2427 831 nullam
2479 792 2661 833 sermo
2707 793 2899 833 eorum
2944 781 3314 847 grammatica:
3341 783 3470 840 artis
3501 787 3743 845 scientiam

2222 868 2526 941 proﬁtetur,
2556 870 2656 926 sed
2686 870 3027 941 simplicibus
3072 879 3127 927 et
3156 874 3415 944 impolitis
3444 881 3742 938 sermonibus

2221 962 2501 1033 perferunt
2532 963 2600 1018 ad
2631 979 2728 1019 vos
2757 964 2940 1020 divina
2969 964 3247 1029 mandata,
3281 967 3356 1020 ita
3392 975 3450 1022 ut
3476 983 3646 1027 omnes
3667 975 3743 1044 qui

2220 1054 2472 1118 audiunt,
2501 1056 2657 1126 sequi
2689 1056 2986 1125 possint‘et
3017 1058 3321 1130 intelligere
3348 1076 3467 1130 quae
3491 1060 3742 1134 dicuntur;

2218 1145 2408 1224 ridetis
2435 1146 2627 1202 salutis
2657 1155 2855 1203 vestrae
2878 1147 3161 1205 ministros
3186 1158 3240 1205 et
3267 1151 3507 1219 nuntios,
3534 1152 3743 1224 ignoran-

2216 1244 2299 1293 tes
2326 1222 2335 1229 ’
2361 1239 2489 1309 quia
2519 1245 2722 1306 vestra,
2750 1239 2845 1309 qui
2870 1240 3023 1295 vobis
3049 1240 3208 1311 periti
3258 1248 3314 1296 et
3354 1222 3649 1314 eloquentes
3676 1247 3743 1301 vi-

2214 1329 2438 1393 demini,
2458 1330 2839 1388 condemnatio
2854 1340 2957 1399 est,
2984 1334 3131 1404 quod
3157 1335 3301 1405 apud
3323 1343 3559 1406 agrestes
3577 1341 3625 1393 et
3642 1339 3745 1395 bar-

2213 1420 2375 1476 baros
2405 1421 2637 1477 habetur
2663 1422 2912 1479 veritatis
2940 1424 3301 1496 agnitio.Quae
3328 1441 3450 1483 cum
3477 1428 3541 1483 ad
3562 1445 3647 1485 vos
3672 1432 3747 1485 ad-

2212 1513 2443 1589 venerit,
2474 1528 2576 1570 nec
2601 1516 2763 1585 quasi
2792 1516 3005 1587 hospita
3036 1519 3356 1589 suscipitur,
3390 1536 3508 1591 qum
3543 1523 3637 1579 nisi
3678 1526 3745 1580 in-

2212 1606 2572 1675 temperantia
2601 1613 2784 1662 vestra
2812 1613 2865 1662 et
2894 1608 3062 1663 libido
3087 1609 3401 1676 obsisteret,
3426 1612 3556 1669 civis
3582 1629 3687 1670 esse
3703 1624 3747 1670 et

2210 1698 2503 1753 vernacula
2524 1698 2839 1765 debuisset;
2866 1708 2926 1753 ut
2953 1716 3019 1755 ex
3052 1700 3137 1758 his
3160 1704 3487 1773 arguamini,
3506 1707 3639 1776 quod
3658 1724 3746 1763 nou

2209 1790 2455 1845 veritatis
2501 1791 2665 1845 amici
2701 1799 2757 1846 et
2788 1790 3120 1861 philosophi,
3153 1796 3248 1849 sed
3293 1797 3572 1865 jactantiae
3601 1809 3748 1855 secta-

2210 1886 2381 1945 tores,
2413 1890 2467 1936 et
2492 1883 2769 1953 vaniloqui
2801 1884 2957 1949 estis,
2989 1886 3084 1955 qui
3110 1886 3396 1943 verilatem
3426 1905 3534 1944 non
3561 1891 3612 1945 in
3640 1893 3749 1945 sim-

2209 1972 2445 2042 plicibus
2474 1974 2679 2041 verbis,
2708 1974 2803 2031 sed
2833 1976 2889 2029 in
2923 1978 3157 2033 versutis
3204 1986 3259 2033 et
3303 1981 3519 2038 callidis
3557 1983 3749 2039 creditis

2208 2064 2475 2130 habitare,
2496 2076 2547 2121 et
2570 2067 2993 2124 innumerabilia
3010 2071 3302 2127 verborum
3326 2072 3601 2143 profertis,
3616 2076 3751 2131 unius

2206 2158 2358 2215 verbi
2391 2174 2739 2230 nequaquam
2768 2162 2945 2232 pretio
2978 2164 3321 2234 pensitanda,
3357 2165 3500 2231 Quid
3528 2183 3647 2238 ergo
3672 2184 3752 2238 pu-

2206 2251 2337 2307 tatis
2366 2250 2609 2305 futurum
2651 2251 2719 2307 de
2746 2253 2923 2318 vobis,
2956 2269 3054 2311 vos
3081 2269 3114 2309 o
3148 2257 3326 2310 omnis
3374 2257 3536 2312 turba
3568 2256 3754 2313 Graeco-

2205 2358 2348 2411 rum,
2380 2344 2426 2399 si
2453 2348 2558 2399 erit
2576 2345 2840 2415 judicium
2859 2345 2974 2413 Dei,
3001 2347 3143 2403 sicut
3167 2349 3270 2404 iste
3291 2349 3586 2406 dicit?-Sed
3608 2365 3751 2413 nunc,

2204 2436 2517 2493 amittentes
2551 2437 2730 2492 ridere
2780 2438 2835 2492 in
2885 2438 3181 2508 perniciem
3209 2441 3381 2497 vestri
3408 2442 3581 2497 virum
3609 2442 3752 2507 hunc,

2203 2526 2531 2599 respondeat
2554 2529 2687 2584 mihi
2714 2530 2808 2600 qui
2838 2531 2953 2586 vult
2974 2547 3042 2587 ex
3070 2532 3247 2597 vobis,
3273 2535 3536 2604 quoniam
3564 2533 3752 2604 quidem

2202 2621 2322 2676 solo
2352 2621 2554 2676 latratu
2585 2632 2769 2678 vestro
2818 2624 3126 2681 obturbatis
3170 2625 3339 2681 etiam
3374 2642 3565 2683 eorum
3596 2641 3751 2688 aures,

2202 2713 2295 2784 qui
2326 2715 2463 2769 salvi
2495 2730 2619 2772 esse
2646 2716 2859 2780 volunt,
2891 2724 2945 2771 et
2976 2724 3187 2773 mentes
3214 2733 3338 2789 quae
3383 2719 3454 2774 ad
3495 2718 3648 2773 fidem
3675 2732 3753 2787 pa-

2200 2812 2334 2859 ratae
2366 2812 2515 2871 sunt,
2547 2807 2617 2861 ad
2646 2806 2981 2862 inﬁdelitatis
3004 2808 3218 2878 lapsum
3276 2810 3486 2866 vestris
3522 2807 3751 2864 obturba-

2201 2897 2442 2953 tionibus
2481 2898 2769 2953 declinatis
2802 2917 2815 2954 :
2846 2914 2967 2969 qua:
3000 2900 3156 2955 vobis
3185 2900 3289 2955 erit
3318 2916 3567 2973 unquam
3596 2899 3750 2961 venia,

2199 2991 2293 3060 qui
2335 2990 2646 3047 Divinitatis
2688 2992 2961 3058 nuntium,
2992 2993 3405 3063 promittentem
3433 2994 3593 3050 vobis
3629 2990 3756 3063 agni-

2198 3082 2403 3137 tionem
2436 3081 2551 3147 Dei,
2573 3084 2764 3139 ridetis
2794 3093 2849 3140 et
2870 3083 3088 3156 injuriis
3110 3085 3325 3143 allicitis
3343 3088 3369 3142 ?
3403 3104 3566 3159 quem
3594 3086 3757 3155 utique

2198 3175 2413 3230 etiamsi
2442 3176 2581 3230 nihil
2611 3176 2858 3234 veritatis
2889 3178 3124 3245 afferret,
3158 3194 3258 3249 pro
3287 3179 3417 3250 ipso
3472 3188 3649 3235 tamen
3672 3177 3755 3233 be—

2197 3266 2478 3339 nignitatis
2501 3284 2626 3338 erga
2658 3284 2754 3325 vos
2783 3271 3085 3342 proposito,
3120 3278 3340 3343 gratum
3382 3281 3758 3344 acceptumque

2196 3359 2397 3415 habere
2424 3360 2715 3418 deberetis.

2263 3452 2333 3511 X.
2374 3452 2500 3509 Haec
2525 3462 2579 3509 et
2610 3454 2697 3510 his
2727 3455 2928 3511 similia
2956 3471 3081 3512 cum
3102 3472 3494 3528 prosequerer,
3515 3456 3759 3529 plurimus

2194 3545 2425 3602 astantis
2457 3545 2641 3616 populi
2672 3544 2925 3604 fremitus
2952 3548 3357 3615 concitabatur,
3375 3548 3514 3603 dum
3542 3548 3631 3603 alii
3659 3545 3759 3602 vel-

2193 3647 2253 3694 ut
2292 3654 2422 3711 erga
2460 3639 2730 3709 hospitem
2773 3640 3128 3698 miseratione
3158 3650 3544 3706 moverentur,
3575 3653 3762 3695 meum-

2192 3749 2299 3804 que
2330 3747 2638 3788 sermonem
2663 3739 2723 3787 ut
2751 3742 3149 3804 consequenter
3176 3733 3431 3789 habitum
3462 3734 3757 3805 probarent.

2191 3825 2281 3879 alii
2312 3825 2619 3896 petulantes
2659 3832 2714 3880 et
2760 3824 2967 3890 stolidi,
2994 3825 3050 3879 in
3089 3840 3175 3880 me
3202 3840 3431 3896 quoque
3463 3825 3682 3895 pariter,
3710 3825 3761 3873 ut

2191 3916 2245 3970 in
2277 3915 2602 3981 Barnabam,
2634 3915 2878 3972 effrenati
2932 3916 3099 3971 animi
3149 3916 3505 3971 iracundiam
3538 3912 3759 3970 concita-

2189 4015 2330 4063 rent.
2357 4006 2462 4064 Sed
2493 4024 2617 4063 cum
2642 4006 2713 4062 ad
2743 4022 3025 4078 vesperam
3050 4008 3161 4077 jam
3186 4007 3501 4063 declinaret
3530 4008 3664 4069 dies,
3686 4018 3762 4072 ap-

2187 4100 2457 4169 prehensa
2492 4098 2756 4155 Barnaba:
2783 4099 3029 4163 dextera,
3059 4100 3440 4156 obluctantem
3474 4100 3605 4155 licet
3627 4110 3755 4156 eum.

2187 4194 2255 4248 ad
2300 4208 2476 4248 meam
2529 4202 2709 4249 tamen
2739 4192 2940 4248 adduxi
2970 4192 3215 4261 domum,
3245 4200 3421 4264 atque
3452 4194 3531 4249 ibi
3561 4204 3763 4247 manere

2188 4284 2312 4349 feci,
2352 4301 2421 4341 ne
2449 4285 2573 4355 quis
2605 4285 2747 4341 forte
2774 4301 2839 4340 ex
2873 4285 3095 4340 indocili
3119 4286 3283 4356 vulgo
3311 4286 3579 4357 injiceret
3596 4284 3646 4342 ei
3666 4296 3762 4337 ma-

2184 4394 2312 4434 nus.
2340 4377 2707 4448 Aliquantulis
2734 4377 2901 4449 igitur
2922 4376 3114 4433 diebus
3146 4393 3253 4431 una
3281 4378 3483 4447 positi,
3504 4378 3763 4432 disseren-

509 4482 698 4532 sensu,
736 4468 1145 4538 indisciplinato
1173 4482 1269 4523 ore
1295 4484 1486 4523 omnes
1534 4469 1700 4525 simul
1726 4469 1900 4524 risum
1927 4467 2086 4523 dede-
2120 4483 2159 4534 ο
2186 4478 2239 4527 te
2269 4486 2335 4527 eo
2367 4468 2630 4542 [paucis],
2664 4484 2973 4524 sermonem
3000 4468 3248 4523 veritatis
3296 4469 3548 4525 libenter
3587 4464 3759 4521 audie-

507 4574 591 4621 re,
622 4559 868 4614 incutere
899 4560 949 4614 ei
980 4561 1364 4615 verecundiam
1393 4576 1458 4619 ac
1484 4562 1761 4619 silentium
1804 4563 2085 4634 imponere

508 4651 813 4723 cupientes,
843 4650 1247 4723 barbarumque
1268 4661 1321 4708 et
1343 4655 1526 4710 minus
1555 4670 1701 4710 sanae
1726 4654 1927 4711 mentis
1955 4671 2081 4711 eum

508 4749 900 4803 acclamantes.
932 4747 1043 4820 Ego
1065 4764 1196 4804 vero
1224 4764 1349 4804 cum
1382 4750 1498 4805 haec
1523 4750 1600 4805 ita
1632 4750 1746 4806 ﬁeri
1776 4766 2077 4816 cernerem,

507 4838 626 4894 zelo
654 4836 890 4908 quodam
924 4838 1110 4893 nescio
1144 4838 1288 4894 unde
1315 4839 1575 4909 repletus,
1610 4854 1674 4894 ac
1706 4840 1963 4911 religioso
1991 4839 2079 4895 fu-

504 4945 631 4985 rore
660 4944 983 4995 succensus,
1017 4931 1177 4986 silere
1200 4946 1309 4985 non
1348 4932 1519 5002 potui,
1552 4930 1647 4987 sed
1679 4947 1803 4986 cum
1833 4932 1982 4986 omni
2010 4931 2077 4986 li-

506 5020 717 5078 bertate
763 5022 1107 5092 proclamans
1146 5040 1162 5079 :
1200 5021 1525 5079 Rectissime
1576 5022 1719 5079 Deus
1743 5066 1758 5091 ,
1808 5023 2031 5095 inquam
2062 5056 2080 5083 ν

2183 4565 2345 4632 bam;
2374 4564 2600 4634 urgebat
2627 4570 2807 4617 tamen
2838 4559 3258 4632 profectionem,
3295 4560 3507 4618 dicens
3532 4577 3592 4617 se
3634 4559 3762 4614 diem

2183 4656 2380 4712 festum
2430 4654 2712 4725 religionis
2759 4668 2892 4717 suae,
2924 4654 3019 4724 qui
3063 4653 3405 4720 immineret,
3440 4647 3767 4709 omnimodis

2182 4749 2324 4818 apud
2355 4745 2594 4802 Iudaeam
2624 4746 3047 4811 celebraturum,
3081 4746 3265 4816 ibique
3294 4745 3368 4802 de
3402 4748 3627 4818 reliquo
3653 4757 3764 4799 cum

2184 4841 2300 4896 suis
2342 4838 2556 4893 civibus
2608 4852 2674 4892 ac
2721 4836 2984 4893 fratribus
3012 4852 3471 4907 permansurum.
3499 4838 3765 4894 evidenter

2184 4931 2437 4987 indicans
2474 4930 2691 5000 injuriae
2721 4944 2781 4984 se
2810 4929 3039 4985 horrore
3065 4919 3414 5000 perculsum.

2246 5022 2334 5078 XI.
2379 5022 2620 5093 Denique
2659 5036 2784 5076 cum
2826 5036 2928 5094 ego
2962 5022 3199 5076 dicerem
3229 5041 3242 5076 :
3277 5019 3365 5076 Tu
3390 5021 3537 5077 mihi
3564 5025 3761 5074 tantum

1801 5219 2165 5278 COTELERII
2220 5221 2451 5284 ΝΟΤΔΕ.

580 5377 690 5448 (12)
733 5378 840 5451 Cu_r
873 5379 975 5451 fila'
997 5379 1169 5451 factus
1212 5391 1343 5451 esset
1373 5378 1945 5451 culeleieronymus,
1973 5379 2045 5432 1.1

508 5451 754 5504 aduersus
785 5449 1123 5520 Pelagianos,
1159 5450 1189 5501 7
1232 5469 1243 5502 :
1288 5450 1569 5519 Elephanti
1608 5449 1780 5504 tanta!
1818 5450 1993 5513 malis,
2021 5460 2072 5502 et

508 5519 723 5591 gryphas
755 5521 806 5571 in
825 5519 931 5591 sua,
950 5522 1204 5589 gravitate
1232 5532 1534 5583 causentur,
1569 5538 1663 5574 cur
1691 5522 1959 5591 quaternis
1983 5535 2072 5588 pe-

508 5588 660 5661 dibus
708 5588 988 5661 incedant,
1040 5606 1157 5661 cum
1204 5608 1397 5645 muscw
1440 5588 1752 5661 calicesque,
1795 5604 1844 5644 et
1880 5599 2071 5661 cwtera

512 5656 808 5729 laujusmodi
851 5660 1143 5713 animantia
1182 5661 1276 5713 sub
1314 5662 1554 5729 pennatis
1587 5656 1734 5715 senos
1768 5662 1920 5728 pedes
1974 5660 2070 5713 Ita-

512 5723 700 5791 beant;
741 5737 791 5781 ct
834 5729 997 5797 aliqui
1032 5723 1489 5798 vermiculi'sint,
1521 5734 1610 5801 qui
1653 5723 1812 5785 lamis
1851 5731 2071 5801 pedibus

2176 5388 2443 5441 scaleant,
2481 5388 2537 5430 ut
2568 5378 2977 5433 innumerabiles
3020 5379 3181 5433 simul
3218 5388 3399 5435 motus
3449 5381 3607 5434 nulla
3640 5379 3765 5431 acies

2176 5448 2593 5521 conlprelzendat.
2632 5449 2699 5521 Et
2729 5464 2815 5521 in,
2845 5461 3029 5503 contra
3058 5448 3335 5521 Ruﬁnum,
3375 5450 3414 5504 8
3452 5470 3467 5506 :
3510 5446 3765 5521 Ergo

2176 5518 2269 5570 tibi
2292 5520 2549 5571 rationem
2573 5519 2870 5583 reddidero,
2899 5536 3060 5588 quare
3088 5519 3334 5587 formica,
3378 5518 3621 5589 parvum
3656 5519 3760 5573 ani-

2175 5588 2282 5660 mal
2304 5598 2352 5641 et
2381 5597 2651 5660 punctum,
2678 5600 2731 5641 ut
2757 5592 2835 5642 ita
2855 5589 3048 5654 dicam,
3074 5592 3335 5658 corporis,
3366 5588 3472 5644 sea:
3494 5592 3651 5660 pedes
3678 5590 3762 5641 Ita-

2176 5659 2327 5783 lica:
2359 5675 2475 5713 cum
2502 5658 2804 5727 elephantus
2823 5701 2837 5726 ,
2881 5671 3030 5715 tanta
3057 5661 3215 5716 moles
3233 5700 3248 5727 ,
3279 5658 3538 5728 quatuor
3558 5660 3763 5731 pedibus

2176 5746 2287 5783 mce
2329 5744 2404 5783 at.

2176 5744 2404 5785 incedat.
