4000 6266
327 384 471 440 1213

1540 377 2107 436 RECOGNITIONUM
2144 377 2276 437 LIB.
2311 379 2351 433 Ι.

3418 380 3557 437 12“

315 502 434 572 ejus
456 499 584 565 viri,
612 514 774 571 quem
798 498 1121 569 apparuisse
1146 496 1303 561 dicis,
1326 513 1534 569 expone
1555 497 1882 564 doctrinam,
1911 505 1961 563 Α
2056 495 2193 551 XIII.
2229 496 2303 553 At
2806 494 3025 565 Petrus,
3072 496 3259 552 audito
3308 501 3554 565 nomine,

314 606 370 652 et
389 611 489 667 ego
521 596 658 649 meis
691 594 1038 650 sermonibus
1071 600 1165 647 tua
1195 590 1341 647 dicta
1378 607 1733 662 componens,
1762 606 1883 646 om-

315 687 612 759 nipotentis
655 685 750 741 Dei
794 702 1021 757 regnum
1061 684 1441 756 iustitiamque
1471 682 1798 753 przedicaho,
1829 691 1882 739 et

314 787 436 851 post
464 780 579 833 haec
608 779 653 833 si
685 777 946 839 volueris,
979 777 1143 831 etiam
1184 775 1452 845 navigabo
1493 782 1693 840 tecum,
1726 773 1883 829 valde

312 874 455 927 enim
485 871 668 925 videre
699 869 860 939 cupio
884 867 1146 931 Iudaeam,
1177 868 1457 922 vobiscum
1487 865 1739 921 fortassis
1765 881 1883 936 per-

310 972 476 1033 petuo
518 977 929 1031 permansurus.
992 959 1075 1013 Ad
1144 959 1258 1013 haec
1301 959 1390 1013 ille
1424 978 1438 1014 :
1470 958 1573 1022 Tu,
1606 958 1801 1028 inquit,
1833 957 1881 1013 si

309 1053 526 1124 quidem
558 1051 742 1107 videre
773 1053 853 1105 vis
884 1052 1114 1121 patriam
1145 1057 1412 1115 nostram,
1446 1059 1499 1105 et
1523 1050 1737 1105 discere
1762 1065 1882 1120 qua:

309 1145 605 1206 desideras,
637 1143 750 1211 jam
776 1157 921 1196 nunc
952 1157 1163 1195 mecum
1194 1143 1398 1212 pariter
1425 1141 1654 1212 naviga;
1682 1141 1727 1196 si
1752 1157 1880 1197 vero

308 1247 358 1293 te
388 1240 593 1308 aliquid
623 1245 788 1300 tenet,
818 1236 972 1305 signa
1019 1236 1119 1290 tibi
1165 1235 1517 1290 habitationis
1550 1243 1750 1289 nostra:
1780 1234 1878 1290 de-

304 1332 631 1400 relinquam,
664 1336 721 1383 ut
752 1344 876 1383 cum
905 1329 1088 1383 venire
1108 1326 1368 1393 volueris,
1400 1328 1643 1384 invenire
1672 1344 1775 1383 nos
1800 1327 1879 1382 fa-

305 1423 408 1475 cile
437 1421 649 1491 possis;
683 1435 782 1491 ego
808 1420 953 1474 enim
979 1421 1218 1475 crastino
1246 1420 1346 1475 iter
1374 1418 1676 1490 aggrediar.
1705 1418 1876 1486 Quem

305 1514 398 1567 ubi
428 1513 761 1567 immobilem
806 1512 936 1574 vidi,
966 1511 1223 1567 descendi
1268 1527 1392 1566 cum
1442 1514 1560 1582 ipso
1594 1528 1767 1583 usque
1809 1512 1876 1567 ad

308 1610 544 1672 portum,
577 1618 641 1657 ac
669 1603 958 1672 diligenter
982 1602 1051 1657 ab
1077 1618 1143 1657 eo
1171 1604 1347 1674 signa,
1379 1619 1500 1674 quae
1527 1603 1759 1667 dixerat,
1786 1603 1879 1657 ha-

304 1693 587 1749 bitationis
613 1694 820 1765 accepi,
852 1694 1042 1749 dicens
1066 1696 1115 1750 ei
1145 1715 1156 1749 :
1186 1697 1312 1765 quia
1342 1695 1449 1749 nisi
1476 1695 1875 1765 aliquantulum

304 1785 549 1852 pecunia:
578 1785 890 1839 necessario
927 1785 1058 1838 mihi
1088 1793 1234 1841 esset
1276 1801 1305 1839 a
1347 1785 1685 1840 debitoribus
1717 1801 1876 1855 repo-

1982 605 2278 645 accurrens
2328 590 2577 659 protinus
2627 588 2843 643 inhaesit
2888 588 3095 646 osculis
3144 591 3303 655 meis,
3335 599 3389 646 et
3433 601 3559 663 post

1982 681 2096 735 haec
2123 696 2247 735 cum
2278 682 2466 736 sedere
2497 696 2583 736 me
2610 679 2849 745 fecisset,
2883 681 2959 734 ait
2989 698 3003 735 :
3036 680 3181 736 Bene
3210 680 3385 738 fecisti
3416 699 3555 754 prae-

1980 772 2276 828 dicatorem
2303 772 2544 827 veritatis
2565 771 2800 842 hospitio
2820 772 3058 841 recipere
3076 771 3401 838 Barnabam,
3420 775 3558 829 nihil

1977 865 2184 920 veritus
2237 864 2419 935 populi
2472 863 2794 919 insanientis
2848 862 3365 931 furorem;.beatus
3423 867 3554 922 eris.

1982 950 2134 1006 Sicut
2161 954 2305 1007 enim
2336 962 2392 1007 tu
2412 954 2644 1024 legatum
2672 954 2918 1009 veritatis
2935 955 3084 1008 omni
3102 955 3309 1010 honore
3323 956 3548 1028 dignum

1979 1042 2205 1111 duxisti,
2239 1044 2314 1097 ita
2349 1052 2401 1098 te
2431 1060 2649 1115 quoque
2700 1045 3137 1114 peregrinantem
3191 1054 3246 1100 et
3282 1046 3551 1117 hospitem

1979 1136 2181 1190 veritas
2212 1136 2328 1205 ipsa
2359 1136 2641 1205 suscipiet,
2662 1142 2715 1190 et
2738 1135 2909 1189 civem
2937 1136 3170 1206 propriae
3202 1136 3359 1192 urbis
3385 1138 3557 1192 ascri-

1954 1222 2090 1287 vbet,
2133 1230 2186 1277 et
2214 1230 2340 1277 tunc
2373 1224 2470 1279 tibi
2500 1224 2607 1277 erit
2636 1224 2893 1294 gaudium
2935 1240 3213 1295 magnum,
3244 1228 3390 1295 quod
3438 1229 3557 1283 exi-

1977 1329 2137 1386 guam
2167 1331 2314 1369 nune
2344 1314 2664 1384 impartiens
2704 1316 2957 1386 gratiam,
3003 1324 3332 1372 aeternorum
3382 1318 3554 1375 bono-

1978 1422 2100 1461 rum
2146 1407 2321 1463 haeres
2370 1408 2647 1463 scriberis.
2676 1407 2834 1463 Nunc
2866 1424 2997 1480 ergo
3038 1425 3107 1464 ne
3142 1410 3359 1466 labores
3383 1424 3553 1481 expo-

1976 1516 2105 1556 nere
2132 1500 2264 1554 mihi
2302 1502 2543 1554 animum
2580 1508 2767 1564 tuum;
2801 1507 2999 1555 cuncta
3037 1500 3179 1553 enim
3208 1501 3275 1555 de
3303 1507 3356 1555 te
3397 1509 3449 1555 et
3484 1502 3551 1557 de

1976 1592 2222 1647 moribus
2249 1592 2358 1646 tuis
2387 1590 2664 1645 Barnabas
2702 1589 2846 1645 ﬁdeli
2880 1604 3130 1644 sermone
3151 1589 3389 1657 edocuit,
3414 1605 3552 1661 quo-

1976 1684 2108 1739 tidie
2138 1700 2273 1754 pene
2300 1690 2353 1739 et
2384 1683 2755 1737 indesinenter
2793 1683 3064 1737 bonorum
3096 1690 3311 1735 tuorum
3344 1699 3548 1738 menm-

1975 1779 2112 1832 riam
2143 1785 2415 1848 repetens.
2436 1776 2500 1831 Et
2522 1785 2580 1831 ut
2608 1778 2705 1831 tibi
2729 1777 2987 1844 breviter,
3012 1783 3270 1846 tanquam
3304 1777 3547 1830 unanimi

304 1874 589 1940 scendum,
620 1875 757 1929 nihil
806 1875 1027 1929 omnino
1059 1876 1331 1931 diﬂerrem
1352 1917 1366 1940 ,
1403 1877 1658 1932 velociter
1686 1885 1868 1932 tamen
1898 1856 1941 1916 Β
1964 1870 2076 1940 iam
2103 1870 2299 1932 amico.
2327 1868 2471 1939 quod
2498 1870 2551 1923 in
2580 1884 2638 1923 ΥΘ
2660 1876 2743 1923 εει
2764 1867 3038 1930 deﬁniam,
3060 1867 3108 1921 Si
3132 1867 3269 1921 nihil
3298 1866 3547 1936 estquod

303 1968 561 2038 insequar
605 1968 708 2022 iter
738 1974 911 2023 tuum.
946 1967 1080 2023 Cum
1127 1969 1243 2023 haec
1288 1968 1573 2034 dixissem,
1603 1985 1874 2027 commen-

302 2059 431 2113 dato
461 2075 525 2115 eo
552 2060 813 2114 attentius
846 2059 952 2125 his,
980 2060 1077 2130 qui
1105 2060 1229 2115 navi
1259 2067 1548 2129 pneerant,
1581 2076 1870 2132 regressus

302 2170 423 2209 sum
446 2154 641 2210 tristis.
673 2152 919 2208 Habebat
945 2154 1090 2208 enim
1120 2169 1205 2208 me
1236 2152 1543 2206 recordatio
1574 2161 1871 2207 consuetu-

299 2246 446 2300 dinis
476 2246 603 2300 boni
636 2245 872 2316 hospitis
902 2253 955 2299 et
986 2246 1175 2317 optimi
1206 2244 1387 2300 amici.

371 2335 486 2390 ΧΠ.
529 2336 729 2391 Diebus
755 2343 936 2390 autem
968 2336 1158 2405 paucis
1200 2342 1525 2400 remoratus,
1555 2341 1609 2390 et
1637 2334 1721 2391 his
1749 2351 1871 2405 quae

297 2426 635 2482 debebantur
680 2442 746 2480 ex
789 2432 942 2496 parte
1001 2424 1183 2495 aliqua
1249 2422 1544 2494 proﬂigatis
1590 2423 1869 2495 (plurima

296 2520 445 2574 enim
479 2518 772 2575 festinandi
813 2518 993 2574 studio
1020 2518 1254 2589 neglexi,
1288 2533 1356 2572 ne
1392 2532 1421 2571 a
1452 2518 1731 2587 proposito
1774 2518 1871 2571 im-

294 2614 517 2687 pedirer
540 2614 581 2686 ),
636 2613 920 2686 enavigavi
968 2614 1231 2670 continuo
1262 2613 1318 2666 in
1347 2610 1612 2675 Judteam,
1646 2618 1700 2666 et
1744 2618 1869 2681 post

293 2707 417 2763 dies
447 2706 760 2777 quindecim
793 2706 1096 2761 Caesaream
1114 2704 1407 2771 Stratonis,
1444 2719 1565 2775 qua:
1594 2711 1677 2759 est
1706 2703 1872 2758 Palae-

292 2799 457 2853 stinae
507 2799 637 2853 urbs
682 2798 941 2863 maxima,
973 2798 1232 2871 appulsus
1282 2812 1423 2851 sum.
1455 2796 1701 2865 Cumque
1744 2795 1869 2849 navi

289 2902 575 2960 egressus,
607 2887 899 2963 hospitium
924 2903 1244 2957 quaererem,
1276 2900 1497 2942 rumore
1523 2887 1709 2958 pOpuli
1727 2901 1872 2941 com—

288 2979 415 3053 peri
471 2979 614 3048 quod
644 2977 836 3034 Petrus
866 2980 1104 3053 quidam,
1138 2979 1287 3034 illius
1326 2979 1420 3048 qui
1463 2980 1521 3031 in
1562 2977 1747 3033 Judaza
1774 2993 1870 3048 ap-

290 3068 501 3140 paruit,
532 3075 587 3122 et
632 3068 788 3138 signa
833 3068 1002 3122 multa
1031 3084 1096 3123 ac
1125 3068 1374 3143 prodigia
1407 3068 1669 3125 divinitus
1717 3080 1869 3140 gesta

291 3165 439 3217 inter
484 3160 735 3214 homines
773 3158 1370 3229 ostendit,‘discipulus
1419 3160 1864 3231 probatissimus,

293 3255 539 3312 crastino
581 3268 704 3307 cum
755 3250 976 3307 Simone
1027 3252 1263 3323 quodam
1296 3251 1644 3308 Samaritano
1673 3269 1740 3309 ex
1768 3269 1865 3308 ea—

294 3347 454 3403 stello
503 3345 809 3400 Gethonum
857 3341 1012 3415 (15),
1066 3343 1356 3398 habiturus
1388 3352 1532 3399 esset
1574 3345 1866 3400 verborum

292 3438 764 3509 quaestionumque
816 3445 1112 3491 certamen.
1144 3433 1358 3500 Quibus
1387 3450 1487 3505 ego
1517 3436 1739 3501 auditis,
1775 3452 1867 3491 ro-

291 3532 486 3602 gabam
516 3529 880 3585 demonstrari
908 3528 1040 3581 mihi
1067 3528 1186 3597 ejus
1211 3527 1502 3596 hospitium
1529 3547 1543 3595 ;
1572 3528 1717 3601 quod
1741 3544 1865 3583 cum

289 3621 639 3692 reperissem,
670 3631 833 3693 atque
876 3628 1003 3675 ante
1044 3619 1188 3676 fores
1217 3619 1609 3685 constitissem,
1652 3621 1865 3690 ingere-

290 3712 418 3768 bam
462 3712 710 3781 janitori,
742 3713 993 3782 quisnam
1025 3726 1201 3768 essem
1235 3722 1397 3783 atque
1425 3712 1571 3767 unde
1602 3710 1864 3766 adventa-

288 3824 440 3875 rem;
472 3816 525 3863 et
554 3822 681 3861 ecce
709 3805 984 3860 Barnabas
1010 3804 1330 3875 procedens,
1363 3805 1547 3860 statim
1578 3811 1637 3857 ut
1662 3819 1749 3858 me
1777 3804 1861 3859 vi-

288 3896 389 3962 dit,
418 3896 472 3949 in
499 3895 814 3964 complexus
841 3908 991 3949 meos
1014 3892 1277 3955 cucurrit,
1308 3893 1505 3962 gaudio
1527 3892 1857 3963 lacrymans,

289 3998 456 4058 atque
503 3988 899 4060 apprehensum
933 4003 1019 4044 me
1050 4002 1214 4041 manu
1257 3985 1640 4041 introducebat
1670 3985 1737 4040 ad
1766 3983 1865 4040 Pe-

288 4089 459 4134 trum.
492 4077 662 4145 Quem
692 4094 816 4133 cum
842 4079 974 4133 mihi
1004 4080 1217 4134 eminus
1240 4077 1602 4135 ostendisset:
1626 4077 1725 4132 llic
1751 4087 1855 4145 est,

286 4173 486 4244 inquit,
519 4170 734 4237 Petrus,
767 4187 926 4242 quem
957 4171 1057 4226 tibi
1084 4172 1379 4225 maximum
1408 4187 1528 4227 esse
1558 4173 1613 4227 in
1641 4171 1735 4227 Dei
1768 4186 1851 4227 sa-

285 4267 493 4335 pientia
522 4266 791 4328 dicebam,
811 4265 1009 4334 cuique
1025 4265 1092 4320 de
1112 4276 1163 4319 te
1189 4281 1381 4321 rursus
1405 4266 1523 4321 sine
1550 4266 1856 4322 cessatione

284 4358 501 4412 locutus
557 4372 698 4412 sum.
746 4355 1032 4427 ingredere
1072 4357 1239 4426 igitur
1297 4364 1556 4427 tanquam
1620 4358 1759 4413 bene
1803 4359 1853 4413 ei

285 4451 559 4521 cognitus.
592 4446 785 4503 Omnia
825 4447 969 4501 enim
998 4464 1119 4517 qua:
1146 4449 1203 4502 in
1231 4456 1286 4504 te
1326 4459 1453 4506 sunt
1497 4450 1658 4514 bona,
1687 4451 1854 4506 veris-

282 4544 416 4598 sime
442 4541 728 4613 eomperit,
758 4547 812 4595 et
834 4538 1143 4610 religiosum
1172 4541 1508 4611 propositum
1537 4550 1692 4597 tuum
1721 4542 1847 4596 dili-

282 4641 474 4703 genter
500 4632 739 4703 agnovit,
769 4646 833 4685 ex
864 4645 974 4701 quo
998 4638 1051 4685 et
1080 4647 1296 4687 summo
1345 4634 1615 4689 desiderio
1669 4635 1848 4705 agitur

281 4723 500 4779 videndi
537 4730 606 4778 te.
640 4720 796 4776 Unde
830 4736 1082 4792 magnum
1112 4723 1163 4776 ei
1192 4723 1353 4778 hodie
1383 4740 1583 4779 munus
1627 4725 1765 4780 meis
1794 4732 1848 4780 te

284 4815 537 4867 manibus
566 4811 767 4879 oﬂero;
806 4811 1075 4882 simulque
1098 4813 1279 4869 oblato
1322 4829 1429 4874 me.
1474 4815 1548 4869 ait
1578 4834 1591 4869 :
1627 4813 1725 4870 Hic
1763 4823 1848 4871 est

284 4905 557 4969 Clemens,
586 4903 761 4959 Petre.

357 5093 403 5123 ⁸⁸
443 5090 572 5156 Quae
600 5093 757 5147 uncis
791 5094 1135 5160 inclusimus,
1183 5096 1383 5152 desunt
1416 5096 1471 5150 in
1506 5103 1665 5164 utroq

1977 1966 2033 2015 te
2069 1960 2349 2029 impediat,
2378 1959 2482 2015 iter
2512 1973 2609 2029 age
2630 1959 2941 2024 nobiscum,
2970 1966 3024 2013 et
3066 1959 3194 2013 audi
3238 1974 3547 2015 sermonem

1971 2053 2241 2119 veritatis,
2279 2068 2441 2124 quem
2485 2053 2723 2107 habituri
2777 2068 2967 2110 sumus
2996 2068 3094 2124 per
3140 2053 3258 2108 loca
3305 2053 3544 2119 singula,

1972 2158 2258 2214 usquequo
2283 2144 2351 2198 ad
2380 2143 2557 2214 ipsam
2589 2143 2748 2199 nobis
2788 2144 3215 2213 perveniendum
3244 2144 3315 2199 sit
3353 2145 3544 2199 urbem

1968 2234 2228 2303 Romam;
2254 2242 2308 2290 et
2335 2250 2483 2290 nunc
2508 2242 2566 2289 tu
2597 2238 2641 2290 si
2673 2235 2804 2305 quid
2835 2235 3139 2299 desideras,
3169 2236 3358 2291 dicito.

2040 2324 2181 2381 XIV.
2218 2327 2462 2397 Cumque
2488 2328 2536 2381 ei
2564 2328 2961 2396 exposuissem,
2992 2330 3121 2397 quid
3152 2329 3221 2383 ab
3239 2328 3394 2383 initio
3418 2345 3547 2399 pro-

1971 2418 2134 2489 positi
2163 2419 2445 2489 gesserim,
2473 2428 2526 2474 et
2550 2419 2824 2490 quomodo
2851 2435 2949 2490 per
2977 2421 3167 2476 inanes
3204 2421 3409 2477 effusus
3441 2423 3543 2477 sim

1970 2512 2299 2584 quaestiones
2332 2510 2422 2584 [et
2455 2512 2546 2567 illa
2577 2515 2916 2584 omnia,qu:e
2947 2514 3066 2582 tibi,
3099 2513 3317 2570 domine
3347 2517 3421 2570 mi
3448 2515 3543 2571 Ja-

1970 2602 2130 2669 cobe,
2163 2601 2219 2655 in
2240 2601 2523 2673 principiis
2539 2602 2792 2668 iudicavi,
2812 2604 2889 2657 uti
2909 2620 2975 2658 ne
2989 2604 3175 2659 eadem
3198 2614 3435 2675 repetam
3450 2605 3541 2678 “],

1969 2693 2205 2749 libenter
2246 2695 2493 2765 promisi,
2530 2710 2654 2749 cum
2700 2696 2820 2767 ipso
2850 2713 2937 2753 me
2971 2697 3075 2753 iter
3106 2705 3391 2767 acturum;
3438 2700 3543 2753 hoc

1971 2798 2054 2843 est
2081 2788 2248 2854 enim,
2281 2789 2388 2854 aio,
2430 2791 2576 2861 quod
2615 2791 2969 2861 cupidissime
3003 2793 3408 2863 exspectabam.
3434 2791 3542 2849 Ve-

1969 2884 2275 2933 rumtamen
2322 2880 2473 2948 prius
2520 2878 2655 2933 mihi
2682 2881 2845 2950 cupio
2874 2881 3140 2936 rationem
3164 2883 3414 2939 veritatis
3444 2899 3537 2937 cx-

1968 2969 2134 3040 poni,
2161 2976 2221 3024 ut
2256 2969 2448 3036 sciam,
2481 2972 2529 3027 si
2560 2972 2828 3038 mortalis,
2864 2988 2934 3028 an
2963 2974 3286 3030 immortalis
3314 2976 3385 3031 sit
3423 2976 3543 3029 ani-

1968 3076 2079 3126 ma,
2107 3069 2162 3117 et
2210 3063 2259 3117 si
2303 3062 2651 3129 immortalis,
2680 3072 2862 3119 utrum
2892 3081 2992 3136 pro
3024 3066 3109 3123 his
3137 3082 3259 3138 quae
3288 3067 3379 3122 hic
3408 3068 3540 3138 agit,

1972 3154 2204 3211 ducatur
2250 3156 2320 3212 ad
2358 3157 2648 3228 judicium.
2682 3158 2788 3215 Sed
2824 3168 2878 3215 et
2909 3177 3029 3232 quae
3056 3163 3127 3218 sit
3148 3164 3385 3233 justitia,
3419 3181 3541 3236 quae

1968 3246 2079 3303 Deo
2104 3249 2335 3319 placeat,
2375 3252 2515 3306 scire
2539 3251 2954 3308 desidero.Tum
2981 3262 3263 3323 praeterea,
3292 3257 3337 3314 si
3362 3256 3540 3315 factus

1968 3347 2054 3395 est
2080 3342 2340 3408 mundus,
2374 3344 2459 3398 vel
2489 3360 2656 3415 quare
2684 3345 2881 3411 factus,
2909 3356 3001 3401 aut
3032 3348 3076 3403 si
3107 3349 3402 3404 solvendus
3431 3357 3537 3415 est,

1967 3448 2038 3486 an
2069 3433 2123 3488 in
2150 3434 2344 3490 melius
2373 3437 2739 3503 renovandus,
2772 3446 2866 3492 aut
2903 3438 2948 3493 si
2994 3440 3214 3495 omnino
3259 3449 3381 3511 post
3425 3434 3538 3498 haec

1965 3540 2075 3580 nou
2107 3526 2211 3581 erit
2234 3526 2493 3593 mundus,
2523 3536 2577 3583 et
2605 3545 2673 3585 ne
2701 3546 2798 3599 per
2824 3531 3038 3601 singula
3066 3534 3404 3602 progrediar,
3423 3535 3538 3590 haec

1964 3626 2128 3688 atque
2157 3618 2349 3674 horum
2379 3620 2576 3676 similia
2601 3629 2661 3676 ut
2691 3638 2750 3679 se
2780 3623 3038 3690 habeant,
3059 3626 3269 3681 discere
3292 3644 3378 3683 me
3399 3630 3537 3686 velle

1962 3711 2242 3781 respondi.
2274 3712 2358 3767 Ad
2386 3712 2501 3768 haec
2542 3712 2736 3769 Petrus
2768 3734 2783 3771 :
2816 3715 3078 3780 Breviter,
3110 3718 3306 3789 inquit,
3340 3720 3462 3786 tibi,
3501 3737 3535 3775 ο

1962 3801 2233 3869 Clemens,
2268 3819 2451 3859 rerum
2478 3804 2761 3861 scientiam
2787 3807 3021 3875 tradam,
3052 3816 3106 3864 et
3144 3812 3393 3865 ausculta
3415 3812 3529 3881 jam

1961 3910 2128 3952 nunc.

2030 3986 2145 4043 XV.
2188 3986 2452 4045 Voluntas
2501 3989 2596 4046 Dei
2648 3997 2711 4045 et
2744 3993 3034 4046 consilium
3080 3994 3236 4048 latuit
3283 3996 3532 4054 homines

1958 4082 2145 4140 multis
2194 4098 2260 4139 ex
2308 4084 2511 4137 causis.
2553 4082 2736 4140 Primo
2786 4085 3004 4153 quidem
3050 4101 3150 4156 pro
3190 4088 3532 4146 institutione

1957 4174 2121 4238 mala,
2154 4188 2253 4245 pro
2279 4172 2655 4229 sodalitatibus
2701 4174 2979 4248 pessimis,
3012 4191 3111 4246 pro
3137 4181 3532 4237 consuetudine

1956 4279 2211 4336 nequam,
2245 4279 2345 4337 pro
2380 4264 2667 4334 colloquiis
2714 4281 2824 4319 non
2874 4265 3062 4331 bonis,
3116 4282 3216 4336 pro
3268 4285 3531 4338 praesum—

1954 4360 2233 4432 ptionibus
2274 4359 2456 4415 minus
2485 4360 2648 4417 rectis
2664 4359 2745 4427 ⁸⁵,
2792 4374 2893 4430 pro
2934 4359 3038 4428 his,
3079 4361 3322 4431 inquam,
3353 4365 3529 4419 omni-

1953 4451 2076 4516 bus,
2109 4453 2341 4523 primum
2369 4467 2544 4517 error,
2577 4451 2772 4507 deinde
2796 4458 3161 4523 contemptus,
3188 4460 3302 4507 tum
3335 4454 3528 4511 infide-

1952 4543 2078 4598 litas
2107 4552 2159 4599 et
2177 4544 2381 4599 malitia
2406 4545 2541 4616 (M),
2568 4544 2796 4599 avaritia
2826 4561 3044 4615 quoque
3070 4552 3123 4600 et
3144 4561 3283 4600 vana
3309 4546 3527 4616 jactan-

1953 4633 2049 4698 tia,
2081 4634 2294 4704 aliaque
2322 4635 2409 4689 his
2440 4635 2638 4690 similia
2686 4635 2849 4700 mala,
2882 4639 3030 4689 velut
3073 4634 3257 4693 fumus
3304 4638 3524 4707 quidam

1951 4725 2274 4790 immensus,
2306 4727 2618 4782 universam
2656 4726 2878 4781 domum
2915 4727 3079 4797 hujus
3123 4728 3313 4783 mundi
3346 4730 3524 4799 reple-

1951 4816 2048 4881 vit,
2079 4824 2132 4871 et
2180 4816 2551 4873 habitantibus
2598 4818 2929 4875 intrinsecus
2973 4817 3524 4891 intuendi‘Condito-

1953 4923 2067 4963 rem
2092 4923 2273 4973 suum,
2300 4916 2579 4980 aspectum
2605 4909 2837 4965 liberum
2864 4926 2971 4965 non
3001 4911 3171 4975 dedit,
3201 4927 3378 4983 neque
3400 4927 3521 4983 qua:

1672 5111 1740 5150 ue
1785 5094 1944 5166 codd.
1977 5094 2157 5166 Lipss.
2186 5105 2240 5150 et
2283 5096 2342 5150 in
2374 5097 2698 5166 quibusdam
2732 5098 2873 5151 aliis.
2936 5098 2979 5130 ³⁵
3018 5097 3188 5153 Codd.
3220 5095 3396 5165 Lipss.
3433 5095 3517 5149 his

286 5180 516 5238 pergunt
561 5178 684 5234 cap.
730 5178 845 5234 seq.
897 5168 1184 5223 vocabulis
1210 5183 1224 5219 :
1254 5166 1587 5237 Impossibile
1610 5184 1737 5237 ergo
1770 5164 1833 5221 de
1859 5165 2010 5221 rebus
2034 5164 2249 5233 divinis,
2281 5164 2411 5235 etc.§
2443 5168 2654 5239 reliqua
2687 5168 2902 5223 desunt.

1578 5337 1941 5395 COTELERII
1971 5337 2202 5394 ΝΟΤᾹΖ.

357 5546 468 5616 (15)
526 5548 611 5602 Ea:
659 5549 874 5604 castello
923 5548 1231 5606 Gethonum.
1289 5550 1366 5606 De
1411 5548 1630 5603 nomine
1675 5547 1840 5616 hujus

282 5614 387 5671 vici
411 5614 596 5674 Gnaeo
623 5621 858 5675 diximus
879 5622 941 5674 ad
973 5619 1402 5676 Constitutiones.
1431 5619 1634 5673 Latinae
1658 5614 1837 5672 autem

283 5691 651 5769 expressionis
678 5692 969 5746 varietates
1008 5691 1218 5745 videbis
1247 5692 1337 5744 hic
1356 5732 1371 5755 ,
1400 5699 1456 5744 et
1491 5689 1629 5743 infra
1661 5690 1837 5771 capite

287 5754 337 5817 7,
358 5756 781 5825 ltbrin.Quibus
807 5760 1113 5815 addealiam
1155 5759 1381 5815 Freculfi
1414 5769 1542 5813 tom.
1575 5759 1638 5823 ll,
1673 5760 1764 5813 lib.
1794 5773 1831 5825 l,

285 5796 402 5896 cip',
432 5796 555 5887 ea:
574 5796 1843 5909 ’ὖΐῖιῖἔοῗ“ἷῖἷ‹ιῖὲἰ“ζ“τμέε“ἓὲἓὲἱίιιῗνὸίίὑῖὀ.’ὶῗὸέξ

1908 5583 1914 5589 -
1947 5554 2104 5618 rupt_e
2127 5547 2267 5618 apud
2309 5546 2681 5618 Philastrium,
2732 5548 2785 5600 in
2829 5545 3050 5600 Simone
3083 5564 3097 5601 :
3132 5544 3207 5598 De
3236 5547 3361 5600 villa
3391 5564 3508 5618 qua:

1945 5615 2027 5672 est?
2047 5615 2257 5671 Cit/reus
2290 5620 2534 5671 vocitata.
2560 5617 2728 5672 Porro
2757 5618 2999 5672 scribere
3024 5626 3240 5684 pratslat
3261 5633 3359 5686 per
3383 5615 3506 5673 {vel

1942 5706 1988 5755 e,
2026 5703 2316 5758 quamiper
2339 5705 2407 5757 y;
2445 5696 2498 5743 et
2531 5704 2627 5757 per
2650 5706 2676 5740 ν
2694 5704 2854 5758 quam
2881 5703 2978 5756 per
3008 5705 3064 5742 η.

2013 5758 2133 5833 (14).
2168 5757 2298 5810 Tum
2336 5759 2621 5833 inﬁdelitas
2660 5757 2727 5815 et,
2750 5758 2975 5814 malitia.
3013 5759 3240 5818 Ruﬁnus
3269 5760 3503 5833 legebat,

1943 5828 2189 5902 πονηρία,
2221 5844 2331 5886 non
2362 5831 2601 5902 πορνεία.
