4000 6266
528 326 669 383 1215

1398 314 1458 372 S.
1496 306 1887 368 CLEMENTIS
1916 304 1936 360 1
1972 301 2139 361 ROM.
2178 298 2381 356 PONT.
2418 295 2650 354 OPERA
2686 295 2912 352 DUBIA.

3614 294 3750 350 1216

526 442 578 495 ei
598 443 784 494 essent
809 435 1007 509 placita
1037 427 1527 506 pervidendi.Quid
1558 427 1723 494 igitur
1754 425 1840 480 his
1865 422 1959 493 qui
1983 426 2111 477 sunt
2137 420 2183 479 Α
2209 431 2331 509 qum
2352 415 2417 470 ad
2440 431 2526 470 me
2556 415 2771 509 locutus
2796 419 2902 476 est,
2935 411 2988 509 in
3010 408 3255 509 ordinem
3281 407 3758 509 redigensJihrum

525 530 862 587 intrinsecus
893 525 1147 581 convenit
1161 523 1210 593 η
1232 522 1339 577 nisi
1378 529 1437 575 ut
1467 536 1532 575 ex
1562 518 1766 573 intimis
1790 515 2103 587 praecordiis

528 623 767 677 clamore
798 618 1030 690 prolato,
1060 614 1323 668 auxilium
1364 612 1618 665 invocent
1647 609 1790 677 ejus,
1822 622 1982 678 quem
2014 619 2104 661 so-

528 712 642 778 lum
671 711 865 765 domus
907 707 1057 762 fumo
1090 705 1295 774 repleta
1337 718 1447 757 non
1486 700 1711 763 claudit,
1754 709 1809 752 ut
1839 695 2105 751 accedens

530 803 737 875 aperiat
779 801 1004 871 januam
1033 796 1252 860 domus,
1286 809 1395 864 quo
1442 794 1615 863 possit
1660 790 1841 844 fumus
1886 787 2104 859 quidem

529 895 624 968 qui
651 892 983 947 intrinsecus
1003 888 1255 951 habetur,
1283 884 1521 948 excludi,
1552 884 1643 936 lux
1671 896 1800 936 vero
1827 880 1959 937 solis
1984 892 2106 949 qua:

529 986 880 1043 extrinsecus
912 978 1241 1050 resplendet,
1271 977 1476 1031 induci.

606 1072 748 1129 XVI.
789 1071 947 1127 Hunc
973 1086 1103 1141 ergo
1127 1070 1220 1140 qui
1248 1068 1315 1123 ad
1350 1066 1612 1122 auxilium
1634 1064 1849 1129 domus,
1878 1062 2108 1132 caligine

532 1164 874 1237 ignorantiae,
902 1169 957 1217 et
984 1162 1239 1215 vitiorum
1288 1158 1435 1213 fumo
1480 1158 1717 1227 repletre,
1751 1153 2105 1225 perquiritur,

532 1261 687 1315 illum
730 1272 856 1312 esse
886 1255 1141 1316 dicimus,
1177 1252 1270 1321 qui
1314 1249 1619 1319 appellatur
1662 1262 1824 1302 verus
1871 1244 2106 1316 prophe-

533 1361 591 1407 ta
622 1350 758 1423 (15),
792 1349 885 1419 qui
915 1348 1065 1404 solus
1099 1344 1407 1400 illuminare
1443 1342 1651 1396 animas
1685 1340 1967 1394 hominum
2010 1351 2109 1406 po-

534 1449 663 1505 test,
697 1441 773 1493 ita
808 1449 866 1493 ut
897 1437 1072 1493 oculis
1092 1435 1209 1490 suis
1238 1433 1381 1487 viam
1413 1429 1610 1486 salutis
1637 1428 1917 1483 evidenter
1946 1424 2111 1493 inspi-

537 1530 704 1584 ciant.
733 1527 903 1581 Aliter
932 1525 1078 1580 enim
1107 1520 1444 1592 impossibile
1472 1528 1555 1575 est
1574 1559 1589 1583 ,
1621 1516 1689 1572 de
1718 1518 1881 1572 rebus
1910 1515 2110 1570 divinis

536 1620 863 1688 aeternisque
889 1629 1241 1687 cognoscere,
1272 1613 1378 1667 nisi
1420 1610 1513 1681 qui
1560 1610 1629 1665 ab
1676 1609 1782 1665 isto
1814 1622 1941 1663 vero
1978 1622 2109 1677 pro-

535 1712 697 1781 pheta
728 1708 1004 1771 didicerit;
1042 1706 1231 1778 “quia
1261 1707 1401 1759 sicut
1424 1703 1539 1773 ipse
1568 1701 1731 1772 paulo
1759 1707 1884 1755 ante
1912 1714 2112 1754 memoo

2204 507 2272 561 de
2302 522 2431 561 vero
2473 506 2730 577 propheta
2762 504 3090 573 conscripsi,
3126 516 3364 571 eumque
3394 501 3463 555 de
3491 501 3757 567 Caesarea,

2207 599 2274 653 ad
2305 608 2377 662 te,
2414 600 2533 669 ipso
2566 598 2811 667 iubente,
2841 595 3145 651 transmisi.
3179 593 3403 647 Dicebat
3431 592 3574 646 enim
3616 609 3765 648 man-

2204 693 2391 748 datum
2429 706 2487 747 se
2518 689 2797 759 accepisse
2838 690 2935 743 abs
2975 698 3047 752 te,
3080 694 3141 741 ut
3167 701 3263 756 per
3289 684 3535 754 singulos
3570 698 3755 751 annos,

2205 787 2251 839 si
2283 798 2390 853 qua
2432 789 2618 837 essent
2656 796 2687 834 a
2730 795 2789 835 se
2829 779 2975 834 dicta
3005 786 3286 850 gestaque,
3321 776 3388 829 ad
3421 784 3471 829 te
3499 774 3765 847 descripta

2203 874 2600 929 transmitteret
2619 870 2685 925 ‘7.
2722 869 2933 925 Interea
2964 870 3121 925 initio
3158 866 3429 925 sermonis
3474 866 3582 929 sui,
3614 883 3765 937 quem

2208 964 2382 1034 prima
2415 962 2502 1017 die
2531 962 2720 1016 habuit
2750 961 2817 1015 ad
2840 977 2926 1016 me
2948 961 3016 1015 de
3046 976 3174 1015 vero
3197 958 3461 1029 propheta
3489 964 3543 1012 et
3564 956 3630 1015 de
3652 960 3766 1017 aliis

2207 1054 2479 1125 plurimis,
2512 1068 2635 1108 cum
2671 1068 2757 1107 me
2784 1052 3138 1108 instruxisset
3175 1050 3491 1122 plenissime
3516 1090 3532 1115 ,
3573 1052 3769 1107 addidit

2208 1148 2373 1202 etiam
2410 1147 2526 1201 haec
2554 1161 2567 1198 ε
2600 1143 2768 1208 Vide,
2821 1144 3029 1215 inquit,
3062 1146 3129 1200 de
3158 1145 3388 1215 reliquo,
3419 1154 3474 1201 et
3519 1146 3769 1201 interesto

2211 1238 2533 1292 tractatibus
2568 1237 2705 1292 meis
2732 1254 2748 1303 ;
2788 1252 2950 1306 quos,
2975 1237 3021 1291 si
3051 1237 3271 1307 quando
3301 1239 3602 1293 necessitas
3631 1245 3768 1291 attu-

2210 1331 2354 1394 lerit,
2388 1330 2599 1385 habebo
2636 1344 2761 1385 cum
2794 1330 2881 1385 his
2928 1330 3022 1399 qui
3068 1330 3485 1398 contradicunt;
3520 1330 3772 1385 adversus

2210 1436 2351 1492 quos
2382 1408 2699 1491 disputans,
2725 1421 2890 1476 etiam
2916 1422 2963 1477 si
2994 1420 3133 1477 forte
3164 1422 3391 1487 inferior
3417 1422 3572 1479 visus
3603 1422 3767 1489 fuero,

2210 1527 2322 1568 non
2351 1513 2599 1577 verebor,
2633 1528 2702 1568 ne
2727 1512 2866 1567 forte
2890 1518 2947 1566 tu
2978 1511 3045 1567 de
3068 1512 3177 1576 his,
3204 1528 3326 1582 quae
3350 1512 3445 1566 tibi
3479 1526 3511 1565 a
3542 1527 3627 1566 me
3654 1520 3772 1566 sunt

2210 1605 2434 1671 tradita,
2471 1605 2527 1659 in
2553 1604 2780 1659 dubium
2819 1611 3032 1671 venias,
3076 1606 3205 1675 quia
3235 1605 3448 1661 etiamsi
3488 1620 3591 1676 ego
3633 1605 3772 1659 visus

2214 1697 2369 1753 fuero
2399 1697 2670 1768 superari,
2700 1712 2809 1751 non
2843 1705 3023 1753 tamen
3058 1698 3263 1752 idcirco
3293 1705 3347 1752 et
3368 1713 3453 1761 ea,
3482 1713 3606 1767 qua:
3626 1696 3775 1750 nobis

535 1802 721 1866 rabas,
755 1799 886 1855 ﬁdes
915 1813 1094 1854 rerum
1126 1810 1530 1865 causarumque
1566 1792 1870 1853 sententia,
1900 1806 1999 1861 pro
2030 1790 2115 1845 in-
2142 1788 2187 1845 Β
2216 1806 2377 1847 verus
2405 1790 2670 1861 propheta
2712 1790 2954 1854 tradidit,
2978 1789 3192 1844 inﬁrma
3223 1789 3575 1845 videbuntur.
3616 1787 3773 1859 Spero

536 1893 711 1965 geniis
763 1893 936 1963 magis
988 1887 1397 1945 defendentium
1441 1886 1835 1957 ponderantur.
1870 1881 2025 1938 Unde
2060 1888 2114 1937 et

538 1986 728 2042 eadem
757 1999 925 2039 causa
974 1996 1121 2036 nunc
1165 1981 1315 2050 justa
1338 2019 1352 2040 .
1386 1994 1532 2033 nunc
1562 1985 1783 2047 putatur
1810 1975 2035 2046 injusta,
2062 1983 2117 2031 ct

538 2076 685 2147 quod
737 2074 900 2129 modo
946 2089 1137 2128 verum
1187 2072 1493 2135 videbatur,
1545 2072 1770 2124 alterius
1815 2070 2116 2125 assertione

540 2167 741 2221 falsum
770 2165 1003 2219 videtur.
1035 2165 1142 2219 lsta
1172 2163 1239 2219 de
1288 2177 1454 2217 causa
1490 2161 1767 2231 religionis
1816 2176 1880 2215 ac
1942 2161 2117 2231 pieta-

540 2261 613 2317 tis
665 2258 798 2315 ﬁdes
845 2259 959 2314 veri
1013 2256 1289 2328 propheta:
1332 2256 1681 2327 praesentiam
1708 2254 2024 2326 postulavit,
2056 2260 2116 2307 ut

539 2352 657 2421 ipse
684 2350 843 2406 nobis
869 2347 1070 2403 diceret
1098 2348 1165 2403 de
1198 2346 1449 2418 singulis,
1480 2353 1640 2416 prout
1666 2361 1725 2401 se
1759 2346 1876 2415 ipsa
1914 2345 2116 2400 veritas

539 2442 729 2505 habet,
798 2450 853 2496 et
898 2440 1121 2495 doceret
1161 2436 1433 2510 quomodo
1479 2444 1726 2508 oporteat
1772 2436 1840 2492 de
1886 2436 2116 2507 singulis

539 2533 710 2589 credi.
737 2532 803 2586 Et
848 2533 972 2588 ideo
1022 2538 1149 2587 ante
1193 2531 1377 2586 omnia
1423 2530 1580 2585 ﬁdem
1629 2530 1927 2601 prepbetze,
1969 2529 2117 2584 omni

540 2641 673 2681 cum
688 2626 1092 2681 examinatione
1111 2633 1326 2695 oportet
1344 2626 1584 2697 probari;
1604 2640 1764 2695 quem
1782 2640 1905 2678 cum
1922 2638 2118 2693 cogno-

541 2718 684 2775 veris
716 2732 842 2774 vere
871 2732 992 2773 esse
1020 2718 1365 2788 prephetam,
1384 2718 1451 2772 de
1475 2717 1685 2787 reliquo
1707 2724 1903 2770 cuncta
1922 2715 1972 2770 ei
1998 2730 2117 2770 cre-

540 2809 638 2865 das
673 2816 906 2878 oportet,
946 2823 1048 2873 nec
1079 2809 1220 2862 ultra
1267 2809 1540 2864 discutere
1588 2824 1713 2864 eum
1761 2823 1856 2878 per
1904 2807 2117 2877 singula

540 2915 662 2973 qua:
682 2899 949 2963 docuerit,
977 2899 1071 2955 sed
1101 2900 1301 2956 habere
1335 2899 1488 2953 ﬁrma
1518 2908 1570 2953 et
1602 2906 1793 2954 sancta
1819 2913 1940 2968 quae
1963 2898 2115 2960 dicit,

543 3007 777 3065 qumque
811 2991 1061 3063 quamvis
1092 2989 1193 3046 ﬁde
1220 2989 1425 3059 suscipi
1453 2988 1758 3049 videantur,
1806 2986 2118 3042 antehabita

542 3094 726 3141 tamen
776 3082 1099 3156 probatione
1146 3081 1462 3136 creduntur.
1500 3079 1637 3133 Cum
1681 3080 1825 3135 enim
1853 3079 2019 3133 semel
2050 3094 2116 3135 ex

543 3178 699 3233 initio
728 3139 1007 3246 propheta:
1041 3174 1244 3228 veritas
1273 3172 1579 3226 examinata
1622 3170 1944 3235 constiterit,
1991 3171 2119 3225 relic
2145 3139 2190 3201 Ο

543 3285 653 3341 qua
685 3268 902 3323 demum
927 3265 1030 3320 ﬁde
1045 3264 1314 3319 audienda
1340 3269 1468 3318 sunt
1499 3271 1553 3317 et
1580 3262 1832 3325 tenenda,
1863 3277 1969 3332 qua
1990 3277 2114 3319 eum

543 3360 825 3415 doctorem
845 3356 1090 3412 veritatis
1114 3370 1233 3410 esse
1256 3355 1369 3424 jam
1396 3360 1629 3409 constat.
1657 3353 1721 3407 Et
1744 3355 1885 3409 sicut
1905 3363 2114 3410 certum

543 3458 649 3514 est,
680 3456 879 3503 cuncta
908 3446 1206 3502 secundum
1228 3445 1470 3500 veritatis
1495 3446 1733 3515 regulam
1756 3447 1926 3500 teneri
1953 3461 2115 3515 opor-

546 3551 682 3605 tere,
715 3557 835 3612 qua:
867 3540 932 3595 ad
964 3539 1202 3593 divinam
1232 3538 1513 3593 scientiam
1544 3545 1813 3607 spectant,
1846 3538 1921 3591 ita
1949 3538 2113 3593 indu-

548 3636 776 3691 bitatum
802 3638 907 3696 est,
931 3646 961 3683 a
991 3630 1141 3684 nullo
1172 3630 1279 3685 alio
1308 3630 1414 3684 nisi
1444 3629 1513 3684 ab
1538 3629 1656 3699 ipso
1688 3630 1807 3684 solo
1836 3629 1961 3684 sciri
1992 3645 2117 3700 pos-

547 3746 626 3796 se,
656 3726 799 3797 quod
831 3740 1021 3781 verum
1052 3734 1155 3779 est.

618 3816 778 3873 XVII.
814 3817 878 3870 Et
909 3816 994 3871 his
1022 3815 1206 3883 dictis,
1231 3822 1341 3868 tam
1376 3814 1507 3868 mihi
1536 3821 1721 3885 aperte
1742 3820 1795 3868 et
1828 3823 1935 3867 tam
1968 3813 2118 3868 dilu-

546 3909 689 3973 cide,
715 3908 840 3978 quis
870 3907 971 3961 iste
1008 3911 1154 3961 esset
1186 3904 1479 3974 propheta,
1515 3910 1570 3957 et
1605 3900 1877 3973 quomodo
1908 3901 2119 3957 inveni-

547 4008 718 4065 retur,
751 3998 1025 4069 exposuit,
1056 4004 1115 4050 ut
1136 4011 1236 4066 ego
1266 3994 1396 4047 mihi
1434 4001 1559 4048 ante
1588 3994 1777 4048 oculos
1819 3992 2039 4058 habere,
2064 4000 2118 4049 et

548 4110 712 4150 manu
772 4098 1117 4147 contrectare
1162 4088 1376 4143 viderer
1432 4088 1812 4158 probationes,
1860 4101 1998 4157 quas
2050 4087 2118 4142 de

549 4188 869 4261 prophetica
899 4186 1126 4241 veritate
1170 4182 1496 4254 protulerat,
1543 4182 1859 4253 ingentique
1898 4191 2119 4252 stupore

548 4281 832 4352 deﬁgerer,
864 4276 1136 4349 quomodo
1175 4291 1238 4331 ea
1272 4290 1392 4345 qua:
1429 4290 1620 4330 omnes
1656 4282 1942 4345 qumrunt,
1989 4282 2117 4332 ante

550 4374 739 4427 oculos
786 4371 965 4442 posita
999 4369 1182 4425 nullus
1219 4367 1385 4424 videt.
1438 4365 1596 4424 Unde
1637 4367 1865 4437 jubente
1910 4382 1998 4434 eo,
2055 4382 2117 4424 ea

2215 1889 2399 1939 tamen
2431 1881 2577 1952 quod
2612 1896 2714 1936 nec
2760 1882 2817 1935 in
2859 1880 3323 1952 disputationibus
3364 1896 3706 1951 superemur,
3732 1880 3776 1934 si

2213 1974 2376 2029 modo
2416 1973 2770 2028 rationabiles
2801 1973 2911 2028 sint
2941 1973 3217 2027 auditores
3240 1980 3293 2027 et
3318 1972 3481 2027 amici
3513 1970 3771 2033 veritatis,

2213 2066 2308 2138 qui
2336 2065 2650 2121 discernere
2680 2067 2897 2121 valeant
2925 2066 3034 2121 vim
3083 2066 3427 2135 speciemque
3469 2065 3775 2129 verborum,

2213 2168 2268 2215 et
2299 2174 2594 2231 agnoscere
2633 2158 2727 2229 qui
2782 2174 2963 2213 sermo
2998 2174 3063 2213 ex
3091 2166 3218 2212 arte.
3237 2157 3536 2227 sophistica
3586 2156 3772 2219 veniat,

2214 2266 2325 2305 non
2359 2250 2643 2305 veritatem
2677 2252 2991 2315 continens,
3037 2251 3132 2305 sed
3174 2250 3467 2321 imaginem
3513 2248 3771 2309 veritatis,

2213 2350 2268 2398 et
2299 2342 2392 2413 qui
2439 2343 2510 2398 sit
2549 2343 2641 2413 qui
2688 2342 3011 2413 simpliciter
3069 2358 3133 2396 ac
3180 2342 3301 2397 sine
3342 2342 3467 2396 fuco
3505 2341 3774 2413 prolatus,

2215 2450 2433 2491 omnem
2454 2435 2563 2490 vim
2596 2449 2705 2489 non
2735 2435 2790 2489 in
2818 2434 3001 2504 specie
3024 2441 3078 2489 et
3101 2442 3317 2497 ornatu,
3351 2433 3445 2488 sed
3474 2434 3530 2487 in
3564 2433 3776 2488 veritate

2217 2535 2271 2583 et
2302 2527 2520 2582 ratione
2541 2527 2841 2597 possideat.

2290 2618 2477 2674 XVIII.
2518 2618 2600 2673 Ad
2641 2618 2756 2673 haec
2800 2634 2939 2689 ego:
2969 2615 3356 2687 Omnipotenti,
3389 2616 3651 2686 inquam,
3687 2615 3779 2670 Deo

2219 2712 2427 2782 gratias
2457 2726 2580 2782 ago,
2603 2711 2731 2780 quia
2754 2718 2813 2763 ut
2833 2708 3157 2771 desideravi,
3186 2707 3488 2762 instructus
3508 2723 3657 2762 sum.
3694 2705 3777 2761 Ve-

2219 2810 2527 2857 rumtamen
2574 2802 2641 2857 de
2680 2817 2765 2855 me
2816 2801 2869 2854 in
2919 2809 3129 2855 tantum
3176 2816 3298 2857 esse
3331 2801 3496 2856 debes
3539 2817 3775 2863 securus,

2218 2894 2365 2965 quod
2388 2894 2454 2948 de
2475 2894 2560 2948 his
2586 2909 2706 2963 quae
2731 2894 2894 2947 didici
2920 2895 3018 2948 abs
3042 2904 3115 2957 te,
3142 2895 3195 2948 in
3217 2894 3441 2949 dubium
3471 2898 3658 2953 venire
3681 2913 3776 2951 non

2219 2986 2451 3054 possim,
2486 2994 2546 3039 ut
2578 2987 2623 3041 si
2649 2996 2704 3039 tu
2730 2985 2845 3055 ipse
2875 2986 3009 3040 velis
3040 2986 3334 3057 aliquando
3364 2988 3524 3043 ﬁdem
3558 3005 3723 3044 meam
3751 3003 3779 3041 τι

2220 3091 2350 3131 vero
2400 3076 2663 3146 propheta
2697 3075 2997 3133 transferre
3018 3118 3033 3140 .
3062 3080 3284 3135 omnino
3319 3095 3427 3134 non
3458 3081 3673 3150 possis;
3714 3082 3777 3134 ita

2221 3169 2384 3242 pleno
2411 3169 2609 3240 spiritu
2644 3169 2834 3233 hausi,
2866 3184 2986 3239 quae
3023 3171 3321 3228 tradidisti.
3370 3170 3436 3225 Et
3470 3187 3540 3227 ne
3572 3180 3720 3242 putes
3740 3170 3777 3200 "

2222 3278 2482 3334 magnum
2516 3263 2611 3317 tibi
2654 3278 2739 3318 me
2768 3262 2972 3331 aliquid
3003 3261 3270 3332 polliceri,
3302 3262 3444 3332 quod
3474 3263 3544 3317 ab
3568 3264 3669 3318 hac
3687 3262 3775 3316 ﬁde

2222 3371 2412 3425 negem
2454 3370 2539 3410 me
2578 3370 2739 3425 posse
2772 3355 3095 3419 transferri,
3128 3364 3337 3409 certum
3378 3362 3463 3409 est
3506 3353 3647 3424 apud
3680 3369 3772 3417 me,

2221 3449 2348 3519 quia
2388 3449 2704 3518 quicunque
2744 3447 3024 3502 hominum
3073 3448 3213 3501 hanc
3254 3447 3321 3502 de
3360 3463 3490 3501 vero
3532 3447 3775 3517 propheta

2221 3540 2494 3610 acceperit
2525 3539 2815 3603 rationem,
2840 3540 3090 3594 dubitare
3115 3540 3255 3593 ultra
3282 3540 3347 3594 de
3369 3540 3597 3596 veritate
3618 3540 3774 3594 nulla-

2222 3638 2383 3687 tenus
2405 3634 2623 3701 poterit.
2648 3631 2712 3686 Et
2732 3632 2853 3687 ideo
2880 3632 3095 3686 conﬁdo
3119 3632 3183 3687 de
3205 3632 3307 3686 hoc
3331 3632 3522 3687 divino
3544 3633 3777 3701 dogmate

2224 3724 2441 3779 coalitus
2473 3723 2714 3787 delinito,
2743 3724 2800 3777 in
2829 3739 2937 3793 quo
2973 3723 3151 3778 omnis
3188 3738 3278 3779 ars
3308 3724 3533 3780 malitia:
3563 3737 3770 3793 supera-

2223 3823 2331 3869 tur.
2389 3815 2666 3871 Adversus
2713 3814 3051 3886 prophetiam
3093 3816 3292 3871 etenim
3333 3833 3516 3887 neque
3555 3832 3640 3872 ars
3678 3815 3773 3870 ulla

2224 3918 2372 3962 Stare
2402 3908 2651 3969 suﬁiciet,
2685 3922 2861 3976 neque
2888 3906 3285 3976 sophismatum
3325 3908 3771 3979 syllogismorum-

2223 4015 2330 4069 quc
2350 4000 2621 4055 versuti-az.
2658 3998 2765 4053 Sed
2796 4001 2976 4054 omnis
3005 4000 3099 4070 qui
3129 3999 3363 4054 audierit
3393 4001 3461 4057 de
3498 4016 3625 4056 vero
3662 4012 3769 4067 pro-

2224 4090 2405 4162 pheta,
2428 4106 2653 4145 necesse
2672 4097 2755 4145 est
2776 4097 2834 4143 ut
2857 4092 3038 4145 statim
3063 4090 3392 4145 desiderium
3420 4092 3602 4161 capiat
3620 4088 3771 4159 ipsius

2222 4183 2468 4238 veritatis
2493 4222 2507 4246 ,
2547 4197 2649 4238 nec
2694 4184 2835 4237 ultra
2868 4183 2970 4239 sub
3010 4184 3301 4239 occasione
3333 4184 3449 4238 veri
3478 4179 3767 4255 quirendi,

2222 4274 2470 4330 diversos
2499 4275 2736 4345 patietur
2757 4290 2990 4330 errores.
3009 4274 3239 4345 Propter
3258 4275 3423 4347 quod,
3453 4274 3663 4330 domine
3685 4269 3766 4332 uti,

2224 4383 2258 4424 ο
2299 4367 2493 4434 Petre,
2524 4367 2650 4423 nolo
2681 4368 2758 4423 sis
2792 4369 2935 4423 ultra
2979 4369 3267 4433 sollicitus,
3302 4377 3562 4440 tanquam
3608 4365 3669 4420 de
3711 4375 3766 4415 eo

625 4505 668 4535 ⁶⁶
692 4503 823 4570 Quae
848 4511 1153 4573 sequuntur
1175 4516 1349 4575 usque
1378 4501 1445 4555 ad
1475 4502 1636 4557 ﬁnem
1662 4502 1827 4573 hujus
1854 4518 1999 4575 cap..
2023 4504 2222 4560 desunt
2254 4505 2308 4558 in
2340 4513 2573 4573 utroque
2600 4505 2761 4560 codd.
2794 4504 2974 4575 Lipss.
3018 4506 3061 4538 ⁸⁷
3084 4504 3390 4560 Vocabula:
3420 4503 3564 4560 Unde
3578 4502 3765 4573 jubentt

548 4590 705 4645 80¢—
736 4572 1111 4645 transmitteret
1163 4588 1273 4627 nou
1336 4572 1592 4643 leguntur
1640 4575 1695 4629 in
1740 4572 1903 4630 Codd.
1936 4574 2115 4645 Lipss.

552 4643 715 4701 codd.
753 4643 811 4697 Li
819 4660 935 4715 pss.

2229 4576 2274 4607 “
2346 4575 2415 4630 Et
2479 4593 2542 4633 ue
2591 4586 2739 4646 putes
2780 4609 2846 4617 —
2882 4577 3143 4646 perveniat
3200 4576 3398 4632 desunt
3451 4576 3506 4631 in
3560 4583 3767 4638 utroque

1844 4798 2207 4855 COTELERII
2258 4797 2486 4855 NOT/E.

625 4931 737 5002 (15)
778 4930 882 4997 Qui
902 4930 1199 5002 appellatur
1224 4947 1372 4985 verus
1402 4932 1669 5002 propheta.
1690 4931 1919 4986 Locutio
1954 4948 2117 4986 usur-
2146 4937 2190 4992 D
2219 4931 2418 4987 Graecae
2441 4932 2714 5001 Epitomes
2754 4935 2857 4989 ista
2889 4936 3073 4989 omisit
3092 4976 3105 4998 ,
3129 4934 3407 4990 Catholica
3428 4948 3556 4989 vero
3580 4926 3759 5002 substi-

554 5012 681 5076 pata
721 5001 940 5076 quidem
979 5003 1046 5054 ab
1076 5001 1367 5076 Ambrosio
1397 5001 1451 5076 in_
1481 5002 1676 5076 ps_alm.
1703 5018 1892 5076 cxvnt,
1934 5002 2022 5076 6'53,
2060 5012 2114 5056 et

556 5070 624 5127 ab
645 5070 865 5127 auctore
892 5070 1399 5125 Commentariorum
1432 5074 1486 5124 in
1520 5071 1940 5135 Lamentationes
1968 5072 2118 5127 Jere-

554 5145 676 5197 mia:
702 5141 844 5213 apud
864 5141 1251 5213 Hieronymum
1279 5144 1345 5196 ad
1371 5159 1429 5206 ll,
1455 5142 1509 5207 9,
1534 5144 1748 5198 merito.
1785 5141 1983 5198 Verum
2016 5159 2118 5213 suo

558 5212 744 5284 specta
774 5213 830 5284 in
862 5213 948 5267 his
978 5212 1223 5284 libris,in
1251 5214 1481 5283 epistola
1508 5214 1578 5284 ad
1604 5213 1885 5278 Jacobum,
1919 5214 1973 5267 in
2000 5212 2122 5268 Cle-

554 5282 837 5346 mentinis,
868 5290 928 5337 ut
951 5293 1003 5337 et
1034 5282 1320 5351 Propheta,
1358 5291 1521 5352 atque
1554 5282 1815 5352 Propheta
1843 5285 2119 5348 veritatis;

553 5354 682 5423 quia
716 5360 863 5423 teste
894 5352 1226 5423 Epiphanio,
1258 5354 1448 5409 haeresi
1481 5355 1571 5417 50,
1602 5352 1835 5407 Ebionzei
1868 5353 2126 5408 Periodo-

552 5422 677 5477 rum
707 5422 850 5478 Petri
876 5422 1337 5478 Clementinarum
1376 5425 1809 5495 interpolatores,
1834 5424 2115 5479 Christum

593 5495 894 5562 rophetam,
927 5501 981 5549 et
1024 5495 1341 5565 prophetam
1382 5495 1627 5549 veritatis
1665 5495 1937 5563 appellare
1979 5495 2122 5550 sole-

630 5565 910 5635 ntLquasi
934 5581 1142 5635 lucrum
1175 5565 1480 5630 hominem;
1510 5566 1665 5633 juxta
1694 5565 2121 5635 argumentatio-

557 5646 681 5685 nem
730 5633 1027 5705 Theodoti,
1076 5638 1131 5689 in
1181 5635 1370 5705 eodem
1417 5635 1718 5705 Epiphanio
1766 5633 1957 5689 IItBI‘CSI
2007 5635 2115 5699 54,

558 5716 709 5779 num,
734 5704 788 5765 '5,
809 5702 1139 5779 llehrteique
1165 5706 1219 5759 in
1243 5704 1293 5757 Ν
1298 5705 1398 5779 ilo,
1423 5702 1761 5779 ιιὶιξιερρὶειΣ
1774 5705 1907 5779 -127,
1930 5712 1987 5757 et
2009 5706 2123 5774 opi-

560 5772 775 5826 nionem
808 5772 1137 5829 Esscuorutn
1170 5775 1313 5841 apud
1342 5772 1711 5830 Philastriutn.
1742 5774 1898 5831 Unde
1929 5772 2121 5831 auct—or

2219 5003 2342 5076 tuit.
2369 5004 2546 5076 Atque
2586 5020 2654 5076 ex
2698 5005 2817 5059 istis
2856 5006 3152 5076 castigabis
3186 5021 3452 5076 errorem,
3486 5003 3755 5076 εθιιᾴροιὶιυξ

2221 5069 2585 5144 ignorantiam
2624 5074 2725 5129 hac
2763 5076 2817 5130 in
2854 5069 3039 5144 parte',
3081 5075 3301 5131 Davidis
3344 5069 3633 5144 Blondelli}
3661 5069 3758 5144 viri

2221 5139 2357 5199 alias
2387 5143 2711 5208 doctissimi,
2738 5147 2792 5199 in
2834 5139 3238 5215 Prolegomenis
3273 5145 3340 5200 ad
3378 5139 3759 5215 pseudo-Isido-

2222 5230 2365 5281 rum,
2390 5230 2510 5283 cap.
2544 5215 2629 5277 Η,
2656 5216 2819 5286 p._56.
2851 5209 3093 5286 Denique
3122 5209 3438 5286 hucifacere
3470 5215 3669 5269 videtur
3688 5209 3757 5286 l9-

2224 5299 2331 5371 ctts
2352 5276 2896 5371 'cor'ruptugs'dsidori
2931 5276 3180 5371 lihjlvtn.
3219 5285 3515 5371 Originum,
3561 5276 3755 5371 capi:

2229 5354 2489 5408 Ebionitw
2512 5354 2779 5427 Christum
2796 5373 2885 5426 per
2904 5357 3207 5425 prophetam
3234 5354 3428 5421 solum,
3453 5369 3641 5427 rerum.
3675 5354 3756 5427 λιι·

2223 5435 2362 5479 stum
2388 5435 2577 5495 putant
2602 5423 3244 5495 effectumgnisidoceret
3266 5427 3505 5481 Historia
3539 5423 3763 5478 ecclesiae

2221 5496 2355 5568 stica
2377 5512 2407 5548 a
2443 5494 2640 5568 Ruﬁno
2668 5512 2845 5561 versa,
2864 5494 2965 5568 legi
2994 5499 3219 5561 debere,
3253 5495 3519 5551 Christum
3547 5508 3631 5561 per
3652 5504 3756 5568 ρι’οέ

2219 5565 2412 5637 fectum
2452 5566 2650 5632 solum,
2692 5568 2862 5620 virum
2893 5565 3099 5636 justum
3136 5576 3324 5637 putant
3366 5568 3625 5636 e/fettum.
3664 5567 3759 5637 (Ιμο

2220 5628 2383 5708 modo
2412 5638 2574 5708 etiam
2617 5628 2838 5708 quidam
2864 5628 3095 5708 Aveteres
3136 5628 3259 5692 libri
3301 5628 3440 5694 mss.
3477 5628 3753 5708 appetit?“

2221 5704 2460 5779 Epistula
2494 5700 2738 5772 Lentuli;
2767 5708 2821 5760 in
2851 5705 3388 5779 Orthodoxographis
3426 5723 3440 5761 :
3469 5700 3555 5779 qui
3578 5700 3749 5757 dicitur

2224 5792 2255 5829 a
2287 5776 2520 5845 gentibus
2552 5782 2799 5847 propheta
2824 5779 3079 5833 veritatis.

3606 5000 3761 5071 potius
