4000 6266
307 376 444 432 4217

1561 368 2129 429 RECOGNITIONUM
2170 369 2297 425 LIB.
2332 371 2371 426 1.

3342 424 3343 431 η
3426 362 3564 420 HIS

301 491 396 562 qui
437 488 649 545 nesciat
688 488 817 559 quid
850 486 1151 556 acceperit,
1216 486 1283 553 etj
1310 498 1572 556 quantum
1602 488 1705 543 sibi
1733 500 1884 543 com-
1910 489 1960 546 Α
1988 493 2043 540 et
2074 499 2105 539 a
2131 500 2262 555 quo,
2287 492 2340 540 et
2366 500 2464 556 per
2490 500 2652 556 quem
2684 484 2768 541 vel
2802 489 3025 556 propter
3051 496 3244 553 quem;
3279 489 3465 538 utrum
3495 482 3565 538 ab

302 584 536 638 missum
574 582 646 637 sit
676 579 955 646 muneris;
999 585 1187 634 certus
1231 586 1383 648 esto,
1418 580 1565 651 quod
1602 580 1797 636 scienti
1829 587 1885 635 et

303 674 629 746 intelligenti
670 672 901 742 gratiam
954 671 1271 735 contulisti,
1312 687 1414 726 nec
1459 671 1618 728 facile
1657 686 1883 742 possum

298 767 508 839 decipi,
544 780 644 837 pro
674 779 740 820 eo
780 763 958 834 quod,
1001 779 1124 835 quae
1171 764 1264 819 diu
1312 765 1730 830 desiderabam,
1772 766 1885 821 cito

298 861 487 916 videor
518 858 772 928 adeptus.
805 855 995 912 Potest
1041 858 1192 912 enim
1233 858 1351 912 ﬁeri
1384 866 1445 913 ut
1478 858 1620 914 alius
1665 858 1885 914 deside-

296 969 426 1008 rans
455 952 566 1006 cito
600 949 963 1021 adipiscatur,
987 949 1129 1006 alius
1162 966 1266 1007 nec
1296 950 1454 1007 tarde
1482 950 1551 1006 ad
1573 951 1884 1008 desiderata

293 1044 607 1115 perveniat.

366 1133 507 1189 XIX.
549 1134 616 1189 Et
657 1133 888 1201 Petrus,
927 1132 1017 1190 his
1047 1149 1077 1189 a
1106 1150 1193 1192 me
1224 1136 1429 1193 auditis
1458 1154 1472 1191 :
1512 1135 1728 1193 Gratias
1759 1152 1881 1209 ago,

291 1227 505 1298 inquit,
544 1225 658 1281 Deo
703 1241 847 1293 meo,
878 1235 932 1282 et
963 1242 1061 1298 pro
1095 1228 1273 1284 salute
1302 1236 1426 1293 tua,
1456 1236 1509 1284 et
1550 1244 1649 1300 pro
1695 1231 1885 1300 requie

292 1334 449 1387 mea;
483 1318 641 1374 valde
675 1319 821 1373 enim
851 1319 1117 1387 delector,
1168 1322 1295 1391 quia
1336 1321 1675 1378 intellexisse
1711 1331 1764 1377 te
1801 1323 1885 1377 vi-

291 1411 420 1475 deo,
466 1420 673 1483 quanta
707 1411 780 1467 sit
810 1414 1037 1469 virtutis
1083 1415 1418 1485 prophetiae
1448 1414 1786 1487 magnitudo,
1829 1422 1883 1471 et

293 1505 426 1576 quia
452 1546 467 1567 ,
506 1513 567 1559 ut
605 1506 688 1561 ais
708 1545 723 1570 ,
758 1521 859 1562 nec
882 1507 929 1562 si
960 1523 1060 1578 ego
1087 1509 1203 1578 ipse
1224 1508 1440 1579 cupiam
1463 1550 1478 1575 ,
1519 1508 1665 1579 quod
1701 1509 1878 1565 absit!

295 1604 490 1667 potero
530 1605 583 1653 te
611 1605 985 1655 transvertere
1017 1600 1072 1654 in
1106 1602 1269 1654 aliam
1313 1600 1488 1656 ﬁdem.
1527 1600 1608 1655 Ex
1644 1601 1745 1656 hoc
1764 1601 1879 1670 jam

295 1691 481 1761 incipe
530 1706 655 1747 esse
702 1691 1025 1758 nobiscum,
1076 1700 1131 1749 et
1184 1694 1430 1749 crastina
1478 1693 1567 1749 die
1614 1694 1880 1750 interesto

294 1782 771 1854 disputationibus
803 1786 1050 1854 nostris;
1083 1787 1189 1842 erit
1234 1787 1381 1842 enim
1430 1788 1565 1842 mihi
1598 1796 1878 1844 certamen

294 1894 425 1933 cum
459 1876 683 1934 Simone
708 1877 884 1949 Mago.
917 1878 1164 1950 Cumque
1195 1880 1310 1936 haec
1338 1880 1591 1947 dixisset,
1624 1882 1872 1950 secessit,

294 1982 357 2028 ut
389 1973 572 2028 cibum
595 1980 813 2045 caperet
838 1988 963 2028 cum
993 1974 1110 2029 suis
1135 1972 1273 2044 (l6),
1307 1988 1394 2028 me
1418 1980 1600 2029 autem
1627 1990 1877 2031 seorsum

291 2066 446 2121 vesci
475 2064 663 2136 jussit.
714 2064 782 2119 Et
828 2074 953 2135 post
991 2064 1176 2120 cibum
1216 2081 1340 2119 cum
1388 2065 1604 2121 laudem
1636 2067 1880 2124 dedisset

293 2156 408 2212 Deo
439 2165 492 2213 et
517 2158 722 2228 gratias
752 2157 976 2229 egisset,
1009 2157 1172 2212 etiam
1202 2157 1368 2229 hujus
1391 2158 1563 2228 ipsius
1591 2158 1717 2213 facti
1745 2160 1879 2216 mihi

294 2247 537 2302 reddidit
567 2249 859 2315 rationem,
890 2256 945 2304 et
976 2249 1206 2314 addidit,
1239 2249 1472 2319 dicens:
1512 2251 1611 2307 Det
1638 2252 1739 2307 tibi
1768 2251 1878 2308 Do-

292 2339 479 2395 minus
528 2342 805 2410 exmquari
852 2342 1012 2398 nobis
1058 2342 1116 2397 in
1166 2344 1465 2410 omnibus,
1516 2352 1576 2399 ut
1622 2355 1879 2417 percepto

288 2430 621 2501 baptismate
651 2434 833 2504 possis
873 2433 940 2489 ad
984 2435 1229 2490 eamdem
1260 2436 1549 2491 nobiscum
1581 2440 1879 2496 convenire

290 2538 563 2578 mensam.
604 2524 669 2579 Et
703 2525 789 2581 his
831 2526 1032 2592 dictis,
1064 2528 1351 2598 quiescere
1390 2546 1477 2585 me
1518 2531 1716 2601 jussit;
1761 2532 1877 2602 jam

288 2616 439 2670 enim
474 2616 541 2670 ad
584 2632 837 2672 somnum
863 2626 917 2674 et
945 2628 1143 2675 natura
1172 2623 1443 2694 corporis,
1475 2632 1529 2679 et
1558 2624 1701 2678 ratio
1732 2631 1875 2679 tem-

290 2708 454 2777 poris
487 2709 775 2766 invitabat.

358 2798 484 2856 XX.
524 2801 753 2857 Postera
788 2820 918 2860 vero
946 2806 1034 2862 die
1064 2808 1369 2863 matutinus
1391 2808 1455 2863 ad
1480 2824 1580 2865 nos
1614 2810 1882 2880 ingredie-

283 2892 457 2947 batur
478 2892 793 2965 Zacchaeus,
817 2905 872 2951 et
902 2914 1028 2954 cum
1063 2900 1377 2965 salutasset,
1404 2901 1480 2956 ait
1510 2903 1577 2956 ad
1606 2902 1829 2958 Petrum
1858 2922 1871 2958 ε

285 2988 483 3043 Dilfert
514 2986 703 3044 Simon
732 2992 1049 3049 certaminis
1086 2992 1230 3048 diem
1263 2994 1319 3048 in
1346 2994 1690 3049 undecimam
1723 3012 1877 3052 men-

285 3082 368 3137 sis
427 3081 752 3151 prazsentis,
807 3100 929 3153 quae
984 3093 1071 3140 est
1123 3097 1247 3156 post
1287 3099 1495 3159 septem
1530 3089 1664 3145 dies.
1719 3086 1873 3146 Tunc

1986 592 2117 645 uno,
2149 592 2219 631 an
2258 593 2287 632 a
2320 577 2559 643 duobus,
2594 594 2662 632 an
2708 593 2739 632 a
2788 578 2976 631 multis
3009 590 3268 647 accepere
3301 576 3563 633 substan-

1986 669 2152 737 tiam;
2184 677 2239 725 et
2273 677 2459 724 utrum
2488 685 2555 725 ex
2588 671 2757 725 nullis
2790 670 3177 725 substantibus
3197 710 3212 736 ,
3255 683 3323 723 an
3353 685 3418 725 ex
3460 668 3563 722 ali-

1984 763 2186 833 quibus
2226 770 2443 834 sumpta
2491 763 2636 828 sint,
2683 772 2738 819 et
2784 762 3079 830 adornata;
3122 773 3235 817 tum
3290 762 3336 819 si
3382 764 3564 833 aliqua

1985 856 2161 912 virtus
2200 866 2285 912 est
2314 857 2369 912 in
2398 857 2706 920 altissimis,
2735 863 2830 911 aut
2868 857 2925 911 in
2953 854 3217 922 infernis;
3255 854 3302 910 si
3344 863 3431 910 est
3464 854 3566 908 ali-

1984 947 2116 1018 quid
2151 949 2345 1004 melius
2377 950 2657 1013 omnibus,
2690 956 2783 1003 aut
2811 948 3028 1003 cunctis
3056 946 3321 1013 inferius;
3356 948 3402 1002 si
3435 954 3567 1004 sunt

1985 1042 2151 1112 aliqui
2181 1050 2387 1106 motus,
2424 1049 2518 1096 aut
2544 1043 2711 1109 nulli;
2744 1043 2791 1098 si
2819 1043 2936 1097 hare
2963 1057 3085 1113 qua:
3105 1041 3379 1103 videntur,
3406 1051 3564 1096 erant

1985 1127 2223 1205 semper,
2262 1143 2317 1191 et
2345 1142 2550 1203 erunt;
2602 1136 2648 1191 si
2695 1137 2958 1191 exstitere
3002 1135 3153 1189 nullo
3194 1143 3478 1205 Operante,
3510 1143 3564 1189 et

1984 1228 2137 1282 nullo
2175 1228 2421 1283 solvente
2451 1228 2782 1283 dilabentur.
2824 1226 2903 1291 Si,
2937 1229 3181 1298 inquam,
3215 1243 3278 1282 ex
3321 1228 3406 1283 his
3453 1227 3560 1282 ini-

1985 1320 2119 1374 tium
2149 1322 2426 1391 acceperit
2473 1320 2803 1391 disputatio,
2829 1328 2963 1392 puto
2988 1319 3133 1390 quod
3164 1335 3226 1374 ea
3263 1334 3383 1389 quae
3413 1333 3562 1389 quaev

1983 1420 2195 1479 rentur,
2228 1411 2479 1483 diligenti
2512 1413 2922 1468 examinatione
2966 1412 3219 1467 discussa
3254 1410 3414 1465 facile
3451 1410 3567 1464 cla-

1983 1514 2221 1561 rescant.
2258 1506 2397 1559 Cum
2442 1513 2625 1562 autem
2668 1506 2785 1561 haec
2832 1505 3171 1569 claruerint,
3202 1520 3393 1560 eorum
3442 1518 3565 1571 quae

1983 1606 2311 1669 sequuntur,
2333 1600 2388 1653 in
2417 1607 2672 1670 promptu
2698 1598 3001 1669 reperietur
3031 1597 3257 1669 agnitio.
3290 1596 3403 1668 Ego
3429 1596 3563 1666 quid

1983 1691 2248 1747 senserim
2278 1692 2516 1763 protuli;
2549 1690 2682 1762 quid
2705 1692 2868 1747 etiam
2897 1691 2997 1747 tibi
3022 1691 3291 1757 videatur,
3317 1691 3564 1745 indicare

1982 1799 2049 1840 ne
2076 1784 2273 1855 pigeat.

2053 1877 2194 1932 XXI.
2230 1876 2315 1933 Ad
2344 1877 2460 1934 haec
2496 1876 2695 1933 Petrus
2730 1892 2744 1930 :
2790 1874 2922 1942 Dic,
2964 1876 3172 1948 inquit,
3211 1876 3430 1933 interim
3473 1876 3562 1931 Si-

1979 1969 2159 2039 moni,
2192 1969 2355 2026 faciat
2388 1978 2448 2026 ut
2477 1972 2638 2037 libet,
2678 1979 2862 2027 certus
2920 1972 3087 2043 quod,
3139 1961 3325 2026 divina
3374 1970 3565 2025 Provi-

1979 2063 2165 2118 dentia
2196 2063 2464 2135 largiente
2486 2103 2500 2127 ,
2532 2080 2750 2135 semper
2794 2081 2895 2121 nos
2929 2065 3169 2121 inveniet
3221 2073 3459 2135 paratos.
3497 2063 3565 2117 Et

1982 2157 2277 2214 Zacchzeus
2322 2158 2540 2229 quidem
2572 2174 2695 2230 qum
2726 2159 2998 2226 audierat,
3040 2174 3299 2229 egressus
3341 2164 3424 2212 est
3472 2154 3561 2208 Si-

1980 2253 2129 2307 moni
2160 2252 2432 2309 nuntiare.
2469 2251 2668 2309 Petrus
2711 2269 2843 2308 vero
2876 2253 3181 2323 respiciens
3223 2251 3292 2305 ad
3336 2264 3439 2304 nos
3462 2287 3476 2312 ,
3509 2253 3563 2301 et

1980 2344 2290 2415 intelligens
2316 2346 2700 2400 contristatum
2740 2360 2827 2401 me
2854 2360 2978 2401 esse
3010 2360 3108 2415 pro
3137 2342 3399 2398 dilatione
3435 2355 3560 2394 cer-

1980 2438 2235 2503 taminis,
2290 2438 2364 2492 ait
2394 2458 2406 2493 :
2438 2437 2542 2504 Qui
2594 2439 2771 2494 credit
2819 2437 3021 2494 summi
3069 2436 3164 2493 Dei
3215 2438 3561 2508 providentia

1978 2528 2288 2599 dispensari
2320 2530 2609 2597 mundum,
2641 2546 2752 2585 non
2792 2530 2974 2596 debet,
3011 2546 3045 2586 o
3084 2531 3258 2587 amice
3283 2530 3558 2598 Clemens,

1977 2620 2045 2675 de
2069 2621 2302 2693 singulis
2333 2638 2454 2693 quae
2484 2639 2705 2694 quoquo
2748 2623 2909 2679 modo
2941 2625 3219 2691 accidunt,
3259 2641 3561 2696 aspernan-

1978 2722 2062 2769 ter
2084 2715 2353 2785 accipere,
2386 2724 2571 2772 certus
2598 2717 2743 2787 quod
2765 2717 2981 2787 justitia
2998 2716 3118 2783 Dei,
3142 2719 3304 2774 etiam
3330 2734 3416 2785 ea,
3439 2736 3561 2790 qua:

1978 2807 2253 2877 superflua
2283 2808 2544 2863 videntur
2570 2815 2667 2862 aut
2695 2810 2995 2873 contraria,
3022 2811 3077 2864 in
3108 2827 3443 2883 unoquoque
3471 2829 3563 2868 ne-

1978 2899 2127 2969 gotio
2181 2909 2495 2971 opportuno
2547 2901 2697 2955 exitu
2746 2904 3190 2974 compctentique
3241 2904 3559 2974 dispensat,

1976 2992 2253 3065 praecipue
2294 3003 2478 3049 tamen
2519 3010 2647 3066 erga
2679 3010 2774 3050 eos
2833 2996 2929 3066 qui
2962 3011 3087 3052 eum
3116 2996 3440 3053 familiarius
3468 3013 3567 3053 co—

1976 3086 2127 3155 lunt;
2158 3092 2213 3142 et
2244 3086 2365 3142 ideo
2381 3087 2427 3118 "°
2459 3088 2553 3157 qui
2593 3089 2661 3143 de
2698 3088 2818 3151 his,
2852 3096 2913 3142 ut
2959 3088 3093 3154 dixi,
3142 3097 3329 3145 certus
3367 3099 3473 3155 cst,
3514 3091 3561 3145 si

286 3174 439 3228 enim
472 3174 644 3245 magis
675 3188 909 3229 vacuum
952 3177 1058 3231 sibi
1103 3178 1445 3249 disceptandi
1485 3192 1696 3252 tempus
1729 3183 1875 3238 alIir-
1901 3190 1945 3250 (ζ
1979 3178 2110 3250 quid
2139 3180 2358 3234 eveniat
2386 3187 2579 3234 contra
2618 3179 2971 3244 sententiam,
3003 3181 3157 3235 novit
3202 3195 3302 3250 pro
3328 3197 3393 3237 eo
3421 3197 3562 3236 moe-

290 3273 428 3321 mat.
459 3264 566 3322 Sed
589 3276 642 3322 et
663 3268 797 3322 mihi
815 3268 1031 3323 videtur
1054 3273 1554 3341 comperendinatio
1573 3277 1692 3343 eius
1711 3278 1877 3332 etiam

294 3359 460 3414 nobis
502 3374 627 3416 esse
665 3362 1015 3435 necessaria,
1045 3370 1106 3416 ut
1148 3364 1336 3433 plures
1386 3370 1735 3432 conveniant,
1783 3373 1877 3441 qui

291 3451 685 3522 disputationis
714 3462 919 3510 nostra:
946 3456 1030 3510 vel
1059 3455 1340 3512 auditores
1370 3460 1454 3513 vel
1479 3459 1695 3528 judices
1722 3461 1872 3516 fiant.

298 3540 689 3600 Verumtamen
728 3547 773 3601 si
802 3547 1087 3617 probabile
1120 3548 1216 3602 tibi
1258 3549 1493 3616 videtur,
1528 3552 1670 3606 inter
1695 3569 1878 3611 moras

291 3635 536 3705 ea,'quaa
579 3636 633 3689 in
678 3641 1112 3694 controversiam
1152 3640 1340 3696 venire
1378 3657 1538 3711 posse
1569 3644 1874 3714 opinamur,

291 3726 439 3780 inter
462 3729 830 3800 nosmetipsos
857 3732 1009 3801 prius
1030 3731 1479 3800 discutiamus,et
1504 3738 1879 3808 unusquisque

291 3828 572 3887 nostrum,
602 3837 724 3876 cum
761 3839 882 3893 quoe
910 3826 1264 3896 proponenda
1296 3827 1405 3882 sint
1428 3839 1481 3883 et
1507 3846 1626 3900 qua:
1650 3846 1878 3901 respon-

295 3908 503 3973 denda,
537 3913 875 3981 cognoverit,
915 3914 1057 3983 apud
1090 3914 1446 3986 semetipsum
1481 3924 1794 3988 pertractet,
1830 3919 1877 3975 si

292 4012 443 4056 recte
474 4017 534 4057 se
563 4003 819 4070 habeant,
855 4015 948 4059 aut
973 4007 1021 4060 si
1050 4006 1298 4063 invenire
1327 4010 1528 4078 poterit
1548 4010 1753 4079 aliquid
1774 4011 1875 4065 ad-

290 4094 577 4151 versarius
605 4097 751 4166 quod
779 4098 1024 4168 objieiat,
1056 4108 1151 4154 aut
1173 4115 1281 4170 quo
1310 4101 1523 4170 objecta
1555 4101 1872 4161 frustretur.

293 4187 351 4241 Si
385 4202 515 4243 vero
547 4204 614 4242 ex
639 4190 790 4243 omni
824 4191 1014 4258 latere,
1050 4207 1172 4263 qua:
1203 4207 1234 4246 a
1260 4194 1420 4249 nobis
1449 4193 1682 4251 dicenda
1715 4206 1869 4262 sunt,

288 4279 554 4335 claruerit
586 4295 709 4336 esse
739 4283 971 4347 munita,
1006 4283 1081 4338 ita
1105 4284 1326 4340 demum
1360 4286 1697 4343 confidenter
1726 4306 1875 4361 qua:-

290 4372 490 4428 stionis
537 4372 754 4429 ineatur
802 4374 1111 4431 exordium.
1169 4376 1236 4431 Et
1272 4379 1493 4449 quidem
1520 4380 1563 4411 ⁶⁹
1591 4395 1711 4435 mea
1759 4383 1873 4438 hazc

288 4472 371 4517 est
421 4467 726 4533 sententia,
776 4470 921 4539 quod
973 4480 1099 4525 ante
1131 4472 1317 4526 omnia
1360 4473 1567 4544 requiri
1599 4482 1870 4545 oporteat,

1979 3288 2159 3328 rorem
2190 3272 2257 3328 de
2296 3273 2493 3328 animis
2525 3274 2815 3344 expellere,
2848 3273 3061 3329 meliori
3091 3275 3363 3329 sententia
3391 3274 3564 3328 mani-

1979 3364 2179 3420 festum
2213 3365 2444 3430 habens,
2482 3367 2629 3436 quod
2651 3366 3063 3436 dispensatione
3086 3366 3216 3421 boni
3247 3365 3363 3434 Dei,
3396 3369 3561 3420 etiam

1977 3458 2125 3527 quod
2151 3459 2490 3512 contrarium
2523 3467 2766 3529 putatur,
2801 3466 3050 3515 vertatur
3086 3460 3143 3514 in
3172 3460 3383 3516 melius.
3422 3459 3560 3515 Pro-

1978 3560 2099 3622 pter
2128 3551 2294 3621 quod,
2328 3566 2361 3605 ο
2393 3550 2669 3616 Clemens,
2701 3551 3020 3607 etiamnunc
3051 3567 3161 3606 non
3190 3561 3242 3606 te
3272 3552 3562 3608 contristet

1980 3643 2118 3714 Magi
2153 3641 2396 3699 Simonis
2425 3643 2529 3697 ista
2552 3644 2760 3698 dilatio.
2789 3643 2968 3700 Credo
2990 3645 3135 3699 enim
3165 3645 3313 3715 quod
3340 3660 3438 3714 per
3466 3644 3559 3700 Dei

1977 3736 2376 3807 providentiam
2420 3744 2637 3806 gestum
2686 3737 2757 3790 sit
2810 3735 2879 3789 ad
2928 3736 3222 3790 utilitatem
3268 3744 3450 3798 tuam,
3500 3743 3561 3788 ut

1979 3833 2185 3905 possim
2228 3834 2327 3889 t'rbi
2376 3835 2644 3889 rationem
2680 3833 2802 3888 fidei
2840 3841 3072 3898 nostrai,
3110 3835 3164 3886 in
3202 3832 3307 3886 hac
3352 3842 3558 3903 septem

1977 3926 2191 3981 dierum
2230 3925 2832 3995 comperendinatione,
2861 3927 3068 3994 absque
3108 3925 3292 3995 aliquo
3326 3926 3560 3995 strepitu

1977 4036 2076 4090 per
2104 4020 2354 4075 ordinem
2382 4034 2549 4073 conse
2570 4025 2786 4088 luenter
2808 4033 3080 4086 exponere
3108 4016 3409 4072 secundum
3442 4027 3558 4070 tra-

1977 4113 2241 4167 ditionem
2263 4112 2307 4142 “
2340 4110 2453 4165 veri
2485 4110 2785 4180 prophctze,
2808 4110 2902 4179 qui
2935 4109 3086 4163 solus
3110 4109 3235 4171 scit,
3265 4124 3386 4179 quae
3416 4108 3560 4164 facta

1978 4213 2141 4269 sunt,
2178 4212 2237 4257 ut
2270 4202 2413 4257 facta
2447 4203 2578 4265 sint,
2616 4208 2669 4256 et
2699 4218 2821 4271 qua:
2852 4201 3009 4265 fiunt,
3043 4209 3103 4255 ut
3145 4201 3296 4263 liant,
3331 4217 3561 4271 qumque

1976 4300 2177 4356 erunt,
2231 4303 2289 4347 ut
2337 4300 2530 4358 erunt;
2584 4306 2707 4361 quae
2754 4298 2936 4345 tamen
2991 4290 3281 4345 manifeste
3337 4292 3558 4361 quidem

1976 4389 2144 4452 dicta,
2168 4403 2277 4441 non
2302 4396 2484 4441 tamen
2512 4383 2802 4440 manifeste
2833 4384 3036 4454 scripta
3063 4392 3211 4449 sunt,
3238 4385 3291 4439 in
3322 4386 3556 4449 tantum,

1978 4490 2038 4535 ut
2060 4496 2185 4535 cum
2216 4481 2495 4550 leguntur,
2531 4478 2760 4547 intelligi
2793 4476 2912 4531 sine
2944 4478 3256 4545 expesitore
3288 4494 3397 4531 non
3430 4492 3559 4546 pos-

289 4557 418 4623 quid
456 4559 533 4613 sit
560 4560 805 4614 omnium
854 4560 1093 4631 primum
1117 4602 1131 4627 ,
1187 4564 1390 4634 quid-ve
1438 4542 1864 4635 immediatum,
1900 4542 1952 4602 Ῑ)
1978 4575 2089 4629 sint
2132 4542 2356 4643 propler
2391 4542 2680 4642 peccatum
2708 4542 2854 4640 quod
2884 4542 3190 4624 coad-olevit
3221 4542 3557 4634 hominibus,

288 4652 434 4717 quod
463 4654 629 4708 etiam
659 4668 882 4709 causam
913 4671 1035 4714 esse
1066 4658 1309 4711 omnium
1338 4674 1459 4729 quae
1483 4671 1628 4729 sunt,
1663 4662 1867 4718 docen-

289 4740 419 4797 dum
445 4751 560 4811 est;
591 4746 788 4815 deinde
818 4754 1015 4803 cuncta
1056 4764 1177 4820 quae
1215 4760 1370 4817 sunt,
1402 4753 1450 4808 si
1501 4752 1645 4809 facta
1695 4767 1864 4822 sunt,

1978 4668 2123 4723 sicut
2150 4666 2405 4736 superius
2436 4665 2694 4719 diximus.
2736 4663 2946 4718 Idcirco
2982 4662 3147 4732 igitur
3183 4661 3559 4731 explanabun-

1976 4766 2069 4814 tur
2095 4759 2191 4813 tibi
2225 4774 2325 4829 per
2353 4773 2439 4813 me
2475 4757 2682 4823 omnia,
2714 4763 2777 4810 ut
2805 4755 2861 4809 in
2896 4754 2981 4809 his
3009 4771 3128 4823 quae
3162 4756 3366 4825 scripta
3408 4761 3556 4819 sunt,

372 4882 425 4977 :1
457 4883 1155 4977 Ῑξτείίιέξάρηιῖ-(ςερρνὶςεταν
1182 4894 1384 4977 agnitio
1424 4911 1529 4951 non
1565 4899 1883 4970 icgunturin
1911 4913 2145 4977 utroque
2176 4906 2532 4974 codd.Lipss.
2612 4906 2658 4936 "°
2699 4903 2768 4958 Et
2795 4903 3040 4959 ideo—in
3066 4899 3249 4956 melius
3278 4896 3477 4952 desunt
3504 4896 3558 4949 in

290 4953 449 5010 codd.
494 4953 672 5027 Lipss.

767 4959 809 4990 '”
844 4959 1142 5016 Secundum
1175 4959 1840 5041 traditionem—agnoscas
1879 4959 2358 5034 desunlwi‘n
2410 4959 2591 5047 Lipss.

1589 5142 1952 5204 COTELERII
2002 5148 2234 5205 NOTAE.

362 5298 761 5422 (16?_Secessit,
790 5312 848 5356 ut
879 5302 1052 5358 cibum
1078 5316 1285 5377 caperet
1304 5326 1422 5363 cum
1445 5309 1576 5372 suis,
1601 5316 1706 5365 etc.
1734 5308 1868 5368 Pas-

363 5386 393 5422 ll
469 5386 557 5422 nc.
606 5372 764 5422 Antid
815 5373 1172 5422 Athanasium
1227 5378 1340 5422 Lib,
1418 5380 1481 5422 dp.
1543 5381 1843 5422 nirninimm

294 5372 557 5451 sunml‘ii‘c.
606 5372 1175 5451 apuduAthanasium
1221 5378 1344 5434 Lib.
1418 5380 1481 5433 de
1543 5381 1864 5451 virginitate,

293 5453 364 5532 92..
384 5440 570 5532 '9???
587 5531 594 5532 ,
611 5440 743 5532 ἰεηάν
770 5441 826 5497 δὲ
856 5446 1051 5532 εξδρερῇ
1086 5451 1471 5532 κατηίουμένῃ
1519 5451 1576 5532 ἐγ
1600 5440 1868 5532 ’ἔραῑῑέξῃζ

296 5513 367 5577 μὴ
404 5513 741 5596 σίδνερχέςθω
776 5513 1050 5596 μετὰέῶἧ
1080 5513 1477 5596 ςπιοςτῷνξρὺδξ
1514 5523 1587 5594 μὴ
1632 5513 1873 5588 Statilio-sile

293 5582 478 5647 φαγεῖν
507 5581 600 5633 τὸν
630 5581 821 5705 ψοῇιιὸν
849 5603 941 5638 σου
979 5589 1093 5656 μετ’
1124 5581 1321 5659 αὐτῆς.⁷
1345 5581 1741 5661 Capitularium
1773 5581 1867 5649 lib:

293 5662 364 5705 νιν
393 5664 512 5705 can.
651 5675 664 5705 2
739 5673 804 5705 on
836 5656 990 5705 liceat
1023 5656 1305 5705 banlizatis
1337 5678 1455 5705 cum
1484 5665 1867 5705 nnlprhumpnin

292 5662 364 5712 VI,
393 5664 512 5725 cap.
553 5652 624 5707 92
646 5652 664 5709 7:
682 5652 804 5709 Non
836 5652 991 5709 liceat
1023 5652 1305 5725 baptizat'is
1337 5652 1455 5714 curii
1484 5665 1868 5719 cateclmmenis

297 5719 634 5786 manducare,
657 5740 749 5779 nec
767 5726 1005 5779 osculum
1032 5719 1107 5781 eis
1136 5728 1284 5793 dare,
1316 5733 1394 5785 vel
1417 5750 1508 5787 ave
1531 5734 1639 5789 illis
1659 5734 1832 5789 dicere
1849 5750 1875 5789 τ

294 5799 484 5873 quanto
536 5794 1410 5873 magis-“cunt_eagcommunicatis
1467 5811 1532 5856 ab
1606 5808 1866 5873 episcopo,

298 5865 385 5915 aut
411 5873 527 5914 cum
555 5864 878 5934 gentilibus?
910 5865 1417 5945 Episcopos’qtamcn
1445 5888 1568 5929 cum
1596 5864 1869 5932 C'onsmn:

1961 5316 2093 5377 itino
2126 5316 2456 5385 imperatore
2501 5312 2743 5369 nondum
2785 5312 3060 5383 baptizato
3101 5311 3365 5385 epulatos
3383 5306 3556 5385 fuisse

1977 5389 2136 5461 testis
2178 5379 2435 5461 e'st___lide_
2458 5379 2979 5461 dignusuEuuseliius,
3002 5379 3380 5461 ,ῃιι-δῂιγὶε-θί.
3418 5381 3555 5461 nolit

1975 5459 2202 5513 credere
2252 5451 2592 5526 Nicephorus
2657 5456 2935 5511 Callistus.
2970 5451 3104 5526 Sed
3155 5451 3552 5526 et__Ch_ris_t_iani

1976 5528 2131 5583 multi
2164 5544 2275 5583 non
2301 5518 2451 5583 adeo
2487 5542 2517 5581 a
2549 5527 2775 5597 paganis
2807 5525 3193 5597 l‘f3fllgl6b3ltl._._
3219 5518 3373 5597 Unde
3405 5520 3553 5575 Non-

1975 5615 2101 5652 nam
2135 5606 2366 5653 matrem
2400 5591 2564 5652 suam
2598 5591 2782 5651 laudat
2821 5591 3117 5665 Gregorius
3150 5591 3548 5656 Nazianzenus,

1974 5670 2119 5739 quod
2163 5670 2347 5724 cibum
2396 5684 2521 5723 cum
2562 5667 2830 5722 idolorum
2870 5666 3172 5739 cultoribus
3208 5678 3551 5739 communem

1974 5734 2253 5811 nunquam
2292 5739 2571 5803 habuerit,
2624 5739 3003 5811 nec_gen_tilis_
3035 5736 3249 5811 femina:
3294 5734 3553 5811 manibus

1974 5806 2221 5869 dextram
2250 5811 2521 5882 injeccrit,
2564 5818 2657 5866 aut
2687 5806 2835 5866 labra
2871 5807 3039 5865 labris
3071 5806 3371 5864 miscuerit.
