4048 6262
557 298 694 356 12:9
780 362 792 369 η

1442 295 1493 351 S.
1535 294 1929 350 CLEMENTIS
1968 294 1987 347 l
2024 294 2189 352 ΒΟΜ.
2231 290 2433 348 PONT.
2472 288 2698 345 OPERA
2732 288 2959 344 DUBIA.

3618 301 3731 359 1220

551 386 791 471 dilucide
841 427 963 483 qua:
1020 412 1093 468 sit
1137 411 1409 467 sententia
1458 411 1786 482 legislatoris
1828 426 2115 480 agnoscas.
2146 417 2194 473 Α
2223 426 2329 464 non
2358 408 2563 472 omnia,
2594 408 2721 477 quia
2752 416 3011 474 tanquam
3040 406 3330 460 vernacula
3362 408 3543 466 animae
3560 429 3672 472 mea:
3687 426 3732 475 et

622 504 787 559 XXII.
818 504 1065 577 Cumque
1096 503 1212 558 haec
1250 505 1500 570 dixisset,
1529 518 1800 573 eXponere
1844 503 1973 557 mihi
2004 502 2119 555 sin-

551 597 678 668 gula
719 598 788 653 de
834 598 961 662 bis,
1021 613 1143 667 qua:
1187 597 1243 651 in
1290 596 1591 666 quaestione
1629 610 1753 650 esse
1796 594 2118 649 videbantur

2218 500 2457 569 ingenita
2483 498 2673 554 effecta
2705 508 2854 561 sunt,
2888 514 3009 568 qua:
3033 498 3240 552 dixisti.
3266 497 3495 556 Nimium
3523 508 3648 561 enim
3670 513 3733 567 κί-

2218 592 2373 648 tienti
2413 592 2546 645 mihi
2576 591 2956 646 dulcissimum
2988 592 3242 662 poculum
3284 596 3577 661 porrexisti.
3605 599 3660 655 Et
3680 620 3734 662 ne

549 687 686 759 legis
715 688 971 758 capitulis
1005 687 1171 757 ccepit
1194 727 1209 751 ,
1238 688 1309 741 ab
1336 687 1491 740 initio
1537 696 1801 740 creatura:
1840 701 2013 755 usque
2049 684 2116 739 ad
2215 685 2459 755 putes“,
2491 683 2637 754 quod
2664 698 2847 736 rerum
2873 683 3179 748 immemor,
3210 685 3390 741 verbis
3419 696 3466 741 te
3490 704 3735 764 occupem,

549 780 606 835 id
632 780 917 850 temporis,
943 796 1053 851 quo
1079 781 1143 834 ad
1170 795 1292 834 eum
1323 772 1627 833 CaeSaream
1650 778 1938 832 devolutus
1969 793 2109 832 sum.

548 868 675 925 Haec
707 870 841 925 mihi
885 871 1096 934 dicens,
1138 871 1326 925 dilatio
1358 869 1595 924 Simonis
1630 870 1892 933 contulit,
1931 877 1991 924 ut
2017 884 2115 939 per

547 963 796 1018 ordinem
821 972 1022 1018 cuncta
1045 976 1452 1034 cognoscerem.
1482 963 1654 1026 Alias,
1686 964 1883 1033 inquit,
1913 978 2111 1018 secun-

547 1053 677 1107 dum
718 1069 781 1108 ea
825 1070 946 1125 quae
991 1054 1367 1124 opportunitas
1408 1055 1679 1109 sermonis
1720 1054 1987 1122 attulerit,
2042 1054 2111 1109 de

546 1141 779 1211 singulis
810 1144 1136 1213 quibusque,
1172 1160 1293 1213 qua:
1314 1159 1461 1198 nunc
1490 1144 1929 1214 compendiosius
1969 1145 2110 1199 dixi-

543 1249 691 1297 mus,
736 1234 899 1290 latius
928 1235 1280 1300 disseremus,
1315 1245 1375 1291 ut
1404 1237 1703 1293 secundum
1742 1253 1805 1292 ea
1831 1254 1953 1308 qua:
1989 1239 2109 1308 pol-

542 1325 726 1381 licitus
775 1342 894 1382 sum
938 1328 1060 1393 tibi,
1104 1329 1317 1399 plenius
1343 1330 1411 1387 de
1431 1331 1685 1386 omnibus
1707 1331 2108 1402 perfectiusque

541 1434 839 1491 cognoscas
860 1422 928 1475 ”.
975 1421 1113 1487 Quia
1137 1437 1267 1492 ergo
1314 1423 1575 1478 hodierna
1622 1423 1801 1478 adhuc
1823 1418 1982 1477 nobis
2009 1439 2104 1478 su-

540 1520 721 1581 perest
742 1513 879 1578 dies,
912 1529 976 1568 ex
1001 1513 1085 1568 his
1116 1529 1236 1583 qua:
1265 1514 1430 1569 dilata
1462 1522 1610 1579 sunt,
1645 1517 1768 1571 volo
1792 1516 1891 1571 tibi
1915 1533 2106 1573 rursus

538 1619 603 1658 ea
628 1619 748 1674 qua:
781 1604 926 1659 dicta
951 1619 1080 1660 sunt
1108 1606 1346 1661 breviter
1369 1607 1588 1672 iterare,
1621 1614 1681 1661 ut
1703 1607 1876 1678 magis
1907 1609 2005 1663 tibi
2036 1610 2103 1665 ad

538 1695 854 1749 memoriam
907 1705 1258 1753 revocentur.
1303 1695 1370 1751 Et
1416 1698 1543 1753 exin
1589 1699 1755 1769 coepit
1798 1699 1903 1754 hoc
1942 1702 2103 1757 modo

2209 777 2322 844 jam
2357 791 2505 830 nunc
2549 790 2671 845 qua:
2700 775 2847 828 dicta
2876 780 3005 829 sunt
3036 775 3091 829 in
3122 778 3441 830 memoriam
3470 786 3735 853 revocabo;

2214 867 2270 921 in
2298 883 2409 937 quo
2441 882 2529 921 me
2559 865 2855 935 plurimum
2883 865 3037 935 juvat
3066 866 3202 920 ordo
3230 865 3599 936 disputationis
3629 883 3733 931 tuae.

2213 957 2426 1012 Etenim
2476 958 2604 1028 quia
2656 965 3059 1027 consequenter
3091 956 3297 1011 directa
3331 966 3455 1012 sunt
3491 970 3543 1016 et
3577 964 3739 1023 librate

2210 1048 2483 1112 ordinata,
2516 1064 2638 1119 quae
2670 1049 2835 1113 dicis,
2859 1047 3066 1102 idcirco
3093 1056 3147 1102 et
3181 1048 3340 1104 facile
3366 1050 3431 1103 ad
3459 1055 3735 1109 memoriam

2209 1140 2420 1196 ordinis
2463 1140 2549 1195 sui
2595 1139 2755 1195 lineis
2799 1146 3147 1195 revocantur.
3185 1139 3413 1194 Multum
3443 1157 3660 1214 namque
3683 1148 3739 1200 ad

2208 1232 2607 1289 recordandum
2657 1230 2880 1301 prodest
2922 1231 3058 1285 ordo
3111 1231 3425 1301 dictorum;
3472 1249 3587 1288 cum
3616 1238 3735 1292 enim

2207 1325 2448 1380 recolere
2483 1325 2696 1394 singula
2736 1339 2833 1393 per
2880 1325 3324 1394 consequentiam
3374 1328 3627 1397 coeperis,
3666 1330 3739 1384 ubi

2206 1416 2411 1486 aliquid
2443 1416 2617 1483 deest,
2652 1416 2837 1471 statim
2868 1432 3064 1472 sensus
3100 1416 3352 1486 inquirit,
3380 1426 3432 1471 et
3460 1432 3577 1471 cum
3610 1420 3738 1474 inve-

2204 1508 2366 1572 nerit,
2404 1514 2604 1570 servat,
2652 1515 2747 1561 aut
2786 1515 2956 1570 certe,
2990 1507 3401 1578 si‘investigare
3422 1511 3691 1579 nequierit,
3712 1527 3737 1565 a

2206 1599 2472 1670 magistro
2502 1600 2781 1669 requirere
2812 1614 2920 1653 non
2952 1598 3174 1670 pigebit.
3213 1598 3318 1654 Sed
3356 1616 3424 1656 ne
3453 1617 3645 1657 moram
3672 1602 3737 1656 la-

2186 1690 2343 1744 ciam
2373 1691 2428 1744 in
2459 1690 2734 1746 reddendo
2753 1706 2815 1745 ea
2841 1707 2961 1762 qua:
2990 1692 3173 1761 poscis
3196 1707 3226 1745 a
3255 1708 3362 1759 me,
3389 1704 3616 1748 retexam
3636 1694 3740 1750 bre-

535 1786 809 1841 mentibus
852 1787 990 1843 meis
1021 1788 1281 1843 innovare
1310 1804 1431 1859 quae
1473 1787 1689 1844 dixerat
1724 1809 1737 1846 :
1782 1790 2099 1859 Meministi,
2132 1770 2175 1824 Β
2202 1785 2342 1840 viter
2366 1799 2486 1854 quae
2521 1784 2589 1839 de
2624 1784 2868 1839 veritatis
2896 1785 3215 1840 definitione
3243 1786 3535 1842 tradidisti.

532 1891 565 1929 ο
593 1877 770 1931 amice
816 1876 1099 1941 Clemens,
1132 1896 1255 1949 quae
1283 1880 1415 1934 mihi
1448 1879 1611 1936 fuerit
1653 1882 1719 1937 de
1761 1892 1963 1938 aeterno
1999 1901 2101 1941 sa:-

531 1967 677 2032 culo,
693 1983 756 2023 ac
791 1968 950 2024 linem
980 1972 1571 2035 nesciente,narratio?
1593 1973 1728 2027 Tum
1759 1972 1857 2046 ego
1894 1976 2098 2042 :Nihil,

531 2058 777 2130 inquam,
811 2076 844 2115 o
884 2058 1063 2127 Petre,
1100 2062 1393 2133 aliquando
1422 2066 1700 2133 retinebo,
1729 2067 1773 2121 si
1809 2067 1912 2123 boc
1941 2070 2102 2123 omit-

530 2157 647 2205 tere
676 2158 769 2203 aut
798 2151 1048 2206 oblivisci
1081 2161 1329 2223 potuero.

600 2239 792 2296 XXIII.
825 2241 892 2296 Et
920 2242 1115 2299 Petrus
1160 2246 1395 2301 libenter
1437 2247 1540 2302 hac
1578 2263 1698 2303 mea
1741 2250 2099 2320 responsione

530 2342 818 2403 suscepta:
852 2332 1110 2390 Gratulor
1138 2336 1255 2401 tibi,
1291 2338 1487 2408 inquit,
1521 2339 1667 2408 quod
1698 2341 1772 2394 ita
1801 2342 2097 2413 responde-

528 2423 628 2487 ris,
652 2432 706 2479 et
737 2440 844 2479 non
868 2426 1015 2496 quod
1035 2426 1151 2483 hare
1183 2428 1300 2499 ipsa
1332 2428 1491 2485 facile
1517 2431 1669 2489 dicas
1690 2433 1756 2496 ⁷³,
1792 2434 1885 2489 sed
1912 2443 1964 2489 te
1994 2452 2099 2490 me-

527 2515 755 2571 minisse
783 2518 1110 2586 protuleris;
1140 2535 1262 2591 quae
1292 2522 1435 2576 enim
1465 2539 1678 2578 summa
1704 2536 1851 2593 sunt,
1875 2527 2096 2582 silentio

526 2604 787 2661 honorari
824 2608 1037 2663 volunt.
1090 2610 1173 2665 Ad
1205 2611 1363 2666 ﬁdem
1409 2620 1592 2669 tamen
1628 2630 1848 2681 eorum,
1878 2634 1999 2684 quae
2029 2618 2096 2673 de

524 2696 895 2755 ineﬂ‘abilibus
915 2701 1235 2771 meministi,
1253 2703 1341 2759 dic
1364 2721 1486 2774 quae
1517 2707 1720 2762 retines
1748 2724 1809 2763 ex
1843 2708 1949 2775 his,
1974 2726 2095 2780 qua:

522 2790 580 2845 in
609 2791 731 2846 loco
763 2794 1005 2850 secundo
1053 2810 1084 2849 a
1125 2797 1286 2852 nobis
1326 2796 1469 2852 dicta
1519 2808 1666 2864 sunt,
1710 2817 1830 2870 quae
1860 2803 2090 2873 proferri

525 2880 685 2938 facile
725 2892 960 2954 queunt,
1007 2895 1066 2941 ut
1113 2889 1402 2958 pervidens
1436 2893 1781 2948 tenacitatem
1816 2896 2093 2951 memoriae

525 2978 652 3035 tute,
684 2973 749 3028 de
772 2975 973 3043 quibus
1004 2977 1148 3040 volo,
1177 2987 1485 3048 promptius
1514 2982 1613 3036 tibi
1646 2983 1904 3049 indicem,
1941 2996 1995 3040 et
2029 2988 2093 3040 li-

520 3062 713 3119 benter
733 3067 990 3134 aperiam.
1014 3064 1152 3120 Tum
1164 3082 1284 3138 ego,
1306 3070 1398 3125 ubi
1419 3071 1624 3126 adverti
1643 3088 1764 3127 eum
1783 3077 2087 3133 auditorum

521 3155 781 3209 memoria
809 3157 1064 3226 gaudere,
1096 3157 1217 3212 Non
1250 3161 1445 3227 solum,
1476 3163 1719 3232 inquam,
1756 3167 2085 3225 definitionis

520 3251 625 3296 tua:
663 3258 875 3331 memor
911 3262 1064 3314 sum,
1097 3249 1192 3303 sed
1229 3257 1284 3304 et
1330 3252 1707 3319 przelinitionis
1751 3258 1918 3324 illius,
1966 3277 2086 3331 quae

521 3334 647 3381 ante
675 3328 1040 3385 definitionem
1073 3335 1249 3403 posita
1290 3347 1393 3400 est,
1418 3345 1470 3392 et
1508 3342 1751 3396 omnium
1794 3360 1931 3414 pene
1962 3328 2083 3417 qum

519 3417 845 3485 exposuisti,
875 3434 1098 3475 sensum
1146 3423 1418 3494 integrum
1449 3444 1639 3498 servo,
1673 3432 1888 3491 etiamsi
1917 3438 2080 3493 verba

2272 1873 2462 1928 XXIV.
2509 1872 2640 1928 Erat
2670 1890 2909 1945 semper,
2942 1882 2996 1931 et
3030 1885 3136 1944 est,
3183 1885 3238 1932 et
3282 1878 3391 1933 erit
3434 1879 3566 1933 illud
3594 1895 3621 1932 a
3649 1895 3741 1951 quo

2200 1963 2376 2034 prima
2398 1965 2650 2019 voluntas
2680 1965 2861 2036 genita
2898 1968 3333 2036 sempiternitate
3362 1978 3591 2037 constat,
3615 1979 3662 2026 et
3686 1988 3740 2026 ex

2200 2057 2377 2127 prima
2425 2058 2703 2112 voluntate
2753 2058 2947 2112 iterum
3002 2060 3255 2115 voluntas
3288 2060 3426 2132 (17).
3471 2060 3600 2117 Post
3646 2062 3741 2117 btec

2198 2150 2457 2212 mundus,
2491 2166 2556 2205 ex
2588 2149 2790 2203 mundo
2819 2156 3053 2219 tempus,
3090 2167 3153 2205 ex
3182 2151 3286 2205 hoc
3322 2151 3601 2207 hominum
3622 2155 3741 2207 mul-

2198 2243 2394 2307 titudo,
2415 2259 2479 2298 ex
2505 2243 2849 2298 multitudine
2870 2245 3063 2300 electio
3091 2245 3417 2311 amicorum,
3447 2261 3512 2300 ex
3537 2262 3741 2316 quorum

2198 2335 2557 2390 unanimitate
2580 2335 2865 2405 paciﬁcum
2890 2335 3231 2391 construitur
3264 2336 3362 2391 Dei
3391 2353 3630 2408 regnum.
3654 2338 3742 2391 Re-

2198 2428 2345 2497 liqua
2374 2442 2535 2491 vero,
2570 2442 2688 2495 qua:
2727 2427 2841 2481 haec
2878 2428 3139 2498 consequi
3191 2428 3460 2482 deberent
3484 2468 3499 2492 ,
3538 2430 3664 2483 alias
3699 2438 3743 2483 te

2196 2521 2329 2575 mihi
2369 2520 2645 2574 dicturum
2680 2534 2802 2574 esse
2832 2520 3182 2590 promiseras.
3214 2517 3348 2574 Post
3379 2520 3518 2583 lucc,
3550 2535 3665 2573 cum
3685 2518 3743 2572 de

2195 2620 2445 2667 creatura
2469 2612 2655 2666 mundi
2678 2610 3050 2681 exposuisses,
3071 2609 3449 2666 definitionem
3469 2610 3582 2675 Dei,
3602 2625 3742 2682 quam

2194 2704 2249 2758 in
2278 2714 2576 2775 conspectu
2612 2696 2857 2759 omnium
2880 2703 3183 2774 primorum
3217 2705 3542 2773 angelorum
3574 2703 3635 2757 de
3660 2717 3743 2758 sua

2195 2798 2476 2853 voluntate
2505 2798 2777 2869 promisit,
2820 2812 3091 2867 quamque
3126 2804 3390 2851 aaternam
3423 2797 3596 2866 legem
3629 2810 3743 2850 cun.

2191 2891 2298 2945 ctis
2317 2892 2527 2956 statuit,
2550 2892 2831 2956 intimasti,
2858 2898 2912 2946 et
2933 2891 3078 2963 quod
3101 2890 3210 2946 duo
3234 2907 3411 2963 regna
3429 2892 3543 2963 (l8)
3563 2891 3741 2961 posuit,

2192 2982 2476 3053 pratsentis
2505 2980 2625 3035 dico
2666 2981 2930 3051 temporis
2956 2988 3009 3036 et
3039 2980 3227 3045 futuri,
3257 2989 3315 3036 et
3347 2992 3597 3051 tempora
3625 2981 3745 3034 utri-

2191 3089 2299 3144 que
2345 3074 2652 3137 constituit,
2686 3072 2992 3143 statuitque
3031 3075 3341 3143 exspectari
3370 3074 3569 3143 judicii
3596 3072 3743 3134 diem,

2193 3180 2353 3234 quam
2376 3164 2490 3233 ipse
2515 3163 2776 3227 definivit,
2808 3163 2863 3217 in
2890 3178 2997 3233 qua
3024 3162 3272 3218 habenda
3306 3164 3382 3218 sit
3411 3158 3617 3226 rerum,
3647 3162 3746 3215 ani-

2193 3272 2516 3325 marumque
2542 3256 2823 3319 discretio,
2856 3263 2915 3308 ut
2956 3255 3107 3324 impii
3133 3254 3358 3324 quidem
3399 3271 3503 3325 pro
3530 3252 3747 3324 peccatis

2191 3348 2308 3403 suis
2341 3348 2451 3417 igni
2487 3346 2774 3400 tradantur
2801 3356 3028 3409 aeterno,
3060 3346 3113 3399 bi
3145 3362 3277 3400 vero
3327 3348 3428 3417 qui
3468 3344 3746 3401 secundum

2187 3438 2521 3494 voluntatem
2555 3438 2855 3492 conditoris
2883 3436 2979 3492 Dei
3014 3437 3282 3499 vixerint,
3314 3451 3423 3508 pro
3452 3438 3611 3493 bonis
3638 3450 3749 3506 ope-

565 3548 743 3643 :Z’MUt
768 3554 1424 3643 uselquntlum—cognoscas
1453 3565 1661 3643 desunt
1689 3568 1743 3623 in
1785 3571 1942 3626 codd.
1977 3572 2152 3642 Lipss.
2228 3574 2276 3605 ⁷³
2334 3585 2383 3626 et
2413 3590 2515 3627 non
2546 3571 2753 3643 quod—
2773 3571 2990 3626 libenter
3016 3571 3247 3643 aperiam
3279 3569 3493 3625 desunt
3512 3566 3748 3643 iin_codd.

519 3618 962 3714 “7:911:13
989 3618 1290 3695 εθίιιιιιηῖυι·
1313 3648 1483 3705 usque
1515 3638 1581 3691 ad
1611 3639 1698 3693 illa
1727 3618 1845 3710 cap.
1870 3643 1939 3697 55
1962 3618 2223 3698 vogtibula
2251 3664 2265 3701 :
2289 3618 2611 3714 [traici-'93:
2621 3659 2726 3698 non
2748 3647 3002 3713 leguntur
3022 3618 3078 3694 in
3107 3650 3345 3710 utroque
3379 3642 3550 3697 codd.
3575 3639 3744 3709 Lipss.

520 3689 655 3746 Vide
682 3689 893 3762 prazfut.

1784 3860 2150 3918 COTELERII
2200 3864 2431 3921 ΝΟΤίΕ.

592 4000 704 4071 (l7)
748 3999 815 4054 Et
850 4018 914 4055 ea:
949 4003 1121 4071 prima
1163 4000 1428 4056 voluntate
1460 4004 1647 4057 iterum
1693 4006 1953 4059 voluntas.
2012 4006 2085 4061 De

521 4073 657 4128 Filio
683 4071 935 4144 Clemens
972 4073 1374 4144 Alexandrinus
1418 4073 1636 4144 l’azdag.
1666 4091 1751 4135 ill,
1778 4091 1897 4144 cap.
1934 4079 2029 4131 ull.
2066 4096 2079 4130 :

516 4142 721 4213 ἀγαθοῦ
750 4143 963 4215 Πατρὸς
999 4143 1387 4215 ἁγαθὸννβορλη
1399 4161 1473 4214 μα
1495 4161 1507 4172 ·
1541 4142 1738 4205 Sirom.
1775 4162 1826 4210 ν,
1846 4142 1911 4215 ἰ).
1931 4148 2037 4205 547
2065 4166 2079 4202 :

517 4216 725 4285 θέλημα
758 4214 1276 4286 παντοκρατορςκάν·
1299 4214 1689 4286 Tertullianus,
1724 4216 1798 4270 De
1820 4214 2077 4283 oratione,

517 4284 641 4355 cap.
662 4286 695 4338 4
732 4307 742 4341 :
772 4284 890 4352 Ipse
919 4284 1030 4337 erat
1061 4284 1302 4339 voluntas
1325 4296 1372 4338 et
1391 4295 1620 4352 potestas
1651 4285 1853 4342 Patris.
1882 4289 1936 4341 In
1960 4286 2083 4341 Ori-

517 4372 677 4425 gene,
707 4355 783 4409 De
804 4357 1073 4425 principiis
1093 4398 1107 4421 ,
1135 4365 1188 4408 et
1219 4357 1343 4410 alibi
1378 4374 1390 4409 :
1426 4355 1601 4409 Natus
1636 4372 1701 4409 ea:
1730 4357 1911 4417 Patre,
1945 4360 2081 4411 velut

516 4427 756 4480 voluntas
812 4442 876 4479 ea:
925 4437 1090 4479 mente
1137 4427 1437 4495 procedens.
1498 4427 1651 4493 Apud
1698 4426 2077 4489 Athanasium,

2189 4007 2296 4060 Deo
2326 4025 2436 4083 esse
2467 4007 2603 4083 quod
2616 4009 2764 4083 ‘velle
2781 4025 2799 4073 ;
2828 4010 2922 4064 hoc
2951 4011 3098 4075 velle,
3124 4012 3273 4083 quod.
3305 4030 3526 4083 sapere,
3558 4024 3612 4069 et
3641 4012 3750 4066 reli-

2190 4082 2493 4151 qua.Quod
2517 4081 2581 4132 ad
2611 4079 2865 4150 Spiritum
2891 4079 3395 4151 sanetunispectat,
3423 4083 3750 4137 commodum

2190 4150 2244 4201 in
2264 4146 2590 4204 Bibliotheca
2619 4146 2783 4221 lfegia
2815 4154 2937 4206 cod.
2972 4168 3075 4207 ms.
3113 4146 3275 4224 5026,
3312 4155 3471 4208 istud
3499 4155 3754 4224 fragmen-

2188 4226 2303 4293 tum
2336 4230 2522 4293 nostro
2552 4223 2847 4293 ascriptum
2873 4224 3075 4277 inveni.
3112 4222 3249 4277 lllud
3285 4222 3607 4293 rejecimus'
3628 4226 3752 4277 intra

2190 4290 2243 4342 in
2276 4292 2571 4359 sulijectatn
2596 4290 3049 4362 Recognitionibus
3074 4290 3436 4363 Appendicent
3460 4294 3755 4349 Monumen—

2188 4369 2381 4423 torum,
2414 4378 2562 4414 num.
2596 4364 2643 4416 1.

2260 4432 2371 4505 (18)
2414 4432 2530 4483 Duo
2564 4432 2937 4505 regna._Quod
2978 4433 3089 4489 haec
3131 4434 3460 4505 similiaque
3490 4437 3755 4505 complura

516 4504 656 4573 orat.
685 4497 718 4549 5
748 4507 799 4551 et
822 4498 1096 4573 §,__contra
1119 4498 1366 4573 Arianos,
1392 4512 1445 4565 p.
1472 4496 1597 4573 102,
1760 4517 1772 4550 :
1805 4498 2085 4573 ﬂauaque).

2191 4501 2244 4553 in
2269 4496 2389 4556 istis
2406 4496 2727 4573 apocryphis
2754 4496 3127 4559 Ebionismum
3147 4496 3470 4569 redoleant,
3496 4496 3757 4561 auctorem

516 4567 724 4638 θέλημα
756 4566 848 4619 τοῦ
884 4568 1113 4638 Πατρός.
1153 4568 1471 4636 Similiaque
1494 4567 1642 4636 legas
1671 4566 1934 4621 V’ictOrini
1957 4566 2082 4621 'Afri

515 4637 608 4691 lib.
638 4652 675 4699 ι,
709 4638 955 4690 adversus
994 4637 1201 4701 Arium,
1236 4638 1482 4691 Faustini
1520 4640 1731 4692 diaconi
1762 4638 1829 4691 ad
1858 4638 2085 4693 Flaccil-

516 4708 644 4768 lam,
683 4708 869 4777 Cyrilli
912 4708 1262 4763 Alexandrini
1292 4717 1478 4761 contra
1507 4708 2081 4777 Anthropomorphitas,

513 4792 635 4850 cap.
668 4779 754 4840 14,
799 4787 852 4832 et
898 4780 1251 4850 aliorum,_t_le
1292 4779 1492 4850 quibus
1533 4778 1893 4850 Hieronymus
1930 4781 2083 4833 initio

513 4846 1037 4903 Commentariorum
1071 4850 1123 4902 in
1162 4846 1455 4917 Epistolam
1486 4848 1553 4901 ad
1581 4846 1853 4917 Ephesios,
1886 4859 1939 4905 et
1972 4851 2083 4904 Au-

512 4919 886 4991 gtistintts_xv,
926 4919 996 4972 De
1022 4919 1305 4983 Trinitate,
1352 4919 1442 4991 20,
1476 4934 1687 4973 necnon
1713 4920 1943 4973 duarum
1962 4937 2084 4991 syn-

512 4989 749 5059 odorum
775 4989 1193 5054 Toletanarum,
1246 4990 1468 5044 decima:
1497 4991 1699 5059 quinta:
1746 5006 1811 5043 ac
1857 4989 2082 5045 decima:

513 5068 697 5114 sexta».
729 5058 934 5116 Prioris
967 5062 1119 5115 locus
1154 5062 1208 5113 in
1234 5062 1378 5115 binis
1403 5058 1610 5115 levibus
1635 5062 1845 5115 mendis
1875 5062 2076 5115 cubat:

509 5129 759 5184 Diximus
783 5148 801 5185 :
846 5131 1101 5185 Voluntas
1145 5132 1321 5201 genuit
1358 5130 1677 5185 voluntatem
1703 5171 1718 5192 ,
1749 5133 1883 5185 sicut
1913 5141 1961 5183 et
1991 5148 2080 5183 sa-

510 5202 705 5259 pientia
728 5204 1065 5272 sapientiam.
1104 5203 1255 5267 Quod
1289 5202 1369 5255 vir
1404 5202 1495 5255 ille
1535 5203 1801 5256 incuriosa
1842 5203 2077 5256 lectionis

512 5278 906 5327 transcursione
925 5275 1250 5343 prwteriens,
1273 5273 1593 5326 existimavit
1623 5272 1731 5325 hwc
1761 5274 1879 5341 ipsa
1908 5274 2079 5343 nomi-

511 5360 597 5407 na,
630 5344 686 5397 id
703 5340 997 5413 cst(lege'in
1014 5354 1107 5397 aut
1124 5343 1716 5413 potiusjuxta,errandi
1737 5340 1956 5397 oecasio
1976 5340 2078 5395 fuit

514 5412 770 5487 breviatis
793 5412 1096 5487 Scriptura)
1118 5412 1415 5479 relativum,
1441 5414 2076 5487 antiseeundumeompa-

512 5485 767 5539 rationem
788 5484 1031 5540 humana:
1055 5484 1243 5540 mentis
1282 5502 1375 5539 nos
1406 5486 1660 5553 posuisse.
1688 5494 1795 5539 etc.
1831 5484 1944 5537 Nos
1975 5500 2076 5536 au—

514 5565 615 5607 tem
664 5572 767 5611 non
813 5558 1097 5611 secundum
1152 5557 1286 5610 hanc
1341 5556 1783 5623 comparationem
1833 5557 2076 5607 humana:

512 5629 719 5691 mentis,
746 5644 834 5679 nec
857 5629 1140 5680 secundum
1164 5628 1458 5688 relativum,
1485 5626 1572 5678 sed
1596 5628 1881 5679 secundum
1901 5641 2075 5678 essen-

514 5696 644 5748 tiam
694 5698 963 5751 diximus:
1002 5696 1253 5751 Voluntas
1290 5712 1355 5749 ea:
1393 5697 1692 5756 voluntate,
1732 5699 1867 5753 sicut
1899 5705 1947 5748 et
1985 5712 2074 5748 sa-

515 5767 711 5830 pientia
732 5782 796 5821 ea:
826 5769 1105 5835 sapientia.
1139 5766 1247 5819 Hoc
1273 5769 1410 5819 enim
1437 5782 1501 5819 ea:
1528 5765 1715 5837 (dubio
1754 5766 1942 5835 procul
1971 5766 2069 5837 est)

2187 4573 2380 4646 damus
2412 4572 2769 4646 Epiphaniqu
2806 4574 3074 4646 haereseos
3104 4576 3250 4646 illius
3284 4580 3482 4646 capite
3524 4577 3593 4629 16
3627 4598 3637 4630 :
3668 4575 3759 4628 Δύο

2183 4641 2239 4718 ῥέ
2270 4659 2437 4718 τινᾳς,
2576 4644 3087 4718 {cumcur/tortum
3109 4646 3174 4718 ἐκ
3203 4641 3753 4718 Θεγορίτεταγμένους·

2183 4712 2277 4784 ἕνα
2319 4714 2416 4784 μὲν
2456 4714 2544 4765 τὸν
2574 4712 2802 4784 Χριστὸν
2826 4757 2840 4780 ,
2872 4716 2964 4767 ἕνα
2990 4715 3045 4767 δὲ
3074 4715 3163 4768 τὸν
3203 4715 3488 4769 διάϐολον.
3531 4712 3643 4769 Καὶ
3682 4717 3761 4767 τὸν

2185 4783 2284 4857 μὲν
2314 4783 2542 4857 Χριστὸν
2570 4783 2787 4857 tertiqu
2814 4785 2909 4857 τοῦ
2946 4786 3225 4857 μέλλᾳντος
3250 4787 3465 4849 αἰῶνος
3497 4788 3759 4857 εἰληφένᾳι

2180 4854 2271 4926 τὸν
2302 4854 2517 4926 κλῆρον’
2550 4856 2640 4907 τὸν
2665 4855 2721 4906 δὲ
2744 4855 3005 4920 διάϐολον,
3028 4856 3213 4907 τοῦτον
3242 4854 3661 4915 namcszon
3682 4855 3759 4926 τὸν

2180 4924 2366 5001 αξῶνα·
2393 4924 2456 5001 ἐξ(
2486 4926 2795 5001 πρφσταγῆς
2815 4925 2990 5001 ξῆθεδίΔ
3003 4926 3095 4978 τοῦ
3128 4927 3613 5001 τεανῖοκράῖρρος,
3637 4925 3760 5001 nacti

2180 4994 2394 5065 αἴτησιν
2422 4994 2691 5067 ἐκαέέρων
2719 4994 2927 5067 abstini.
2949 4995 3091 5049 Duos
3113 5036 3127 5059 ,
3165 5005 3219 5048 ut
3241 4994 3374 5067 jam
3412 4994 3536 5049 didi
3557 5038 3572 5061 ,
3602 5015 3634 5049 a
3664 4998 3758 5049 Deo

2179 5068 2488 5121 constitutos
2509 5066 2746 5121 asserunt
2766 5082 2784 5129 ;
2804 5066 3069 5119 Christum
3107 5077 3156 5119 et
3187 5066 3506 5121 diabolum.
3535 5068 3761 5134 Quorum

2178 5135 2261 5188 illi
2304 5138 2490 5203 futuri,
2527 5138 2962 5205 ltuic'prwsentis
3003 5138 3184 5190 saeculi
3218 5146 3474 5202 potestas
3517 5149 3597 5192 est
3638 5151 3761 5205 eam:

2178 5208 2386 5278 missa:
2424 5210 2576 5278 idque
2614 5204 2741 5260 adeo
2773 5208 3141 5276 omnipotentis
3174 5208 3327 5278 illius
3383 5207 3671 5273 mandato,
3700 5204 3758 5258 ad

2171 5277 2853 5348 utriusquepOstulationem
2873 5293 2983 5330 esse
3006 5280 3225 5347 factum.
3260 5277 3400 5342 Quo
3427 5296 3497 5333 ex
3527 5280 3650 5334 loco
3680 5278 3760 5331 lux

2176 5356 2354 5419 Oritur
2393 5350 2547 5403 alteri
2577 5349 2772 5418 capitis
2801 5349 2853 5413 5,
2881 5364 3040 5416 quem
3082 5349 3364 5415 interpres
3418 5350 3759 5419 indiligenter

2177 5421 2231 5491 in
2271 5418 2523 5491 Latinum
2558 5415 2826 5491 convertit
2866 5415 3134 5491 :lla'zvtow
3176 5434 3234 5491 τε
3276 5415 3759 5491 κυριεύοντᾶνκαὶ

2175 5488 2407 5563 δριστὸν
2433 5490 2701 5559 λέγεσθαι,
2730 5491 2825 5563 τὸνῗ
2845 5491 3019 5542 ἐκεῖσε
3042 5490 3099 5542 δὲ
3134 5488 3315 5563 αἱῷνᾳ
3346 5488 3757 5563 πὶεκληρῶσθαι.

2174 5558 2289 5614 Hec
2320 5570 2403 5613 est
2444 5579 2456 5612 :
2488 5565 2652 5621 Atque
2683 5562 2917 5613 omnium
2953 5577 3125 5613 rerum
3168 5558 3553 5614 dominatum“
3580 5572 3755 5621 tenere,

2174 5641 2223 5683 et
2253 5630 2509 5699 appellari
2545 5630 2857 5684 Christum:
2888 5633 2939 5686 in
2973 5642 3165 5685 sortem
3201 5645 3329 5684 vero
3367 5634 3646 5700 accepisse
3671 5645 3752 5684 str-

2176 5703 2347 5755 culum
2373 5703 2508 5771 quod
2533 5701 2643 5754 illic
2672 5704 2791 5754 erit.
