4048 6262
377 310 510 367 1221

1581 310 2146 369 RECOGNITIONUM
2182 312 2306 368 LIB.
2336 314 2388 367 'I.

3459 318 3596 374 1222

371 426 524 482 ribus
563 424 942 481 benedictione
983 430 1269 494 suscepta,
1300 423 1609 480 clarissima
1653 425 1775 481 luce
1819 424 1927 479 ful-
1958 431 2002 485 Α
2030 432 2086 480 et
2131 424 2198 482 de
2228 424 2489 479 memoria
2517 426 2677 496 rapit,
2717 426 2880 480 etiam
2906 427 2953 482 si
2970 426 3097 481 velit
3126 426 3323 483 salvari
3355 442 3468 483 non
3498 446 3597 500 po-

369 528 577 589 gentes,
617 519 914 574 introducti
944 517 1013 571 ad
1043 526 1299 573 aeternam
1326 518 1508 575 sedem
1527 558 1542 584 ,
1570 525 1624 573 et
1668 518 1722 574 in
1752 518 1932 573 incor-

369 611 621 680 ruptione
662 610 957 677 durantes,
1000 609 1355 666 ineffabilium
1404 611 1672 665 bonorum
1704 625 1929 665 munera

370 708 575 754 aeterna
610 699 931 769 percipiant.

438 811 603 867 XXV.
646 812 770 867 Haec
800 829 884 869 me
916 823 1296 884 prosequente,
1326 815 1525 885 gaudio
1549 815 1802 887 perfusus
1828 816 1928 873 Pe-

366 913 486 960 trus
516 911 569 958 et
598 911 858 974 tanquam
892 919 1055 975 super
1096 904 1207 958 ﬁlio
1246 906 1571 974 tripudians,
1607 923 1675 960 ne
1704 906 1841 961 forte
1871 908 1926 961 in

361 996 697 1065 reliquorum
726 995 985 1049 memoria
1008 995 1275 1059 titubans,
1299 996 1675 1052 erubescerem
1706 1007 1928 1067 propter

361 1102 455 1142 eos
485 1087 580 1156 qui
607 1086 871 1141 aderant:
900 1085 1151 1152 Sufﬁcit,
1189 1087 1385 1158 inquit,
1428 1104 1460 1143 ο
1490 1088 1781 1155 Clemens;
1811 1090 1927 1145 evi-

359 1178 577 1233 dentius
602 1177 746 1232 enim
773 1180 885 1231 haec
912 1193 1073 1249 quam
1099 1193 1130 1232 a
1161 1194 1247 1234 me
1271 1180 1390 1250 ipso
1412 1183 1657 1251 exposita
1686 1182 1921 1245 fuerant,

357 1267 601 1323 edidisti.
628 1266 695 1322 Et
728 1282 829 1338 ego
858 1268 946 1324 aio
972 1288 986 1324 :
1018 1268 1288 1324 Narrandi
1310 1270 1580 1337 ordinem,
1604 1282 1658 1328 et
1687 1274 1922 1331 lucidius

357 1372 421 1412 ea
449 1372 571 1427 qua:
596 1372 683 1413 res
724 1359 928 1429 expetit
966 1359 1299 1429 proferendi,
1337 1362 1575 1417 eruditio
1599 1363 1759 1418 nobis
1790 1379 1922 1419 con-

355 1449 483 1504 tulit
509 1449 773 1514 liberalis,
798 1466 906 1521 qua
937 1451 984 1506 si
1014 1459 1234 1508 utamur
1256 1454 1313 1508 in
1343 1455 1685 1526 antiquitatis
1720 1458 1922 1516 errori-

354 1541 481 1606 bus,
510 1542 564 1595 in
594 1541 891 1612 perniciem
923 1544 1045 1598 vita:
1071 1547 1363 1602 verborum
1394 1547 1592 1604 decore
1633 1565 1697 1604 ac
1737 1550 1921 1605 suavi-

352 1642 463 1690 tate
504 1634 831 1704 decidimus;
864 1638 909 1693 si
950 1654 1082 1694 vero
1121 1639 1190 1695 ad
1237 1643 1587 1699 asserendam
1631 1645 1916 1700 veritatem

352 1725 713 1783 eruditionem
743 1732 1011 1799 sermonis
1037 1739 1091 1787 et
1119 1733 1347 1803 gratiam
1379 1732 1725 1791 conferamus
1745 1775 1759 1799 ,
1784 1744 1917 1806 puto

351 1833 417 1873 ex
456 1818 556 1872 hoc
585 1835 694 1873 non
732 1836 922 1891 parum
954 1824 1208 1879 utilitatis
1244 1827 1474 1896 acquiri.
1506 1826 1910 1893 Verumtamen,

353 1907 427 1961 mi
477 1907 697 1965 domine
743 1909 932 1977 Petre,
964 1921 1168 1984 quanta
1215 1930 1302 1972 me
1339 1917 1627 1973 arbitraris
1672 1920 1915 1988 gratula-

351 1998 499 2054 tionc
524 2001 817 2067 sublatum,
848 2018 971 2058 cum
1007 2006 1063 2060 in
1092 2007 1304 2062 caeteris
1329 2007 1604 2072 omnibus,
1632 2018 1743 2063 tum
1776 2025 1915 2080 prte-

351 2090 509 2157 cipuc
538 2090 592 2143 in
636 2090 785 2147 illius
820 2092 1083 2149 doctrina:
1127 2096 1417 2161 sententia,
1450 2112 1557 2166 qua
1589 2100 1670 2152 ais
1704 2117 1718 2153 :
1759 2097 1912 2155 Unus

348 2192 434 2238 est
478 2182 644 2247 Deus,
693 2187 851 2255 cujus
896 2201 1034 2257 Opus
1081 2189 1318 2245 mundus
1366 2196 1488 2254 est,
1532 2191 1755 2261 quique.
1784 2192 1912 2262 quia

345 2274 529 2343 justus
567 2282 651 2330 est
694 2278 1023 2334 omnimodis
1047 2319 1062 2345 ,
1106 2280 1400 2350 unicuique
1429 2297 1528 2351 pro
1557 2282 1770 2338 actibus
1796 2282 1909 2339 suis

350 2367 553 2423 reddet.
606 2368 673 2422 Et
721 2379 843 2440 post
874 2371 988 2427 haec
1016 2362 1269 2427 a'ddidisti
1294 2413 1309 2438 ,
1343 2373 1569 2431 dicens:
1605 2375 1710 2430 Pro
1751 2377 1910 2447 cujus

348 2460 612 2530 dogmatis
639 2464 941 2519 assertione
962 2465 1245 2523 innumera
1268 2470 1558 2524 verborum
1588 2469 1757 2523 millia
1790 2486 1909 2525 mo-

346 2550 647 2619 vehuntur;
681 2553 777 2608 sed
806 2555 861 2608 in
892 2556 1007 2619 his,
1050 2558 1247 2627 quibus
1287 2560 1404 2614 veri
1450 2560 1724 2629 prophetae
1770 2576 1907 2615 con-

347 2658 502 2698 cessa
522 2653 604 2699 est
625 2646 873 2711 scientia,
896 2649 1075 2705 omnis
1098 2651 1200 2706 ista
1222 2651 1513 2705 verborum
1540 2652 1673 2706 silva
1694 2654 1908 2708 succisa

344 2740 450 2789 est.
497 2733 562 2789 Et
614 2746 831 2809 propter
869 2740 974 2794 hoc
1019 2756 1143 2796 cum
1175 2743 1309 2797 mihi
1342 2743 1633 2798 tradideris
1668 2744 1735 2799 de
1775 2759 1906 2799 vero

344 2824 605 2895 propheta
626 2841 952 2896 sermonem,
977 2832 1123 2886 omni
1148 2848 1234 2888 me
1255 2835 1621 2889 assertionum
1654 2837 1908 2892 ﬁrmitate

344 2914 635 2971 roborasti.
662 2915 790 2972 Inde
810 2918 1044 2990 denique
1068 2936 1169 2991 ego
1197 2936 1318 2976 cum
1341 2923 1697 2979 advertissem
1724 2925 1777 2978 in
1802 2925 1906 2979 hoc

343 3025 613 3066 summam
655 3011 825 3067 totius
864 3012 1142 3084 religionis
1187 3015 1513 3087 pietatisque
1564 3018 1899 3080 consistere,

2034 518 2191 584 terit;
2230 517 2405 588 perdit
2434 518 2576 571 enim
2604 518 2769 583 viam,
2802 533 2907 588 qua
2936 520 3249 589 pervenitur
3298 520 3363 573 ad
3403 521 3589 579 vitam.

2032 608 2262 679 Propter
2290 609 2434 679 quod
2486 623 2551 665 eo
2581 610 2752 678 magis
2779 620 3091 679 repetamus
3123 627 3241 681 qua:
3264 613 3408 667 dicta
3441 623 3591 682 sunt,

2030 709 2083 757 et
2110 701 2497 757 eonﬁrmemus
2527 717 2590 758 ea
2640 703 2694 755 in
2716 702 2879 756 corde
2908 710 3038 769 tuo;
3074 702 3125 755 id
3182 713 3285 769 est,
3318 708 3593 775 quomodo

2028 795 2113 849 vel
2158 809 2187 848 a
2212 810 2318 865 quo
2347 794 2525 850 factus
2552 795 2622 850 sit
2653 794 2909 860 mundus,
2945 801 3001 848 ut
3030 795 3320 851 tendamus
3359 798 3425 852 ad
3456 800 3595 852 ami-

2030 887 2217 941 citiam
2257 886 2589 942 Conditoris.
2640 888 2894 942 Amicitia
2952 898 3131 941 autem
3171 888 3402 945 elﬁcitur
3452 892 3593 947 bene

2031 979 2265 1034 vivendo
2295 986 2349 1034 et
2369 980 2636 1033 voluntati
2670 980 2789 1049 ejus
2822 980 3145 1044 obediendo,
3187 998 3307 1051 quae
3340 985 3594 1042 voluntas

2027 1071 2272 1124 omnium
2321 1071 2616 1126 viventium
2686 1072 2774 1127 lex
2808 1112 2811 1115 ‹
2844 1079 2945 1127 est.
3003 1072 3247 1127 Breviter
3306 1090 3436 1145 ergo
3492 1077 3593 1131 tibi

2027 1162 2141 1216 hate
2167 1162 2356 1217 eadem
2412 1162 2668 1217 ﬁrmioris
2715 1178 2881 1217 causa
2941 1165 3215 1219 memoriae
3260 1174 3589 1224 retexemus.

2094 1252 2307 1310 XXVII.
2352 1252 2411 1308 ln
2469 1253 2739 1325 principio
2777 1270 2901 1309 cum
2940 1254 3159 1310 fecisset
3194 1256 3353 1326 .Deus
3392 1259 3590 1313 cmlum

2021 1353 2075 1402 et
2112 1347 2402 1412 terram",
2438 1354 2697 1417 tanquam
2736 1347 2957 1402 domum
2998 1364 3183 1415 unam,
3210 1349 3327 1420 ipsa
3368 1366 3486 1422 quae
3525 1367 3592 1405 ex

2021 1441 2346 1510 corporibus
2386 1442 2574 1495 mundi
2615 1441 2827 1498 reddita
2865 1451 2950 1497 est
2980 1443 3193 1507 umbra,
3226 1444 3311 1499 his
3350 1461 3469 1515 qua:
3508 1444 3594 1498 in-

2020 1534 2293 1588 trinsecus
2331 1534 2517 1589 clausa
2556 1534 2801 1600 fuerant,
2838 1535 3091 1591 tenebras
3106 1551 3171 1590 ex
3190 1552 3249 1590 se
3285 1536 3453 1593 dedit.
3484 1536 3591 1592 Sed

2019 1639 2143 1677 cum
2171 1626 2424 1681 voluntas
2450 1626 2545 1681 Dei
2577 1626 2969 1683 introduxisset
3004 1629 3199 1691 lucem,
3226 1630 3460 1683 tenebraa
3488 1631 3593 1683 illae

2019 1732 2140 1787 quae
2176 1733 2243 1772 ex
2267 1719 2461 1772 umbra
2495 1734 2785 1789 corporum
2817 1719 2973 1775 factae
3006 1720 3221 1775 fuerant
3242 1720 3389 1792 ⁵(19),
3415 1723 3593 1776 conti-

2017 1825 2127 1864 nuo
2149 1809 2423 1865 devorata}
2451 1821 2615 1880 sunt;
2647 1820 2779 1867 tunc
2806 1812 3005 1868 deinde
3029 1814 3119 1867 lux
3152 1813 3207 1867 in
3244 1812 3409 1879 diem,
3439 1822 3591 1868 tene-

2016 1903 2129 1957 bra:
2162 1902 2494 1973 deputantur
2535 1906 2590 1960 in
2642 1914 2878 1961 noctem.
2926 1904 3047 1959 Jam
3104 1920 3233 1961 vero
3276 1920 3438 1975 aqua,
3470 1920 3592 1975 qua:

2015 2005 2133 2052 erat
2161 1998 2304 2053 intra
2333 2001 2620 2066 mundum,
2650 2002 2705 2055 in
2744 2001 2923 2056 medio
2950 1999 3111 2069 primi
3152 1998 3298 2054 illius
3333 1999 3461 2053 coeli
3487 2008 3593 2053 ter-

2016 2106 2198 2162 neque
2238 2094 2454 2164 spatio,
2513 2095 2670 2163 quasi
2731 2094 2855 2163 gelu
2904 2102 3160 2147 concreta
3214 2099 3269 2146 et
3325 2092 3588 2162 crystallo

2015 2184 2246 2238 solidata
2276 2185 2626 2251 distenditur,
2646 2194 2700 2241 et
2722 2185 3037 2256 hujusmodi
3069 2186 3411 2239 ﬁrmamento
3442 2185 3590 2238 velut

2014 2276 2460 2333 intercluduntur
2491 2280 2668 2334 media
2699 2279 2827 2334 coeli
2871 2293 2935 2332 ac
2970 2286 3131 2332 terrae
3170 2278 3347 2346 spatia
3376 2295 3390 2343 ;
3424 2278 3589 2347 idque

2011 2370 2409 2422 ﬁrmamentum
2432 2371 2632 2423 cmlum
2662 2369 2925 2425 Conditor
2967 2369 3276 2438 appellavit,
3308 2371 3587 2439 antiquio-

2012 2462 2090 2517 ris
2116 2460 2263 2517 illius
2288 2462 2554 2516 vocabulo
2576 2470 2967 2531 nuncupatum.
3004 2461 3067 2514 Et
3087 2462 3163 2515 ita
3191 2463 3360 2516 totius
3391 2460 3585 2516 mundi

2009 2553 2338 2618 machinam,
2363 2570 2485 2609 cum
2538 2570 2645 2608 una
2671 2555 2864 2609 domus
2890 2562 3060 2619 esset,
3094 2553 3153 2607 in
3206 2554 3345 2609 duas
3388 2555 3585 2609 dividit

2008 2647 2279 2717 regiones.
2336 2646 2634 2703 Divisionis
2692 2655 2872 2702 autem
2897 2647 3011 2701 haec
3038 2644 3141 2701 fuit
3170 2662 3358 2714 causa,
3384 2658 3443 2703 ut
3492 2664 3586 2702 su-

2008 2753 2179 2809 perna
2206 2741 2357 2811 regio
2386 2742 2595 2811 angelis
2625 2741 3018 2805 habitaculum,
3045 2740 3273 2796 inferior
3292 2755 3423 2797 vero
3452 2756 3586 2811 pra:-

2008 2831 2163 2887 beret
2216 2832 2552 2888 hominibus.
2608 2832 2740 2889 Post
2793 2834 2907 2888 haec
2954 2833 3100 2903 quod
3158 2835 3429 2903 reliquum
3480 2833 3585 2887 fuit

2008 2923 2065 2978 in
2095 2923 2446 2981 inferioribus
2479 2941 2768 2995 aquarum,
2797 2926 2955 2996 jussu
3000 2926 3298 2981 voluntatis
3335 2933 3575 2989 mternae,

2008 3017 2163 3072 locus
2193 3018 2360 3072 maris
2405 3026 2458 3072 et
2514 3018 2682 3073 chaos
2740 3017 2990 3072 effectum
3036 3018 3263 3087 recepit,
3296 3018 3482 3087 eisque
3511 3016 3578 3070 ad

342 3101 487 3157 illico
518 3104 775 3174 respondi
810 3119 822 3155 :
856 3103 1070 3175 Optime
1096 3117 1419 3176 prosecutus
1448 3125 1529 3173 es,
1560 3107 1740 3175 Petre,
1774 3125 1901 3180 pro—
1931 3120 1973 3179 (ζ
2005 3108 2254 3166 demersa
2276 3117 2329 3165 et
2367 3125 2611 3165 concava
2637 3111 3027 3176 defluentibus,
3061 3109 3213 3164 arida
3240 3110 3459 3180 quidem
3488 3124 3581 3179 ap-

337 3200 456 3263 pter
476 3197 621 3265 quod
647 3196 713 3252 de
736 3197 947 3267 reliquo
970 3199 1082 3267 jam
1112 3207 1372 3271 tanquam
1397 3203 1614 3265 scienti,
1649 3218 1768 3273 quae
1792 3204 1903 3259 sint

338 3284 689 3343 fundamenta
712 3288 835 3343 ﬁdei
862 3297 915 3345 et
942 3292 1183 3360 pietatis,
1212 3294 1328 3348 veri
1352 3294 1627 3364 prophetae
1648 3297 1901 3351 traditio-

336 3393 434 3434 nes
473 3380 857 3436 incunctanter
886 3397 1117 3451 expone,
1152 3384 1241 3436 cui
1274 3385 1375 3439 soli
1413 3385 1742 3439 credendum
1779 3403 1902 3441 esse

334 3471 616 3525 evidenter
647 3474 935 3541 probatum
968 3483 1070 3529 est.
1107 3474 1261 3528 Illam
1302 3492 1432 3529 vero
1477 3478 1895 3546 expositionem,

336 3577 457 3630 qua:
499 3564 892 3619 assertionibus
922 3575 974 3619 et
1003 3566 1340 3635 argumentis
1380 3565 1637 3636 indigeat,
1667 3567 1901 3621 inﬁdeli-

332 3657 434 3711 bus
471 3672 647 3719 serva,
678 3658 876 3727 quibus
910 3658 1152 3713 nondum
1188 3658 1529 3713 committere
1570 3659 1898 3730 prophetica;

329 3747 518 3816 gratiae
548 3747 960 3804 indubitabilem
983 3749 1315 3819 judicaveris
1336 3750 1513 3805 ﬁdem.
1541 3750 1751 3805 Etcum
1782 3753 1897 3809 hinc

328 3837 608 3903 dixissem,
666 3848 724 3893 tu
757 3847 1049 3911 utrumque
1070 3882 1083 3907 ,
1126 3842 1371 3914 inquam,
1407 3844 1683 3914 pollicitus
1711 3860 1771 3899 es
1794 3883 1809 3909 ,
1841 3853 1896 3900 et

328 3928 469 3983 hanc
495 3938 544 3983 te
570 3930 700 3983 mihi
729 3932 1029 4001 simplicem
1056 3935 1450 4004 expositionem
1474 3950 1537 3989 ac
1561 3936 1728 3991 totius
1749 3952 1894 3990 erro-

324 4021 402 4076 ris
442 4029 747 4091 expertem,
792 4033 847 4078 et
891 4024 1036 4077 illam
1067 4041 1187 4095 qua}
1230 4041 1327 4096 per
1365 4028 1610 4097 singulas
1647 4042 1892 4097 quasque

323 4114 653 4182 quaestiones
680 4116 1005 4186 explicatur,
1029 4135 1149 4188 quae
1170 4120 1551 4183 movebuntur,
1573 4120 1626 4174 in
1650 4128 1892 4190 tempore

324 4207 679 4261 traditurum.
713 4207 778 4261 Et
810 4218 933 4280 post
964 4210 1076 4265 hinc
1099 4212 1401 4281 exposuisti
1434 4228 1530 4282 per
1559 4212 1832 4276 ordinem,
1860 4229 1890 4266 a

321 4297 591 4369 principio
622 4299 811 4354 mundi
855 4316 1028 4372 usque
1059 4302 1126 4356 ad
1156 4318 1397 4372 praesens
1439 4311 1653 4381 tempus
1694 4319 1887 4359 conse-

321 4391 597 4458 quentiam
640 4407 853 4458 rerum;
886 4400 941 4447 et
977 4393 1023 4449 si
1061 4395 1274 4465 placet,
1313 4411 1537 4466 possum
1582 4398 1895 4452 memoriter

323 4482 582 4538 universa
615 4492 883 4541 retexere.

388 4597 577 4655 XXVI.
626 4600 706 4657 Ad
739 4603 853 4658 haec
888 4602 1085 4661 Petrus
1126 4624 1139 4659 :
1168 4605 1475 4676 Magniﬁce,
1509 4608 1717 4677 inquit,
1743 4608 1890 4663 dele-

319 4698 460 4756 ctor,
482 4710 515 4747 o
544 4693 819 4762 Clemens,
846 4698 993 4768 quod
1045 4706 1156 4754 tam
1208 4706 1327 4754 tuto
1359 4700 1511 4755 cordi
1554 4702 1717 4756 verba
1741 4717 1892 4755 com-

322 4784 579 4853 mittam;
614 4804 906 4846 memorem
945 4808 1182 4863 namque
1235 4809 1359 4848 esse
1414 4809 1601 4848 eorum
1633 4811 1755 4865 qua:
1805 4796 1889 4850 di-

318 4883 538 4942 cuntur,
588 4879 848 4936 indicium
898 4891 983 4939 est
1032 4885 1087 4939 in
1136 4897 1388 4955 promptu
1435 4886 1632 4941 habere
1659 4902 1886 4957 operum

319 4966 510 5022 ﬁdem:
546 4970 632 5025 cui
658 4988 786 5029 vero
817 4977 992 5033 malus
1012 4978 1224 5033 (133111011
1249 4979 1443 5035 salutis
1474 4980 1640 5034 verba
1674 4978 1887 5034 furatur

389 5146 433 5177 "
462 5144 599 5206 Gen.
633 5164 670 5203 ι.

2005 3204 2187 3272 paruit
2202 3211 2366 3259 terra.
2392 3202 2854 3274 Congregationes
2878 3210 3061 3257 autem
3080 3204 3581 3273 aquarum,cllecta

2005 3304 2134 3351 sunt
2166 3298 2356 3351 maria.
2413 3297 2480 3351 Et
2524 3306 2647 3368 post
2678 3299 2791 3352 haec
2839 3306 3007 3363 terra,
3055 3314 3175 3369 quae
3228 3311 3577 3368 apparuerat,

2004 3389 2295 3446 herbarum
2326 3398 2379 3445 et
2417 3392 2779 3463 virgultorum
2828 3391 3043 3447 diversa
3067 3406 3267 3462 genera
3298 3391 3574 3460 produxit,

2007 3484 2184 3538 fontes
2242 3498 2459 3554 quoque
2510 3492 2564 3540 et
2597 3483 2792 3541 ﬂuvios
2857 3503 2962 3540 non
3020 3487 3197 3540 solum
3258 3486 3314 3538 in
3358 3485 3574 3555 planis,

2006 3576 2101 3630 sed
2121 3584 2175 3631 et
2202 3576 2256 3630 in
2290 3578 2567 3633 montibus
2586 3580 2845 3647 protulit;
2884 3586 2937 3632 et
2968 3593 3047 3633 Sic
3064 3585 3259 3632 cuncta
3278 3586 3577 3647 praaparata

2005 3676 2155 3732 sunt,
2183 3677 2241 3722 ut
2266 3668 2580 3723 hominibus
2602 3672 2695 3739 qui
2724 3670 3038 3723 habitarent
3070 3673 3126 3722 in
3181 3684 3265 3733 ea,
3298 3679 3441 3723 esset
3488 3668 3571 3721 fa-

2004 3763 2181 3817 cultas
2212 3762 2297 3816 his
2329 3762 2584 3818 omnibus
2612 3779 2713 3832 pro
2743 3764 2972 3817 arbitrio
3004 3763 3105 3826 uti,
3158 3763 3213 3817 id
3242 3770 3324 3818 est
3365 3764 3479 3818 sive
3507 3763 3574 3817 ad

2004 3855 2141 3909 bona
2170 3855 2358 3917 velint,
2384 3854 2499 3909 sive
2529 3856 2692 3910 etiam
2727 3856 2791 3909 ad
2824 3858 2986 3910 mala.

2070 3944 2304 4000 XXVIII.
2361 3945 2491 4000 Post
2521 3947 2635 4001 hinc
2694 3948 2866 4003 stellis
2900 3948 3133 4002 adornat
3177 3949 3377 4004 cmlum
3424 3949 3569 4004 istud

1998 4040 2231 4095 visibile.
2288 4039 2469 4093 Solem
2532 4056 2749 4109 quoque
2794 4050 2847 4096 et
2890 4042 3073 4094 lunam
3130 4043 3281 4110 ponit
3307 4044 3361 4095 in
3394 4059 3477 4110 eo,
3513 4051 3573 4096 ut

1999 4134 2223 4187 alterius
2252 4133 2457 4187 lumine
2483 4132 2622 4196 dies,
2648 4144 2701 4188 et
2734 4152 2839 4188 nox
2878 4142 3124 4189 uteretur
3182 4136 3429 4200 alterius,
3489 4138 3565 4192 si-

1998 4225 2221 4292 mulque
2252 4231 2311 4277 ut
2341 4232 2525 4279 essent
2549 4224 2753 4279 indicio
2772 4242 2953 4280 rerum
2986 4230 3408 4296 praeteritarum,
3431 4247 3567 4298 prte-

1998 4316 2238 4371 sentium
2271 4325 2323 4370 ct
2356 4316 2683 4372 futurarum.
2734 4318 2840 4372 Pro
2864 4319 3036 4389 signis
3084 4320 3230 4374 enim
3262 4327 3565 4391 temporum

2001 4412 2143 4467 facta
2174 4420 2303 4468 sunt
2335 4429 2398 4467 ac
2430 4414 2665 4477 dierum,
2700 4429 2821 4483 quae
2843 4414 3097 4469 videntur
3124 4415 3341 4484 quidem
3369 4417 3437 4469 ab
3461 4432 3572 4468 0m-

2001 4509 2183 4572 nibus,
2217 4508 2597 4576 intelliguntur
2628 4516 2809 4560 autem
2840 4506 2906 4559 ab
2935 4506 3168 4561 eruditis
3189 4516 3241 4559 et
3265 4507 3568 4577 intell'gen-

2000 4602 2149 4657 tibus
2180 4601 2334 4655 solis.
2390 4600 2636 4670 Cumque
2685 4606 2808 4669 post
2837 4599 2952 4653 haec
3000 4599 3065 4653 de
3120 4609 3263 4653 terra
3311 4608 3363 4653 et
3411 4606 3566 4667 aquis

1999 4695 2227 4766 produci
2253 4692 2515 4764 jussisset
2544 4692 2864 4754 animantia,
2884 4690 3199 4760 paradisum
3230 4690 3379 4755 fecit,
3401 4707 3561 4760 quem

1997 4797 2051 4842 et
2080 4787 2399 4841 deliciarum
2442 4785 2622 4838 locum
2654 4783 2975 4837 nominavit.
3028 4781 3159 4837 Post
3222 4782 3335 4836 hmc
3381 4790 3559 4835 autem

1999 4881 2184 4935 omnia
2216 4879 2490 4933 hominem
2524 4877 2673 4941 fecit,
2698 4886 2921 4947 pr0pter
2938 4894 3097 4947 quem
3131 4886 3326 4931 cuncta
3354 4890 3561 4947 praepa-

1996 4981 2235 5041 raverat,
2287 4974 2446 5045 cujus
2500 4973 2715 5028 interna
2752 4972 2962 5043 species
2998 4981 3083 5027 est
3114 4970 3389 5041 antiquior
3421 4968 3557 5039 ('20),

1610 5351 1978 5424 comesa"
2028 5352 2261 5410 None.

388 5503 499 5575 (l9)
541 5503 788 5583 Teneer
818 5504 947 5583 illis,
975 5524 1090 5578 qua:
1116 5513 1390 5583 ea:_t_tnibra
1428 5530 1703 5582 corporum
1735 5514 1890 5583 facta:

313 5574 545 5655 fuerant.
582 5574 915 5655 Consulendi
948 5574 1158 5655 veteres
1188 5574 1887 5655 Hexaemeri'lnterpretes,

312 5662 438 5725 cum
469 5646 711 5725 Caesarie
757 5658 953 5716 quaest.
987 5648 1049 5701 61
1086 5660 1146 5725 _e_t
1193 5652 1317 5715 114,
1360 5651 1606 5725 Gedreno
1636 5646 1885 5725 aliisque.

314 5718 550 5796 ϐράκειῄ
575 5717 739 5796 verba
770 5726 1026 5796 corrupta
1047 5719 1301 5796 videntur
1330 5723 1448 5796 :_Tb
1474 5725 1583 5796 γὰρ
1617 5717 1803 5796 mro;
1825 5727 1889 5778 ἐκ
1932 5758 1935 5761 -

321 5788 418 5857 τῆς
447 5786 541 5841 τοῦ
596 5781 826 5862 οὖροινοῦ
854 5781 1237 5858 ὲφάπλώσεῳς,
1290 5793 1382 5845 καὶ
1430 5781 1498 5847 τά
1549 5781 1652 5848 ὖπὸ
1696 5781 1887 5849 τούτου

1993 5516 2303 5589 σκεπόμενα
2321 5515 2560 5589 γέχονεγ.
2592 5517 2731 5583 Quid
2756 5517 2803 5572 si
2830 5518 3097 5589 legamus.
3124 5520 3263 5573 κατά
3286 5520 3406 5574 loco
3435 5516 3549 5585 καί,

1991 5585 2093 5640 hoc
2127 5585 2290 5659 sensu
2325 5606 2338 5641 :
2377 5585 2619 5659 Tenebrae
2645 5589 2801 5652 enim,
2838 5585 2951 5642 criti
2986 5592 3279 5644 extensione
3308 5607 3459 5659 super
3486 5606 3551 5643 ea

1995 5672 2111 5725 qua:
2144 5656 2329 5727 αὸξξιιο
2362 5656 2664 5727 tegebantur
2690 5659 3042 5714 exstiterunt?

2066 5726 2384 5800 (20)_Cujua
2416 5726 2640 5800 interna
2686 5730 2875 5800 species
2921 5740 2997 5782 est
3037 5732 3318 5800 antiquior.
3367 5730 3550 5785 Codex

1992 5795 2224 5856 Carmel.
2268 5795 2362 5869 qui
2412 5799 2555 5855 notis
2592 5795 2983 5870 marginalibus
3014 5800 3067 5855 in
3117 5795 3323 5857 textum
3365 5801 3547 5857 relatis
