4048 6262
512 320 651 375 £227

1366 316 1424 372 8.
1459 315 1860 372 CLEMENTIS
1893 315 1913 369 l
1947 315 2116 372 BOM.
2160 314 2361 372 PONT.
2402 312 2631 370 UPERA
2667 312 2895 371 DUBIA.

3588 321 3699 379 1128

512 436 725 507 plenius
744 450 869 493 eum
898 434 967 491 de
988 434 1077 493 his
1103 449 1224 508 quae
1258 434 1463 492 sentire
1485 436 1675 507 coepit,
1699 436 1941 491 edocuit.
1976 433 2084 490 Sed
2114 444 2160 501 Α
2189 436 2423 507 patriam
2464 443 2689 502 terram,
2742 436 2932 491 decem
2987 430 3163 502 plagis
3211 431 3520 489 cmlestibus
3543 435 3711 503 adecit,

507 537 560 583 et
597 528 729 599 quid
758 528 941 600 generi
970 528 1092 599 ejus
1119 544 1183 584 ac
1217 528 1525 599 posteritati
1553 528 1867 592 deberetur,
1901 534 2087 583 osten-

508 620 612 684 dit,
639 628 692 677 et
723 636 833 675 non
850 628 958 674 tam
989 621 1070 676 eis
1093 620 1274 675 danda
1302 621 1417 675 hzec
1444 621 1585 686 loca,
1615 635 1779 691 quam
1810 619 2085 675 reddenda

507 711 781 782 promisit.

581 798 820 857 XXXIII.
851 799 1023 873 Igitur
1051 800 1326 856 Abraham
1349 816 1476 855 cum
1504 815 1690 856 rerum
1718 814 1917 856 causas
1946 800 2089 858 desi-

506 891 722 948 deraret
760 907 1076 964 agnoscere,
1111 890 1274 963 idque
1303 907 1489 946 secum
1513 892 1719 946 intenta
1750 902 1933 948 mente
1962 908 2087 963 per-

508 985 768 1049 volveret,
832 985 1082 1057 apparuit
1126 984 1177 1040 ei
1225 1000 1390 1039 verus
1443 982 1737 1054 Propheta,
1786 986 1880 1055 qui
1934 986 2086 1042 solus

512 1070 794 1127 hominum
841 1075 1004 1128 corda
1051 1082 1105 1129 et
1140 1074 1481 1144 propositum
1537 1076 1710 1140 novit,
1737 1077 1996 1130 etomnia
2034 1077 2085 1131 ei

506 1178 629 1231 quae
657 1162 1000 1218 desiderabat
1040 1165 1277 1236 aperuit,
1314 1166 1629 1223 Divinitatis
1680 1169 1962 1225 scientiam
1988 1170 2086 1225 do-

506 1255 642 1319 cuit,
684 1257 871 1311 mundi
921 1257 1186 1328 originem
1218 1258 1489 1330 ﬁnemque
1540 1261 1744 1330 pariter
1800 1263 2082 1329 indicavit,

508 1345 703 1400 animat
735 1346 1196 1403 immortalitatem
1246 1363 1311 1404 ac
1352 1349 1569 1405 vivendi
1602 1352 1850 1407 instituta
1885 1355 2086 1423 quibus

507 1435 617 1491 Deo
673 1438 1016 1507 placeretur,
1073 1440 1346 1505 ostendit,
1418 1451 1828 1500 resurrecturos
1866 1460 2086 1516 quoque

507 1534 771 1591 mortuos,
801 1542 865 1582 ac
881 1528 1148 1597 judicium
1179 1529 1446 1595 futurum,
1478 1532 1747 1587 bonorum
1768 1548 2087 1589 remunera-

504 1618 729 1682 tionem,
758 1618 1025 1673 malorum
1055 1635 1269 1689 pmnas,
1323 1621 1475 1691 justo
1500 1630 1698 1678 cuncta
1748 1625 2086 1681 moderando

498 1708 705 1777 judicio
732 1708 1063 1775 declaravit,
1096 1712 1459 1783 omnibusque
1510 1714 1614 1770 rite
1645 1729 1709 1770 ac
1751 1715 2086 1772 sufﬁcienter

2189 529 2447 599 populum
2496 540 2628 582 vero
2665 527 2759 584 Dei
2782 526 2973 583 eduxit
3000 542 3069 581 ex
3102 523 3358 595 Egypto.
3413 523 3512 579 Sed
3536 528 3619 596 qui
3637 546 3715 584 su-

2191 618 2513 688 perfuerant
2541 635 2609 674 ex
2654 618 2950 691 Egyptiis,
2978 617 3284 687 conspirati
3318 630 3439 671 cum
3491 619 3718 677 animosi-

2185 715 2297 762 tate
2325 711 2469 779 regis
2495 710 2604 774 sui,
2636 709 2869 765 insecuti
2906 718 3037 764 sunt
3092 707 3391 772 Hebraeos;
3434 723 3567 777 quos
3611 725 3716 765 cum

2186 790 2524 869 reperissent
2553 816 2717 870 super
2743 799 2896 854 littus
2922 798 3116 862 maris,
3149 805 3203 852 et
3234 798 3536 853 interimere
3555 813 3721 856 omnes

2187 903 2251 943 ac
2285 888 2468 946 delere
2531 894 2857 963 cogitarent,
2910 888 3125 960 Moyses
3182 888 3428 943 oratione
3464 888 3527 942 ad
3574 888 3720 944 Deum

2190 981 2311 1038 fusa
2334 998 2485 1038 mare
2529 983 2585 1038 in
2612 983 2753 1040 duas
2794 988 2981 1053 partes
3009 981 3219 1043 divisit,
3248 981 3321 1035 ita
3356 989 3413 1035 ut
3452 996 3585 1052 aqua
3610 982 3725 1037 dex-

2188 1081 2303 1129 tera
2350 1074 2592 1145 laevaque
2646 1074 2806 1145 quasi
2847 1074 2968 1143 gelu
3018 1079 3276 1128 concreta
3335 1081 3627 1137 teneretur,
3679 1082 3725 1127 et

2187 1164 2420 1235 populus
2475 1165 2697 1235 quidem
2728 1163 2823 1219 Dei
2858 1165 3120 1220 transiret
3160 1165 3309 1218 velut
3357 1163 3459 1218 iter
3505 1163 3726 1225 aridum.

2188 1256 2537 1327 insequentes
2572 1272 2702 1311 vero
2736 1272 2830 1312 eos
2858 1256 3100 1329 Egyptii
3132 1264 3338 1310 temere
3385 1254 3603 1326 ingressi
3645 1273 3728 1310 ne-

2187 1356 2463 1404 carentur.
2516 1347 2620 1403 Ubi
2647 1349 2794 1403 enim
2826 1349 3054 1403 ultimus
3081 1363 3147 1403 ex
3177 1346 3528 1402 Hebraeorum
3555 1348 3733 1417 pepqu

2186 1438 2455 1500 ascendit.
2507 1436 2889 1511 Egyptiorum
2939 1454 3158 1510 quoque
3200 1437 3432 1493 ultimus
3477 1438 3732 1495 descendit

2186 1529 2245 1585 in
2270 1546 2440 1595 mare,
2472 1538 2526 1586 et
2555 1532 2819 1586 continuo
2848 1545 3003 1601 aqua:
3031 1530 3201 1585 maris
3239 1544 3361 1599 quae
3389 1538 3450 1583 ut
3482 1531 3597 1601 gelu
3620 1545 3736 1584 con-

2186 1625 2390 1677 strictae
2414 1624 2758 1688 tenebantur,
2781 1631 3053 1693 praecepto
3079 1624 3201 1692 ejus
3222 1623 3320 1692 qui
3351 1622 3735 1678 constrinxerat

2186 1712 2465 1778 relaxatm,
2493 1728 2684 1784 pmnas
2730 1715 2798 1769 de
2838 1714 3133 1784 impiorum
3166 1713 3371 1784 populo
3405 1721 3618 1782 recepta
3652 1727 3739 1766 na-

502 1801 716 1856 edoctis
745 1799 813 1854 ad
842 1801 1001 1856 sedes
1034 1817 1229 1859 rursus
1268 1803 1573 1860 invisibiles
1594 1808 1840 1862 secessit.
1879 1806 2080 1863 Verum
2118 1786 2159 1842 Β
2186 1813 2319 1859 tura:
2346 1820 2458 1859 sua:
2489 1805 2742 1861 libertate
2771 1815 3144 1874 sumpserunt.

500 1905 626 1945 cum
662 1891 841 1945 adhuc
866 1891 1138 1946 Abraham
1192 1894 1247 1947 in
1286 1894 1592 1965 ignorantia
1620 1906 1950 1965 versaretur,
1974 1903 2081 1955 sic-

501 1986 561 2032 ut
592 1979 689 2033 tibi
720 1988 774 2035 et
804 1989 961 2035 antea
990 1981 1103 2050 jam
1131 1981 1392 2046 diximus,
1454 1986 1569 2038 nati
1590 1994 1718 2040 sunt
1744 1987 1793 2041 ei
1824 1986 1915 2041 ﬁlii
1945 1989 2077 2054 duo,

501 2086 733 2141 quorum
761 2070 1137 2137 unuslsmael,
1173 2074 1314 2131 alius
1339 2073 1651 2132 Heliesdros
1681 2078 1793 2150 (32)
1826 2080 2079 2149 appellati

502 2171 652 2219 sunt.
707 2162 787 2218 Ex
832 2165 941 2219 alio
984 2164 1228 2220 barbarae
1281 2174 1504 2237 gentes,
1536 2184 1603 2224 ex
1653 2170 1759 2224 alio
1788 2169 2079 2226 Persarum

502 2255 687 2326 populi
721 2256 1079 2311 descendunt.
1122 2256 1165 2310 E
1206 2258 1409 2327 quibus
1432 2261 1681 2315 nonnulli
1712 2261 2081 2318 Brachmano-

503 2364 623 2402 rum
652 2348 819 2402 vitam
849 2356 904 2402 et
932 2349 1108 2403 vicina
1143 2349 1395 2405 instituta
1422 2354 1617 2407 sectati
1639 2362 1789 2420 sunt,
1817 2356 1909 2410 alii
1934 2358 2078 2426 apud

503 2441 759 2495 Arabiam
801 2441 1190 2509 consederunt,
1216 2458 1284 2498 ex
1308 2459 1541 2515 quorum
1572 2449 1808 2517 posteris
1832 2452 2078 2507 nonnulli

500 2532 664 2584 etiam
699 2531 753 2584 in
779 2528 1073 2601 :Egyptum
1108 2530 1342 2602 dispersi
1382 2542 1530 2593 sunt.
1576 2534 1707 2593 Inde
1753 2540 1988 2612 denique
2024 2552 2079 2597 et

504 2621 756 2677 Indorum
784 2622 1007 2692 quidam
1036 2630 1090 2676 et
1119 2621 1502 2695 Egyptiorum
1558 2628 1879 2684 circumcidi
1935 2630 2078 2687 didi-

500 2729 637 2769 cere
663 2728 727 2767 ac
757 2713 996 2783 purioris
1044 2714 1411 2770 observantia:
1465 2731 1590 2772 esse
1644 2736 1808 2789 quam
1870 2724 2074 2789 caueri,

502 2807 626 2861 licet
668 2821 931 2878 processu
983 2807 1244 2875 temporis
1300 2810 1692 2879 quamplurimi
1764 2828 1957 2869 eorum
2008 2816 2075 2870 ad

502 2898 833 2967 impietatem
857 2905 1131 2953 verterent
1160 2908 1536 2969 argumentum
1565 2910 1620 2959 et
1669 2903 1929 2960 indicium
1978 2922 2075 2961 ea-

501 2988 723 3045 stitatis.
1306 3062 1309 3065 δ

569 3080 808 3137 XXXiV.
842 3078 1229 3139 Verumtamen
1259 3100 1387 3139 cum
1429 3086 1529 3142 hos
1576 3086 1715 3143 duos
1770 3088 2072 3146 ﬁliostem-

500 3189 650 3242 pore,
702 3188 812 3244 quo
856 3175 1041 3231 adhuc
1096 3176 1149 3230 in
1208 3177 1516 3248 ignorantia
1583 3194 1763 3234 rerum
1829 3182 2077 3251 vixerat,

500 3267 855 3337 suscepisset,
886 3266 981 3321 Dei
1013 3268 1288 3338 agnitione
1316 3278 1569 3340 percepta
1602 3272 1733 3341 petit
1754 3274 1821 3328 ab
1850 3290 1934 3342 eo,
1952 3278 2081 3346 quia

499 3368 615 3411 erat
639 3357 842 3426 justus,
876 3366 942 3411 ut»
964 3374 1030 3413 ex
1057 3357 1190 3412 Sara
1218 3375 1341 3430 quae
1366 3359 1415 3415 ei
1438 3369 1555 3415 erat
1583 3366 1783 3433 conjux
1817 3366 2076 3437 legitima,

499 3463 626 3503 cum
669 3458 816 3503 esset
856 3449 1083 3516 sterilis,
1128 3450 1332 3505 habere
1382 3454 1695 3523 progeniem
1744 3466 2074 3528 mereretur;

497 3546 554 3594 et
576 3544 807 3609 accepit,
851 3556 1010 3610 quem
1037 3549 1091 3596 et
1120 3540 1273 3596 Isaac
1305 3544 1627 3608 nominavit,
1669 3561 1735 3600 ex
1761 3562 1869 3617 quo
1908 3557 2071 3604 natus

498 3638 584 3687 est
607 3630 811 3696 Jacob,
858 3632 925 3687 de
952 3630 1122 3688 Jaeob
1170 3642 1351 3689 autem
1405 3635 1693 3692 duodecim
1721 3640 2065 3708 patriarchae,

498 3729 551 3776 et
579 3737 644 3777 ex
676 3721 811 3792 ipsis
841 3721 1124 3777 duodecim
1155 3726 1496 3797 septuaginta
1520 3728 1629 3781 duo
1659 3730 1792 3800 (55).
1827 3729 1894 3785 Ili
1926 3732 2069 3789 fame

497 3823 705 3877 exorta
732 3814 788 3869 in
838 3815 1134 3888 IEgyptum
1161 3819 1388 3872 veniunt
1423 3834 1549 3874 eum
1582 3823 1731 3876 omni
1754 3823 1914 3880 domo
1939 3842 2064 3895 sua,

497 3917 551 3964 et
590 3908 733 3963 intra
780 3924 955 3964 annos
991 3909 1419 3981 quadringentos
1447 3912 1558 3985 (34)
1605 3914 1985 3975 benedictione
2012 3929 2067 3976 et

499 4001 861 4072 promissione
888 4001 982 4057 Dei
1012 4002 1378 4073 multiplicati,
1399 4004 1775 4077 aﬂligebantur
1797 4011 1866 4066 ab
1896 4011 2063 4086 Egy-

499 4094 645 4164 ptiis.
703 4093 949 4164 Cumque
996 4093 1385 4164 afﬂigerentur,
1435 4100 1687 4168 apparuit
1729 4116 1891 4157 verus
1929 4103 2066 4159 Pro-

497 4196 657 4263 pheta
687 4193 857 4264 Moysi
880 4192 949 4262 ⁸ο,
976 4204 1029 4249 et
1052 4193 1338 4267 IEgyptios
1367 4196 1585 4267 quidem
1631 4195 1963 4259 resistentes,
1992 4207 2061 4248 ne

498 4285 847 4340 Hebraeorum
901 4286 1134 4357 populus
1187 4287 1360 4344 exiret
1415 4287 1484 4343 ab
1524 4286 1605 4342 eis
1659 4294 1713 4341 et
1755 4284 1956 4341 rediret
1990 4282 2059 4339 ad

561 4415 611 4447 ⁸⁸
651 4413 821 4470 Exod.
861 4430 944 4469 ιιι.
1021 4414 1067 4446 ⁸⁸
1105 4412 1126 4466 l
1157 4412 1283 4469 Cor.
1311 4429 1366 4469 ι.

2102 3128 2149 3189 C

2254 1896 2468 1952 XXXV.
2503 1896 2634 1952 Post
2684 1897 2797 1951 haec
2827 1897 3060 1968 Moyses,
3097 1895 3191 1950 Dei
3237 1895 3427 1950 omnia
3472 1893 3743 1965 providen-

2182 1987 2255 2043 tis
2285 1996 2557 2058 przeeepto
2582 1987 2934 2043 llebrazorum
2964 1986 3223 2058 populum
3253 1986 3451 2041 eduxit
3501 1986 3555 2042 in
3578 1987 3744 2041 deser-

2182 2083 2324 2143 tum,
2351 2086 2407 2133 et
2434 2078 2537 2133 iter
2567 2078 2973 2142 brevissimum,
2999 2075 3146 2146 quod
3181 2075 3284 2131 fert
3326 2076 3397 2131 de
3430 2073 3657 2147 ,λείπω
3687 2076 3744 2130 ad

2188 2171 2451 2237 Iudaeam,
2483 2171 2819 2241 relinquens,
2850 2186 2945 2241 per
2971 2170 3161 2241 longos
3191 2171 3366 2225 eremi
3408 2170 3521 2242 (35)
3556 2170 3741 2239 plebem

2188 2264 2345 2319 duxit
2376 2261 2676 2329 anfractus,
2714 2274 2771 2318 ut
2793 2264 3151 2334 quadraginta
3183 2279 3465 2320 annorum
3492 2263 3745 2318 exercitiis

2189 2355 2329 2411 mala
2364 2370 2484 2423 quae
2527 2357 2609 2409 eis
2649 2368 2717 2409 ex
2761 2351 3140 2426 Egyptiorum
3190 2354 3449 2412 moribus
3483 2371 3585 2411 usu
3616 2355 3745 2423 longi

2179 2447 2442 2517 temporis
2471 2445 2832 2506 inoleverant,
2862 2443 3217 2498 innovatione
3243 2451 3479 2499 mutata
3536 2459 3753 2499 consue-

2180 2537 2389 2593 tudinis
2419 2537 2680 2592 aboleret.
2738 2535 2952 2590 lnterea
2975 2534 3190 2588 venitur
3218 2534 3289 2588 ad
3340 2542 3586 2590 montem
3617 2533 3751 2594 Sina,

2178 2637 2233 2685 et
2282 2628 2409 2684 inde
2438 2630 2523 2683 lex
2572 2630 2672 2692 eis,
2714 2628 2943 2682 vocibus
2972 2634 3027 2681 et
3079 2627 3399 2683 visionibus
3454 2626 3757 2682 ccelestihus

2177 2723 2414 2777 traditur
2468 2721 2660 2777 decem
2731 2720 3045 2791 conscripta
3122 2722 3475 2792 praeceptis;
3540 2735 3756 2791 quorum

2179 2813 2415 2881 primum
2467 2818 2521 2865 et
2566 2811 2867 2866 maximum
2904 2809 3025 2874 fuit,
3064 2820 3124 2863 ut
3172 2812 3363 2880 ipsum
3409 2812 3592 2865 solum
3634 2808 3759 2863 cole-

2178 2910 2299 2959 rent
2331 2901 2524 2968 Deum,
2554 2916 2655 2958 nec
2707 2902 2873 2956 ullam
2904 2901 3008 2956 sibi
3054 2901 3216 2955 aliam
3242 2904 3508 2973 speciem
3551 2902 3634 2957 vel
3663 2900 3762 2955 for-

2182 3011 2328 3052 tnam
2380 3000 2685 3051 statuerent
2734 2992 2802 3046 ad
2842 2991 3154 3049 colendum.
3221 2992 3339 3049 Sed
3396 3009 3527 3048 cum
3567 2992 3763 3064 Moyses

2179 3085 2515 3143 ascendisset
2553 3084 2620 3138 ad
2656 3090 2917 3149 montem,
2949 3085 3135 3155 ibique
3173 3084 3383 3140 diebus
3413 3085 3766 3156 quadraginta

2184 3183 2512 3239 moraretur,
2565 3175 2799 3246 populus
2846 3175 2939 3245 qui
2973 3174 3161 3230 decem
3215 3175 3410 3246 plagis
3457 3187 3764 3246 percussam

2180 3268 2393 3323 viderat
2421 3265 2739 3338 Egyptum,
2771 3274 2827 3321 et
2853 3265 3166 3337 disruptum
3223 3283 3400 3323 mare
3441 3283 3511 3322 ac
3554 3266 3771 3337 pedibus

2180 3359 2508 3429 digressum,
2555 3372 2756 3412 manna
2786 3372 3005 3427 quoque
3056 3357 3162 3411 sibi
3220 3373 3332 3428 pro
3388 3373 3537 3429 pane
3563 3359 3768 3412 emlitus

2180 3452 2368 3507 datum
2395 3460 2448 3507 et
2471 3467 2539 3507 ex
2568 3451 2820 3522 sequenti
2848 3457 3000 3520 petra
3029 3451 3293 3520 poculum
3321 3452 3705 3506 ministratum
3732 3448 3773 3480 “

2175 3546 2320 3620 (qua:
2347 3544 2558 3615 species
2615 3542 2859 3615 cibi('56)
2882 3557 2979 3612 per
3021 3541 3284 3595 virtutem
3348 3541 3483 3610 Dei,
3515 3543 3575 3596 in
3618 3556 3769 3612 quem

2175 3639 2407 3711 quisque
2426 3636 2817 3699 desiderasset,
2844 3639 3151 3689 verteretur
3200 3636 3531 3707 saporem),
3556 3648 3776 3703 eumque

2188 3731 2291 3786 sub
2318 3731 2474 3802 plaga
2501 3730 2625 3786 caali
2656 3728 2965 3785 ardentiore
3000 3727 3159 3799 positi
3187 3737 3415 3793 essent,
3460 3741 3535 3781 ne
3566 3723 3773 3779 aestibus

2190 3833 2571 3894 coquerentur,
2592 3823 2737 3879 nube
2758 3821 3221 3878 obumbrabantur
3245 3821 3307 3875 in
3340 3819 3460 3887 die,
3483 3829 3645 3874 nocte
3666 3828 3779 3870 vero

2172 3912 2425 3966 columna
2466 3907 2607 3978 ignis
2650 3904 3126 3965 illuminabantur,
3161 3915 3234 3955 ne
3289 3902 3369 3955 ad
3392 3903 3573 3957 eremi
3617 3899 3777 3954 vasti-

2174 4013 2339 4059 tatem
2368 4003 2565 4057 horror
2598 4012 2817 4070 quoque
2857 3994 3139 4051 accederet
3173 3996 3569 4050 tenebrarum
3600 4014 3611 4048 :
3643 4006 3777 4053 eum,

2176 4098 2424 4167 inquam.
2461 4100 2771 4148 moraretur
2799 4089 3053 4159 Moyses,
3104 4086 3210 4156 ipsi
3272 4088 3607 4141 secundum
3666 4097 3779 4152 spe.

2173 4193 2312 4247 ciem
2369 4188 2582 4260 Apidis,
2638 4199 2800 4255 quem
2832 4183 2940 4237 coli
2982 4181 3037 4234 in
3083 4178 3336 4250 Egypto
3376 4180 3666 4243 viderant,
3695 4190 3785 4230 au-

2172 4296 2326 4338 reum
2383 4287 2549 4351 caput
2612 4276 2771 4332 vituli
2799 4273 3089 4347 facientes
3132 4271 3546 4328 adoraverunt
3578 4272 3709 4343 ('57),
3734 4274 3784 4321 et

1788 4570 2154 4630 COTELERII
2207 4570 2440 4627 NOTAE.

571 4688 683 4762 (5‘2)
729 4691 1055 4749 Ileliesaror.
1090 4689 1377 4762 Exemplar
1395 4690 1877 4762 Candelerianum,
1904 4686 2071 4762 Eiies-
2105 4697 2146 4751 υ
2173 4697 2245 4741 tes
2292 4688 2508 4762 vestigia
2558 4686 3005 4762 commeantium,
3044 4689 3290 4762 eatrema
3345 4699 3592 4762 suorum
3642 4681 3789 4762 bara-

492 4761 640 4817 dros.
665 4759 1093 4816 'Carlueliticum
1116 4801 1129 4824 ,
1177 4759 1554 4816 Helimesdros.
1590 4761 1746 4816 Petiti
1773 4801 1787 4820 ,
1827 4759 2069 4813 Helihes-

492 4832 643 4903 ιιι-ηε.
660 4830 799 4885 Ριιιο
821 4848 943 4903 esse
970 4831 1327 4903 idem_nomen
1353 4848 1415 4887 ac
1431 4830 1749 4903 Ἐλιὲζερος,
1774 4831 2066 4891 Eliezerus,

495 4902 796 4957 Damascus
827 4902 1055 4968 Eliezer,
1096 4901 1294 4957 Geues.
1329 4919 1396 4957 xv
1420 4943 1434 4966 ,
1468 4902 1535 4967 2,
1570 4901 1665 4971 per
1693 4919 1853 4971 quem
1887 4904 2067 4955 locum

491 4973 760 5029 evertitur
797 4972 979 5027 fabula
1016 4973 1127 5026 haec
1154 5012 1167 5035 ,
1215 4988 1244 5025 a
1287 4973 1792 5041 pseudo-Clemente
1824 4988 1888 5025 ex
1938 4984 2069 5038 apo—

492 5044 700 5116 crypho
726 5043 1031 5116 vetustiori,
1051 5052 1109 5096 ut
1130 5043 1363 5116 videtur,
1389 5044 1695 5116 desumpta.
1718 5042 1857 5116 Lege
1884 5041 1976 5116 lib.
2001 5056 2063 5101 ιι,

491 5112 612 5238 ἓξὲξ
654 5114 679 5169 1
704 5112 1102 5238 ἓόϐίεηιεηιὶηα
1146 5114 1334 5170 homil.
1385 5114 1440 5178 2,
1488 5130 1544 5168 ιι.
1594 5113 1645 5179 1,
1697 5123 1751 5168 et
1800 5112 2065 5181 Epitomes

490 5200 613 5239 ean.
704 5200 796 5239 Συ.

558 5201 676 5328 l(’35)
707 5201 1080 5328 dgeptnaginta
1132 5254 1291 5328 (ζωοί-
1321 5252 1591 5328 Numerus
1634 5254 1743 5328 iste
1784 5268 1888 5307 non
1941 5266 2068 5328 con-

490 5323 620 5382 stat.
639 5323 1046 5396 Congstaretiﬂﬁ,
1075 5326 1202 5396 quia
1233 5325 1324 5391 62,
1355 5340 1481 5381 cum
1514 5324 1805 5379 duodecim
1835 5323 2067 5396 patriar-

489 5398 610 5453 chis
648 5407 701 5451 et
740 5392 1185 5467 JacoboJaciuut
1226 5398 1293 5452 75
1314 5437 1329 5462 ,
1363 5402 1496 5467 quot
1527 5405 1807 5467 ponuntur
1839 5410 1868 5448 a
1901 5392 2063 5467 LXX.

490 5467 686 5523 Genes.
721 5484 866 5532 val,
891 5468 980 5531 ‘27,
1007 5474 1060 5523 et
1084 5466 1256 5523 Exod.
1291 5485 1331 5529 ι.
1364 5465 1417 5531 5,
1444 5467 1676 5536 indeque
1699 5466 1820 5518 Act.
1846 5481 1943 5529 vn,
1976 5465 2065 5536 14.

563 5539 675 5620 (54)
720 5537 876 5620 Intra
903 5554 1066 5620 annos
1098 5538 1528 5620 quadringentos.
1548 5535 1822 5593 Geneseos
1866 5551 1953 5597 xv,
1976 5535 2063 5599 l3,

494 5607 583 5662 ubi
613 5607 939 5663 consulendi
968 5610 1312 5676 interpretes.

563 5677 675 5748 (ἥδ)
721 5677 822 5731 Per
852 5678 1031 5746 longos
1067 5680 1246 5744 eremi,
1297 5687 1402 5734 etc.
1438 5678 1515 5731 lta
1560 5679 1679 5748 lego
1720 5676 1774 5730 in
1806 5690 2058 5731 sermone

496 5744 729 5802 suam
765 5744 1101 5805 confessoris
1122 5789 1135 5813 ,
1169 5763 1289 5821 cap.
1319 5750 1352 5805 5
1388 5769 1399 5803 :
1438 5744 1637 5803 Omnei
1660 5748 1821 5820 igitur
1843 5763 2059 5818 sequen-

2178 4762 2354 4812 thrum
2400 4752 2634 4829 ingresso
2679 4758 2812 4829 (non
2858 4754 3122 4825 ingressi),
3157 4753 3596 4829 nouissimoque
3641 4752 3794 4829 plebis

2175 4829 2274 4883 Dei
2296 4829 2363 4882 ad
2395 4823 2638 4881 naturale
2670 4823 2818 4879 littus
2859 4823 3208 4894 transgresso,
3246 4824 3337 4876 ita
3362 4823 3512 4878 sunt
3536 4823 3792 4876 montibus

2178 4916 2435 4971 aquarum
2482 4898 2739 4971 invoiuti,
2769 4905 2828 4971 ut
2870 4895 3049 4948 nullus
3093 4906 3417 4971 remanere:
3462 4896 3562 4967 qui
3605 4894 3794 4971 [artant

2176 4961 2319 5023 domi
2352 4967 2699 5023 residentibus
2743 4966 2937 5037 referre
2960 4965 3258 5037 potuisset.
3313 4961 3391 5037 Et
3424 4961 3563 5037 cap.
3599 4961 3634 5017 6
3670 4985 3682 5018 :
3718 4964 3797 5017 Sic

2174 5058 2260 5095 eos
2288 5056 2379 5110 per
2407 5039 2681 5110 desertum
2709 5036 3061 5110 quadraginta
3101 5051 3275 5087 annos
3309 5036 3391 5087 ad
3430 5046 3641 5110 terrain
3684 5050 3795 5110 pru—

2168 5104 2436 5165 missionis
2450 5104 2821 5172 circumdukcit,
2839 5104 3001 5159 donec
3013 5108 3405 5159 desuescerent
3425 5104 3798 5161 idololatriant

2170 5182 2233 5235 de
2262 5198 2367 5251 qua
2381 5190 2532 5234 erant
2555 5180 2750 5243 educti,
2780 5186 2829 5231 et
2855 5192 3014 5248 quam
3036 5176 3351 5243 ubicunque
3376 5179 3633 5231 venirent
3656 5182 3797 5229 erant

2168 5251 2450 5307 inventuri.
2538 5292 2541 5293 ν

2242 5322 2354 5392 (56)
2395 5321 2527 5386 Qua:
2570 5319 2761 5389 species
2793 5317 2915 5381 cibi,
2949 5323 3056 5370 etc.
3093 5313 3369 5392 [lesp‘ien
3418 5318 3498 5373 ad
3533 5319 3721 5373 locum
3750 5313 3800 5366 li-

2171 5385 2255 5449 bri
2279 5385 2743 5461 Sépientiae,'eap.
2777 5404 2890 5450 xvr,
2916 5402 3062 5461 vers.
3094 5385 3187 5461 20,
3218 5385 3334 5461 gl.

2396 5460 2507 5543 ipsi
2536 5454 2821 5543 secundum
2844 5458 3062 5543 speciem
3090 5454 3797 5543 θρέφθηκςιάοταυεηιιξ.

2176 5525 2380 5587 Scribit
2393 5525 2574 5585 tamen
2600 5532 2746 5584 hunc
2769 5532 2821 5583 in
2845 5525 3063 5582 modum
3087 5525 3355 5583 Joannes
3378 5528 3796 5588 Damasceuus,

2177 5619 2263 5668 ιιι,
2294 5611 2478 5655 contra
2520 5598 2891 5655 Iconomachor
2920 5613 2937 5650 :
2984 5597 3059 5669 Ob
3090 5595 3552 5669 γὰρ-ἐποίησαν
3581 5600 3705 5661 Διὸς
3732 5596 3799 5669 ei—

2166 5666 2351 5731 δωλον,
2385 5671 2417 5742 ἢ
2450 5671 2625 5742 τοῦδε,
2666 5671 2699 5740 ἢ
2734 5669 2908 5742 τοῦδε,
3094 5666 3171 5742 ὡς
3204 5666 3437 5739 ἔτυχεή
3470 5672 3693 5726 ἔδωκαν

2164 5743 2364 5820 χρυσὸν
2405 5736 2496 5794 ἐπὶ
2533 5741 2595 5795 τὸ
2648 5736 2868 5811 πὸιῆσαι
2902 5737 3116 5791 εἴδωλον
3147 5736 3428 5809 ὃτεερ’ἃν
3485 5742 3668 5816 τύχῃ,
3715 5736 3800 5792 καὶ
