4048 6262
368 323 507 378 1229

1559 316 2131 377 RECOGNITIONUM
2162 318 2290 375 LIB.
2330 322 2366 374 I.

3486 325 3623 381 1230

367 446 491 507 post
529 445 610 493 tot
665 453 729 493 ac
770 444 922 492 tanta
969 452 1091 506 quae
1119 437 1370 492 viderant
1396 435 1689 498 mirabilia,
1736 433 1939 490 veteris
1965 438 2016 497 Α
2116 432 2578 506 XXXVllngitur
2606 433 2818 507 Moyses
2832 435 2900 501 “,
2934 435 3020 493 his
3048 435 3479 504 administratis,
3512 439 3625 493 Au-

366 528 776 584 consuetudinis
817 527 1008 583 sordes
1056 528 1284 583 elimare
1344 544 1375 582 a
1429 542 1489 582 se
1536 534 1701 596 atque
1734 526 1947 582 abster-

365 635 493 690 gere
522 620 905 689 nequiverunt.
937 616 1005 671 Et
1036 619 1106 672 ob
1123 618 1227 672 hoc
1257 619 1439 673 brevis
1472 617 1638 687 spatii
1669 617 1775 671 iter
1795 615 1945 686 quod

365 725 430 764 ex
458 708 691 780 .Egypto
716 709 869 763 ducit
906 708 977 761 ad
999 706 1239 761 Judzeam
1280 708 1628 776 relinquens,
1678 706 1946 760 immenso

365 800 535 856 eremi
582 798 789 853 ambitu
845 798 957 867 egit
983 812 1081 852 eos
1118 795 1355 866 Moyses,
1402 796 1449 850 si
1482 795 1622 849 forte
1651 794 1846 864 possit,
1884 802 1945 846 ut

365 892 619 962 superius
690 890 1156 954 memoravimus,
1220 896 1450 943 vetustte
1514 886 1940 943 consuetudinis

363 986 505 1041 mala
571 985 798 1040 novella:
862 982 1229 1039 institutionis
1296 982 1702 1054 permutatione
1755 982 1942 1036 discu-

361 1084 496 1129 tere.

436 1164 681 1221 XXXVI.
734 1165 872 1221 Cum
904 1165 1123 1221 interim
1161 1163 1338 1220 ﬁdelis
1362 1170 1418 1218 et
1451 1162 1691 1232 prudens
1718 1162 1941 1233 dispen-

358 1265 510 1313 sator
562 1257 772 1335 Moyses
818 1255 1135 1332 pervidens,
1189 1254 1391 1326 populo
1427 1270 1494 1309 ex
1546 1252 1936 1324 Egyptiorum

358 1348 636 1407 consortio
658 1352 821 1406 altius
852 1346 1157 1405 inolevissc
1178 1346 1369 1402 vitium
1394 1343 1559 1401 idolis
1591 1341 1934 1403 immolandi,

352 1457 457 1500 nec
480 1460 647 1515 posse
680 1445 749 1499 de
776 1444 857 1499 eis
892 1443 1134 1498 radicem
1167 1437 1297 1496 mali
1331 1436 1501 1506 hujus
1526 1435 1728 1499 excidi,
1747 1435 1939 1489 immo-

354 1537 467 1591 lare
513 1535 736 1605 quidem
782 1536 863 1591 eis
903 1533 1202 1598 concessit,
1255 1529 1350 1587 sed
1380 1526 1494 1583 Deo
1534 1527 1640 1585 soli
1680 1527 1786 1583 hoc
1815 1526 1933 1581 fieri

355 1628 628 1697 permisit,
662 1634 721 1681 ut
761 1626 999 1682 mediam
1025 1622 1433 1695 quodammodo
1463 1626 1677 1693 partem
1707 1616 1825 1673 vitii
1854 1619 1934 1672 al-

351 1720 462 1774 tius
484 1719 661 1774 incliti
699 1725 1010 1784 resecaret;
1040 1717 1202 1770 aliam
1230 1731 1361 1771 vero
1374 1714 1631 1779 mediam,
1650 1726 1749 1780 per
1766 1710 1934 1764 alium

350 1820 406 1867 et
451 1810 523 1866 ad
569 1810 720 1865 aliud
776 1818 993 1880 tempus
1027 1814 1333 1864 reservaret
1369 1803 1766 1862 emendandam
1788 1842 1803 1864 ,
1839 1816 1936 1871 per

349 1903 503 1958 illum
553 1903 783 1965 scilicet,
834 1903 902 1957 de
930 1918 1039 1972 quo
1067 1901 1183 1971 ipse
1203 1899 1383 1955 dixit:
1430 1896 1751 1968 Prophetam
1781 1894 1921 1949 vobis

348 1996 625 2049 suscitabit
658 1993 770 2065 (58)
802 1993 1057 2049 Dominus
1084 1992 1227 2047 Deus
1264 2001 1429 2046 vester
1460 1992 1594 2045 sicut
1625 2006 1725 2053 me,
1759 1989 1930 2057 ipsum

347 2088 530 2141 audite
571 2086 859 2141 secundum
912 2087 1087 2140 omnia
1110 2101 1225 2156 qua:
1254 2085 1450 2138 dixerit
1483 2082 1649 2137 vobis.
1691 2082 1925 2149 Quicun-

343 2196 443 2249 que
467 2178 603 2233 enim
619 2195 722 2233 non
738 2178 968 2232 audierit
982 2177 1289 2248 prophetam
1304 2175 1477 2241 illum,
1493 2174 1932 2229 exterminabitur

344 2272 526 2323 anima
543 2269 659 2338 ejus
682 2269 745 2323 de
764 2269 958 2337 populo
991 2284 1087 2323 suo
1108 2268 1176 2323 ⁸⁸.

426 2360 689 2416 XXXVII.
716 2361 797 2416 Ad
842 2362 957 2415 haec
982 2367 1164 2415 autem
1216 2362 1379 2415 etiam
1413 2359 1594 2414 locum
1622 2359 1836 2426 statuit,
1870 2358 1928 2414 in

344 2469 454 2525 quo
492 2455 610 2509 solo
644 2455 833 2509 liceret
869 2453 949 2509 eis
997 2452 1284 2508 immolare
1325 2452 1523 2508 Deo”.
1575 2451 1691 2507 Hoc
1745 2459 1926 2507 autem

340 2544 516 2600 totum
546 2561 611 2601 eo
654 2552 951 2617 prospectu
987 2545 1302 2616 gerebatur,
1329 2552 1388 2598 ut
1423 2559 1546 2598 cum
1580 2552 1794 2614 tempus
1822 2559 1927 2613 op-

343 2648 637 2709 portunum
668 2640 906 2693 venisset
956 2647 1010 2692 et
1044 2637 1371 2693 didicissent
1422 2653 1518 2708 per
1578 2637 1920 2707 prophetam,

346 2731 476 2800 quia
509 2729 653 2785 Deus
689 2728 1121 2784 misericordiam
1147 2729 1256 2784 vult
1280 2736 1335 2783 et
1365 2744 1472 2783 non
1496 2727 1828 2784 sacrificium
1851 2726 1922 2793 “,

341 2819 591 2895 viderent
616 2836 741 2875 eum
773 2821 866 2890 qui
915 2836 1010 2875 eos
1054 2818 1273 2874 doceret
1326 2820 1505 2874 locum
1556 2818 1654 2873 Dei
1685 2820 1919 2874 electum

338 2926 463 2965 esse
485 2912 804 2982 sapientiam
835 2911 984 2981 ejus,
1019 2914 1072 2967 in
1102 2928 1210 2983 quo
1240 2912 1559 2967 conveniret
1590 2911 1773 2967 offerri
1818 2912 1920 2966 ho-

339 3000 475 3055 stias
517 3000 646 3064 Deo,
673 3002 819 3057 hunc
842 3004 1022 3057 autem
1054 3003 1268 3066 locum,
1299 3003 1392 3073 qui
1423 3002 1492 3057 ad
1526 3010 1739 3073 tempus
1771 3002 1923 3058 vide-

337 3090 500 3151 batur
538 3093 780 3175 electus,
830 3094 1239 3150 incursionibus
1297 3095 1538 3151 hostium
1576 3102 1631 3150 et
1687 3095 1919 3153 excidiis
1947 3127 1989 3184 ο

337 3199 482 3253 saepe
541 3193 819 3251 vexatum,
879 3192 933 3240 et
974 3184 1042 3238 ad
1099 3186 1351 3240 ultimum
1390 3202 1609 3257 quoque
1664 3185 1920 3242 audirent

336 3274 559 3345 penitus
616 3268 1060 3330 excidendum".
1109 3276 1169 3329 In
1216 3275 1375 3345 cujus
1432 3279 1512 3332 rei
1562 3275 1720 3332 tidem
1754 3277 1919 3333 etiam

337 3370 465 3418 ante
495 3362 788 3419 adventum
847 3364 961 3419 veri
1012 3366 1324 3435 prophetae,
1380 3367 1472 3436 qui
1503 3374 1649 3421 esset
1706 3366 1919 3423 hostias

335 3466 465 3506 cum
517 3452 637 3508 loco
678 3452 886 3522 pariter
922 3453 1328 3524 repudiaturus,
1375 3471 1517 3524 saepe
1556 3456 1624 3510 ab
1666 3457 1918 3518 hostibus

335 3541 629 3610 populatus
667 3549 751 3597 est
799 3552 853 3597 et
883 3542 1007 3613 igne
1054 3542 1351 3607 incensus»;
1386 3551 1550 3613 atque
1578 3546 1635 3596 in
1678 3546 1911 3615 captivi-

336 3640 505 3687 tatem
570 3634 807 3703 populus
849 3634 1116 3690 abductus
1176 3635 1231 3688 in
1279 3644 1493 3689 exteras
1542 3636 1814 3701 nationes,
1864 3645 1919 3692 et

334 3724 533 3782 exinde
564 3741 689 3779 cum
729 3726 797 3781 ad
825 3726 1256 3782 miscricordiam
1292 3726 1384 3782 Dei
1411 3725 1729 3798 confugeret
1760 3744 1918 3783 revo-

332 3825 493 3873 catus
539 3825 657 3883 est,
704 3827 762 3872 ut
796 3834 891 3889 per
936 3818 1049 3873 haec
1107 3818 1415 3883 doceretur,
1468 3820 1596 3890 quia
1646 3820 1918 3875 sacrificia

333 3907 571 3964 oﬂerens
608 3910 903 3980 expellitur
933 3916 987 3962 et
1028 3908 1082 3961 in
1137 3924 1330 3965 manus
1370 3910 1610 3964 hostium
1651 3911 1908 3978 traditur,

333 3998 769 4056 misericordiam
796 4015 929 4055 vero
961 3998 1164 4055 faciens
1196 4010 1250 4055 et
1300 4002 1592 4070 justitiam,
1651 4004 1772 4059 sine
1819 4019 1910 4059 sa-

330 4090 559 4146 crificiis
589 4091 656 4148 de
686 4093 997 4162 captivitate
1016 4094 1279 4148 liberatur
1303 4104 1355 4148 et
1376 4095 1429 4147 in
1450 4103 1651 4149 terram
1676 4097 1910 4165 patriam

333 4180 663 4236 restituitur.
713 4180 819 4237 Sed
878 4182 981 4237 hoc
1010 4184 1313 4255 intelligere
1360 4198 1566 4253 paucos
1620 4184 1915 4239 admodum

333 4270 553 4333 accidit.
586 4269 779 4329 Plures
812 4274 959 4328 enim
979 4274 1195 4329 etiamsi
1230 4276 1434 4331 sentire
1472 4275 1587 4329 haec
1627 4285 1683 4330 et
1719 4276 1917 4331 adver-

334 4367 449 4415 tere
478 4370 751 4431 poterant,
784 4364 929 4434 vulgi
962 4372 1143 4420 tamen
1162 4366 1469 4420 irrationali
1486 4365 1744 4437 opinione
1769 4377 1914 4423 tene-

2047 537 2145 579 sen
2183 524 2475 594 quemdam
2515 526 2740 580 nomine
2769 541 3094 596 praeponens
3127 529 3329 599 populo
3350 528 3490 599 ,λαυί
3526 546 3623 586 eos

2045 624 2329 672 revocaret
2378 616 2449 672 ad
2496 618 2731 687 patriam
2787 627 3027 683 terram,
3082 619 3202 690 ipse
3252 620 3321 675 ad
3376 629 3623 676 montem

2045 708 2337 777 quemdam
2367 717 2639 779 praecepto
2690 709 2779 765 Dei
2832 709 3067 765 viventis
3116 712 3453 779 ascendens,
3507 714 3622 767 illic

2044 799 2335 856 defunctus
2384 810 2512 869 est;
2561 802 2722 872 cujus
2774 809 2957 857 tamen
3010 802 3142 858 talis
3193 804 3297 857 fuit
3343 819 3527 869 mors,
3562 813 3622 858 ut

2044 908 2221 962 usque
2250 892 2306 946 in
2339 892 2665 947 hodiernum
2695 893 2838 948 diem
2884 894 3224 964 sepulturam
3271 897 3393 963 ejus
3434 896 3621 951 nullus

2044 983 2335 1038 invenerit.
2366 981 2438 1036 Ut
2466 999 2594 1054 ergo
2620 986 2854 1055 populus
2886 985 3122 1055 patrium
3149 986 3377 1056 contigit
3404 989 3578 1041 solum
3597 1026 3620 1053 ,

2040 1088 2138 1144 per
2182 1074 2583 1145 providentiam
2628 1073 2722 1129 Dei
2766 1074 2941 1145 primo
2981 1076 3168 1131 statim
3217 1076 3469 1146 ingressu
3513 1077 3623 1131 ini~

2039 1182 2272 1236 quarum
2311 1167 2556 1237 gentium
2602 1167 2940 1221 habitatores
2976 1166 3254 1237 fugantur,
3287 1176 3343 1222 et
3369 1169 3472 1237 ipsi
3504 1168 3620 1223 hm-

2040 1256 2328 1314 reditatem
2361 1268 2644 1327 paternam
2673 1258 2861 1327 judice
2908 1265 3060 1313 sorte
3100 1260 3433 1329 suscipiunt.
3479 1259 3619 1315 Tum

2037 1349 2236 1406 deinde
2294 1367 2390 1422 per
2445 1352 2787 1421 aliquantum
2833 1351 3096 1422 temporis
3134 1351 3449 1421 judicibus,
3508 1370 3619 1408 non

2035 1444 2258 1515 regibus
2290 1443 2580 1515 gubernati
2602 1483 2617 1509 ,
2650 1451 2795 1499 statu
2825 1442 3213 1513 tranquilliore
3244 1443 3518 1499 durarunt
3545 1445 3615 1501 ⁸⁷.

2036 1528 2141 1586 Ubi
2169 1547 2301 1587 vero
2329 1539 2591 1604 tyrannos
2622 1532 2727 1587 sibi
2756 1532 2929 1602 magis
2960 1533 3265 1602 quaesivere
3305 1549 3469 1604 quam
3515 1550 3608 1589 re-

2033 1637 2165 1694 ges,
2212 1630 2346 1677 tunc
2389 1623 2553 1679 etiam
2600 1623 2657 1678 in
2702 1624 2854 1688 loco,
2883 1623 2978 1693 qui
3022 1623 3103 1679 eis
3132 1624 3403 1681 orationis
3444 1640 3615 1681 causa

2040 1712 2222 1769 fuerat
2263 1714 2685 1785 praedestinatus
2705 1754 2720 1778 ,
2755 1716 3017 1785 templum
3049 1730 3149 1785 pro
3178 1715 3479 1771 ambitione
3522 1732 3616 1770 re.-

2039 1805 2126 1875 gia
2155 1813 2550 1872 construxere,
2582 1813 2638 1862 et
2667 1806 2748 1861 sic
2779 1821 2875 1877 per
2903 1806 3151 1862 ordinem
3185 1807 3404 1877 regibus
3433 1807 3616 1877 impiis

2035 1896 2140 1952 sibi
2170 1892 2405 1953 invicem
2436 1896 2866 1953 succedentibus
2890 1937 2906 1964 ,
2936 1897 3006 1951 ad
3035 1896 3274 1968 majores
3304 1898 3618 1969 impietates

2034 1988 2200 2044 etiam
2231 1990 2469 2059 populus
2499 1989 2817 2044 declinavit.

2104 2079 2350 2136 XXXIX.
2394 2079 2465 2135 Ut
2492 2087 2675 2136 autem
2706 2088 2924 2154 tempus
2956 2080 3151 2137 adesse
3181 2082 3378 2153 cmpit,
3409 2097 3519 2153 quo
3558 2082 3616 2138 id

2031 2173 2176 2243 quod
2204 2172 2395 2228 deesse
2423 2172 2626 2244 Moysis
2676 2172 2946 2230 institutis
2984 2173 3225 2228 diximus
3268 2174 3614 2246 impleretur,

1942 2316 1945 2319 γ
2029 2274 2084 2321 et
2121 2266 2385 2336 propheta
2420 2282 2579 2336 quem
2618 2265 2981 2337 praecinuerat
3020 2273 3348 2336 appareret,
3382 2267 3478 2337 qui
3518 2282 3615 2322 eos

2030 2362 2208 2433 primo
2262 2376 2357 2430 per
2406 2358 2845 2415 misericordiam
2890 2358 2985 2413 Dei
3032 2366 3281 2413 moueret
3323 2373 3542 2414 cessare
3582 2375 3616 2414 a

2028 2452 2316 2509 sacrificiis
2335 2492 2350 2518 ,
2382 2458 2439 2505 et
2467 2467 2535 2506 ne
2569 2449 2709 2506 forte
2736 2458 2993 2521 putarent
3023 2449 3374 2505 cessantibus
3412 2450 3613 2507 hostiis

2029 2544 2414 2601 remissionem
2449 2543 2554 2598 sibi
2586 2558 2697 2597 non
2749 2542 2863 2598 fieri
2904 2552 3293 2613 peccatorum,
3339 2542 3615 2614 baptisma

2023 2636 2106 2693 eis
2135 2651 2230 2706 per
2258 2651 2456 2705 aquam
2492 2635 2717 2699 statuit,
2748 2635 2804 2689 in
2832 2649 2942 2704 quo
2971 2634 3038 2688 ab
3070 2633 3326 2689 omnibus
3361 2637 3604 2705 peccatis

2022 2727 2282 2782 invocato
2327 2727 2449 2797 ejus
2494 2726 2718 2780 nomine
2760 2723 3128 2790 solverentur,
3178 2731 3233 2778 et
3278 2723 3346 2780 de
3390 2725 3606 2798 reliquo

2023 2819 2319 2890 perfectam
2352 2820 2521 2872 vitam
2567 2825 2861 2887 sequentes
2892 2814 2950 2870 in
2980 2815 3398 2871 immortalitate
3442 2818 3609 2872 dura-

2021 2918 2183 2975 rent,
2234 2926 2345 2965 non
2397 2908 2669 2980 pecudum
2723 2907 2992 2977 sanguine
3041 2912 3137 2964 sed
3181 2909 3466 2978 sapientia:
3512 2908 3608 2964 Dei

2024 3002 2406 3074 purificatione
2440 3002 2678 3073 purgati.
2726 2999 2973 3070 Denique
3019 3000 3201 3055 etiam
3233 3001 3338 3055 hoc
3378 3002 3606 3071 ponitur

2021 3092 2243 3150 evidens
2289 3093 2469 3164 magni
2526 3091 2775 3163 mysterii
2819 3090 2983 3159 hujus
3029 3089 3293 3144 indicium
3342 3091 3487 3160 (59),
3545 3100 3607 3146 ut

2022 3186 2203 3241 omnis
2249 3184 2344 3255 qui
2388 3182 2618 3239 credens
2672 3182 2954 3253 propheta:
2994 3181 3123 3235 huic
3149 3221 3163 3246 ,
3210 3181 3304 3252 qui
3345 3197 3377 3235 a
3420 3181 3608 3253 Moyse
3652 3212 3657 3215 -

2025 3278 2323 3351 prmdictus
2367 3283 2484 3342 est,
2534 3276 2850 3346 baptizatur
2893 3275 2949 3328 in
3001 3272 3223 3329 nomine
3268 3273 3482 3344 ipsius,
3534 3275 3605 3330 ab

2019 3370 2239 3426 excidio
2271 3370 2396 3425 belli
2425 3368 2572 3439 quod
2606 3367 2901 3422 incredula:
2932 3366 3080 3438 genti
3107 3366 3356 3420 imminet
3384 3380 3448 3420 ac
3480 3366 3603 3421 loco

2019 3463 2161 3535 ipsi,
2197 3470 2447 3518 servetur
2478 3460 2714 3525 illaesus,
2743 3475 2852 3514 non
2880 3457 3167 3514 credentes
3196 3472 3324 3512 vero
3355 3466 3602 3514 extorres

2019 3554 2142 3609 loco
2176 3560 2230 3607 et
2258 3564 2429 3622 regno
2459 3551 2591 3605 fiant
2612 3591 2627 3616 ,
2663 3559 2720 3605 ut
2750 3551 2837 3606 vel
2868 3549 3022 3605 inviti
3057 3549 3366 3621 intelligant
3391 3558 3445 3605 et
3470 3550 3604 3606 obe-

2019 3646 2174 3700 diant
2203 3642 2477 3698 voluntati
2510 3640 2626 3699 Dei.
3122 3686 3128 3695 .

2086 3734 2313 3791 XL.His
2343 3735 2510 3806 igitur
2539 3733 3048 3804 itapraaordinatis,
3090 3733 3248 3789 adest
3278 3734 3372 3804 qui
3402 3748 3601 3801 exspe-

2019 3830 2296 3893 ctabatur,
2330 3827 2535 3882 indicia
2567 3827 2654 3882 sui
2686 3827 2888 3898 quibus
2920 3827 3074 3884 fieret
3114 3827 3471 3890 manifestus,
3519 3826 3599 3880 si-

2017 3935 2121 3992 gna
2169 3913 2222 3974 et
2268 3918 2518 3990 prodigia
2560 3915 2844 3973 deferens.
2904 3914 3011 3971 Sed
3044 3931 3113 3970 ne
3144 3915 3223 3970 sic
3251 3915 3471 3986 quidem
3504 3930 3601 3984 po-

2019 4007 2183 4077 pulus
2218 4004 2492 4069 credidit,
2535 4004 2628 4074 qui
2676 4004 2744 4058 ad
2790 4005 2906 4058 haec
2944 4003 3218 4059 credenda
3260 4012 3341 4059 tot
3380 4004 3598 4059 smeulis

2017 4097 2264 4154 eruditus
2299 4103 2384 4152 est
2412 4113 2426 4163 ;
2460 4104 2515 4149 et
2545 4112 2656 4149 non
2686 4096 2864 4151 solum
2898 4110 3010 4149 non
3053 4094 3316 4160 credidit,
3365 4097 3457 4150 sed
3502 4097 3598 4149 ad-

2017 4189 2155 4244 didit
2185 4187 2491 4242 inlidelitati
2537 4186 2973 4256 blasphemiam,
3018 4201 3275 4241 voracem
3316 4186 3594 4240 hominem

2016 4287 2071 4336 et
2104 4278 2292 4336 ventri-
2309 4277 2641 4334 servientem
2670 4276 2737 4341 ⁸⁸,
2772 4292 2837 4332 ac
2865 4276 3112 4333 dzemone
3155 4276 3242 4347 agi
3283 4291 3408 4331 eum
3434 4315 3450 4341 ,
3494 4279 3593 4347 qui

2016 4368 2087 4422 ob
2114 4367 2346 4421 salutem
2377 4376 2533 4422 suam
2563 4374 2822 4428 venerat,
2880 4366 3089 4421 dicens.
3134 4364 3194 4420 In
3235 4372 3449 4421 tantum
3493 4383 3595 4422 ne-

328 4449 551 4508 hantur.
600 4452 905 4510 Paucorum
930 4471 1166 4526 namque
1195 4466 1281 4513 est
1326 4467 1475 4514 recta
1501 4473 1628 4514 cum
1657 4458 1912 4515 libertate
1944 4469 1989 4524 ι)
2018 4461 2194 4533 quitia
2236 4460 2511 4514 malorum
2560 4458 2886 4514 ministeriis
2924 4458 3102 4523 valet,
3152 4458 3301 4530 quod
3346 4459 3454 4514 nisi
3489 4458 3592 4513 Sa-

332 4547 630 4604 sententia.

2016 4551 2221 4625 pientia
2266 4549 2362 4606 Dei
2405 4550 2673 4606 adfuisset
2718 4550 2804 4606 his
2843 4552 2938 4623 qui
2987 4551 3222 4625 diligunt
3261 4556 3591 4623 veritatem,

495 4704 833 4781 Deut.xvm,
870 4705 1099 4781 i_5;Act.
1128 4708 1333 4781 "1,22,
1363 4707 1482 4781 23.“
1531 4710 1578 4742 ”
1611 4710 1768 4766 Deut.
1824 4728 1923 4775 xu,
1975 4711 2067 4777 ii;
2115 4709 2160 4763 ll
2217 4709 2692 4781 Paral.ivn,12.
2771 4712 2816 4744 “
2858 4711 3050 4768 Matth.
3110 4728 3187 4779 ιχ,
3245 4714 3331 4781 15;
3379 4730 3481 4777 xu,
3532 4715 3587 4769 7ο

332 4773 381 4805 ⁸⁸
413 4772 600 4831 Matth.
629 4794 776 4843 xxiv,
802 4779 836 4832 2
859 4798 874 4846 ;
901 4772 1036 4834 Luc.
1054 4794 1172 4843 xix,
1195 4779 1285 4834 44.

1376 4779 1422 4810 ⁸⁸
1452 4778 1613 4835 Deut.
1639 4798 1793 4846 xui,
1826 4797 1999 4848 χχιιι,
2039 4797 2221 4836 xxxnv.

2318 4781 2364 4813 ⁸⁷
2406 4780 2422 4833 l
2452 4778 2586 4851 Reg.
2615 4796 2733 4838 vnt.
2814 4782 2859 4813 ⁸⁸
2899 4782 3087 4837 Matth.
3120 4778 3195 4851 .x’;
3224 4778 3385 4841 Joan.
3420 4802 3514 4840 vn.

1625 4953 1990 5011 COTELERII
2050 4956 2282 5014 ΝΟΤᾸΕ.

332 5109 889 5184 antequam“
920 5111 1235 5184 βουκρᾴνου.
1272 5111 1329 5166 Id
1360 5121 1443 5168 est
1469 5131 1483 5168 :
1516 5111 1639 5167 Non
1661 5115 1799 5167 enim
1829 5114 1901 5183 fe-

334 5178 516 5236 cerunt
541 5178 709 5244 lovis,
738 5178 829 5233 aut
858 5178 1011 5248 hujus
1040 5178 1244 5237 iitiusve
1272 5184 1637 5245 simulacrum,
1663 5184 1753 5238 sed
1778 5178 1900 5238 abs-

333 5268 432 5322 que
464 5261 610 5323 certo
641 5251 858 5303 consilio
881 5268 1091 5323 aurum
1120 5254 1374 5307 dederunt
1414 5263 1469 5307 ut
1512 5256 1657 5323 ﬁeret
1701 5256 1901 5309 idolum

332 5320 675 5407 quodcumque
693 5337 807 5374 sors
837 5320 1142 5387 obtulisset;
1173 5334 1327 5394 atque
1352 5325 1425 5378 ita
1444 5320 1581 5401 exiit
1613 5325 1785 5397 bovini
1811 5342 1928 5407 ιτα-1

331 5391 722 5463 pitis_e[jigies._
984 5459 1022 5463 __
1242 5391 1273 5463 λ
1444 5396 1448 5401 ’
1510 5462 1513 5463 ν
1556 5396 1559 5399 ’
1664 5410 1689 5463 χ
1752 5442 1753 5445 η

407 5459 539 5531 (58)
563 5459 893 5531 ΡνορΙιειαηιΔ
912 5459 1052 5515 vobis
1076 5459 1372 5528 suscitabit,
1400 5462 1515 5521 etc.‘
1534 5462 1700 5521 Recte
1725 5483 1899 5520 mem-

333 5528 517 5587 brana':
529 5528 708 5601 Regia:
721 5531 846 5585 etP.
867 5528 1045 5596 Petili,
1065 5548 1201 5601 quas
1220 5551 1328 5602 prze
1345 5538 1520 5592 oculis
1545 5539 1748 5591 habeo:
1770 5537 1907 5592 Deus

334 5611 500 5671 vester
524 5604 660 5656 sicut
696 5620 774 5655 me
799 5616 819 5656 :
860 5602 1031 5668 ipsum
1057 5602 1234 5657 audite
1252 5607 1534 5660 secundum
1568 5608 1762 5671 omnia,
1790 5617 1903 5665 'etc.

336 5670 401 5749 in
416 5670 675 5749 Chronico
689 5671 995 5749 Raderiano
1007 5676 1103 5749 seu
1121 5673 1512 5749 Alexandrino,
1534 5680 1703 5749 p.180
1728 5697 1740 5731 :
1766 5679 1905 5749 [lpo-

337 5740 512 5821 qéij‘rqv
548 5744 684 5821 ὑμῖν.
721 5740 1008 5821 eventiset
1052 5740 1254 5821 Ιςύρισίς
1292 5750 1320 5799 ὀ
1351 5740 1573 5821 Θξὸς
1602 5748 1717 5821 τῶν
1743 5740 1901 5821 ἀδέλ-

336 5810 557 5881 ᾡὼν’ὠς
587 5810 705 5884 ἐμὲ.
755 5811 926 5865 Αὐτοῦ
974 5810 1265 5866 ἀκούσὲσθε
1298 5818 1435 5869 κατὰ
1466 5810 1671 5886 πάντα,
1704 5820 1802 5872 ὅσα
1834 5819 1899 5872 ἂν

2008 5115 2136 5190 sirm
2151 5116 2285 5186 πρὸς
2298 5118 2464 5190 ὑμᾶς.
2483 5118 2672 5190 Ἔσται
2691 5116 2768 5190 δξ,
2789 5121 2940 5190 πᾶσα
2955 5118 3121 5190 ψυχὴ,
3143 5119 3264 5190 ἥτις
3280 5119 3379 5173 οὐκ
3397 5120 3585 5190 ἀκούει

2008 5185 2409 5260 τᾳῦξπροςεήίέορ
2440 5187 2665 5254 ἐκείνου,
2697 5185 3201 5260 ὲξφλοθρεύθήὰὲτάι
3232 5192 3297 5243 ὲκ
3328 5188 3420 5243 τοῦ
3453 5191 3585 5246 λαοῦ

2008 5256 2195 5327 αὑτῆςζ
2242 5256 2530 5313 Vérsiones
2555 5261 2717 5313 etiam
2758 5256 2982 5331 Syriaca
3022 5256 3076 5314 et
3110 5260 3345 5315 Arabica
3385 5274 3585 5331 agnos-

2007 5335 2161 5381 cunt.
2186 5325 2248 5380 de
2280 5328 2472 5381 novulo
2499 5346 2615 5381 suo.
3389 5330 3396 5337 ’

2045 5343 2161 5387 υιιι,
2186 5343 2248 5380 ae
2280 5343 2472 5387 poputo
2499 5346 2615 5384 suo.

2082 5346 2161 5387 nt,
2186 5346 2248 5380 ae
2316 5346 2472 5397 oputo
2499 5346 2615 5384 suo.

2079 5395 2193 5470 (59)
2238 5346 2351 5451 fine
2371 5399 2584 5470 ponitur
2614 5399 2817 5453 evidens
2850 5400 3027 5468 magni
3050 5400 3286 5470 mysterii
3308 5400 3463 5468 hujus
3491 5401 3579 5455 in-

2009 5464 2380 5541 dicium,__etc.'
2411 5468 2467 5522 Si
2500 5470 2587 5523 cui
2622 5470 2724 5525 ista
2760 5478 2890 5541 sunt
2921 5464 3155 5524 obscura
3182 5510 3197 5533 ,
3236 5464 3383 5541 legat
3410 5472 3582 5525 Euse-

2011 5536 2341 5611 biunyilisl.
2378 5540 2468 5593 lib.
2493 5542 2805 5611 tu,cap.5;
2845 5540 3232 5611 Epiphanium,
3270 5536 3458 5597 lfmresi
3485 5541 3578 5608 29,

2008 5609 2249 5680 num.ﬂ7;
2278 5609 2411 5680 Liter.
2445 5610 2535 5671 30,
2564 5609 2713 5665 nun].
2748 5612 2813 5675 2;
2852 5610 2971 5664 Lib.
3021 5612 3084 5664 de
3122 5627 3285 5665 mens.
3315 5621 3364 5680 et
3391 5615 3576 5680 ροιιί..

2006 5692 2126 5747 cap.
2158 5662 2249 5753 15_;'
2277 5662 3074 5753 inanimali;stataria;
3093 5662 3285 5748 sine;
3313 5662 3581 5753 uatem};

2006 5763 2146 5813 rum,
2203 5750 2535 5816 Cedrenum,
2596 5750 2932 5818 Freculfum,
2988 5760 3098 5808 etc.
3153 5753 3237 5808 Ab
3281 5753 3348 5808 iis
3397 5750 3576 5809 lucem

2002 5828 2167 5889 petat.
