4048 6262
487 289 625 345 1251

1343 287 1399 344 S.
1438 286 1837 344 CLEMENTIS
1868 287 1889 341 l
1922 287 2089 346 ιιοιι.
2128 288 2331 347 PONT.
2373 288 2602 346 OPERA
2638 288 2865 346 DUBIA.

3593 303 3710 361 195?.

489 414 686 457 omnes
728 413 871 468 pene
910 399 1079 456 simul
1126 400 1331 472 impius
1380 416 1537 457 error
1588 402 1914 457 involveret.
1966 400 2078 456 Nos
2108 422 2154 482 Α
2185 404 2399 470 locum,
2454 421 2618 476 quem
2670 420 2779 460 non
2827 414 3054 475 potuere
3106 417 3472 478 resurgentem
3522 419 3710 483 tenere,

482 508 619 565 ergo
646 493 858 563 primos
884 493 1051 564 elegit
1094 492 1389 549 duodecim
1434 494 1540 551 sibi
1584 495 1908 559 credentes,
1938 509 2081 565 quos

492 587 780 658 apostolos
824 586 1133 641 nominavit
1163 588 1230 652 δ’,
1271 586 1623 657 postmodum
1672 587 1810 642 alios
1861 594 2086 657 septua-

488 680 639 751 ginta
668 679 813 735 duos
840 679 956 749 (40)
1000 679 1428 750 probatissimos
1471 678 1778 749 discipulos
1809 677 1878 743 ’⁸,
1910 686 1970 732 ut
1999 678 2084 732 vel

456 831 459 833 ἓ
488 772 595 827 hoc
624 772 785 826 modo
812 770 1090 841 recognita
1150 770 1390 841 imagine
1422 769 1629 841 Moysis
1655 769 1905 825 crederet
1936 769 2082 823 mul-

488 865 657 919 titutlc
695 865 767 929 ",
800 866 929 935 quia
962 865 1052 919 hic
1082 872 1203 931 est,
1232 880 1394 935 quem
1426 863 1678 934 praedixit
1710 863 1925 936 Moyses
1953 880 2086 919 ven-

488 965 676 1012 turum
707 958 1032 1029 prophetam
1063 958 1135 1014 η.

559 1050 697 1105 XLI.
743 1049 851 1106 Sed
880 1050 1133 1106 fortassis
1161 1050 1308 1105 dicat
1333 1050 1538 1121 aliquis
1558 1091 1574 1117 ,
1600 1050 1728 1119 quia
1752 1049 1955 1104 imitari
1981 1065 2086 1104 nu-

490 1160 701 1200 merum
732 1145 1044 1214 cuicunque
1077 1144 1344 1214 possibile
1376 1152 1461 1198 est
1488 1161 1503 1210 ;
1538 1149 1594 1197 et
1622 1140 1756 1212 quid
1802 1142 1869 1196 de
1912 1142 2086 1212 signis

488 1245 547 1292 et
592 1238 897 1292 virtutibus
955 1236 1145 1300 dicet,
1197 1253 1319 1307 quae
1373 1237 1478 1291 iste
1536 1235 1818 1290 faciebat?
1873 1234 2084 1290 Etenim

490 1328 707 1402 Moyses
735 1331 966 1386 virtutes
998 1338 1052 1383 et
1083 1330 1353 1385 sanitates
1396 1328 1604 1384 fecerat
1635 1329 1692 1383 in
1739 1327 1997 1400 IEgypto.
2034 1327 2086 1383 Is

491 1438 714 1493 quoque
736 1462 751 1488 ,
786 1437 950 1493 quem
984 1422 1102 1492 ipse
1132 1421 1389 1492 praedixit
1419 1422 1563 1476 sicut
1592 1435 1653 1476 se
1682 1421 1866 1491 ipsum
1900 1434 2087 1476 surre-

492 1525 712 1570 cturum
746 1515 1069 1585 prophetam
1089 1555 1104 1577 ,
1136 1530 1262 1569 cum
1292 1529 1510 1568 omnem
1540 1514 1860 1584 languorem
1887 1519 1942 1567 et
1966 1527 2087 1568 om-

494 1617 618 1656 nem
649 1601 1021 1657 infirmitatem
1053 1613 1274 1657 curaret
1305 1601 1361 1655 in
1392 1603 1583 1672 plebe,
1611 1602 1847 1657 virtutes
1877 1600 2087 1658 faceret

495 1693 814 1749 innumeras
837 1733 853 1757 ,
888 1694 1056 1747 vitam
1093 1694 1502 1765 evangelizaret
1534 1701 1796 1749 aeternam
1818 1735 1833 1755 ,
1880 1694 1951 1748 ab
1980 1694 2087 1747 im-

2181 514 2398 569 magum
2434 498 2729 564 dicebant;
2762 498 2855 552 alii
2888 497 3164 552 finxerunt
3194 498 3430 557 furatum
3460 502 3524 558 ".

2255 589 2435 644 XLIII.
2480 589 2871 645 Verumtamen
2904 591 3106 645 veritas
3138 592 3338 660 ubique
3367 594 3620 651 vincebat.
3651 599 3716 654 Ad

2183 681 2447 738 indicium
2472 684 2619 738 enim
2644 723 2659 745 ,
2685 681 2833 752 quod
2858 683 2972 736 ha‘c
3004 682 3189 737 divina
3214 684 3412 739 virtute
3441 699 3715 755 agerentur,

2183 786 2286 826 nos
2320 772 2419 841 qui
2466 772 2750 827 fueramus
2795 765 3153 841 paucissimi,
3203 789 3462 844 processu
3485 770 3717 845 'dierum,

2184 865 2517 935 astipulante
2558 864 2693 928 Deo,
2722 865 2894 919 multo
2938 868 3127 935 plures
3171 881 3335 936 quam
3384 868 3458 922 illi
3486 870 3723 925 eliicieha-

2185 966 2330 1012 mur,
2369 952 2443 1003 ita
2485 959 2544 1004 ut
2588 952 2885 1021 aliquando
2929 954 3375 1022 pertimescerent
3416 959 3721 1024 sacerdotes,

2190 1057 2258 1095 ne
2281 1040 2420 1096 forte
2453 1058 2549 1112 per
2572 1042 2664 1097 Dei
2694 1044 3090 1112 providentiam
3121 1047 3188 1099 ad
3215 1046 3578 1102 confusionem
3601 1049 3725 1120 ipso~

2186 1150 2345 1197 rum,
2393 1135 2447 1188 in
2508 1134 2668 1189 fidem
2720 1145 2966 1190 nostram
3016 1138 3308 1193 universus
3351 1141 3573 1209 populus
3614 1156 3726 1195 con-

2187 1228 2404 1281 veniret
2429 1244 2444 1293 ;
2480 1226 2799 1297 frequenter
2829 1230 3112 1284 mittentes
3144 1230 3211 1285 ad
3244 1245 3347 1287 nos
3376 1232 3650 1302 rogabant,
3676 1240 3729 1287 ut

2186 1320 2268 1374 eis
2301 1320 2369 1374 de
2415 1318 2547 1375 Jesu
2590 1320 3026 1386 dissereremus,
3066 1323 3111 1377 si
3162 1322 3281 1393 ipse
3322 1333 3465 1380 esset
3499 1325 3731 1395 propheta

2186 1428 2347 1482 quem
2373 1412 2589 1484 Moyses
2615 1414 2872 1484 prtedixit
2897 1455 2912 1478 ,
2938 1417 3030 1486 qui
3057 1424 3141 1471 est
3164 1416 3420 1471 Christus
3439 1425 3656 1471 internus
3670 1415 3729 1469 ”.

2188 1504 2267 1560 De
2298 1505 2401 1560 hoc
2428 1506 2575 1561 cnim
2611 1507 2730 1561 solo
2761 1507 2924 1561 nobis
2953 1509 3048 1578 qui
3075 1508 3414 1564 credidimus
3454 1509 3507 1561 in
3540 1506 3731 1569 Iesum.

2188 1599 2481 1655 adversum
2527 1615 2638 1654 non
2685 1600 2977 1657 credentes
3008 1600 3231 1656 Iudaeos
3259 1600 3479 1656 videtur
3509 1616 3620 1656 esse
3645 1600 3736 1655 dif.

2189 1694 2443 1749 ferentia.
2478 1692 2679 1748 Verum
2727 1709 2852 1748 cum
2902 1695 3217 1765 frequenter
3258 1709 3424 1764 super
3465 1694 3565 1749 hoc
3602 1708 3739 1763 roga-

494 1786 601 1857 piis
631 1794 792 1842 actus
821 1794 905 1842 est
941 1786 997 1840 in
1028 1801 1250 1842 crucem
1279 1804 1297 1854 ;
1330 1786 1478 1858 quod
1514 1794 1695 1841 tamen
1732 1786 1937 1841 factum
1966 1786 2084 1841 vir-
2116 1781 2158 1841 Β
2189 1795 2349 1851 rent,
2397 1802 2499 1842 nos
2549 1795 2731 1843 autem
2783 1795 3155 1858 opportunum
3202 1795 3420 1858 tempus
3469 1786 3739 1857 requirere-

494 1887 611 1933 tute
655 1879 778 1948 ejus
818 1893 1146 1934 conversum
1182 1886 1266 1933 est
1310 1879 1364 1932 in
1410 1878 1634 1933 bonum.
1688 1878 1932 1948 Denique
1960 1893 2087 1932 cum
2193 1893 2347 1943 mus,
2378 1878 2680 1947 septimana
2707 1878 2819 1947 jam
2854 1894 2962 1933 una
2992 1894 3058 1933 ex
3090 1879 3349 1948 passione
3378 1877 3585 1932 Domini
3615 1890 3743 1931 como

494 1979 803 2042 pateretur,
836 1971 1019 2025 omnis
1050 1971 1098 2025 ei
1130 1985 1459 2040 compassus
1502 1981 1587 2026 est
1629 1971 1873 2027 mundus
1902 1988 1919 2038 ;
1961 1985 2088 2024 nam
2190 1970 2444 2040 plcbatur
2472 1985 2743 2026 annorum
2766 2011 2781 2036 ,
2816 1972 3053 2032 ecclesia
3085 1971 3301 2025 Domini
3349 1972 3402 2024 in
3438 1967 3741 2025 Hierusalem

494 2071 551 2118 et
581 2063 665 2118 sol
695 2064 1030 2118 obscuratus
1059 2069 1181 2125 est,
1216 2070 1546 2133 montesque
1592 2061 1829 2131 disrupti
1852 2102 1867 2125 ,
1899 2067 1954 2116 et
2004 2076 2094 2115 se-

498 2155 693 2225 pulcra
721 2154 996 2225 patefacta
1031 2161 1190 2219 sunt,
1217 2155 1399 2210 velum
1429 2156 1616 2225 templi
1643 2158 1877 2210 scissum
1908 2162 1993 2209 est
2019 2153 2089 2219 ",

494 2248 648 2304 velut
681 2248 991 2304 lamentans
1017 2248 1291 2303 excidium
1324 2247 1445 2302 loco
1475 2249 1787 2303 imminens.
1816 2246 1883 2300 Et
1906 2255 2091 2301 tamen

498 2356 625 2397 cum
655 2341 846 2396 omnis
872 2339 1113 2397 mundus
1139 2348 1452 2397 commotus
1481 2340 1590 2405 sit,
1626 2341 1729 2411 ipsi
1774 2341 2094 2395 etiamnunc

499 2434 568 2488 ad
601 2434 1024 2504 inquisitionem
1056 2441 1341 2489 tantarum
1374 2448 1559 2489 rerum
1590 2434 1910 2489 nullatenus
1938 2448 2095 2488 com-

501 2536 820 2582 ῃιονεηιιιτ.

568 2620 729 2677 XLII.
759 2620 962 2677 Verum
994 2621 1258 2693 quoniam
1330 2623 1708 2679 necessarium
1748 2627 1870 2677 erat
1928 2628 1990 2675 ut
2028 2621 2088 2675 in

500 2717 681 2770 locum
716 2720 909 2770 eorum
936 2716 1033 2787 qui
1063 2715 1334 2771 increduli
1366 2715 1763 2787 permanebant
1783 2754 1798 2778 ,
1828 2726 2096 2770 vocaren-

499 2816 591 2862 tur
622 2816 810 2878 gentes
833 2849 848 2873 ,
880 2816 941 2863 ut
973 2809 1280 2880 repleretur
1313 2808 1406 2863 ille
1436 2823 1704 2863 numerus
1736 2807 1830 2877 qui
1860 2806 2093 2860 demon-

499 2908 708 2956 stratus
750 2898 929 2955 fuerat
970 2900 1207 2956 Abrahae
1262 2900 1329 2964 ’⁵,
1374 2900 1615 2954 mittitur
1664 2898 1718 2953 in
1771 2899 2095 2954 universum

502 2995 768 3048 mundum
798 2995 1062 3050 salutaris
1087 2994 1240 3065 regni
1269 2993 1363 3048 Dei
1392 2993 1730 3064 prtedicatio.
1756 2991 2097 3046 Perturban-

501 3092 592 3138 tur
621 3086 696 3140 ob
725 3085 829 3139 hoc
859 3084 1127 3140 mundani
1158 3084 1394 3156 spiritus
1415 3124 1430 3149 ,
1463 3084 1556 3154 qui
1605 3084 1914 3139 libertatem
1944 3097 2095 3154 qua-

500 3176 756 3231 rentibus
788 3192 1007 3247 semper
1036 3176 1350 3241 obsistunt,
1379 3183 1435 3230 et
1466 3176 1535 3230 ad
1566 3174 1960 3231 destruendam
1994 3173 2092 3230 Dei

501 3268 921 3323 aediﬁcationem
950 3283 1202 3323 errorum
1249 3267 1536 3324 machinas
1568 3277 1858 3338 quarunt,
1890 3267 2095 3339 quibus

502 3359 590 3421 hi,
624 3360 719 3429 qui
771 3360 838 3414 ad
886 3360 1084 3415 salutis
1130 3366 1185 3414 et
1226 3360 1503 3415 libertatis
1552 3360 1782 3431 gloriam
1827 3359 2092 3424 tendunt,

504 3450 845 3506 obsistentes
876 3459 931 3507 et
962 3466 1167 3521 agones
1200 3451 1492 3507 adversum
1537 3468 1636 3508 eos
1676 3467 1787 3506 non
1834 3452 2096 3509 minimos

502 3528 841 3598 desudantes
865 3584 880 3605 ,
917 3542 1176 3599 fortiores
1204 3544 1425 3607 ell‘ecti,
1475 3543 1545 3598 ad
1592 3544 1790 3600 salutis
1832 3556 2094 3599 coronam

503 3636 732 3710 veniant
760 3652 867 3690 non
904 3637 1026 3693 sine
1055 3637 1238 3709 palma
1269 3637 1535 3692 victoriae.
1568 3636 1792 3693 Interim
1823 3653 1949 3693 cum
1978 3653 2101 3709 pas-

503 3736 779 3785 sus'csset
801 3768 816 3793 ,
852 3738 905 3784 et
935 3729 1003 3783 ab
1035 3730 1176 3783 hora
1208 3738 1363 3785 sexta
1395 3746 1570 3800 usque
1602 3729 1670 3785 ad
1700 3747 1900 3786 nonam
1936 3749 2099 3787 mun-

502 3820 630 3874 dum
663 3821 902 3875 tenebrae
929 3822 1262 3891 pressissent
1285 3822 1352 3886 ⁸⁸,
1381 3823 1497 3879 sole
1522 3822 1735 3879 reddito
1761 3838 1825 3878 ac
1846 3824 2010 3886 rebus
2037 3824 2095 3879 in

511 3913 763 3968 ordinem
798 3914 1102 3978 restitutis,
1135 3917 1302 3971 etiam
1348 3915 1599 3972 homines
1641 3932 1875 3987 nequam
1921 3918 1989 3973 ad
2034 3933 2093 3973 se

503 4013 668 4076 atque
700 4006 768 4059 ad
801 4023 981 4062 mores
1013 4024 1145 4063 suos
1178 4016 1325 4063 metu
1356 4022 1611 4065 cessante
1649 4010 1889 4081 regressi
1933 4018 2085 4066 sunt.

502 4096 639 4151 Nam
668 4097 889 4167 quidam
924 4114 1115 4154 eorum
1144 4114 1269 4154 cum
1302 4100 1451 4156 omni
1497 4101 1748 4156 custodia
1799 4110 2089 4161 servantes

565 4254 610 4287 ⁸³
645 4254 833 4312 Matth.
860 4274 919 4312 ι.
995 4258 1042 4291 ⁸⁸
1076 4255 1209 4312 Luc.
1242 4274 1299 4314 Χ.

506 4342 599 4393 xv;
633 4326 755 4381 Act.
793 4344 909 4393 nu.

1395 4260 1437 4293 ⁹¹
1476 4258 1640 4319 Num.
1672 4275 1747 4324 xt,
1789 4261 1881 4316 16.
1957 4263 2004 4297 ⁹²
2042 4261 2200 4316 Deut.
2239 4276 2398 4321 XVIII,
2432 4260 2519 4314 15.
2597 4258 2644 4289 ⁹³
2684 4255 2875 4313 Matth.
2907 4272 3081 4319 xxv",
3113 4254 3202 4322 45,
3236 4256 3333 4320 Si,
3374 4254 3469 4309 52.

1002 4329 1051 4361 ”
1087 4327 1278 4383 Matth.
1310 4345 1486 4395 xxv",
1518 4334 1609 4388 45.
1686 4332 1732 4364 9'
1774 4333 1962 4387 Matth.
1997 4347 2193 4396 xxvnt,
2229 4332 2317 4387 I3.
2395 4332 2439 4364 "
2477 4328 2636 4385 Joan.
2670 4345 2770 4393 xu,
2803 4328 2893 4383 5-5.

2191 2063 2490 2119 constituta
2521 2062 2905 2132 cepiosissime
2941 2063 3311 2133 multiplicata
3359 2061 3631 2117 crescebat
3664 2068 3745 2130 per

2192 2154 2458 2213 Iacobum
2484 2197 2497 2220 ,
2533 2157 2626 2228 qui
2660 2172 2689 2210 a
2723 2156 2958 2211 Domino
3000 2157 3287 2212 ordinatus
3321 2164 3405 2211 est
3448 2155 3503 2209 in
3541 2168 3600 2210 ea
3638 2153 3740 2223 epis

2194 2265 2396 2319 scopas
2419 2291 2432 2311 ,
2466 2249 2792 2305 rectissimis
2823 2248 3334 2318 dispensationibus
3363 2248 3671 2318 gubernata.

2265 2338 2452 2395 XLIV.
2489 2341 2628 2395 Cum
2680 2350 2867 2395 autem
2922 2354 3024 2395 nos
3073 2339 3370 2394 duodecim
3428 2336 3649 2409 apostoli
3691 2335 3746 2390 ad

2195 2432 2339 2488 diem
2390 2431 2613 2487 Paschae
2653 2447 2779 2486 cum
2832 2433 3043 2503 ingenti
3086 2428 3453 2486 multitudine
3494 2427 3750 2485 convenisa

2196 2543 2417 2592 scmus,
2467 2527 2703 2598 ingressi
2761 2527 3052 2582 ecclesiam
3110 2526 3348 2581 fratrum
3402 2524 3751 2596 unusquisque

2195 2629 2447 2675 nostrum
2470 2663 2483 2686 ,
2516 2619 2719 2675 Iacobo
2743 2620 3122 2691 interrogante
3151 2636 3273 2691 quae
3298 2635 3328 2673 a
3356 2620 3518 2676 nobis
3542 2632 3633 2690 per
3653 2617 3751 2673 loca

2197 2713 2413 2785 singula
2443 2722 2602 2783 gesta
2636 2714 2747 2768 sint
2767 2753 2781 2776 ,
2812 2713 3075 2769 audiente
3106 2713 3312 2783 popqu
3348 2712 3589 2768 breviter
3612 2722 3751 2779 em

2198 2807 2400 2860 nimus.
2437 2804 2496 2859 In
2527 2806 2731 2875 quibus
2765 2804 3006 2874 Caiphas
3038 2803 3289 2875 pontifex
3315 2844 3331 2869 ,
3364 2803 3554 2859 missis
3581 2801 3643 2856 ad
3672 2812 3754 2855 nos

2196 2898 2613 2962 sacerdotibus,
2647 2906 2805 2968 rogat
2837 2898 3027 2953 venire
3077 2897 3143 2951 ad
3187 2912 3278 2961 se,
3330 2905 3395 2951 ut
3442 2902 3535 2951 aut
3574 2895 3756 2949 ratione

2196 2990 2494 3046 doceamus
2525 3005 2651 3045 eum
2673 3029 2689 3057 ,
2724 2991 2853 3061 quia
2884 2989 3049 3045 Jesus
3080 3000 3327 3046 aeternus
3369 2998 3457 3047 est
3498 2988 3755 3047 Christus,

2197 3091 2292 3138 aut
2322 3084 2441 3154 ipse
2472 3098 2575 3139 nos
2606 3083 2835 3147 doceat,
2870 3084 2998 3154 quia
3032 3100 3141 3138 non
3185 3092 3303 3151 est,
3351 3098 3464 3155 quo
3492 3082 3547 3136 in
3580 3088 3758 3136 utram-

2198 3177 2328 3232 libet
2372 3176 2532 3231 fidem
2579 3176 2876 3231 universus
2920 3178 3156 3247 populus
3201 3176 3646 3242 conveniret;et
3671 3169 3759 3224 hoc

2196 3268 2375 3324 facere
2408 3284 2509 3323 nos
2538 3267 2853 3339 frequenter
2881 3278 3096 3322 exorat.
3128 3265 3240 3322 Nos
3269 3284 3410 3324 vero
3439 3281 3581 3337 saepe
3606 3262 3761 3318 distu-

2194 3362 2360 3417 limus
2379 3403 2394 3425 ,
2430 3370 2647 3430 tempus
2679 3375 2903 3430 semper.
2933 3360 3302 3430 opportunius
3331 3359 3683 3431 requirentes.
3706 3349 3762 3406 Et

2196 3469 2297 3525 ego
2326 3453 2583 3509 Clemens
2616 3451 2879 3523 respondi
2912 3452 2978 3506 ad
3024 3453 3126 3507 hoe
3155 3472 3168 3507 :
3218 3450 3367 3507 Puto
3407 3450 3553 3523 quod
3590 3457 3641 3504 et
3674 3446 3760 3500 hoc

2197 3545 2378 3614 ipsum
2432 3544 2577 3613 quod
2630 3548 2916 3613 quaeritur,
2966 3553 3151 3597 utrum
3206 3543 3331 3613 ipse
3379 3543 3454 3599 sit
3498 3539 3760 3599 Christus,

2198 3637 2433 3691 nmltum
2460 3636 2636 3706 prosit
2666 3636 2735 3690 ad
2764 3636 2887 3691 fidei
2922 3635 3191 3690 rationem
3225 3636 3345 3707 (41)
3370 3676 3387 3701 ,
3422 3631 3622 3704 alioqui
3649 3642 3765 3685 nun-

2195 3746 2360 3801 quam
2395 3729 2640 3800 pontifex
2676 3744 2776 3799 pro
2810 3728 2914 3782 hoc
2945 3736 3055 3781 tam
3087 3726 3416 3797 frequenter
3445 3730 3687 3797 rogaret,
3711 3727 3762 3774 ut

2195 3822 2263 3878 de
2291 3822 2515 3878 Christo
2544 3822 2631 3877 vel
2664 3822 2904 3876 disceret
2928 3820 3011 3875 vel
3038 3819 3283 3874 doceret.
3313 3818 3386 3873 Et
3416 3817 3616 3875 Petrus
3640 3833 3652 3869 :
3681 3811 3765 3866 [leo

2195 3922 2282 3969 cte
2310 3913 2648 3984 respondisti
2678 3952 2693 3977 ,
2725 3927 2758 3966 ο
2784 3910 3063 3966 Clemens.
3097 3908 3253 3965 Sicut
3287 3911 3445 3966 enim
3480 3910 3595 3966 sine
3614 3903 3763 3961 oculis

2196 4021 2424 4061 cernere
2456 4020 2622 4060 nemo
2652 4012 2871 4075 potest,
2908 4017 3010 4057 nec
3042 4003 3161 4056 sine
3191 4003 3432 4058 auribus
3463 4015 3653 4071 capere
3684 4010 3764 4049 au.

2196 4099 2369 4154 ditum
2391 4140 2406 4164 ,
2437 4099 2520 4153 vel
2550 4098 2761 4168 absque
2803 4096 3033 4150 naribus
3075 4088 3374 4149 odoratum
3397 4135 3414 4161 ,
3459 4105 3631 4161 neque
3666 4087 3764 4143 sine

3571 4250 3617 4282 ”
3646 4244 3769 4301 Gen:

1805 4507 2173 4565 COTELERII
2233 4508 2468 4565 NOTAE.

580 4682 695 4751 (-50)
733 4682 984 4752 Septuag.
1007 4684 1161 4738 duos.
1179 4680 1342 4737 Varia
1356 4682 1521 4736 lectio
1543 4679 1746 4741 Luc.x,
1768 4681 1914 4746 1,17,
1948 4681 2093 4752 apud
2126 4695 2168 4750 D
2197 4683 2419 4745 tionem,
2437 4681 2527 4745 24;
2548 4680 2807 4752 Eusebio,
2833 4680 3411 4752 Demonstr.evangel..
3435 4681 3533 4734 lib.
3561 4694 3640 4737 Ill,
3663 4689 3767 4752 cap.

507 4750 731 4809 διέπερσε
757 4750 811 4809 et
840 4750 1086 4825 Latinos,
1112 4754 1483 4825 ἑϐδομήκοντα
1499 4762 1553 4807 et
1574 4752 1953 4825 ἑὸδρμήκονταί
1974 4750 2089 4819 δύο,

506 4833 609 4871 lxx
662 4832 716 4879 et
751 4843 922 4881 nun.
958 4824 1148 4879 Verum
1171 4822 1442 4892 quoniam,
1470 4822 1921 4893 inquitOrigenes
1945 4824 2090 4878 hom.

504 4896 596 4958 27,
614 4895 667 4948 in
690 4894 978 4958 Numeros,
1001 4913 1104 4949 non
1120 4895 1291 4948 solum
1316 4893 1439 4948 illos
1455 4893 1727 4947 duodecim
1748 4894 1897 4964 elegit
1922 4894 2097 4948 Domi-

506 4983 604 5020 nus
623 4976 671 5019 et
700 4965 947 5020 Salvator
970 4976 1169 5027 noster,
1206 4965 1295 5019 sed
1327 4975 1375 5019 et
1402 4964 1538 5018 alios
1564 4966 1895 5035 septuaginta
1935 4964 2093 5027 duos;

507 5039 707 5090 idcirco
737 5053 839 5090 non
865 5037 1036 5090 solum
1072 5036 1349 5089 duodecim
1377 5037 1567 5104 fontes,
1586 5035 1675 5089 sed
1692 5045 1740 5088 et
1754 5038 2091 5105 septuaginta

504 5108 626 5163 dua:
657 5107 871 5161 arbores
897 5108 1202 5161 scribuntur
1225 5124 1338 5161 esse
1371 5107 1693 5175 palmarum.
1731 5105 1792 5157 Et
1836 5108 2022 5160 homil.
2060 5105 2090 5157 7

508 5184 562 5233 in
598 5177 843 5233 Exodum
880 5198 892 5232 :
928 5177 1013 5232 Ibi
1034 5178 1194 5233 etiam
1236 5178 1450 5232 arbores
1482 5178 1804 5245 reperientur
1834 5194 1935 5230 Lxx
1977 5177 2093 5246 pal-

507 5266 739 5307 marum.
792 5248 916 5302 Non
963 5251 1104 5303 enim
1148 5250 1251 5302 soli
1297 5265 1373 5302 xu
1423 5249 1650 5316 apostoli
1693 5248 1851 5314 [idem
1889 5247 2090 5301 Christi

507 5320 948 5391 prwdicaverunt,
982 5321 1071 5374 sed
1093 5330 1143 5374 et
1174 5320 1269 5373 alii
1294 5336 1398 5373 ιιι
1432 5320 1580 5372 missi
1597 5317 1665 5373 ad
1690 5318 2088 5391 prn'dicandum

509 5388 719 5446 rerbnm
742 5391 833 5446 Dei
848 5392 1260 5463 referuntur3per
1276 5407 1405 5463 quos
1422 5392 1629 5463 palmas
1643 5391 1876 5463 victoria:
1894 5388 2095 5444 Christi

508 5462 738 5518 mundus
770 5460 1096 5532 agnosceret.
1137 5460 1229 5517 Sic
1264 5460 1405 5531 apud
1441 5460 1498 5517 S.
1534 5461 1922 5532 Augustinum,
1956 5470 2090 5516 tom.

509 5532 600 5585 Ill.
640 5531 845 5588 Auctor
878 5534 1064 5604 Operis
1096 5536 1158 5587 de
1201 5533 1532 5587 mirabilibus
1578 5548 1747 5604 sacra:
1782 5531 2091 5604 Scriptum,

514 5606 607 5657 lib.
644 5621 681 5666 ι,
715 5620 836 5673 cap.
880 5603 934 5662 9.
975 5608 1188 5659 cont'ert
1216 5620 1344 5659 cum
1381 5620 1529 5673 ωιικιι
1561 5603 1847 5672 discipulis
1881 5603 2096 5672 linguas

511 5689 663 5727 uxn
724 5672 874 5728 ortas
914 5691 943 5728 a
975 5691 1125 5729 Luu
1168 5676 1305 5731 viris
1344 5675 1411 5728 ad
1455 5672 1868 5729 aediﬁcationem
1925 5673 2098 5728 turris

514 5743 859 5813 Babylonicae
889 5747 1255 5815 congregatis,
1291 5754 1343 5800 et
1371 5759 1522 5799 Lxxtt
1548 5744 1796 5815 seniores
1826 5759 1922 5813 per
1947 5742 2099 5815 Moy-

517 5812 644 5870 scm’
667 5815 873 5870 electos
907 5834 919 5870 :
956 5812 1143 5871 curua
1181 5814 1539 5880 Tertulliano,
1578 5812 1909 5889 tvydverius
1948 5812 2101 5868 Har-

2198 4754 2253 4817 2;
2287 4753 2520 4808 Eusebio
2546 4768 2610 4806 ac
2643 4745 2976 4821 Theophane
3011 4753 3065 4806 in
3101 4745 3305 4807 Catena
3347 4752 3656 4821 Graecorum
3685 4745 3772 4821 Pti-

2201 4834 2342 4877 trum
2376 4825 2444 4877 ad
2472 4822 2699 4893 Lucam,-
2720 4817 2987 4893 Gregorio
3018 4822 3291 4892 Nysseno.
3319 4824 3398 4877 De
3450 4823 3576 4875 Vita
3604 4817 3770 4879 Hosis,

2197 4911 2252 4965 p.
2286 4895 2413 4959 QIS;
2450 4892 2802 4964 Hieronymo,
2822 4892 2982 4963 epist.
3015 4893 3327 4965 121nm".
3353 4894 3412 4954 6-,
3442 4893 3672 4961 aliisque
3698 4902 3773 4941 re-

2198 4963 2539 5021 centioribus
2567 5006 2579 5027 ,
2618 4963 2671 5018 in
2714 4966 2940 5034 figuram
2983 4980 3085 5018 LXX
3134 4963 3550 5033 discipulorum
3591 4974 3772 5034 polian-

2200 5045 2289 5090 tur
2332 5052 2435 5091 ιιι
2481 5037 2728 5109 seniores
2753 5030 3088 5109 'lsraelitici,
3125 5051 3225 5109 L_X_X
3259 5030 3466 5109 palum
3517 5030 3603 5087 ad
3629 5030 3771 5109 Eliwf.

2196 5117 2250 5162 et
2280 5124 2381 5161 ιιι
2414 5107 2668 5162 nationes
2693 5122 2721 5159 a
2755 5122 2859 5159 cxx
2890 5106 3123 5175 posteris
3158 5104 3269 5159 Noe
3310 5106 3590 5159 ducentes
3629 5103 3774 5169 origi-

2194 5195 2338 5233 ΙΙΟῐῐὶ.
2378 5176 2552 5231 pOI'I'O
2582 5193 2844 5231 DUIIICI‘IIS
2877 5192 3027 5230 LXXII
3086 5193 3180 5245 pf'l‘
3212 5192 3517 5245 numerum
3556 5190 3655 5228 ιιι
3696 5185 3773 5223 ρι-

2192 5251 2352 5319 primi
2384 5258 2578 5319 potest,
2613 5256 2672 5303 ut
2693 5249 2900 5302 dictum
2929 5247 3029 5301 fuit
3060 5244 3127 5301 ad
3158 5245 3379 5300 llermw
3409 5262 3451 5313 I,
3480 5244 3534 5313 5,
3560 5260 3667 5301 nou
3692 5254 3775 5294 au-

2196 5329 2301 5376 tem
2336 5336 2439 5374 LXX
2476 5335 2571 5389 per
2602 5335 2777 5373 ιχιιι.
2929 5387 2945 5389 Α
3015 5387 3043 5389 ν
3224 5384 3249 5389 _
3330 5388 3339 5389 ί
3457 5388 3463 5389 ί
3515 5388 3521 5389 ί
3578 5384 3638 5389 __
3760 5378 3770 5387 .

2267 5392 2378 5461 (41)
2426 5384 2577 5461 Fidei
2604 5392 2884 5444 rationem.
2914 5387 3178 5461 Codicum
3218 5384 3551 5461 Sorboniei,
3578 5384 3772 5439 Thuani

2196 5469 2250 5518 et
2278 5458 2693 5524 'Candeleriani,
2730 5472 2814 5515 est
2855 5458 3258 5527 πιστοποίησιν,
3300 5473 3333 5511 a
3383 5459 3562 5513 verbo
3611 5469 3775 5509 πιστο-

2201 5533 2372 5586 ποιεῖν
2405 5530 2939 5600 θι-πιστοποιείσθαι,
2983 5544 3093 5599 quo
3121 5534 3357 5582 utuntur
3397 5527 3597 5600 Ignatii
3627 5528 3773 5600 inte?

2203 5604 2417 5672 polator
2453 5598 2637 5672 Epist.
2652 5601 2721 5654 ad
2751 5595 3026 5671 Ephesios,
3058 5616 3116 5672 ιι,
3142 5600 3229 5661 l8,
3254 5595 3485 5672 ᾼιιςιόι·
3519 5595 3775 5672 Constitit-

2207 5667 2408 5726 tionum
2432 5667 2683 5741 apostol.,
2716 5667 2811 5726 lib.
2846 5688 2898 5733 ι’,
2928 5685 3051 5740 cap.
3075 5668 3137 5741 κϐ,
3162 5678 3218 5726 et
3240 5667 3505 5741 Cyrillus
3539 5669 3777 5741 Hieroso-

2205 5738 2522 5815 Iymitanu's,
2555 5750 2667 5815 tum
2706 5742 2761 5796 in
2808 5741 2912 5815 line
2949 5738 3307 5815 praefationis
3338 5740 3412 5796 ad
3458 5738 3775 5798 (lambant

2206 5812 2321 5872 mm
2347 5815 2401 5870 in
2437 5814 2709 5887 Principio
2737 5812 3037 5870 catechesis
3062 5812 3147 5867 μ.
3335 5822 3343 5829 α
3518 5836 3523 5840 -
3770 5820 3775 5823 λ
