4048 6262
577 416 719 473 1255

566 546 695 586 eum
730 529 1000 592 dixisset,
1035 547 1146 586 non
1196 531 1548 589 dubitaretur
1576 543 1631 589 et
1661 536 1984 612 prophetam
2025 550 2151 590 eum
2185 544 2227 610 Α

567 621 776 688 fuisse,
824 622 1042 678 etiamsi
1095 624 1363 695 scriptum
1409 640 1522 679 non
1562 634 1712 681 esset
1761 626 1816 680 in
1867 626 2027 697 lege:
2072 627 2149 681 ita

568 730 695 769 cum
728 722 941 768 certum
987 715 1059 769 sit
1105 730 1231 769 eum
1275 715 1601 786 prophetam
1645 716 1855 783 fuisse,
1896 717 2151 772 similiter

504 814 505 817 ‘
562 813 776 861 eertum
807 816 891 861 est
928 815 984 860 et
1012 806 1158 877 quod
1194 816 1396 861 unctus
1427 809 1529 874 sit,
1560 809 1690 878 quia
1722 809 1841 863 sine
1872 818 2150 878 unguento

563 896 896 968 prophetare
936 913 1044 951 non
1079 906 1317 968 poterat.
1351 897 1553 953 Verum
1596 900 1699 954 hoc
1741 902 1915 971 magis
1966 900 2150 957 dicere

567 998 625 1044 te
657 989 942 1060 oportuit,
977 992 1024 1045 si
1055 990 1293 1045 chrisma
1336 1001 1457 1045 arte
1502 992 1838 1063 myropolica
1879 993 2150 1064 composi-

564 1089 684 1135 tum
733 1089 819 1136 est
851 1082 920 1137 ab
963 1082 1183 1148 Aaron,
1232 1083 1507 1153 quomodo
1549 1083 1763 1154 primus
1813 1084 1977 1139 homo
2029 1100 2149 1157 per-

564 1174 696 1244 ungi
738 1175 918 1245 potuit
956 1184 1236 1245 unguento
1277 1184 1440 1241 ante,
1480 1177 1901 1246 compositionis
1933 1178 2146 1235 artibus

564 1263 812 1317 nondum
844 1264 1122 1333 repertis?
1175 1262 1243 1317 Et
1277 1279 1381 1334 ego
1411 1263 1673 1335 respondi
1701 1282 1715 1318 :
1771 1262 1890 1318 Non
1920 1279 2009 1318 me
2043 1272 2147 1318 tra-

567 1354 782 1420 ducas,
810 1353 971 1409 Petre
1001 1372 1015 1421 ;
1050 1370 1160 1409 non
1222 1355 1369 1417 enim
1409 1353 1476 1409 de
1516 1364 1797 1425 unguento
1839 1357 2144 1426 composito

563 1456 619 1502 et
652 1446 938 1517 temporali
971 1446 1096 1501 oleo
1149 1445 1364 1517 loquor,
1411 1446 1506 1501 sed
1550 1447 1619 1501 de
1663 1446 1760 1501 illo
1809 1446 2049 1517 simplici
2089 1456 2143 1501 et

563 1550 804 1604 aeterno,
855 1538 1002 1609 quod
1054 1554 1084 1592 a
1136 1538 1248 1595 Deo
1298 1538 1504 1592 factum
1555 1555 1678 1595 esse
1729 1528 2009 1604 docuisti,
2072 1540 2141 1594 ad

563 1633 722 1701 cujus
787 1628 1205 1691 similitudinem
1257 1630 1402 1685 istud
1456 1631 1824 1701 compositum
1891 1646 2013 1696 esse
2075 1631 2142 1685 ab

567 1722 883 1777 hominibus
911 1722 1069 1776 dicis.

632 1812 863 1868 XLVIII.
907 1812 972 1867 Et
1018 1812 1213 1877 Petrus
1247 1813 1313 1867 ad
1354 1812 1489 1878 haec,
1544 1819 1607 1867 ut
1640 1813 1944 1881 videbatur,
1995 1812 2139 1868 indi-

559 1923 782 1978 gnans:
820 1905 961 1971 Quid
1010 1912 1190 1980 putas,
1240 1904 1516 1970 Clemens,
1561 1905 1690 1974 quia
1732 1918 1924 1959 omnes
1962 1904 2142 1958 omnia
2174 1904 2216 1959 B

560 2007 690 2053 ante
737 2005 951 2068 tempus
1003 1997 1144 2059 scire
1185 1997 1519 2076 possumus?
1561 1995 1667 2050 Sed
1705 2009 1853 2051 nunc
1885 1996 1963 2049 uti
2006 2010 2077 2049 ne
2112 2009 2142 2048 a

559 2089 844 2160 proposito
890 2102 1143 2144 sermone
1181 2087 1523 2151 recedamus,
1555 2087 1691 2141 alias
1723 2087 1818 2141 tibi
1861 2101 1985 2140 cum
2015 2100 2143 2156 pro-

559 2178 739 2234 fectus
778 2185 908 2234 tuus
947 2178 1274 2235 manifestus
1310 2176 1505 2243 fuerit,
1538 2176 1606 2233 de
1645 2176 1730 2233 his
1769 2177 2009 2251 apertius
2034 2164 2133 2232 Vex-

557 2286 849 2341 ponemus.
879 2269 1033 2324 Tunc
1062 2277 1242 2334 autem
1263 2278 1541 2340 unguento
1570 2269 1872 2339 composito
1899 2275 2139 2339 perunc~

556 2370 649 2417 tus
680 2360 925 2431 pontifex
958 2360 1041 2415 vel
1073 2346 1372 2431 propheta,
1406 2359 1500 2414 Dei
1525 2360 1693 2415 altare
1716 2360 2053 2416 succendens
2083 2361 2140 2416 in

554 2455 703 2508 omni
740 2452 942 2509 mundo
977 2454 1160 2509 clarus
1192 2452 1513 2519 habebatur.
1539 2449 1645 2506 Sed
1677 2459 1800 2523 post
1826 2450 2007 2507 Aar0n
2044 2453 2136 2523 qui

560 2545 812 2619 pontifex
844 2545 967 2611 fuit,
1000 2546 1139 2600 alius
1168 2560 1235 2599 ex
1255 2545 1412 2616 aquis
1444 2546 1760 2609 assumitur,
1784 2559 1893 2600 non
1918 2541 2139 2616 Moysen

553 2639 701 2701 dico,
746 2636 839 2693 sed
872 2636 1023 2691 illum
1050 2636 1141 2706 qui
1175 2635 1234 2701 in
1279 2635 1436 2705 aquis
1472 2634 1727 2704 baptismi
1756 2632 1931 2689 Filius
1967 2650 1997 2688 a
2028 2633 2138 2692 Deo

553 2731 991 2801 appellatus'est
1037 2729 1106 2785 θ’.
1160 2726 1320 2783 Jesus
1373 2743 1609 2797 namque
1655 2736 1759 2786 est.
1816 2729 1909 2798 qui
1954 2727 2132 2799 ignem

552 2823 706 2876 illum
737 2837 897 2892 quem
942 2819 1279 2875 accendebat
1309 2817 1553 2889 pontifex
1601 2833 1702 2887 pro
1729 2818 1968 2899 peccatis
1990 2857 2006 2883 ,
2048 2834 2139 2873 re-

551 2915 745 2970 stinxit
769 2930 863 2984 per
890 2914 1144 2989 baptismi
1170 2912 1518 2984 gratiamj;ex
1539 2926 1649 2982 quo
1674 2912 1820 2965 enim
1850 2912 1938 2966 hic
1965 2926 2136 2982 appa-

550 3008 682 3069 ruit,
711 3008 945 3069 cessavit
974 3007 1237 3071 chrisrna,
1270 3020 1367 3086 per
1390 3002 1533 3074 quod
1564 3003 1911 3077 pontificatus
1930 3003 2136 3073 praebe-

549 3100 714 3154 batur
734 3139 749 3162 ,
788 3100 876 3161 vel
907 3098 1214 3168 prophetia,
1246 3097 1331 3151 vel
1363 3112 1612 3167 regnum.

621 3189 806 3247 XLIX.
860 3189 1019 3244 Hunc
1050 3189 1215 3261 igitur
1251 3187 1565 3253 adfuturum
1609 3188 1859 3259 praedixit
1895 3188 2130 3260 Moyses,

549 3284 644 3354 qui
672 3283 845 3354 legem
879 3280 979 3347 Dei
1001 3280 1314 3347 hominibus
1341 3280 1603 3347 tradidit;
1633 3278 1728 3334 sed
1757 3287 1811 3334 et
1839 3280 1980 3335 alius
2005 3288 2132 3336 ante

549 3376 766 3444 ipsum,
819 3374 964 3429 sicut
1009 3373 1106 3428 tibi
1156 3380 1210 3428 et
1241 3379 1367 3428 ante
1406 3372 1517 3441 jam
1573 3370 1788 3428 tradidi.
1841 3369 1960 3441 Ipse
2002 3386 2133 3442 ergo

548 3463 813 3521 iudicavit
870 3480 994 3523 cum
1047 3470 1337 3518 venturum
1385 3463 1565 3533 primo
1626 3462 1845 3533 quidem
1896 3461 2132 3518 adventu

550 3555 814 3611 humilem
835 3594 850 3619 ,
886 3553 1130 3617 secundo
1159 3569 1289 3609 vero
1325 3554 1645 3624 gloriosum.
1680 3552 1745 3606 Et
1770 3552 1980 3622 primus
2010 3552 2134 3623 qui-

546 3650 672 3704 dem
709 3647 823 3718 jam
871 3647 1130 3717 impletus
1158 3653 1262 3708 est,
1295 3660 1420 3705 cum
1452 3644 1603 3703 venit
1631 3654 1686 3699 et
1722 3643 1929 3710 docuit,
1969 3650 2024 3700 et
2047 3644 2140 3715 ju-

546 3740 651 3796 de‘x
679 3739 925 3794 omnium
952 3737 1233 3807 judicatus
1263 3743 1369 3801 est,
1407 3750 1470 3790 ac
1502 3742 1836 3806 peremptus.
1878 3732 2129 3790 Secundo

543 3843 678 3884 vero
704 3826 940 3883 adventu
969 3824 1323 3896 iudicaturus
1357 3824 1632 3889 adveniet,
1681 3832 1735 3878 et
1769 3824 1967 3892 impios
2005 3822 2130 3893 qui-

543 3921 668 3976 dem
716 3917 1123 3984 condemnabit,
1172 3917 1293 3988 pios
1336 3932 1469 3971 vero
1514 3920 1571 3970 in
1608 3915 1947 3970 consortium
1972 3914 2127 3983 regni

544 4012 977 4081 societatemque
1005 4010 1289 4081 suscipiet.
1320 4008 1484 4073 Fides
1510 4024 1640 4063 vero
1677 4007 1903 4064 secundi
1933 4006 2128 4063 adven-

539 4116 632 4160 tus
658 4110 875 4160 constat
895 4117 960 4158 ex
996 4103 1199 4177 primo.
1235 4099 1531 4172 Propheta:
1566 4099 1713 4154 enim
1743 4097 1811 4158 de
1838 4096 2014 4169 primo
2045 4097 2125 4157 lo-

540 4197 653 4251 cuti
687 4202 851 4259 sunt,
893 4203 949 4250 et
994 4193 1273 4265 praecipue
1314 4190 1485 4246 Jacob
1524 4199 1579 4245 et
1605 4188 1842 4261 Moyses,
1874 4188 2123 4243 nonnulli

2158 3241 2201 3298 C

1422 417 1479 476 S.
1514 416 1907 474 CLEMENTIS
1938 416 1959 472 l
1992 416 2159 475 ROM.
2194 419 2397 477 PONT.
2435 420 2664 478 OPERA
2700 422 2933 485 DUBIA.

2254 537 2308 591 hi
2358 553 2483 592 vero
2525 539 2618 609 qui
2647 539 2784 593 nihil
2825 540 2893 595 de
2918 539 3039 609 ipso
3072 540 3290 611 penitus
3320 541 3593 608 audierant,
3620 558 3666 604 et
3681 562 3753 606 γε·

2252 627 2400 691 nisse
2428 628 2695 691 credunt,
2725 636 2779 683 et
2810 636 3098 685 venturum
3127 639 3367 702 sperant.
3399 631 3458 685 Et
3485 633 3551 688 ita
3588 636 3635 690 in
3666 653 3757 693 om-

2250 719 2411 803 nibus
2448 719 2731 790 prophetia
2780 720 2956 776 ﬁdelis
2997 724 3269 803 apparuit,
3317 738 3433 794 quae
3469 724 3589 779 dixit
3616 728 3756 799 ipsum

2249 825 2370 876 esse
2396 811 2859 880 exspectationem
2890 813 3154 883 gentium.
3200 812 3521 871 Erraverunt
3554 832 3667 890 ergo
3688 820 3763 875 Ju-

2251 902 2352 957 daei
2383 902 2452 958 de
2478 904 2658 972 primo
2684 901 2903 966 Domini
2934 904 3169 962 adventu
3199 924 3214 973 ;
3266 914 3320 961 et
3348 907 3483 962 inter
3516 922 3606 964 nos
3627 918 3761 981 atque

2247 996 2398 1065 ipsos
2437 994 2503 1048 de
2542 994 2646 1047 hoc
2674 1002 2757 1049 est
2787 995 2904 1049 solo
2930 994 3241 1052 dissidium.
3295 994 3426 1051 Nam
3453 998 3583 1065 quod
3612 1010 3767 1055 ventu-

2248 1101 2345 1141 rus
2376 1086 2448 1139 sit
2476 1084 2751 1150 Christus,
2804 1094 3009 1140 norunt
3055 1088 3220 1142 etiam
3259 1086 3365 1158 ipsi
3391 1095 3443 1143 et
3472 1097 3763 1159 exspectant;

2246 1176 2394 1247 quod
2438 1185 2617 1232 autem
2661 1178 2776 1247 jam
2825 1179 3038 1233 venerit
3076 1178 3130 1232 in
3160 1178 3464 1235 humilitate
3488 1180 3569 1234 hic
3602 1181 3681 1251 qui
3705 1181 3772 1235 di-

2246 1267 2390 1321 citur
2410 1266 2591 1331 Iesus,
2626 1270 2899 1339 ignorant.
2932 1266 3003 1321 Et
3035 1267 3093 1322 in
3121 1269 3223 1323 hoc
3267 1270 3497 1325 maxime
3539 1270 3644 1339 ejus
3668 1286 3770 1326 con-

2246 1356 2494 1412 ﬁrmatur
2543 1358 2828 1420 adventus.
2885 1358 3032 1427 quod
3084 1359 3133 1413 ei
3179 1373 3293 1414 non
3337 1374 3522 1414 omnes
3560 1360 3770 1417 credunt.

2313 1448 2398 1504 LI.
2459 1448 2617 1504 Hunc
2650 1466 2781 1521 ergo
2825 1451 2972 1507 Deus
3017 1449 3317 1505 destinavit
3361 1450 3415 1504 in
3462 1450 3564 1506 fine
3598 1452 3770 1516 mundi,

2244 1541 2373 1611 quia
2418 1540 2754 1611 impossibile
2798 1550 2917 1597 erat
2961 1542 3276 1597 mortalium
3307 1542 3450 1597 mala
3475 1542 3677 1613 purgari
3699 1558 3775 1612 per

2244 1632 2410 1686 alium
2434 1672 2448 1696 ,
2476 1632 2687 1703 integra
2727 1631 2995 1688 duntaxat
3024 1640 3380 1705 permanente
3403 1633 3615 1688 humani
3640 1648 3775 1705 gene-

2243 1723 2323 1779 ris
2350 1733 2624 1793 creatura,
2660 1724 2765 1780 hoc
2813 1733 2900 1781 est
2946 1726 3101 1780 salva
3146 1724 3364 1780 arbitrii
3405 1724 3662 1781 libertate.
3689 1722 3781 1778 Hoc

2243 1815 2409 1885 igitur
2448 1822 2594 1871 statu
2641 1816 2901 1871 incolumi
2933 1822 3242 1879 reservato,
3294 1814 3529 1871 invitare
3568 1815 3701 1870 venit
3725 1813 3779 1867 ad

2244 1924 2471 1979 regnum
2497 1908 2678 1978 justos
2711 1923 2961 1979 quosque
2999 1915 3054 1961 et
3096 1922 3193 1962 eos
3220 1907 3316 1977 qui
3343 1908 3559 1978 placere
3588 1906 3781 1962 studue-

2242 2007 2373 2054 runt
2413 1999 2486 2063 ei,
2536 1999 2737 2069 quibus
2763 1999 2905 2053 bona
2935 1998 3227 2054 ineffabilia
3258 1999 3585 2068 praeparavit
3616 2005 3664 2053 et
3688 1996 3785 2053 Ilie-

2240 2091 2479 2145 rusalem
2506 2090 2778 2146 civitatem
2800 2091 3101 2156 coelestem,
3129 2104 3251 2161 qua:
3273 2105 3447 2160 super
3478 2088 3782 2161 splendorem

2242 2183 2375 2238 solis
2423 2180 2651 2253 fulgebit
2700 2182 2755 2237 in
2811 2181 3147 2237 habitatione
3190 2188 3532 2237 sanctorum.
3584 2180 3784 2250 Iniustos

2240 2289 2369 2330 vero
2399 2282 2452 2329 et
2480 2274 2697 2343 impios,
2725 2281 2781 2330 et
2810 2274 2906 2344 qui
2945 2289 3045 2345 pro
3075 2273 3249 2327 nihilo
3277 2272 3590 2328 habuerunt
3624 2271 3786 2336 Deum,

2239 2363 2701 2434 commissamque
2752 2364 2859 2419 sibi
2889 2364 3055 2418 vitam
3087 2363 3309 2419 diversa
3342 2362 3412 2417 ad
3452 2362 3648 2434 ﬂagitia
3686 2376 3789 2419 coa-

2238 2457 2521 2522 tulerunt,
2548 2470 2611 2510 ac
2637 2463 2855 2525 tempus
2884 2456 3069 2526 operis
3091 2454 3249 2525 justi,
3281 2455 3611 2511 exercitium
3645 2452 3791 2508 fecere

2238 2549 2479 2615 malitiae,
2519 2551 2954 2621 competentibus
3003 2551 3250 2622 ipsisque
3296 2549 3486 2621 dignis
3528 2548 3793 2604 ultionibus

2237 2638 2433 2696 tradet.
2479 2640 2690 2695 Cretera
2731 2656 2863 2697 vero
2888 2657 3011 2713 quas
3040 2642 3117 2697 ibi
3163 2656 3436 2713 gerentur
3485 2638 3711 2712 proferri
3749 2644 3794 2691 et

2237 2730 2444 2801 eloqui,
2470 2745 2650 2800 neque
2674 2731 2887 2802 angelis
2911 2747 3087 2801 neque
3116 2730 3449 2787 hominibus
3472 2731 3555 2787 fas
3583 2737 3693 2796 est;
3719 2726 3796 2782 sed

2237 2819 2341 2875 hoc
2369 2827 2581 2874 tantum
2608 2821 2754 2877 scire
2787 2834 2891 2876 nos
2928 2819 3344 2890 sufflcit,«quod
3372 2814 3540 2875 bonis
3568 2826 3798 2875 aeternam

2236 2912 2502 2967 bonorum
2538 2912 2940 2981 possessionem
2963 2911 3208 2968 conferet
3236 2910 3418 2968 Deus.

2304 3001 2415 3057 LII.
2467 3001 2565 3058 His
2604 3003 2673 3057 ab
2704 3018 2769 3059 eo
2810 3003 2974 3058 dictis
3027 3018 3126 3074 ego
3166 3003 3441 3074 respondi
3472 3021 3488 3059 :
3523 3001 3583 3057 Si
3621 2997 3802 3057 Christi

2234 3109 2403 3165 regno
2453 3094 2707 3151 fruentur
2752 3096 2831 3160 hi,
2866 3110 3008 3167 quos
3050 3096 3229 3166 iustos
3262 3095 3552 3162 invenerit
3578 3094 3694 3163 ejus
3721 3093 3804 3146 ad-

2235 3192 2451 3250 ventus,
2484 3201 2615 3256 ergo
2632 3187 2725 3257 qui
2755 3194 2882 3240 ante
2921 3186 3211 3249 adventum
3235 3187 3371 3256 ejus
3395 3185 3646 3242 defunCti
3676 3190 3802 3245 sum.

2235 3295 2405 3351 regno
2439 3282 2659 3353 penitus
2699 3282 3009 3337 carebunt?
3040 3280 3176 3336 Tum
3202 3280 3424 3337 Petrus
3459 3302 3473 3338 :
3519 3279 3679 3352 Cogis
3714 3292 3805 3339 me.

2234 3370 2432 3442 inquit,
2481 3387 2515 3427 ο
2561 3371 2836 3441 Clemens,
2884 3374 3067 3444 aliqua
3110 3372 3179 3428 de
3223 3373 3619 3430 ineﬂ‘abilibus
3658 3367 3808 3442 publi-

2232 3478 2378 3521 care.
2422 3463 2812 3521 Verumtamen
2851 3463 3211 3537 quoadusque
3264 3466 3522 3536 proferri
3559 3466 3702 3528 licet,
3745 3459 3813 3513 fa-

2232 3570 2355 3611 cere
2374 3571 2485 3611 non
2511 3557 2737 3627 pigebit.
2776 3555 3028 3615 Christus
3051 3596 3068 3624 ,
3110 3555 3206 3629 qui
3230 3556 3311 3615 ab
3338 3558 3510 3612 initio
3539 3564 3595 3612 et
3623 3565 3811 3623 semper

2229 3652 2368 3711 erat,
2397 3661 2493 3717 per
2517 3646 2763 3717 singulas
2792 3662 3039 3718 quasque
3061 3649 3471 3719 generationes
3506 3648 3638 3718 piis.
3668 3646 3816 3700 laten-

2228 3745 2312 3791 ter
2339 3737 2485 3803 licet,
2518 3754 2732 3810 semper
2760 3746 2940 3794 tamen
2963 3738 3176 3803 aderat,
3205 3739 3303 3795 bis
3326 3740 3641 3811 praecipue,
3668 3751 3697 3790 a
3718 3732 3817 3805 qui.

2228 3826 2332 3883 bus
2368 3828 2809 3897 exspectabatur,
2843 3828 3151 3898 quibusque
3188 3826 3540 3899 frequenter
3569 3822 3817 3898 apparuit.

2228 3916 2334 3973 Sed
2365 3933 2474 3973 non
2511 3926 2630 3974 erat
2658 3925 2894 3989 tempus,
2940 3927 3001 3972 ut
3039 3927 3171 3973 tunc
3198 3920 3498 3977 resolutis
3514 3914 3816 3989 corporibus

2226 4004 2379 4064 fieret
2426 4007 2797 4075 resurrectio;
2833 4006 2930 4061 sed
2962 4004 3078 4061 haec
3119 4008 3309 4077 magis
3353 4003 3738 4065 remuneratio
3754 4000 3823 4053 vi-

2224 4095 2457 4159 debatur
2486 4113 2515 4156 a
2545 4094 2676 4165 Deo,
2726 4104 2787 4151 ut
2826 4097 2919 4167 qui
2969 4097 3326 4153 inveniretur
3359 4099 3566 4168 justus
3588 4137 3606 4162 ,
3637 4093 3821 4149 diutius

2223 4198 2568 4258 permaneret
2596 4189 2651 4243 in
2682 4204 2935 4260 corpore,
2979 4199 3072 4243 aut
3104 4197 3284 4252 certe,
3314 4191 3481 4246 sicut
3512 4190 3585 4246 de
3609 4184 3826 4260 quodam

537 4296 722 4342 tamen
751 4287 916 4349 etiam
938 4285 1006 4341 de
1027 4282 1294 4349 secundo.
1325 4280 1432 4345 Sed
1456 4282 1867 4353 magnificentia
1895 4281 2123 4352 prophe-
2216 4278 2370 4346 justo
2419 4277 2703 4333 evidenter
2752 4277 2990 4333 refertur
3036 4278 3091 4332 in
3137 4279 3362 4336 litteris
3424 4280 3574 4351 legis
3617 4280 3657 4344 ‘,
3694 4270 3821 4345 quod

536 4382 629 4436 tiae
654 4381 710 4434 in
739 4380 843 4434 hoc
866 4378 1103 4433 maxime
1138 4376 1549 4445 comprobatur,
1585 4372 1733 4444 quod
1757 4373 1893 4439 nihil
1923 4389 2122 4430 secun-
2221 4369 2563 4425 transtulerit
2611 4384 2734 4425 eum
2783 4368 2945 4425 Deus.
2985 4356 3485 4443 Simili'exemplo
3521 4371 3690 4428 etiam
3718 4379 3827 4422 cum

537 4474 667 4527 dum
716 4469 1162 4541 consequentiam
1216 4482 1401 4522 rerum
1447 4466 1517 4522 de
1577 4465 1782 4525 futuris
1827 4464 2115 4532 dixerunt;
2219 4461 2435 4517 caeteris
2469 4469 2679 4533 gestum
2714 4468 2799 4517 est
2842 4461 2932 4532 qui
2989 4462 3109 4531 ejus
3151 4461 3455 4517 voluntati
3491 4461 3826 4534 placuerunt.

536 4565 740 4635 alioqui
759 4563 1063 4619 aestimasse
1096 4561 1280 4630 potius
1312 4559 1588 4628 sapientes
1610 4559 1733 4622 viri,
1763 4557 1907 4628 quod
1932 4573 2115 4612 rerum
2148 4573 2195 4637 ι)
2219 4560 2279 4606 ut
2319 4552 2387 4606 ad
2436 4551 2752 4623 paradisum
2795 4553 3048 4615 translati
3099 4560 3427 4608 serventur
3477 4553 3553 4609 ad
3595 4562 3832 4623 regnum.

534 4656 928 4726 consequentia
957 4652 1280 4718 dictaverat,
1314 4650 1656 4705 viderentur.
2215 4658 2404 4699 eorum
2440 4658 2571 4697 vero
2606 4642 2700 4712 qui
2749 4658 2856 4699 non
2889 4642 2957 4697 ad
3005 4643 3291 4712 integrum
3328 4653 3590 4715 potuere
3628 4641 3833 4711 explere

606 4746 668 4801 L.
701 4744 858 4811 Quod
892 4750 1074 4797 autem
1104 4742 1249 4805 dico,
1275 4742 1383 4796 tale
1412 4748 1500 4796 est
1542 4761 1555 4795 :
1587 4740 1870 4804 Christum
1907 4740 2112 4810 suscipi
2212 4750 2460 4799 normam
2481 4735 2733 4802 justitiae,
2773 4734 2870 4795 sed
2899 4735 3112 4805 aliquas
3151 4735 3206 4789 in
3247 4751 3372 4790 sua
3410 4752 3599 4793 carne
3630 4731 3836 4791 malitia:

2212 4828 2473 4897 reliquias
2518 4826 2779 4895 habuere,
2816 4841 3049 4896 corpora
3097 4825 3343 4896 quidem
3388 4829 3831 4883 resolverentur,

2213 4920 2407 4974 anima:
2433 4932 2565 4973 vero
2595 4928 2949 4973 servarentur
2975 4918 3032 4972 in
3063 4917 3235 4974 bonis
3283 4920 3584 4993 laetisque
3613 4914 3835 4990 regioni-

2212 5011 2338 5075 bus,
2374 5018 2433 5064 ut
2463 5011 2517 5064 in
2560 5009 2967 5078 resurrectione
3005 5016 3411 5080 mortuorum,
3450 5027 3594 5067 cum
3630 5025 3730 5066 sua
3758 5021 3834 5059 re.

2209 5102 2478 5173 ceperint,
2523 5102 2640 5172 ipsa
2683 5101 2796 5171 jam
2860 5100 3197 5173 resolutione
3274 5104 3582 5175 purgati,
3626 5114 3730 5175 pro
3765 5094 3843 5151 his

2208 5206 2330 5260 quae
2362 5190 2502 5246 bene
2544 5198 2849 5260 gesserant,
2897 5200 3102 5249 aeterna
3131 5190 3505 5251 haereditate
3545 5194 3839 5264 potiantur.

2207 5280 2273 5334 Et
2304 5280 2429 5336 ideo
2459 5280 2604 5349 beati
2644 5286 2772 5337 sunt
2807 5294 2998 5335 omnes
3027 5280 3121 5350 qui
3157 5294 3438 5350 regnum
3485 5281 3711 5342 Christi
3740 5277 3843 5334 fue-

2203 5374 2318 5427 rint
2375 5372 2580 5442 adepti,
2627 5371 2754 5442 quia
2800 5387 2908 5425 non
2942 5372 3119 5432 solum
3172 5370 3422 5443 inferni
3477 5390 3692 5447 partas
3725 5369 3845 5427 εσυ-

2203 5463 2371 5533 gient,
2401 5463 2497 5517 sed
2519 5471 2574 5518 et
2602 5462 3053 5533 incorruptibiles
3075 5465 3574 5535 permanebunt,
3605 5476 3669 5524 et
3697 5462 3846 5537 primi

2202 5552 2371 5607 Deum
2416 5551 2634 5607 Patrem
2672 5553 2971 5619 videbunt,
3003 5562 3167 5625 atque
3203 5554 3387 5613 inter
3434 5562 3676 5631 primos
3716 5549 3845 5624 apud

2190 5644 2373 5707 Deum
2407 5644 2635 5703 honoris
2671 5646 2917 5703 ordinem
2957 5656 3442 5715 consequentur.

2277 5734 2407 5801 LIII.
2441 5733 2670 5807 Propter
2699 5736 2844 5809 quod
2874 5753 2982 5794 non
3025 5735 3268 5801 minima
3304 5739 3390 5798 de
3428 5742 3681 5815 Christo
3721 5750 3844 5820 qur

534 4855 566 4893 a
594 4838 796 4893 Judaeis
826 4836 895 4891 ad
926 4849 1065 4905 quos
1105 4842 1353 4898 venerat,
1394 4842 1448 4887 et
1477 4833 1627 4888 credi
1654 4834 1726 4897 ei,
1767 4833 1862 4904 qui
1885 4847 2113 4903 exspec-

532 4929 755 4983 tabatur
802 4927 870 4982 ad
917 4926 1147 4983 salutem
1194 4925 1382 4997 populi
1445 4923 1747 4979 secundum
1793 4923 2112 4980 traditiones

529 5030 781 5093 patrum,
812 5035 1159 5089 consequens
1189 5025 1329 5082 erat,
1356 5028 1544 5088 gentes
1566 5032 1694 5077 vero
1724 5016 1931 5082 alienas
1962 5016 2030 5071 ab
2047 5031 2114 5072 eo

529 5112 667 5180 fore,
726 5112 925 5182 quibus
978 5123 1156 5179 neque
1206 5107 1537 5177 promissum
1587 5103 1886 5174 quidquam
1931 5101 1997 5161 de
2044 5118 2111 5157 eo

526 5220 705 5277 neque
727 5203 1108 5259 annuntiatum
1154 5198 1370 5264 fuerat,
1414 5197 1524 5250 imo
1553 5195 1752 5266 quibus
1787 5210 1855 5249 ne
1886 5193 2107 5251 nomine

525 5292 745 5364 quidem
783 5292 902 5362 ipso
941 5288 1234 5361 aliquando
1277 5287 1613 5341 innotuerat.
1659 5283 1724 5339 Et
1753 5291 1939 5344 tamen
1985 5297 2109 5352 pro-

525 5388 701 5458 pheta:
721 5425 736 5450 ,
766 5391 959 5439 contra
986 5382 1232 5438 ordinem
1260 5387 1313 5434 et
1342 5376 1787 5447 consequentiam
1816 5390 2001 5439 rerum
2025 5374 2111 5441 di-

523 5495 651 5535 xere
679 5492 804 5534 eum
853 5476 1309 5547 exspectationem
1338 5469 1579 5541 gentium
1617 5468 1707 5533 ¹⁰⁰,
1757 5476 1811 5523 et
1841 5482 1951 5522 non
1998 5464 2098 5520 Ju-

524 5569 764 5624 daaorum
811 5567 1075 5621 futurum.
1108 5562 1187 5617 Ita
1224 5561 1459 5631 denique
1489 5565 1542 5613 et
1570 5565 1782 5629 gestum
1814 5565 1917 5613 est.
1954 5554 2091 5611 Cum

523 5663 665 5717 enim
691 5660 928 5714 venisset
956 5699 971 5722 ,
1005 5657 1073 5712 ab
1097 5656 1185 5709 his
1211 5653 1304 5724 qui
1332 5666 1458 5707 eum
1489 5657 1808 5719 exspectare
1834 5648 2097 5715 videban—

526 5760 614 5802 tur
626 5764 690 5803 ex
714 5747 1007 5802 traditione
1026 5743 1320 5813 majorum,
1345 5739 1571 5797 omnino
1594 5739 1815 5810 agnitus
1842 5754 1953 5794 non
1972 5746 2057 5793 est
2081 5756 2095 5806 ;

595 5924 639 5959 υ
678 5920 865 5979 Matth.
892 5936 970 5986 ut,
1008 5920 1090 5974 l7.
1166 5920 1236 5993 δ”
1279 5918 1413 5976 Gen.
1444 5930 1598 5985 xttx,
1633 5916 1719 5972 I0.
1798 5917 1833 5989 ¹>
1859 5914 1993 5969 Gen.
2021 5929 2073 5980 ν,
2099 5910 2191 5971 24.
