  <div class='ocr_page' id='page_1' title='image "/cluster/home/n/w/nwhite01/storage/ocr_20150623/1/mdp.39015014764065/630.png"; bbox 0 0 4048 6262; ppageno 0'>
   <div class='ocr_carea' id='block_1_1' title="bbox 422 375 556 429">
    <p class='ocr_par' dir='ltr' id='par_1_1' title="bbox 422 375 556 429">
     <span class='ocr_line' id='line_1_1' title="bbox 422 375 556 429; baseline 0.037 -5"><span class='ocrx_word' id='word_1_1' title='bbox 422 375 556 429; x_wconf 65' lang='grc' dir='ltr'>ιςιδι</span> 
     </span>
    </p>
   </div>
   <div class='ocr_carea' id='block_1_2' title="bbox 1631 365 2445 425">
    <p class='ocr_par' dir='ltr' id='par_1_2' title="bbox 1631 365 2445 425">
     <span class='ocr_line' id='line_1_2' title="bbox 1631 365 2445 425; baseline -0.001 -3"><span class='ocrx_word' id='word_1_2' title='bbox 1631 366 2201 425; x_wconf 69' lang='grc' dir='ltr'><strong>ΒΕΕΟΕΝΙΤΙΟΝὉΜ</strong></span> <span class='ocrx_word' id='word_1_3' title='bbox 2241 365 2367 419; x_wconf 83' lang='lat' dir='ltr'><strong>LIB.</strong></span> <span class='ocrx_word' id='word_1_4' title='bbox 2404 365 2445 421; x_wconf 82' lang='grc' dir='ltr'><strong>Ι.</strong></span> 
     </span>
    </p>
   </div>
   <div class='ocr_carea' id='block_1_3' title="bbox 3539 368 3675 425">
    <p class='ocr_par' dir='ltr' id='par_1_3' title="bbox 3539 368 3675 425">
     <span class='ocr_line' id='line_1_3' title="bbox 3539 368 3675 425; baseline 0.007 -2"><span class='ocrx_word' id='word_1_5' title='bbox 3539 368 3675 425; x_wconf 67' lang='lat'><strong>4238</strong></span> 
     </span>
    </p>
   </div>
   <div class='ocr_carea' id='block_1_4' title="bbox 420 476 3671 557">
    <p class='ocr_par' dir='ltr' id='par_1_4' title="bbox 420 476 3671 557">
     <span class='ocr_line' id='line_1_4' title="bbox 420 476 3671 557; baseline -0.002 -13"><span class='ocrx_word' id='word_1_6' title='bbox 420 492 524 546; x_wconf 82' lang='lat' dir='ltr'><strong>stio</strong></span> <span class='ocrx_word' id='word_1_7' title='bbox 544 490 795 553; x_wconf 87' lang='lat' dir='ltr'><strong>habetur,</strong></span> <span class='ocrx_word' id='word_1_8' title='bbox 818 495 872 542; x_wconf 87' lang='lat' dir='ltr'><strong>et</strong></span> <span class='ocrx_word' id='word_1_9' title='bbox 900 487 1140 541; x_wconf 81' lang='lat' dir='ltr'><strong>inﬁdeles</strong></span> <span class='ocrx_word' id='word_1_10' title='bbox 1167 486 1369 557; x_wconf 85' lang='lat' dir='ltr'><strong>quique</strong></span> <span class='ocrx_word' id='word_1_11' title='bbox 1390 502 1456 541; x_wconf 79' lang='lat' dir='ltr'><strong>ex</strong></span> <span class='ocrx_word' id='word_1_12' title='bbox 1492 485 1694 540; x_wconf 67' lang='lat' dir='ltr'><strong>Iudaeis</strong></span> <span class='ocrx_word' id='word_1_13' title='bbox 1722 488 1988 539; x_wconf 84' lang='lat' dir='ltr'><strong>immensa</strong></span> <span class='ocrx_word' id='word_1_14' title='bbox 2021 489 2061 544; x_wconf 81' lang='grc' dir='ltr'><strong>Α</strong></span> <span class='ocrx_word' id='word_1_15' title='bbox 2093 480 2288 549; x_wconf 86' lang='lat' dir='ltr'><strong>cipulis</strong></span> <span class='ocrx_word' id='word_1_16' title='bbox 2331 476 2557 533; x_wconf 82' lang='lat' dir='ltr'><strong>Joannis</strong></span> <span class='ocrx_word' id='word_1_17' title='bbox 2601 478 2737 549; x_wconf 80' lang='grc'>(46),</span> <span class='ocrx_word' id='word_1_18' title='bbox 2785 479 2877 548; x_wconf 86' lang='lat' dir='ltr'><strong>qui</strong></span> <span class='ocrx_word' id='word_1_19' title='bbox 2928 479 3252 536; x_wconf 76' lang='lat' dir='ltr'><strong>videbantur</strong></span> <span class='ocrx_word' id='word_1_20' title='bbox 3299 498 3422 538; x_wconf 71' lang='lat' dir='ltr'><strong>esse</strong></span> <span class='ocrx_word' id='word_1_21' title='bbox 3467 483 3671 554; x_wconf 78' lang='lat' dir='ltr'><strong>magni,</strong></span> 
     </span>
    </p>
   </div>
   <div class='ocr_carea' id='block_1_5' title="bbox 419 579 1993 642">
    <p class='ocr_par' dir='ltr' id='par_1_5' title="bbox 419 579 1993 642">
     <span class='ocr_line' id='line_1_5' title="bbox 419 579 1993 642; baseline -0.003 -6"><span class='ocrx_word' id='word_1_22' title='bbox 419 584 707 637; x_wconf 86' lang='lat' dir='ltr'><strong>adversum</strong></span> <span class='ocrx_word' id='word_1_23' title='bbox 749 595 849 632; x_wconf 88' lang='lat' dir='ltr'><strong>nos</strong></span> <span class='ocrx_word' id='word_1_24' title='bbox 889 579 1104 633; x_wconf 90' lang='lat' dir='ltr'><strong>insania</strong></span> <span class='ocrx_word' id='word_1_25' title='bbox 1147 589 1591 642; x_wconf 69' lang='lat' dir='ltr'><strong>commoventur,</strong></span> <span class='ocrx_word' id='word_1_26' title='bbox 1636 586 1884 632; x_wconf 80' lang='lat' dir='ltr'><strong>verentes</strong></span> <span class='ocrx_word' id='word_1_27' title='bbox 1925 592 1993 631; x_wconf 89' lang='lat' dir='ltr'><strong>ne</strong></span> 
     </span>
    </p>
   </div>
   <div class='ocr_carea' id='block_1_6' title="bbox 420 668 1995 741">
    <p class='ocr_par' dir='ltr' id='par_1_6' title="bbox 420 668 1995 741">
     <span class='ocr_line' id='line_1_6' title="bbox 420 668 1995 741; baseline -0.003 -16"><span class='ocrx_word' id='word_1_28' title='bbox 420 670 559 727; x_wconf 82' lang='lat' dir='ltr'><strong>forte</strong></span> <span class='ocrx_word' id='word_1_29' title='bbox 601 673 718 741; x_wconf 89' lang='lat' dir='ltr'><strong>ipse</strong></span> <span class='ocrx_word' id='word_1_30' title='bbox 753 668 845 731; x_wconf 89' lang='lat' dir='ltr'><strong>sit,</strong></span> <span class='ocrx_word' id='word_1_31' title='bbox 894 671 949 723; x_wconf 93' lang='lat' dir='ltr'><strong>in</strong></span> <span class='ocrx_word' id='word_1_32' title='bbox 981 686 1143 739; x_wconf 85' lang='lat' dir='ltr'><strong>quem</strong></span> <span class='ocrx_word' id='word_1_33' title='bbox 1178 680 1572 739; x_wconf 85' lang='lat' dir='ltr'><strong>peccaverunt;</strong></span> <span class='ocrx_word' id='word_1_34' title='bbox 1626 678 1680 724; x_wconf 92' lang='lat' dir='ltr'><strong>et</strong></span> <span class='ocrx_word' id='word_1_35' title='bbox 1723 684 1789 723; x_wconf 90' lang='lat' dir='ltr'><strong>eo</strong></span> <span class='ocrx_word' id='word_1_36' title='bbox 1822 669 1995 738; x_wconf 87' lang='lat' dir='ltr'><strong>magis</strong></span> 
     </span>
    </p>
   </div>
   <div class='ocr_carea' id='block_1_7' title="bbox 419 761 1991 832">
    <p class='ocr_par' dir='ltr' id='par_1_7' title="bbox 419 761 1991 832">
     <span class='ocr_line' id='line_1_7' title="bbox 419 761 1991 832; baseline -0.001 -16"><span class='ocrx_word' id='word_1_37' title='bbox 419 770 595 819; x_wconf 87' lang='lat' dir='ltr'><strong>metus</strong></span> <span class='ocrx_word' id='word_1_38' title='bbox 627 762 911 825; x_wconf 82' lang='lat' dir='ltr'><strong>increscit,</strong></span> <span class='ocrx_word' id='word_1_39' title='bbox 953 764 1099 832; x_wconf 87' lang='lat' dir='ltr'><strong>quod</strong></span> <span class='ocrx_word' id='word_1_40' title='bbox 1139 764 1341 826; x_wconf 89' lang='lat' dir='ltr'><strong>sciunt,</strong></span> <span class='ocrx_word' id='word_1_41' title='bbox 1375 762 1557 816; x_wconf 90' lang='lat' dir='ltr'><strong>statim</strong></span> <span class='ocrx_word' id='word_1_42' title='bbox 1595 769 1653 815; x_wconf 89' lang='lat' dir='ltr'><strong>ut</strong></span> <span class='ocrx_word' id='word_1_43' title='bbox 1678 776 1801 816; x_wconf 87' lang='lat' dir='ltr'><strong>eum</strong></span> <span class='ocrx_word' id='word_1_44' title='bbox 1841 761 1991 815; x_wconf 85' lang='lat' dir='ltr'><strong>cruci</strong></span> 
     </span>
    </p>
   </div>
   <div class='ocr_carea' id='block_1_8' title="bbox 418 853 1991 923">
    <p class='ocr_par' dir='ltr' id='par_1_8' title="bbox 418 853 1991 923">
     <span class='ocr_line' id='line_1_8' title="bbox 418 853 1991 923; baseline 0 -17"><span class='ocrx_word' id='word_1_45' title='bbox 418 853 654 915; x_wconf 77' lang='lat' dir='ltr'><strong>atlixere,</strong></span> <span class='ocrx_word' id='word_1_46' title='bbox 690 855 1002 908; x_wconf 85' lang='lat' dir='ltr'><strong>universum</strong></span> <span class='ocrx_word' id='word_1_47' title='bbox 1042 855 1092 908; x_wconf 91' lang='lat' dir='ltr'><strong>ei</strong></span> <span class='ocrx_word' id='word_1_48' title='bbox 1137 870 1487 923; x_wconf 88' lang='lat' dir='ltr'><strong>compassum</strong></span> <span class='ocrx_word' id='word_1_49' title='bbox 1531 868 1654 909; x_wconf 90' lang='lat' dir='ltr'><strong>esse</strong></span> <span class='ocrx_word' id='word_1_50' title='bbox 1704 853 1991 917; x_wconf 88' lang='lat' dir='ltr'><strong>mundum,</strong></span> 
     </span>
    </p>
   </div>
   <div class='ocr_carea' id='block_1_9' title="bbox 416 946 1991 1018">
    <p class='ocr_par' dir='ltr' id='par_1_9' title="bbox 416 946 1991 1018">
     <span class='ocr_line' id='line_1_9' title="bbox 416 946 1991 1018; baseline -0.002 -17"><span class='ocrx_word' id='word_1_51' title='bbox 416 962 728 1017; x_wconf 85' lang='lat' dir='ltr'><strong>corpusque</strong></span> <span class='ocrx_word' id='word_1_52' title='bbox 759 948 878 1017; x_wconf 85' lang='lat' dir='ltr'><strong>ejus</strong></span> <span class='ocrx_word' id='word_1_53' title='bbox 907 946 1154 1018; x_wconf 72' lang='lat' dir='ltr'><strong>diligenti</strong></span> <span class='ocrx_word' id='word_1_54' title='bbox 1186 961 1217 1000; x_wconf 87' lang='lat' dir='ltr'><strong>a</strong></span> <span class='ocrx_word' id='word_1_55' title='bbox 1246 962 1304 1002; x_wconf 86' lang='lat' dir='ltr'><strong>se</strong></span> <span class='ocrx_word' id='word_1_56' title='bbox 1326 946 1578 1001; x_wconf 88' lang='lat' dir='ltr'><strong>custodia</strong></span> <span class='ocrx_word' id='word_1_57' title='bbox 1608 955 1991 1000; x_wconf 88' lang='lat' dir='ltr'><strong>conservatum</strong></span> 
     </span>
    </p>
   </div>
   <div class='ocr_carea' id='block_1_10' title="bbox 416 1035 1993 1109">
    <p class='ocr_par' dir='ltr' id='par_1_10' title="bbox 416 1035 1993 1109">
     <span class='ocr_line' id='line_1_10' title="bbox 416 1035 1993 1109; baseline -0.002 -16"><span class='ocrx_word' id='word_1_58' title='bbox 416 1055 690 1109; x_wconf 82' lang='lat' dir='ltr'><strong>nusquam</strong></span> <span class='ocrx_word' id='word_1_59' title='bbox 746 1041 1158 1109; x_wconf 90' lang='lat' dir='ltr'><strong>comparuisse,</strong></span> <span class='ocrx_word' id='word_1_60' title='bbox 1222 1049 1382 1108; x_wconf 85' lang='lat' dir='ltr'><strong>atque</strong></span> <span class='ocrx_word' id='word_1_61' title='bbox 1436 1037 1504 1091; x_wconf 90' lang='lat' dir='ltr'><strong>ad</strong></span> <span class='ocrx_word' id='word_1_62' title='bbox 1556 1037 1716 1092; x_wconf 90' lang='lat' dir='ltr'><strong>ﬁdem</strong></span> <span class='ocrx_word' id='word_1_63' title='bbox 1754 1035 1993 1090; x_wconf 89' lang='lat' dir='ltr'><strong>nominis</strong></span> 
     </span>
    </p>
   </div>
   <div class='ocr_carea' id='block_1_11' title="bbox 415 1125 1995 1201">
    <p class='ocr_par' dir='ltr' id='par_1_11' title="bbox 415 1125 1995 1201">
     <span class='ocr_line' id='line_1_11' title="bbox 415 1125 1995 1201; baseline -0.004 -17"><span class='ocrx_word' id='word_1_64' title='bbox 415 1132 538 1201; x_wconf 91' lang='lat' dir='ltr'><strong>ejus</strong></span> <span class='ocrx_word' id='word_1_65' title='bbox 591 1130 905 1185; x_wconf 90' lang='lat' dir='ltr'><strong>innumeras</strong></span> <span class='ocrx_word' id='word_1_66' title='bbox 956 1129 1334 1183; x_wconf 84' lang='lat' dir='ltr'><strong>multitudines</strong></span> <span class='ocrx_word' id='word_1_67' title='bbox 1374 1128 1687 1183; x_wconf 84' lang='lat' dir='ltr'><strong>convenire.</strong></span> <span class='ocrx_word' id='word_1_68' title='bbox 1735 1125 1892 1181; x_wconf 87' lang='lat' dir='ltr'><strong>Unde</strong></span> <span class='ocrx_word' id='word_1_69' title='bbox 1940 1132 1995 1179; x_wconf 92' lang='lat' dir='ltr'><strong>et</strong></span> 
     </span>
    </p>
   </div>
   <div class='ocr_carea' id='block_1_12' title="bbox 418 1215 1993 1289">
    <p class='ocr_par' dir='ltr' id='par_1_12' title="bbox 418 1215 1993 1289">
     <span class='ocr_line' id='line_1_12' title="bbox 418 1215 1993 1289; baseline -0.003 -15"><span class='ocrx_word' id='word_1_70' title='bbox 418 1218 689 1289; x_wconf 85' lang='lat' dir='ltr'><strong>compulsi</strong></span> <span class='ocrx_word' id='word_1_71' title='bbox 727 1227 856 1274; x_wconf 89' lang='lat' dir='ltr'><strong>sunt</strong></span> <span class='ocrx_word' id='word_1_72' title='bbox 899 1234 1006 1273; x_wconf 89' lang='lat' dir='ltr'><strong>una</strong></span> <span class='ocrx_word' id='word_1_73' title='bbox 1050 1234 1178 1272; x_wconf 89' lang='lat' dir='ltr'><strong>cum</strong></span> <span class='ocrx_word' id='word_1_74' title='bbox 1228 1216 1482 1288; x_wconf 83' lang='lat' dir='ltr'><strong>pontiﬁce</strong></span> <span class='ocrx_word' id='word_1_75' title='bbox 1521 1215 1747 1285; x_wconf 89' lang='lat' dir='ltr'><strong>Caipha,</strong></span> <span class='ocrx_word' id='word_1_76' title='bbox 1793 1215 1993 1283; x_wconf 68' lang='lat' dir='ltr'><strong>saepius</strong></span> 
     </span>
    </p>
   </div>
   <div class='ocr_carea' id='block_1_13' title="bbox 416 1308 1991 1377">
    <p class='ocr_par' dir='ltr' id='par_1_13' title="bbox 416 1308 1991 1377">
     <span class='ocr_line' id='line_1_13' title="bbox 416 1308 1991 1377; baseline -0.004 -11"><span class='ocrx_word' id='word_1_77' title='bbox 416 1312 635 1366; x_wconf 86' lang='lat' dir='ltr'><strong>mittere</strong></span> <span class='ocrx_word' id='word_1_78' title='bbox 678 1311 745 1364; x_wconf 88' lang='lat' dir='ltr'><strong>ad</strong></span> <span class='ocrx_word' id='word_1_79' title='bbox 777 1326 879 1365; x_wconf 89' lang='lat' dir='ltr'><strong>nos</strong></span> <span class='ocrx_word' id='word_1_80' title='bbox 903 1349 918 1375; x_wconf 91' lang='lat'><strong>,</strong></span> <span class='ocrx_word' id='word_1_81' title='bbox 965 1319 1024 1364; x_wconf 90' lang='lat' dir='ltr'><strong>ut</strong></span> <span class='ocrx_word' id='word_1_82' title='bbox 1052 1309 1119 1365; x_wconf 92' lang='lat' dir='ltr'><strong>de</strong></span> <span class='ocrx_word' id='word_1_83' title='bbox 1162 1309 1399 1363; x_wconf 90' lang='lat' dir='ltr'><strong>nominis</strong></span> <span class='ocrx_word' id='word_1_84' title='bbox 1429 1308 1553 1377; x_wconf 84' lang='lat' dir='ltr'><strong>ejus</strong></span> <span class='ocrx_word' id='word_1_85' title='bbox 1584 1308 1813 1361; x_wconf 77' lang='lat' dir='ltr'><strong>veritate</strong></span> <span class='ocrx_word' id='word_1_86' title='bbox 1840 1322 1991 1375; x_wconf 78' lang='lat' dir='ltr'><strong>qua:-</strong></span> 
     </span>
    </p>
   </div>
   <div class='ocr_carea' id='block_1_14' title="bbox 417 1394 1993 1470">
    <p class='ocr_par' dir='ltr' id='par_1_14' title="bbox 417 1394 1993 1470">
     <span class='ocr_line' id='line_1_14' title="bbox 417 1394 1993 1470; baseline -0.002 -18"><span class='ocrx_word' id='word_1_87' title='bbox 417 1407 651 1455; x_wconf 85' lang='lat' dir='ltr'><strong>reretur.</strong></span> <span class='ocrx_word' id='word_1_88' title='bbox 706 1400 953 1470; x_wconf 84' lang='lat' dir='ltr'><strong>Cumque</strong></span> <span class='ocrx_word' id='word_1_89' title='bbox 1010 1400 1201 1453; x_wconf 91' lang='lat' dir='ltr'><strong>crebro</strong></span> <span class='ocrx_word' id='word_1_90' title='bbox 1244 1398 1604 1468; x_wconf 80' lang='lat' dir='ltr'><strong>deposcerent</strong></span> <span class='ocrx_word' id='word_1_91' title='bbox 1654 1403 1714 1449; x_wconf 88' lang='lat' dir='ltr'><strong>ut</strong></span> <span class='ocrx_word' id='word_1_92' title='bbox 1757 1396 1825 1451; x_wconf 87' lang='lat' dir='ltr'><strong>de</strong></span> <span class='ocrx_word' id='word_1_93' title='bbox 1864 1394 1993 1450; x_wconf 81' lang='lat' dir='ltr'><strong>Jesu</strong></span> 
     </span>
    </p>
   </div>
   <div class='ocr_carea' id='block_1_15' title="bbox 417 1487 1991 1558">
    <p class='ocr_par' dir='ltr' id='par_1_15' title="bbox 417 1487 1991 1558">
     <span class='ocr_line' id='line_1_15' title="bbox 417 1487 1991 1558; baseline -0.002 -15"><span class='ocrx_word' id='word_1_94' title='bbox 417 1501 513 1544; x_wconf 88' lang='lat' dir='ltr'><strong>aut</strong></span> <span class='ocrx_word' id='word_1_95' title='bbox 548 1491 823 1546; x_wconf 88' lang='lat' dir='ltr'><strong>discerent</strong></span> <span class='ocrx_word' id='word_1_96' title='bbox 867 1498 959 1543; x_wconf 88' lang='lat' dir='ltr'><strong>aut</strong></span> <span class='ocrx_word' id='word_1_97' title='bbox 992 1490 1274 1553; x_wconf 80' lang='lat' dir='ltr'><strong>docerent,</strong></span> <span class='ocrx_word' id='word_1_98' title='bbox 1314 1490 1360 1545; x_wconf 91' lang='lat' dir='ltr'><strong>si</strong></span> <span class='ocrx_word' id='word_1_99' title='bbox 1391 1490 1509 1558; x_wconf 88' lang='lat' dir='ltr'><strong>ipse</strong></span> <span class='ocrx_word' id='word_1_100' title='bbox 1542 1496 1688 1544; x_wconf 86' lang='lat' dir='ltr'><strong>esset</strong></span> <span class='ocrx_word' id='word_1_101' title='bbox 1714 1487 1991 1551; x_wconf 87' lang='lat' dir='ltr'><strong>Christus,</strong></span> 
     </span>
    </p>
   </div>
   <div class='ocr_carea' id='block_1_16' title="bbox 417 1581 1992 1651">
    <p class='ocr_par' dir='ltr' id='par_1_16' title="bbox 417 1581 1992 1651">
     <span class='ocr_line' id='line_1_16' title="bbox 417 1581 1992 1651; baseline -0.001 -16"><span class='ocrx_word' id='word_1_102' title='bbox 417 1583 596 1635; x_wconf 82' lang='lat' dir='ltr'><strong>visum</strong></span> <span class='ocrx_word' id='word_1_103' title='bbox 637 1583 795 1637; x_wconf 91' lang='lat' dir='ltr'><strong>nobis</strong></span> <span class='ocrx_word' id='word_1_104' title='bbox 830 1593 913 1637; x_wconf 87' lang='lat' dir='ltr'><strong>est</strong></span> <span class='ocrx_word' id='word_1_105' title='bbox 944 1582 1244 1636; x_wconf 81' lang='lat' dir='ltr'><strong>ascendere</strong></span> <span class='ocrx_word' id='word_1_106' title='bbox 1289 1581 1355 1637; x_wconf 86' lang='lat' dir='ltr'><strong>ad</strong></span> <span class='ocrx_word' id='word_1_107' title='bbox 1385 1581 1668 1651; x_wconf 89' lang='lat' dir='ltr'><strong>templum,</strong></span> <span class='ocrx_word' id='word_1_108' title='bbox 1712 1589 1766 1634; x_wconf 91' lang='lat' dir='ltr'><strong>et</strong></span> <span class='ocrx_word' id='word_1_109' title='bbox 1808 1595 1992 1634; x_wconf 89' lang='lat' dir='ltr'><strong>coram</strong></span> 
     </span>
    </p>
   </div>
   <div class='ocr_carea' id='block_1_17' title="bbox 418 1675 1994 1746">
    <p class='ocr_par' dir='ltr' id='par_1_17' title="bbox 418 1675 1994 1746">
     <span class='ocr_line' id='line_1_17' title="bbox 418 1675 1994 1746; baseline -0.001 -19"><span class='ocrx_word' id='word_1_110' title='bbox 418 1676 574 1729; x_wconf 93' lang='lat' dir='ltr'><strong>omni</strong></span> <span class='ocrx_word' id='word_1_111' title='bbox 630 1676 829 1745; x_wconf 90' lang='lat' dir='ltr'><strong>popqu</strong></span> <span class='ocrx_word' id='word_1_112' title='bbox 885 1676 1176 1746; x_wconf 86' lang='lat' dir='ltr'><strong>protestari</strong></span> <span class='ocrx_word' id='word_1_113' title='bbox 1218 1675 1285 1730; x_wconf 90' lang='lat' dir='ltr'><strong>de</strong></span> <span class='ocrx_word' id='word_1_114' title='bbox 1334 1691 1418 1739; x_wconf 90' lang='lat' dir='ltr'><strong>eo,</strong></span> <span class='ocrx_word' id='word_1_115' title='bbox 1473 1676 1637 1730; x_wconf 87' lang='lat' dir='ltr'><strong>simul</strong></span> <span class='ocrx_word' id='word_1_116' title='bbox 1684 1682 1735 1727; x_wconf 90' lang='lat' dir='ltr'><strong>et</strong></span> <span class='ocrx_word' id='word_1_117' title='bbox 1765 1688 1994 1743; x_wconf 81' lang='lat' dir='ltr'><strong>arguere</strong></span> 
     </span>
    </p>
   </div>
   <div class='ocr_carea' id='block_1_18' title="bbox 416 1763 1989 1835">
    <p class='ocr_par' dir='ltr' id='par_1_18' title="bbox 416 1763 1989 1835">
     <span class='ocr_line' id='line_1_18' title="bbox 416 1763 1989 1835; baseline -0.001 -17"><span class='ocrx_word' id='word_1_118' title='bbox 416 1763 636 1819; x_wconf 67' lang='lat' dir='ltr'><strong>Judaaos</strong></span> <span class='ocrx_word' id='word_1_119' title='bbox 662 1765 730 1819; x_wconf 91' lang='lat' dir='ltr'><strong>de</strong></span> <span class='ocrx_word' id='word_1_120' title='bbox 762 1766 969 1831; x_wconf 91' lang='lat' dir='ltr'><strong>multis,</strong></span> <span class='ocrx_word' id='word_1_121' title='bbox 1001 1781 1123 1835; x_wconf 81' lang='lat' dir='ltr'><strong>quae</strong></span> <span class='ocrx_word' id='word_1_122' title='bbox 1160 1767 1229 1821; x_wconf 88' lang='lat' dir='ltr'><strong>ab</strong></span> <span class='ocrx_word' id='word_1_123' title='bbox 1256 1766 1337 1821; x_wconf 89' lang='lat' dir='ltr'><strong>eis</strong></span> <span class='ocrx_word' id='word_1_124' title='bbox 1374 1766 1613 1820; x_wconf 91' lang='lat' dir='ltr'><strong>absurde</strong></span> <span class='ocrx_word' id='word_1_125' title='bbox 1642 1764 1989 1835; x_wconf 76' lang='lat' dir='ltr'><strong>gerebantur.</strong></span> 
     </span>
    </p>
   </div>
   <div class='ocr_carea' id='block_1_19' title="bbox 2096 571 3674 643">
    <p class='ocr_par' dir='ltr' id='par_1_19' title="bbox 2096 571 3674 643">
     <span class='ocr_line' id='line_1_19' title="bbox 2096 571 3674 643; baseline 0.002 -18"><span class='ocrx_word' id='word_1_126' title='bbox 2096 578 2457 641; x_wconf 81' lang='lat' dir='ltr'><strong>segregarunt</strong></span> <span class='ocrx_word' id='word_1_127' title='bbox 2489 586 2548 625; x_wconf 81' lang='lat' dir='ltr'><strong>se</strong></span> <span class='ocrx_word' id='word_1_128' title='bbox 2576 586 2607 623; x_wconf 92' lang='lat' dir='ltr'><strong>a</strong></span> <span class='ocrx_word' id='word_1_129' title='bbox 2645 571 2845 642; x_wconf 89' lang='lat' dir='ltr'><strong>populo</strong></span> <span class='ocrx_word' id='word_1_130' title='bbox 2876 579 2929 625; x_wconf 90' lang='lat' dir='ltr'><strong>et</strong></span> <span class='ocrx_word' id='word_1_131' title='bbox 2961 572 3281 643; x_wconf 87' lang='lat' dir='ltr'><strong>magistrum</strong></span> <span class='ocrx_word' id='word_1_132' title='bbox 3312 589 3472 630; x_wconf 85' lang='lat' dir='ltr'><strong>suum</strong></span> <span class='ocrx_word' id='word_1_133' title='bbox 3505 576 3674 628; x_wconf 77' lang='lat' dir='ltr'><strong>veluti</strong></span> 
     </span>
    </p>
   </div>
   <div class='ocr_carea' id='block_1_20' title="bbox 2090 660 3677 737">
    <p class='ocr_par' dir='ltr' id='par_1_20' title="bbox 2090 660 3677 737">
     <span class='ocr_line' id='line_1_20' title="bbox 2090 660 3677 737; baseline 0.003 -20"><span class='ocrx_word' id='word_1_134' title='bbox 2090 662 2371 717; x_wconf 87' lang='lat' dir='ltr'><strong>Christum</strong></span> <span class='ocrx_word' id='word_1_135' title='bbox 2419 662 2808 731; x_wconf 76' lang='lat' dir='ltr'><strong>praedicarunt.</strong></span> <span class='ocrx_word' id='word_1_136' title='bbox 2855 660 2980 716; x_wconf 61' lang='lat' dir='ltr'><strong>Haec</strong></span> <span class='ocrx_word' id='word_1_137' title='bbox 3023 675 3200 717; x_wconf 89' lang='lat' dir='ltr'><strong>autem</strong></span> <span class='ocrx_word' id='word_1_138' title='bbox 3234 664 3418 719; x_wconf 88' lang='lat' dir='ltr'><strong>omnia</strong></span> <span class='ocrx_word' id='word_1_139' title='bbox 3468 681 3677 737; x_wconf 57' lang='lat' dir='ltr'><strong>praepa-</strong></span> 
     </span>
    </p>
   </div>
   <div class='ocr_carea' id='block_1_21' title="bbox 2092 756 3675 828">
    <p class='ocr_par' dir='ltr' id='par_1_21' title="bbox 2092 756 3675 828">
     <span class='ocr_line' id='line_1_21' title="bbox 2092 756 3675 828; baseline 0.001 -16"><span class='ocrx_word' id='word_1_140' title='bbox 2092 768 2210 813; x_wconf 90' lang='lat' dir='ltr'><strong>rata</strong></span> <span class='ocrx_word' id='word_1_141' title='bbox 2246 764 2375 811; x_wconf 87' lang='lat' dir='ltr'><strong>sunt</strong></span> <span class='ocrx_word' id='word_1_142' title='bbox 2402 756 2720 819; x_wconf 88' lang='lat' dir='ltr'><strong>schismata,</strong></span> <span class='ocrx_word' id='word_1_143' title='bbox 2764 764 2823 809; x_wconf 89' lang='lat' dir='ltr'><strong>ut</strong></span> <span class='ocrx_word' id='word_1_144' title='bbox 2845 764 2900 811; x_wconf 90' lang='lat' dir='ltr'><strong>et</strong></span> <span class='ocrx_word' id='word_1_145' title='bbox 2935 756 3067 812; x_wconf 87' lang='lat' dir='ltr'><strong>ﬁdes</strong></span> <span class='ocrx_word' id='word_1_146' title='bbox 3090 756 3295 813; x_wconf 89' lang='lat' dir='ltr'><strong>Christi</strong></span> <span class='ocrx_word' id='word_1_147' title='bbox 3314 774 3410 828; x_wconf 89' lang='lat' dir='ltr'><strong>per</strong></span> <span class='ocrx_word' id='word_1_148' title='bbox 3424 757 3543 813; x_wconf 71' lang='lat' dir='ltr'><strong>haec</strong></span> <span class='ocrx_word' id='word_1_149' title='bbox 3572 761 3675 815; x_wconf 86' lang='lat' dir='ltr'><strong>im-</strong></span> 
     </span>
    </p>
   </div>
   <div class='ocr_carea' id='block_1_22' title="bbox 2090 848 2792 919">
    <p class='ocr_par' dir='ltr' id='par_1_22' title="bbox 2090 848 2792 919">
     <span class='ocr_line' id='line_1_22' title="bbox 2090 848 2792 919; baseline 0.003 -18"><span class='ocrx_word' id='word_1_150' title='bbox 2090 848 2390 919; x_wconf 87' lang='lat' dir='ltr'><strong>pediretur,</strong></span> <span class='ocrx_word' id='word_1_151' title='bbox 2424 856 2479 903; x_wconf 91' lang='lat' dir='ltr'><strong>et</strong></span> <span class='ocrx_word' id='word_1_152' title='bbox 2502 848 2792 916; x_wconf 83' lang='lat' dir='ltr'><strong>baptisma.</strong></span> 
     </span>
    </p>
   </div>
   <div class='ocr_carea' id='block_1_23' title="bbox 2162 938 3671 1010">
    <p class='ocr_par' dir='ltr' id='par_1_23' title="bbox 2162 938 3671 1010">
     <span class='ocr_line' id='line_1_23' title="bbox 2162 938 3671 1010; baseline 0.003 -18"><span class='ocrx_word' id='word_1_153' title='bbox 2162 938 2271 995; x_wconf 88' lang='lat' dir='ltr'><strong>LV.</strong></span> <span class='ocrx_word' id='word_1_154' title='bbox 2313 938 2723 1001; x_wconf 80' lang='lat' dir='ltr'><strong>Verumtamen,</strong></span> <span class='ocrx_word' id='word_1_155' title='bbox 2768 946 2827 991; x_wconf 89' lang='lat' dir='ltr'><strong>ut</strong></span> <span class='ocrx_word' id='word_1_156' title='bbox 2877 938 3061 994; x_wconf 78' lang='lat' dir='ltr'><strong>dicere</strong></span> <span class='ocrx_word' id='word_1_157' title='bbox 3114 954 3482 1010; x_wconf 84' lang='lat' dir='ltr'><strong>coeperamus,</strong></span> <span class='ocrx_word' id='word_1_158' title='bbox 3544 956 3671 997; x_wconf 89' lang='lat' dir='ltr'><strong>cum</strong></span> 
     </span>
    </p>
   </div>
   <div class='ocr_carea' id='block_1_24' title="bbox 2054 1028 3672 1101">
    <p class='ocr_par' dir='ltr' id='par_1_24' title="bbox 2054 1028 3672 1101">
     <span class='ocr_line' id='line_1_24' title="bbox 2054 1028 3672 1101; baseline 0.002 -19"><span class='ocrx_word' id='word_1_159' title='bbox 2054 1036 2055 1039; x_wconf 76' lang='lat'>‘</span> <span class='ocrx_word' id='word_1_160' title='bbox 2091 1029 2407 1100; x_wconf 81' lang='lat' dir='ltr'><strong>frequenter</strong></span> <span class='ocrx_word' id='word_1_161' title='bbox 2448 1043 2550 1083; x_wconf 92' lang='lat' dir='ltr'><strong>nos</strong></span> <span class='ocrx_word' id='word_1_162' title='bbox 2592 1028 2833 1098; x_wconf 73' lang='lat' dir='ltr'><strong>pontifex</strong></span> <span class='ocrx_word' id='word_1_163' title='bbox 2873 1044 2969 1099; x_wconf 82' lang='lat' dir='ltr'><strong>per</strong></span> <span class='ocrx_word' id='word_1_164' title='bbox 3020 1030 3334 1084; x_wconf 87' lang='lat' dir='ltr'><strong>sacerdotes</strong></span> <span class='ocrx_word' id='word_1_165' title='bbox 3386 1039 3672 1101; x_wconf 81' lang='lat' dir='ltr'><strong>rogasset,</strong></span> 
     </span>
    </p>
   </div>
   <div class='ocr_carea' id='block_1_25' title="bbox 2095 1118 3671 1188">
    <p class='ocr_par' dir='ltr' id='par_1_25' title="bbox 2095 1118 3671 1188">
     <span class='ocr_line' id='line_1_25' title="bbox 2095 1118 3671 1188; baseline 0.001 -14"><span class='ocrx_word' id='word_1_166' title='bbox 2095 1127 2154 1174; x_wconf 89' lang='lat' dir='ltr'><strong>ut</strong></span> <span class='ocrx_word' id='word_1_167' title='bbox 2191 1120 2259 1174; x_wconf 90' lang='lat' dir='ltr'><strong>de</strong></span> <span class='ocrx_word' id='word_1_168' title='bbox 2304 1118 2432 1175; x_wconf 63' lang='lat' dir='ltr'><strong>Iesu</strong></span> <span class='ocrx_word' id='word_1_169' title='bbox 2476 1134 2659 1175; x_wconf 85' lang='lat' dir='ltr'><strong>sermo</strong></span> <span class='ocrx_word' id='word_1_170' title='bbox 2688 1120 2845 1175; x_wconf 76' lang='lat' dir='ltr'><strong>nobis</strong></span> <span class='ocrx_word' id='word_1_171' title='bbox 2883 1120 3177 1175; x_wconf 79' lang='lat' dir='ltr'><strong>haberetur</strong></span> <span class='ocrx_word' id='word_1_172' title='bbox 3216 1120 3284 1173; x_wconf 92' lang='lat' dir='ltr'><strong>ad</strong></span> <span class='ocrx_word' id='word_1_173' title='bbox 3326 1121 3671 1188; x_wconf 87' lang='lat' dir='ltr'><strong>alterutrum,</strong></span> 
     </span>
    </p>
   </div>
   <div class='ocr_carea' id='block_1_26' title="bbox 2092 1210 3673 1285">
    <p class='ocr_par' dir='ltr' id='par_1_26' title="bbox 2092 1210 3673 1285">
     <span class='ocr_line' id='line_1_26' title="bbox 2092 1210 3673 1285; baseline 0.003 -21"><span class='ocrx_word' id='word_1_174' title='bbox 2092 1210 2186 1265; x_wconf 89' lang='lat' dir='ltr'><strong>ubi</strong></span> <span class='ocrx_word' id='word_1_175' title='bbox 2216 1218 2585 1280; x_wconf 88' lang='lat' dir='ltr'><strong>opportunum</strong></span> <span class='ocrx_word' id='word_1_176' title='bbox 2629 1210 2809 1264; x_wconf 88' lang='lat' dir='ltr'><strong>visum</strong></span> <span class='ocrx_word' id='word_1_177' title='bbox 2850 1217 2935 1266; x_wconf 90' lang='lat' dir='ltr'><strong>est</strong></span> <span class='ocrx_word' id='word_1_178' title='bbox 2977 1219 3031 1266; x_wconf 90' lang='lat' dir='ltr'><strong>et</strong></span> <span class='ocrx_word' id='word_1_179' title='bbox 3072 1212 3221 1265; x_wconf 92' lang='lat' dir='ltr'><strong>omni</strong></span> <span class='ocrx_word' id='word_1_180' title='bbox 3255 1211 3513 1270; x_wconf 73' lang='lat' dir='ltr'><strong>Ecclesiae</strong></span> <span class='ocrx_word' id='word_1_181' title='bbox 3553 1215 3673 1285; x_wconf 85' lang='lat' dir='ltr'><strong>pla-</strong></span> 
     </span>
    </p>
   </div>
   <div class='ocr_carea' id='block_1_27' title="bbox 2094 1301 3675 1377">
    <p class='ocr_par' dir='ltr' id='par_1_27' title="bbox 2094 1301 3675 1377">
     <span class='ocr_line' id='line_1_27' title="bbox 2094 1301 3675 1377; baseline 0.003 -20"><span class='ocrx_word' id='word_1_182' title='bbox 2094 1303 2229 1364; x_wconf 85' lang='lat' dir='ltr'><strong>cuit,</strong></span> <span class='ocrx_word' id='word_1_183' title='bbox 2262 1302 2617 1356; x_wconf 87' lang='lat' dir='ltr'><strong>ascendimus</strong></span> <span class='ocrx_word' id='word_1_184' title='bbox 2659 1301 2728 1355; x_wconf 92' lang='lat' dir='ltr'><strong>ad</strong></span> <span class='ocrx_word' id='word_1_185' title='bbox 2759 1303 3044 1373; x_wconf 86' lang='lat' dir='ltr'><strong>templum,</strong></span> <span class='ocrx_word' id='word_1_186' title='bbox 3077 1311 3131 1359; x_wconf 90' lang='lat' dir='ltr'><strong>et</strong></span> <span class='ocrx_word' id='word_1_187' title='bbox 3166 1312 3377 1362; x_wconf 88' lang='lat' dir='ltr'><strong>stantes</strong></span> <span class='ocrx_word' id='word_1_188' title='bbox 3406 1306 3459 1360; x_wconf 88' lang='lat' dir='ltr'><strong>in</strong></span> <span class='ocrx_word' id='word_1_189' title='bbox 3489 1307 3675 1377; x_wconf 38' lang='lat' dir='ltr'><strong>gradi‘</strong></span> 
     </span>
    </p>
   </div>
   <div class='ocr_carea' id='block_1_28' title="bbox 2095 1394 3672 1470">
    <p class='ocr_par' dir='ltr' id='par_1_28' title="bbox 2095 1394 3672 1470">
     <span class='ocr_line' id='line_1_28' title="bbox 2095 1394 3672 1470; baseline 0.006 -23"><span class='ocrx_word' id='word_1_190' title='bbox 2095 1394 2198 1449; x_wconf 89' lang='lat' dir='ltr'><strong>bus</strong></span> <span class='ocrx_word' id='word_1_191' title='bbox 2229 1410 2337 1449; x_wconf 89' lang='lat' dir='ltr'><strong>una</strong></span> <span class='ocrx_word' id='word_1_192' title='bbox 2366 1411 2491 1449; x_wconf 91' lang='lat' dir='ltr'><strong>cum</strong></span> <span class='ocrx_word' id='word_1_193' title='bbox 2524 1394 2781 1450; x_wconf 91' lang='lat' dir='ltr'><strong>ﬁdelibus</strong></span> <span class='ocrx_word' id='word_1_194' title='bbox 2824 1396 3088 1453; x_wconf 81' lang='lat' dir='ltr'><strong>fratribus</strong></span> <span class='ocrx_word' id='word_1_195' title='bbox 3130 1400 3369 1463; x_wconf 89' lang='lat' dir='ltr'><strong>nostris,</strong></span> <span class='ocrx_word' id='word_1_196' title='bbox 3402 1399 3546 1455; x_wconf 78' lang='lat' dir='ltr'><strong>facto</strong></span> <span class='ocrx_word' id='word_1_197' title='bbox 3575 1415 3672 1470; x_wconf 90' lang='lat' dir='ltr'><strong>po-</strong></span> 
     </span>
    </p>
   </div>
   <div class='ocr_carea' id='block_1_29' title="bbox 2096 1486 3673 1561">
    <p class='ocr_par' dir='ltr' id='par_1_29' title="bbox 2096 1486 3673 1561">
     <span class='ocr_line' id='line_1_29' title="bbox 2096 1486 3673 1561; baseline 0.006 -22"><span class='ocrx_word' id='word_1_198' title='bbox 2096 1486 2208 1557; x_wconf 92' lang='lat' dir='ltr'><strong>puli</strong></span> <span class='ocrx_word' id='word_1_199' title='bbox 2248 1502 2462 1544; x_wconf 85' lang='lat' dir='ltr'><strong>summo</strong></span> <span class='ocrx_word' id='word_1_200' title='bbox 2484 1488 2721 1551; x_wconf 87' lang='lat' dir='ltr'><strong>silentio,</strong></span> <span class='ocrx_word' id='word_1_201' title='bbox 2758 1490 2908 1559; x_wconf 89' lang='lat' dir='ltr'><strong>prior</strong></span> <span class='ocrx_word' id='word_1_202' title='bbox 2936 1489 3177 1560; x_wconf 78' lang='lat' dir='ltr'><strong>pontifex</strong></span> <span class='ocrx_word' id='word_1_203' title='bbox 3202 1492 3367 1561; x_wconf 65' lang='lat' dir='ltr'><strong>coepit</strong></span> <span class='ocrx_word' id='word_1_204' title='bbox 3397 1492 3673 1549; x_wconf 84' lang='lat' dir='ltr'><strong>adhortari</strong></span> 
     </span>
    </p>
   </div>
   <div class='ocr_carea' id='block_1_30' title="bbox 2097 1580 3675 1651">
    <p class='ocr_par' dir='ltr' id='par_1_30' title="bbox 2097 1580 3675 1651">
     <span class='ocr_line' id='line_1_30' title="bbox 2097 1580 3675 1651; baseline 0.005 -21"><span class='ocrx_word' id='word_1_205' title='bbox 2097 1580 2378 1648; x_wconf 87' lang='lat' dir='ltr'><strong>populum,</strong></span> <span class='ocrx_word' id='word_1_206' title='bbox 2407 1589 2465 1633; x_wconf 91' lang='lat' dir='ltr'><strong>ut</strong></span> <span class='ocrx_word' id='word_1_207' title='bbox 2494 1581 2763 1650; x_wconf 86' lang='lat' dir='ltr'><strong>patienter</strong></span> <span class='ocrx_word' id='word_1_208' title='bbox 2780 1588 2836 1636; x_wconf 90' lang='lat' dir='ltr'><strong>et</strong></span> <span class='ocrx_word' id='word_1_209' title='bbox 2860 1597 2982 1635; x_wconf 91' lang='lat' dir='ltr'><strong>cum</strong></span> <span class='ocrx_word' id='word_1_210' title='bbox 3010 1582 3191 1651; x_wconf 88' lang='lat' dir='ltr'><strong>quiete</strong></span> <span class='ocrx_word' id='word_1_211' title='bbox 3214 1584 3459 1648; x_wconf 87' lang='lat' dir='ltr'><strong>audiant,</strong></span> <span class='ocrx_word' id='word_1_212' title='bbox 3482 1585 3675 1640; x_wconf 89' lang='lat' dir='ltr'><strong>simul-</strong></span> 
     </span>
    </p>
   </div>
   <div class='ocr_carea' id='block_1_31' title="bbox 2097 1673 3671 1743">
    <p class='ocr_par' dir='ltr' id='par_1_31' title="bbox 2097 1673 3671 1743">
     <span class='ocr_line' id='line_1_31' title="bbox 2097 1673 3671 1743; baseline 0.006 -19"><span class='ocrx_word' id='word_1_213' title='bbox 2097 1687 2203 1739; x_wconf 89' lang='lat' dir='ltr'><strong>que</strong></span> <span class='ocrx_word' id='word_1_214' title='bbox 2227 1686 2414 1725; x_wconf 90' lang='lat' dir='ltr'><strong>eorum</strong></span> <span class='ocrx_word' id='word_1_215' title='bbox 2439 1688 2558 1741; x_wconf 82' lang='lat' dir='ltr'><strong>quae</strong></span> <span class='ocrx_word' id='word_1_216' title='bbox 2583 1673 2813 1727; x_wconf 88' lang='lat' dir='ltr'><strong>dicenda</strong></span> <span class='ocrx_word' id='word_1_217' title='bbox 2847 1682 2977 1727; x_wconf 90' lang='lat' dir='ltr'><strong>sunt</strong></span> <span class='ocrx_word' id='word_1_218' title='bbox 3029 1681 3197 1730; x_wconf 87' lang='lat' dir='ltr'><strong>testes</strong></span> <span class='ocrx_word' id='word_1_219' title='bbox 3218 1674 3499 1743; x_wconf 84' lang='lat' dir='ltr'><strong>ctjudices</strong></span> <span class='ocrx_word' id='word_1_220' title='bbox 3520 1677 3671 1733; x_wconf 86' lang='lat' dir='ltr'><strong>ﬁant.</strong></span> 
     </span>
    </p>
   </div>
   <div class='ocr_carea' id='block_1_32' title="bbox 2091 1758 3674 1818">
    <p class='ocr_par' dir='ltr' id='par_1_32' title="bbox 2091 1758 3674 1818">
     <span class='ocr_line' id='line_1_32' title="bbox 2091 1758 3674 1818; baseline 0.003 -5"><span class='ocrx_word' id='word_1_221' title='bbox 2091 1758 2235 1814; x_wconf 83' lang='lat' dir='ltr'><strong>Tum</strong></span> <span class='ocrx_word' id='word_1_222' title='bbox 2267 1760 2465 1816; x_wconf 88' lang='lat' dir='ltr'><strong>deinde</strong></span> <span class='ocrx_word' id='word_1_223' title='bbox 2507 1761 2697 1816; x_wconf 86' lang='lat' dir='ltr'><strong>multis</strong></span> <span class='ocrx_word' id='word_1_224' title='bbox 2728 1761 2982 1817; x_wconf 89' lang='lat' dir='ltr'><strong>laudibus</strong></span> <span class='ocrx_word' id='word_1_225' title='bbox 3012 1761 3247 1818; x_wconf 82' lang='lat' dir='ltr'><strong>eﬂ‘erens</strong></span> <span class='ocrx_word' id='word_1_226' title='bbox 3278 1762 3674 1817; x_wconf 76' lang='lat' dir='ltr'><strong>sacriﬁciorum</strong></span> 
     </span>
    </p>
   </div>
   <div class='ocr_carea' id='block_1_33' title="bbox 420 1844 3678 1927">
    <p class='ocr_par' dir='ltr' id='par_1_33' title="bbox 420 1844 3678 1927">
     <span class='ocr_line' id='line_1_33' title="bbox 420 1844 3678 1927; baseline -0 -18"><span class='ocrx_word' id='word_1_227' title='bbox 420 1855 479 1909; x_wconf 91' lang='lat' dir='ltr'><strong>In</strong></span> <span class='ocrx_word' id='word_1_228' title='bbox 509 1858 708 1909; x_wconf 76' lang='lat' dir='ltr'><strong>multas</strong></span> <span class='ocrx_word' id='word_1_229' title='bbox 736 1858 936 1910; x_wconf 91' lang='lat' dir='ltr'><strong>etenim</strong></span> <span class='ocrx_word' id='word_1_230' title='bbox 966 1858 1079 1927; x_wconf 91' lang='lat' dir='ltr'><strong>jam</strong></span> <span class='ocrx_word' id='word_1_231' title='bbox 1116 1865 1299 1927; x_wconf 89' lang='lat' dir='ltr'><strong>partes</strong></span> <span class='ocrx_word' id='word_1_232' title='bbox 1340 1858 1575 1927; x_wconf 87' lang='lat' dir='ltr'><strong>p0pulus</strong></span> <span class='ocrx_word' id='word_1_233' title='bbox 1617 1855 1993 1918; x_wconf 87' lang='lat' dir='ltr'><strong>scindebatur,</strong></span> <span class='ocrx_word' id='word_1_234' title='bbox 2027 1844 2069 1898; x_wconf 86' lang='grc' dir='ltr'><strong>Β</strong></span> <span class='ocrx_word' id='word_1_235' title='bbox 2096 1851 2283 1914; x_wconf 86' lang='lat' dir='ltr'><strong>ritum,</strong></span> <span class='ocrx_word' id='word_1_236' title='bbox 2345 1852 2438 1921; x_wconf 89' lang='lat' dir='ltr'><strong>qui</strong></span> <span class='ocrx_word' id='word_1_237' title='bbox 2493 1852 2561 1905; x_wconf 91' lang='lat' dir='ltr'><strong>ad</strong></span> <span class='ocrx_word' id='word_1_238' title='bbox 2619 1853 3001 1908; x_wconf 89' lang='lat' dir='ltr'><strong>remissionem</strong></span> <span class='ocrx_word' id='word_1_239' title='bbox 3039 1862 3388 1922; x_wconf 75' lang='lat' dir='ltr'><strong>peccatorum</strong></span> <span class='ocrx_word' id='word_1_240' title='bbox 3436 1853 3678 1909; x_wconf 90' lang='lat' dir='ltr'><strong>humano</strong></span> 
     </span>
    </p>
   </div>
   <div class='ocr_carea' id='block_1_34' title="bbox 418 1948 1423 2019">
    <p class='ocr_par' dir='ltr' id='par_1_34' title="bbox 418 1948 1423 2019">
     <span class='ocr_line' id='line_1_34' title="bbox 418 1948 1423 2019; baseline 0 -16"><span class='ocrx_word' id='word_1_241' title='bbox 418 1948 579 2003; x_wconf 89' lang='lat' dir='ltr'><strong>initio</strong></span> <span class='ocrx_word' id='word_1_242' title='bbox 611 1957 828 2018; x_wconf 89' lang='lat' dir='ltr'><strong>sumpto</strong></span> <span class='ocrx_word' id='word_1_243' title='bbox 862 1964 892 2002; x_wconf 89' lang='lat' dir='ltr'><strong>a</strong></span> <span class='ocrx_word' id='word_1_244' title='bbox 922 1948 1134 2005; x_wconf 80' lang='lat' dir='ltr'><strong>Joanne</strong></span> <span class='ocrx_word' id='word_1_245' title='bbox 1159 1950 1423 2019; x_wconf 83' lang='lat' dir='ltr'><strong>Baptista.</strong></span> 
     </span>
    </p>
   </div>
   <div class='ocr_carea' id='block_1_35' title="bbox 488 2032 1991 2111">
    <p class='ocr_par' dir='ltr' id='par_1_35' title="bbox 488 2032 1991 2111">
     <span class='ocr_line' id='line_1_35' title="bbox 488 2032 1991 2111; baseline 0.003 -17"><span class='ocrx_word' id='word_1_246' title='bbox 488 2040 622 2095; x_wconf 89' lang='lat' dir='ltr'><strong>LIV.</strong></span> <span class='ocrx_word' id='word_1_247' title='bbox 655 2041 793 2095; x_wconf 89' lang='lat' dir='ltr'><strong>Cum</strong></span> <span class='ocrx_word' id='word_1_248' title='bbox 816 2032 974 2096; x_wconf 90' lang='lat' dir='ltr'><strong>enim</strong></span> <span class='ocrx_word' id='word_1_249' title='bbox 1015 2043 1127 2111; x_wconf 87' lang='lat' dir='ltr'><strong>jam</strong></span> <span class='ocrx_word' id='word_1_250' title='bbox 1166 2042 1478 2097; x_wconf 87' lang='lat' dir='ltr'><strong>immineret</strong></span> <span class='ocrx_word' id='word_1_251' title='bbox 1513 2049 1668 2097; x_wconf 87' lang='lat' dir='ltr'><strong>ortus</strong></span> <span class='ocrx_word' id='word_1_252' title='bbox 1696 2043 1900 2100; x_wconf 88' lang='lat' dir='ltr'><strong>Christi</strong></span> <span class='ocrx_word' id='word_1_253' title='bbox 1923 2045 1991 2099; x_wconf 89' lang='lat' dir='ltr'><strong>ad</strong></span> 
     </span>
    </p>
   </div>
   <div class='ocr_carea' id='block_1_36' title="bbox 418 2135 1993 2207">
    <p class='ocr_par' dir='ltr' id='par_1_36' title="bbox 418 2135 1993 2207">
     <span class='ocr_line' id='line_1_36' title="bbox 418 2135 1993 2207; baseline 0.001 -18"><span class='ocrx_word' id='word_1_254' title='bbox 418 2136 687 2189; x_wconf 84' lang='lat' dir='ltr'><strong>sacriﬁcia</strong></span> <span class='ocrx_word' id='word_1_255' title='bbox 728 2136 949 2204; x_wconf 90' lang='lat' dir='ltr'><strong>quidem</strong></span> <span class='ocrx_word' id='word_1_256' title='bbox 991 2135 1339 2205; x_wconf 89' lang='lat' dir='ltr'><strong>reprimenda</strong></span> <span class='ocrx_word' id='word_1_257' title='bbox 1361 2175 1375 2200; x_wconf 90' lang='lat'><strong>,</strong></span> <span class='ocrx_word' id='word_1_258' title='bbox 1422 2136 1676 2205; x_wconf 86' lang='lat' dir='ltr'><strong>baptismi</strong></span> <span class='ocrx_word' id='word_1_259' title='bbox 1708 2151 1840 2190; x_wconf 91' lang='lat' dir='ltr'><strong>vero</strong></span> <span class='ocrx_word' id='word_1_260' title='bbox 1867 2153 1993 2207; x_wconf 82' lang='lat' dir='ltr'><strong>gra-</strong></span> 
     </span>
    </p>
   </div>
   <div class='ocr_carea' id='block_1_37' title="bbox 414 2225 1991 2296">
    <p class='ocr_par' dir='ltr' id='par_1_37' title="bbox 414 2225 1991 2296">
     <span class='ocr_line' id='line_1_37' title="bbox 414 2225 1991 2296; baseline 0.002 -19"><span class='ocrx_word' id='word_1_261' title='bbox 414 2226 547 2279; x_wconf 87' lang='lat' dir='ltr'><strong>tiam</strong></span> <span class='ocrx_word' id='word_1_262' title='bbox 602 2225 961 2295; x_wconf 86' lang='lat' dir='ltr'><strong>largiendam,</strong></span> <span class='ocrx_word' id='word_1_263' title='bbox 1022 2225 1275 2281; x_wconf 92' lang='lat' dir='ltr'><strong>inimicus</strong></span> <span class='ocrx_word' id='word_1_264' title='bbox 1326 2242 1392 2280; x_wconf 86' lang='lat' dir='ltr'><strong>ex</strong></span> <span class='ocrx_word' id='word_1_265' title='bbox 1440 2225 1527 2281; x_wconf 89' lang='lat' dir='ltr'><strong>bis</strong></span> <span class='ocrx_word' id='word_1_266' title='bbox 1577 2241 1697 2295; x_wconf 71' lang='lat' dir='ltr'><strong>quae</strong></span> <span class='ocrx_word' id='word_1_267' title='bbox 1734 2226 1991 2296; x_wconf 61' lang='lat' dir='ltr'><strong>praedicta</strong></span> 
     </span>
    </p>
   </div>
   <div class='ocr_carea' id='block_1_38' title="bbox 415 2317 1993 2389">
    <p class='ocr_par' dir='ltr' id='par_1_38' title="bbox 415 2317 1993 2389">
     <span class='ocr_line' id='line_1_38' title="bbox 415 2317 1993 2389; baseline 0.002 -18"><span class='ocrx_word' id='word_1_268' title='bbox 415 2318 634 2371; x_wconf 78' lang='lat' dir='ltr'><strong>fuerant</strong></span> <span class='ocrx_word' id='word_1_269' title='bbox 670 2318 864 2371; x_wconf 86' lang='lat' dir='ltr'><strong>adesse</strong></span> <span class='ocrx_word' id='word_1_270' title='bbox 920 2325 1137 2387; x_wconf 88' lang='lat' dir='ltr'><strong>tempus</strong></span> <span class='ocrx_word' id='word_1_271' title='bbox 1178 2317 1512 2388; x_wconf 84' lang='lat' dir='ltr'><strong>intelligens,</strong></span> <span class='ocrx_word' id='word_1_272' title='bbox 1558 2318 1791 2389; x_wconf 64' lang='lat' dir='ltr'><strong>{diversa</strong></span> <span class='ocrx_word' id='word_1_273' title='bbox 1843 2320 1993 2374; x_wconf 85' lang='lat' dir='ltr'><strong>schi-</strong></span> 
     </span>
    </p>
   </div>
   <div class='ocr_carea' id='block_1_39' title="bbox 419 2409 1993 2485">
    <p class='ocr_par' dir='ltr' id='par_1_39' title="bbox 419 2409 1993 2485">
     <span class='ocr_line' id='line_1_39' title="bbox 419 2409 1993 2485; baseline 0.004 -22"><span class='ocrx_word' id='word_1_274' title='bbox 419 2417 562 2463; x_wconf 86' lang='lat' dir='ltr'><strong>mata</strong></span> <span class='ocrx_word' id='word_1_275' title='bbox 594 2409 924 2479; x_wconf 86' lang='lat' dir='ltr'><strong>operabatur</strong></span> <span class='ocrx_word' id='word_1_276' title='bbox 960 2410 1014 2463; x_wconf 90' lang='lat' dir='ltr'><strong>in</strong></span> <span class='ocrx_word' id='word_1_277' title='bbox 1060 2411 1262 2480; x_wconf 88' lang='lat' dir='ltr'><strong>populo</strong></span> <span class='ocrx_word' id='word_1_278' title='bbox 1292 2412 1441 2482; x_wconf 90' lang='lat'><strong>(44),</strong></span> <span class='ocrx_word' id='word_1_279' title='bbox 1475 2422 1532 2467; x_wconf 91' lang='lat' dir='ltr'><strong>ut</strong></span> <span class='ocrx_word' id='word_1_280' title='bbox 1571 2413 1615 2469; x_wconf 90' lang='lat' dir='ltr'><strong>si</strong></span> <span class='ocrx_word' id='word_1_281' title='bbox 1659 2413 1801 2469; x_wconf 84' lang='lat' dir='ltr'><strong>forte</strong></span> <span class='ocrx_word' id='word_1_282' title='bbox 1838 2417 1993 2485; x_wconf 87' lang='lat' dir='ltr'><strong>prius</strong></span> 
     </span>
    </p>
   </div>
   <div class='ocr_carea' id='block_1_40' title="bbox 417 2504 1993 2580">
    <p class='ocr_par' dir='ltr' id='par_1_40' title="bbox 417 2504 1993 2580">
     <span class='ocr_line' id='line_1_40' title="bbox 417 2504 1993 2580; baseline 0.004 -25"><span class='ocrx_word' id='word_1_283' title='bbox 417 2510 701 2573; x_wconf 84' lang='lat' dir='ltr'><strong>peccatum</strong></span> <span class='ocrx_word' id='word_1_284' title='bbox 742 2505 1011 2573; x_wconf 86' lang='lat' dir='ltr'><strong>potuisset</strong></span> <span class='ocrx_word' id='word_1_285' title='bbox 1050 2504 1277 2570; x_wconf 88' lang='lat' dir='ltr'><strong>aboleri,</strong></span> <span class='ocrx_word' id='word_1_286' title='bbox 1327 2506 1568 2561; x_wconf 86' lang='lat' dir='ltr'><strong>secunda</strong></span> <span class='ocrx_word' id='word_1_287' title='bbox 1602 2507 1803 2579; x_wconf 79' lang='lat' dir='ltr'><strong>corrigi</strong></span> <span class='ocrx_word' id='word_1_288' title='bbox 1833 2509 1993 2580; x_wconf 91' lang='lat' dir='ltr'><strong>culpa</strong></span> 
     </span>
    </p>
   </div>
   <div class='ocr_carea' id='block_1_41' title="bbox 419 2596 1992 2671">
    <p class='ocr_par' dir='ltr' id='par_1_41' title="bbox 419 2596 1992 2671">
     <span class='ocr_line' id='line_1_41' title="bbox 419 2596 1992 2671; baseline 0.004 -23"><span class='ocrx_word' id='word_1_289' title='bbox 419 2612 528 2649; x_wconf 91' lang='lat' dir='ltr'><strong>non</strong></span> <span class='ocrx_word' id='word_1_290' title='bbox 559 2603 763 2666; x_wconf 91' lang='lat' dir='ltr'><strong>posset.</strong></span> <span class='ocrx_word' id='word_1_291' title='bbox 812 2596 941 2652; x_wconf 88' lang='lat' dir='ltr'><strong>Erat</strong></span> <span class='ocrx_word' id='word_1_292' title='bbox 972 2613 1103 2670; x_wconf 82' lang='lat' dir='ltr'><strong>ergo</strong></span> <span class='ocrx_word' id='word_1_293' title='bbox 1138 2598 1374 2667; x_wconf 91' lang='lat' dir='ltr'><strong>primum</strong></span> <span class='ocrx_word' id='word_1_294' title='bbox 1406 2600 1646 2656; x_wconf 83' lang='lat' dir='ltr'><strong>schisma</strong></span> <span class='ocrx_word' id='word_1_295' title='bbox 1678 2616 1869 2655; x_wconf 90' lang='lat' dir='ltr'><strong>eorum</strong></span> <span class='ocrx_word' id='word_1_296' title='bbox 1898 2599 1992 2671; x_wconf 89' lang='lat' dir='ltr'><strong>qui</strong></span> 
     </span>
    </p>
   </div>
   <div class='ocr_carea' id='block_1_42' title="bbox 419 2687 1996 2764">
    <p class='ocr_par' dir='ltr' id='par_1_42' title="bbox 419 2687 1996 2764">
     <span class='ocr_line' id='line_1_42' title="bbox 419 2687 1996 2764; baseline 0.004 -22"><span class='ocrx_word' id='word_1_297' title='bbox 419 2688 744 2743; x_wconf 88' lang='lat' dir='ltr'><strong>dicebantur</strong></span> <span class='ocrx_word' id='word_1_298' title='bbox 802 2687 1123 2755; x_wconf 68' lang='lat' dir='ltr'><strong>Sadducaci,</strong></span> <span class='ocrx_word' id='word_1_299' title='bbox 1198 2692 1358 2746; x_wconf 92' lang='lat' dir='ltr'><strong>initio</strong></span> <span class='ocrx_word' id='word_1_300' title='bbox 1412 2691 1644 2748; x_wconf 80' lang='lat' dir='ltr'><strong>Joannis</strong></span> <span class='ocrx_word' id='word_1_301' title='bbox 1692 2693 1804 2763; x_wconf 89' lang='lat' dir='ltr'><strong>jam</strong></span> <span class='ocrx_word' id='word_1_302' title='bbox 1857 2710 1996 2764; x_wconf 88' lang='lat' dir='ltr'><strong>pene</strong></span> 
     </span>
    </p>
   </div>
   <div class='ocr_carea' id='block_1_43' title="bbox 423 2780 1992 2858">
    <p class='ocr_par' dir='ltr' id='par_1_43' title="bbox 423 2780 1992 2858">
     <span class='ocr_line' id='line_1_43' title="bbox 423 2780 1992 2858; baseline 0.003 -21"><span class='ocrx_word' id='word_1_303' title='bbox 423 2780 762 2851; x_wconf 84' lang='lat' dir='ltr'><strong>temporibus</strong></span> <span class='ocrx_word' id='word_1_304' title='bbox 790 2792 1025 2852; x_wconf 91' lang='lat' dir='ltr'><strong>sumpto.</strong></span> <span class='ocrx_word' id='word_1_305' title='bbox 1059 2782 1235 2854; x_wconf 83' lang='lat' dir='ltr'><strong>Hique</strong></span> <span class='ocrx_word' id='word_1_306' title='bbox 1261 2793 1320 2839; x_wconf 89' lang='lat' dir='ltr'><strong>ut</strong></span> <span class='ocrx_word' id='word_1_307' title='bbox 1350 2786 1839 2857; x_wconf 86' lang='lat' dir='ltr'><strong>caeterisjustiores</strong></span> <span class='ocrx_word' id='word_1_308' title='bbox 1858 2785 1992 2858; x_wconf 82' lang='lat'><strong>(45),</strong></span> 
     </span>
    </p>
   </div>
   <div class='ocr_carea' id='block_1_44' title="bbox 422 2877 1994 2947">
    <p class='ocr_par' dir='ltr' id='par_1_44' title="bbox 422 2877 1994 2947">
     <span class='ocr_line' id='line_1_44' title="bbox 422 2877 1994 2947; baseline 0.003 -18"><span class='ocrx_word' id='word_1_309' title='bbox 422 2890 710 2945; x_wconf 84' lang='lat' dir='ltr'><strong>segregare</strong></span> <span class='ocrx_word' id='word_1_310' title='bbox 742 2891 799 2930; x_wconf 92' lang='lat' dir='ltr'><strong>se</strong></span> <span class='ocrx_word' id='word_1_311' title='bbox 830 2889 1047 2946; x_wconf 89' lang='lat' dir='ltr'><strong>coepere</strong></span> <span class='ocrx_word' id='word_1_312' title='bbox 1076 2893 1105 2929; x_wconf 93' lang='lat' dir='ltr'><strong>a</strong></span> <span class='ocrx_word' id='word_1_313' title='bbox 1137 2877 1322 2947; x_wconf 91' lang='lat' dir='ltr'><strong>populi</strong></span> <span class='ocrx_word' id='word_1_314' title='bbox 1359 2887 1526 2944; x_wconf 73' lang='lat' dir='ltr'><strong>emtu,</strong></span> <span class='ocrx_word' id='word_1_315' title='bbox 1566 2888 1620 2934; x_wconf 90' lang='lat' dir='ltr'><strong>et</strong></span> <span class='ocrx_word' id='word_1_316' title='bbox 1652 2887 1994 2934; x_wconf 91' lang='lat' dir='ltr'><strong>mortuorum</strong></span> 
     </span>
    </p>
   </div>
   <div class='ocr_carea' id='block_1_45' title="bbox 421 2970 1995 3042">
    <p class='ocr_par' dir='ltr' id='par_1_45' title="bbox 421 2970 1995 3042">
     <span class='ocr_line' id='line_1_45' title="bbox 421 2970 1995 3042; baseline 0.005 -21"><span class='ocrx_word' id='word_1_317' title='bbox 421 2970 883 3024; x_wconf 89' lang='lat' dir='ltr'><strong>resurrectionem</strong></span> <span class='ocrx_word' id='word_1_318' title='bbox 926 2972 1173 3039; x_wconf 83' lang='lat' dir='ltr'><strong>negare&#39;</strong></span> <span class='ocrx_word' id='word_1_319' title='bbox 1210 2970 1373 3042; x_wconf 87' lang='lat' dir='ltr'><strong>idque</strong></span> <span class='ocrx_word' id='word_1_320' title='bbox 1425 2978 1750 3042; x_wconf 87' lang='lat' dir='ltr'><strong>argumento</strong></span> <span class='ocrx_word' id='word_1_321' title='bbox 1804 2972 1995 3029; x_wconf 84' lang='lat' dir='ltr'><strong>inﬁde-</strong></span> 
     </span>
    </p>
   </div>
   <div class='ocr_carea' id='block_1_46' title="bbox 422 3062 1995 3136">
    <p class='ocr_par' dir='ltr' id='par_1_46' title="bbox 422 3062 1995 3136">
     <span class='ocr_line' id='line_1_46' title="bbox 422 3062 1995 3136; baseline 0.006 -23"><span class='ocrx_word' id='word_1_322' title='bbox 422 3062 592 3116; x_wconf 89' lang='lat' dir='ltr'><strong>litatis</strong></span> <span class='ocrx_word' id='word_1_323' title='bbox 650 3078 919 3127; x_wconf 85' lang='lat' dir='ltr'><strong>asserere,</strong></span> <span class='ocrx_word' id='word_1_324' title='bbox 999 3064 1244 3120; x_wconf 89' lang='lat' dir='ltr'><strong>dicentes</strong></span> <span class='ocrx_word' id='word_1_325' title='bbox 1302 3080 1412 3119; x_wconf 93' lang='lat' dir='ltr'><strong>non</strong></span> <span class='ocrx_word' id='word_1_326' title='bbox 1467 3081 1590 3121; x_wconf 88' lang='lat' dir='ltr'><strong>esse</strong></span> <span class='ocrx_word' id='word_1_327' title='bbox 1647 3066 1871 3136; x_wconf 86' lang='lat' dir='ltr'><strong>dignum</strong></span> <span class='ocrx_word' id='word_1_328' title='bbox 1936 3076 1995 3124; x_wconf 89' lang='lat' dir='ltr'><strong>ut</strong></span> 
     </span>
    </p>
   </div>
   <div class='ocr_carea' id='block_1_47' title="bbox 419 3155 1995 3228">
    <p class='ocr_par' dir='ltr' id='par_1_47' title="bbox 419 3155 1995 3228">
     <span class='ocr_line' id='line_1_47' title="bbox 419 3155 1995 3228; baseline 0.006 -20"><span class='ocrx_word' id='word_1_329' title='bbox 419 3157 578 3221; x_wconf 89' lang='lat' dir='ltr'><strong>quasi</strong></span> <span class='ocrx_word' id='word_1_330' title='bbox 614 3155 718 3209; x_wconf 87' lang='lat' dir='ltr'><strong>sub</strong></span> <span class='ocrx_word' id='word_1_331' title='bbox 754 3155 1006 3212; x_wconf 90' lang='lat' dir='ltr'><strong>mercede</strong></span> <span class='ocrx_word' id='word_1_332' title='bbox 1038 3158 1320 3228; x_wconf 85' lang='lat' dir='ltr'><strong>preposita</strong></span> <span class='ocrx_word' id='word_1_333' title='bbox 1353 3161 1567 3214; x_wconf 79' lang='lat' dir='ltr'><strong>culatur</strong></span> <span class='ocrx_word' id='word_1_334' title='bbox 1594 3160 1757 3216; x_wconf 92' lang='lat' dir='ltr'><strong>Deus.</strong></span> <span class='ocrx_word' id='word_1_335' title='bbox 1792 3161 1995 3218; x_wconf 80' lang='lat' dir='ltr'><strong>Auctor</strong></span> 
     </span>
    </p>
   </div>
   <div class='ocr_carea' id='block_1_48' title="bbox 420 3249 1999 3319">
    <p class='ocr_par' dir='ltr' id='par_1_48' title="bbox 420 3249 1999 3319">
     <span class='ocr_line' id='line_1_48' title="bbox 420 3249 1999 3319; baseline 0.009 -20"><span class='ocrx_word' id='word_1_336' title='bbox 420 3264 550 3302; x_wconf 90' lang='lat' dir='ltr'><strong>vero</strong></span> <span class='ocrx_word' id='word_1_337' title='bbox 585 3250 873 3304; x_wconf 79' lang='lat' dir='ltr'><strong>sententiae</strong></span> <span class='ocrx_word' id='word_1_338' title='bbox 917 3249 1081 3318; x_wconf 87' lang='lat' dir='ltr'><strong>hujus</strong></span> <span class='ocrx_word' id='word_1_339' title='bbox 1124 3252 1335 3319; x_wconf 90' lang='lat' dir='ltr'><strong>primus</strong></span> <span class='ocrx_word' id='word_1_340' title='bbox 1365 3251 1679 3317; x_wconf 89' lang='lat' dir='ltr'><strong>Dositheus,</strong></span> <span class='ocrx_word' id='word_1_341' title='bbox 1727 3257 1999 3313; x_wconf 87' lang='lat' dir='ltr'><strong>secundus</strong></span> 
     </span>
    </p>
   </div>
   <div class='ocr_carea' id='block_1_49' title="bbox 422 3339 1997 3417">
    <p class='ocr_par' dir='ltr' id='par_1_49' title="bbox 422 3339 1997 3417">
     <span class='ocr_line' id='line_1_49' title="bbox 422 3339 1997 3417; baseline 0.007 -25"><span class='ocrx_word' id='word_1_342' title='bbox 422 3339 607 3394; x_wconf 89' lang='lat' dir='ltr'><strong>Simon</strong></span> <span class='ocrx_word' id='word_1_343' title='bbox 634 3339 754 3397; x_wconf 84' lang='lat' dir='ltr'><strong>fuit.</strong></span> <span class='ocrx_word' id='word_1_344' title='bbox 780 3342 937 3396; x_wconf 86' lang='lat' dir='ltr'><strong>Aliud</strong></span> <span class='ocrx_word' id='word_1_345' title='bbox 961 3342 1292 3396; x_wconf 81' lang='lat' dir='ltr'><strong>Samaraeum</strong></span> <span class='ocrx_word' id='word_1_346' title='bbox 1315 3343 1551 3417; x_wconf 87' lang='lat' dir='ltr'><strong>schisma</strong></span> <span class='ocrx_word' id='word_1_347' title='bbox 1579 3352 1694 3411; x_wconf 90' lang='lat' dir='ltr'><strong>est;</strong></span> <span class='ocrx_word' id='word_1_348' title='bbox 1728 3346 1830 3413; x_wconf 82' lang='lat' dir='ltr'><strong>ipsi</strong></span> <span class='ocrx_word' id='word_1_349' title='bbox 1852 3349 1997 3403; x_wconf 91' lang='lat' dir='ltr'><strong>enim</strong></span> 
     </span>
    </p>
   </div>
   <div class='ocr_carea' id='block_1_50' title="bbox 420 3437 1999 3509">
    <p class='ocr_par' dir='ltr' id='par_1_50' title="bbox 420 3437 1999 3509">
     <span class='ocr_line' id='line_1_50' title="bbox 420 3437 1999 3509; baseline 0.005 -18"><span class='ocrx_word' id='word_1_350' title='bbox 420 3437 882 3493; x_wconf 65' lang='lat' dir='ltr'><strong>resurrectionem</strong></span> <span class='ocrx_word' id='word_1_351' title='bbox 917 3446 1258 3490; x_wconf 88' lang='lat' dir='ltr'><strong>mortuorum</strong></span> <span class='ocrx_word' id='word_1_352' title='bbox 1298 3445 1561 3509; x_wconf 87' lang='lat' dir='ltr'><strong>negantes</strong></span> <span class='ocrx_word' id='word_1_353' title='bbox 1582 3449 1855 3503; x_wconf 89' lang='lat' dir='ltr'><strong>asserunt,</strong></span> <span class='ocrx_word' id='word_1_354' title='bbox 1888 3459 1999 3499; x_wconf 88' lang='lat' dir='ltr'><strong>non</strong></span> 
     </span>
    </p>
   </div>
   <div class='ocr_carea' id='block_1_51' title="bbox 423 3527 1995 3600">
    <p class='ocr_par' dir='ltr' id='par_1_51' title="bbox 423 3527 1995 3600">
     <span class='ocr_line' id='line_1_51' title="bbox 423 3527 1995 3600; baseline 0.005 -19"><span class='ocrx_word' id='word_1_355' title='bbox 423 3530 476 3581; x_wconf 91' lang='lat' dir='ltr'><strong>in</strong></span> <span class='ocrx_word' id='word_1_356' title='bbox 502 3527 912 3600; x_wconf 80' lang='lat' dir='ltr'><strong>Hierosolymis,</strong></span> <span class='ocrx_word' id='word_1_357' title='bbox 952 3528 1046 3583; x_wconf 88' lang='lat' dir='ltr'><strong>sed</strong></span> <span class='ocrx_word' id='word_1_358' title='bbox 1081 3527 1136 3581; x_wconf 90' lang='lat' dir='ltr'><strong>in</strong></span> <span class='ocrx_word' id='word_1_359' title='bbox 1170 3535 1353 3582; x_wconf 89' lang='lat' dir='ltr'><strong>monte</strong></span> <span class='ocrx_word' id='word_1_360' title='bbox 1392 3527 1610 3583; x_wconf 89' lang='lat' dir='ltr'><strong>Garizin</strong></span> <span class='ocrx_word' id='word_1_361' title='bbox 1661 3532 1995 3588; x_wconf 88' lang='lat' dir='ltr'><strong>adorandum</strong></span> 
     </span>
    </p>
   </div>
   <div class='ocr_carea' id='block_1_52' title="bbox 419 3616 1994 3687">
    <p class='ocr_par' dir='ltr' id='par_1_52' title="bbox 419 3616 1994 3687">
     <span class='ocr_line' id='line_1_52' title="bbox 419 3616 1994 3687; baseline 0.002 -16"><span class='ocrx_word' id='word_1_362' title='bbox 419 3632 545 3671; x_wconf 89' lang='lat' dir='ltr'><strong>esse</strong></span> <span class='ocrx_word' id='word_1_363' title='bbox 587 3616 775 3673; x_wconf 86' lang='lat' dir='ltr'><strong>Deum.</strong></span> <span class='ocrx_word' id='word_1_364' title='bbox 825 3618 928 3683; x_wconf 85' lang='lat' dir='ltr'><strong>Qui</strong></span> <span class='ocrx_word' id='word_1_365' title='bbox 963 3624 1141 3670; x_wconf 91' lang='lat' dir='ltr'><strong>tamen</strong></span> <span class='ocrx_word' id='word_1_366' title='bbox 1170 3632 1337 3668; x_wconf 91' lang='lat' dir='ltr'><strong>unum</strong></span> <span class='ocrx_word' id='word_1_367' title='bbox 1375 3631 1561 3671; x_wconf 88' lang='lat' dir='ltr'><strong>verum</strong></span> <span class='ocrx_word' id='word_1_368' title='bbox 1588 3618 1905 3687; x_wconf 84' lang='lat' dir='ltr'><strong>prOphetam</strong></span> <span class='ocrx_word' id='word_1_369' title='bbox 1929 3636 1994 3674; x_wconf 82' lang='lat' dir='ltr'><strong>ex</strong></span> 
     </span>
    </p>
   </div>
   <div class='ocr_carea' id='block_1_53' title="bbox 424 3709 1999 3781">
    <p class='ocr_par' dir='ltr' id='par_1_53' title="bbox 424 3709 1999 3781">
     <span class='ocr_line' id='line_1_53' title="bbox 424 3709 1999 3781; baseline 0.003 -20"><span class='ocrx_word' id='word_1_370' title='bbox 424 3709 625 3779; x_wconf 80' lang='lat' dir='ltr'><strong>Moysis</strong></span> <span class='ocrx_word' id='word_1_371' title='bbox 663 3710 1140 3763; x_wconf 80' lang='lat' dir='ltr'><strong>vaticinationibus</strong></span> <span class='ocrx_word' id='word_1_372' title='bbox 1174 3715 1319 3762; x_wconf 92' lang='lat' dir='ltr'><strong>recte</strong></span> <span class='ocrx_word' id='word_1_373' title='bbox 1368 3717 1779 3778; x_wconf 84' lang='lat' dir='ltr'><strong>exspectantes,</strong></span> <span class='ocrx_word' id='word_1_374' title='bbox 1818 3713 1999 3781; x_wconf 88' lang='lat' dir='ltr'><strong>pravi-</strong></span> 
     </span>
    </p>
   </div>
   <div class='ocr_carea' id='block_1_54' title="bbox 422 3800 2001 3874">
    <p class='ocr_par' dir='ltr' id='par_1_54' title="bbox 422 3800 2001 3874">
     <span class='ocr_line' id='line_1_54' title="bbox 422 3800 2001 3874; baseline 0.003 -20"><span class='ocrx_word' id='word_1_375' title='bbox 422 3810 534 3854; x_wconf 90' lang='lat' dir='ltr'><strong>tate</strong></span> <span class='ocrx_word' id='word_1_376' title='bbox 578 3800 823 3856; x_wconf 89' lang='lat' dir='ltr'><strong>Dosithei</strong></span> <span class='ocrx_word' id='word_1_377' title='bbox 866 3802 1107 3871; x_wconf 88' lang='lat' dir='ltr'><strong>impediti</strong></span> <span class='ocrx_word' id='word_1_378' title='bbox 1140 3807 1286 3864; x_wconf 90' lang='lat' dir='ltr'><strong>sunt,</strong></span> <span class='ocrx_word' id='word_1_379' title='bbox 1318 3816 1385 3854; x_wconf 91' lang='lat' dir='ltr'><strong>ne</strong></span> <span class='ocrx_word' id='word_1_380' title='bbox 1407 3800 1552 3854; x_wconf 92' lang='lat' dir='ltr'><strong>hunc</strong></span> <span class='ocrx_word' id='word_1_381' title='bbox 1581 3817 1741 3870; x_wconf 89' lang='lat' dir='ltr'><strong>quem</strong></span> <span class='ocrx_word' id='word_1_382' title='bbox 1775 3819 2001 3874; x_wconf 77' lang='lat' dir='ltr'><strong>exspec-</strong></span> 
     </span>
    </p>
   </div>
   <div class='ocr_carea' id='block_1_55' title="bbox 423 3888 1999 3962">
    <p class='ocr_par' dir='ltr' id='par_1_55' title="bbox 423 3888 1999 3962">
     <span class='ocr_line' id='line_1_55' title="bbox 423 3888 1999 3962; baseline 0.004 -20"><span class='ocrx_word' id='word_1_383' title='bbox 423 3891 630 3954; x_wconf 85' lang='lat' dir='ltr'><strong>tabant,</strong></span> <span class='ocrx_word' id='word_1_384' title='bbox 686 3890 971 3946; x_wconf 87' lang='lat' dir='ltr'><strong>crederent</strong></span> <span class='ocrx_word' id='word_1_385' title='bbox 1027 3905 1149 3944; x_wconf 92' lang='lat' dir='ltr'><strong>esse</strong></span> <span class='ocrx_word' id='word_1_386' title='bbox 1191 3888 1397 3945; x_wconf 82' lang='lat' dir='ltr'><strong>Jesum.</strong></span> <span class='ocrx_word' id='word_1_387' title='bbox 1463 3888 1668 3945; x_wconf 76' lang='lat' dir='ltr'><strong>Scribze</strong></span> <span class='ocrx_word' id='word_1_388' title='bbox 1703 3908 1920 3962; x_wconf 85' lang='lat' dir='ltr'><strong>quoque</strong></span> <span class='ocrx_word' id='word_1_389' title='bbox 1945 3904 1999 3949; x_wconf 91' lang='lat' dir='ltr'><strong>et</strong></span> 
     </span>
    </p>
   </div>
   <div class='ocr_carea' id='block_1_56' title="bbox 422 3981 1998 4056">
    <p class='ocr_par' dir='ltr' id='par_1_56' title="bbox 422 3981 1998 4056">
     <span class='ocr_line' id='line_1_56' title="bbox 422 3981 1998 4056; baseline 0.004 -22"><span class='ocrx_word' id='word_1_390' title='bbox 422 3982 680 4036; x_wconf 83' lang='lat' dir='ltr'><strong>Pharisaei</strong></span> <span class='ocrx_word' id='word_1_391' title='bbox 715 3982 770 4036; x_wconf 87' lang='lat' dir='ltr'><strong>in</strong></span> <span class='ocrx_word' id='word_1_392' title='bbox 791 3983 937 4037; x_wconf 89' lang='lat' dir='ltr'><strong>aliud</strong></span> <span class='ocrx_word' id='word_1_393' title='bbox 962 3984 1197 4037; x_wconf 90' lang='lat' dir='ltr'><strong>schisma</strong></span> <span class='ocrx_word' id='word_1_394' title='bbox 1221 3981 1583 4039; x_wconf 88' lang='lat' dir='ltr'><strong>deducuntur.</strong></span> <span class='ocrx_word' id='word_1_395' title='bbox 1617 3981 1723 4038; x_wconf 89' lang='lat' dir='ltr'><strong>Sed</strong></span> <span class='ocrx_word' id='word_1_396' title='bbox 1746 3985 1800 4037; x_wconf 90' lang='lat' dir='ltr'><strong>bi</strong></span> <span class='ocrx_word' id='word_1_397' title='bbox 1823 3987 1998 4056; x_wconf 75' lang='lat' dir='ltr'><strong>bapti—</strong></span> 
     </span>
    </p>
   </div>
   <div class='ocr_carea' id='block_1_57' title="bbox 421 4074 1993 4146">
    <p class='ocr_par' dir='ltr' id='par_1_57' title="bbox 421 4074 1993 4146">
     <span class='ocr_line' id='line_1_57' title="bbox 421 4074 1993 4146; baseline 0.004 -19"><span class='ocrx_word' id='word_1_398' title='bbox 421 4075 529 4127; x_wconf 83' lang='lat' dir='ltr'><strong>zati</strong></span> <span class='ocrx_word' id='word_1_399' title='bbox 571 4090 600 4128; x_wconf 89' lang='lat' dir='ltr'><strong>a</strong></span> <span class='ocrx_word' id='word_1_400' title='bbox 636 4074 867 4134; x_wconf 86' lang='lat' dir='ltr'><strong>Joanne.</strong></span> <span class='ocrx_word' id='word_1_401' title='bbox 899 4083 951 4130; x_wconf 89' lang='lat' dir='ltr'><strong>et</strong></span> <span class='ocrx_word' id='word_1_402' title='bbox 978 4076 1126 4130; x_wconf 88' lang='lat' dir='ltr'><strong>velut</strong></span> <span class='ocrx_word' id='word_1_403' title='bbox 1165 4078 1372 4131; x_wconf 82' lang='lat' dir='ltr'><strong>clavem</strong></span> <span class='ocrx_word' id='word_1_404' title='bbox 1399 4078 1551 4146; x_wconf 86' lang='lat' dir='ltr'><strong>regni</strong></span> <span class='ocrx_word' id='word_1_405' title='bbox 1578 4076 1843 4132; x_wconf 69' lang='lat' dir='ltr'><strong>caelorum</strong></span> <span class='ocrx_word' id='word_1_406' title='bbox 1871 4094 1993 4133; x_wconf 89' lang='lat' dir='ltr'><strong>ver-</strong></span> 
     </span>
    </p>
   </div>
   <div class='ocr_carea' id='block_1_58' title="bbox 422 4165 1987 4238">
    <p class='ocr_par' dir='ltr' id='par_1_58' title="bbox 422 4165 1987 4238">
     <span class='ocr_line' id='line_1_58' title="bbox 422 4165 1987 4238; baseline 0.005 -20"><span class='ocrx_word' id='word_1_407' title='bbox 422 4165 551 4219; x_wconf 89' lang='lat' dir='ltr'><strong>bum</strong></span> <span class='ocrx_word' id='word_1_408' title='bbox 576 4166 821 4221; x_wconf 83' lang='lat' dir='ltr'><strong>veritatis</strong></span> <span class='ocrx_word' id='word_1_409' title='bbox 849 4174 1097 4222; x_wconf 89' lang='lat' dir='ltr'><strong>tenentes</strong></span> <span class='ocrx_word' id='word_1_410' title='bbox 1136 4183 1201 4221; x_wconf 81' lang='lat' dir='ltr'><strong>ex</strong></span> <span class='ocrx_word' id='word_1_411' title='bbox 1239 4166 1441 4238; x_wconf 85' lang='lat' dir='ltr'><strong>Moysis</strong></span> <span class='ocrx_word' id='word_1_412' title='bbox 1476 4168 1770 4224; x_wconf 89' lang='lat' dir='ltr'><strong>traditione</strong></span> <span class='ocrx_word' id='word_1_413' title='bbox 1799 4186 1987 4226; x_wconf 87' lang='lat' dir='ltr'><strong>susce-</strong></span> 
     </span>
    </p>
   </div>
   <div class='ocr_carea' id='block_1_59' title="bbox 396 4259 1984 4331">
    <p class='ocr_par' dir='ltr' id='par_1_59' title="bbox 396 4259 1984 4331">
     <span class='ocr_line' id='line_1_59' title="bbox 396 4259 1984 4331; baseline 0.005 -20"><span class='ocrx_word' id='word_1_414' title='bbox 396 4266 595 4328; x_wconf 85' lang='lat' dir='ltr'><strong>‘ptum,</strong></span> <span class='ocrx_word' id='word_1_415' title='bbox 634 4260 981 4314; x_wconf 87' lang='lat' dir='ltr'><strong>occultarunt</strong></span> <span class='ocrx_word' id='word_1_416' title='bbox 1010 4259 1234 4315; x_wconf 83' lang='lat' dir='ltr'><strong>auribus</strong></span> <span class='ocrx_word' id='word_1_417' title='bbox 1261 4260 1441 4331; x_wconf 88' lang='lat' dir='ltr'><strong>p0puli</strong></span> <span class='ocrx_word' id='word_1_418' title='bbox 1473 4269 1513 4315; x_wconf 81' lang='grc'><strong><em>³.</em></strong></span> <span class='ocrx_word' id='word_1_419' title='bbox 1562 4260 1666 4318; x_wconf 91' lang='lat' dir='ltr'><strong>Sed</strong></span> <span class='ocrx_word' id='word_1_420' title='bbox 1696 4268 1750 4318; x_wconf 88' lang='lat' dir='ltr'><strong>et</strong></span> <span class='ocrx_word' id='word_1_421' title='bbox 1776 4278 1843 4319; x_wconf 78' lang='lat' dir='ltr'><strong>ex</strong></span> <span class='ocrx_word' id='word_1_422' title='bbox 1868 4263 1984 4324; x_wconf 84' lang='lat' dir='ltr'><strong>dis-</strong></span> 
     </span>
    </p>
   </div>
   <div class='ocr_carea' id='block_1_60' title="bbox 504 4415 1518 4483">
    <p class='ocr_par' dir='ltr' id='par_1_60' title="bbox 504 4415 1518 4483">
     <span class='ocr_line' id='line_1_60' title="bbox 504 4415 1518 4483; baseline 0.004 -12"><span class='ocrx_word' id='word_1_423' title='bbox 504 4421 524 4450; x_wconf 86' lang='lat'>’</span> <span class='ocrx_word' id='word_1_424' title='bbox 549 4417 737 4471; x_wconf 81' lang='lat' dir='ltr'><strong>Matth.</strong></span> <span class='ocrx_word' id='word_1_425' title='bbox 772 4432 908 4481; x_wconf 77' lang='lat' dir='ltr'><strong>nu,</strong></span> <span class='ocrx_word' id='word_1_426' title='bbox 935 4417 1024 4471; x_wconf 74' lang='grc'><strong>25.</strong></span> <span class='ocrx_word' id='word_1_427' title='bbox 1100 4416 1120 4447; x_wconf 86' lang='grc'>³</span> <span class='ocrx_word' id='word_1_428' title='bbox 1154 4415 1283 4471; x_wconf 89' lang='lat' dir='ltr'><strong>Luc.</strong></span> <span class='ocrx_word' id='word_1_429' title='bbox 1319 4433 1397 4483; x_wconf 71' lang='grc' dir='ltr'>ιι,</span> <span class='ocrx_word' id='word_1_430' title='bbox 1428 4418 1518 4475; x_wconf 69' lang='grc'><strong>52.</strong></span> 
     </span>
    </p>
   </div>
   <div class='ocr_carea' id='block_1_61' title="bbox 2058 1943 3677 2013">
    <p class='ocr_par' dir='ltr' id='par_1_61' title="bbox 2058 1943 3677 2013">
     <span class='ocr_line' id='line_1_61' title="bbox 2058 1943 3677 2013; baseline 0.002 -16"><span class='ocrx_word' id='word_1_431' title='bbox 2058 1962 2061 1965; x_wconf 56' lang='grc' dir='ltr'><strong><em>λ</em></strong></span> <span class='ocrx_word' id='word_1_432' title='bbox 2098 1944 2285 2013; x_wconf 81' lang='lat' dir='ltr'><strong>generi</strong></span> <span class='ocrx_word' id='word_1_433' title='bbox 2339 1943 2619 2000; x_wconf 84' lang='lat' dir='ltr'><strong>divinitus</strong></span> <span class='ocrx_word' id='word_1_434' title='bbox 2654 1954 2801 2000; x_wconf 85' lang='lat' dir='ltr'><strong>esset</strong></span> <span class='ocrx_word' id='word_1_435' title='bbox 2850 1945 3117 2010; x_wconf 89' lang='lat' dir='ltr'><strong>indultus,</strong></span> <span class='ocrx_word' id='word_1_436' title='bbox 3165 1946 3501 2001; x_wconf 87' lang='lat' dir='ltr'><strong>causabatur</strong></span> <span class='ocrx_word' id='word_1_437' title='bbox 3546 1944 3677 2001; x_wconf 68' lang='lat' dir='ltr'><strong>Iesu</strong></span> 
     </span>
    </p>
   </div>
   <div class='ocr_carea' id='block_1_62' title="bbox 2097 2033 3671 2107">
    <p class='ocr_par' dir='ltr' id='par_1_62' title="bbox 2097 2033 3671 2107">
     <span class='ocr_line' id='line_1_62' title="bbox 2097 2033 3671 2107; baseline 0.001 -18"><span class='ocrx_word' id='word_1_438' title='bbox 2097 2035 2274 2089; x_wconf 89' lang='lat' dir='ltr'><strong>nostri</strong></span> <span class='ocrx_word' id='word_1_439' title='bbox 2312 2033 2582 2105; x_wconf 88' lang='lat' dir='ltr'><strong>baptisma</strong></span> <span class='ocrx_word' id='word_1_440' title='bbox 2615 2037 2763 2091; x_wconf 83' lang='lat' dir='ltr'><strong>velut</strong></span> <span class='ocrx_word' id='word_1_441' title='bbox 2792 2043 2984 2090; x_wconf 90' lang='lat' dir='ltr'><strong>contra</strong></span> <span class='ocrx_word' id='word_1_442' title='bbox 3019 2036 3135 2091; x_wconf 77' lang='lat' dir='ltr'><strong>haec</strong></span> <span class='ocrx_word' id='word_1_443' title='bbox 3162 2053 3338 2107; x_wconf 91' lang='lat' dir='ltr'><strong>nuper</strong></span> <span class='ocrx_word' id='word_1_444' title='bbox 3368 2037 3671 2091; x_wconf 87' lang='lat' dir='ltr'><strong>inductum.</strong></span> 
     </span>
    </p>
   </div>
   <div class='ocr_carea' id='block_1_63' title="bbox 2060 2124 3678 2196">
    <p class='ocr_par' dir='ltr' id='par_1_63' title="bbox 2060 2124 3678 2196">
     <span class='ocr_line' id='line_1_63' title="bbox 2060 2124 3678 2196; baseline 0 -17"><span class='ocrx_word' id='word_1_445' title='bbox 2060 2146 2067 2149; x_wconf 87' lang='grc'>·</span> <span class='ocrx_word' id='word_1_446' title='bbox 2100 2124 2207 2180; x_wconf 90' lang='lat' dir='ltr'><strong>Sed</strong></span> <span class='ocrx_word' id='word_1_447' title='bbox 2238 2126 2705 2196; x_wconf 88' lang='lat' dir='ltr'><strong>propositionibus</strong></span> <span class='ocrx_word' id='word_1_448' title='bbox 2735 2127 2857 2196; x_wconf 89' lang='lat' dir='ltr'><strong>ejus</strong></span> <span class='ocrx_word' id='word_1_449' title='bbox 2887 2142 3185 2182; x_wconf 86' lang='lat' dir='ltr'><strong>occurrens</strong></span> <span class='ocrx_word' id='word_1_450' title='bbox 3218 2126 3527 2191; x_wconf 74' lang='lat' dir='ltr'><strong>Matthzeus,</strong></span> <span class='ocrx_word' id='word_1_451' title='bbox 3558 2126 3678 2181; x_wconf 80' lang='lat' dir='ltr'><strong>evi-</strong></span> 
     </span>
    </p>
   </div>
   <div class='ocr_carea' id='block_1_64' title="bbox 2097 2214 3677 2288">
    <p class='ocr_par' dir='ltr' id='par_1_64' title="bbox 2097 2214 3677 2288">
     <span class='ocr_line' id='line_1_64' title="bbox 2097 2214 3677 2288; baseline 0.001 -19"><span class='ocrx_word' id='word_1_452' title='bbox 2097 2214 2291 2269; x_wconf 87' lang='lat' dir='ltr'><strong>denter</strong></span> <span class='ocrx_word' id='word_1_453' title='bbox 2319 2215 2559 2270; x_wconf 90' lang='lat' dir='ltr'><strong>ostendit</strong></span> <span class='ocrx_word' id='word_1_454' title='bbox 2633 2216 2779 2287; x_wconf 87' lang='lat' dir='ltr'><strong>quod</strong></span> <span class='ocrx_word' id='word_1_455' title='bbox 2829 2216 2875 2271; x_wconf 88' lang='lat' dir='ltr'><strong>si</strong></span> <span class='ocrx_word' id='word_1_456' title='bbox 2922 2215 3217 2288; x_wconf 85' lang='lat' dir='ltr'><strong>quisJesu</strong></span> <span class='ocrx_word' id='word_1_457' title='bbox 3266 2217 3535 2287; x_wconf 88' lang='lat' dir='ltr'><strong>baptisma</strong></span> <span class='ocrx_word' id='word_1_458' title='bbox 3569 2231 3677 2271; x_wconf 88' lang='lat' dir='ltr'><strong>non</strong></span> 
     </span>
    </p>
   </div>
   <div class='ocr_carea' id='block_1_65' title="bbox 2099 2306 3678 2382">
    <p class='ocr_par' dir='ltr' id='par_1_65' title="bbox 2099 2306 3678 2382">
     <span class='ocr_line' id='line_1_65' title="bbox 2099 2306 3678 2382; baseline 0.002 -20"><span class='ocrx_word' id='word_1_459' title='bbox 2099 2306 2264 2362; x_wconf 80' lang='lat' dir='ltr'><strong>fuerit</strong></span> <span class='ocrx_word' id='word_1_460' title='bbox 2319 2315 2671 2369; x_wconf 88' lang='lat' dir='ltr'><strong>consecutus.</strong></span> <span class='ocrx_word' id='word_1_461' title='bbox 2723 2310 2770 2365; x_wconf 91' lang='lat' dir='ltr'><strong>is</strong></span> <span class='ocrx_word' id='word_1_462' title='bbox 2819 2326 2929 2365; x_wconf 90' lang='lat' dir='ltr'><strong>non</strong></span> <span class='ocrx_word' id='word_1_463' title='bbox 2974 2309 3150 2364; x_wconf 89' lang='lat' dir='ltr'><strong>solum</strong></span> <span class='ocrx_word' id='word_1_464' title='bbox 3209 2311 3471 2364; x_wconf 66' lang='lat' dir='ltr'><strong>canorum</strong></span> <span class='ocrx_word' id='word_1_465' title='bbox 3510 2327 3678 2382; x_wconf 81' lang='lat' dir='ltr'><strong>regno</strong></span> 
     </span>
    </p>
   </div>
   <div class='ocr_carea' id='block_1_66' title="bbox 2098 2397 3676 2463">
    <p class='ocr_par' dir='ltr' id='par_1_66' title="bbox 2098 2397 3676 2463">
     <span class='ocr_line' id='line_1_66' title="bbox 2098 2397 3676 2463; baseline 0.004 -12"><span class='ocrx_word' id='word_1_466' title='bbox 2098 2397 2481 2463; x_wconf 83' lang='lat' dir='ltr'><strong>fraudabitur,</strong></span> <span class='ocrx_word' id='word_1_467' title='bbox 2513 2416 2701 2455; x_wconf 89' lang='lat' dir='ltr'><strong>verum</strong></span> <span class='ocrx_word' id='word_1_468' title='bbox 2734 2410 2788 2456; x_wconf 90' lang='lat' dir='ltr'><strong>et</strong></span> <span class='ocrx_word' id='word_1_469' title='bbox 2810 2402 2864 2455; x_wconf 92' lang='lat' dir='ltr'><strong>in</strong></span> <span class='ocrx_word' id='word_1_470' title='bbox 2899 2400 3305 2457; x_wconf 89' lang='lat' dir='ltr'><strong>resurrectione</strong></span> <span class='ocrx_word' id='word_1_471' title='bbox 3333 2409 3676 2457; x_wconf 86' lang='lat' dir='ltr'><strong>mortuorum</strong></span> 
     </span>
    </p>
   </div>
   <div class='ocr_carea' id='block_1_67' title="bbox 2097 2491 3675 2562">
    <p class='ocr_par' dir='ltr' id='par_1_67' title="bbox 2097 2491 3675 2562">
     <span class='ocr_line' id='line_1_67' title="bbox 2097 2491 3675 2562; baseline 0.003 -18"><span class='ocrx_word' id='word_1_472' title='bbox 2097 2506 2208 2545; x_wconf 88' lang='lat' dir='ltr'><strong>non</strong></span> <span class='ocrx_word' id='word_1_473' title='bbox 2252 2491 2458 2561; x_wconf 88' lang='lat' dir='ltr'><strong>absque</strong></span> <span class='ocrx_word' id='word_1_474' title='bbox 2511 2492 2755 2562; x_wconf 87' lang='lat' dir='ltr'><strong>periculo</strong></span> <span class='ocrx_word' id='word_1_475' title='bbox 2803 2492 2933 2556; x_wconf 90' lang='lat' dir='ltr'><strong>erit,</strong></span> <span class='ocrx_word' id='word_1_476' title='bbox 2983 2492 3212 2547; x_wconf 84' lang='lat' dir='ltr'><strong>etiamsi</strong></span> <span class='ocrx_word' id='word_1_477' title='bbox 3241 2492 3395 2547; x_wconf 76' lang='lat' dir='ltr'><strong>bona:</strong></span> <span class='ocrx_word' id='word_1_478' title='bbox 3449 2494 3576 2548; x_wconf 72' lang='lat' dir='ltr'><strong>vita:</strong></span> <span class='ocrx_word' id='word_1_479' title='bbox 3619 2504 3675 2549; x_wconf 84' lang='lat' dir='ltr'><strong>et</strong></span> 
     </span>
    </p>
   </div>
   <div class='ocr_carea' id='block_1_68' title="bbox 2096 2582 3679 2654">
    <p class='ocr_par' dir='ltr' id='par_1_68' title="bbox 2096 2582 3679 2654">
     <span class='ocr_line' id='line_1_68' title="bbox 2096 2582 3679 2654; baseline 0.002 -17"><span class='ocrx_word' id='word_1_480' title='bbox 2096 2589 2259 2639; x_wconf 79' lang='lat' dir='ltr'><strong>rectae</strong></span> <span class='ocrx_word' id='word_1_481' title='bbox 2284 2584 2482 2639; x_wconf 87' lang='lat' dir='ltr'><strong>mentis</strong></span> <span class='ocrx_word' id='word_1_482' title='bbox 2513 2584 2869 2654; x_wconf 77' lang='lat' dir='ltr'><strong>przerogativa</strong></span> <span class='ocrx_word' id='word_1_483' title='bbox 2910 2585 3210 2640; x_wconf 83' lang='lat' dir='ltr'><strong>muniatur.</strong></span> <span class='ocrx_word' id='word_1_484' title='bbox 3247 2582 3370 2639; x_wconf 74' lang='lat' dir='ltr'><strong>Haec</strong></span> <span class='ocrx_word' id='word_1_485' title='bbox 3396 2592 3451 2640; x_wconf 90' lang='lat' dir='ltr'><strong>et</strong></span> <span class='ocrx_word' id='word_1_486' title='bbox 3487 2586 3574 2642; x_wconf 73' lang='lat' dir='ltr'><strong>his</strong></span> <span class='ocrx_word' id='word_1_487' title='bbox 3601 2587 3679 2641; x_wconf 82' lang='lat' dir='ltr'><strong>si-</strong></span> 
     </span>
    </p>
   </div>
   <div class='ocr_carea' id='block_1_69' title="bbox 2097 2674 3117 2745">
    <p class='ocr_par' dir='ltr' id='par_1_69' title="bbox 2097 2674 3117 2745">
     <span class='ocr_line' id='line_1_69' title="bbox 2097 2674 3117 2745; baseline 0.003 -17"><span class='ocrx_word' id='word_1_488' title='bbox 2097 2675 2245 2729; x_wconf 85' lang='lat' dir='ltr'><strong>milia</strong></span> <span class='ocrx_word' id='word_1_489' title='bbox 2272 2682 2600 2745; x_wconf 91' lang='lat' dir='ltr'><strong>prosecutus</strong></span> <span class='ocrx_word' id='word_1_490' title='bbox 2632 2675 2786 2731; x_wconf 90' lang='lat' dir='ltr'><strong>siluit</strong></span> <span class='ocrx_word' id='word_1_491' title='bbox 2813 2674 3117 2731; x_wconf 68' lang='lat' dir='ltr'><strong>Matthaaus.</strong></span> 
     </span>
    </p>
   </div>
   <div class='ocr_carea' id='block_1_70' title="bbox 2167 2786 3678 2860">
    <p class='ocr_par' dir='ltr' id='par_1_70' title="bbox 2167 2786 3678 2860">
     <span class='ocr_line' id='line_1_70' title="bbox 2167 2786 3678 2860; baseline 0.003 -19"><span class='ocrx_word' id='word_1_492' title='bbox 2167 2786 2303 2843; x_wconf 92' lang='lat' dir='ltr'><strong>LVI.</strong></span> <span class='ocrx_word' id='word_1_493' title='bbox 2365 2786 2473 2842; x_wconf 90' lang='lat' dir='ltr'><strong>Sed</strong></span> <span class='ocrx_word' id='word_1_494' title='bbox 2519 2786 2946 2845; x_wconf 77' lang='lat' dir='ltr'><strong>Sadduczeorum</strong></span> <span class='ocrx_word' id='word_1_495' title='bbox 2987 2804 3136 2859; x_wconf 87' lang='lat' dir='ltr'><strong>pars,</strong></span> <span class='ocrx_word' id='word_1_496' title='bbox 3186 2805 3307 2859; x_wconf 75' lang='lat' dir='ltr'><strong>quae</strong></span> <span class='ocrx_word' id='word_1_497' title='bbox 3358 2796 3519 2860; x_wconf 81' lang='lat' dir='ltr'><strong>negat</strong></span> <span class='ocrx_word' id='word_1_498' title='bbox 3555 2803 3678 2845; x_wconf 71' lang='lat' dir='ltr'><strong>esse</strong></span> 
     </span>
    </p>
   </div>
   <div class='ocr_carea' id='block_1_71' title="bbox 2099 2881 3675 2950">
    <p class='ocr_par' dir='ltr' id='par_1_71' title="bbox 2099 2881 3675 2950">
     <span class='ocr_line' id='line_1_71' title="bbox 2099 2881 3675 2950; baseline 0 -16"><span class='ocrx_word' id='word_1_499' title='bbox 2099 2882 2559 2937; x_wconf 85' lang='lat' dir='ltr'><strong>resurrectionem</strong></span> <span class='ocrx_word' id='word_1_500' title='bbox 2603 2889 2968 2944; x_wconf 88' lang='lat' dir='ltr'><strong>mortuorum,</strong></span> <span class='ocrx_word' id='word_1_501' title='bbox 3024 2881 3312 2950; x_wconf 70' lang='lat' dir='ltr'><strong>indignata,</strong></span> <span class='ocrx_word' id='word_1_502' title='bbox 3350 2889 3456 2946; x_wconf 90' lang='lat' dir='ltr'><strong>est,</strong></span> <span class='ocrx_word' id='word_1_503' title='bbox 3503 2881 3577 2934; x_wconf 86' lang='lat' dir='ltr'><strong>ita</strong></span> <span class='ocrx_word' id='word_1_504' title='bbox 3613 2889 3675 2935; x_wconf 92' lang='lat' dir='ltr'><strong>ut</strong></span> 
     </span>
    </p>
   </div>
   <div class='ocr_carea' id='block_1_72' title="bbox 2098 2973 3674 3046">
    <p class='ocr_par' dir='ltr' id='par_1_72' title="bbox 2098 2973 3674 3046">
     <span class='ocr_line' id='line_1_72' title="bbox 2098 2973 3674 3046; baseline 0 -19"><span class='ocrx_word' id='word_1_505' title='bbox 2098 2974 2316 3044; x_wconf 86' lang='lat' dir='ltr'><strong>quidam</strong></span> <span class='ocrx_word' id='word_1_506' title='bbox 2382 2990 2451 3030; x_wconf 78' lang='lat' dir='ltr'><strong>ex</strong></span> <span class='ocrx_word' id='word_1_507' title='bbox 2506 2974 2641 3046; x_wconf 91' lang='lat' dir='ltr'><strong>ipsis</strong></span> <span class='ocrx_word' id='word_1_508' title='bbox 2700 2974 2768 3030; x_wconf 87' lang='lat' dir='ltr'><strong>de</strong></span> <span class='ocrx_word' id='word_1_509' title='bbox 2823 2973 3004 3029; x_wconf 86' lang='lat' dir='ltr'><strong>medio</strong></span> <span class='ocrx_word' id='word_1_510' title='bbox 3077 2975 3261 3045; x_wconf 82' lang='lat' dir='ltr'><strong>populi</strong></span> <span class='ocrx_word' id='word_1_511' title='bbox 3320 2975 3674 3038; x_wconf 80' lang='lat' dir='ltr'><strong>exclamaret,</strong></span> 
     </span>
    </p>
   </div>
   <div class='ocr_carea' id='block_1_73' title="bbox 2100 3066 3677 3137">
    <p class='ocr_par' dir='ltr' id='par_1_73' title="bbox 2100 3066 3677 3137">
     <span class='ocr_line' id='line_1_73' title="bbox 2100 3066 3677 3137; baseline -0.001 -17"><span class='ocrx_word' id='word_1_512' title='bbox 2100 3066 2290 3121; x_wconf 90' lang='lat' dir='ltr'><strong>dicens</strong></span> <span class='ocrx_word' id='word_1_513' title='bbox 2323 3069 2553 3120; x_wconf 91' lang='lat' dir='ltr'><strong>multum</strong></span> <span class='ocrx_word' id='word_1_514' title='bbox 2592 3081 2779 3120; x_wconf 86' lang='lat' dir='ltr'><strong>errare</strong></span> <span class='ocrx_word' id='word_1_515' title='bbox 2809 3082 2904 3121; x_wconf 92' lang='lat' dir='ltr'><strong>eos</strong></span> <span class='ocrx_word' id='word_1_516' title='bbox 2940 3066 3033 3136; x_wconf 90' lang='lat' dir='ltr'><strong>qui</strong></span> <span class='ocrx_word' id='word_1_517' title='bbox 3066 3073 3256 3137; x_wconf 90' lang='lat' dir='ltr'><strong>putent</strong></span> <span class='ocrx_word' id='word_1_518' title='bbox 3298 3075 3544 3121; x_wconf 88' lang='lat' dir='ltr'><strong>mortuos</strong></span> <span class='ocrx_word' id='word_1_519' title='bbox 3576 3066 3677 3119; x_wconf 80' lang='lat' dir='ltr'><strong>ali-</strong></span> 
     </span>
    </p>
   </div>
   <div class='ocr_carea' id='block_1_74' title="bbox 2100 3155 3679 3229">
    <p class='ocr_par' dir='ltr' id='par_1_74' title="bbox 2100 3155 3679 3229">
     <span class='ocr_line' id='line_1_74' title="bbox 2100 3155 3679 3229; baseline -0.003 -16"><span class='ocrx_word' id='word_1_520' title='bbox 2100 3159 2321 3228; x_wconf 88' lang='lat' dir='ltr'><strong>quando</strong></span> <span class='ocrx_word' id='word_1_521' title='bbox 2350 3174 2655 3229; x_wconf 81' lang='lat' dir='ltr'><strong>resurgere.</strong></span> <span class='ocrx_word' id='word_1_522' title='bbox 2691 3156 2898 3213; x_wconf 88' lang='lat' dir='ltr'><strong>Contra</strong></span> <span class='ocrx_word' id='word_1_523' title='bbox 2933 3157 3083 3213; x_wconf 89' lang='lat' dir='ltr'><strong>hunc</strong></span> <span class='ocrx_word' id='word_1_524' title='bbox 3110 3156 3359 3212; x_wconf 81' lang='lat' dir='ltr'><strong>Andreas</strong></span> <span class='ocrx_word' id='word_1_525' title='bbox 3388 3172 3544 3212; x_wconf 91' lang='lat' dir='ltr'><strong>meus</strong></span> <span class='ocrx_word' id='word_1_526' title='bbox 3568 3155 3679 3209; x_wconf 81' lang='lat' dir='ltr'><strong>fra-</strong></span> 
     </span>
    </p>
   </div>
   <div class='ocr_carea' id='block_1_75' title="bbox 2102 3248 3675 3321">
    <p class='ocr_par' dir='ltr' id='par_1_75' title="bbox 2102 3248 3675 3321">
     <span class='ocr_line' id='line_1_75' title="bbox 2102 3248 3675 3321; baseline -0.002 -16"><span class='ocrx_word' id='word_1_527' title='bbox 2102 3259 2187 3306; x_wconf 86' lang='lat' dir='ltr'><strong>ter</strong></span> <span class='ocrx_word' id='word_1_528' title='bbox 2212 3250 2573 3321; x_wconf 90' lang='lat' dir='ltr'><strong>respondens,</strong></span> <span class='ocrx_word' id='word_1_529' title='bbox 2619 3249 2805 3305; x_wconf 90' lang='lat' dir='ltr'><strong>docuit</strong></span> <span class='ocrx_word' id='word_1_530' title='bbox 2825 3265 3071 3305; x_wconf 89' lang='lat' dir='ltr'><strong>errorem</strong></span> <span class='ocrx_word' id='word_1_531' title='bbox 3104 3267 3211 3305; x_wconf 90' lang='lat' dir='ltr'><strong>non</strong></span> <span class='ocrx_word' id='word_1_532' title='bbox 3242 3265 3366 3304; x_wconf 86' lang='lat' dir='ltr'><strong>esse</strong></span> <span class='ocrx_word' id='word_1_533' title='bbox 3386 3288 3400 3313; x_wconf 85' lang='lat'><strong>,</strong></span> <span class='ocrx_word' id='word_1_534' title='bbox 3433 3248 3527 3303; x_wconf 89' lang='lat' dir='ltr'><strong>sed</strong></span> <span class='ocrx_word' id='word_1_535' title='bbox 3552 3263 3675 3303; x_wconf 87' lang='lat' dir='ltr'><strong>cer-</strong></span> 
     </span>
    </p>
   </div>
   <div class='ocr_carea' id='block_1_76' title="bbox 2099 3326 3674 3413">
    <p class='ocr_par' dir='ltr' id='par_1_76' title="bbox 2099 3326 3674 3413">
     <span class='ocr_line' id='line_1_76' title="bbox 2099 3326 3674 3413; baseline -0.001 -18"><span class='ocrx_word' id='word_1_536' title='bbox 2099 3342 2369 3397; x_wconf 86' lang='lat' dir='ltr'><strong>tissimam</strong></span> <span class='ocrx_word' id='word_1_537' title='bbox 2402 3341 2584 3407; x_wconf 88' lang='lat' dir='ltr'><strong>ﬁdem,</strong></span> <span class='ocrx_word' id='word_1_538' title='bbox 2614 3326 2762 3413; x_wconf 77' lang='lat' dir='ltr'><strong>quod</strong></span> <span class='ocrx_word' id='word_1_539' title='bbox 2791 3341 2991 3397; x_wconf 90' lang='lat' dir='ltr'><strong>mortui</strong></span> <span class='ocrx_word' id='word_1_540' title='bbox 3022 3350 3335 3413; x_wconf 73' lang='lat' dir='ltr'><strong>resurgant,</strong></span> <span class='ocrx_word' id='word_1_541' title='bbox 3368 3340 3674 3397; x_wconf 85' lang='lat' dir='ltr'><strong>secundum</strong></span> 
     </span>
    </p>
   </div>
   <div class='ocr_carea' id='block_1_77' title="bbox 2098 3432 3697 3505">
    <p class='ocr_par' dir='ltr' id='par_1_77' title="bbox 2098 3432 3697 3505">
     <span class='ocr_line' id='line_1_77' title="bbox 2098 3432 3697 3505; baseline -0.003 -18"><span class='ocrx_word' id='word_1_542' title='bbox 2098 3450 2161 3487; x_wconf 90' lang='lat' dir='ltr'><strong>ea</strong></span> <span class='ocrx_word' id='word_1_543' title='bbox 2187 3450 2307 3503; x_wconf 67' lang='lat' dir='ltr'><strong>quae</strong></span> <span class='ocrx_word' id='word_1_544' title='bbox 2335 3433 2520 3489; x_wconf 90' lang='lat' dir='ltr'><strong>docuit</strong></span> <span class='ocrx_word' id='word_1_545' title='bbox 2547 3434 2593 3489; x_wconf 89' lang='lat' dir='ltr'><strong>is</strong></span> <span class='ocrx_word' id='word_1_546' title='bbox 2621 3473 2635 3499; x_wconf 93' lang='lat'><strong>,</strong></span> <span class='ocrx_word' id='word_1_547' title='bbox 2680 3450 2840 3505; x_wconf 87' lang='lat' dir='ltr'><strong>quem</strong></span> <span class='ocrx_word' id='word_1_548' title='bbox 2871 3432 3085 3505; x_wconf 83' lang='lat' dir='ltr'><strong>Moyses</strong></span> <span class='ocrx_word' id='word_1_549' title='bbox 3116 3434 3365 3505; x_wconf 65' lang='lat' dir='ltr'><strong>prmdixit</strong></span> <span class='ocrx_word' id='word_1_550' title='bbox 3388 3443 3697 3488; x_wconf 80' lang='lat' dir='ltr'><strong>venturum</strong></span> 
     </span>
    </p>
   </div>
   <div class='ocr_carea' id='block_1_78' title="bbox 2099 3508 3693 3596">
    <p class='ocr_par' dir='ltr' id='par_1_78' title="bbox 2099 3508 3693 3596">
     <span class='ocr_line' id='line_1_78' title="bbox 2099 3508 3693 3596; baseline -0.001 -17"><span class='ocrx_word' id='word_1_551' title='bbox 2099 3526 2456 3595; x_wconf 85' lang='lat' dir='ltr'><strong>prophetam;</strong></span> <span class='ocrx_word' id='word_1_552' title='bbox 2489 3532 2583 3580; x_wconf 88' lang='lat' dir='ltr'><strong>aut</strong></span> <span class='ocrx_word' id='word_1_553' title='bbox 2604 3527 2649 3582; x_wconf 91' lang='lat' dir='ltr'><strong>si</strong></span> <span class='ocrx_word' id='word_1_554' title='bbox 2675 3542 2788 3581; x_wconf 91' lang='lat' dir='ltr'><strong>non</strong></span> <span class='ocrx_word' id='word_1_555' title='bbox 2813 3526 3091 3582; x_wconf 86' lang='lat' dir='ltr'><strong>videretur</strong></span> <span class='ocrx_word' id='word_1_556' title='bbox 3115 3526 3197 3582; x_wconf 88' lang='lat' dir='ltr'><strong>eis</strong></span> <span class='ocrx_word' id='word_1_557' title='bbox 3220 3527 3337 3596; x_wconf 90' lang='lat' dir='ltr'><strong>ipse</strong></span> <span class='ocrx_word' id='word_1_558' title='bbox 3365 3540 3489 3580; x_wconf 87' lang='lat' dir='ltr'><strong>esse</strong></span> <span class='ocrx_word' id='word_1_559' title='bbox 3513 3508 3693 3595; x_wconf 81' lang='lat' dir='ltr'><strong>quem</strong></span> 
     </span>
    </p>
   </div>
   <div class='ocr_carea' id='block_1_79' title="bbox 2098 3618 3673 3690">
    <p class='ocr_par' dir='ltr' id='par_1_79' title="bbox 2098 3618 3673 3690">
     <span class='ocr_line' id='line_1_79' title="bbox 2098 3618 3673 3690; baseline -0.002 -17"><span class='ocrx_word' id='word_1_560' title='bbox 2098 3620 2347 3689; x_wconf 70' lang='lat' dir='ltr'><strong>praedixit</strong></span> <span class='ocrx_word' id='word_1_561' title='bbox 2378 3618 2607 3690; x_wconf 85' lang='lat' dir='ltr'><strong>Moyses,</strong></span> <span class='ocrx_word' id='word_1_562' title='bbox 2624 3618 2692 3674; x_wconf 91' lang='lat' dir='ltr'><strong>de</strong></span> <span class='ocrx_word' id='word_1_563' title='bbox 2720 3618 2846 3684; x_wconf 82' lang='lat' dir='ltr'><strong>hoc,</strong></span> <span class='ocrx_word' id='word_1_564' title='bbox 2889 3619 3090 3690; x_wconf 84' lang='lat' dir='ltr'><strong>inquit,</strong></span> <span class='ocrx_word' id='word_1_565' title='bbox 3123 3619 3300 3689; x_wconf 92' lang='lat' dir='ltr'><strong>primo</strong></span> <span class='ocrx_word' id='word_1_566' title='bbox 3338 3618 3673 3689; x_wconf 86' lang='lat' dir='ltr'><strong>requiratur,</strong></span> 
     </span>
    </p>
   </div>
   <div class='ocr_carea' id='block_1_80' title="bbox 2102 3707 3676 3783">
    <p class='ocr_par' dir='ltr' id='par_1_80' title="bbox 2102 3707 3676 3783">
     <span class='ocr_line' id='line_1_80' title="bbox 2102 3707 3676 3783; baseline 0.001 -19"><span class='ocrx_word' id='word_1_567' title='bbox 2102 3717 2161 3764; x_wconf 92' lang='lat' dir='ltr'><strong>ut</strong></span> <span class='ocrx_word' id='word_1_568' title='bbox 2213 3725 2336 3765; x_wconf 91' lang='lat' dir='ltr'><strong>cum</strong></span> <span class='ocrx_word' id='word_1_569' title='bbox 2374 3710 2653 3765; x_wconf 87' lang='lat' dir='ltr'><strong>evidenter</strong></span> <span class='ocrx_word' id='word_1_570' title='bbox 2700 3713 2818 3783; x_wconf 85' lang='lat' dir='ltr'><strong>ipse</strong></span> <span class='ocrx_word' id='word_1_571' title='bbox 2872 3710 3039 3769; x_wconf 80' lang='lat' dir='ltr'><strong>fuerit</strong></span> <span class='ocrx_word' id='word_1_572' title='bbox 3085 3711 3382 3782; x_wconf 90' lang='lat' dir='ltr'><strong>probatus,</strong></span> <span class='ocrx_word' id='word_1_573' title='bbox 3421 3709 3558 3763; x_wconf 89' lang='lat' dir='ltr'><strong>nihil</strong></span> <span class='ocrx_word' id='word_1_574' title='bbox 3607 3707 3676 3765; x_wconf 66' lang='lat' dir='ltr'><strong>de</strong></span> 
     </span>
    </p>
   </div>
   <div class='ocr_carea' id='block_1_81' title="bbox 2097 3797 3674 3874">
    <p class='ocr_par' dir='ltr' id='par_1_81' title="bbox 2097 3797 3674 3874">
     <span class='ocr_line' id='line_1_81' title="bbox 2097 3797 3674 3874; baseline -0.001 -18"><span class='ocrx_word' id='word_1_575' title='bbox 2097 3803 2311 3873; x_wconf 85' lang='lat' dir='ltr'><strong>reliquo</strong></span> <span class='ocrx_word' id='word_1_576' title='bbox 2370 3819 2533 3873; x_wconf 91' lang='lat' dir='ltr'><strong>super</strong></span> <span class='ocrx_word' id='word_1_577' title='bbox 2592 3804 2678 3858; x_wconf 89' lang='lat' dir='ltr'><strong>his</strong></span> <span class='ocrx_word' id='word_1_578' title='bbox 2725 3819 2848 3874; x_wconf 81' lang='lat' dir='ltr'><strong>quae</strong></span> <span class='ocrx_word' id='word_1_579' title='bbox 2896 3802 3084 3858; x_wconf 89' lang='lat' dir='ltr'><strong>docuit</strong></span> <span class='ocrx_word' id='word_1_580' title='bbox 3149 3802 3478 3871; x_wconf 80' lang='lat' dir='ltr'><strong>ambigatur.</strong></span> <span class='ocrx_word' id='word_1_581' title='bbox 3548 3797 3674 3854; x_wconf 59' lang='lat' dir='ltr'><strong>Ilaac</strong></span> 
     </span>
    </p>
   </div>
   <div class='ocr_carea' id='block_1_82' title="bbox 2099 3892 3669 3967">
    <p class='ocr_par' dir='ltr' id='par_1_82' title="bbox 2099 3892 3669 3967">
     <span class='ocr_line' id='line_1_82' title="bbox 2099 3892 3669 3967; baseline -0.001 -19"><span class='ocrx_word' id='word_1_582' title='bbox 2099 3901 2279 3949; x_wconf 89' lang='lat' dir='ltr'><strong>autem</strong></span> <span class='ocrx_word' id='word_1_583' title='bbox 2297 3904 2351 3950; x_wconf 93' lang='lat' dir='ltr'><strong>et</strong></span> <span class='ocrx_word' id='word_1_584' title='bbox 2366 3895 2451 3951; x_wconf 91' lang='lat' dir='ltr'><strong>his</strong></span> <span class='ocrx_word' id='word_1_585' title='bbox 2479 3894 2676 3951; x_wconf 89' lang='lat' dir='ltr'><strong>similia</strong></span> <span class='ocrx_word' id='word_1_586' title='bbox 2702 3896 2859 3966; x_wconf 90' lang='lat' dir='ltr'><strong>plura</strong></span> <span class='ocrx_word' id='word_1_587' title='bbox 2873 3902 3210 3967; x_wconf 87' lang='lat' dir='ltr'><strong>protestatus</strong></span> <span class='ocrx_word' id='word_1_588' title='bbox 3228 3894 3380 3949; x_wconf 83' lang='lat' dir='ltr'><strong>siluit</strong></span> <span class='ocrx_word' id='word_1_589' title='bbox 3400 3892 3669 3947; x_wconf 86' lang='lat' dir='ltr'><strong>Andreas.</strong></span> 
     </span>
    </p>
   </div>
   <div class='ocr_carea' id='block_1_83' title="bbox 2170 3984 3675 4058">
    <p class='ocr_par' dir='ltr' id='par_1_83' title="bbox 2170 3984 3675 4058">
     <span class='ocr_line' id='line_1_83' title="bbox 2170 3984 3675 4058; baseline -0.001 -17"><span class='ocrx_word' id='word_1_590' title='bbox 2170 3986 2327 4042; x_wconf 83' lang='lat' dir='ltr'><strong>LVII.</strong></span> <span class='ocrx_word' id='word_1_591' title='bbox 2374 3986 2683 4043; x_wconf 78' lang='lat' dir='ltr'><strong>Samaraeus</strong></span> <span class='ocrx_word' id='word_1_592' title='bbox 2718 4002 2849 4043; x_wconf 91' lang='lat' dir='ltr'><strong>vero</strong></span> <span class='ocrx_word' id='word_1_593' title='bbox 2888 3987 3131 4058; x_wconf 90' lang='lat' dir='ltr'><strong>quidam,</strong></span> <span class='ocrx_word' id='word_1_594' title='bbox 3171 3985 3447 4042; x_wconf 89' lang='lat' dir='ltr'><strong>contraria</strong></span> <span class='ocrx_word' id='word_1_595' title='bbox 3477 3984 3675 4058; x_wconf 89' lang='lat' dir='ltr'><strong>p0pulo</strong></span> 
     </span>
    </p>
   </div>
   <div class='ocr_carea' id='block_1_84' title="bbox 2094 4080 3673 4150">
    <p class='ocr_par' dir='ltr' id='par_1_84' title="bbox 2094 4080 3673 4150">
     <span class='ocr_line' id='line_1_84' title="bbox 2094 4080 3673 4150; baseline -0.005 -14"><span class='ocrx_word' id='word_1_596' title='bbox 2094 4089 2150 4136; x_wconf 90' lang='lat' dir='ltr'><strong>et</strong></span> <span class='ocrx_word' id='word_1_597' title='bbox 2184 4080 2294 4135; x_wconf 88' lang='lat' dir='ltr'><strong>Deo</strong></span> <span class='ocrx_word' id='word_1_598' title='bbox 2335 4080 2585 4150; x_wconf 90' lang='lat' dir='ltr'><strong>loquens,</strong></span> <span class='ocrx_word' id='word_1_599' title='bbox 2616 4086 2670 4135; x_wconf 90' lang='lat' dir='ltr'><strong>et</strong></span> <span class='ocrx_word' id='word_1_600' title='bbox 2705 4095 2882 4150; x_wconf 90' lang='lat' dir='ltr'><strong>neque</strong></span> <span class='ocrx_word' id='word_1_601' title='bbox 2919 4086 3165 4133; x_wconf 90' lang='lat' dir='ltr'><strong>mortuos</strong></span> <span class='ocrx_word' id='word_1_602' title='bbox 3203 4092 3458 4133; x_wconf 85' lang='lat' dir='ltr'><strong>asserens</strong></span> <span class='ocrx_word' id='word_1_603' title='bbox 3482 4091 3673 4130; x_wconf 81' lang='lat' dir='ltr'><strong>resur-</strong></span> 
     </span>
    </p>
   </div>
   <div class='ocr_carea' id='block_1_85' title="bbox 2111 4168 3671 4241">
    <p class='ocr_par' dir='ltr' id='par_1_85' title="bbox 2111 4168 3671 4241">
     <span class='ocr_line' id='line_1_85' title="bbox 2111 4168 3671 4241; baseline -0.003 -16"><span class='ocrx_word' id='word_1_604' title='bbox 2111 4180 2384 4235; x_wconf 90' lang='lat' dir='ltr'><strong>recturos,</strong></span> <span class='ocrx_word' id='word_1_605' title='bbox 2418 4187 2597 4241; x_wconf 87' lang='lat' dir='ltr'><strong>neque</strong></span> <span class='ocrx_word' id='word_1_606' title='bbox 2622 4187 2747 4226; x_wconf 90' lang='lat' dir='ltr'><strong>eum</strong></span> <span class='ocrx_word' id='word_1_607' title='bbox 2770 4170 2967 4241; x_wconf 90' lang='lat' dir='ltr'><strong>quiest</strong></span> <span class='ocrx_word' id='word_1_608' title='bbox 3004 4171 3058 4225; x_wconf 92' lang='lat' dir='ltr'><strong>in</strong></span> <span class='ocrx_word' id='word_1_609' title='bbox 3087 4168 3429 4224; x_wconf 85' lang='lat' dir='ltr'><strong>Hierusalem</strong></span> <span class='ocrx_word' id='word_1_610' title='bbox 3461 4168 3671 4222; x_wconf 90' lang='lat' dir='ltr'><strong>cultum</strong></span> 
     </span>
    </p>
   </div>
   <div class='ocr_carea' id='block_1_86' title="bbox 2101 4259 3669 4329">
    <p class='ocr_par' dir='ltr' id='par_1_86' title="bbox 2101 4259 3669 4329">
     <span class='ocr_line' id='line_1_86' title="bbox 2101 4259 3669 4329; baseline -0.003 -12"><span class='ocrx_word' id='word_1_611' title='bbox 2101 4262 2196 4318; x_wconf 88' lang='lat' dir='ltr'><strong>Dei</strong></span> <span class='ocrx_word' id='word_1_612' title='bbox 2243 4263 2577 4329; x_wconf 86' lang='lat' dir='ltr'><strong>tenendum,</strong></span> <span class='ocrx_word' id='word_1_613' title='bbox 2617 4263 2711 4321; x_wconf 90' lang='lat' dir='ltr'><strong>sed</strong></span> <span class='ocrx_word' id='word_1_614' title='bbox 2745 4270 2982 4319; x_wconf 90' lang='lat' dir='ltr'><strong>montem</strong></span> <span class='ocrx_word' id='word_1_615' title='bbox 3006 4260 3222 4317; x_wconf 83' lang='lat' dir='ltr'><strong>Garizin</strong></span> <span class='ocrx_word' id='word_1_616' title='bbox 3259 4259 3626 4317; x_wconf 85' lang='lat' dir='ltr'><strong>venerandum</strong></span> <span class='ocrx_word' id='word_1_617' title='bbox 3650 4286 3669 4312; x_wconf 71' lang='grc' dir='ltr'><strong>ο</strong></span> 
     </span>
    </p>
   </div>
   <div class='ocr_carea' id='block_1_87' title="bbox 1708 4595 2355 4654">
    <p class='ocr_par' dir='ltr' id='par_1_87' title="bbox 1708 4595 2355 4654">
     <span class='ocr_line' id='line_1_87' title="bbox 1708 4595 2355 4654; baseline 0.002 -2"><span class='ocrx_word' id='word_1_618' title='bbox 1708 4595 2072 4652; x_wconf 80' lang='lat' dir='ltr'><strong>COTELERII</strong></span> <span class='ocrx_word' id='word_1_619' title='bbox 2122 4595 2355 4654; x_wconf 68' lang='grc' dir='ltr'><strong>ΝΟΤλΕ.</strong></span> 
     </span>
    </p>
   </div>
   <div class='ocr_carea' id='block_1_88' title="bbox 493 4794 3669 4883">
    <p class='ocr_par' dir='ltr' id='par_1_88' title="bbox 493 4794 3669 4883">
     <span class='ocr_line' id='line_1_88' title="bbox 493 4794 3669 4883; baseline -0.003 -29"><span class='ocrx_word' id='word_1_620' title='bbox 493 4801 606 4883; x_wconf 66' lang='grc'>(44)</span> <span class='ocrx_word' id='word_1_621' title='bbox 650 4800 865 4883; x_wconf 61' lang='lat' dir='ltr'><strong>Diversa</strong></span> <span class='ocrx_word' id='word_1_622' title='bbox 892 4798 1597 4883; x_wconf 54' lang='lat' dir='ltr'><strong>sehismataoperabaturjn</strong></span> <span class='ocrx_word' id='word_1_623' title='bbox 1617 4796 1826 4883; x_wconf 68' lang='lat' dir='ltr'><strong>populo.</strong></span> <span class='ocrx_word' id='word_1_624' title='bbox 1851 4798 1987 4883; x_wconf 61' lang='grc' dir='ltr'><strong>Ρτιξ-</strong></span> <span class='ocrx_word' id='word_1_625' title='bbox 2016 4800 2190 4883; x_wconf 72' lang='lat' dir='ltr'><strong>Dnii,</strong></span> <span class='ocrx_word' id='word_1_626' title='bbox 2240 4798 2513 4883; x_wconf 49' lang='lat' dir='ltr'><strong>corrigere</strong></span> <span class='ocrx_word' id='word_1_627' title='bbox 2562 4796 2837 4883; x_wconf 73' lang='lat' dir='ltr'><strong>debemus.</strong></span> <span class='ocrx_word' id='word_1_628' title='bbox 2863 4794 3089 4883; x_wconf 48' lang='lat' dir='ltr'><strong>Sl&#39;iidam</strong></span> <span class='ocrx_word' id='word_1_629' title='bbox 3124 4794 3669 4883; x_wconf 19' lang='lat' dir='ltr'><strong>:Eadéouxaio‘s‘dnb</strong></span> 
     </span>
    </p>
   </div>
   <div class='ocr_carea' id='block_1_89' title="bbox 423 4869 1988 4940">
    <p class='ocr_par' dir='ltr' id='par_1_89' title="bbox 423 4869 1988 4940">
     <span class='ocr_line' id='line_1_89' title="bbox 423 4869 1988 4940; baseline 0 -17"><span class='ocrx_word' id='word_1_630' title='bbox 423 4869 540 4926; x_wconf 76' lang='lat' dir='ltr'><strong>fero</strong></span> <span class='ocrx_word' id='word_1_631' title='bbox 573 4869 627 4925; x_wconf 86' lang='lat' dir='ltr'><strong>in</strong></span> <span class='ocrx_word' id='word_1_632' title='bbox 662 4888 719 4925; x_wconf 92' lang='lat' dir='ltr'><strong>re</strong></span> <span class='ocrx_word' id='word_1_633' title='bbox 748 4872 965 4940; x_wconf 85' lang='lat' dir='ltr'><strong>vulgata</strong></span> <span class='ocrx_word' id='word_1_634' title='bbox 997 4869 1199 4938; x_wconf 85' lang='lat' dir='ltr'><strong>aliquid</strong></span> <span class='ocrx_word' id='word_1_635' title='bbox 1232 4869 1347 4924; x_wconf 90' lang='lat' dir='ltr'><strong>non</strong></span> <span class='ocrx_word' id='word_1_636' title='bbox 1388 4869 1535 4923; x_wconf 88' lang='lat' dir='ltr'><strong>omni</strong></span> <span class='ocrx_word' id='word_1_637' title='bbox 1563 4885 1640 4940; x_wconf 77' lang='lat' dir='ltr'><strong>ex</strong></span> <span class='ocrx_word' id='word_1_638' title='bbox 1670 4876 1849 4940; x_wconf 44' lang='lat' dir='ltr'><strong>parte;</strong></span> <span class='ocrx_word' id='word_1_639' title='bbox 1869 4870 1988 4923; x_wconf 87' lang='lat' dir='ltr'><strong>vul-</strong></span> 
     </span>
    </p>
   </div>
   <div class='ocr_carea' id='block_1_90' title="bbox 421 4936 1990 5010">
    <p class='ocr_par' dir='ltr' id='par_1_90' title="bbox 421 4936 1990 5010">
     <span class='ocr_line' id='line_1_90' title="bbox 421 4936 1990 5010; baseline 0 -17"><span class='ocrx_word' id='word_1_640' title='bbox 421 4949 606 5010; x_wconf 75' lang='lat' dir='ltr'><strong>gatum</strong></span> <span class='ocrx_word' id='word_1_641' title='bbox 658 4960 669 4996; x_wconf 87' lang='lat'><strong>:</strong></span> <span class='ocrx_word' id='word_1_642' title='bbox 717 4936 1009 5010; x_wconf 62' lang='lat' dir='ltr'><strong>formulam</strong></span> <span class='ocrx_word' id='word_1_643' title='bbox 1067 4936 1307 4995; x_wconf 73' lang='lat' dir='ltr'><strong>Graecam</strong></span> <span class='ocrx_word' id='word_1_644' title='bbox 1355 4936 1704 5010; x_wconf 85' lang='lat' dir='ltr'><strong>renuntiamli</strong></span> <span class='ocrx_word' id='word_1_645' title='bbox 1749 4936 1990 4993; x_wconf 77' lang='lat' dir='ltr'><strong>Judaicae</strong></span> 
     </span>
    </p>
   </div>
   <div class='ocr_carea' id='block_1_91' title="bbox 425 5008 1990 5082">
    <p class='ocr_par' dir='ltr' id='par_1_91' title="bbox 425 5008 1990 5082">
     <span class='ocr_line' id='line_1_91' title="bbox 425 5008 1990 5082; baseline 0.001 -20"><span class='ocrx_word' id='word_1_646' title='bbox 425 5008 693 5082; x_wconf 80' lang='lat' dir='ltr'><strong>religioni,</strong></span> <span class='ocrx_word' id='word_1_647' title='bbox 717 5008 1173 5082; x_wconf 65' lang='lat' dir='ltr'><strong>Hebraaorumque</strong></span> <span class='ocrx_word' id='word_1_648' title='bbox 1201 5010 1407 5082; x_wconf 77' lang='lat' dir='ltr'><strong>ritibiis</strong></span> <span class='ocrx_word' id='word_1_649' title='bbox 1424 5018 1479 5063; x_wconf 89' lang='lat' dir='ltr'><strong>et</strong></span> <span class='ocrx_word' id='word_1_650' title='bbox 1525 5009 1990 5082; x_wconf 57' lang='lat' dir='ltr'><strong>sec_tis_;ampiiov</strong></span> 
     </span>
    </p>
   </div>
   <div class='ocr_carea' id='block_1_92' title="bbox 424 5078 1995 5150">
    <p class='ocr_par' dir='ltr' id='par_1_92' title="bbox 424 5078 1995 5150">
     <span class='ocr_line' id='line_1_92' title="bbox 424 5078 1995 5150; baseline 0.001 -18"><span class='ocrx_word' id='word_1_651' title='bbox 424 5078 654 5150; x_wconf 71' lang='lat' dir='ltr'><strong>reniilla</strong></span> <span class='ocrx_word' id='word_1_652' title='bbox 692 5096 810 5150; x_wconf 66' lang='lat' dir='ltr'><strong>qua;</strong></span> <span class='ocrx_word' id='word_1_653' title='bbox 846 5078 1410 5150; x_wconf 45' lang='lat' dir='ltr'><strong>habetur—Euchologii</strong></span> <span class='ocrx_word' id='word_1_654' title='bbox 1442 5096 1494 5148; x_wconf 90' lang='lat' dir='ltr'><strong>p.</strong></span> <span class='ocrx_word' id='word_1_655' title='bbox 1526 5078 1650 5133; x_wconf 80' lang='grc'>544.</span> <span class='ocrx_word' id='word_1_656' title='bbox 1687 5078 1813 5150; x_wconf 88' lang='lat' dir='ltr'><strong>Eam</strong></span> <span class='ocrx_word' id='word_1_657' title='bbox 1833 5078 1995 5150; x_wconf 76' lang='lat' dir='ltr'><strong>com-</strong></span> 
     </span>
    </p>
   </div>
   <div class='ocr_carea' id='block_1_93' title="bbox 424 5147 1990 5221">
    <p class='ocr_par' dir='ltr' id='par_1_93' title="bbox 424 5147 1990 5221">
     <span class='ocr_line' id='line_1_93' title="bbox 424 5147 1990 5221; baseline 0.002 -21"><span class='ocrx_word' id='word_1_658' title='bbox 424 5149 679 5221; x_wconf 85' lang='lat' dir='ltr'><strong>plectitur</strong></span> <span class='ocrx_word' id='word_1_659' title='bbox 705 5147 872 5221; x_wconf 69' lang='lat' dir='ltr'><strong>codex</strong></span> <span class='ocrx_word' id='word_1_660' title='bbox 896 5149 1096 5221; x_wconf 73' lang='lat' dir='ltr'><strong>Regius</strong></span> <span class='ocrx_word' id='word_1_661' title='bbox 1126 5151 1283 5206; x_wconf 74' lang='grc'><strong>1818.</strong></span> <span class='ocrx_word' id='word_1_662' title='bbox 1311 5147 1381 5190; x_wconf 61' lang='grc' dir='ltr'><strong>-ξ-</strong></span> <span class='ocrx_word' id='word_1_663' title='bbox 1402 5147 1592 5221; x_wconf 65' lang='lat' dir='ltr'><strong>Esstat</strong></span> <span class='ocrx_word' id='word_1_664' title='bbox 1612 5164 1741 5204; x_wconf 85' lang='lat' dir='ltr'><strong>vero</strong></span> <span class='ocrx_word' id='word_1_665' title='bbox 1763 5147 1990 5221; x_wconf 73' lang='lat' dir='ltr'><strong>infrain</strong></span> 
     </span>
    </p>
   </div>
   <div class='ocr_carea' id='block_1_94' title="bbox 425 5218 1989 5343">
    <p class='ocr_par' dir='ltr' id='par_1_94' title="bbox 425 5218 1989 5343">
     <span class='ocr_line' id='line_1_94' title="bbox 425 5218 1989 5343; baseline 0.001 -72"><span class='ocrx_word' id='word_1_666' title='bbox 425 5218 657 5343; x_wconf 55' lang='lat' dir='ltr'><strong>Appemé.</strong></span> <span class='ocrx_word' id='word_1_667' title='bbox 706 5218 941 5273; x_wconf 81' lang='lat' dir='ltr'><strong>Monum.</strong></span> <span class='ocrx_word' id='word_1_668' title='bbox 981 5218 1079 5278; x_wconf 73' lang='lat' dir='ltr'><strong>bis</strong></span> <span class='ocrx_word' id='word_1_669' title='bbox 1144 5221 1408 5292; x_wconf 84' lang='lat' dir='ltr'><strong>Recognit.</strong></span> <span class='ocrx_word' id='word_1_670' title='bbox 1475 5219 1629 5275; x_wconf 85' lang='lat' dir='ltr'><strong>libris</strong></span> <span class='ocrx_word' id='word_1_671' title='bbox 1697 5219 1940 5288; x_wconf 63' lang='lat' dir='ltr'><strong>subjecta</strong></span> <span class='ocrx_word' id='word_1_672' title='bbox 1972 5258 1989 5284; x_wconf 92' lang='lat'><strong>,</strong></span> 
     </span>
     <span class='ocr_line' id='line_1_95' title="bbox 425 5305 662 5343; baseline 0.004 -1"><span class='ocrx_word' id='word_1_673' title='bbox 425 5305 574 5343; x_wconf 89' lang='lat' dir='ltr'><strong>num.</strong></span> <span class='ocrx_word' id='word_1_674' title='bbox 651 5330 662 5343; x_wconf 95' lang='lat'><strong>.</strong></span> 
     </span>
    </p>
   </div>
   <div class='ocr_carea' id='block_1_95' title="bbox 424 5305 662 5343">
    <p class='ocr_par' dir='ltr' id='par_1_95' title="bbox 424 5305 662 5343">
     <span class='ocr_line' id='line_1_96' title="bbox 424 5305 662 5343; baseline 0.004 -1"><span class='ocrx_word' id='word_1_675' title='bbox 424 5305 574 5343; x_wconf 87' lang='lat' dir='ltr'><strong>num.</strong></span> <span class='ocrx_word' id='word_1_676' title='bbox 609 5305 662 5343; x_wconf 76' lang='grc' dir='ltr'><strong>Ζ.</strong></span> 
     </span>
    </p>
   </div>
   <div class='ocr_carea' id='block_1_96' title="bbox 497 5356 1993 5428">
    <p class='ocr_par' dir='ltr' id='par_1_96' title="bbox 497 5356 1993 5428">
     <span class='ocr_line' id='line_1_97' title="bbox 497 5356 1993 5428; baseline 0 -15"><span class='ocrx_word' id='word_1_677' title='bbox 497 5357 608 5428; x_wconf 81' lang='grc'>(45)</span> <span class='ocrx_word' id='word_1_678' title='bbox 651 5356 717 5412; x_wconf 90' lang='lat' dir='ltr'><strong>Ut</strong></span> <span class='ocrx_word' id='word_1_679' title='bbox 746 5360 948 5413; x_wconf 66' lang='lat' dir='ltr'><strong>cancris</strong></span> <span class='ocrx_word' id='word_1_680' title='bbox 967 5359 1238 5428; x_wconf 71' lang='lat' dir='ltr'><strong>justiores.</strong></span> <span class='ocrx_word' id='word_1_681' title='bbox 1282 5359 1492 5415; x_wconf 89' lang='lat' dir='ltr'><strong>Allusio</strong></span> <span class='ocrx_word' id='word_1_682' title='bbox 1516 5359 1581 5412; x_wconf 90' lang='lat' dir='ltr'><strong>ad</strong></span> <span class='ocrx_word' id='word_1_683' title='bbox 1606 5372 1800 5413; x_wconf 91' lang='lat' dir='ltr'><strong>nomen</strong></span> <span class='ocrx_word' id='word_1_684' title='bbox 1865 5357 1993 5413; x_wconf 81' lang='lat' dir='ltr'><strong>Hie-</strong></span> 
     </span>
    </p>
   </div>
   <div class='ocr_carea' id='block_1_97' title="bbox 423 5429 1992 5499">
    <p class='ocr_par' dir='ltr' id='par_1_97' title="bbox 423 5429 1992 5499">
     <span class='ocr_line' id='line_1_98' title="bbox 423 5429 1992 5499; baseline 0.001 -17"><span class='ocrx_word' id='word_1_685' title='bbox 423 5444 710 5499; x_wconf 76' lang='lat' dir='ltr'><strong>ronymus,</strong></span> <span class='ocrx_word' id='word_1_686' title='bbox 746 5429 847 5483; x_wconf 91' lang='lat' dir='ltr'><strong>sub</strong></span> <span class='ocrx_word' id='word_1_687' title='bbox 884 5429 1045 5499; x_wconf 79' lang='lat' dir='ltr'><strong>linem</strong></span> <span class='ocrx_word' id='word_1_688' title='bbox 1092 5430 1215 5486; x_wconf 91' lang='lat' dir='ltr'><strong>libri</strong></span> <span class='ocrx_word' id='word_1_689' title='bbox 1253 5448 1316 5485; x_wconf 89' lang='grc' dir='ltr'><strong>ιιι</strong></span> <span class='ocrx_word' id='word_1_690' title='bbox 1388 5429 1897 5486; x_wconf 79' lang='lat' dir='ltr'><strong>Commentariorum</strong></span> <span class='ocrx_word' id='word_1_691' title='bbox 1937 5429 1992 5484; x_wconf 86' lang='lat' dir='ltr'><strong>in</strong></span> 
     </span>
    </p>
   </div>
   <div class='ocr_carea' id='block_1_98' title="bbox 425 5498 1992 5570">
    <p class='ocr_par' dir='ltr' id='par_1_98' title="bbox 425 5498 1992 5570">
     <span class='ocr_line' id='line_1_99' title="bbox 425 5498 1992 5570; baseline 0.001 -18"><span class='ocrx_word' id='word_1_692' title='bbox 425 5498 737 5552; x_wconf 68' lang='lat' dir='ltr'><strong>Matthaeum</strong></span> <span class='ocrx_word' id='word_1_693' title='bbox 786 5513 803 5550; x_wconf 90' lang='lat'><strong><em>:</em></strong></span> <span class='ocrx_word' id='word_1_694' title='bbox 853 5498 1147 5570; x_wconf 56' lang='lat' dir='ltr'><strong>&#39;Sadduca&#39;i</strong></span> <span class='ocrx_word' id='word_1_695' title='bbox 1200 5510 1373 5556; x_wconf 86' lang='lat' dir='ltr'><strong>autem</strong></span> <span class='ocrx_word' id='word_1_696' title='bbox 1433 5501 1522 5570; x_wconf 89' lang='lat' dir='ltr'><strong>qui</strong></span> <span class='ocrx_word' id='word_1_697' title='bbox 1579 5501 1992 5570; x_wconf 58' lang='lat' dir='ltr'><strong>interpretantur</strong></span> 
     </span>
    </p>
   </div>
   <div class='ocr_carea' id='block_1_99' title="bbox 410 5567 1989 5641">
    <p class='ocr_par' dir='ltr' id='par_1_99' title="bbox 410 5567 1989 5641">
     <span class='ocr_line' id='line_1_100' title="bbox 410 5567 1989 5641; baseline -0.001 -19"><span class='ocrx_word' id='word_1_698' title='bbox 410 5570 571 5641; x_wconf 81' lang='lat' dir='ltr'><strong>justi,</strong></span> <span class='ocrx_word' id='word_1_699' title='bbox 597 5578 644 5621; x_wconf 85' lang='lat' dir='ltr'><strong>et</strong></span> <span class='ocrx_word' id='word_1_700' title='bbox 665 5570 767 5636; x_wconf 86' lang='lat' dir='ltr'><strong>ipsi</strong></span> <span class='ocrx_word' id='word_1_701' title='bbox 796 5568 1131 5641; x_wconf 65' lang='lat' dir='ltr'><strong>uindicabant</strong></span> <span class='ocrx_word' id='word_1_702' title='bbox 1156 5571 1255 5641; x_wconf 84' lang='lat' dir='ltr'><strong>sibi</strong></span> <span class='ocrx_word' id='word_1_703' title='bbox 1294 5567 1568 5641; x_wconf 69' lang='lat' dir='ltr'><strong>quodnon</strong></span> <span class='ocrx_word' id='word_1_704' title='bbox 1596 5567 1989 5641; x_wconf 23' lang='lat' dir='ltr'><strong>erantnTheo-</strong></span> 
     </span>
    </p>
   </div>
   <div class='ocr_carea' id='block_1_100' title="bbox 424 5637 1986 5710">
    <p class='ocr_par' dir='ltr' id='par_1_100' title="bbox 424 5637 1986 5710">
     <span class='ocr_line' id='line_1_101' title="bbox 424 5637 1986 5710; baseline -0.001 -19"><span class='ocrx_word' id='word_1_705' title='bbox 424 5638 818 5710; x_wconf 3' lang='lat' dir='ltr'><strong>phylactusgad</strong></span> <span class='ocrx_word' id='word_1_706' title='bbox 842 5637 1037 5710; x_wconf 74' lang='lat' dir='ltr'><strong>Matth.</strong></span> <span class='ocrx_word' id='word_1_707' title='bbox 1073 5640 1240 5710; x_wconf 71' lang='lat' dir='ltr'><strong>tit,_7,</strong></span> <span class='ocrx_word' id='word_1_708' title='bbox 1279 5637 1348 5694; x_wconf 82' lang='lat' dir='ltr'><strong>De</strong></span> <span class='ocrx_word' id='word_1_709' title='bbox 1394 5638 1753 5710; x_wconf 61' lang='lat' dir='ltr'><strong>Sadducteis;</strong></span> <span class='ocrx_word' id='word_1_710' title='bbox 1781 5639 1986 5710; x_wconf 86' lang='grc' dir='ltr'><strong>Ἑρμη-</strong></span> 
     </span>
    </p>
   </div>
   <div class='ocr_carea' id='block_1_101' title="bbox 419 5708 1987 5780">
    <p class='ocr_par' dir='ltr' id='par_1_101' title="bbox 419 5708 1987 5780">
     <span class='ocr_line' id='line_1_102' title="bbox 419 5708 1987 5780; baseline -0.001 -19"><span class='ocrx_word' id='word_1_711' title='bbox 419 5708 769 5780; x_wconf 17' lang='grc' dir='ltr'><strong>νεύονταινδὲ,</strong></span> <span class='ocrx_word' id='word_1_712' title='bbox 804 5708 1018 5780; x_wconf 69' lang='grc' dir='ltr'><strong>δίκαιοι..</strong></span> <span class='ocrx_word' id='word_1_713' title='bbox 1045 5708 1231 5780; x_wconf 31' lang='grc' dir='ltr'><strong>-Σξδὲκ</strong></span> <span class='ocrx_word' id='word_1_714' title='bbox 1275 5710 1382 5780; x_wconf 84' lang='grc' dir='ltr'><strong>γὰρ</strong></span> <span class='ocrx_word' id='word_1_715' title='bbox 1435 5712 1467 5779; x_wconf 82' lang='grc' dir='ltr'>ὴ</span> <span class='ocrx_word' id='word_1_716' title='bbox 1516 5708 1855 5780; x_wconf 65' lang='grc' dir='ltr'><strong>δικαιοσύνης</strong></span> <span class='ocrx_word' id='word_1_717' title='bbox 1897 5708 1987 5761; x_wconf 77' lang='grc' dir='ltr'><strong>Δι-</strong></span> 
     </span>
    </p>
   </div>
   <div class='ocr_carea' id='block_1_102' title="bbox 422 5777 1990 5850">
    <p class='ocr_par' dir='ltr' id='par_1_102' title="bbox 422 5777 1990 5850">
     <span class='ocr_line' id='line_1_103' title="bbox 422 5777 1990 5850; baseline -0.001 -19"><span class='ocrx_word' id='word_1_718' title='bbox 422 5782 608 5850; x_wconf 67' lang='grc' dir='ltr'>καίους</span> <span class='ocrx_word' id='word_1_719' title='bbox 636 5779 741 5847; x_wconf 71' lang='grc' dir='ltr'><strong>γὰρ</strong></span> <span class='ocrx_word' id='word_1_720' title='bbox 774 5779 998 5850; x_wconf 53' lang='grc' dir='ltr'><strong>ὲᾳυτοὲις</strong></span> <span class='ocrx_word' id='word_1_721' title='bbox 1028 5777 1325 5850; x_wconf 58' lang='grc' dir='ltr'><strong>ῲγόμαζον.</strong></span> <span class='ocrx_word' id='word_1_722' title='bbox 1353 5777 1465 5832; x_wconf 68' lang='grc' dir='ltr'><strong>’Ἣ’</strong></span> <span class='ocrx_word' id='word_1_723' title='bbox 1492 5781 1599 5833; x_wconf 77' lang='grc' dir='ltr'><strong>ἀπὸ</strong></span> <span class='ocrx_word' id='word_1_724' title='bbox 1640 5777 1990 5850; x_wconf 64' lang='grc' dir='ltr'>αἱρεειάρχου</span> 
     </span>
    </p>
   </div>
   <div class='ocr_carea' id='block_1_103' title="bbox 424 5846 1992 5921">
    <p class='ocr_par' dir='ltr' id='par_1_103' title="bbox 424 5846 1992 5921">
     <span class='ocr_line' id='line_1_104' title="bbox 424 5846 1992 5921; baseline 0.003 -22"><span class='ocrx_word' id='word_1_725' title='bbox 424 5849 607 5903; x_wconf 78' lang='grc' dir='ltr'><strong>Σαδὼκ</strong></span> <span class='ocrx_word' id='word_1_726' title='bbox 651 5846 1018 5918; x_wconf 69' lang='grc' dir='ltr'><strong>ὀνομάζονται.</strong></span> <span class='ocrx_word' id='word_1_727' title='bbox 1048 5846 1219 5915; x_wconf 79' lang='lat' dir='ltr'><strong>Unde,</strong></span> <span class='ocrx_word' id='word_1_728' title='bbox 1263 5863 1325 5902; x_wconf 87' lang='lat' dir='ltr'><strong>ac</strong></span> <span class='ocrx_word' id='word_1_729' title='bbox 1354 5864 1417 5904; x_wconf 82' lang='lat' dir='ltr'><strong>ex</strong></span> <span class='ocrx_word' id='word_1_730' title='bbox 1447 5846 1715 5907; x_wconf 67' lang='lat' dir='ltr'><strong>similibus</strong></span> <span class='ocrx_word' id='word_1_731' title='bbox 1755 5846 1992 5921; x_wconf 64' lang='lat' dir='ltr'><strong>Epipha—</strong></span> 
     </span>
    </p>
   </div>
   <div class='ocr_carea' id='block_1_104' title="bbox 2093 4863 3669 4939">
    <p class='ocr_par' dir='ltr' id='par_1_104' title="bbox 2093 4863 3669 4939">
     <span class='ocr_line' id='line_1_105' title="bbox 2093 4863 3669 4939; baseline -0.002 -16"><span class='ocrx_word' id='word_1_732' title='bbox 2093 4871 2279 4923; x_wconf 82' lang='grc' dir='ltr'><strong>τόπου.</strong></span> <span class='ocrx_word' id='word_1_733' title='bbox 2329 4863 3056 4939; x_wconf 28' lang='grc' dir='ltr'><strong>δίιίἰρεβιιιιηᾲπὸ-τρόποιέ,</strong></span> <span class='ocrx_word' id='word_1_734' title='bbox 3088 4884 3120 4919; x_wconf 88' lang='lat' dir='ltr'><strong>a</strong></span> <span class='ocrx_word' id='word_1_735' title='bbox 3166 4863 3414 4939; x_wconf 75' lang='lat' dir='ltr'><strong>moribus.</strong></span> <span class='ocrx_word' id='word_1_736' title='bbox 3472 4864 3669 4939; x_wconf 79' lang='lat' dir='ltr'><strong>Remo-</strong></span> 
     </span>
    </p>
   </div>
   <div class='ocr_carea' id='block_1_105' title="bbox 2092 4934 3664 5002">
    <p class='ocr_par' dir='ltr' id='par_1_105' title="bbox 2092 4934 3664 5002">
     <span class='ocr_line' id='line_1_106' title="bbox 2092 4934 3664 5002; baseline -0.003 -8"><span class='ocrx_word' id='word_1_737' title='bbox 2092 4942 2203 4994; x_wconf 89' lang='lat' dir='ltr'><strong>tior</strong></span> <span class='ocrx_word' id='word_1_738' title='bbox 2222 4947 2305 4994; x_wconf 80' lang='lat' dir='ltr'><strong>est</strong></span> <span class='ocrx_word' id='word_1_739' title='bbox 2334 4934 2642 4992; x_wconf 82' lang='lat' dir='ltr'><strong>emendatio</strong></span> <span class='ocrx_word' id='word_1_740' title='bbox 2674 4934 2883 5002; x_wconf 73' lang='lat' dir='ltr'><strong>Drusii,</strong></span> <span class='ocrx_word' id='word_1_741' title='bbox 2916 4952 2977 4991; x_wconf 87' lang='grc' dir='ltr'><strong>ιιι</strong></span> <span class='ocrx_word' id='word_1_742' title='bbox 3010 4936 3081 4990; x_wconf 79' lang='lat' dir='ltr'><strong>De</strong></span> <span class='ocrx_word' id='word_1_743' title='bbox 3104 4936 3256 4990; x_wconf 83' lang='lat' dir='ltr'><strong>sectis</strong></span> <span class='ocrx_word' id='word_1_744' title='bbox 3274 4934 3586 4988; x_wconf 78' lang='lat' dir='ltr'><strong>Judworum</strong></span> <span class='ocrx_word' id='word_1_745' title='bbox 3609 4938 3664 5001; x_wconf 79' lang='grc' dir='ltr'>ι,</span> 
     </span>
    </p>
   </div>
   <div class='ocr_carea' id='block_1_106' title="bbox 2094 5008 2508 5064">
    <p class='ocr_par' dir='ltr' id='par_1_106' title="bbox 2094 5008 2508 5064">
     <span class='ocr_line' id='line_1_107' title="bbox 2094 5008 2508 5064; baseline -0.007 0"><span class='ocrx_word' id='word_1_746' title='bbox 2094 5011 2204 5064; x_wconf 81' lang='grc' dir='ltr'>ἀπὸ</span> <span class='ocrx_word' id='word_1_747' title='bbox 2232 5008 2508 5063; x_wconf 83' lang='grc' dir='ltr'><strong>Δοσιθέου.</strong></span> 
     </span>
    </p>
   </div>
   <div class='ocr_carea' id='block_1_107' title="bbox 2168 5074 3669 5151">
    <p class='ocr_par' dir='ltr' id='par_1_107' title="bbox 2168 5074 3669 5151">
     <span class='ocr_line' id='line_1_108' title="bbox 2168 5074 3669 5151; baseline -0.002 -17"><span class='ocrx_word' id='word_1_748' title='bbox 2168 5080 2280 5151; x_wconf 83' lang='grc'>(46)</span> <span class='ocrx_word' id='word_1_749' title='bbox 2322 5078 2406 5133; x_wconf 79' lang='lat' dir='ltr'><strong>Ea:</strong></span> <span class='ocrx_word' id='word_1_750' title='bbox 2434 5076 2974 5151; x_wconf 64' lang='lat' dir='ltr'><strong>discipulisloanuis,</strong></span> <span class='ocrx_word' id='word_1_751' title='bbox 3000 5084 3116 5151; x_wconf 73' lang='lat' dir='ltr'><strong>etc.</strong></span> <span class='ocrx_word' id='word_1_752' title='bbox 3150 5074 3397 5151; x_wconf 63' lang='lat' dir='ltr'><strong>Vigilius</strong></span> <span class='ocrx_word' id='word_1_753' title='bbox 3423 5074 3669 5145; x_wconf 86' lang='lat' dir='ltr'><strong>Tapsen-</strong></span> 
     </span>
    </p>
   </div>
   <div class='ocr_carea' id='block_1_108' title="bbox 2098 5145 3663 5216">
    <p class='ocr_par' dir='ltr' id='par_1_108' title="bbox 2098 5145 3663 5216">
     <span class='ocr_line' id='line_1_109' title="bbox 2098 5145 3663 5216; baseline -0.001 -11"><span class='ocrx_word' id='word_1_754' title='bbox 2098 5151 2174 5206; x_wconf 73' lang='lat' dir='ltr'><strong>sis</strong></span> <span class='ocrx_word' id='word_1_755' title='bbox 2208 5145 2319 5205; x_wconf 70' lang='lat' dir='ltr'><strong>lib-</strong></span> <span class='ocrx_word' id='word_1_756' title='bbox 2361 5164 2377 5203; x_wconf 84' lang='grc' dir='ltr'><strong>ι</strong></span> <span class='ocrx_word' id='word_1_757' title='bbox 2407 5145 2591 5203; x_wconf 83' lang='lat' dir='ltr'><strong>contra</strong></span> <span class='ocrx_word' id='word_1_758' title='bbox 2618 5147 2825 5210; x_wconf 82' lang='lat' dir='ltr'><strong>Arium,</strong></span> <span class='ocrx_word' id='word_1_759' title='bbox 2852 5146 3141 5202; x_wconf 84' lang='lat' dir='ltr'><strong>Sabellium</strong></span> <span class='ocrx_word' id='word_1_760' title='bbox 3160 5155 3209 5199; x_wconf 85' lang='lat' dir='ltr'><strong>et</strong></span> <span class='ocrx_word' id='word_1_761' title='bbox 3238 5145 3523 5199; x_wconf 80' lang='lat' dir='ltr'><strong>Pltotiuum</strong></span> <span class='ocrx_word' id='word_1_762' title='bbox 3542 5161 3663 5216; x_wconf 74' lang='lat' dir='ltr'><strong>cap.</strong></span> 
     </span>
    </p>
   </div>
   <div class='ocr_carea' id='block_1_109' title="bbox 2098 5218 3667 5289">
    <p class='ocr_par' dir='ltr' id='par_1_109' title="bbox 2098 5218 3667 5289">
     <span class='ocr_line' id='line_1_110' title="bbox 2098 5218 3667 5289; baseline -0.003 -15"><span class='ocrx_word' id='word_1_763' title='bbox 2098 5222 2207 5276; x_wconf 14' lang='lat'><strong>20&quot;:</strong></span> <span class='ocrx_word' id='word_1_764' title='bbox 2246 5219 2316 5273; x_wconf 80' lang='lat' dir='ltr'><strong>Et</strong></span> <span class='ocrx_word' id='word_1_765' title='bbox 2342 5220 2465 5289; x_wconf 84' lang='lat' dir='ltr'><strong>quia</strong></span> <span class='ocrx_word' id='word_1_766' title='bbox 2500 5218 2653 5272; x_wconf 83' lang='lat' dir='ltr'><strong>multi</strong></span> <span class='ocrx_word' id='word_1_767' title='bbox 2681 5222 2986 5289; x_wconf 83' lang='lat' dir='ltr'><strong>dogmatum</strong></span> <span class='ocrx_word' id='word_1_768' title='bbox 3018 5227 3266 5289; x_wconf 81' lang='lat' dir='ltr'><strong>novorum</strong></span> <span class='ocrx_word' id='word_1_769' title='bbox 3303 5223 3542 5269; x_wconf 80' lang='lat' dir='ltr'><strong>auctam</strong></span> <span class='ocrx_word' id='word_1_770' title='bbox 3570 5231 3667 5269; x_wconf 70' lang='lat' dir='ltr'><strong>ex-</strong></span> 
     </span>
    </p>
   </div>
   <div class='ocr_carea' id='block_1_110' title="bbox 2097 5286 3668 5355">
    <p class='ocr_par' dir='ltr' id='par_1_110' title="bbox 2097 5286 3668 5355">
     <span class='ocr_line' id='line_1_111' title="bbox 2097 5286 3668 5355; baseline -0.003 -11"><span class='ocrx_word' id='word_1_771' title='bbox 2097 5286 2363 5355; x_wconf 67' lang='lat' dir='ltr'><strong>stiterant,</strong></span> <span class='ocrx_word' id='word_1_772' title='bbox 2405 5290 2659 5343; x_wconf 71' lang='lat' dir='ltr'><strong>doctrina:</strong></span> <span class='ocrx_word' id='word_1_773' title='bbox 2708 5286 2971 5341; x_wconf 84' lang='lat' dir='ltr'><strong>obviantes</strong></span> <span class='ocrx_word' id='word_1_774' title='bbox 3023 5286 3354 5355; x_wconf 69' lang='lat' dir='ltr'><strong>apostolicae,</strong></span> <span class='ocrx_word' id='word_1_775' title='bbox 3391 5295 3668 5354; x_wconf 69' lang='lat' dir='ltr'><strong>omnesque</strong></span> 
     </span>
    </p>
   </div>
   <div class='ocr_carea' id='block_1_111' title="bbox 2096 5356 3667 5426">
    <p class='ocr_par' dir='ltr' id='par_1_111' title="bbox 2096 5356 3667 5426">
     <span class='ocr_line' id='line_1_112' title="bbox 2096 5356 3667 5426; baseline -0.003 -11"><span class='ocrx_word' id='word_1_776' title='bbox 2096 5370 2377 5415; x_wconf 76' lang='lat' dir='ltr'><strong>sectatores</strong></span> <span class='ocrx_word' id='word_1_777' title='bbox 2412 5376 2533 5414; x_wconf 87' lang='lat' dir='ltr'><strong>suos</strong></span> <span class='ocrx_word' id='word_1_778' title='bbox 2563 5359 2846 5426; x_wconf 75' lang='lat' dir='ltr'><strong>discipulos</strong></span> <span class='ocrx_word' id='word_1_779' title='bbox 2877 5356 3249 5421; x_wconf 79' lang='lat' dir='ltr'><strong>nominabant,</strong></span> <span class='ocrx_word' id='word_1_780' title='bbox 3269 5372 3360 5411; x_wconf 75' lang='lat' dir='ltr'><strong>nec</strong></span> <span class='ocrx_word' id='word_1_781' title='bbox 3392 5364 3508 5409; x_wconf 82' lang='lat' dir='ltr'><strong>erat</strong></span> <span class='ocrx_word' id='word_1_782' title='bbox 3552 5356 3667 5426; x_wconf 63' lang='lat' dir='ltr'><strong>ulla</strong></span> 
     </span>
    </p>
   </div>
   <div class='ocr_carea' id='block_1_112' title="bbox 2095 5425 3662 5496">
    <p class='ocr_par' dir='ltr' id='par_1_112' title="bbox 2095 5425 3662 5496">
     <span class='ocr_line' id='line_1_113' title="bbox 2095 5425 3662 5496; baseline -0.002 -13"><span class='ocrx_word' id='word_1_783' title='bbox 2095 5433 2322 5485; x_wconf 83' lang='lat' dir='ltr'><strong>nominis</strong></span> <span class='ocrx_word' id='word_1_784' title='bbox 2372 5430 2621 5484; x_wconf 82' lang='lat' dir='ltr'><strong>discretio</strong></span> <span class='ocrx_word' id='word_1_785' title='bbox 2667 5425 2804 5482; x_wconf 77' lang='lat' dir='ltr'><strong>inter</strong></span> <span class='ocrx_word' id='word_1_786' title='bbox 2849 5444 2996 5483; x_wconf 81' lang='lat' dir='ltr'><strong>veros</strong></span> <span class='ocrx_word' id='word_1_787' title='bbox 3040 5426 3306 5496; x_wconf 75' lang='lat' dir='ltr'><strong>falsosque</strong></span> <span class='ocrx_word' id='word_1_788' title='bbox 3350 5425 3662 5496; x_wconf 72' lang='lat' dir='ltr'><strong>discipulos,</strong></span> 
     </span>
    </p>
   </div>
   <div class='ocr_carea' id='block_1_113' title="bbox 2094 5495 3739 5569">
    <p class='ocr_par' dir='ltr' id='par_1_113' title="bbox 2094 5495 3739 5569">
     <span class='ocr_line' id='line_1_114' title="bbox 2094 5495 3739 5569; baseline -0.001 -16"><span class='ocrx_word' id='word_1_789' title='bbox 2094 5502 2199 5557; x_wconf 78' lang='lat' dir='ltr'><strong>sive</strong></span> <span class='ocrx_word' id='word_1_790' title='bbox 2219 5502 2306 5564; x_wconf 79' lang='lat' dir='ltr'><strong>qui</strong></span> <span class='ocrx_word' id='word_1_791' title='bbox 2336 5500 2555 5563; x_wconf 82' lang='lat' dir='ltr'><strong>Christi,</strong></span> <span class='ocrx_word' id='word_1_792' title='bbox 2588 5500 2693 5553; x_wconf 78' lang='lat' dir='ltr'><strong>sive</strong></span> <span class='ocrx_word' id='word_1_793' title='bbox 2720 5499 2810 5569; x_wconf 84' lang='lat' dir='ltr'><strong>qui</strong></span> <span class='ocrx_word' id='word_1_794' title='bbox 2850 5495 3108 5569; x_wconf 73' lang='lat' dir='ltr'><strong>Dosithei,</strong></span> <span class='ocrx_word' id='word_1_795' title='bbox 3138 5495 3255 5569; x_wconf 59' lang='lat' dir='ltr'><strong>siut</strong></span> <span class='ocrx_word' id='word_1_796' title='bbox 3282 5495 3527 5560; x_wconf 71' lang='lat' dir='ltr'><strong>Theodat,</strong></span> <span class='ocrx_word' id='word_1_797' title='bbox 3558 5496 3665 5569; x_wconf 70' lang='lat' dir='ltr'><strong>sive</strong></span> <span class='ocrx_word' id='word_1_798' title='bbox 3738 5536 3739 5539; x_wconf 60' lang='grc' dir='ltr'><strong>η</strong></span> 
     </span>
    </p>
   </div>
   <div class='ocr_carea' id='block_1_114' title="bbox 2089 5566 3666 5641">
    <p class='ocr_par' dir='ltr' id='par_1_114' title="bbox 2089 5566 3666 5641">
     <span class='ocr_line' id='line_1_115' title="bbox 2089 5566 3666 5641; baseline -0.002 -18"><span class='ocrx_word' id='word_1_799' title='bbox 2089 5570 2249 5625; x_wconf 75' lang='lat' dir='ltr'><strong>Judw</strong></span> <span class='ocrx_word' id='word_1_800' title='bbox 2278 5570 2577 5641; x_wconf 86' lang='lat' dir='ltr'><strong>cujusdam,</strong></span> <span class='ocrx_word' id='word_1_801' title='bbox 2611 5566 2917 5641; x_wconf 45' lang='lat' dir='ltr'><strong>sive&#39;etiant</strong></span> <span class='ocrx_word' id='word_1_802' title='bbox 2956 5566 3183 5641; x_wconf 64' lang='lat' dir='ltr'><strong>Joannis</strong></span> <span class='ocrx_word' id='word_1_803' title='bbox 3229 5575 3546 5641; x_wconf 58' lang='lat' dir='ltr'><strong>sectatores,</strong></span> <span class='ocrx_word' id='word_1_804' title='bbox 3574 5568 3666 5638; x_wconf 58' lang='lat' dir='ltr'><strong>qui</strong></span> 
     </span>
    </p>
   </div>
   <div class='ocr_carea' id='block_1_115' title="bbox 2091 5636 3665 5713">
    <p class='ocr_par' dir='ltr' id='par_1_115' title="bbox 2091 5636 3665 5713">
     <span class='ocr_line' id='line_1_116' title="bbox 2091 5636 3665 5713; baseline -0.003 -18"><span class='ocrx_word' id='word_1_805' title='bbox 2091 5658 2147 5713; x_wconf 74' lang='lat' dir='ltr'><strong>se</strong></span> <span class='ocrx_word' id='word_1_806' title='bbox 2182 5636 2709 5713; x_wconf 45' lang='lat' dir='ltr'><strong>quasi&#39;Cliristotita</strong></span> <span class='ocrx_word' id='word_1_807' title='bbox 2759 5639 3089 5713; x_wconf 76' lang='lat' dir='ltr'><strong>membranae</strong></span> <span class='ocrx_word' id='word_1_808' title='bbox 3110 5637 3293 5707; x_wconf 61' lang='lat' dir='ltr'><strong>Regia</strong></span> <span class='ocrx_word' id='word_1_809' title='bbox 3342 5653 3399 5713; x_wconf 66' lang='grc' dir='ltr'>ιι.</span> <span class='ocrx_word' id='word_1_810' title='bbox 3448 5636 3665 5700; x_wconf 49' lang='lat'><strong>358,01</strong></span> 
     </span>
    </p>
   </div>
   <div class='ocr_carea' id='block_1_116' title="bbox 2089 5708 3665 5778">
    <p class='ocr_par' dir='ltr' id='par_1_116' title="bbox 2089 5708 3665 5778">
     <span class='ocr_line' id='line_1_117' title="bbox 2089 5708 3665 5778; baseline -0.004 -11"><span class='ocrx_word' id='word_1_811' title='bbox 2089 5708 2259 5767; x_wconf 80' lang='lat' dir='ltr'><strong>editio</strong></span> <span class='ocrx_word' id='word_1_812' title='bbox 2300 5708 2629 5771; x_wconf 66' lang='lat' dir='ltr'><strong>Cassandrii</strong></span> <span class='ocrx_word' id='word_1_813' title='bbox 2662 5709 2868 5764; x_wconf 82' lang='lat' dir='ltr'><strong>credere</strong></span> <span class='ocrx_word' id='word_1_814' title='bbox 2903 5708 3233 5778; x_wconf 76' lang='lat' dir='ltr'><strong>fatebantur;</strong></span> <span class='ocrx_word' id='word_1_815' title='bbox 3277 5709 3557 5764; x_wconf 75' lang='lat' dir='ltr'><strong>uoluerunt</strong></span> <span class='ocrx_word' id='word_1_816' title='bbox 3604 5716 3665 5761; x_wconf 79' lang='lat' dir='ltr'><strong>ut</strong></span> 
     </span>
    </p>
   </div>
   <div class='ocr_carea' id='block_1_117' title="bbox 2098 5781 3222 5853">
    <p class='ocr_par' dir='ltr' id='par_1_117' title="bbox 2098 5781 3222 5853">
     <span class='ocr_line' id='line_1_118' title="bbox 2098 5781 3222 5853; baseline -0.003 -16"><span class='ocrx_word' id='word_1_817' title='bbox 2098 5801 2200 5839; x_wconf 81' lang='lat' dir='ltr'><strong>uno</strong></span> <span class='ocrx_word' id='word_1_818' title='bbox 2225 5782 2602 5853; x_wconf 77' lang='lat' dir='ltr'><strong>discipulorum</strong></span> <span class='ocrx_word' id='word_1_819' title='bbox 2632 5781 2837 5836; x_wconf 74' lang='lat' dir='ltr'><strong>nomine</strong></span> <span class='ocrx_word' id='word_1_820' title='bbox 2870 5789 3222 5835; x_wconf 73' lang='lat' dir='ltr'><strong>censerentur.</strong></span> 
     </span>
    </p>
   </div>
  </div>
