4000 6266
513 321 652 378 1239

1364 320 1422 375 S.
1459 317 1854 374 CLEMENTIS
1887 315 1907 369 l
1944 316 2110 375 ROM.
2145 318 2348 374 PONT.
2386 318 2615 380 OPERA
2648 318 2873 374 DUBIA.

3608 326 3734 382 ἔξω

509 437 721 493 addidit
762 443 955 492 contra
996 449 1099 492 nos
1127 435 1293 489 etiam
1338 434 1487 498 haec,
1530 434 1677 503 quod
1706 435 1868 489 Jesus
1900 442 2086 493 noster
2115 469 2159 525 Α
2185 435 2361 503 major
2395 436 2482 491 ille
2510 436 2629 495 sine
2660 436 2862 500 dubio.
2896 438 2990 508 qui
3021 445 3076 493 et
3103 438 3371 510 propheta
3408 447 3462 494 et
3500 439 3738 499 Christus

496 545 616 585 non
652 538 798 585 esset
831 529 967 598 ipse,
1013 542 1174 598 quem
1206 525 1419 597 Moyses
1442 527 1764 597 prophetam
1795 534 2083 581 venturum

505 640 629 679 esse
661 622 992 692 prrcdixerit.
1034 619 1339 674 Adversum
1379 620 1526 673 hunc
1558 627 1612 673 et
1636 619 1802 672 alium
1835 620 1928 689 qui
1961 634 2085 673 cum

505 718 629 786 ipso
709 715 824 767 haec
906 711 1095 767 eadem
1179 712 1615 781 prosequebatur
1677 710 1922 769 Zebediei
1990 710 2084 765 filii

503 805 741 861 Jacobus
794 812 848 860 et
898 803 1139 857 Joannes
1186 803 1539 857 vehementer
1588 802 1767 857 obnisi
1817 812 1979 865 sunt,
2032 810 2084 863 et

501 892 754 963 quamvis
811 892 1077 946 haberent
1119 890 1477 956 mandatum,
1533 907 1602 947 ne
1662 890 2085 960 ingrederentur

502 986 752 1040 civitates
774 999 961 1038 eorum
992 999 1168 1053 neque
1200 984 1424 1038 verbum
1457 985 1539 1041 eis
1568 983 1973 1053 praedicationis
2000 982 2084 1035 in-

503 1079 710 1135 ferrent
738 1078 781 1142 ’⁸,
806 1088 986 1130 tamen
1010 1093 1082 1130 ne
1109 1092 1292 1131 sermo
1310 1092 1522 1143 eorum,
1548 1078 1596 1131 si
1628 1076 1944 1131 confutatus
1974 1091 2080 1129 non

500 1180 670 1234 esset,
709 1170 939 1224 aliorum
978 1169 1194 1224 laederet
1226 1167 1418 1232 fidem,
1456 1169 1530 1225 ita
1560 1168 1858 1239 prudenter
1888 1174 1941 1222 et
1969 1166 2081 1221 for-

501 1264 629 1318 titer
691 1262 1135 1331 responderunt,
1188 1268 1247 1314 ut
1307 1268 1628 1331 perpetuum
1673 1262 1756 1315 eis
1803 1259 2080 1315 silentium

500 1355 717 1410 darent.
767 1352 903 1406 Nam
931 1350 1169 1406 Jacobus
1200 1351 1267 1405 de
1302 1353 1709 1410 resurrectione
1738 1361 2081 1409 mortuorum

502 1462 628 1500 cum
659 1446 829 1499 totius
858 1443 1042 1514 populi
1080 1443 1263 1496 favore
1302 1444 1583 1512 peroravit
1618 1484 1632 1508 ,
1673 1441 1912 1503 Joannes
1954 1460 2081 1501 vero

502 1536 780 1599 ostendit,
826 1536 954 1604 quia
987 1534 1032 1589 si
1062 1541 1346 1597 cessarent
1390 1534 1458 1588 ab
1500 1549 1689 1589 errore
1732 1534 1936 1591 montis
1975 1532 2075 1588 Ga-

501 1631 676 1693 rizln,
733 1632 1138 1695 consequenter
1192 1632 1555 1695 agnoscerent
1602 1625 1781 1700 ipsum
1828 1641 1951 1681 esse
1992 1623 2078 1679 Je-

501 1736 659 1783 sum,
690 1720 784 1789 qui
828 1716 1129 1775 secundum
1175 1716 1517 1787 prophetiam
1566 1716 1769 1787 Moysis
1800 1725 2081 1786 exspecta-

2187 537 2303 592 est,
2337 543 2500 603 quam
2534 527 2627 582 ille
2655 528 2748 596 qui
2781 528 2958 582 solum
2992 528 3258 598 propheta
3289 536 3395 583 est.
3430 528 3554 583 Haec
3584 540 3635 585 et
3666 532 3740 588 his

2187 621 2387 675 similia
2421 621 2579 689 plura
2610 627 2938 691 prosecutus
2965 621 3136 675 siluit.
3184 620 3318 674 Post
3347 621 3495 675 hunc
3521 620 3741 678 Jacobus

2185 710 2397 789 Alphaai
2440 725 2749 774 sermonem
2790 708 2921 769 fecit
2965 709 3031 763 ad
3074 712 3372 785 p0pulum,
3418 727 3527 781 quo
3569 724 3739 767 osten-

2184 802 2372 865 deret,
2404 817 2514 855 non
2543 799 2666 855 ideo
2699 800 3033 857 credendum
3064 817 3188 856 esse
3218 799 3349 855 Jesu
3378 841 3393 866 ,
3423 803 3549 871 quia
3587 803 3649 857 de
3687 818 3743 857 eo

2184 895 2463 964 prophetae
2490 893 2842 965 praedixerint
2864 932 2878 956 ,
2910 894 3005 948 sed
3037 892 3161 948 ideo
3207 894 3385 963 magis
3430 893 3740 948 credendum

2183 1003 2306 1042 esse
2336 986 2647 1057 prophetis,
2679 986 2825 1056 quod
2856 1001 2983 1040 vere
3012 986 3288 1056 prophetae
3335 987 3443 1041 sint
3468 1027 3481 1050 ,
3514 987 3633 1055 quia
3672 987 3757 1057 eis,

2182 1078 2559 1137 testimonium
2613 1078 2870 1135 Christus
2922 1077 3135 1133 reddat.
3181 1076 3316 1133 Nam
3368 1078 3652 1147 praesentia
3697 1087 3743 1133 et

2183 1171 2453 1227 adventus
2483 1170 2690 1225 Christi
2742 1171 2868 1227 illos
2897 1187 3025 1227 vere
3066 1170 3365 1241 prophetas
3405 1171 3573 1226 fuisse
3612 1172 3744 1227 desi-

2183 1270 2333 1331 gnat.
2386 1259 2611 1333 Dicebat
2653 1263 2802 1318 enim
2849 1276 2961 1316 non
3005 1261 3072 1315 ab
3123 1259 3482 1314 inferioribus
3529 1260 3742 1329 majori,

2182 1353 2279 1408 sed
2309 1369 2339 1406 a
2370 1355 2577 1424 majore
2624 1354 2979 1417 inferioribus
3029 1353 3151 1407 fidei
3196 1354 3570 1409 testimonium
3614 1352 3739 1407 dari.

2182 1442 2310 1503 Haec
2338 1452 2391 1501 et
2421 1447 2593 1505 multa
2626 1447 2713 1502 his
2743 1446 2943 1501 similia
2984 1452 3313 1516 prosecutus
3335 1484 3350 1509 ,
3398 1444 3564 1498 etiam
3606 1442 3753 1519 Jaco-n

2182 1538 2287 1595 bus
2319 1539 2492 1595 siluit.
2525 1539 2659 1596 Post
2686 1541 2835 1595 hunc
2862 1539 3129 1599 Lebbteus
3160 1541 3420 1611 populum
3464 1540 3626 1610 coepit
3663 1556 3742 1593 ve-

2182 1632 2466 1695 hementer
2496 1649 2727 1707 arguere
2750 1676 2766 1700 ,
2799 1635 2945 1706 quod
2978 1650 3087 1689 non
3116 1635 3404 1689 crederent
3434 1632 3566 1689 Jesu
3590 1634 3632 1697 ⁸,
3660 1633 3743 1703 qui

2182 1725 2263 1779 eis
2301 1733 2511 1780 tantum
2557 1727 2859 1796 profuerit,
2904 1726 3152 1785 docendo
3183 1743 3305 1796 quae
3333 1725 3427 1781 Dei
3474 1735 3631 1789 sunt,
3663 1741 3744 1780 so-

498 1812 660 1870 batur
713 1826 837 1866 esse
887 1816 1158 1874 venturus
1179 1847 1194 1872 ν
1251 1806 1512 1877 quoniam
1562 1806 1782 1877 quidem
1837 1808 1993 1876 signa
2026 1814 2080 1869 et
2111 1833 2153 1887 Β
2182 1809 2346 1865 lando
2376 1812 2608 1868 afﬂictos
2631 1853 2646 1877 ,
2683 1814 2952 1871 medendo
2983 1815 3247 1883 infirmis,
3279 1831 3549 1886 pauperes
3572 1830 3747 1870 conso-

498 1903 780 1974 prodigia,
820 1908 879 1956 ut
916 1900 1045 1958 fecit
1092 1899 1343 1970 Moyses,
1387 1898 1464 1961 ita
1507 1896 1637 1963 fecit
1677 1898 1839 1952 etiam
1880 1896 2075 1961 Jesus,

498 2004 552 2051 et
584 1994 808 2049 dubium
845 2009 953 2047 non
983 2000 1065 2047 est
1093 1992 1226 2062 quin
1256 1988 1556 2049 similitudo
1587 1989 1865 2059 signorum
1900 1989 2079 2059 ipsum

499 2102 623 2142 esse
653 2093 905 2149 testetur,
940 2098 1101 2153 quem
1132 2083 1276 2148 sicut
1324 2096 1383 2137 se
1432 2079 1567 2134 dixit
1604 2095 1727 2134 esse
1764 2086 2076 2145 venturum.

498 2177 623 2232 llaec
654 2184 707 2231 et
738 2176 844 2229 alia
874 2174 1034 2244 plura
1063 2173 1152 2228 his
1185 2172 1385 2228 similia
1418 2172 1703 2241 protestati
1735 2171 1953 2227 siluere.

570 2265 755 2322 LVIII.
795 2265 861 2320 Et
889 2282 1022 2323 ecce
1054 2264 1279 2334 quidam
1312 2263 1379 2318 de
1413 2260 1624 2317 Scribis
1655 2262 1724 2317 de
1758 2260 1939 2315 medio
1973 2276 2076 2329 po-

500 2360 619 2432 puli
651 2358 969 2413 exclamans
1006 2356 1081 2410 ait
1110 2376 1121 2410 :
1154 2353 1316 2418 Jesus
1348 2363 1531 2410 vester
1564 2356 1719 2425 signa
1751 2361 1805 2410 et
1833 2352 2079 2429 prodigia

496 2468 618 2522 quae
660 2452 827 2516 fecit,
875 2458 934 2505 ut
978 2464 1171 2521 magus
1215 2464 1325 2505 non
1359 2456 1418 2509 ut
1450 2448 1718 2527 propheta
1752 2445 1903 2502 fecit.
1939 2445 2079 2501 Huic

496 2541 785 2613 Philippus
808 2541 1161 2597 vehementer
1188 2540 1431 2594 occurrit
1459 2539 1756 2607 ostendens
1775 2580 1790 2604 ,
1821 2539 1948 2609 quia
1976 2539 2079 2605 hac

498 2634 714 2686 ratione
740 2640 1027 2693 accusaret
1054 2632 1219 2697 etiam
1252 2630 1496 2702 Moysen.
1524 2631 1662 2686 Cum
1689 2631 1836 2685 enim
1866 2629 2079 2701 Moyses

498 2728 652 2797 signa
686 2733 740 2780 et
771 2724 1021 2794 prodigia
1058 2724 1250 2780 fecerit
1280 2726 1335 2779 in
1366 2724 1641 2801 Egypto,
1688 2725 1942 2781 similiter
1983 2740 2081 2787 au-

497 2830 605 2877 tem
638 2825 690 2872 et
720 2815 880 2883 Jesus
912 2818 965 2871 in
1012 2815 1198 2881 Judtea
1228 2859 1242 2882 ,
1276 2817 1518 2873 dubitari
1564 2833 1672 2872 non
1708 2817 1912 2887 possit,
1946 2817 2078 2887 quin

498 2909 644 2980 quod
692 2909 759 2965 de
804 2907 931 2965 Jesu
977 2909 1276 2975 diceretur,
1320 2909 1425 2963 hoc
1470 2909 1634 2963 etiam
1663 2908 1730 2962 de
1762 2906 1945 2979 Moyse
1972 2906 2077 2963 dici

496 3001 789 3055 videretur.
823 2999 949 3055 Haec
978 3010 1032 3056 et
1075 3000 1161 3055 his
1205 3001 1405 3055 similia
1452 3000 1610 3071 plura
1637 3006 1974 3067 protestatus
1997 2998 2076 3054 si-

497 3092 600 3147 luit
627 3090 937 3167 Philippus.

2181 1903 2345 1961 lando
2364 1946 2378 1970 ,
2408 1904 2501 1958 sed
2532 1919 2630 1975 pro
2658 1906 2744 1962 his
2775 1906 3031 1965 omnibus
3062 1906 3221 1961 bonis
3252 1907 3378 1961 odia
3406 1916 3738 1976 mortemque

2182 1995 2542 2053 reddiderint.
2588 1996 2715 2053 Haec
2759 2005 2813 2054 et
2852 1999 2942 2054 his
2983 1998 3183 2055 similia
3231 1999 3387 2069 plura
3438 2014 3562 2055 cum
3612 2002 3746 2053 esset

2180 2088 2383 2158 populo
2412 2097 2746 2159 protestatus
2761 2131 2775 2157 ,
2809 2092 2981 2149 siluit.
3396 2088 3410 2100 ⁸

2249 2177 2363 2234 LX.
2403 2179 2471 2235 Et
2499 2196 2629 2236 ecce
2660 2198 2802 2239 unus
2832 2198 2899 2237 ex
2926 2181 3212 2252 discipulis
3252 2179 3481 2237 Joannis
3527 2179 3745 2234 afﬁrma-

2180 2273 2304 2337 bat,
2336 2272 2619 2329 Christum
2662 2272 2930 2330 Joannem
2977 2274 3185 2339 fuisse,
3218 2280 3273 2329 et
3304 2288 3411 2327 non
3443 2271 3629 2326 Jesum
3655 2288 3669 2336 ;
3698 2270 3744 2323 in

2180 2369 2434 2428 tantum,
2465 2363 2684 2433 inquit,
2719 2372 2779 2421 ut
2819 2372 2875 2420 et
2914 2364 3031 2434 ipse
3078 2363 3241 2419 Jesus
3284 2363 3545 2417 omnibus
3593 2360 3747 2414 homi-

2179 2451 2345 2508 nibus
2391 2459 2445 2508 et
2489 2453 2773 2522 prophetis
2820 2453 3084 2522 majorem
3140 2468 3264 2508 esse
3315 2448 3745 2521 pronuntiaverit

2179 2540 2444 2597 Joannem
2478 2543 2519 2599 ⁸.
2561 2541 2616 2597 Si
2652 2559 2782 2614 ergo
2814 2584 2828 2608 ,
2862 2544 3076 2614 inquit,
3110 2544 3286 2613 major
3330 2549 3414 2596 est
3455 2542 3739 2602 omnibus,

2182 2632 2303 2687 sine
2333 2633 2502 2687 dubio
2532 2640 2586 2695 et
2616 2632 2799 2706 Moyse
2843 2643 2897 2689 et
2942 2636 3061 2706 ipso
3092 2632 3222 2688 Jesu
3267 2630 3444 2699 major
3474 2630 3742 2684 habendus

2179 2734 2283 2781 est.
2304 2725 2457 2797 Quod
2478 2726 2523 2782 si
2542 2726 2786 2781 omnium
2810 2726 3105 2797 majorest,
3124 2726 3239 2795 ipse
3264 2731 3348 2779 est
3374 2723 3651 2778 Christus.
3674 2721 3741 2775 Ad

2180 2816 2295 2885 haec
2330 2816 2634 2883 Cananaeus
2667 2816 2855 2881 Simon
2894 2816 3233 2893 respondens
3254 2856 3271 2881 ,
3320 2814 3561 2870 asseruit
3591 2813 3743 2867 Joan-

2179 2925 2303 2965 nem
2335 2909 2597 2978 majorem
2644 2909 2863 2979 quidem
2915 2909 3087 2965 fuisse
3138 2904 3395 2963 omnibus
3440 2906 3738 2976 prophetis,

2177 3009 2233 3055 et
2279 3002 2538 3061 omnibus
2591 3003 2686 3074 qui
2737 3009 2867 3058 sunt
2913 3002 3009 3059 filii
3053 3003 3380 3065 mulierum,
3422 2988 3535 3054 non
3579 3009 3741 3053 tamen

2178 3092 2441 3162 majorem
2473 3109 2596 3148 esse
2626 3091 2765 3147 Filio
2795 3093 3058 3149 hominis.
3091 3092 3157 3157 Et
3188 3092 3312 3147 ideo
3339 3090 3503 3146 Jesus
3533 3084 3759 3161 quidem'

567 3184 704 3240 LIX.
732 3183 1047 3240 Pharisaeus
1079 3193 1260 3240 autem
1287 3184 1509 3254 quidam
1544 3182 1775 3237 audiens
1806 3184 1953 3247 haec,
1987 3184 2073 3237 in-
2098 3186 2141 3243 C
2175 3192 2230 3240 et
2260 3183 2517 3243 Christus
2548 3191 2629 3239 est
2655 3223 2671 3249 ,
2706 3182 2946 3241 Joannes
2970 3199 3102 3239 vero
3133 3184 3311 3238 solum
3354 3182 3617 3253 propheta
3640 3218 3654 3244 ,
3694 3185 3739 3232 et

496 3277 791 3333 simulabat
822 3276 1168 3351 Philippum,
1200 3274 1345 3345 quod
1378 3272 1602 3345 Moysen
1635 3273 1897 3344 aequalem
1928 3272 2076 3345 dice-

495 3376 580 3424 ret
601 3368 755 3439 Jesu.
781 3369 881 3424 Cui
906 3368 1339 3422 Bartholomaeus
1366 3365 1724 3435 respondens,
1755 3351 2077 3421 constanter

495 3461 747 3528 edocuit,
780 3461 909 3532 quia
940 3476 1050 3517 non
1080 3460 1317 3514 dicimus
1355 3457 1541 3524 Jesum
1590 3458 1765 3517 solum
1808 3458 2073 3529 aequalem

497 3549 705 3621 Moysi,
750 3551 844 3607 sed
893 3551 1199 3620 majorem;
1246 3550 1375 3621 quia
1419 3549 1633 3621 Moyses
1674 3550 1894 3621 quidem
1940 3565 2071 3622 pro-

495 3644 657 3713 pheta
703 3642 841 3717 fuit,
889 3642 1033 3715 quod
1082 3642 1187 3696 fuit
1232 3650 1285 3698 et
1322 3642 1520 3709 Jesus,
1554 3642 1701 3714 quod
1740 3651 1920 3698 autem
1969 3642 2073 3697 fuit

494 3735 655 3799 Jesus
675 3776 689 3801 ,
729 3736 938 3808 Moyses
967 3752 1076 3790 non
1111 3735 1251 3800 fuit,
1285 3736 1390 3791 hoc
1418 3744 1503 3791 est
1536 3735 1789 3801 Christus
1811 3774 1827 3798 ,
1860 3743 1915 3790 et
1946 3736 2073 3792 ideo,

2180 3284 2395 3332 tantum
2427 3277 2660 3332 interest
2692 3278 2838 3332 inter
2868 3276 3046 3350 ipsum
3090 3286 3144 3331 et
3184 3274 3371 3330 Jesum
3406 3274 3553 3346 (47),
3586 3285 3740 3342 quan-

2181 3380 2295 3424 tum
2328 3369 2471 3424 inter
2500 3383 2897 3438 praecursorem
2930 3375 2984 3423 et
3012 3383 3137 3422 eum
3169 3367 3258 3421 cui
3290 3365 3665 3436 praecurritur,
3693 3367 3740 3415 et

2180 3471 2444 3533 quantum
2478 3462 2623 3515 inter
2648 3476 2772 3516 eum
2803 3460 2895 3532 qui
2928 3461 3098 3529 legem
3145 3459 3237 3513 dat
3278 3467 3331 3513 et
3372 3473 3499 3512 eum
3546 3457 3635 3526 qui
3678 3454 3740 3505 le-

2179 3568 2300 3623 gem
2334 3561 2533 3606 servat.
2587 3549 2714 3605 Haec
2750 3560 2806 3605 et
2847 3551 2935 3605 his
2980 3550 3180 3605 similia
3227 3555 3556 3618 prosecutus
3604 3544 3738 3601 siluit

2178 3642 2344 3696 etiam
2377 3640 2706 3697 Cananaaus.
2746 3639 2878 3696 Post
2906 3656 3067 3711 quem
3099 3638 3379 3693 Barnabas
3416 3638 3510 3708 qui
3543 3646 3595 3691 et
3625 3633 3737 3687 Mat.

2176 3733 2322 3789 thias
2350 3733 2494 3805 (48),
2528 3733 2621 3809 qui
2654 3734 2709 3789 in
2738 3734 2918 3801 locum
2964 3732 3115 3795 Judte
3165 3732 3495 3801 subrogatus
3522 3739 3603 3786 cst
3629 3741 3737 3796 ap0'

562 3852 583 3876 ’δ
625 3846 809 3912 Matth.
842 3864 897 3911 ι,
930 3847 982 3901 5.
1054 3846 1073 3876 ⁸
1113 3844 1275 3914 l_bid.,
1298 3846 1355 3913 5,
1384 3846 1438 3899 in
1470 3845 1679 3911 Grazco.
1755 3845 1776 3877 ⁸
1812 3844 2002 3899 Matth.
2030 3861 2107 3908 χι,
2138 3844 2193 3910 9,
2226 3845 2313 3909 11.

1794 3997 2162 4055 COTELERII
2223 3997 2455 4053 NOTAE.

568 4140 680 4210 (47)
722 4140 951 4205 Tantum
979 4142 1191 4194 interest
1228 4142 1365 4193 inter
1397 4139 1569 4208 ipsum
1612 4147 1663 4190 et
1708 4136 1913 4210 Jesum.
1955 4136 2066 4210 Be-

496 4207 603 4266 fert
624 4210 1051 4283 ChristOphorus
1085 4210 1322 4283 sandius
1352 4210 1407 4283 in
1419 4207 1673 4283 tractatu
1706 4207 1784 4261 De
1807 4208 2063 4283 ueteribus

496 4278 1257 4350 scriptoribusecclesiasticis,
1292 4278 1545 4349 subjungi
1578 4278 1647 4350 in_
1676 4294 1781 4335 ms.
1816 4278 2065 4333 Bodleia—

496 4348 875 4422 no,rquantum
905 4354 1040 4405 inter
1084 4352 1265 4407 stellas
1307 4361 1354 4407 et
1388 4348 1569 4404 solem.
1617 4348 1747 4414 Quae
1790 4350 1988 4405 absunt
2034 4364 2063 4401 a

497 4423 656 4477 libris
684 4424 845 4477 editis
872 4431 925 4477 ct
953 4440 982 4476 a
1016 4424 1220 4477 nostris
1250 4422 1532 4476 codicibus
1567 4440 1579 4473 :
1609 4429 1771 4474 recte.

2174 4139 2342 4192 ctitur
2374 4139 2490 4193 btet:
2519 4139 2667 4193 velut
2700 4138 2756 4190 ὃ.
2794 4136 3080 4206 Epiphanii
3125 4141 3292 4192 codex
3315 4135 3518 4206 Regius
3564 4130 3689 4206 1026
3717 4150 3727 4183 ;

2188 4208 2440 4272 Ἰάκωϐος
2467 4212 2495 4262 ὁ
2524 4202 2853 4277 ὲπικληῢεὶξ
2871 4202 3145 4271 Θαῶαῐος,
3176 4202 3521 4274 ἁδελφὸςθτοῦ
3546 4202 3729 4277 Κορίου

2173 4280 2461 4350 γενόμενος
2491 4279 2552 4332 τὸ
2584 4274 2724 4350 κατᾷ
2758 4278 2953 4350 σάρκα.
2992 4279 3085 4340 Ὃς
3113 4277 3216 4350 καὶ.
3249 4278 3463 4350 πρῶτος
3495 4277 3550 4326 ἐν
3601 4274 3731 4350 Ἰερο-

2175 4343 2428 4420 ἁολύμοις
2457 4349 2764 4417 κατεστάθη
2805 4343 3098 4420 ἐπίσκοπος
3130 4348 3235 4420 ὑπὸ
3271 4343 3378 4399 ’ἐῶν
3418 4343 3725 4420 ἀῃοσῖόξων.

2174 4414 2505 4489 Προῴάσεως
2544 4420 2599 4472 δὲ
2625 4414 2921 4489 γενομένης
2954 4414 3280 4489 ζητημάτων
3311 4420 3422 4489 τοῖς
3462 4414 3728 4489 Ἰουδαίοις,

571 4494 683 4561 (48)
723 4492 1026 4555 Barnabas,
1082 4494 1171 4562 qui
1217 4501 1266 4546 et
1309 4491 1584 4544 Matt/tias.
1633 4489 1768 4544 Cod.
1814 4488 1880 4543 Β.
1923 4495 1977 4543 et
2003 4488 2066 4541 P.

571 4564 793 4609 iurabas-
844 4565 896 4609 in
942 4564 1127 4609 Carm-
1188 4562 1510 4609 Rarmbbas-
1551 4561 1607 4609 in
1646 4559 1805 4609 Sorh-
1864 4569 2066 4609 autem.

2178 4481 2339 4553 λίῦοίς
2367 4493 2466 4543 ὑπ’
2487 4481 2674 4543 αὐτῶν
2708 4481 2924 4609 pigeat;
2956 4481 3217 4567 ὲυέοιμήθη
3260 4489 3316 4540 ἐν
3376 4481 3727 4565 Ἰερουσαλὴμ,

2178 4562 2267 4609 καὶ
2300 4563 2416 4609 ἐκεῖ
2442 4560 2613 4609 ἐτάφη
2645 4560 2790 4609 πλησ
2813 4575 2871 4609 ον
2906 4575 2999 4609 του
3039 4558 3209 4609 τάφου
3239 4558 3346 4609 τῶν
3383 4556 3567 4609 ἱερέων
3602 4564 3703 4602 ενοο

498 4559 793 4627 Βάτδὰὸαε,
844 4565 898 4616 in
942 4559 1127 4618 Carm.
1185 4562 1510 4624 Barsabbas,
1551 4561 1607 4613 in
1646 4559 1805 4614 Sorb.
1864 4569 2066 4620 autem,

497 4634 778 4687 Barnabas
804 4649 928 4687 eum
976 4650 1038 4689 sa
1079 4648 1242 4703 supra
1272 4650 1360 4687 na.
1395 4634 1555 4703 Certe
1598 4631 1852 4703 vicinitas
1884 4628 2073 4703 nomie

498 4721 630 4759 num
661 4704 922 4758 Barnaba:
940 4712 995 4757 et
1028 4698 1301 4765 Barsabaz,
1338 4702 1516 4755 fraudi
1556 4716 1700 4772 saepe
1731 4700 1831 4753 fuit
1858 4698 2068 4772 indili-

498 4775 839 4843 gentior-ibus
868 4775 1131 4828 librorum
1163 4769 1763 4843 exscriptoribusQImo
1793 4769 2071 4843 arbitran-

499 4840 590 4899 tur
632 4846 773 4914 apud
808 4844 1006 4899 Bedam
1054 4844 1321 4907 nonnulli,
1350 4840 1820 4914 ’Pauli_collegam
1850 4840 1917 4894 de
1963 4854 2075 4907 quo

497 4917 621 4970 Act.
660 4910 733 4977 iv,
767 4915 857 4977 56,
898 4930 1025 4971 esse
1058 4930 1181 4967 eum
1221 4914 1314 4983 qui
1344 4929 1469 4966 cum
1501 4910 1723 4983 Matthia
1754 4910 1819 4983 ad
1852 4918 2073 4983 aposto-

500 4991 643 5040 latus
679 4995 881 5039 sortem
913 4994 996 5039 est
1035 4980 1296 5047 statutus,
1323 4983 1443 5037 Act.
1483 4998 1520 5045 ι,
1548 4982 1641 5046 25,
1675 4980 2071 5035 confundentes

498 5056 805 5111 Barnabam
840 5071 963 5109 cum
993 5054 1269 5126 Barsaba;
1305 5053 1609 5126 eo_magis,
1647 5052 1871 5126 opinor,
1924 5049 2070 5119 quod

500 5136 730 5196 uterque
759 5126 1040 5181 diceretur
1067 5123 1352 5196 Joses_$eu
1374 5123 1574 5193 Joseph
1602 5140 1614 5176 :
1646 5123 1903 5196 illamque
1934 5135 2069 5196 _s_en-

498 5188 723 5252 tentiam
762 5197 934 5265 rejicil
968 5211 1185 5265 quoque
1231 5194 1289 5250 S.
1331 5188 1890 5265 Clirysostmnus._}\t
1934 5188 2071 5265 Mat-

498 5269 626 5323 thiae
649 5262 837 5322 datum
877 5262 1047 5322 fuisse
1093 5262 1290 5320 nomen
1336 5262 1597 5320 Barnaba:
1642 5270 1736 5317 aut
1791 5262 2066 5323 Barsabaz,

499 5340 602 5394 hoc
634 5339 898 5392 duntaxat
925 5339 981 5392 in
1017 5339 1156 5400 loco,
1205 5337 1251 5391 si
1298 5337 1436 5393 bene
1474 5335 1716 5398 memini,
1777 5332 2012 5387 refertur
2052 5349 2067 5385 :

497 5410 956 5481 quemadmodum
982 5409 1049 5464 de
1079 5407 1287 5481 Thema
1332 5407 1479 5460 dicto
1523 5406 1683 5481 etiam
1731 5401 1891 5481 Juda,
1943 5401 2070 5481 uni:

496 5471 622 5535 cum
667 5482 807 5536 forte
853 5488 1031 5535 exstat
1084 5479 1414 5547 impressum
1471 5474 1887 5547 testimonium,_
1926 5471 2068 5547 apud

499 5552 813 5614 Eusebium,
837 5552 982 5604 Hist.
1015 5543 1177 5614 θεία
1205 5550 1299 5604 lib.
1318 5565 1359 5609 ι,
1381 5564 1501 5617 cap.
1526 5548 1627 5601 ult.
1654 5546 1755 5599 Cui
1787 5543 2070 5617 addonht'ec

497 5640 560 5675 ex
592 5608 823 5690 apostoli
855 5620 1077 5674 Thomze
1113 5608 1359 5674 Periodis
1398 5608 1743 5690 ζΑλιεκδότρις.
1774 5608 2067 5690 βοᾱίξῖες.

499 5683 669 5748 ὲ59ίε
704 5692 932 5761 Ἔλαχεν
974 5692 1128 5743 Ἰνδία
1181 5690 1351 5759 Ἰούδᾳ
1386 5689 1557 5758 Θωμᾷ
1591 5687 1670 5756 τῷ
1704 5687 1797 5761 καὶ
1834 5683 2068 5761 ῥιδύμῳ,

498 5775 548 5817 ct
573 5763 731 5832 paulo
755 5752 894 5831 post,
940 5761 1138 5832 Ἰούδαν
1170 5752 1424 5829 ὀνόμάτι;
1452 5752 1707 5832 tutisque,
1750 5754 1948 5808 Ἰούδαν
1978 5752 2071 5832 *ξὺν

502 5823 590 5895 καὶ
620 5823 839 5904 Θωμᾶν.
877 5832 948 5885 De
970 5830 1173 5886 Jacobo
1205 5823 1385 5885 autem
1416 5836 1477 5900 ,ει
1521 5823 1794 5884 Tliaddaeo
1824 5823 2082 5900 complo-~

2172 4552 2267 4639 ζα).
2300 4550 2416 4614 ἐκεῖ
2442 4560 2615 4639 eadem
2645 4550 2888 4639 Ethgiov.
2906 4550 3009 4639 toﬁ‘
3039 4550 3346 4639 ἠέρ’-τῶν
3365 4550 3703 4639 ,ἱερέῳνὶέγᾷξ

2175 4620 2437 4698 ξως.......
2469 4620 2831 4692 Θαδδάἶος’δὲ,
2866 4631 2894 4681 ὁ
2928 4629 3020 4681 καὶ
3043 4620 3327 4698 Λεϐβαῖος,
3356 4629 3384 4678 ὁ
3418 4620 3633 4698 ῥδελ-φὸς
3647 4620 3729 4698 aa-

2172 4690 2285 4768 ἑοῦ]
2316 4705 2344 4755 ὁ
2377 4690 2929 4768 ὲπικληθεὶςλῐούδας
2976 4696 3250 4768 Ἰακώϐου,
3282 4690 3385 4751 etc.
3427 4695 3491 4768 Et
3517 4690 3727 4768 deAJuda

2171 4762 2377 4836 Jacobo
2421 4772 2477 4824 in
2529 4762 2797 4825 Mannelis
2849 4768 3113 4822 (Jomneni
3160 4766 3382 4823 Novella
3448 4767 3514 4821 de
3573 4762 3724 4820 feriis,

2173 4858 2336 4912 quam
2367 4841 2849 4923 edidithintegra'm
2906 4839 3135 4923 carolus
3170 4837 3469 4923 .Labbte'us,
3518 4846 3726 4923 qli‘naeque

2171 4902 2239 4967 ex
2271 4920 2425 4979 parte
2455 4910 2651 4979 legitur
2680 4902 2735 4963 in
2764 4909 2896 4987 lure
2940 4907 3222 4987 Orientali,
3268 4910 3325 4962 in
3361 4906 3492 4960 Jure
3538 4902 3724 4957 Cra-co-

2184 4977 2445 5046 Romano,
2472 4985 2595 5046 post
2627 4975 2911 5046 Synopum
2947 4974 3323 5046 Basilicarum,
3362 4978 3510 5031 acin
3558 4975 3724 5046 Balsa—

2185 5048 2360 5101 monis
2385 5041 2620 5103 SCholiis
2647 5041 2715 5101 a'd
2740 5041 2991 5113 Photiani
3018 5044 3407 5101 Nomocanom‘s
3433 5041 3720 5113 titulu_m_7:

2170 5121 2267 5178 Διὰ
2286 5121 2380 5175 τὸν
2413 5119 2710 5179 ἀπόστολον
2753 5110 2951 5171 Ἰούδαν
2982 5117 3073 5169 τὸν
3095 5118 3190 5170 καὶ
3217 5116 3489 5178 Θαδδαῖον,
3521 5111 3608 5165 καὶ
3634 5108 3724 5159 Λε-

2175 5192 2323 5247 ϐαἰον
2377 5198 2471 5246 aut
2517 5190 2780 5257 Λεϐϐαῖον
2808 5230 2823 5254 ,
2887 5186 2981 5257 καί
3064 5186 3319 5257 Ἰάκωϐον
3343 5228 3379 5257 ,7
3435 5188 3722 5257 quanquam

2186 5261 2437 5317 Ἰακώϐου
2472 5261 2659 5317 forsan
2681 5252 2846 5315 seribi
2880 5252 3093 5328 debeat,
3123 5256 3153 5309 J
3164 5256 3323 5310 udam
3350 5252 3555 5328 Jacobi.

2173 5314 2365 5402 qiuevde
2387 5314 2662 5389 Tliaddaao
2681 5314 3518 5402 Biarsaba,_Chrt'mi_ci_Aferrmdr1

2636 5382 2863 5463 Ᾰξϐαἴος
2884 5401 2913 5451 ό
2933 5382 3253 5469 ’ἐπικληθεὶς
3275 5382 3574 5469 Βοιρσοιϐςιὶηξἐ
3597 5382 3721 5469 ρῳ

2173 5452 2891 5543 .é'i'EéFi'piuin’{subditum
2930 5452 3287 5543 (τιειηείῃοίά
3325 5452 3621 5543 eamea
3645 5452 3722 5543 itlf

2171 5528 2456 5605 Barsaliaz;
2487 5528 2689 5597 eodem'
2710 5528 3012 5609 sensuquo
3044 5539 3112 5594 de
3141 5528 3299 5594 Justo
3336 5528 3530 5609 Ac't._l_.
3559 5528 3644 5609 εἴη
3673 5528 3721 5609 il}

2170 5600 2640 5685 βδτῐεοδιδίηονρ
2672 5611 2811 5685 μετᾲ
2836 5600 3115 5685 Μάτθίρυ,
3160 5610 3249 5685 qui
3303 5624 3419 5663 cum
3461 5600 3677 5685 Μαιιιξξα

2172 5660 2586 5754 amasset;
2615 5660 2819 5754 iam;
2852 5660 3321 5754 sarisam...
3339 5660 3361 5663 ’ί
3384 5667 3650 5750 putaverit
3693 5660 3720 5727 ρ

2172 5755 2480 5830 Βαρσαὸἄς,
2512 5751 2819 5814 Baraabas.’
