4000 6266
318 389 453 444 52H

1535 384 2103 442 BECOGNITIONUM
2137 383 2265 441 LIB.
2302 384 2345 440 1.

3419 387 3560 443 12ιῖ

322 503 538 567 stolus,
572 517 797 559 monere
828 500 1087 572 p0pulum
1122 503 1321 574 cmpit,
1359 518 1425 556 ne
1454 501 1582 555 odio
1623 499 1887 555 haberent
1917 504 1961 561 Α
1992 506 2359 562 mortuorum,
2394 504 2698 552 Samaritas
2733 494 2801 553 de
2850 498 3269 554 consecratione
3298 496 3559 556 Hierusa-

316 594 503 649 Jesum
538 609 713 663 neque
742 592 1185 661 blasphemarent
1213 609 1359 649 eum.
1388 593 1557 645 Multo
1585 592 1729 647 enim
1767 606 1887 645 esse

320 686 561 749 rectius,
608 685 773 739 etiam
826 684 1103 754 ignoranti
1154 685 1240 739 vel
1289 685 1558 739 dubitanti
1611 684 1679 739 de
1719 682 1883 746 Jesu,

320 792 507 831 amare
539 792 659 830 eum
695 792 856 847 quam
887 776 1091 832 odisse.
1121 776 1386 831 Charitati
1418 778 1561 830 enim
1590 776 1731 829 Deus
1757 790 1886 844 pra:-

320 867 485 918 mium
516 865 739 935 posuit,
776 865 919 919 odiis
951 880 1189 937 pmnam.
1224 865 1338 919 I'Ioc
1371 868 1548 936 ipsum
1580 866 1722 919 enim
1747 904 1761 929 ,
1810 864 1890 918 in-

324 957 472 1024 quit,
534 955 681 1025 quod
731 955 1016 1010 Iudaicum
1050 971 1251 1026 corpus
1301 957 1599 1026 assumpsit
1640 966 1695 1011 et
1746 959 1889 1009 inter

318 1044 540 1101 Iudaeos
581 1058 743 1102 natus
788 1055 872 1101 est
905 1088 919 1111 ,
950 1062 1060 1117 quo
1090 1047 1252 1100 modo
1284 1063 1396 1101 non
1427 1048 1686 1102 omnibus
1731 1046 1887 1102 vobis

317 1139 593 1193 incentiva
623 1141 707 1194 sui
739 1140 943 1193 amoris
984 1124 1261 1195 incussit?
1290 1138 1415 1194 Haec
1458 1148 1513 1195 et
1554 1139 1644 1195 his
1688 1139 1886 1196 similia

318 1246 442 1285 cum
476 1239 817 1299 perorasset,
850 1230 1065 1285 dicendi
1097 1230 1256 1284 ﬁnem
1287 1230 1434 1285 fecit.

389 1319 526 1375 LXI.
572 1320 725 1374 Tune
749 1321 984 1393 Caipbas
1012 1322 1313 1377 doctrinam
1343 1320 1474 1377 Jesu
1507 1322 1730 1393 culpare
1760 1328 1852 1376 ten
1875 1352 1887 1362 -

316 1413 489 1475 tabat,
521 1413 708 1468 dicens
733 1428 857 1467 eum
881 1429 970 1469 res
996 1429 1166 1469 vanas
1199 1414 1441 1467 locutum
1474 1433 1486 1468 :
1522 1413 1712 1468 beatds
1739 1413 1885 1467 enim

314 1522 583 1576 pauperes
613 1505 751 1558 dixit
777 1505 821 1569 ⁷,
854 1512 906 1560 et
938 1513 1187 1561 terrenas
1248 1505 1365 1561 fore
1412 1508 1885 1563 remunerationcs

312 1597 586 1673 promisit,
607 1613 671 1651 ac
693 1612 961 1653 summam
983 1598 1227 1654 muneris
1252 1599 1306 1653 in
1330 1604 1545 1653 terrena
1572 1599 1886 1657 haereditate

314 1686 625 1751 constituit,
650 1686 896 1756 cibisque
924 1702 987 1740 ac
1007 1695 1138 1758 potu
1164 1703 1259 1743 eos
1280 1688 1664 1759 quijustitiam
1694 1704 1882 1744 serva-

314 1778 449 1843 rint,
486 1778 738 1847 promisit
758 1794 880 1841 esse
903 1778 1266 1844 saturandos;
1295 1787 1350 1835 et
1378 1780 1466 1835 his
1498 1780 1697 1835 similia
1715 1781 1883 1838 multa

1990 591 2117 653 lem,
2160 606 2268 645 non
2322 597 2502 643 tamen
2548 588 2781 658 ingressi
2832 590 3109 645 civitatem
3157 591 3428 660 ipsorum,
3459 592 3557 647 sed

1987 682 2204 752 publice
2234 681 2594 751 disputantes,
2646 678 2869 736 Scribas
2913 697 3043 736 vero
3072 691 3126 737 et
3156 681 3462 741 Pharisaaos
3493 686 3561 741 de

1988 787 2159 846 regno
2204 774 2494 835 caelorum,
2523 771 2825 841 discipulos
2852 771 3104 834 Joannis,
3136 790 3205 829 ne
3234 776 3555 833 scandalum

1988 873 2306 938 paterentur
2345 865 2401 918 in
2444 861 2675 927 Joanne,
2707 878 2924 919 omnem
2956 879 3087 919 vero
3117 866 3398 936 populum,
3428 870 3557 937 quia

1934 960 1937 963 ⁷
1986 957 2148 1012 Iesus
2197 964 2283 1013 est
2328 956 2584 1012 Christus
2628 962 2887 1010 aeternus.
2935 954 3016 1009 Ad
3064 957 3313 1012 ultimum
3375 968 3556 1015 autem

1987 1047 2176 1102 monui
2207 1062 2323 1111 eos,
2358 1055 2417 1100 ut
2447 1046 2764 1116 priusquam
2793 1046 3246 1116 progrederemur
3275 1049 3342 1103 ad
3368 1059 3560 1123 gentes

1987 1140 2286 1212 praedicare
2314 1139 2396 1194 eis
2426 1138 2757 1208 agnitionem
2801 1136 2897 1192 Dei
2939 1136 3139 1204 Patris,
3169 1140 3273 1211 ipsi
3307 1144 3557 1198 reconci-

1988 1234 2251 1287 liarentur
2274 1230 2383 1286 Deo
2422 1230 2787 1299 suscipientes
2808 1227 3005 1282 Filium
3037 1229 3176 1299 ejus.
3208 1233 3380 1289 Aliter
3408 1235 3555 1291 enim

1987 1325 2138 1379 nullo
2160 1327 2321 1378 modo
2355 1337 2448 1377 eos
2473 1320 2689 1376 ostendi
2722 1335 2882 1390 posse
2913 1321 3134 1387 salvari,
3166 1324 3271 1378 nisi
3298 1340 3397 1395 per
3427 1340 3555 1382 san-

1956 1422 1959 1425 '
1987 1413 2061 1466 cti
2086 1410 2327 1482 Spiritus
2358 1411 2588 1482 gratiam
2618 1410 2775 1463 trina:
2812 1409 3178 1468 invocationis
3211 1413 3343 1468 dilui
3374 1416 3555 1487 bapti-

1986 1510 2160 1556 smate
2185 1507 2561 1570 properarent,
2596 1508 2648 1554 ct
2675 1499 3072 1556 Eucharisuam
3103 1501 3307 1559 Christi
3340 1505 3555 1564 Domini

1988 1592 2321 1656 sumerent“,
2353 1592 2442 1646 cui
2483 1591 2607 1657 soli,
2640 1590 2707 1645 de
2736 1591 2819 1646 his
2849 1608 2969 1661 qua:
2997 1593 3182 1648 docuit
3220 1598 3442 1654 credere
3464 1600 3556 1656 de.

1988 1682 2198 1746 herent,
2238 1689 2298 1736 ut
2330 1682 2410 1736 sic
2434 1690 2693 1736 aeternam
2718 1682 2948 1737 salutem
2978 1686 3239 1755 consequi
3280 1704 3558 1745 mereren-

1989 1781 2100 1840 tur,
2130 1774 2289 1829 aliter
2334 1789 2465 1829 vero
2507 1773 2850 1844 impossibile
2902 1790 3127 1845 prorsus
3158 1792 3281 1833 esse
3308 1784 3560 1838 reconci-

314 1869 572 1924 docuisse
622 1870 1068 1939 deprehenditur,
1101 1871 1202 1927 Cui
1259 1870 1498 1928 Thomas
1545 1872 1884 1943 respondens
1915 1841 1960 1900 Β
1989 1867 2111 1921 liari
2143 1883 2239 1922 eos
2260 1865 2391 1932 Deo,
2417 1866 2658 1922 etiamsi
2689 1867 2833 1922 mille
2855 1864 2905 1922 ei
2935 1872 3079 1936 aras,
3099 1876 3152 1924 et
3187 1871 3380 1926 altaria
3410 1875 3559 1931 mille
3652 1892 3656 1907 ν

313 1962 496 2032 arguit
521 1978 643 2016 eum
673 1961 879 2019 frustra
898 1972 1237 2029 causantem,
1263 1963 1581 2030 ostendens,
1603 1966 1732 2035 quia
1751 1981 1882 2035 pro-

312 2054 493 2125 phetae
538 2054 733 2124 magis,
768 2056 969 2126 quibus
998 2056 1163 2111 etiam
1195 2057 1312 2126 ipse
1352 2056 1548 2122 credit,
1576 2057 1648 2112 ita
1681 2058 1885 2113 docue.

310 2147 447 2211 rint,
480 2163 581 2201 nec
623 2154 805 2202 tamen
832 2150 1110 2217 quomodo
1138 2154 1303 2205 erunt
1340 2148 1454 2203 ὴωο
1489 2156 1581 2203 aut
1610 2148 1884 2218 quomodo

309 2238 709 2315 percipientur,
735 2240 1096 2305 ostenderint,
1117 2238 1278 2297 Jesus
1294 2256 1423 2296 vero
1448 2241 1682 2313 qualiter
1708 2240 1884 2311 accipi

306 2330 431 2384 haec
462 2330 717 2397 debeant,
748 2331 1228 2389 demonstraverit.
1271 2330 1339 2386 Et
1388 2347 1512 2387 cum
1563 2332 1680 2391 haec
1720 2341 1884 2403 atque

306 2421 401 2487 his
436 2421 633 2477 similia
664 2423 821 2493 plura
853 2423 1103 2487 dixisset,
1139 2423 1293 2478 siluit
1316 2423 1480 2481 etiam
1516 2406 1776 2477 Thomas.

376 2510 540 2568 LXII.
557 2511 686 2568 Post
704 2514 815 2568 haec
832 2529 1049 2568 rursum
1066 2512 1302 2585 Caipbas
1316 2530 1402 2569 me
1415 2515 1654 2578 intuens.
1669 2522 1722 2571 et
1736 2522 1910 2571 nunc'

301 2615 368 2662 ut
396 2620 653 2672 monens,
687 2622 835 2665 nunc
863 2621 995 2660 vero
1024 2615 1083 2660 ut
1119 2607 1370 2677 eulpans,
1398 2606 1636 2672 dicebat,
1664 2623 1885 2665 cessare

300 2714 394 2765 me
420 2700 618 2753 debere
662 2700 728 2753 de
771 2698 985 2768 reliquo
1016 2713 1046 2752 a
1070 2699 1457 2770 praedicatione
1486 2699 1690 2759 Christi
1727 2699 1881 2767 Jesu,

301 2806 376 2844 ne
411 2790 467 2842 in
495 2791 789 2860 perniciem
823 2793 927 2846 mei
960 2791 1064 2845 hoc
1097 2806 1337 2861 agerem,
1374 2807 1509 2849 neve
1551 2792 1668 2863 ipse
1696 2808 1886 2848 errore

300 2883 574 2950 deceptus
607 2883 742 2938 alios
770 2900 989 2955 quoque
1015 2900 1137 2943 meo
1159 2900 1346 2944 errore
1386 2885 1714 2956 deciperem.
1744 2885 1884 2940 Tum

298 2982 573 3047 praeterea
596 2976 858 3045 arguebat
886 2992 971 3031 me
1002 2977 1346 3041 temeritatis,
1377 2978 1522 3051 quod
1550 2994 1673 3032 cum
1705 2994 1884 3035 essem

300 3066 430 3134 ipse
456 3064 761 3134 imperitus,
794 3066 1033 3136 piscator
1056 3075 1110 3121 et
1141 3070 1399 3137 rusticus,
1428 3070 1665 3127 ofﬁcium
1700 3072 1885 3128 subire

1986 1959 2343 2016 succendant.

2057 2051 2242 2110 LXIV.
2285 2050 2397 2107 Nos
2452 2052 2619 2118 enim,
2673 2052 2918 2122 inquam,
2947 2068 3048 2123 pro
3094 2061 3246 2109 certo
3286 2059 3559 2128 comperi-

1984 2162 2129 2210 mus,
2180 2144 2331 2216 quod
2381 2159 2549 2215 super
2596 2144 2884 2201 sacriﬁciis
2931 2162 3052 2217 quas
3101 2146 3330 2213 oﬁ‘ertis,
3380 2152 3553 2207 multo

1984 2238 2158 2309 magis
2213 2245 2569 2307 exasperatur
2614 2234 2779 2299 Deus.
2845 2236 3242 2293 sacriﬁciorum
3312 2248 3556 2311 tempore

1984 2329 2252 2384 duntaxat
2277 2330 2511 2399 expleto.
2538 2328 2605 2382 Et
2629 2329 2756 2399 quia
2781 2343 2877 2383 vos
2906 2345 3017 2383 non
3047 2330 3210 2386 vultis
3236 2346 3553 2402 agnoscere,

1985 2437 2267 2478 emensum
2306 2437 2429 2477 esse
2470 2422 2585 2491 jam
2640 2428 2858 2491 tempus
2908 2421 3119 2477 hostias
3166 2422 3450 2491 oﬁerendi,
3482 2428 3555 2482 ob

1986 2517 2092 2571 hoc
2126 2515 2441 2570 destruetur
2464 2521 2518 2569 et
2537 2514 2798 2584 templum
2824 2513 2961 2587 (49),
3009 2522 3064 2571 et
3092 2516 3426 2572 abominatio
3460 2520 3557 2576 de-

1988 2607 2281 2665 solationis
2310 2613 2583 2662 statuetur
2617 2606 2674 2660 in
2705 2606 2824 2660 loco
2856 2607 3103 2673 sancto“,
3136 2617 3190 2663 et
3225 2617 3355 2664 tunc
3380 2613 3556 2681 genti-

1983 2700 2090 2756 bus
2137 2698 2489 2769 Evangelium
2568 2697 2955 2769 praedicabitur
3041 2698 3106 2753 ad
3181 2700 3553 2759 testimonium

1985 2795 2177 2858 vestri,
2210 2802 2269 2848 ut
2299 2810 2366 2849 ex
2398 2794 2619 2847 illorum
2658 2792 2761 2847 ﬁde
2792 2800 2971 2849 vestra
3004 2792 3295 2850 inﬁdelitas
3336 2795 3553 2864 judice-

1987 2897 2099 2946 ων.
2131 2886 2323 2945 Omnis
2346 2886 2544 2944 etenim
2569 2885 2808 2940 mundus
2838 2884 3071 2939 diversis
3110 2888 3447 2957 temporibus
3472 2889 3557 2946 di-

1985 2998 2177 3038 versas
2210 2982 2433 3037 malitia:
2458 2979 2809 3050 aegritudines
2837 2978 3063 3049 patitur,
3095 2979 3179 3033 vel
3224 2995 3321 3049 per
3364 2996 3556 3038 omnes

1986 3074 2334 3149 generaliter,
2370 3074 2452 3128 vel
2469 3088 2567 3144 per
2594 3072 2840 3142 singulos
2870 3086 3119 3141 quosque
3148 3073 3476 3140 specialiter,
3500 3083 3556 3130 et

298 3156 557 3211 doctoris
585 3156 863 3212 auderem.
889 3156 1015 3212 Haac
1036 3167 1090 3213 et
1111 3160 1215 3214 alia
1255 3162 1411 3235 plura
1443 3162 1529 3219 his
1559 3164 1760 3223 similia
1809 3164 1887 3220 di-
1908 3188 1956 3249 ο
1988 3168 2111 3225 ideo
2140 3167 2347 3237 indiget
2384 3165 2622 3229 medico,
2666 3164 2760 3234 qui
2812 3178 2940 3218 eum
2985 3163 3171 3218 visitet
3201 3165 3265 3219 ad
3299 3166 3551 3227 salutem.

295 3248 479 3311 centi,
527 3262 628 3317 ego
677 3263 898 3319 quoque
932 3247 989 3302 in
1044 3248 1162 3303 haec
1216 3253 1381 3307 verba
1430 3255 1882 3325 respondi:Mihi

294 3341 532 3412 quidem
590 3342 774 3397 minus
834 3357 970 3411 esse,
1012 3346 1263 3416 periculi,
1295 3348 1364 3412 si,
1398 3357 1459 3401 ut
1500 3349 1617 3417 ipse
1648 3352 1746 3413 ait,
1780 3351 1883 3406 iste

294 3451 420 3489 non
461 3434 536 3490 sit
563 3435 837 3501 Christus,
883 3439 1013 3507 quia
1063 3438 1344 3495 doctorem
1374 3440 1510 3510 legis
1552 3444 1879 3512 receperim;

294 3525 414 3595 ipsi
476 3540 606 3579 vero
650 3527 842 3595 ingens
875 3543 999 3582 esse
1055 3528 1376 3595 discrimen,
1427 3529 1474 3585 si
1525 3530 1617 3585 hic
1664 3532 1781 3602 ipse
1811 3532 1882 3585 sit

289 3616 582 3678 Christus,
618 3616 761 3670 sicut
800 3626 853 3673 et
908 3628 1056 3675 certe
1082 3627 1187 3677 est.
1221 3619 1333 3692 Ego
1362 3623 1506 3677 enim
1539 3624 1705 3678 credo
1754 3623 1882 3678 huic

288 3708 392 3779 qui
430 3708 711 3777 apparuit;
755 3709 870 3779 ipse
911 3720 1090 3767 autem
1122 3714 1211 3767 cui
1253 3713 1344 3767 alii
1376 3712 1535 3768 ﬁdem
1572 3730 1794 3771 servare
1824 3731 1883 3771 se

286 3798 504 3863 credit,
541 3784 653 3868 qui.
676 3801 857 3856 nullus
910 3803 1201 3877 apparuit?
1231 3802 1289 3859 Si
1321 3819 1451 3860 vero
1493 3811 1548 3860 et
1601 3805 1789 3871 idiota,
1822 3814 1882 3862 ut

1984 3259 2098 3317 Nos
2127 3275 2256 3333 ergo
2274 3266 2642 3329 protestamur
2662 3256 2841 3317 vobis,
2864 3263 2917 3310 et
2937 3255 3083 3326 quod
3109 3272 3553 3329 unumquemque

1982 3360 2228 3410 vestrum
2258 3353 2415 3408 latuit
2437 3352 2778 3405 nuntiamus.
2804 3347 3062 3404 Vestrum
3107 3357 3193 3405 est
3221 3348 3548 3416 deliberare,

1983 3445 2117 3517 quid
2144 3444 2397 3516 expediat
2423 3443 2597 3498 vobis.
3580 3504 3583 3511 ,

2054 3535 2216 3595 LXV.
2260 3534 2355 3591 llis
2384 3549 2413 3591 a
2437 3550 2524 3589 me
2552 3533 2737 3597 dictis,
2761 3532 3027 3603 ingemuit
3054 3533 3233 3588 omnis
3260 3532 3552 3588 multitudo

1983 3629 2354 3694 sacerdotum,
2402 3626 2547 3698 quod
2587 3627 2667 3683 eis
2705 3626 2774 3681 de
2809 3625 2997 3696 templi
3027 3625 3384 3685 subversione
3408 3642 3549 3696 prae-

1983 3723 2237 3778 dixerim.
2271 3721 2427 3788 Quod
2459 3736 2584 3775 eum
2621 3720 2853 3775 vidisset
2876 3716 3138 3773 Gamaliel
3170 3718 3425 3788 princeps
3454 3734 3552 3789 po—

1983 3814 2099 3887 puli
2153 3813 2268 3887 (qui
2309 3814 2541 3868 latenter
2595 3811 2761 3867 frater
2814 3819 3003 3864 noster
3029 3816 3147 3864 erat
3194 3810 3249 3864 in
3300 3810 3424 3877 ﬁde,
3454 3808 3551 3864 sed

286 3895 403 3957 ais,
445 3901 501 3946 et
534 3891 820 3963 imperitus
845 3910 908 3948 ac
932 3897 1171 3966 piscator
1200 3907 1254 3954 et
1276 3900 1538 3963 rusticus,
1564 3915 1729 3971 super
1758 3916 1880 3971 pre-

283 3994 556 4064 sbyteros
603 3991 878 4062 sapientes
935 3994 1256 4064 intelligam,
1309 3994 1414 4050 hoc
1476 3996 1595 4062 tibi,
1630 3997 1876 4066 inquam,

280 4084 482 4156 magis
512 4091 716 4141 metum
748 4084 908 4140 debet
940 4086 1206 4141 incutere.
1240 4085 1377 4142 Nam
1405 4088 1453 4142 si
1475 4104 1544 4144 ex
1570 4088 1880 4144 eruditione

280 4179 488 4248 aliqua
518 4174 806 4245 disputans
837 4176 1142 4233 obtinerem
1177 4192 1275 4233 vos
1297 4178 1574 4248 sapientes
1603 4186 1658 4234 et
1701 4179 1882 4235 erudi-

278 4280 401 4335 tos,
433 4268 711 4323 videretur
723 4270 909 4338 utique
921 4270 1170 4324 doctrina
1184 4270 1287 4324 hoc
1304 4271 1434 4324 mihi
1450 4271 1597 4343 longi
1618 4271 1880 4341 temporis

275 4377 337 4429 et
386 4378 509 4418 non
547 4362 743 4417 divina:
775 4363 993 4422 virtutis
1033 4364 1206 4433 gratia
1236 4364 1559 4429 contulisse,
1591 4379 1738 4418 nunc
1772 4379 1875 4419 au-
1978 4376 2032 4424 et
2063 4364 2348 4437 siquidem
2379 4362 2603 4417 humani
2649 4359 2864 4415 consilii
2897 4369 2981 4415 est
3018 4357 3164 4431 quod
3202 4365 3388 4428 agunt,
3431 4358 3543 4418 cito

274 4468 395 4514 tem
428 4473 584 4521 cum,
612 4464 669 4510 ut
689 4455 821 4521 dixi,
846 4472 946 4512 nos
974 4456 1211 4527 imperiti
1233 4471 1330 4511 vos
1348 4457 1620 4527 sapientes
1649 4457 1877 4511 convinv
1976 4458 2237 4522 cessabit,
2271 4455 2319 4512 si
2345 4463 2527 4510 autem
2557 4469 2588 4508 a
2618 4453 2729 4508 Deo
2750 4459 2857 4517 est,
2888 4468 2989 4507 cur
3021 4453 3139 4509 sine
3155 4466 3320 4505 causa
3350 4466 3544 4520 pecca-

271 4553 471 4605 cimus
498 4556 553 4605 et
585 4565 909 4620 superamus
930 4592 945 4615 ,
988 4552 1076 4604 cui
1118 4565 1337 4605 sensum
1387 4551 1608 4605 habenti
1640 4564 1751 4605 non
1777 4565 1874 4621 pa—
1904 4537 1948 4591 D
1978 4553 2052 4608 tis
2105 4565 2207 4605 nec
2249 4547 2518 4620 proﬁcitis
2559 4546 2894 4617 quidquam?
2916 4544 3010 4599 Dei
3030 4545 3175 4599 enim
3202 4543 3538 4603 voluntatem

271 4647 392 4700 lam
428 4650 545 4706 est,
588 4644 716 4713 quia
758 4643 859 4697 hoc
891 4658 999 4696 non
1032 4642 1285 4699 humanae
1328 4644 1555 4716 argutiae
1584 4624 1722 4714 opus
1764 4650 1870 4707 est,
1982 4646 2106 4716 quis
2134 4648 2316 4712 potest
2352 4637 2825 4708 superare?Nunc
2849 4652 3001 4707 ergo,
3034 4631 3292 4705 quoniam
3315 4632 3538 4702 quidem

270 4739 375 4795 sed
403 4737 613 4790 divina:
650 4736 948 4790 voluntatis
976 4742 1030 4789 et
1069 4736 1350 4790 muneris?
1977 4738 2031 4791 in
2064 4749 2347 4806 vesperam
2371 4730 2617 4801 vergitur
2644 4728 2783 4791 dies,
2803 4727 3044 4782 crastino
3060 4727 3163 4781 hoc
3193 4727 3312 4799 ipso
3333 4727 3389 4780 in
3418 4726 3547 4782 loco

348 4826 550 4883 LXIII.
593 4826 716 4883 Haec
761 4830 928 4899 igitur
967 4835 1020 4880 et
1052 4829 1158 4882 alia
1188 4828 1501 4897 hujusmodi
1535 4842 1871 4898 prosequen—
1977 4828 2327 4883 audientibus
2354 4823 2532 4887 vobis,
2565 4836 2666 4892 ego
2690 4821 2807 4891 ipse
2830 4834 2956 4873 cum
2988 4818 3110 4873 istis
3139 4819 3448 4889 disputabo,
3480 4824 3541 4879 ut

267 4937 388 4987 tes,
425 4930 839 4989 consequenter
882 4924 1167 4993 protestati
1210 4939 1402 4977 sumus
1454 4938 1518 4976 ac
1578 4922 1870 4976 docuimus
1976 4934 2192 4976 omnem
2229 4931 2471 4973 errorem
2494 4916 2671 4985 palam
2705 4926 2953 4981 arguam,
2979 4909 3539 4981 dilucidequeconl'u—~

266 5030 382 5072 nos
419 5011 668 5079 imperiti
720 5020 773 5067 et
823 5015 1148 5085 piscatores,
1183 5014 1499 5069 sacerdotes
1542 5013 1762 5083 quidem
1801 5013 1869 5067 de
1971 5020 2100 5067 tem.
2134 5010 2201 5063 Et
2226 5009 2311 5064 his
2342 5007 2506 5062 dictis
2540 5019 2829 5074 repressus
2862 5010 2948 5057 est
2975 5018 3163 5057 eorum
3192 5002 3537 5071 aliquatenus

268 5123 393 5163 uno
448 5104 575 5159 solo
627 5102 735 5157 Deo
778 5107 922 5170 εαξη,
971 5108 1300 5165 Ξθᾱίίυρωοε
1345 5109 1414 5165 de
1465 5108 1867 5164 resurrectione

1983 5102 2147 5165 furor,
2177 5115 2241 5155 ea
2291 5096 2563 5169 praecipue
2609 5108 2727 5166 spe,
2776 5092 2923 5164 quod
2949 5091 3039 5146 die
3065 5093 3306 5148 crastina
3333 5092 3538 5149 erroris

1980 3907 2213 3963 consilio
2239 3912 2431 3961 nostro
2452 3904 2593 3959 inter
2621 3916 2717 3957 eos
2743 3911 2860 3956 erat
2892 3899 3005 3977 [50]
3030 3902 3073 3972 ),
3103 3902 3230 3971 quia
3261 3902 3415 3956 valde
3441 3901 3552 3957 fre-

1981 4006 2193 4054 merent
2220 4006 2275 4053 et
2300 3998 2505 4068 ingenti
2526 3995 2816 4049 adversum
2839 4008 2942 4051 nos
2966 3993 3150 4048 furore
3170 4002 3545 4058 moverentur,

1980 4106 2275 4162 assurgens
2301 4090 2378 4143 ait
2403 4088 2445 4121 ια
2475 4106 2488 4142 :
2520 4086 2797 4152 Quiesoite
2830 4086 3127 4157 paulisper,
3160 4100 3194 4138 ο
3238 4084 3341 4138 viri
3368 4083 3546 4139 Israe-

1981 4184 2110 4247 litze,
2142 4198 2254 4237 non
2280 4180 2425 4235 enim
2457 4178 2743 4234 advertitis
2792 4176 3147 4233 tentationem
3187 4190 3309 4244 quae
3365 4176 3548 4230 immi-

1979 4283 2073 4331 net
2094 4273 2271 4338 vobis,
2303 4277 2526 4343 prepter
2540 4269 2686 4340 quod
2708 4268 2943 4323 desinite
2970 4267 3039 4324 ab
3066 4266 3378 4327 hominibus
3401 4266 3543 4330 istis,

336 5288 355 5318 '
394 5280 658 5354 Matthav
678 5299 692 5346 ;
716 5279 859 5354 Luc.
895 5300 950 5337 ι.
1015 5284 1037 5316 ⁸
1058 5283 1125 5337 Et
1148 5287 1700 5345 audiam—sumerent
1729 5288 1929 5343 desunt
1958 5288 2013 5341 in
2044 5285 2203 5341 codd.
2263 5284 2413 5354 Lips.
2440 5282 2494 5338 1.
2571 5282 2593 5315 ⁸
2617 5280 2772 5336 Deut.
2810 5292 2887 5342 Ix,
2916 5277 3020 5345 2'];
3047 5276 3235 5333 Matth.
3264 5294 3413 5342 xstv,
3447 5281 3534 5338 15.

267 5358 315 5392 ιο
343 5354 481 5410 Act.
516 5368 569 5415 v,
611 5351 804 5408 55-59.

1590 5506 1723 5562 COT
1732 5504 1953 5561 ELERII
2008 5503 2241 5561 NOTAE.

2036 5641 2147 5712 (50)
2185 5641 2288 5697 Sed
2318 5641 2537 5697 consilio
2567 5651 2746 5696 nostra
2770 5651 2906 5713 inter
2934 5657 3021 5696 eos
3050 5653 3184 5698 erat.
3210 5642 3529 5713 ,Vulpinum

1966 5714 2071 5768 hoc
2093 5714 2404 5777 consilium,
2444 5713 2704 5783 apostolis
2736 5711 3020 5783 indignum
3060 5721 3164 5768 est.
3201 5711 3420 5783 Decepit
3449 5727 3533 5766 ta-

1965 5799 2090 5837 men
2130 5783 2326 5838 Bedam
2383 5782 2866 5853 pseudo-Clemens
2896 5782 3100 5847 Ruﬁni.
3158 5785 3224 5839 At
3271 5782 3380 5841 non
3431 5799 3536 5856 egn

1968 5853 2222 5915 credulus
2252 5855 2381 5920 illis,
3481 5858 3493 5867 '

341 5646 471 5721 (49)
519 5642 910 5721 Destrueturet
948 5647 1213 5721 templum.
1238 5645 1456 5721 Similes
1479 5644 1859 5721 praedictiones

260 5712 757 5787 complectebatur
786 5718 926 5771 alius
949 5712 1084 5787 liber
1123 5712 1496 5787 apocryphus,
1524 5716 1762 5787 scriptus
1791 5712 1861 5766 de

281 5784 680 5847 yrzedicatione
706 5785 854 5842 Petri
887 5796 941 5842 et
986 5786 1139 5840 Pauli
1160 5784 1228 5841 in
1260 5784 1393 5843 urbe
1433 5784 1623 5843 Roma.
1658 5786 1862 5838 Auctor

281 5812 680 5847 η’ἶυαιυὶιιιυιιῦ
707 5812 854 5842 ΓυιΙΊ
887 5812 941 5842 τι
988 5812 1097 5840 ΓἉΙΙ

262 5812 613 5927 Lactantius
639 5856 736 5923 lib.
769 5874 844 5926 ιν,
879 5874 997 5927 cap.
1022 5857 1105 5915 2|.
