4048 6262
546 334 688 407 ists

1394 348 1452 407 S.
1488 351 1884 409 CLEMENTIS
1916 352 1935 407 1
1970 354 2135 413 ROM.
2171 360 2373 417 ΡΟΝΤ.
2409 362 2637 419 OPERA
2670 361 2893 418 DUBIA.

3609 373 3628 426 1
3637 373 3727 429 ΞΜ

542 484 645 524 nos
669 468 882 537 publice
901 466 1208 537 arguendos
1237 473 1545 537 sperarent.
1582 464 1649 519 Et
1683 467 1764 521 sic
1812 482 1936 521 cum
1981 483 2113 537 pace
2141 484 2187 539 Α
2214 471 2397 528 dicere
2422 474 2567 543 quod
2599 475 2813 530 sentitis
2843 475 3108 544 apertius,
3134 489 3234 544 ego
3256 482 3315 528 ut
3344 491 3437 531 vos
3477 478 3619 534 aiam
3644 486 3728 543 Ιιιι-

543 561 801 632 populum
841 559 1068 614 dimisit.

616 649 799 706 LXVI.
837 648 948 706 Nos
990 665 1121 705 vero
1166 665 1291 704 cum
1337 651 1683 705 venissemus
1730 650 1799 703 ad
1850 648 2115 705 Iacobum

543 750 815 804 nostrum,
839 740 1021 794 omnia
1060 755 1182 809 quze
1224 740 1372 793 dicta
1419 750 1679 808 gestaque
1714 738 1932 792 fuerant
1957 754 2119 810 expo-

473 826 475 829 ’
542 841 757 896 nentes,
785 832 927 902 apud
958 847 1081 885 eum
1108 832 1232 886 cibo
1263 838 1480 899 sumpto
1504 832 1829 894 mansimus,
1863 834 2115 901 omnipo-

542 924 677 978 tenti
706 923 816 977 Deo
845 937 939 992 per
963 929 1134 975 totam
1166 926 1380 973 noctem
1408 918 1805 988 supplicantes,
1848 928 1907 971 ut
1968 919 2118 973 futu-

542 1031 620 1069 ra!
660 1013 1053 1083 disputationis
1101 1026 1286 1065 sermo
1334 1010 1700 1063 indubitatam
1759 1009 1881 1063 tidei
1915 1018 2118 1065 nostra:

547 1111 863 1160 ostenderet
918 1104 1221 1157 veritatem.
1272 1098 1439 1170 Igitur
1495 1106 1714 1170 postera
1751 1099 1838 1153 die
1878 1098 2116 1154 Iacobus

542 1199 839 1268 episc0pus
891 1194 1179 1249 nobiscum
1232 1191 1394 1247 simul
1440 1198 1495 1244 et
1548 1205 1676 1244 cum
1706 1192 1855 1245 omni
1883 1192 2115 1246 ecclesia

541 1292 791 1347 ascendit
811 1288 876 1343 ad
907 1288 1190 1357 templum,
1219 1285 1312 1339 ubi
1337 1285 1607 1355 ingentem
1638 1284 1944 1355 reperimus
1977 1284 2118 1337 mul-

539 1382 849 1445 titudinem,
881 1396 908 1433 a
937 1377 1117 1432 medio
1143 1376 1322 1431 noctis
1340 1384 1752 1450 exspectantem
1790 1390 1918 1430 nos.
1950 1374 2117 1431 Steti-

538 1490 664 1529 mus
693 1488 820 1543 ergo
854 1473 907 1524 in
943 1470 1100 1534 locis,
1131 1468 1331 1538 quibus
1381 1475 1435 1521 ct
1493 1467 1667 1537 prius,
1698 1474 1757 1519 ut
1786 1466 2115 1523 eminentius

538 1573 748 1623 stantes
802 1564 870 1617 ab
919 1564 1180 1637 universo
1226 1560 1428 1630 populo
1459 1574 1832 1614 cerneremur.
1868 1560 2115 1637 Cumque

536 1666 681 1714 esset
704 1671 976 1711 summum
1013 1634 1288 1708 silen‘lium
1322 1652 1547 1716 factum,
1578 1651 1862 1716 Gamaliel,
1903 1634 2032 1723 qui,
2055 1663 2114 1708 ιιι

537 1765 701 1819 supra
722 1748 983 1812 diximus,
1005 1754 1209 1801 nostra!
1232 1743 1353 1799 lidei
1379 1753 1516 1807 erat,
1543 1744 1954 1812 dispensatione
1984 1762 2112 1801 vero

2211 568 2304 635 jus
2335 570 2626 623 occasione
2651 570 2867 625 timoris
2899 569 3200 632 absolvam,
3227 571 3354 638 juro
3369 572 3514 628 vobis
3533 590 3616 644 per
3635 595 3731 634 οιη.

2218 661 2555 729 nipotentem
2583 659 2754 713 Deum
2793 669 2846 714 et
2881 660 3148 715 viventem
3183 661 3235 715 in
3263 664 3475 728 saecula,
3498 667 3609 734 quia
3633 672 3731 725 nul-

2216 751 2334 805 lum
2350 752 2663 821 permittam
2690 752 2918 821 injicere
2946 751 3099 806 vobis
3126 767 3338 808 manus.
3358 751 3608 812 Habentes
3630 775 3734 830 ergo

2214 841 2380 910 hujus
2435 840 2729 909 juramenti
2780 840 2882 894 mei
2936 854 3152 893 omnem
3192 839 3336 894 hunc
3387 844 3622 911 populum
3651 855 3734 902 tes-

2215 941 2353 994 tem,
2385 940 2439 985 et
2478 932 2733 987 idoneum
2784 932 2982 1002 pignus
3032 931 3363 985 sacramenti
3395 935 3560 987 nostri
3586 935 3736 995 lmdus

2214 1032 2483 1088 tenentes,
2518 1023 2727 1092 absque
2754 1024 2862 1077 ulla
2891 1022 3246 1077 cunctatione
3291 1025 3641 1096 unusquisque
3662 1046 3736 1085 ve-

2218 1123 2393 1168 strum
2439 1114 2584 1183 quod
2618 1114 2811 1168 didicit
2836 1114 3099 1184 proferat,
3130 1122 3186 1170 et
3213 1131 3315 1170 nos
3344 1116 3536 1173 lratres
3566 1120 3740 1176 intente

2214 1215 2269 1260 et
2294 1221 2418 1259 cum
2443 1206 2663 1260 silentio
2684 1205 2993 1261 audiamus.

2283 1292 2514 1351 LXVIII.
2559 1294 2687 1349 [hec
2715 1295 2906 1351 dicens
2952 1296 3215 1351 Gamaliel
3262 1313 3373 1352 non
3419 1298 3566 1352 valde
3590 1298 3741 1367 place-

2214 1386 2310 1440 bat
2338 1384 2687 1453 Caiphze,.et,
2745 1393 2803 1439 ut
2861 1385 3166 1452 videbatur,
3214 1398 3521 1458 suspectum
3568 1389 3741 1446 habens

2214 1490 2362 1536 eum,
2396 1473 2513 1544 ipse
2553 1476 2725 1545 magis
2754 1476 2992 1530 inserere
3043 1494 3101 1531 se
3131 1477 3404 1551 subtiliter
3452 1476 3741 1547 disputatio-

2214 1567 2377 1621 nibus
2417 1567 2615 1637 cmpit;
2670 1567 2962 1623 subridens
3001 1568 3147 1623 enim
3182 1570 3246 1623 ad
3278 1585 3342 1624 ea
3374 1586 3492 1637 qua
3520 1569 3742 1624 Gamaliel

2214 1659 2447 1721 dixerat,
2478 1658 2743 1713 Iacobum
2781 1660 3169 1730 episcoporum
3213 1660 3514 1731 principem
3547 1660 3646 1731 (5i)
3671 1675 3744 1715 sa-

2215 1751 2495 1806 cerdotum
2521 1752 2772 1821 princeps
2802 1752 3013 1813 orabat,
3037 1761 3095 1806 ut
3125 1752 3191 1807 de
3221 1751 3445 1808 Christo
3475 1768 3577 1806 non
3599 1752 3745 1805 aliun-

535 1846 791 1898 raanehat
817 1841 958 1895 inter
986 1840 1164 1910 ipsos,
1195 1848 1255 1891 ut
1300 1838 1345 1893 si
1380 1837 1600 1908 quando
1627 1839 1872 1908 iniquum
1906 1839 2110 1915 aliquid
2145 1832 2184 1886 Β
2214 1843 2282 1898 de
2306 1859 2489 1899 sermo
2517 1859 2680 1914 quam
2709 1844 2776 1898 de
2804 1844 3094 1913 scripturis
3127 1845 3299 1908 lieret,
3328 1852 3388 1899 ut
3417 1844 3660 1899 sciamus.
3679 1843 3747 1895 in-

534 1938 823 1996 adversum
881 1948 981 1987 nos
1023 1941 1117 1986 aut
1160 1931 1386 2001 impium
1437 1930 1779 1995 molirentur,
1826 1933 1911 1993 vel
1962 1933 2111 2003 ipsos

536 2027 777 2084 consilio
812 2024 1134 2095 reprimeret
1165 2022 1462 2093 prudenter
1482 2030 1690 2091 aptato,
1727 2024 1809 2077 vel
1843 2039 1944 2079 nos
1969 2040 2115 2078 com-

535 2122 783 2173 moneret
806 2121 865 2168 ut
894 2120 988 2166 aut
1020 2126 1218 2166 curare
1264 2120 1359 2164 aut
1408 2110 1684 2165 declinare
1715 2128 2031 2183 possemus;
2065 2116 2112 2171 is

534 2225 668 2280 ergo
700 2215 959 2275 tanquam
995 2203 1289 2257 adversum
1322 2218 1424 2256 nos
1456 2216 1647 2270 agens,
1681 2204 1835 2279 prior
1864 2206 2109 2259 omnium

533 2303 855 2373 episcopum
904 2295 1170 2351 Iacobum
1204 2298 1427 2350 intuens
1480 2295 1582 2349 hoc
1629 2296 1793 2350 modo
1841 2296 2111 2351 allocutus

533 2401 620 2450 est
653 2413 666 2448 :

605 2485 814 2541 LXVII.
855 2485 914 2539 Si
940 2499 1043 2556 ego
1070 2482 1334 2538 Gamaliel
1359 2496 1543 2552 neque
1576 2479 1908 2537 eruditionis
1954 2497 2108 2546 meae,

536 2595 715 2650 neque
747 2578 1044 2634 senectutis
1076 2575 1431 2647 opprobrium
1464 2574 1631 2641 duco,
1665 2575 1879 2630 discere
1904 2576 2111 2647 aliquid

536 2687 568 2724 a
603 2669 845 2739 parvulis
874 2677 927 2722 et
958 2667 1027 2721 ab
1059 2667 1348 2737 imperitis,
1386 2666 1431 2720 si
1461 2665 1592 2735 quid
1625 2667 1765 2721 forte
1792 2675 1877 2723 est
1906 2668 2113 2722 utilita-

536 2765 609 2817 tis
653 2769 746 2815 aut
800 2761 995 2815 salutis
1042 2759 1327 2828 acquirere
1389 2757 1503 2833 (qui
1539 2758 1685 2812 enim
1716 2758 2114 2813 rationabiliter

531 2854 689 2920 vivit,
714 2852 818 2907 scit
841 2851 967 2922 quia
996 2852 1131 2905 nihil
1155 2857 1239 2905 est
1268 2851 1449 2904 anima
1478 2850 1817 2921 pretiosius),
1837 2850 2112 2920 quomodo

534 2960 649 2999 non
688 2945 945 2999 omnibus
987 2943 1222 2998 amabile
1275 2950 1379 3007 est,
1405 2944 1733 3019 cunctisque
1769 2952 2106 3016 exoptatum,

534 3045 597 3090 ut
625 3053 747 3107 qua:
779 3037 993 3107 ignorat
1031 3038 1229 3099 discat,
1261 3051 1382 3105 qua:
1414 3036 1667 3091 didicerit
1710 3037 1937 3091 doceat?
1972 3036 2107 3091 Cer-

534 3129 809 3184 tissimum
833 3143 1069 3197 namque
1085 3136 1187 3191 est,
1211 3141 1430 3197 quoque
1450 3142 1626 3196 neque
1647 3127 1907 3191 amicitia,
1930 3143 2106 3197 neque

2213 1936 2355 2005 quit,
2390 1945 2571 1992 utrum
2603 1936 2763 1997 Iesus
2798 1937 2915 2011 ipse
2966 1937 3039 1993 sit
3084 1934 3366 1999 Christus,
3395 1952 3461 1989 an
3486 1951 3607 1991 non.
3633 1933 3746 1987 Tum

2210 2025 2470 2091 Iacobus,
2499 2027 2692 2097 primo,
2724 2026 2920 2099 inquit,
2945 2026 3311 2107 requiramus.
3335 2041 3399 2081 ex
3426 2026 3611 2096 quibus
3637 2023 3748 2079 scri-

2214 2120 2400 2188 pturis
2428 2119 2775 2190 potissimum
2817 2118 3242 2188 disputationem
3283 2118 3475 2173 haberi
3510 2125 3747 2188 oporteat.

2211 2210 2281 2265 At
2308 2211 2398 2266 ille
2421 2212 2508 2267 vix
2532 2211 2826 2284 aliquando
2845 2210 3058 2265 ratione
3086 2212 3201 2281 ipsa
3230 2222 3523 2281 superatus
3555 2226 3749 2279 respon-

2212 2302 2311 2365 dit,
2343 2317 2410 2358 ex
2462 2302 2576 2373 lege
2618 2302 2947 2365 habendam,
2979 2310 3033 2357 et
3063 2310 3187 2373 post
3225 2303 3334 2358 hoc
3360 2304 3523 2358 etiam
3552 2303 3753 2373 prophe-

2212 2403 2395 2448 tarum
2431 2392 2643 2446 addidit
2684 2395 3036 2450 mentionem.

2283 2480 2469 2537 LXIX.
2513 2482 2611 2537 Cui
2643 2480 2883 2539 Iacobus
2906 2492 3096 2541 noster
3125 2486 3295 2556 C(Ppil.
3319 2486 3621 2553 ostendere,
3648 2487 3752 2556 quia

2212 2581 2267 2629 et
2296 2573 2575 2644 prophetae
2602 2587 2722 2643 qua:
2746 2573 2958 2638 dicunt,
2992 2591 3057 2630 ex
3088 2576 3204 2647 lege
3236 2578 3576 2647 sumpserint
3595 2586 3642 2632 et
3669 2577 3752 2647 legi

2212 2680 2457 2721 consona
2486 2666 2597 2720 sint
2631 2666 2819 2721 locuti.
2860 2664 2967 2721 Sed
2995 2676 3047 2720 et
3072 2667 3137 2723 de
3157 2668 3315 2725 libris
3344 2669 3644 2741 Regnorum
3671 2669 3757 2722 dis—

2211 2756 2387 2813 seruit
2418 2757 2621 2827 aliqua,
2668 2758 2964 2831 quomodo,
3006 2767 3059 2814 et
3089 2761 3340 2830 quando,
3374 2772 3430 2816 et
3451 2778 3480 2815 a
3512 2777 3613 2832 quo
3643 2762 3758 2815 scri-

2212 2850 2289 2920 pti
2322 2849 2453 2912 sint,
2478 2858 2530 2903 et
2562 2850 2838 2921 quomodo
2868 2850 2949 2905 eis
2979 2850 3053 2904 uti
3076 2861 3351 2923 oporteat.
3386 2854 3624 2925 Cumque
3650 2854 3760 2908 etde

2212 2941 2327 3010 lege
2349 2941 2666 3009 plenissime
2688 2941 3046 3012 disputasset,
3071 2959 3135 2997 ac
3159 2944 3383 3016 singula
3416 2962 3535 3017 qua:
3547 2947 3609 3001 de
3628 2945 3761 2999 Clu-i-

2213 3038 2299 3085 sto
2321 3039 2470 3094 sunt,
2493 3032 2784 3101 purissima
2808 3036 3149 3104 expositione
3169 3039 3501 3108 protuli55et
3519 3040 3570 3093 in
3592 3038 3760 3097 lucem,

2217 3122 2462 3177 ostendit
2492 3122 2980 3180 abundantissimis
3002 3125 3451 3203 probationibus,
3483 3128 3602 3197 quia
3631 3124 3763 3178 Iesus

535 3220 921 3291 propinquitas
952 3220 1191 3290 generis,
1230 3234 1409 3289 neque
1441 3218 1594 3288 regni
1647 3219 1959 3274 sublimitas
2008 3219 2109 3273 ho-
2135 3207 2177 3264 C
2210 3222 2293 3271 est
2323 3214 2597 3280 Christus,
2632 3225 2685 3270 et
2716 3216 2771 3269 in
2822 3218 2941 3290 ipso
2993 3220 3251 3279 universa
3300 3236 3429 3299 quae
3484 3220 3550 3275 de
3601 3214 3763 3272 humili

533 3316 669 3373 mini
703 3313 863 3368 debet
890 3326 1013 3366 esse
1034 3310 1332 3381 pretiosior
1356 3309 1604 3365 veritate.
1624 3307 1691 3362 Et
1721 3326 1819 3365 vos
1845 3325 1975 3381 ergo
1998 3309 2110 3363 fra-~

532 3422 670 3474 tres,
703 3409 747 3463 si
777 3405 905 3476 quid
932 3406 1166 3475 amplius
1215 3405 1407 3468 nostis,
1443 3405 1643 3475 populo
1685 3405 1777 3460 Dei
1815 3406 1908 3477 qui
1932 3411 2108 3472 adest,

533 3503 776 3570 itemque
806 3498 1071 3553 fratribus
1100 3497 1298 3551 vestris
1326 3496 1571 3567 proferre
1594 3513 1701 3552 non
1726 3498 1928 3568 pigeat,
1961 3501 2109 3555 omni

532 3593 735 3666 p0pulo
764 3591 997 3645 libenter
1046 3597 1099 3643 et
1140 3596 1255 3643 tota
1310 3590 1600 3659 conquiete
1631 3605 1750 3660 qua:
1792 3590 1976 3646 dicitis
2012 3606 2107 3645 au—

533 3688 736 3741 diente.
762 3683 1048 3751 Quomodo
1075 3683 1220 3737 enim
1242 3697 1349 3736 non
1381 3682 1487 3737 hoc
1509 3682 1673 3737 faciat
1701 3684 1955 3756 populus,
1982 3699 2107 3738 cum

532 3779 800 3848 meipsum
827 3775 1008 3830 videat
1037 3788 1221 3831 secum
1246 3771 1446 3843 pariter
1472 3773 1609 3829 velle
1635 3789 1665 3827 a
1696 3775 1851 3829 vobis
1873 3774 2108 3841 discere,

533 3871 583 3924 si
625 3867 753 3939 quid
787 3866 925 3921 forte
950 3865 1185 3936 amplius
1207 3863 1362 3919 vobis
1400 3863 1659 3919 revelavit
1700 3863 1875 3921 Deus?
1899 3864 1955 3920 Si
1980 3882 2111 3921 vero

533 3977 633 4017 vos
659 3961 714 4014 in
744 3958 927 4029 aliquo
955 3956 1233 4028 indigetis,
1268 3955 1521 4010 similiter
1558 3957 1724 4010 etiam
1757 3973 1856 4013 vos
1885 3973 1915 4011 a
1947 3958 2107 4014 nobis

530 4070 640 4110 non
689 4051 870 4123 pigeat
919 4050 1129 4114 doceri,
1161 4055 1221 4102 ut
1272 4062 1402 4117 erga
1458 4054 1747 4118 utramque
1798 4055 2030 4118 partem,
2058 4048 2105 4103 si

531 4145 665 4217 quid
697 4142 872 4206 deest,
902 4140 1193 4212 adimpleat
1218 4138 1381 4196 Deus.
1410 4137 1567 4204 Quod
1624 4138 1669 4194 si
1721 4139 1919 4210 aliquis
1965 4137 2104 4195 forte

531 4252 632 4293 vos
662 4249 809 4290 nunc
840 4234 1098 4290 sollicitat
1129 4240 1329 4295 metus,
1384 4238 1609 4302 propter
1659 4231 1955 4286 nonnullos
2002 4246 2103 4286 no-

530 4335 773 4382 strorum
823 4324 918 4395 qui
971 4321 1345 4394 prtejudicatis
1414 4320 1706 4375 adversum
1759 4335 1858 4375 vos
1905 4319 2105 4376 animis

542 4425 799 4483 utuntur,
836 4423 891 4471 et
944 4414 1176 4470 insidias
1204 4428 1395 4468 eorum
1439 4421 1711 4477 verentes,
1751 4427 1861 4467 non
1893 4412 2107 4469 audetis

2210 3307 2330 3376 ejus
2367 3306 2600 3361 adventu
2653 3305 2872 3360 fuerant
2922 3309 3204 3377 pmdicta,
3240 3311 3617 3381 complentur.
3644 3306 3765 3360 Duos

2209 3399 2354 3453 enim
2404 3398 2523 3468 ejus
2567 3397 2856 3468 przedictos
2905 3415 3027 3455 esse
3078 3400 3271 3456 docuit
3304 3402 3598 3462 adventus,
3625 3413 3769 3455 unum

2212 3493 2540 3548 humilitatis
2591 3509 2753 3563 quem
2813 3492 3168 3564 adimplevit,
3220 3496 3405 3553 alium
3459 3495 3640 3573 gloria
3690 3488 3770 3559 qui

2210 3593 2464 3657 speratur
2494 3584 2825 3654 implendus,
2860 3600 2984 3638 cum
3032 3586 3212 3640 veniet
3241 3587 3384 3642 dare
3418 3601 3639 3657 regnum
3672 3596 3770 3635 ere-

2213 3677 2471 3732 dentibus
2495 3677 2549 3730 in
2584 3692 2643 3732 se
2675 3682 2729 3731 et
2764 3677 3111 3732 servantibus
3142 3677 3338 3733 omnia
3364 3696 3491 3747 qum
3523 3672 3766 3751 praecepit.

2211 3770 2463 3841 Cumque
2493 3769 2561 3825 de
2599 3770 2685 3824 his
2718 3770 3001 3825 evidenter
3050 3772 3316 3841 populum
3372 3773 3672 3832 docuisset,
3700 3760 3773 3817 ad-

2210 3861 2373 3916 debat
2419 3861 2584 3915 etiam
2611 3860 2748 3929 hoc;
2797 3861 2924 3930 quia
2966 3862 3071 3918 nisi
3105 3864 3228 3932 quis
3259 3864 3580 3934 baptizatus
3608 3859 3772 3913 fuisset

2210 3954 2266 4009 in
2295 3967 2436 4023 aqua
2470 3952 2573 4008 sub
2602 3952 2966 4022 appellatione
3025 3955 3182 4008 trime
3224 3954 3623 4018 beatitudinis,
3652 3951 3773 4007 sicut

2210 4043 2396 4098 docuit
2425 4058 2589 4099 verus
2618 4044 2908 4113 propheta,
2944 4061 3122 4115 neque
3143 4048 3542 4103 remissionem
3575 4043 3775 4111 accipe-

2207 4144 2290 4192 ret
2324 4145 2692 4207 peccatorum,
2724 4151 2902 4206 neque
2927 4136 3175 4192 introiret
3197 4138 3254 4193 in
3282 4156 3459 4211 regna
3492 4139 3771 4194 cmlorum:

2207 4236 2261 4281 et
2294 4228 2433 4281 hanc
2459 4242 2583 4282 esse
2615 4225 2708 4280 Dei
2746 4225 3018 4301 [ingeniti]
3046 4230 3485 4299 prmﬁnitioncm
3512 4226 3777 4283 conﬁrma-

2206 4320 2303 4373 vit.
2360 4319 2568 4385 Quibus
2616 4318 2781 4372 etiam
2812 4321 2851 4350 ”
2887 4320 3003 4375 haec
3067 4321 3284 4379 addidit
3328 4322 3567 4379 :Nolite
3612 4325 3783 4390 putare

2206 4426 2309 4466 nos
2333 4410 2471 4465 duos
2498 4409 2771 4480 ingenitos
2814 4410 2997 4468 dicere
3028 4413 3181 4477 deos,
3215 4422 3321 4468 aut
3354 4429 3534 4470 unum
3565 4411 3781 4466 divisum

647 4622 685 4653 ιι
725 4617 1002 4673 Vocabula
1028 4611 1422 4687 Quilgus‘etiam
1445 4639 1513 4649 -—
1538 4608 1603 4663 de
1638 4607 1924 4668 Paracleto
1955 4608 2181 4665 dicimus
2240 4628 2348 4669 non
2388 4613 2645 4685 leguntur
2663 4631 2720 4672 in
2756 4616 2923 4673 codd.
2959 4613 3135 4687 Lips.,
3164 4617 3262 4687 qui
3293 4619 3476 4673 etiam
3500 4633 3619 4673 voc.
3657 4616 3779 4682 inge-

541 4694 661 4757 niti,
685 4690 831 4762 quod
860 4688 1020 4743 uncis
1054 4682 1415 4749 includimus,
1453 4696 1563 4735 non
1589 4690 1917 4752 agnoscunt.

1798 4841 2162 4900 COTELERII
2199 4842 2433 4900 NOTAE.

611 5008 1018 5082 (Sil-Iacobum
1049 5006 1404 5082 episcoporum
1428 5008 1729 5082 principem.
1746 5005 2108 5082 __Can_de_ler_ia_-

543 5073 649 5131 nu's
677 5075 839 5128 etiam
866 5074 1055 5137 codex,
1079 5073 1345 5127 Iacobum
1383 5073 1718 5143 episcopum:
1746 5074 1888 5131 Petri
1927 5078 2105 5144 Petili,

541 5145 801 5217 Iacobum
833 5154 1067 5217 nostrum
1094 5146 1411 5217 principem;
1447 5145 1739 5217 infrawcap.
1780 5149 1984 5217 penult,
2016 5149 2110 5203 Ja-

541 5216 704 5269 cobus
740 5216 1177 5287 archiepiscopus.
1226 5214 1279 5287 In
1318 5216 1548 5287 concilio
1587 5214 1855 5285 Epliesi'uo
1890 5229 2041 5287 parte
2068 5238 2104 5282 ι,

540 5304 591 5357 c.
624 5288 692 5340 50
720 5304 734 5340 :
778 5284 1031 5357 Ἰαᾲκῴϐου
1053 5284 1459 5357 ἀποστόλομκαὶ
1480 5284 1924 5357 ᾁρχιείπισκόποῦ.
1953 5290 2105 5357 Apud

544 5304 591 5342 [τ.
624 5302 692 5340 au
720 5304 734 5340 :
784 5302 1031 5339 'laXLoOOU
1053 5302 1345 5338 αποστοΑου
1366 5302 1459 5338 και
1480 5302 1924 5408 αῐρχιεπισκοπου.
1953 5302 2105 5357 Apud

544 5356 793 5429 Ifhotium
838 5355 1091 5429 Biblioth.
1137 5357 1281 5429 _cod._
1306 5356 1458 5429 275._
1483 5355 1502 5408 I
1532 5360 1785 5429 csychius
1831 5360 2107 5429 presbyter

543 5425 1086 5499 Hieﬁrosolymitanus,
1103 5426 1193 5479 τὸν
1216 5426 1323 5499 τῷν
1352 5426 1537 5497 ἱερέων
1562 5425 1954 5499 ήῖγεμόνα,’τῶν
1975 5425 2110 5485 ἄπο-

546 5498 745 5571 στρλῳν
780 5497 1307 5571 -τὸνῌέξαρχᾳνηεςῂγ
1341 5500 1397 5551 ἐν
1446 5497 1705 5567 κεφαλαῖς
1740 5503 2017 5571 κορυφήν.
2052 5503 2105 5555 In

546 5569 754 5637 scholio
779 5567 929 5637 Regii
955 5567 1159 5622 codicis
1187 5567 1307 5624 705.
1331 5571 1472 5637 quod
1502 5571 1654 5637 posui
1678 5567 1837 5624 initio
1857 5567 2106 5626 notarum

547 5635 954 5711 in_BarnabanI,
982 5638 1194 5711 πρῶτρς
1224 5635 1540 5711 satia—stone;
1568 5639 1715 5695 Unde
1744 5656 1774 5693 a
1811 5639 2110 5711 Nicephoro

545 5705 651 5779 CP.
688 5710 967 5775 catalogus
1011 5705 1448 5761 Patriarcharum
1495 5705 2105 5779 Hierosolymitan'orum

546 5777 745 5850 texitur
797 5788 921 5850 ante
967 5778 1239 5850 rataIOgos
1273 5779 1601 5850 reliquorum
1653 5777 2103 5850 patriarcharum.

550 5844 779 5901 liulinus
828 5844 1081 5901 Historia:
1120 5844 1484 5902 ecclesiastica:
1527 5844 1740 5905 Eusebii
1782 5866 1811 5904 a
1850 5870 1907 5909 se
1942 5868 2105 5909 versae

2138 5007 2250 5084 Dl.
2282 5023 2343 5070 ιι,
2366 5022 2415 5084 c_.
2448 5007 2484 5084 l_
2512 5026 2526 5060 :
2557 5007 2926 5084 Apostolorum
2962 5007 3287 5084 episcopum.
3326 5007 3596 5084 Denique
3636 5005 3780 5084 gira-

2212 5079 2331 5133 laus
2365 5077 2755 5139 Methonensis,
2778 5079 2845 5131 de
2880 5076 3220 5131 Eucharistia
3261 5097 3276 5133 :
3326 5075 3390 5133 Ὀ
3446 5075 3591 5142 θεῖος
3636 5077 3785 5132 Ἰάκω-

2209 5148 2301 5221 ϐος
2346 5149 2375 5221 gi
2408 5147 2518 5221 frob
2564 5146 2781 5221 npgigroo
2812 5146 2914 5221 stat
2958 5147 3197 5221 psyﬂou
3228 5144 3785 5221 dp]t£p€p§'_ﬁ551§b€

2209 5220 2303 5272 καὶ
2339 5215 2619 5288 διάδοχος.”
2647 5216 2772 5272 Haec
2810 5218 2863 5271 in
2903 5215 3111 5272 Iaudem
3171 5215 3424 5273 Iac‘obi.’
3470 5218 3628 5275 Sedis
3677 5226 3785 5288 vero

2210 5285 2693 5361 Ilierosoly'miticte
2723 5288 2931 5361 illustre
2962 5288 3315 5361 praeconium
3340 5292 3664 5361 suppeditat
3689 5285 3786 5353 Epi-

2210 5361 2347 5414 stola
2368 5356 2567 5431 Iustini
2593 5359 2935 5431 imperatoris
2956 5359 3032 5431 ad
3050 5356 3661 5431 Ilormisdanrpapani,
3688 5368 3786 5425 qua

2210 5429 2562 5498 subsequitur
2583 5428 2825 5495 ejusdem
2854 5429 3123 5499 pontiﬁcis
3140 5428 3627 5499 septuagesimam
3649 5440 3786 5499 quat-

2209 5507 2341 5558 tam,
2368 5495 2515 5552 hisce
2538 5499 2716 5553 verbis
2746 5516 2759 5553 :
2788 5495 2870 5550 Ad
2892 5495 3219 5567 colligendas
3246 5510 3300 5552 et
3335 5495 3779 5554 Jdunandas'ubi-

2207 5584 2303 5637 que
2329 5567 2646 5639 venerabiles
2680 5568 2965 5639 Ecglesias,
2987 5579 3037 5621 et
3069 5567 3645 5639 Hierosolymitanam
3668 5581 3775 5639 pre:-

2209 5634 2357 5706 cipue
2384 5638 2529 5715 :_cui
2565 5634 2814 5715 tamen“.
2845 5648 3052 5715 tantum
3079 5647 3298 5715 ξενίῃ.
3320 5634 3695 5715 Δἔθ(11ῑ.]οηιιιιξε
3719 5636 3787 5715 [af

2208 5724 2380 5763 vorem
2410 5706 2731 5776 impendunt,
2757 5710 2909 5777 quasi
2933 5711 3091 5761 matri
3115 5706 3435 5765 Christiani
3472 5706 3715 5767 nonanis.
3743 5713 3787 5758 ιιι

2209 5795 2355 5853 nemo
2386 5777 2670 5853 gudeatab
2684 5796 2763 5853 ea
2793 5795 2902 5832 sese
2926 5778 3270 5853 discernere.
3331 5779 3563 5838 Videsis
3604 5778 3787 5853 princi-

2208 5850 2355 5919 piqu
2389 5847 2641 5920 Epistolas
2673 5848 2970 5907 Clementis
2992 5850 3057 5904 ad
3088 5846 3399 5917 Iacobum,
3429 5865 3487 5910 et
3514 5846 3785 5925 Epi'tomcs.
