4048 6262
362 362 515 422 »1245

1572 363 2146 425 ιιΕοοαιιιτιοΝυιι
2178 368 2303 424 LIB.
2350 370 2385 426 Ι.

3478 383 3621 440 ίὲιϐ

365 497 490 538 esse
523 481 578 537 in
608 484 757 537 duos
781 479 917 551 (52),,
947 478 1031 533 vel
1064 477 1208 533 sicut
1256 478 1409 549 impii
1457 478 1671 546 dicunt,
1696 481 1947 537 eumdem
1975 486 2025 545 Α
2056 492 2333 540 mortuum
2397 487 2759 553 credidisset,
2828 490 2975 547 ultra
3028 493 3297 552 mulctare
3364 500 3625 570 neglexit.

366 574 675 629 masculum
720 582 774 628 et
822 571 1079 625 feminam
1133 571 1219 626 sui
1260 572 1512 627 effectum
1550 572 1693 643 (55);
1727 574 1821 629 sed
1855 572 1948 627 Fi-

368 668 501 722 lium
558 666 655 721 Dei
696 665 1038 736 unigenitum
1070 664 1326 726 dicimus,
1367 679 1476 718 non
1520 679 1587 718 ex
1628 665 1739 719 alio
1770 665 1946 731 initio,

369 759 464 815 scd
495 774 557 813 ex
594 758 719 827 ipso
760 756 1110 811 ineﬂ‘abiliter
1141 763 1352 809 natum.
1388 754 1653 809 Similiter
1680 756 1847 810 etiam
1882 757 1950 813 de

367 850 656 904 Paracleto
685 849 923 904 dicimus
946 848 1080 919 (54).
1118 846 1222 902 Sed
1269 855 1321 903 et
1372 848 1439 902 de
1466 848 1795 917 baptismate
1823 864 1947 903 cum

366 942 651 1012 aliquanta
707 941 959 1005 dixisset,
1003 956 1099 1011 per
1130 948 1336 1010 septem
1363 940 1655 994 continuos
1686 941 1801 995 dies
1824 956 1948 1010 per-

365 1032 541 1087 suasit
598 1034 748 1087 omni
810 1034 1012 1103 p0pulo
1054 1042 1109 1087 et
1159 1032 1425 1102 pontifici,
1452 1038 1511 1085 ut
1555 1032 1844 1088 confestim
1877 1030 1945 1085 ad

362 1123 776 1193 percipiendum
809 1126 1141 1195 baptismum
1176 1124 1517 1179 festinarent.

434 1215 597 1277 LXX.
637 1216 887 1287 Cumque
920 1218 975 1271 in
1007 1233 1073 1272 eo
1103 1217 1215 1286 jam
1248 1233 1338 1272 res
1359 1224 1505 1273 esset
1535 1216 1669 1287 (55).
1704 1226 1763 1271 ut
1792 1218 1945 1273 veni-

360 1315 485 1360 rent
513 1315 569 1361 et
598 1308 1035 1377 baptizarentur,
1058 1306 1223 1361 homo
1253 1306 1476 1377 quidam
1507 1307 1788 1371 inimicus,
1811 1315 1945 1363 tunc

361 1413 485 1452 cum
520 1400 711 1468 paucis
733 1399 1024 1453 admodum
1053 1398 1368 1469 ingrediens
1396 1400 1679 1469 templum,
1707 1400 1945 1455 clamare

362 1488 529 1556 cmpit
557 1496 613 1542 et
643 1488 859 1543 dicere:
896 1488 1036 1554 Quid
1082 1488 1282 1551 facitis,
1314 1504 1348 1543 ο
1386 1490 1488 1543 viri
1519 1487 1814 1544 Israelitaz?
1842 1505 1943 1543 cur

359 1580 519 1633 vobis
555 1586 667 1633 tam
724 1579 881 1635 facile
935 1581 1279 1651 subripitur?
1313 1581 1756 1652 curprrecipites
1788 1580 1941 1635 duci-

361 1672 497 1727 mini
558 1672 628 1726 ab
675 1672 993 1727 hominibus
1042 1671 1467 1737 infelicissimis,
1500 1680 1554 1727 et
1598 1688 1629 1726 a
1670 1672 1939 1745 [Simone]

361 1761 518 1831 Mago
540 1765 817 1833 deceptis?
846 1764 1092 1835 Cumque
1119 1764 1233 1818 huic
1260 1764 1466 1818 diceret
1496 1774 1550 1818 et
1579 1764 1644 1818 ad
1685 1764 1799 1818 haec
1847 1765 1942 1819 ad-

2124 571 2311 630 LXXI.
2350 575 2534 632 Nostri
2590 595 2721 633 vero
2760 581 3037 636 sublatura
3093 600 3217 639 eum
3256 588 3624 659 collegerunt;

2052 674 2209 720 erant
2246 668 2391 723 enim
2445 677 2501 725 et
2549 688 2778 727 numero
2812 676 2997 750 plures
3024 692 3186 748 quam
3213 679 3291 733 illi
3344 688 3397 736 et
3427 684 3629 738 virtute

2049 758 2307 827 majores,
2340 761 2435 815 sed
2469 771 2691 833 propter
2743 767 3105 822 reverentiam
3156 768 3253 824 Dei
3304 772 3404 842 ipsi
3455 775 3628 844 magis

2052 848 2288 904 interimi
2335 867 2397 906 se
2440 868 2470 907 a
2524 856 2899 924 paucioribus,
2931 874 3096 929 quam
3129 861 3442 920 interimere
3493 866 3628 923 alios

2028 942 2420 1010 patiebantur.
2471 946 2607 1001 Cum
2654 957 2833 1009 autem
2886 967 3113 1023 vespera
3157 954 3447 1023 adfuisset,
3482 967 3624 1016 tem-

2048 1032 2196 1101 plum
2255 1037 2472 1107 quidem
2510 1040 2830 1101 sacerdotes
2866 1044 3165 1115 claudunt;
3218 1064 3321 1105 nos
3380 1067 3511 1106 vero
3556 1054 3625 1109 ad

2048 1123 2269 1180 domum
2298 1126 2486 1183 Jacobi
2536 1134 2777 1201 regressi
2810 1144 2864 1189 et
2895 1146 3281 1206 peruoctantes
3308 1141 3382 1199 ibi
3417 1142 3473 1197 in
3502 1159 3623 1199 ora-

2049 1216 2375 1279 tione,.ante
2434 1222 2610 1277 lucem
2657 1224 3044 1285 descendimus
3078 1228 3337 1287 liiericho
3365 1235 3434 1289 ad
3454 1219 3623 1306 quin-

2047 1322 2156 1376 que
2184 1308 2354 1362 millia
2387 1310 2509 1364 viri.
2547 1309 2681 1367 Post
2739 1314 2982 1369 triduum
3016 1327 3197 1373 autem
3241 1322 3390 1381 venit
3437 1327 3502 1378 ad
3532 1342 3626 1383 eos

2045 1413 2113 1454 ex
2168 1398 2433 1455 fratribus
2484 1402 2706 1472 quidam
2757 1422 2786 1458 a
2842 1407 3159 1475 Gamaliele,
3203 1413 3270 1468 de
3318 1431 3427 1486 quo
3461 1434 3625 1489 supra

2045 1492 2305 1560 diximus,
2358 1498 2605 1553 occultos
2652 1502 2814 1556 nobis
2866 1503 3090 1559 nuntios
3155 1503 3431 1573 deferens,
3479 1513 3623 1581 quod

2044 1584 2301 1642 inimicus
2328 1587 2419 1643 ille
2451 1588 2615 1643 homo
2645 1590 2967 1665 legationem
3004 1596 3337 1667 suscepisset
3357 1613 3384 1650 a
3417 1597 3623 1669 Caipha

2043 1676 2320 1745 pontifice,
2364 1688 2421 1732 ut
2456 1694 2647 1737 omnes
2697 1685 2789 1752 qui
2846 1684 3137 1739 crederent
3169 1687 3224 1741 in
3271 1687 3481 1751 Jesum.
3510 1708 3624 1761 per-

2046 1779 2371 1840 sequeretur
2442 1784 2497 1830 et
2573 1772 2899 1830 Damascum
2938 1788 3189 1849 pergeret
3220 1796 3344 1834 cum
3379 1781 3624 1851 epistolis

360 1855 515 1910 deret
562 1871 625 1910 ac
666 1864 1023 1927 superaretur
1072 1858 1141 1913 ab
1168 1857 1429 1927 episcopo
1458 1856 1685 1921 Iacobo,
1718 1867 1940 1913 contur-
1974 1836 2015 1890 Β
2043 1863 2183 1931 ejus,
2217 1871 2277 1917 ut
2305 1866 2469 1919 etiam
2517 1866 2654 1921 inibi
2686 1870 2893 1924 auxilio
2927 1886 3059 1926 usus
3095 1872 3419 1934 infidelium.
3450 1876 3624 1931 fideli-

358 1944 491 2000 bare
516 1947 775 2016 populum
805 1956 858 2003 et
892 1948 1192 2004 seditiones
1234 1948 1509 2005 suscitare
1530 1950 1722 2019 ccepit,
1759 1951 1839 2005 uti
1869 1965 1936 2004 ne

356 2051 419 2091 ea
447 2053 571 2105 qua:
601 2039 929 2094 dicebantur
963 2041 1119 2111 plebs
1143 2048 1332 2110 posset
1363 2040 1573 2096 audire.
1609 2041 1779 2111 Igitur
1808 2057 1938 2096 exa-

355 2131 528 2199 gitare
586 2140 785 2187 cuncta
848 2134 1206 2198 clamoribus,
1241 2143 1294 2189 et
1332 2150 1453 2204 qua:
1508 2132 1725 2189 fuerant
1766 2136 1937 2190 multo

353 2216 543 2277 labore
597 2224 848 2278 ordinata
905 2225 1235 2289 convellere,
1267 2226 1539 2295 simulque
1572 2226 1828 2281 incusare
1857 2242 1941 2281 sa-

351 2315 700 2379 cerdotes,et
726 2319 1042 2388 opprobriis
1072 2327 1239 2387 atque
1267 2319 1738 2389 increpationibus
1769 2319 1936 2390 cmpit

351 2409 679 2472 accendere,
706 2417 760 2463 et
790 2411 938 2465 velut
964 2409 1295 2465 furibundus
1325 2410 1573 2482 singulos
1596 2427 1845 2481 quosque
1867 2411 1935 2466 ad
1968 2486 1971 2491 ⁴

351 2499 560 2554 caedem
584 2501 882 2565 concitare,
925 2502 1117 2557 dicens
1151 2523 1165 2556 :
1200 2500 1343 2568 Quid
1366 2504 1568 2573 agitis?
1595 2503 1725 2574 quid
1758 2518 1938 2558 cessa-

280 2636 287 2637 ,
349 2590 459 2645 tis?
484 2591 531 2646 Ο
563 2608 759 2663 segnes
799 2603 852 2648 et
896 2593 1140 2658 desides,
1175 2610 1276 2648 cur
1296 2610 1405 2649 non
1439 2596 1695 2651 manibus
1728 2595 1935 2649 nostris

350 2683 666 2739 invadimus
696 2693 751 2739 et
782 2686 1149 2756 discerpimus
1181 2703 1373 2742 omnes
1396 2687 1536 2742 hos?
1565 2687 1631 2740 Et
1664 2703 1789 2741 cum
1818 2687 1935 2743 haec

349 2776 609 2840 dixisset,
644 2777 857 2847 primus
904 2790 1062 2849 rapto
1107 2795 1175 2834 ex
1207 2795 1300 2834 ara
1336 2791 1481 2836 torre
1515 2780 1745 2836 robusto
1770 2780 1935 2835 etedis

340 2866 471 2921 fecit
507 2868 819 2924 exordium.
840 2869 978 2924 Tum
1007 2871 1203 2927 deinde
1225 2878 1279 2927 et
1298 2873 1477 2927 caeteri
1506 2871 1755 2927 videntes
1784 2888 1930 2937 eum,

333 2958 521 3015 simili
572 2962 940 3019 efferebantur
988 2966 1243 3034 insania;
1295 2966 1353 3021 fit
1401 2970 1646 3022 omnium
1701 2969 1930 3047 clamor,

335 3055 675 3110 caedentium
738 3059 945 3126 pariter
1003 3068 1056 3115 et
1120 3075 1429 3125 caesorum,
1495 3060 1718 3130 sanguis
1763 3059 1936 3129 pluri-

2042 1955 2144 2010 bus
2174 1955 2404 2011 infcrret
2436 1958 2696 2027 exitium;
2728 1960 2935 2016 idcirco
2968 1972 3151 2019 autem
3194 1966 3466 2036 praecipue
3513 1966 3624 2021 Da-

2039 2062 2285 2101 mascum
2324 2047 2631 2117 festinaret,
2666 2051 2811 2120 quod
2844 2052 2975 2107 illuc
3008 2054 3324 2125 confugisse
3378 2058 3624 2112 crederet

2037 2134 2260 2191 Petrum
2286 2139 2347 2193 η.
2383 2136 2449 2193 Et
2477 2148 2601 2209 post
2642 2140 2760 2197 dies
2814 2142 2928 2197 fere
2964 2146 3189 2215 triginta
3224 2147 3505 2218 digressus
3538 2160 3624 2207 est

2038 2245 2136 2300 per
2186 2228 2447 2286 Hiericho
2482 2230 2809 2289 Damascum
2872 2240 3128 2305 tendens,
3181 2254 3304 2294 cum
3342 2257 3438 2311 per
3479 2242 3620 2298 idem

2039 2322 2302 2392 temporis
2334 2327 2612 2394 progressi
2658 2343 2907 2384 essemus
2956 2346 3055 2385 nos
3102 2331 3169 2386 ad
3199 2335 3451 2404 sepulcra
3485 2335 3623 2391 duo-

2037 2427 2157 2467 rum
2190 2413 2423 2467 fratrum
2459 2417 2845 2485 quorumdam,
2872 2435 2993 2489 qua:
3027 2429 3223 2492 sponte
3261 2439 3359 2477 sua
3396 2441 3492 2495 per
3521 2441 3622 2480 an-

2036 2520 2138 2559 nos
2155 2506 2403 2575 singulos
2435 2506 2832 2563 dealbabantur
2860 2511 3007 2581 (56);
3042 2528 3150 2582 quo
3178 2513 3444 2570 miraculo
3478 2518 3619 2573 mul-

2036 2607 2217 2654 torum
2244 2599 2531 2653 adversum
2561 2616 2660 2655 nos
2684 2616 2970 2670 repressus
2990 2612 3074 2658 est
3108 2604 3282 2671 furor,
3307 2608 3610 2665 videntium
3684 2595 3691 2604 ’

2036 2690 2225 2745 haberi
2252 2698 2472 2746 nostros
2508 2691 2562 2744 in
2591 2695 2855 2747 memoria
2890 2694 3037 2773 apud
3070 2694 3261 2753 Deum.

2106 2781 2315 2838 LXXII.
2357 2782 2561 2838 Positis
2596 2784 2779 2854 itaque
2812 2788 2970 2842 nobis
3011 2788 3066 2843 in
3099 2788 3380 2855 liiericho,
3428 2792 3615 2863 ibique

2036 2876 2378 2930 orationibus
2425 2884 2480 2931 et
2507 2877 2735 2946 jejuniis
2790 2893 3011 2947 operam
3063 2881 3344 2947 dantibus,
3375 2882 3614 2939 Jacobus

2036 2968 2328 3039 episcopus
2360 2970 2687 3023 accersitum
2730 2985 2814 3024 me
2842 2972 2967 3026 inde
3001 2971 3109 3027 huc
3152 2970 3456 3029 Casaream
3488 2976 3617 3033 mit-

2035 3060 2123 3123 tit,
2158 3060 2349 3114 dicens
2383 3060 2549 3131 :quia
2584 3059 2881 3116 Zacchaeus
2914 3063 2981 3117 de
3032 3063 3282 3125 Caesarea
3329 3067 3614 3140 scripserit

337 3162 473 3203 mus
533 3146 799 3211 funditur.
860 3149 985 3221 fuga
1028 3153 1289 3221 permista
1338 3152 1594 3216 habetur,
1619 3168 1744 3205 cum
1791 3152 1933 3207 iute-
1962 3172 2005 3229 ο
2037 3152 2167 3216 sibi,
2204 3150 2479 3206 Simonem
2522 3151 2812 3222 quemdam
2849 3153 3183 3211 Samaraaum
3240 3173 3457 3231 magum
3492 3159 3615 3229 plu-

340 3238 444 3292 rim
500 3238 589 3293 ille
636 3239 894 3323 inimicus
945 3242 1107 3296 homo
1150 3241 1415 3298 Jacobqu
1472 3260 1799 3315 aggressus,
1859 3244 1926 3300 de

344 3330 583 3403 staminis
637 3330 897 3400 gradibus
957 3335 1291 3405 praecipitem
1345 3334 1515 3400 dedit,
1572 3351 1734 3406 quem
1795 3350 1920 3390 cum

494 3492 534 3529 ⁸²
572 3492 695 3547 Act.
725 3510 864 3559 xm,
895 3494 949 3549 5.

2033 3243 2204 3298 rimos
2236 3250 2553 3297 nostrorum
2604 3243 2946 3308 subvertere,
2981 3255 3315 3302 asserentem
3375 3263 3434 3303 se
3490 3263 3613 3305 esse

2031 3334 2321 3407 quemdam
2348 3332 2595 3391 Stantem
2629 3335 2766 3407 (5'7),
2791 3335 2893 3391 boc
2918 3345 3003 3393 est
3042 3339 3153 3393 alio
3180 3340 3425 3406 nomine,
3448 3340 3598 3397 Chri-

1619 3626 1987 3687 COTELEHH
2030 3629 2242 3687 NOTAE
2254 3672 2266 3687 .

420 3808 532 3881 (52)
574 3808 680 3862 Aut
710 3824 873 3862 unum
908 3808 1134 3863 divisum
1165 3826 1277 3864 esse
1322 3812 1377 3865 in
1424 3810 1579 3867 duos.
1627 3808 1923 3881 Gregorius

339 3880 898 3953 Nazianzeuusiorat.
935 3881 1113 3953 25_,p.
1143 3882 1241 3936 441
1279 3901 1291 3936 :
1323 3881 1610 3947 Φεύξονται
1638 3880 1925 3953 Οὑαλεντίέ

341 3948 435 4033 you
460 3952 574 4033 Acir
604 3948 697 4033 ’τρῦ
732 3950 847 4033 svo;
878 3953 958 4014 εἰς
988 3948 1079 4033 ξύὸ
1108 3954 1441 4033 κατατρμὴν,
1480 3953 1581 4005 οὐκ
1626 3952 1784 4033 dimov
1826 3952 1919 4006 τοῦ

339 4010 550 4094 ἆγαθοῢ
596 4021 687 4075 τὸν
733 4010 1062 4094 δημιουργὸν
1108 4010 1455 4094 simsim;
1487 4038 1695 4094 {quem
1739 4023 1918 4094 locum

414 4094 661 4148 rturbate
689 4091 1060 4157 excuderunt;
1106 4091 1262 4146 ἄλλον
1291 4091 1687 4149 correctionem
1732 4103 1783 4149 et
1822 4092 1918 4148 ἄλ-

372 4182 436 4219 ου
467 4163 657 4232 vitium
692 4163 994 4232 scripturae,
1022 4163 1184 4232 simul
1218 4163 1272 4217 in
1303 4170 1512 4218 textum
1544 4162 1913 4219 admittentes.

415 4234 531 4305 (55)
578 4231 669 4286 Vel
696 4231 832 4305 sicut
880 4232 1026 4299 impii
1066 4231 1267 4297 dicunt,
1313 4242 1421 4294 etc.
1463 4234 1738 4288 Adversus
1778 4232 1923 4288 Gno-

340 4307 496 4363 sticae
514 4303 752 4385 haeresis
786 4311 1202 4385 consectaneos,
1228 4305 1329 4359 hac
1351 4306 1515 4359 etiam
1550 4305 1603 4385 i_n
1633 4314 1787 4385 parte
1823 4320 1915 4359 se-

338 4391 545 4448 quaces
578 4373 1030 4448 philosophorum
1060 4373 1865 4448 fabularumqueAethuicarum.

366 4444 371 4459 ⁵
415 4447 526 4517 (54)
566 4444 824 4501 Similiter
850 4444 1104 4517 etiamde
1134 4444 1414 4499 Paracleto
1445 4445 1691 4517 dicimus.
1728 4444 1784 4499 Si
1813 4444 1917 4517 Pa.

2027 3829 2330 3889 annorum:
2374 3823 2434 3867 ut
2476 3829 2549 3889 ex
2592 3814 3001 3889 comparatione
3044 3814 3396 3889 intelligatur
3422 3820 3605 3889 opinio

2023 3886 2221 3947 nostri,
2267 3900 2387 3955 qua:
2410 3885 2579 3955 etiam
2602 3884 2842 3955 aliorum
2875 3884 3241 3954 quorumdam
3261 3884 3491 3953 exstitit,
3537 3893 3605 3948 de

2024 3953 2384 4015 conversione
2409 3953 2564 4008 Pauli
2591 3954 2729 4009 facta
2753 3965 2875 4024 post
2897 3953 3107 4008 annum
3132 3971 3162 4009 a
3191 3954 3399 4014 Christi
3428 3973 3604 4018 morte

2021 4026 2335 4080 septimum.

2084 4041 2664 4163 I£6"),ull)ne.albabantur.
2716 4093 2908 4148 Matth.
2969 4111 3126 4159 um,
3186 4095 3258 4149 27
3306 4116 3319 4151 :
3388 4098 3603 4158 Similes

2023 4166 2151 4233 estis
2180 4165 2433 4231 sepulcris
2456 4163 2735 4220 dealbatis.
2759 4164 2992 4233 Optatus
3014 4164 3359 4222 Milevitanus
3378 4169 3469 4226 lib.
3498 4188 3558 4225 ιιι
3582 4190 3599 4228 :

2025 4232 2092 4287 In
2123 4235 2233 4288 loco
2257 4234 2535 4289 Octavensi
2564 4235 2721 4288 occisi
2747 4232 2869 4288 sunt
2890 4236 3127 4302 plurimi,
3153 4236 3451 4293 detruncati
3476 4252 3601 4296 sunt

2022 4303 2177 4377 multi
2192 4322 2209 4368 ,'
2238 4321 2457 4375 quorum
2478 4320 2696 4374 corpora
2715 4320 2875 4374 usque
2896 4307 2951 4358 in
2977 4304 3306 4372 h'odiernum,
3333 4322 3425 4377 per
3450 4309 3599 4365 deal-

2024 4373 2175 4428 batas
2208 4373 2332 4445 aras
2362 4385 2453 4437 aut
2485 4391 2693 4429 mensas
2722 4373 2964 4445 poterunt
2992 4379 3282 4433 numerari.

2107 4444 2220 4518 (ἴῃ
2262 4444 2330 4502 Se
2375 4462 2486 4499 esse
2530 4448 2806 4518 quemdam
2849 4444 3110 4501 Stantem.
3145 4446 3262 4518 Lib.
3307 4463 3367 4513 ll,
3392 4463 3512 4518 cap.
3535 4446 3594 4513 7,

333 4514 606 4588 racletum
638 4517 974 4588 n_atum_v_ul_t
1003 4515 1205 4588 dicere,
1231 4515 1510 4588 ἀρχαϊκῶς
1538 4523 1592 4570 et
1621 4515 1918 4588 improprie
1947 4533 1994 4588 υ
2030 4514 2091 4588 ιι
2118 4532 2132 4581 ;
2168 4514 2378 4588 ιίιιηιιι,
2407 4531 2526 4586 cap.
2543 4514 2624 4588 ⁷47
2644 4534 2664 4588 ;_
2687 4516 2940 4588 Cleutent.
2976 4518 3119 4588 hom.
3146 4517 3201 4583 2,
3229 4532 3346 4587 cap.
3370 4514 3473 4585 22,
3492 4518 3590 4585 24;

333 4586 603 4658 louttitur.
626 4585 779 4658 Tum
807 4585 1220 4658 deindehonore
1244 4584 1602 4658 dedignitate
1647 4584 1803 4638 Patri
1853 4602 1915 4658 ac

338 4654 486 4712 Filio
528 4656 783 4717 sociatum
838 4655 1170 4710 tradiderunt
1230 4654 1489 4726 Spiritum
1541 4665 1802 4711 sanctum.
1847 4654 1914 4711 In

337 4729 437 4782 hoc
467 4746 567 4781 non
592 4727 709 4796 jam
742 4726 1019 4796 manifeste
1043 4727 1379 4795 discernitur,
1430 4736 1608 4795 utrum
1642 4735 1798 4779 natus
1842 4727 1912 4780 sit

340 4817 412 4853 an
441 4801 677 4853 innatus.
710 4797 887 4852 Verba
918 4807 1047 4852 sunt
1068 4797 1339 4866 Origenis,
1372 4798 1427 4850 in
1454 4796 1719 4866 protentio
1747 4796 1913 4850 libro:

339 4884 462 4925 rum
494 4868 572 4921 De
608 4868 899 4938 principiis.
940 4867 1231 4938 Dionysius
1268 4867 1570 4938 Dedipiuis
1614 4866 1911 4938 nominibus

338 4955 461 5008 cap.
554 4958 565 5007 ξ
598 4933 785 5009 Πᾴλινέ
815 4940 901 5009 ὅτι
928 4939 1024 5009 μὲν
1052 4933 1165 5009 ﬁeri.
1195 4937 1403 5009 πηγαία
1428 4936 1616 5009 Ocean;
1645 4940 1674 5009 ῤ
1700 4937 1909 5009 Πατὴρ,

335 5010 366 5061 ὁ
392 5004 449 5063 δὲ
496 5004 701 5079 Ἰησοῦς
738 5009 831 5061 καὶ
860 5004 1172 5079 τὸἸΙνεῦμα
1202 5004 1300 5079 τῆξ
1346 5004 1592 5079 θεογὸνορ
1638 5004 1908 5079 agema;

334 5083 387 5134 εἰ
415 5076 567 5133 οὔτιν’
588 5078 692 5148 χρὴ
734 5079 916 5148 φάναι,
969 5076 1185 5148 βλασδτοὶ
1233 5076 1495 5147 θέόφυτοι.
1545 5076 1635 5130 Sic
1683 5076 1911 5148 Nonnus

337 5146 758 5219 i’arapbrasi‘in
785 5146 1042 5219 Joannem
1086 5165 1205 5219 cap.
1240 5146 1352 5212 xlv,
1400 5163 1541 5203 vers.
1575 5148 1683 5202 65:
1725 5146 1913 5219 Παρὰτ

335 5217 556 5291 κλητόν,
592 5217 810 5288 Χριστῷ
855 5218 1131 5291 σύγγονον
1155 5217 1431 5291 appellat,
1459 5226 1512 5273 et
1550 5217 1908 5291 quemadmo-

334 5288 465 5343 clum
493 5298 614 5358 eap.
649 5304 708 5350 ιι,
743 5304 885 5342 vers.
910 5288 998 5351 64,
1029 5288 1346 5359 scripserat,
1377 5290 1648 5359 αὐτογόνῳ
1682 5288 1806 5353 ὑὶἐῖ,
1834 5288 1908 5359 ita

334 5376 457 5431 cap.
494 5357 590 5431 In,
614 5374 751 5431 vers.
784 5359 872 5431 55,
902 5360 1069 5419 cauit,
1101 5357 1413 5431 Πῆεύματος
1454 5357 1782 5431 ᾳὺτογόνοιο.
1821 5358 1908 5431 _l_n

336 5427 595 5484 Methodii
628 5428 916 5500 Symposio
964 5436 1104 5496 orat.
1155 5427 1261 5499 1οί
1293 5431 1396 5486 sub
1442 5429 1626 5494 finem,
1680 5427 1779 5492 τὰς
1814 5428 1908 5481 δύο

331 5501 656 5572 ἀρχεγόντίιις
682 5499 956 5572 δυνᾴμεις.

403 5568 516 5641 (55)
557 5568 967 5641 Cumque'ineo
1005 5568 1122 5641 jam
1172 5586 1253 5637 res
1308 5579 1462 5641 esset.
1514 5570 1612 5626 Ms.
1663 5568 1901 5624 Carmel.

328 5636 463 5696 esset
487 5636 721 5720 Saulus;
749 5640 839 5710 ubi
880 5636 1078 5709 Saulus
1111 5648 1242 5720 nota
1277 5636 1363 5697 esi
1382 5641 1717 5720 marginalils,
1750 5656 1904 5720 sitm:

332 5721 421 5780 pta
451 5721 544 5766 aut
573 5727 603 5766 e
627 5728 683 5765 re
706 5704 844 5781 ipsa,
879 5721 971 5763 aut
994 5704 1061 5762 ex
1098 5710 1268 5763 Abdia
1306 5704 1629 5781 suppositio.
1653 5704 1904 5781 Conferri

332 5772 512 5837 autem
567 5772 742 5838 debet.
771 5772 917 5836 totus
970 5781 1125 5835 locus
1175 5795 1299 5832 cum
1331 5772 1427 5834 his-
1448 5780 1628 5835 verbis
1662 5772 1911 5848 cap.'43:

333 5854 634 5931 Septimum
665 5854 771 5922 iam
798 5870 902 5921 una
934 5867 997 5908 ex
1029 5850 1275 5923 passione
1307 5849 1516 5907 Domini
1548 5850 1903 5922 complebatur
1946 5916 1956 5931 _

2030 4586 2194 4656 hom.
2240 4584 2323 4656 i8,
2375 4584 2497 4656 cap'.
2547 4586 2600 4648 6,
2651 4586 2702 4652 7,
2750 4587 2838 4647 η.
2886 4588 2987 4651 ll;
3030 4584 3465 4655 Epitom..'uum.
3500 4584 3590 4643 ει»

2028 4653 2347 4726 intelligitur
2375 4653 2501 4711 hinc
2532 4672 2700 4725 quare
2745 4656 3031 4714 Dositheus
3074 4653 3128 4711 et
3159 4658 3346 4712 Simon
3388 4660 3596 4715 Stantis

2028 4726 2367 4797 nomeu_sibi
2422 4737 2782 4782 assumerent.
2826 4726 2898 4780 De
2951 4729 3127 4797 primo
3164 4727 3421 4795 Origenes
3456 4739 3592 4785 tom.

2028 4810 2119 4870 xiv
2150 4797 2206 4870 in
2234 4794 2496 4870 Joannem
2534 4812 2654 4870 pag.
2693 4794 2966 4870 H_9,_420
2992 4814 3005 4849 :
3045 4797 3244 4870 Oiiswe
3266 4794 3373 4870 εἰπρ
3404 4801 3593 4870 Σαμα-

2018 4865 2154 4935 ρέων
2180 4864 2425 4953 Δοσίθεςς
2454 4862 2550 4953 eis;
2568 4862 2805 4947 ἀῦασςτὰς
2830 4862 3082 4953 genarum“
3100 4862 3457 4953 ἑμυτὸνέἶναι
3486 4862 3591 4953 ξτξὶν

2014 4933 2482 5018 ἁῖροεερητευμένον
2507 4935 2737 5005 Χριστόν
2768 4951 2780 4963 ’
2827 4934 2919 5002 ἐφ’
2958 4933 3019 4987 οὗ
3054 4933 3211 5016 δεῦρο
3251 4936 3410 5008 μέχρι
3453 4938 3590 4991 εἰσὶν

2011 5007 2402 5083 οιᾼοσιθεινρὶ,
2433 5005 2686 5083 φέρρντξες
2718 5004 2810 5083 ita}
2845 5004 3059 5083 βίϐλους
3083 5022 3176 5059 του
3192 5007 3466 5083 ᾼοσιφέου,
3490 5009 3588 5063 καὶ

2015 5075 2223 5149 μιᾷθους-
2249 5077 2400 5149 τινὰς
2428 5074 2747 5149 raptae-toﬁ
2766 5074 3142 5149 _6t'_qyodpsv0t,
3176 5077 3253 5149 ὡς
3283 5079 3357 5149 μὴ
3388 5096 3588 5149 γευσα-

2015 5144 2454 5228 ξένριίθανάτφι,
2492 5144 2611 5198 ἀλλ’
2832 5144 2930 5228 ﬂigi
2956 5144 3057 5201 mu
3089 5144 3464 5228 pudicita;
3500 5148 3592 5228 Sic

2010 5215 2291 5288 Dositheus
2313 5216 2528 5288 quidam
2556 5217 2757 5269 exstitit
2785 5231 2849 5268 ex
2870 5215 3269 5288 ASamaritau‘is,
3314 5220 3402 5286 qui
3429 5236 3483 5273 se
3507 5221 3591 5288 ip-

2009 5303 2125 5340 sum
2166 5285 2356 5358 diceret
2415 5285 2683 5358 Christum
2716 5285 3093 5358 prophetatum
3139 5302 3158 5339 :
3211 5305 3243 5340 a
3284 5285 3384 5358 quo
3425 5285 3589 5358 usque

2010 5357 2467 5433 nuncpositheini
2492 5366 2637 5433 sunt,
2665 5357 2826 5411 libros
2858 5356 3090 5433 Dosithei
3126 5356 3581 5433 circumferentes,

2007 5436 2057 5480 et
2093 5427 2302 5495 fabulas
2335 5426 2594 5498 quasdam
2626 5436 2934 5498 enarrantes
2980 5428 3042 5480 de
3070 5444 3153 5491 eo,
3184 5426 3399 5495 perinde
3427 5431 3584 5498 quasi

2009 5506 2230 5570 mortem
2256 5496 2367 5570 non,
2387 5498 2702 5570 degustarit,
2728 5496 2823 5570 sed
2850 5498 3128 5570 alicubiin
3145 5498 3249 5570 hac
3271 5500 3378 5553 vita
3405 5496 3580 5570 degat.

2008 5566 2084 5623 De
2112 5569 2283 5623 altero
2312 5566 2562 5623 Clemens
2588 5566 2987 5625 Alexandrinus
3028 5567 3174 5621 Varii
3197 5571 3365 5637 operis
3398 5566 3491 5625 lib'.
3517 5585 3582 5634 ιι,

2009 5654 2061 5709 p.
2090 5638 2198 5702 385
2237 5658 2248 5692 :
2284 5639 2350 5709 Οἱ
2380 5638 2436 5692 δὲ
2469 5638 2610 5709 ἀμφὶ
2641 5637 2737 5709 τὸνί
2761 5638 2996 5709 Σίμῳνα,
3028 5637 3105 5709 τῷ
3144 5639 3387 5706 Ἐστῶτι,
3414 5640 3472 5693 ὃν
3496 5640 3586 5694 σέ-

2006 5708 2212 5773 ϐουσιν,
2245 5708 2620 5781 ὲξομοιοῦᾼάθαι
2640 5708 2845 5781 τρόπον
2879 5708 3171 5781 βρύλονται.
3221 5711 3451 5765 Simonis
3480 5727 3581 5781 aue

2008 5790 2109 5833 tem
2134 5778 2438 5845 sectatores,
2470 5778 2647 5834 Stauti
2670 5778 2820 5849 (luem
2849 5780 3046 5843 cotuut,
3082 5782 3262 5835 uolunt
3287 5780 3581 5837 assimilari

2008 5850 2260 5907 moribus.
2296 5849 2401 5921 Qui
2445 5850 2733 5908 Stromatci
2774 5851 2926 5908 locus
2960 5851 3333 5918 difﬁcultatem
3367 5850 3578 5923 peperit
