4048 6262
548 308 682 364 12η

1398 308 1455 365 Β.
1493 310 1884 368 οιειιωιτιε
1917 312 1938 367 l
1969 312 2133 369 ROM.
2170 314 2371 370 PONT.
2405 315 2631 373 OPERA
2664 317 2890 374 DUBIA.

3616 327 3733 383 {2&8

543 436 713 491 stum,
745 434 799 483 et
853 426 1109 482 virtutem
1168 443 1435 484 summam
1464 428 1663 483 excelsi
1699 427 1795 484 Dei
1841 428 1978 500 (59),
2012 430 2106 500 qui
2136 438 2179 493 Α
2210 447 2275 486 eo
2316 434 2727 504 baptizarentur
2767 436 2822 489 iu
2858 435 3079 489 nomine
3119 431 3272 496 Iesu,
3305 433 3553 492 inimicus
3596 438 3733 495 homo

544 525 614 577 sit
650 536 812 589 supra
871 519 1209 575 conditorem
1257 520 1469 585 mundi,
1505 520 1775 589 simulque
1830 522 2105 576 mirabilia

543 615 777 684 plurima
807 611 1103 669 ostendens
1138 612 1279 668 alios
1334 612 1605 674 dubitare,
1642 613 1779 668 alios
1836 613 2111 668 declinare

544 707 733 760 fecerit
778 704 844 757 ad
902 721 991 771 se;
1053 713 1364 774 cunctaque
1410 703 1697 773 diligenter
1731 712 2009 774 comperta
2039 705 2110 758 ab

463 831 466 835 η
539 798 648 861 Itis,
686 797 777 866 qui
812 796 966 865 prius
996 795 1078 849 vel
1113 796 1246 849 socii
1280 794 1420 863 ejus,
1459 794 1545 846 vel
1583 795 1837 865 discipuli
1868 795 2106 859 fuerant,

540 895 593 940 et
627 895 751 956 post
780 886 880 939 hoc
914 885 978 938 ad
1015 884 1330 937 Zacchazum
1360 883 1610 937 conversi
1644 892 1793 948 sunt,
1828 886 2103 940 indicavit.

542 977 691 1031 Multi
738 985 865 1031 sunt
916 992 1065 1046 ergo,
1099 976 1275 1045 inquit
1302 972 1562 1037 Iacobus,
1597 992 1631 1029 o
1659 974 1840 1038 Petre.
1872 993 2106 1047 quorum

540 1068 733 1121 salutis
769 1068 932 1120 causa
984 1066 1251 1135 proﬁcisci
1295 1073 1348 1119 te
1375 1074 1610 1136 oportet,
1646 1076 1700 1121 et
1729 1082 1961 1139 arguere
1992 1084 2107 1123 ma-

539 1173 688 1228 gum,
720 1172 783 1209 ac
812 1172 1117 1211 sermonem
1150 1156 1395 1210 veritatis
1429 1157 1661 1224 docere;
1687 1159 1783 1213 sed
1817 1160 1953 1213 nihil
1986 1175 2103 1214 mo-

540 1250 699 1314 reris,
726 1264 901 1317 neque
932 1257 983 1302 te
1012 1245 1303 1301 contristet
1348 1248 1491 1315 quod
1533 1248 1684 1302 solus
1716 1249 2103 1318 proﬁcisceris,

539 1344 718 1397 sciens
750 1342 998 1397 comitem
1031 1341 1127 1393 tibi
1161 1348 1211 1394 et
1242 1341 1546 1409 adjutorem
1577 1341 1745 1397 Deum
1780 1358 1875 1412 per
1895 1342 2103 1407 Iesum,

538 1440 593 1487 et
623 1433 730 1487 cito
760 1449 856 1502 per
887 1432 1006 1501 ejus
1038 1432 1264 1502 gratiam
1299 1433 1500 1487 multos
1534 1434 1631 1487 tibi
1668 1435 1849 1490 socios
1878 1443 1933 1489 et
1964 1452 2101 1489 una-

540 1527 713 1579 nimes
748 1525 879 1579 fore.
914 1524 1049 1579 Dato
1084 1541 1215 1580 sane
1244 1542 1489 1596 operam,
1516 1534 1575 1579 ut
1610 1543 1705 1597 per
1740 1528 1984 1598 singulos
2007 1545 2105 1583 an-

535 1634 637 1671 nos
694 1618 964 1687 przecipua
1015 1634 1241 1687 quaeque
1304 1634 1370 1672 ex
1426 1617 1589 1673 dictis
1648 1619 1925 1690 gestisquc
1994 1622 2104 1676 tuis

536 1710 740 1779 scripta
796 1710 982 1765 mittas
1024 1709 1093 1762 ad
1140 1727 1246 1777 me,
1287 1718 1340 1764 et
1380 1711 1613 1765 maxime
1644 1727 1739 1780 per
1767 1714 2102 1783 septimanas

536 1778 827 1853 annorum.
860 1798 923 1852 Et
949 1798 1036 1853 bis
1067 1798 1231 1854 dictis
1253 1799 1515 1856 dimissus
1538 1801 1606 1855 ab
1644 1778 1738 1869 eo,
1782 1778 1878 1857 sex
1910 1802 2102 1860 diebus
2136 1778 2176 1833 Β

532 1892 753 1961 perveni
783 1892 1110 1945 Caesaream.

606 1982 834 2039 LXXIII.
878 1981 1207 2053 lngrcdienti
1270 1996 1449 2040 autem
1516 1987 1646 2040 mihi
1695 1996 1937 2042 occurrit
1968 1988 2104 2044 Zac-

531 2075 717 2131 chams
736 2076 1126 2131 dilectissimus
1158 2078 1327 2132 frater
1350 2090 1560 2144 noster,
1597 2087 1650 2134 et
1685 2079 1959 2137 inhaerens
1988 2096 2105 2136 am-

533 2170 785 2239 plexibus
819 2170 954 2225 meis
974 2171 1228 2239 perduxit
1258 2171 1324 2226 ad
1360 2174 1462 2227 hoc
1493 2173 1546 2226 in
1570 2189 1682 2243 quo
1716 2174 1833 2243 ipse
1862 2190 2105 2233 comma-

533 2260 698 2313 nebat
730 2259 1053 2330 hospitium,
1078 2262 1366 2331 requirens
1397 2277 1427 2315 a
1461 2278 1546 2317 me
1589 2264 1661 2318 de
1708 2264 1940 2336 singulis
1986 2268 2105 2337 qui-

531 2353 745 2423 busque
795 2352 1076 2416 fratribus,
1126 2354 1400 2423 praecipue
1451 2363 1633 2409 tamen
1683 2355 1751 2412 de
1797 2357 2104 2413 honorabili

533 2446 701 2501 fratre
731 2454 922 2501 nostro
953 2446 1177 2502 Iacobo.
1214 2446 1465 2517 Cumque
1492 2448 1737 2504 audisset
1765 2464 1797 2501 a
1827 2465 1935 2512 me,
1957 2450 2103 2520 quod

533 2553 643 2591 uno
679 2535 857 2590 adhuc
886 2535 1221 2589 elaudicaret
1277 2535 1433 2605 pede,
1472 2536 1810 2605 percontanti
1842 2538 2103 2593 continuo

532 2644 776 2693 causam,
800 2628 982 2683 omnia
1017 2628 1133 2682 haec
1177 2642 1299 2697 quae
1331 2643 1475 2682 nunc
1509 2627 1606 2681 tibi
1642 2630 2019 2699 exposuimus,
2050 2629 2102 2685 ei

531 2721 812 2781 enarravi;
868 2720 1143 2790 quomodo
1174 2719 1217 2750 "
1248 2720 1457 2774 evocati
1505 2735 1751 2776 essemus
1785 2737 1817 2775 a
1844 2722 2104 2778 sacerdo-

530 2815 677 2868 tibus
704 2821 757 2868 et
791 2812 1048 2882 pontiﬁce
1089 2811 1298 2882 Caipha
1332 2812 1398 2865 ad
1444 2812 1730 2883 templum,
1763 2821 1817 2868 et
1863 2812 2103 2873 Iacobus

532 2907 979 2977 archiepiscopus
1012 2913 1166 2961 stans
1195 2905 1251 2959 in
1307 2907 1537 2962 summis
1570 2908 1851 2978 gradibus,
1883 2924 1980 2979 per
2014 2925 2102 2965 se-

532 3007 675 3077 ptem
709 2997 1001 3051 continuos
1034 2995 1151 3050 dies
1177 2996 1436 3051 universo
1468 2997 1670 3067 popqu
1698 2997 1765 3052 de
1795 2996 2099 3067 Scripturis

2209 524 2448 579 effecerit
2479 528 2570 580 illa
2600 528 2806 591 omnia,
2832 542 2955 597 quae
3003 543 3169 599 supra
3196 526 3455 593 diximus,
3488 538 3545 583 ut
3570 546 3631 586 ne
3657 547 3732 586 ea-

2210 618 2331 673 dem
2365 619 2561 673 iterum
2585 620 2855 674 dicamus.

2278 709 2513 765 LXXIV.
2542 711 2750 777 Quibus
2783 712 3020 783 cognitis
3047 712 3341 767 Zacchaaus
3395 728 3579 769 rursus
3621 717 3732 770 mihi

2207 818 2327 872 qua:
2356 820 2386 857 a
2427 802 2651 857 Simone
2693 810 2983 873 agerentur
3033 803 3293 872 exponit;
3340 812 3394 858 et
3445 805 3578 859 inter
3618 807 3730 869 haec,

2208 893 2396 947 nescio
2424 891 2569 947 unde
2591 892 2811 962 cognito
2836 891 3069 946 adventu
3098 907 3250 956 meo,
3300 895 3415 962 ipse
3443 896 3645 949 mandat
3678 899 3734 952 ad

2207 1001 2295 1040 me
2325 985 2554 1041 Simon:
2583 984 2873 1048 Audiente,
2905 984 3102 1052 inquit,
3150 986 3350 1055 populo
3394 986 3481 1040 die
3524 989 3733 1043 crastina

2206 1077 2570 1148 disputemus.
2620 1076 2723 1132 Cul
2777 1092 2877 1147 ego
2908 1096 2921 1132 :
2956 1075 3100 1142 Fiat,
3143 1077 3386 1147 inquam,
3422 1083 3480 1131 ut
3521 1078 3654 1134 libet.
3682 1079 3735 1133 Et

2208 1167 2323 1222 bzec
2354 1167 2678 1236 pollicitatio
2701 1181 2821 1221 mea
2868 1168 3136 1223 universae
3179 1168 3415 1221 innotuit
3448 1168 3655 1234 civitati,
3674 1170 3735 1223 ita

2206 1265 2268 1312 ut
2296 1259 2459 1313 etiam
2483 1264 2541 1312 tu
2572 1257 2667 1328 qui
2700 1258 2817 1327 ipsa
2848 1258 2935 1312 die
2956 1258 3279 1321 adveneras,
3304 1258 3542 1314 disceres
3569 1275 3644 1313 me
3663 1259 3734 1314 die

2206 1358 2426 1421 postera
2451 1364 2576 1403 cum
2613 1347 2835 1404 Simone
2875 1349 3191 1403 habiturum
3234 1365 3355 1405 esse
3393 1357 3664 1412 certamen,
3690 1360 3733 1405 et

2208 1441 2472 1511 requisita
2500 1442 2786 1496 mansione
2818 1448 3007 1497 nostra
3036 1440 3338 1497 secundum
3364 1441 3559 1495 indicia
3584 1457 3686 1511 qua:
3708 1458 3731 1496 τι

2205 1532 2455 1587 Barnaba
2494 1547 2811 1603 acceperas,
2860 1534 3076 1588 venires
3101 1534 3169 1588 ad
3197 1547 3319 1587 nos.
3376 1533 3484 1602 Ego
3530 1550 3644 1587 vero
3666 1536 3729 1586 in-

2204 1640 2396 1698 gressu
2427 1632 2521 1678 tuo
2550 1625 2624 1678 ita
2650 1625 2955 1694 gratulatus
2987 1640 3107 1680 sum
3133 1664 3150 1690 ,
3184 1633 3241 1679 ut
3263 1627 3451 1680 nescio
3478 1627 3610 1679 unde
3637 1642 3733 1681 mo-

2208 1724 2316 1779 tus,
2349 1715 2691 1771 festinaverit
2718 1715 2937 1771 animus
2968 1731 3123 1771 meus
3152 1731 3426 1786 exponere
3447 1717 3539 1771 tibi
3566 1725 3732 1769 cuncta

2204 1808 2487 1873 velociter,
2526 1808 2798 1878 pracipue
2828 1814 3010 1862 tamen
3045 1808 3190 1877 quod
3222 1816 3308 1863 est
3332 1810 3386 1861 in
3441 1807 3539 1863 ﬁde
3588 1809 3733 1861 maxi-

2204 1914 2353 1952 mum
2381 1898 2448 1952 de
2470 1914 2599 1953 vero
2628 1899 2913 1970 propheta,
2954 1899 3103 1969 quod
3138 1915 3310 1954 unum
3362 1914 3427 1953 ac
3458 1899 3612 1953 totius
3654 1900 3733 1952 do-

2205 1991 2396 2044 ctrinae
2426 1989 2839 2045 fundamentum
2869 1990 3116 2047 suﬁicere
3167 2006 3335 2060 posse
3366 2007 3472 2045 non
3522 1991 3734 2060 ambigo;

2203 2088 2320 2135 tum
2347 2082 2510 2145 etiam
2536 2082 2579 2112 “
2602 2084 2821 2154 scripta
2844 2083 2978 2154 legis
3006 2098 3102 2153 per
3126 2081 3343 2154 singula
3364 2099 3582 2154 quicque
3609 2083 3734 2151 capi-

2202 2172 2316 2226 tula
2353 2186 2587 2242 quorum
2610 2172 2754 2231 ratio
2799 2172 3079 2243 poscebat,
3103 2174 3455 2229 secretiorem
3486 2174 3574 2229 tibi
3600 2173 3732 2229 intel-

2203 2261 2481 2332 ligentiam
2508 2262 2763 2333 patefeci,
2800 2278 2910 2317 non
2940 2263 3271 2317 occultansa
3306 2270 3361 2321 te
3392 2278 3489 2317 nec
3515 2262 3733 2319 traditio-

2202 2369 2333 2408 num
2360 2355 2526 2410 bona.
2557 2353 2688 2421 Quae
2712 2370 2840 2412 vero
2860 2362 3157 2426 supersunt
3184 2355 3458 2424 incipiens
3476 2371 3504 2408 a
3527 2354 3610 2413 die
3633 2368 3732 2409 cra-

2200 2447 2380 2512 stina,
2415 2463 2484 2502 ex
2536 2447 2620 2503 bis
2662 2462 2786 2517 quae
2816 2447 2872 2501 in
2908 2447 3311 2517 quaestionibus
3364 2462 3486 2503 cum
3542 2445 3733 2503 Simone

2203 2540 2587 2604 movebuntur,
2618 2556 2718 2611 per
2758 2540 2876 2595 dies
2922 2540 3170 2610 singulos
3220 2540 3433 2603 audies,
3485 2554 3737 2608 usquequu

2202 2629 2313 2686 Deo
2346 2631 2562 2687 favente
2584 2634 2937 2702 perveniatur
2964 2631 3031 2685 ad
3057 2631 3229 2700 ipsam
3256 2647 3368 2701 quo
3391 2634 3490 2689 iter
3518 2640 3731 2684 nostrum

2200 2722 2545 2795 dirigendum
2578 2724 2855 2779 credimus
2901 2724 3091 2779 urbem
3124 2721 3376 2780 Romam.
3412 2721 3639 2791 Cumque
3677 2719 3736 2775 ad

2200 2814 2317 2868 haec
2346 2814 2417 2870 ab
2445 2829 2512 2870 eo
2542 2814 2709 2878 dicta,
2735 2829 2951 2869 omnem
2981 2814 3211 2885 gratiam
3234 2829 3324 2869 me
3352 2812 3401 2867 ei
3423 2812 3605 2867 debere
3631 2826 3733 2879 pro.

2201 2904 2427 2969 Iiterer,
2480 2904 2868 2975 facturumque
2916 2906 3099 2959 omnia
3153 2920 3238 2958 me
3284 2920 3409 2975 quae
3453 2903 3735 2974 praeciperet

2199 2994 2605 3067 promptissime
2635 2994 2944 3064 pollicerer,
2970 2995 3094 3049 cibo
3116 3004 3336 3071 sumpto
3360 2995 3627 3065 quiescere
3648 3008 3737 3053 nos

543 3087 841 3141 Dominicis
871 3082 1251 3154 assignaverit,
1288 3082 1434 3153 quod
1461 3081 1620 3139 Iesus
1650 3094 1795 3138 esset
1820 3081 2096 3151 Christus,
2122 3119 2175 3178 ο
2195 3086 2365 3156 jussit
2386 3086 2603 3157 sibique
2632 3087 2749 3157 ipse
2776 3085 3015 3159 quietem
3036 3086 3207 3142 dedit.

530 3195 707 3250 quove
753 3178 914 3233 modo
961 3176 1216 3231 omnibus
1257 3175 1371 3244 jam
1407 3174 1905 3246 acquiescentibus,
1940 3180 2000 3231 ut
2029 3173 2099 3229 ab

606 3337 650 3369 "
691 3331 1277 3403 Quomodo—dicamus
1323 3329 1522 3386 desunt
1551 3331 1606 3386 in
1637 3340 1874 3403 utroque
1901 3330 2023 3386 cod.
2060 3329 2210 3399 Lips.
2279 3329 2325 3363 ιδ
2354 3328 2486 3384 Tum
2514 3328 3093 3384 etiam—trcditianum
3147 3327 3283 3382 bona
3347 3328 3544 3399 pariter
3571 3326 3738 3381 desunt

531 3408 587 3467 in
616 3414 847 3474 utroque
878 3404 1000 3458 cod.
1032 3402 1182 3472 Lips.

1793 3544 2157 3603 COTELERII
2196 3545 2431 3602 ΝΟΤᾹΞ.

529 3711 741 3775 duobus
787 3706 1072 3762 Societatis
1114 3703 1243 3759 Iesu
1286 3701 1600 3775 insignibus
1640 3699 1926 3775 theologis,
1968 3698 2095 3775 Dio-

530 3769 687 3854 nysio
715 3778 934 3854 Petavip
980 3769 1456 3854 adEpiplpniuﬁi
1489 3772 1781 3854 innhaaresi
1804 3769 2091 3854 “Simoniaf

530 3840 746 3914 norum,
775 3858 829 3903 et
876 3840 1399 3914 Fraucisco'Vigero
1445 3843 1499 3896 in
1540 3840 1739 3896 Euseb.
1790 3840 2093 3909 Prwparat.

526 3920 880 3993 evangel._lib.
913 3934 973 3983 ιι,
1005 3932 1126 3986 cap.
1162 3916 1247 3970 18.
1463 3982 1474 3993 ⁸
1512 3982 1523 3993 ,
1567 3980 1602 3993 ἢ
1642 3982 1653 3992 ,
1722 3981 1788 3993 ___
1892 3980 1902 3991 ,

601 3980 713 4063 (53)
761 3980 1016 4063 Virtutem
1043 3980 1305 4041 sitmmam
1332 3982 1523 4063 eacelsi
1556 3980 1678 4063 Dei,
1722 3980 1937 4063 M_iser’is
1978 3995 2095 4063 mo:-

526 4050 619 4118 dis
645 4050 931 4116 deformati
965 4067 1093 4111 sunt
1137 4069 1329 4111 versus
1355 4052 1607 4107 Auctoris
1650 4050 1996 4121 ψευδωνύμου
2043 4058 2097 4103 et

528 4132 832 4203 ἀνωνύμων,
869 4137 989 4200 post
1013 4126 1332 4183 Tertulliani
1361 4123 1562 4193 Opera,
1612 4122 1706 4177 lib.
1758 4139 1796 4186 ι,
1842 4125 2092 4173 adversus

527 4201 848 4257 Marciorum
873 4220 893 4256 .'

590 4218 848 4256 αιτιοηαιη
873 4220 893 4256 ἕ

2269 3698 2529 3775 Infando;
2554 3701 2698 3755 omni
2721 3703 2938 3775 magiae
2963 3702 3224 3757 dementia
3248 3708 3431 3775 plenos

2270 3770 2572 3833 Persuasit,
2599 3787 2711 3825 sese
2739 3770 2979 3827 virtutem
3006 3774 3177 3828 dicere
3201 3770 3493 3839 summam;

2272 3839 2495 3917 Fingere
2517 3843 2947 3917 cumgteretrice,
2975 3845 3123 3913 nefas
3150 3862 3453 3917 peragrare,
3477 3846 3650 3902 volare.

2202 3910 2331 3966 Sine
2359 3911 2524 3965 dubio
2554 3912 2717 3968 scribi
2742 3912 2901 3970 debet
2939 3932 2954 3970 :

2270 3978 2736 4054 Infando‘Simoni
2770 3984 2975 4053 magica
3003 3984 3263 4040 dementia
3290 3988 3442 4054 pleno

2272 4051 2571 4114 Persuasit,
2603 4069 2713 4108 sese
2732 4051 2972 4107 virtutem
2994 4054 3165 4109 dicere
3191 4051 3456 4111 summam
3477 4073 3495 4110 :

2267 4119 2512 4191 Fingere,
2536 4137 2656 4175 cum
2676 4124 2966 4189 meretrice,
2994 4125 3166 4194 nefas,
3189 4144 3491 4198 peragrare,
3516 4128 3686 4182 volare.

536 4348 3713 4379 WW—

1600 4467 1963 4561 ιλιιΕῆ
2030 4464 2679 4555 SECUNDUS.

599 4781 640 4837 1.
672 4778 808 4834 Cmn
842 4782 1020 4831 autem
1055 4772 1194 4837 dies,
1252 4785 1373 4841 quae
1398 4768 1464 4822 ad
1516 4766 1932 4836 disceptandum
1962 4781 2088 4821 cum
2123 4773 2165 4826 Ι)
2196 4767 2473 4823 Eliesdros
2500 4775 2554 4823 et
2582 4767 2840 4833 Pbinees,
2872 4767 3111 4824 Lazarus
3141 4778 3195 4824 et
3222 4770 3472 4837 Eliseus;
3501 4775 3615 4839 post
3645 4766 3728 4819 hos

527 4872 747 4930 Simone
768 4873 976 4929 statuta
1003 4864 1198 4926 fuerat,
1225 4862 1568 4916 illucesceret
1595 4899 1609 4923 ,
1656 4857 1853 4912 Petrus
1897 4858 2090 4927 primis

524 4964 787 5036 gallorum
842 4957 1100 5012 cantibus
1157 4969 1389 5023 surgens
1438 4949 1699 5005 excitavit
1751 4949 1913 5003 etiam
1957 4965 2088 5015 nos;

522 5071 739 5113 eramus
772 5051 917 5107 enim
941 5050 995 5102 in
1025 5047 1215 5102 eodem
1270 5043 1516 5098 conclavi
1575 5042 1883 5095 cubitantes
1924 5041 2089 5094 simul

522 5164 713 5205 omnes
762 5142 1044 5204 tredecim,
1101 5140 1156 5193 in
1203 5138 1402 5207 quibus
1444 5135 1652 5205 primus
1699 5139 1823 5203 post
1863 5131 2088 5187 Petrum

520 5240 835 5303 Zacchreus,
859 5235 1053 5292 deinde
1077 5232 1405 5303 Sophonias,
1428 5228 1721 5300 Iosephus,
1744 5234 1798 5282 et
1814 5225 2087 5290 Michaaas,

2198 4875 2306 4931 ego
2320 4860 2572 4915 Clemens
2595 4868 2648 4914 et
2672 4859 3019 4923 Nicodemus,
3043 4860 3236 4916 deinde
3255 4861 3443 4918 Niccta
3465 4869 3518 4916 ‘et
3541 4857 3724 4929 Aquila.

2198 4948 2290 5018 qui
2320 4949 2535 5002 fuerant
2588 4950 2740 5019 prius
2771 4949 3028 5020 discipuli
3089 4951 3369 5015 Simonis,
3424 4962 3479 5006 et
3528 4952 3724 5005 docenle

2198 5042 2458 5096 Zacchzro
2484 5042 2732 5097 conversi
2763 5050 2891 5098 sunt
2920 5044 2987 5098 ad
3020 5044 3178 5099 ﬁdem
3202 5044 3425 5100 Christi.
3474 5043 3725 5098 Mulierum

2197 5148 2330 5188 sane
2357 5133 2506 5186 nulla
2538 5147 2765 5201 prorsus
2796 5133 3003 5187 aderat.
3037 5132 3284 5204 Cumque
3312 5135 3490 5188 adhuc
3532 5140 3723 5199 vesper-

2196 5225 2371 5277 tinum
2418 5226 2601 5279 lumen
2646 5224 2869 5280 duraret
2899 5224 3033 5297 (59),
3068 5241 3259 5281 omnes
3314 5225 3640 5284 resedimus.
3682 5226 3723 5270 ει

1796 5366 2162 5425 COTELERII
2199 5364 2432 5422 NOTIE.

588 5520 701 5589 (59)
738 5514 1196 5589 Cumque_adhuc
1224 5510 1573 5589 perper-tinum
1627 5508 1801 5589 lumen
1845 5506 2082 5589 duraret.

521 5578 618 5644 Ms‘.
641 5578 925 5643 catilleler.
954 5585 1194 5639 clareret.
1224 5582 1293 5637 Ut
1316 5578 1759 5635 Clementinorum
1787 5578 1972 5631 homil.
2001 5592 2080 5632 ιιι.

521 5676 574 5723 ιι.
623 5660 647 5711 1
690 5677 703 5710 :
745 5656 989 5727 Εὖρομεν
1025 5655 1115 5707 τὸν
1169 5653 1265 5723 μὲν
1304 5648 1625 5727 ,λύχνον-’ἔτι
1664 5648 1945 5727 ἶαίγοντοεπ
1996 5644 2080 5727 ρο

521 5716 670 5789 more
701 5716 978 5787 lucernam
1024 5740 1132 5779 non
1169 5716 1576 5791 exstinguendi,
1614 5719 1705 5776 sed
1737 5717 1949 5774 sinendi
1979 5716 2074 5771 do-

2196 5520 2296 5560 nec
2326 5505 2470 5558 ultro
2510 5512 2947 5572 consumeretur,
2999 5498 3638 5572 videndus__Plutarchus_
3675 5496 3718 5549 ln

2194 5572 2583 5639 Quwstionibus
2630 5571 2879 5624 Romanis
2914 5586 2964 5640 p.
3011 5571 3138 5633 281,
3170 5570 3230 5624 F.
3264 5568 3551 5621 Monachos
3579 5568 3713 5640 eli-am

2193 5627 2385 5771 sollitos
2411 5642 2476 5698 ad
2514 5642 2692 5699 lumen
2723 5627 2991 5709 dormire,
3019 5627 3280 5696 discimus
3319 5654 3383 5694 cx
3426 5648 3602 5693 eorum
3640 5627 3716 5679 lle-

2195 5733 2261 5771 ιω
2287 5731 2353 5771 IS.

2195 5731 2353 5789 guns.
