4048 6262
346 333 484 390 1949

1543 329 2106 389 RECOGNITIONUM
2142 331 2273 389 LIB.
2310 331 2375 389 Il.

3445 330 3583 389 12Κο

345 449 542 505 Petrus
575 449 768 505 videns
788 446 1014 519 vigilare
1036 460 1138 501 nos
1161 459 1225 500 ac
1268 444 1374 501 sibi
1419 445 1727 511 intendere,
1761 448 1911 502 salu.-
1940 451 1985 507 Α
2012 461 2263 512 noscere,
2312 446 2439 517 quis
2460 486 2478 511 ,
2531 446 2781 518 qualisve
2831 432 2903 503 sit
2928 446 2976 504 is
3019 447 3110 504 cui
3154 448 3586 507 immortalitatis

349 541 477 595 tatis
507 541 663 595 nobis
694 537 956 593 continuo
986 536 1079 590 dat
1101 537 1375 591 sermonis
1395 538 1703 593 exordium.
1730 534 1918 592 Hirari

344 648 433 686 me
447 631 698 702 equidem
734 630 928 693 fateor,
961 628 1163 684 fratres
1188 668 1204 692 ,
1250 630 1503 684 humanm
1551 638 1762 685 naturae
1785 630 1915 693 vim,

348 740 511 793 quam
545 723 610 776 ad
642 722 823 775 omnia
854 730 1035 791 aptam
1067 721 1411 791 habilemque
1432 738 1554 777 esse
1581 722 1758 778 video.
1805 721 1919 776 Hoc

349 822 529 869 autem
568 814 750 868 dicere
779 814 833 867 in
857 813 1178 868 memoriam
1204 814 1354 868 venit
1379 830 1445 870 ex
1477 814 1564 870 his
1591 830 1711 886 qua:
1754 814 1920 872 rebus

350 908 484 978 ipsis
514 914 772 976 expertus
797 921 938 961 sum.
976 905 1042 961 Ut
1064 906 1210 962 enim
1241 906 1521 963 transierit
1553 908 1790 964 medium
1819 924 1921 963 κιο-ο

353 1003 477 1064 etis,
495 1015 595 1069 ego
616 999 937 1070 spontcjam
955 999 1195 1054 suscitor
1217 1006 1271 1054 et
1297 1000 1435 1053 ultra
1460 1016 1687 1059 somnus
1715 1016 1921 1073 nequa-

352 1106 514 1160 quam
545 1092 696 1145 venit
726 1091 792 1144 ad
822 1106 941 1157 me;
973 1090 1119 1162 quod
1149 1091 1282 1145 mihi
1329 1092 1531 1147 accidit
1559 1109 1624 1148 ex
1655 1108 1741 1158 eo,
1792 1093 1920 1164 quia

354 1198 408 1235 tn
437 1181 834 1236 consuetudine
867 1182 1030 1237 habui
1082 1183 1248 1237 verba
1282 1182 1497 1240 Domini
1541 1186 1667 1249 mei,
1701 1200 1821 1255 quae
1853 1184 1921 1239 ab

354 1280 473 1349 ipso
502 1278 805 1345 audieram,
827 1293 1087 1335 revocare
1114 1279 1183 1333 ad
1204 1282 1543 1347 memoriam,
1567 1290 1619 1335 et
1643 1298 1742 1353 pro
1771 1283 1921 1351 ipso-

354 1386 473 1423 rum
503 1371 779 1425 desiderio
811 1371 1067 1426 suscitari
1100 1372 1303 1429 animis
1332 1374 1469 1429 meis
1490 1380 1543 1428 et
1574 1374 1918 1445 cogitationi-

351 1463 454 1516 bus
479 1462 764 1530 imperavi,
790 1469 848 1516 ut
879 1462 1145 1533 cvigilans
1174 1462 1241 1517 ad
1272 1478 1338 1539 ea
1364 1471 1418 1519 et
1450 1464 1664 1536 singula
1695 1480 1922 1539 quaeque

350 1554 599 1610 recolens
626 1569 690 1608 ac
720 1561 974 1611 retexens
996 1554 1200 1624 possim
1227 1556 1541 1613 memoriter
1556 1557 1813 1613 retinere.
1844 1556 1923 1613 Ex

350 1644 456 1698 hoc
482 1660 611 1715 ergo
634 1683 649 1708 ,
683 1646 811 1700 dum
840 1649 989 1702 omni
1017 1664 1142 1703 cum
1173 1648 1468 1704 dulcedine
1504 1664 1788 1706 sermones
1817 1650 1923 1705 Do-

350 1736 486 1790 mini
516 1753 737 1792 versare
788 1738 843 1792 in
894 1754 1016 1795 meo
1052 1741 1221 1796 corde
1249 1741 1535 1808 desidero,
1576 1743 1921 1797 consuetudo

351 1829 588 1883 obtinuit
617 1830 900 1901 vigilandi,
934 1833 1099 1887 etiam
1139 1832 1185 1889 si
1217 1833 1354 1888 nihil
1382 1834 1454 1889 sit
1481 1833 1629 1905 quod
1676 1837 1922 1906 cogitare

350 1921 533 1975 velim.
565 1919 646 1975 lta
681 1938 812 1994 ergo
863 1924 1123 1980 ineﬂ‘abili
1169 1925 1406 1994 quadam
1448 1929 1688 1994 ratione,
1748 1929 1925 1984 intro-

351 2014 516 2068 ducta
539 2014 643 2068 alia
671 2016 1092 2083 consuetudine,
1111 2027 1269 2074 vetus
1292 2020 1635 2076 consuetudo
1653 2028 1921 2086 mutatur,

352 2114 407 2161 et
435 2106 488 2161 id
518 2122 710 2162 revera
742 2108 788 2163 si
820 2125 930 2164 non
963 2125 1129 2180 supra
1154 2110 1373 2165 modum
1405 2126 1591 2182 cogas.
1623 2111 1719 2166 sed
1750 2127 1926 2179 quan-

355 2206 469 2252 tum
508 2199 699 2269 recipit
734 2216 989 2256 mensura
1021 2209 1252 2258 naturae.
1291 2200 1482 2272 Neque
1526 2202 1673 2258 enim
1704 2204 1925 2274 penitus

353 2305 547 2345 somno
577 2307 765 2347 carere
792 2293 1054 2362 possibile
1082 2300 1198 2360 est,
1236 2294 1443 2364 alioqui
1493 2309 1597 2349 nec
1626 2293 1772 2349 facta
1818 2309 1926 2350 nox

354 2380 550 2436 fuisset
582 2383 648 2437 ad
681 2384 945 2453 quietem.

425 2475 488 2531 ll.
522 2475 589 2530 Et
612 2493 711 2549 ego
743 2494 868 2533 cum
909 2479 1218 2536 audissem:
1252 2480 1491 2551 Optime,
1542 2482 1791 2553 inquam,
1842 2480 1926 2538 di-

354 2565 508 2631 xisti,
541 2564 726 2633 Petre,
746 2570 873 2639 quia
896 2570 1237 2626 consuetudo
1253 2572 1653 2627 consuetudine
1681 2587 1928 2628 cominu-

356 2665 525 2714 tatur.
558 2658 693 2714 Nam
733 2669 790 2716 et
818 2676 917 2732 ego
943 2676 1068 2716 cum
1090 2662 1403 2734 navigarem
1435 2664 1610 2735 primo
1664 2664 1927 2718 turbabar

354 2758 411 2804 et
440 2750 587 2805 intra
618 2767 705 2808 me
732 2753 865 2808 mihi
898 2754 1081 2808 omnia
1112 2755 1494 2820 vertebantur,
1529 2756 1607 2810 ita
1635 2765 1693 2811 ut
1723 2756 1928 2827 suggil-

360 2842 462 2897 lari
485 2844 701 2901 viderer
722 2862 823 2902 nec
847 2846 990 2903 ferre
1017 2863 1234 2918 possem
1258 2848 1508 2903 brumam
1538 2848 1653 2922 (ιο)
1677 2860 1731 2904 et
1759 2852 1928 2905 mole-

357 2937 520 2991 stiam
546 2938 736 3003 maris,
764 2947 889 3011 post
911 2956 1118 3011 paucos
1137 2949 1321 2997 autem
1341 2940 1460 2997 dies
1476 2940 1569 2997 ubi
1588 2940 1929 2997 consuetudo

358 3027 500 3083 facta
530 3037 637 3096 est,
663 3031 1025 3088 tolerabiliter
1041 3029 1197 3088 'ferre
1226 3032 1391 3104 coepi,
1411 3034 1489 3088 ita
1516 3039 1577 3088 ut
1609 3048 1769 3088 mane
1814 3042 1929 3089 sta-

1953 1796 1996 1851 Β

2018 541 2182 595 verba
2212 539 2487 595 credenda
2518 542 2682 595 sunt?
2713 539 2947 600 Solliciti
2977 542 3123 597 enim
3165 550 3221 597 et
3251 543 3407 597 valde
3434 542 3586 598 solli-

2018 631 2115 685 citi
2145 647 2268 687 esse
2296 631 2580 695 debemus.
2609 648 2677 691 ne
2699 632 3027 705 margaritas
3054 641 3273 688 nostras
3303 635 3586 690 mittamus

2019 731 2145 779 ante
2178 740 2375 795 porcos
2400 724 2463 781 ¹⁸.

2089 819 2178 876 ιγ.
2220 818 2327 875 Sed
2352 827 2407 873 et
2436 819 2572 875 alias
2593 819 2664 874 ob
2708 833 2905 874 causas
2946 819 3081 874 utile
3130 827 3235 884 est,
3268 821 3368 875 viri
3419 820 3585 890 hujus

2020 913 2223 968 habere
2256 928 2341 967 me
2370 912 2645 967 notitiam.
2707 910 2763 966 Si
2796 913 2940 967 enim
2975 912 3167 976 sciam,
3218 913 3348 984 quia
3392 913 3445 967 in
3475 914 3584 978 bis,

2019 1007 2086 1061 de
2105 1006 2305 1077 quibus
2326 1021 2435 1060 non
2456 1012 2634 1075 potest
2652 1005 2888 1059 dubitari
2911 1006 3055 1075 quod
3076 1006 3221 1060 bona
3250 1007 3377 1068 sint,
3403 1021 3588 1061 emcn-

2020 1098 2181 1153 datus
2210 1103 2294 1153 est
2343 1107 2396 1151 et
2450 1097 2823 1167 inculpabilis,
2865 1098 2968 1152 hoc
3006 1104 3111 1163 est,
3172 1098 3218 1153 si
3254 1098 3507 1159 sobrius,
3539 1096 3588 1152 si

2022 1192 2362 1255 misericors,
2396 1191 2441 1245 si
2472 1189 2679 1260 justus,
2709 1191 2754 1245 si
2780 1189 2927 1245 mitis
2954 1198 3007 1246 et
3030 1191 3305 1245 humanus
3333 1200 3436 1252 est,
3469 1205 3591 1260 quae

2022 1282 2213 1352 utique
2242 1283 2382 1336 bona
2413 1297 2534 1337 esse
2563 1281 2749 1336 nullus
2795 1281 3043 1353 ambigit,
3085 1291 3216 1336 tunc
3241 1296 3592 1351 consequens

2020 1374 2315 1439 videbitur,
2346 1382 2405 1428 ut
2436 1374 2485 1428 ei
2514 1375 2609 1445 qui
2652 1374 2865 1429 obtinet
2896 1374 3039 1429 bona
3088 1376 3376 1440 virtutum,
3424 1377 3592 1430 etiam

2022 1468 2166 1538 quod
2192 1468 2345 1523 deest
2379 1467 2501 1522 fidei
2532 1476 2585 1523 et
2616 1470 2861 1524 scientiae
2911 1468 3230 1524 conferatur
3250 1510 3263 1531 ,
3289 1477 3341 1524 et
3374 1471 3430 1524 in
3469 1470 3593 1539 qui-

2024 1560 2126 1614 bus
2155 1559 2421 1614 maculari
2448 1560 2665 1615 videtur
2693 1560 2815 1629 ejus
2837 1560 2971 1626 vita,
3002 1576 3122 1631 qua:
3157 1568 3239 1616 est
3264 1562 3319 1614 in
3363 1561 3593 1631 reliquis

2025 1652 2348 1723 probabilis,
2382 1653 2724 1709 emendetur.
2774 1651 2831 1707 Si
2859 1668 2990 1709 vero
3026 1654 3083 1708 in
3120 1653 3205 1708 bis
3249 1667 3371 1722 quae
3412 1653 3593 1722 palam

2026 1753 2176 1809 sunt,
2206 1746 2450 1815 peccatis
2501 1745 2783 1801 involutus
2818 1752 3100 1815 permanet
3149 1754 3203 1798 et
3250 1745 3591 1814 inquinatus,

2024 1853 2133 1893 non
2157 1854 2244 1893 me
2264 1845 2482 1909 oportet
2512 1838 2562 1893 ei
2589 1838 2796 1909 aliquid
2821 1840 2889 1893 de
2919 1838 3309 1894 secretioribus
3334 1844 3388 1891 et
3414 1852 3595 1891 remo-

2022 1931 2097 1986 tis
2126 1930 2325 1985 divinas
2356 1930 2599 1986 scientiae
2628 1931 2904 2000 proloqui,
2939 1930 3035 1985 sed
3076 1930 3251 1999 magis
3300 1926 3595 1998 protestari

2022 2031 2077 2079 et
2105 2023 2403 2078 convenire
2430 2038 2581 2088 eum,
2615 2030 2674 2076 ut
2699 2038 2927 2093 peccare
2955 2022 3170 2078 desinat
3192 2028 3245 2075 et
3276 2028 3434 2074 actus
3464 2034 3597 2073 suos

2023 2131 2054 2170 a
2087 2115 2238 2172 vitiis
2278 2115 2553 2173 emendet.
2606 2114 2762 2182 Quod
2795 2115 2842 2171 si
2873 2114 3166 2186 ingesserit
3197 2129 3256 2169 se
3295 2122 3348 2169 et
3397 2126 3597 2182 provo-

2023 2208 2231 2263 caverit
2260 2222 2361 2263 nos
2399 2207 2606 2270 dicere,
2638 2224 2760 2277 qute
2791 2223 2917 2262 eum
2955 2207 3138 2263 minus
3163 2215 3313 2261 recte
3348 2214 3597 2276 agentem

2025 2315 2134 2355 non
2169 2306 2386 2369 oportet
2416 2300 2627 2366 audire,
2660 2300 2954 2369 prudenter
3008 2315 3134 2354 eum
3184 2299 3449 2353 debemus
3479 2300 3599 2351 elu-

2024 2391 2190 2456 dere;
2248 2406 2376 2445 nam
2424 2390 2565 2445 nihil
2616 2391 2841 2447 omnino
2896 2391 3228 2461 respondere
3288 2390 3597 2444 auditorum

2025 2498 2193 2539 causa
2222 2484 2355 2541 utile
2386 2498 2496 2537 non
2548 2483 2786 2549 videtur,
2842 2498 2909 2537 ne
2956 2481 3096 2537 forte
3143 2482 3456 2538 existiment
3496 2497 3598 2536 nos

2026 2572 2404 2644 responsionis
2433 2573 2661 2643 penuria
2692 2573 2971 2627 declinare
3004 2579 3312 2636 certamen,
3354 2580 3409 2623 et
3464 2569 3600 2624 fides

2025 2681 2214 2722 eorum
2245 2665 2496 2731 laedatur,
2527 2680 2637 2720 non
2673 2664 3093 2734 intelligentium
3119 2662 3462 2734 propositum
3495 2676 3599 2716 nu-

2026 2769 2222 2814 atrum.

2098 2848 2165 2903 V.
2197 2848 2445 2920 Cumque
2477 2848 2593 2904 haec
2638 2847 2834 2903 Petrus
2861 2847 3091 2902 dixisset
3143 2845 3211 2900 ad
3239 2861 3340 2900 nos
3364 2885 3377 2905 .
3408 2843 3599 2899 Niccta

2029 2950 2186 3013 rogat
2214 2941 2459 3012 permitti
2493 2941 2596 2996 sibi
2626 2940 2809 2995 dicere
2831 2939 3060 3007 aliquid,
3094 2946 3257 3008 atque
3284 2937 3601 3006 indulgente

2029 3030 2193 3087 Petro
2221 3046 2345 3086 cum
2392 3032 2555 3087 venia
2608 3030 2819 3099 inquit:
2869 3026 3111 3084 Obsecro
3146 3035 3220 3087 te.
3272 3026 3492 3082 domine
3525 3025 3600 3079 mi

356 3126 453 3180 tim
481 3142 589 3183 una
621 3143 747 3183 cum
777 3128 962 3184 nautis
998 3128 1181 3183 cibum
1210 3143 1427 3185 sumere
1452 3128 1772 3193 delectarer,
1801 3144 1925 3184 cum
1955 3157 1999 3215 ο
2030 3121 2212 3189 Petre,
2251 3124 2442 3180 audias
2473 3140 2560 3178 me
2584 3124 2741 3179 valde
2773 3122 3065 3178 sollicitum
3109 3121 3190 3174 tui
3215 3128 3270 3176 et
3299 3126 3596 3180 verentem,

356 3219 510 3288 prius
560 3228 686 3275 ante
734 3220 923 3274 horam
956 3220 1242 3290 septimam
1276 3219 1528 3291 capiendi
1557 3220 1667 3276 cibi
1696 3235 1931 3276 consue-

358 3313 492 3367 tudo
530 3330 639 3368 non
669 3320 837 3370 esset.
867 3313 1024 3367 Nunc
1053 3330 1185 3386 ergo
1223 3329 1291 3369 ex
1314 3314 1420 3369 ista
1469 3316 1585 3368 sola
1630 3321 1929 3370 consuetu-

358 3403 507 3467 dine,
533 3407 680 3459 circa
710 3405 846 3461 illud
894 3412 1109 3475 tempus
1138 3421 1247 3476 quo
1274 3405 1561 3461 comedere
1589 3421 1713 3461 cum
1744 3406 1932 3461 nautis

359 3495 625 3559 solebam,
669 3496 883 3551 esuries
916 3496 1171 3550 admonet
1196 3511 1303 3561 me,
1333 3496 1482 3566 quod
1527 3505 1709 3552 tamen
1737 3513 1933 3553 rursus

360 3582 738 3652 depellendum
766 3600 950 3654 spero,
983 3600 1109 3639 cum
1138 3586 1244 3639 alia
1275 3586 1441 3642 fuerit
1468 3587 1808 3643 consuetudo
1838 3604 1934 3643 su-

361 3683 568 3744 scepta.
604 3673 782 3731 Credo
812 3693 945 3747 ergo
968 3678 1133 3732 etiam
1170 3678 1270 3733 tibi
1289 3678 1599 3748 vigiliarum
1637 3687 1934 3734 consuetu-

361 3768 567 3833 dinem,
600 3777 659 3823 ut
702 3770 977 3840 perhibes,
1007 3773 1349 3840 institutam;
1400 3780 1456 3829 et
1484 3780 1790 3845 opportune
1828 3773 1933 3829 hoc

362 3874 633 3927 exponere
663 3861 907 3928 voluisti,
938 3869 999 3916 ut
1038 3871 1092 3919 et
1115 3879 1216 3919 nos
1247 3864 1648 3934 aliquantulum
1682 3865 1863 3921 somni
1901 3879 1932 3918 a

362 3952 523 4008 nobis
552 3953 790 4023 abjicere
815 3963 978 4025 atque
1000 3955 1241 4027 ell'ugare
1272 3973 1383 4012 non
1411 3959 1618 4029 pigeat,
1652 3966 1713 4013 ut
1754 3960 1934 4029 possi-

362 4062 486 4101 mus
514 4048 778 4103 doctrinm
806 4050 1039 4105 viventis
1062 4050 1310 4105 instituta
1333 4052 1631 4122 suscipere.
1659 4050 1761 4107 Ubi
1787 4053 1932 4107 enim

362 4139 575 4196 decocti
600 4141 801 4196 fuerint
835 4141 942 4196 cibi
963 4150 1018 4196 et
1046 4157 1200 4197 mens
1234 4143 1507 4213 acceperit
1535 4150 1807 4199 nocturna
1855 4144 1933 4198 si-

364 4230 555 4292 lentia,
574 4230 1038 4300 opportunissime
1065 4247 1186 4301 qua:
1213 4232 1481 4287 docentur
1510 4231 1769 4287 insident.

434 4322 521 4375 Ill.
557 4321 623 4375 Et
649 4321 843 4377 Petrus
872 4321 1104 4377 libenter
1132 4322 1430 4391 accipiens.
1478 4323 1625 4393 quod
1654 4323 1935 4378 intellexe-

365 4415 467 4465 rim
498 4412 832 4482 przefationis
858 4412 978 4480 ejus
1000 4427 1223 4467 causam
1259 4411 1327 4465 ad
1364 4412 1658 4466 utilitatem
1689 4421 1932 4470 nostram

2032 3231 2103 3271 ne
2147 3213 2289 3270 forte
2320 3215 2377 3269 in
2403 3214 2705 3270 certamine
2728 3214 2874 3284 quod
2904 3211 3003 3265 tibi
3038 3221 3125 3266 est
3176 3227 3300 3266 cum
3356 3209 3597 3269 Simone,

2032 3312 2277 3381 superari
2308 3308 2569 3365 videaris.
2604 3306 2757 3363 Solet
2783 3306 2930 3361 enim
2961 3304 3278 3375 frequenter
3325 3302 3598 3365 accidere,

2032 3404 2205 3473 utqui
2226 3402 2507 3457 veritatem
2529 3399 2791 3457 defendit.
2811 3413 2919 3453 non
2947 3412 3159 3468 semper
3182 3397 3443 3455 obtineat,
3471 3394 3602 3448 dum

2033 3496 2203 3550 autin
2227 3495 2411 3565 aliquo
2439 3493 2698 3566 praeventi
2724 3500 2853 3549 sunt
2875 3492 3174 3553 auditores,
3194 3498 3287 3543 aut
3307 3505 3413 3542 non
3440 3503 3604 3558 gran-

2033 3587 2154 3643 dem
2183 3601 2372 3641 curam
2425 3585 2671 3641 melioris
2699 3585 2984 3640 sententia:
3022 3590 3238 3653 gerunt.
3274 3580 3449 3649 Super
3489 3580 3604 3633 haec

2034 3685 2215 3733 autem
2267 3677 2450 3733 omnia
2499 3685 2553 3733 et
2584 3677 2701 3745 ipse
2752 3675 2941 3730 Simon
2973 3674 3489 3731 vehementissimus
3518 3678 3605 3725 est

2033 3776 2240 3831 orator,
2272 3768 2329 3822 in
2361 3774 2477 3822 arte
2508 3766 2794 3821 dialectica
2815 3772 2869 3819 et
2893 3765 3333 3836 syllogismorum
3361 3761 3607 3817 tendicu-

2033 3862 2101 3915 lis
2130 3861 2424 3925 enutritus,
2459 3859 2607 3930 quod
2636 3866 2815 3913 autem
2844 3866 2930 3912 est
2972 3858 3227 3912 omnibus
3263 3855 3505 3926 gravius,
3551 3860 3606 3908 et

2036 3952 2091 4006 in
2117 3960 2233 4008 arte
2259 3951 2468 4021 magica
2490 3949 2646 4005 valde
2670 3947 3043 4016 exercitatus;
3064 3954 3118 4002 et
3148 3947 3271 4001 ideo
3300 3953 3503 4009 metuo,
3536 3960 3606 4001 ne

2035 4044 2175 4100 forte
2206 4054 2315 4099 tam
2338 4043 2517 4098 valide
2542 4059 2609 4098 ex
2637 4043 2787 4099 omni
2835 4050 2992 4111 parte
3016 4040 3279 4100 munitus,
3310 4038 3452 4107 apud
3510 4052 3607 4091 eos

2033 4138 2127 4206 qui
2152 4138 2403 4207 ignorant
2449 4152 2604 4195 eum,
2660 4135 2797 4189 falsa
2823 4134 3062 4202 allegans
3094 4137 3319 4201 putetur
3356 4144 3481 4183 vera
3512 4128 3608 4182 de—

2036 4228 2276 4284 fendere.
2310 4227 2494 4297 Neque
2525 4226 2671 4281 enim
2700 4226 2781 4281 vel
2812 4240 2915 4280 nos
2953 4225 3053 4294 ipsi
3081 4238 3203 4277 eum
3235 4221 3607 4291 potuissemus

2034 4318 2273 4389 effugere
2301 4325 2356 4373 et
2378 4317 2623 4372 converti
2647 4315 2711 4369 ad
2748 4314 3061 4374 Dominum,
3095 4310 3199 4364 nisi
3224 4309 3353 4363 dum
3385 4306 3606 4374 adjuto-

2037 4425 2124 4464 res
2146 4408 2266 4478 ejus
2286 4415 2340 4462 et
2356 4421 2605 4461 errorum
2630 4404 2765 4460 socii
2784 4403 3008 4466 fuimus,
3030 4399 3440 4471 agnovissemns
3460 4396 3608 4466 quod

365 4507 655 4575 prolatam,
712 4493 1033 4560 collaudans
1063 4520 1149 4560 me
1192 4504 1521 4560 adhortandi
1561 4514 1616 4560 et
1669 4504 1934 4559 incitandi
1966 4498 2011 4554 Β
2040 4501 2297 4571 deceptor
2331 4504 2477 4554 esset
2502 4512 2567 4552 ac
2586 4512 2802 4568 magus.

367 4601 485 4653 sine
505 4598 671 4656 dubio
692 4598 891 4670 gratia,
911 4606 1336 4668 consequentem
1354 4598 1521 4669 coepit
1542 4596 1797 4667 expedire
1818 4611 1936 4650 ser-

366 4707 618 4746 monem:
677 4689 1058 4761 Opportunum
1089 4691 1222 4745 mihi
1271 4707 1419 4745 nunc
1446 4698 1502 4745 et
1558 4687 1931 4744 necessarium

364 4783 607 4847 videtur,
642 4785 710 4840 de
733 4785 819 4841 his
841 4799 965 4855 quae
1003 4784 1291 4839 imminent
1319 4785 1501 4855 aliqua
1548 4782 1846 4844 discutere,
1879 4781 1934 4835 id

367 4886 452 4931 cst
483 4875 549 4928 de
590 4872 833 4930 Simone.
870 4875 1024 4930 Scire
1070 4875 1216 4930 enim
1249 4874 1408 4930 velim
1429 4916 1445 4940 ,
1477 4875 1676 4945 quibus
1715 4872 1786 4928 sit
1815 4887 1934 4926 mo-

368 4967 524 5022 ribus
554 4973 608 5020 et
660 4967 857 5036 quibus
887 4967 1123 5033 actibus,
1153 4966 1300 5036 quod
1332 4966 1486 5031 mihi,
1549 4965 1597 5021 si
1627 4965 1753 5035 quis
1803 4964 1932 5028 scit,

371 5058 618 5115 indicare
642 5075 749 5111 non
786 5068 1005 5127 cesset;
1031 5059 1201 5116 refert
1229 5060 1376 5114 enim
1419 5058 1526 5114 ista
1570 5071 1930 5128 praanoscere.

368 5152 505 5207 Nam
541 5152 586 5205 si
612 5151 667 5203 in
696 5153 967 5209 mandatis
992 5153 1278 5216 habemus,
1312 5161 1372 5207 ut
1396 5153 1680 5208 venientes
1704 5151 1772 5207 ad
1798 5151 1936 5205 civi-

370 5253 535 5298 tatem
558 5242 836 5297 discamus
859 5245 1031 5312 prius,
1054 5246 1179 5314 quis
1201 5246 1255 5300 in
1284 5260 1348 5300 ea
1375 5245 1572 5314 dignus
1604 5243 1677 5298 sit
1707 5249 1767 5296 ut
1789 5242 1933 5312 apud

369 5352 493 5393 cum
524 5336 706 5390 cibum
740 5350 1023 5391 sumamus
1052 5338 1130 5405 ";
1188 5348 1396 5409 quanto
1449 5338 1624 5409 magis
1678 5336 1934 5390 convenit

484 5492 530 5525 ¹³
569 5491 761 5545 Matth.
788 5507 856 5557 x;
901 5489 1035 5544 Luc.
1070 5507 1125 5545 ι.
1214 5494 1257 5524 ⁸⁸
1296 5492 1486 5547 Matth.
1520 5508 1597 5547 vn
1652 5490 1703 5545 ϐ.

2110 4590 2199 4648 Vl.
2242 4591 2378 4647 Cum
2409 4591 2524 4645 haec
2550 4587 2741 4645 Niceta
2770 4588 3022 4650 dixisset,
3048 4583 3247 4654 Aquila
3280 4595 3497 4651 quoque.
3516 4594 3609 4632 ro-

2035 4701 2170 4758 gans
2194 4685 2298 4741 sibi
2321 4682 2542 4739 dicendi
2572 4681 2884 4736 facultatem
2912 4678 3053 4741 dari,
3102 4677 3206 4731 hoc
3238 4673 3399 4727 modo
3441 4671 3607 4724 etiam

2038 4782 2155 4851 ipse
2184 4785 2509 4850 prosccutus
2541 4784 2656 4832 est:
2708 4774 2957 4842 Suscipe,
2994 4785 3200 4841 quaeso,
3231 4778 3282 4823 et
3324 4766 3432 4820 mei
3478 4777 3608 4833 erga

2039 4881 2091 4927 te
2114 4872 2318 4927 amoris
2345 4885 2555 4936 curam,
2597 4868 2800 4938 optime
2827 4863 3022 4929 Petre;
3051 4870 3104 4917 et
3129 4876 3230 4931 ego
3264 4858 3409 4913 enim
3453 4855 3611 4908 valde

2039 4963 2313 5020 sollicitus
2342 4977 2463 5018 sum
2484 4977 2584 5031 pro
2608 4967 2684 5015 te.
2714 4958 2825 5014 Nec
2858 4954 3230 5026 reprehendas
3260 4966 3362 5005 nos
3394 4951 3449 5004 in
3479 4948 3607 5009 hoc,

2033 5057 2163 5129 quia
2195 5072 2381 5111 curam
2413 5070 2600 5126 gerere
2630 5052 2863 5121 alicujus
2896 5067 2963 5105 ex
2997 5048 3188 5103 aﬂ‘ectu
3229 5045 3405 5129 venit,
3432 5039 3611 5109 negli-

2034 5128 2159 5219 gere
2184 5155 2363 5201 autem
2397 5162 2507 5200 non
2543 5144 2725 5198 minus
2754 5148 2839 5196 est
2891 5154 3055 5210 quam
3112 5135 3317 5191 odisse.
3380 5128 3605 5184 Testem

2032 5256 2162 5297 vero
2188 5240 2382 5295 invoco
2405 5238 2598 5297 Deum,
2623 5237 2751 5308 quia
2772 5251 2880 5289 non
2910 5241 2969 5287 ut
2994 5231 3298 5302 segniorem
3324 5237 3377 5281 te
3404 5224 3459 5279 in
3485 5238 3610 5278 cer»

2037 5334 2241 5388 tamine
2262 5333 2444 5388 sciens
2461 5338 2645 5386 metuo
2668 5344 2768 5399 pro
2793 5334 2866 5393 te,
2900 5326 3098 5397 quippe
3117 5324 3211 5394 qui
3236 5337 3336 5377 nec
3363 5331 3607 5391 unquam

1661 5639 2020 5703 COTELER“
2060 5639 2288 5695 NOTAE.

452 5810 565 5885 (50)
606 5810 880 5868 Brumam.
907 5806 1158 5875 Condeb,
1197 5815 1250 5863 et
1295 5804 1527 5865 Carmel.
1584 5821 1822 5878 quoque,
1871 5804 2131 5871 bromum,
2160 5802 2302 5875 quod
2358 5808 2461 5867 cst,
2494 5796 2713 5871 βρόμον,
2758 5765 3043 5867 fremitum;
