4048 6262
483 265 610 322 ιξδι

1330 265 1387 327 S.
1424 265 1822 329 CLEMENTIS
1855 272 1876 329 ι
1907 270 2077 329 ROM.
2113 272 2315 330 ΡΟΝΤ.
2350 273 2578 332 OPERA
2614 272 2839 331 DUBIA.

3578 283 3710 339 ηδε

476 356 578 435 tibi
608 388 807 450 praesto
837 383 1033 438 fuerim
1062 384 1389 456 disputanti,
1417 387 1513 443 sed
1549 389 1642 459 qui
1676 388 1823 444 illius
1852 389 2048 459 impie~
2074 398 2123 456 Α
2150 390 2207 445 in
2249 404 2478 445 numero
2523 389 2736 445 dierum
2774 386 2943 459 positi
2984 387 3354 462 videbantur),
3392 388 3581 446 Simon
3624 394 3713 449 hic

477 480 621 529 tates
650 475 788 531 bene
824 477 1101 542 noverim,
1152 479 1616 535 existimationem
1660 487 1810 535 tuam
1865 482 2047 553 cogito

478 566 643 621 simul
666 576 720 621 et
750 569 965 625 animos
1003 570 1347 635 auditorum,
1382 578 1436 626 et
1486 572 1659 641 ipsius
1687 581 1813 627 ante
1862 573 2047 628 omnia

474 658 723 713 veritatis
755 667 980 717 statum.
1016 660 1320 718 Vehemens
1360 662 1559 717 etenim
1606 670 1689 717 est
1734 664 1822 718 hic
1856 672 2046 735 magus

473 749 541 803 ad
572 752 756 806 omnia
786 769 1124 824 quaecunque
1141 754 1371 809 voluerit
1395 761 1449 807 et
1481 770 1645 825 supra
1678 756 1896 811 modum
1926 772 2048 812 sce-

446 912 448 915 .
474 842 682 909 Icstus;
711 842 766 898 in
801 845 1055 898 omnibus
1075 845 1220 899 enim
1244 859 1366 898 eum
1393 844 1681 915 diligenter
1700 847 2042 916 agnovimus,

473 943 663 1005 utpote
693 937 785 1006 qui
816 952 847 991 a
877 954 1048 1008 puero
1078 938 1347 991 malorum
1379 938 1501 1007 ejus
1552 938 1833 993 auditores
1871 938 2045 993 fueri-

473 1038 595 1080 mus
627 1036 682 1081 et
715 1027 973 1093 ministri,
993 1036 1050 1083 et
1082 1026 1189 1083 nisi
1218 1042 1319 1081 nos
1343 1027 1437 1082 Dei
1461 1042 1615 1081 amor
1638 1027 1949 1098 abrupisset
1976 1028 2045 1083 ab

472 1130 559 1181 eo,
594 1117 652 1171 in
708 1118 913 1174 eisdem
958 1133 1081 1173 cum
1138 1119 1256 1189 ipso
1284 1119 1451 1175 etiam
1502 1134 1649 1174 nunc
1699 1132 2047 1176 versaremur

472 1208 636 1264 malis
663 1225 679 1275 ;
715 1210 810 1265 sed
842 1211 1118 1281 ingenitus
1149 1210 1369 1281 quidam
1399 1212 1561 1267 nobis
1600 1227 1729 1282 erga
1760 1210 1929 1266 Deum
1961 1210 2045 1265 af-

475 1298 672 1366 fectus,
701 1303 910 1358 scelera
940 1302 1160 1372 quidem
1192 1302 1315 1373 ejus
1336 1318 1524 1367 exosa,
1557 1303 1763 1357 cultum
1786 1318 1918 1357 vero
1948 1300 2045 1356 Dei

474 1393 761 1449 amabilem
789 1392 938 1449 fecit.
971 1392 1125 1449 Unde
1145 1403 1199 1449 et
1219 1395 1458 1449 arbitror
1484 1410 1622 1467 opus
1648 1395 1819 1449 fuisse
1848 1394 2046 1449 divina:

474 1484 847 1553 providentiae,
899 1494 958 1539 ut
995 1500 1098 1540 nos
1132 1486 1310 1556 primo
1369 1485 1669 1541 familiares
1711 1485 1832 1554 ejus
1864 1485 2043 1541 effecti

474 1576 726 1629 notitiam
756 1591 1078 1646 caperemus
1101 1577 1396 1647 quomodo,
1427 1575 1512 1632 vel
1534 1577 1682 1647 quali
1709 1585 1829 1632 arte
1859 1576 2046 1648 prodi-

472 1668 583 1737 gia,
615 1682 734 1739 quae
763 1666 946 1723 facere
975 1668 1194 1724 videtur
1228 1668 1453 1726 efficiat.
1478 1668 1613 1735 Quis
1639 1669 1786 1724 enim
1814 1677 1923 1735 est,
1950 1664 2043 1740 qui

2146 482 2320 546 malae,
2353 483 2413 535 ut
2444 474 2703 544 diximus,
2738 480 2926 551 gloriae
2956 480 3192 551 cupidus
3223 482 3436 537 accedit
3463 483 3531 538 ad
3561 482 3716 540 Dosi-

2147 573 2333 626 theum
2365 580 2419 627 et
2450 572 2727 627 simulatis
2761 571 3021 626 amicitiis
3068 580 3279 636 exorat,
3312 580 3371 627 ut
3416 573 3462 627 si
3501 579 3716 645 quando

2146 664 2346 735 aliquis
2380 679 2447 718 ex
2477 662 2586 718 illis
2615 663 2836 733 triginta
2883 662 3112 726 obisset,
3160 665 3213 716 in
3241 663 3420 719 locum
3476 664 3717 720 defuncti

2146 774 2205 813 se
2231 757 2496 830 continuo
2514 748 2878 825 subrogaret;
2922 756 3049 824 quia
3082 770 3264 825 neque
3316 763 3586 811 statutum
3617 773 3719 810 nu-

2145 863 2356 903 merum
2374 848 2640 904 excedere
2669 848 2812 918 apud
2843 862 2938 902 eos
2975 840 3057 903 fas
3086 846 3225 909 erat,
3257 863 3436 917 neque
3472 848 3716 918 ignotum

2145 941 2381 1011 aliquem
2413 940 2654 995 inserere
2682 946 2775 993 aut
2802 939 3044 994 nondum
3099 937 3425 1008 probatum;
3480 938 3623 992 unde
3664 946 3719 994 et

2144 1030 2327 1085 caeteri
2359 1030 2643 1086 studentes
2668 1031 2817 1102 digni
2848 1031 2968 1086 loco
3001 1039 3066 1084 ac
3099 1044 3330 1084 numero
3357 1024 3494 1093 fieri,
3523 1046 3719 1085 secun-

2144 1120 2274 1176 dum
2302 1125 2464 1176 secta:
2486 1127 2599 1177 sua:
2622 1116 2878 1175 instituta
2902 1120 3117 1190 placere
3133 1133 3230 1190 per
3249 1115 3430 1173 omnia
3453 1116 3716 1189 gestiunt,

2144 1229 2253 1284 quo
2282 1213 2457 1282 possit
2479 1213 2862 1281 unusquisque
2890 1218 2959 1265 ex
2999 1208 3086 1265 his
3108 1209 3201 1280 qui
3245 1209 3395 1263 illum
3430 1222 3717 1263 numerum

2146 1308 2476 1372 sequuntur,
2510 1314 2635 1354 cum
2659 1300 2797 1354 forte
2823 1298 3045 1370 aliquis,
3080 1309 3141 1353 ut
3177 1297 3439 1365 diximus,
3466 1294 3718 1351 decesse-

2144 1392 2239 1456 rit,
2272 1391 2474 1463 dignus
2504 1389 2699 1454 videri,
2734 1390 2828 1459 qui
2857 1390 2911 1444 in
2939 1389 3121 1443 locum
3153 1388 3401 1443 defuncti
3454 1384 3717 1442 substitul

2143 1480 2362 1535 debeat.
2396 1478 2568 1551 Igitur
2597 1477 2890 1533 Dositheus
2917 1478 3170 1548 plurimis
3197 1477 3265 1531 ab
3294 1478 3400 1531 hoc
3435 1485 3714 1539 exoratus,

2144 1570 2237 1625 ubi
2268 1568 2423 1625 locus
2451 1570 2595 1624 intra
2630 1581 2919 1623 numerum
2953 1565 3132 1623 factus
3159 1574 3268 1632 est,
3303 1566 3605 1623 introduxit
3632 1563 3717 1620 Si;

2144 1679 2384 1719 monem.

473 1774 584 1814 non
613 1759 968 1830 obstupescat
997 1776 1163 1830 super
1185 1760 1294 1823 his,
1318 1774 1440 1831 qua:
1470 1758 1626 1824 facit,
1670 1759 2041 1824 mirabilibus,
2075 1774 2118 1829 Β
2216 1750 2309 1808 IX.
2345 1751 2452 1808 Sed
2484 1752 2574 1809 hic
2606 1766 2716 1807 non
2747 1752 2919 1807 multo
2964 1759 3087 1821 post
3120 1749 3315 1806 incidit
3366 1750 3422 1805 in
3477 1765 3716 1805 amorem

473 1856 534 1903 ut
562 1856 715 1918 putet
738 1865 861 1905 eum
896 1850 964 1904 de
994 1850 1151 1905 cretis
1180 1849 1351 1904 Deum
1385 1850 1452 1904 ad
1485 1851 1719 1905 salutem
1759 1849 2041 1905 hominum

472 1938 857 1994 descendisse?
905 1938 1017 2010 Ego
1052 1940 1120 1994 de
1158 1941 1367 2010 meipso
1396 1939 1593 2005 fateor,
1651 1939 1758 1996 nisi
1810 1939 2043 1996 interius

469 2045 597 2084 eum
626 2029 880 2093 scissem,
907 2038 963 2084 et
992 2029 1365 2086 interfuissem
1396 2031 1612 2085 actibus
1650 2030 1793 2098 ejus,
1830 2030 2043 2099 subripi

472 2119 604 2173 mihi
636 2119 793 2173 facile
813 2119 1109 2189 potuisset;
1136 2120 1278 2174 unde
1300 2135 1409 2174 non
1432 2119 1534 2174 fuit
1558 2135 1815 2190 magnum
1846 2136 1947 2176 nos
1976 2121 2046 2177 ab

472 2211 594 2280 ejus
619 2212 899 2266 consortio
930 2212 1197 2280 separari,
1232 2212 1467 2267 scientes
1495 2226 1619 2266 eum
1651 2200 1879 2281 magicis
1909 2210 2046 2263 arti-

475 2307 578 2361 bus
605 2314 659 2360 et
688 2306 1016 2361 commentis
1061 2309 1327 2361 scelerum
1356 2305 1478 2360 niti.
1508 2303 1665 2371 Quod
1695 2306 1741 2360 si
1770 2305 1853 2359 vis
1877 2305 2043 2359 etiam

474 2398 592 2470 ipse
618 2399 686 2453 de
716 2414 782 2452 eo
812 2405 1012 2453 cuncta
1042 2412 1396 2468 cognoscere,
1445 2396 1571 2467 quis
1603 2399 1720 2466 ipse
1750 2397 1823 2452 sit
1843 2436 1859 2461 ,
1908 2411 2047 2466 qua-

472 2491 630 2554 lisve,
661 2497 715 2544 et
766 2489 930 2554 unde,
984 2490 1068 2545 vel
1100 2489 1336 2560 qualiter
1386 2497 1671 2559 patrentur
1723 2503 1845 2559 quis
1882 2488 2041 2558 gerit,

473 2582 748 2636 ausculta.

544 2673 657 2729 γη.
690 2672 878 2729 Simon
929 2674 1048 2738 hic,
1085 2681 1237 2744 patre
1274 2673 1514 2728 Antonio
1538 2713 1554 2736 ,
1613 2679 1789 2728 matre
1839 2671 2045 2729 Rachel

474 2775 637 2821 natus
664 2774 769 2831 est,
811 2774 971 2837 gente
996 2765 1305 2836 Samaraaus
1330 2781 1398 2821 ex
1423 2766 1546 2819 vico
1568 2762 1898 2828 Gethonum,
1926 2772 2045 2821 arte

475 2872 689 2926 magus,
717 2856 922 2912 Graecis
957 2866 1139 2911 tamen
1174 2856 1372 2911 litteris
1429 2856 1747 2911 liberalibus
1798 2856 2044 2926 apprime

471 2950 740 3014 eruditus,
767 2951 953 3020 gloriae
976 2966 1040 3003 ac
1063 2949 1344 3018 jactantia:
1373 2964 1540 3019 supra
1563 2964 1724 3004 omne
1745 2964 1919 3019 genus
1946 2947 2049 3003 ho-

475 3041 681 3095 minum
734 3041 987 3110 cupidus,
1047 3043 1119 3094 ita
1182 3049 1238 3095 ut
1293 3032 1568 3095 excelsam
1627 3040 1882 3094 virtutem
1924 3055 2045 3109 qua:

477 3147 642 3201 supra
666 3140 968 3187 creatorem
990 3131 1157 3187 Deum
1186 3133 1279 3193 sit,
1323 3132 1473 3186 credi
1500 3146 1559 3185 se
1585 3131 1748 3194 velit,
1777 3141 1832 3186 et
1878 3130 2043 3187 Chri~
2069 3115 2112 3173 ο

477 3234 621 3279 stum
650 3225 853 3295 putari,
880 3233 1040 3295 atque
1083 3226 1330 3279 Stantem
1367 3226 1660 3280 nominari.
1706 3224 1819 3280 llac
1858 3234 2041 3280 autem

477 3319 839 3387 appellatione
864 3321 1033 3371 utitur
1074 3318 1232 3387 quasi
1279 3318 1373 3388 qui
1424 3326 1584 3388 neget
1633 3334 1795 3388 posse
1839 3334 1898 3375 se
1942 3319 2043 3372 ali-

475 3410 693 3478 quando
715 3410 964 3474 dissolvi,
999 3425 1255 3465 asserens
1285 3425 1507 3466 carnem
1561 3426 1716 3467 suam
1747 3411 1823 3465 ita
1845 3411 2045 3467 divini-

473 3500 603 3553 tatis
628 3514 741 3553 suae
765 3502 962 3555 virtute
987 3509 1352 3570 compactam,
1381 3492 1439 3555 ut
1482 3503 1655 3571 possit
1680 3503 1735 3556 in
1775 3512 2041 3558 aeternum

474 3589 695 3644 durare.
751 3590 887 3645 Hinc
919 3608 1049 3662 ergo
1083 3592 1247 3646 Stans
1280 3594 1604 3663 appellatur,
1645 3603 1902 3665 tanquam
1945 3595 2040 3666 qui

396 3703 421 3726 -
475 3695 584 3735 non
613 3680 787 3750 possit
817 3682 923 3735 ulla
948 3684 1301 3752 corruptione
1331 3684 1603 3740 decidere.

518 3792 521 3793 '
550 3771 686 3828 Vlll.
726 3773 1021 3829 interfecto
1048 3776 1272 3836 etenim.
1305 3777 1447 3832 sicut
1474 3777 1583 3832 scis
1612 3784 1665 3832 et
1694 3780 1830 3848 ipse,
1859 3776 2044 3849 Bapti-

477 3872 562 3929 sta
588 3863 798 3921 Joanne
821 3866 956 3937 (61),
982 3882 1107 3921 cum
1134 3850 1425 3923 Dositheus
1448 3869 1718 3924 hatreseos
1741 3884 1852 3924 sua:
1882 3869 2042 3923 iniis-

479 3964 563 4012 set
587 3958 891 4023 exordium,
923 3975 1047 4014 cum
1098 3960 1221 4015 aliis
1252 3961 1473 4032 triginta
1526 3962 1923 4033 principalibus
1959 3961 2044 4016 di-

479 4048 701 4118 scipulis
728 4049 839 4121 (62)
866 4061 918 4106 et
949 4066 1057 4105 una
1083 4052 1312 4107 muliere
1340 4069 1462 4123 quas
1507 4052 1659 4108 Luna
1694 4054 1927 4109 vocitata
1958 4061 2044 4109 est

480 4138 646 4209 (unde
674 4148 728 4195 et
763 4142 840 4196 illi
873 4144 1093 4214 triginta
1125 4145 1284 4214 quasi
1327 4145 1630 4202 secundum
1650 4147 1793 4201 lunae
1818 4160 2043 4200 cursum

2142 1846 2389 1900 mulieris
2419 1845 2567 1901 illius
2584 1860 2748 1915 quam
2769 1842 2978 1898 Lunam
3004 1850 3221 1905 vocant,
3242 1842 3511 1912 nobisque
3534 1842 3718 1911 utpote

2144 1934 2503 1990 familiaribus
2531 1937 2649 1990 suis
2687 1936 2872 1989 omnia
2905 1933 3293 1998 concredebat,
3326 1934 3473 2003 quod
3526 1948 3715 2005 magus

2142 2036 2310 2091 esset,
2334 2036 2388 2082 et
2406 2028 2553 2098 quod
2576 2035 2787 2083 amaret
2817 2027 3047 2092 Lunam,
3073 2026 3328 2097 quodque
3350 2026 3537 2097 gloria:
3566 2026 3717 2095 cupit

2143 2117 2246 2174 dus
2274 2118 2443 2173 nollet
2473 2133 2536 2173 ea
2563 2119 2833 2190 inglorius
2863 2118 2992 2181 frui,
3016 2117 3111 2174 sed
3149 2127 3469 2187 exspectare
3515 2116 3717 2187 patien-

2144 2218 2228 2265 ter
2255 2209 2432 2265 donec
2470 2210 2699 2265 honeste
2731 2225 2796 2265 ea
2831 2211 2910 2264 uti
2941 2210 3131 2265 liceret
3158 2249 3174 2274 ,
3219 2210 3266 2264 si
3320 2217 3502 2264 tamen
3552 2210 3714 2264 etiam

2144 2316 2245 2356 nos
2272 2301 2718 2372 conSpiraremus
2749 2302 2800 2356 ei
2839 2301 2906 2356 ad
2940 2301 3124 2355 omnia
3148 2316 3269 2371 quae
3312 2302 3459 2357 velit.
3510 2298 3613 2355 Sed
3664 2308 3716 2353 et

2144 2394 2455 2449 mercedem
2481 2394 2771 2449 ministerii
2795 2394 2961 2464 hujus
2992 2394 3250 2449 daturum
3280 2409 3341 2448 se
3373 2394 3534 2449 nobis
3560 2396 3713 2464 polli~

2144 2489 2392 2552 cebatur,
2423 2489 2652 2544 summis
2688 2494 2747 2543 ut
2772 2487 3079 2544 honoribus
3100 2488 3259 2552 allici,
3292 2498 3346 2543 et
3374 2487 3446 2541 dii
3492 2503 3613 2543 esse
3646 2488 3714 2543 ab

2143 2579 2458 2635 hominibus
2482 2580 2856 2643 crederemur,
2883 2588 3095 2634 tantum
3129 2589 3186 2634 ut
3218 2579 3372 2643 mihi,
3405 2580 3603 2650 inquit,
3632 2577 3714 2633 Si-

2144 2673 2294 2729 moni
2325 2672 2587 2729 deferatis
2617 2673 2909 2743 primatus,
2944 2672 3037 2742 qui
3071 2688 3295 2743 possum
3347 2677 3557 2744 magica
3603 2682 3713 2726 arte

2145 2766 2317 2820 multa
2344 2766 2499 2837 signa
2528 2772 2583 2820 et
2628 2764 2879 2834 prodigia
2910 2764 3220 2827 ostendere,
3252 2780 3349 2835 per
3383 2780 3504 2835 qua:
3545 2766 3713 2836 possit
3741 2833 3748 2839 _

2146 2857 2229 2912 vel
2254 2856 2440 2929 gloriae
2470 2856 2553 2912 vel
2586 2864 2749 2918 secta:
2779 2864 2983 2910 nostra:
3010 2856 3148 2910 ratio
3179 2863 3455 2911 constare.
3488 2854 3713 2911 Possum

2143 2952 2289 3007 enim
2321 2949 2503 3005 facere
2530 2950 2642 3020 (65)
2677 2957 2735 3003 ut
2765 2949 3075 3005 volentibus
3115 2964 3201 3004 me
3257 2948 3714 3019 comprehendere

2146 3059 2256 3098 non
2288 3038 2602 3114 appaream,
2636 3051 2690 3097 et
2718 3058 2915 3097 rursus
2944 3043 3132 3099 volens
3156 3041 3328 3096 videri
3360 3040 3538 3112 palam
3590 3039 3710 3103 sim,

2147 3135 2194 3192 si
2218 3135 2407 3209 fugere
2424 3135 2583 3189 velim
2607 3144 2821 3190 montes
2844 3134 3114 3205 perforent
3133 3141 3186 3189 et
3210 3150 3340 3188 saxa
3365 3134 3522 3204 quasi
3541 3133 3710 3186 lutum

2147 3226 2626 3300 pertranseam,’si
2676 3242 2761 3281 me
2792 3227 2859 3282 de
2889 3237 3071 3281 monte
3099 3225 3317 3281 excelso
3360 3226 3709 3296 praecipitem,

2147 3329 2407 3390 tanquam
2434 3312 2729 3374 subvectus
2766 3318 2833 3373 ad
2863 3327 3040 3373 terras
3069 3318 3271 3373 illaesus
3310 3315 3546 3371 deferar.
3583 3313 3715 3367 Vin-

2145 3421 2269 3469 ctus
2295 3413 2672 3482 memetipsum
2694 3398 2925 3476 solvam,
2948 3426 3042 3467 eos
3073 3426 3203 3466 vero
3234 3411 3325 3481 qui
3364 3409 3585 3463 vincula
3631 3407 3713 3461 in-

2142 3505 2379 3575 jecerint
2408 3504 2621 3559 vinctos
2653 3503 2898 3569 reddam,
2925 3503 2980 3557 in
3009 3517 3229 3558 carcere
3255 3502 3543 3571 colligatus
3567 3499 3713 3552 clau-

2147 3607 2261 3653 stra
2292 3606 2486 3668 sponte
2518 3596 2763 3667 patefieri
2790 3595 3007 3659 faciam,
3041 3600 3255 3649 statuas
3287 3593 3564 3646 animatas
3593 3589 3711 3643 red-

2147 3689 2295 3753 dam,
2321 3691 2395 3743 ita
2426 3695 2486 3742 ut
2510 3695 2768 3758 putentur
2787 3687 2858 3742 ab
2876 3687 2961 3741 his
2977 3685 3070 3756 qui
3090 3685 3275 3740 vident
3302 3684 3549 3738 homines
3572 3696 3707 3739 esse.

2146 3796 2318 3837 novas
2345 3764 2571 3836 arbores
2600 3781 2783 3835 subito
2813 3779 2946 3832 oriri
2979 3777 3197 3840 faciam,
3220 3783 3275 3830 et
3296 3774 3579 3844 repentina
3608 3774 3709 3825 vir-

2145 3874 2294 3943 gulta
2328 3874 2625 3944 producam
2651 3910 2666 3935 ,
2702 3872 2758 3927 in
2801 3872 2981 3940 ignem
3023 3870 3407 3939 memetipsum
3460 3866 3706 3935 injiciens

2148 3981 2257 4021 non
2288 3966 2532 4023 ardeam.
2560 3963 2781 4018 Vultum
2804 3978 2982 4019 meum
3003 3970 3305 4025 commuto,
3330 3970 3391 4014 ut
3414 3975 3524 4013 non
3546 3972 3708 4027 agno-

2150 4072 2295 4121 scar,
2328 4056 2425 4112 sed
2457 4063 2511 4112 et
2545 4056 2684 4111 duas
2714 4054 2883 4110 facies
2914 4054 3117 4109 habere
3147 4068 3254 4116 me,
3290 4066 3515 4121 possum
3540 4045 3708 4102 homi-

2151 4148 2313 4203 nibus
2342 4147 2649 4204 ostendere.
2681 4145 2810 4203 Ovis
2834 4154 2928 4201 aut
2949 4159 3114 4216 capra
3133 4143 3363 4207 efﬂciar,
3381 4142 3567 4215 pueris
3590 4154 3707 4211 par-

1767 4330 2132 4388 COTELEB“
2165 4330 2399 4389 NOTAE.

555 4547 667 4620 (6t)
701 4547 947 4620 Bap_tisla
979 4546 1208 4604 Joanne.
1239 4545 1317 4620 _ln
1357 4542 1716 4620 Clementinis
1755 4545 1947 4620 homil.
1982 4560 2045 4612 ll,
2078 4551 2124 4607 ι)
2171 4547 2332 4620 υ(63)
2358 4546 2579 4602 Possunt
2599 4545 2737 4601 enim
2764 4547 2954 4620 facere,
2979 4544 3403 4620 etcsLegendus
3422 4562 3582 4620 quem
3603 4547 3707 4602 Ab-

485 4638 542 4676 n.
566 4616 765 4691 ἐἷς-οι
791 4617 1058 4691 Epitomes
1079 4636 1203 4691 cap.
1230 4617 1323 4681 26,
1368 4616 1620 4688 Ἰωάννης
1638 4616 2051 4691 λᾚμεροόαπτι-

480 4691 631 4812 στίὶς.
665 4687 1394 4768 ρυθιιιειάιιιοὼιιιιΊιιειίιιο
1424 4687 1650 4768 martyri
1686 4687 1892 4755 Dialogi
1926 4702 2047 4757 pag.

480 4762 547 4812 5t)
597 4796 612 4812 .
635 4759 932 4812 Βαπτισται
964 4758 1244 4812 dicuntur.
1274 4774 1366 4812 aut
1393 4768 1605 4812 caeteris
1646 4757 2047 4812 Ἦμεοοὸαπτι-

476 4757 612 4881 50Ἰί
635 4759 932 4813 Βαπτισται
964 4758 1244 4825 dicuntur,
1274 4758 1366 4829 qui
1393 4757 1605 4813 caeteris
1646 4757 2049 4829 Ἦμεροὸαπτι-

479 4848 579 4881 στα
605 4869 620 4881 .

479 4848 620 4886 σται.

548 4899 659 4972 (62)
696 4897 828 4953 Cum
853 4900 972 4972 aliis
995 4901 1213 4972 triginta
1236 4897 1616 4968 principalibus
1644 4895 2047 4972 discipufis._Ad

477 4972 531 5027 id
558 4965 731 5040 forte,
750 4965 1086 5038 respiciebat
1106 4965 1388 5040 Origenes,
1409 4965 1415 4967 ⁷
1435 4984 1559 5040 cum
1597 4976 1729 5040 tom.
1750 4978 1819 5040 ft
1852 4968 1907 5020 in
1933 4965 2049 5040 Cel-

475 5060 591 5097 sum
624 5057 676 5109 p.
710 5036 1124 5109 itit—scriberet
1154 5057 1166 5091 ε
1196 5036 1257 5093 Οἱ
1292 5040 1348 5092 δὲ
1372 5036 1678 5109 Δοσιθβηνοὶ
1710 5037 1830 5090 οὐδὲ
1854 5037 2048 5109 προτε-

475 5130 569 5185 ρον
596 5105 866 5181 ἤκμασαν.
903 5110 1015 5163 Νῦν
1042 5105 1103 5163 δὲ
1134 5110 1409 5173 παντελῶς
1441 5105 1838 5162 ὲπιλέλοίπασιν
1857 5146 1872 5170 ,
1899 5105 2046 5161 ’ὥστε

475 5181 567 5235 τὸν
601 5181 720 5234 ὅλον
746 5180 923 5233 αὐτῶν
961 5180 1286 5235 ἱστορεῖσθαι
1315 5177 1542 5235 ἀριθμὸν
1572 5179 1671 5231 οὐκ
1691 5172 1828 5230 εἶναι
1852 5178 1909 5229 ὲν
1935 5182 2047 5235 τοῖς

474 5198 567 5235 τον
601 5198 720 5234 οΛον
746 5198 923 5233 αυτων
961 5198 1286 5253 ιστορεισυαι
1315 5198 1542 5252 αριυμον
1572 5198 1671 5231 ουκ
1691 5198 1828 5230 ειναι
1852 5198 1909 5229 εν
1935 5198 2046 5241 τοις

474 5249 907 5323 τριάκονταΜοε
924 5262 1027 5315 eSt,
1054 5268 1136 5304 me
1170 5252 1297 5321 περὶ
1322 5251 1453 5304 πόδα
1478 5251 1870 5323 interpretante
1897 5267 1909 5302 :
1942 5248 2046 5303 Do-

477 5320 695 5375 sithceni
726 5336 842 5374 vero
879 5337 969 5374 nec
1001 5320 1260 5389 superiori
1291 5331 1516 5389 tempore
1538 5320 1829 5387 ﬂoruerunt
1855 5333 1872 5370 .'
1908 5335 2045 5372 nunc

475 5408 592 5445 tero
625 5392 835 5443 omnino
860 5390 1175 5459 defecerunt,
1206 5391 1335 5445 adeo
1364 5401 1423 5443 ut
1448 5400 1586 5445 totus
1617 5390 1831 5459 illorum
1863 5405 2043 5442 nante-

479 5476 570 5531 rus
606 5461 866 5531 referatur
896 5456 998 5514 non
1029 5477 1141 5515 esse
1171 5463 1224 5514 in
1256 5463 1490 5531 triginta.
1527 5460 1591 5514 Et
1615 5468 1748 5531 toni.
1780 5456 1824 5523 l,
1861 5475 1913 5531 p.
1938 5460 2007 5513 45

480 5476 570 5513 rus
606 5475 866 5528 releratur
896 5479 998 5514 non
1029 5477 1141 5515 esse
1171 5479 1224 5514 in
1256 5475 1490 5531 tngmta.
1527 5475 1591 5514 ιιι
1615 5475 1748 5514 ιοιιι.
1780 5475 1824 5523 ι,

480 5530 615 5582 Νυνὶ
646 5530 701 5583 δὲ
723 5532 848 5595 τοὺς
880 5532 1085 5593 πάντας
1110 5533 1165 5583 ὲν
1188 5534 1263 5655 τῖὶ
1277 5531 1567 5602 οἰκουμένῃ
1597 5531 1697 5583 οὐκ
1719 5528 1832 5582 ἔστι
1884 5531 1923 5582 ἰ

485 5602 688 5655 νιανοὺς
721 5602 898 5655 εὑρεῖν
944 5602 1033 5653 τὸν
1065 5600 1234 5655 ἀοιου.
1266 5621 1294 5654 ν
1336 5597 1488 5655 οἶμαι
1534 5600 1845 5655 τριάκοντα.
1890 5597 1923 5652 Β

485 5602 688 5662 πανοὺς
721 5602 1033 5673 εὑρεῖνὲτὸν
1065 5597 1294 5673 apicum
1336 5597 1488 5673 οἶμαι
1534 5597 1845 5672 ἀέριάκοντα.

481 5680 655 5721 autem
687 5668 862 5725 omnes
896 5668 1229 5724 Simonianus
1270 5673 1320 5726 in
1357 5668 1479 5728 orbe
1523 5668 1745 5741 reperire
1782 5686 1884 5723 non
1925 5671 2043 5724 licet

481 5753 722 5805 numero,
753 5742 953 5807 opinor,
988 5741 1228 5811 triginta.

2155 4617 2567 4683 diam'vocant;
2615 4619 2975 4688 notandisque
3003 4618 3058 4673 in
3099 4618 3191 4671 illo
3227 4619 3389 4671 variae
3423 4619 3700 4676 lectiones.

2154 4689 2491 4757 corrigendae
2538 4690 2709 4743 falsae.
2770 4688 3072 4743 Notabilem
3127 4702 3346 4757 quoque
3397 4688 3707 4743 varietatem

2151 4757 2371 4814 eXhibet
2421 4760 2557 4814 liber
2596 4760 2833 4813 Carmel.
2868 4760 3073 4811 Aurum
3099 4757 3370 4827 plumbum
3416 4758 3705 4816 ostendam.

2151 4829 2243 4899 ubi
2279 4831 2459 4884 caeteri
2500 4832 2701 4882 Aurum
2752 4829 3039 4899 plurimum
3069 4827 3377 4899 ostendam,
3410 4829 3512 4881 οὐκ
3542 4828 3706 4899 ἀληθῆ

2149 4896 2668 4984 θαύματαιποιοῆσιν
2698 4896 2884 4984 obdito
2914 4898 3024 4984 τῶν
3052 4897 3251 4984 ψήνφοιν
3278 4897 3374 4984 τριξ
3403 4896 3708 4984 ὲΞτωνυμῖαὲ

2147 4967 2377 5092 ἕξοντες.
2400 4970 2708 5023 Δεικνύουσι
2737 4969 2843 5039 γὰρ
2869 4968 3066 5050 χρυρὸν
3084 4967 3181 5020 οὐκ
3198 4967 3409 5039 ἀληθῶς
3430 4967 3557 5021 ὄντα
3582 4967 3708 5038 χρυ-

2155 5055 2187 5110 _o
2219 5057 2267 5094 ν.
2287 5040 2422 5094 Cum
2446 5042 2646 5110 quibus
2670 5038 2992 5110 'l‘lieodoritt
3014 5039 3080 5091 ad
3107 5036 3421 5110 llThessal.
3446 5054 3505 5101 II,
3536 5042 3591 5099 9,
3618 5038 3710 5110 ad-

2145 5108 2315 5179 junge
2348 5110 2450 5164 ista
2466 5107 2694 5180 gemina
2729 5108 2871 5178 apud
2915 5107 3271 5180 Athanasium
3300 5108 3355 5180 in
3388 5107 3706 5180 Quintiani-

2151 5176 2340 5234 busiad
2371 5176 2683 5234 Antiochum
2704 5176 2950 5249 respons.
2977 5177 3079 5249 124
3108 5197 3119 5231 :
3147 5178 3208 5231 Οἱ
3231 5176 3511 5249 λεγόμενοι
3530 5178 3708 5249 ψηφά-

2147 5249 2254 5314 δες,
2287 5253 2380 5304 καὶ
2421 5252 2583 5304 πάλιν
2633 5248 2791 5311 αὐτὸς
2818 5251 2845 5302 ὁ
2887 5248 3246 5319 Ἀντζχριστος
3276 5248 3607 5319 ἐρχόμενος
3654 5250 3708 5300 ὲν

2150 5321 2420 5393 φαντασίᾳ
2455 5321 2652 5393 -πλανᾷ
2699 5319 2824 5393 ξονς
2876 5316 3185 5393 ὀὲθτζλμοὺς
3230 5316 3705 5393 τῷνᾷνθρῴταυγ.

2147 5387 2367 5461 χρυσίον
2396 5387 2589 5454 ἀὐτοῖς
2629 5387 2887 5461 tranant;
2994 5389 3230 5461 ἄργυρον
3269 5387 3605 5461 ὑποξεικνύς.
3630 5387 3704 5461 ΔΙρι

2203 5477 2322 5528 pere
2350 5461 2648 5529 imperfecto
2673 5461 2727 5513 in
2765 5457 3077 5512 Hattha’um
3108 5457 3178 5529 ad
3217 5472 3338 5527 cap.
3366 5459 3418 5520 7,
3444 5474 3591 5513 vers.
3622 5457 3704 5519 l6,

2151 5527 2250 5598 seu
2278 5537 2336 5583 ut
2366 5527 2637 5593 dividunt,
2673 5530 2860 5584 homil.
2899 5529 2990 5598 ωε
3029 5527 3217 5583 Volare
3242 5542 3334 5598 per
3358 5545 3555 5589 aerem.
3577 5529 3707 5581 sicut

2145 5609 2197 5669 et
2224 5597 2509 5669 Dominum
2537 5599 2778 5653 diabolus
2802 5597 3145 5663 hortabatur;
3169 5597 3375 5654 statuas
3404 5600 3577 5669 facere
3598 5615 3710 5650 σηι-
3741 5635 3759 5645 .

2148 5667 2358 5730 balare;
2392 5678 2483 5722 aut
2519 5670 2845 5723 commisceri
2873 5668 3123 5738 ﬂammat,
3154 5680 3204 5725 et
3233 5686 3336 5725 non
3361 5667 3634 5733 coartari;
3657 5676 3708 5725 et

2146 5740 2272 5803 alia,
2297 5740 2478 5811 qualia
2506 5738 2684 5809 Simon
2710 5740 2850 5808 (erit.
