4048 6262
410 295 550 350 ηδε

1564 316 1567 317 ν
1608 288 2172 348 RECOGNITIONUM
2211 290 2337 348 LIB.
2372 290 2436 348 ll.

3514 295 3656 353 1236

406 411 490 465 vis
516 409 742 463 barbam
774 404 1094 477 producam,
1126 402 1184 460 in
1212 416 1395 460 aerem
1450 403 1687 468 volando
1730 404 1978 467 invehar,
2011 412 2056 467 Α
2086 406 2235 479 virga
2261 408 2495 462 transire
2521 426 2536 474 ;
2568 422 2734 480 super
2761 423 2873 480 quo
2892 409 3311 481 obstupefactus
3340 411 3654 479 Dositheus,

407 516 604 555 aurum
637 499 935 569 plurimum
981 498 1288 566 ostendam,
1326 513 1480 569 reges
1531 500 1725 555 faciam
1769 515 1973 571 eosque

406 590 679 659 dejiciam.
703 587 989 641 Adorabor
1011 596 1064 640 ut
1093 586 1255 651 Deus,
1284 588 1496 659 publice
1511 590 1710 645 divinis
1728 590 1989 661 donabor

407 681 730 745 honoribus,
764 679 838 733 ita
879 689 938 732 ut
970 678 1327 734 simulacrum
1358 680 1492 734 mihi
1534 688 1832 737 statuentes
1859 680 1972 752 (64)

406 782 663 843 tanquam
692 771 864 826 Deum
891 772 1072 826 colant
1101 779 1156 826 et
1182 771 1428 826 adorent.
1465 771 1532 825 Et
1563 774 1693 843 quid
1722 790 1861 844 opus
1888 783 1975 829 est

404 867 577 921 multa
634 864 858 920 dicere?
890 864 1152 935 quidquid
1212 864 1437 920 voluero
1488 864 1706 931 facere,
1764 879 1970 936 petere.

403 956 569 1012 Ilulta
595 957 794 1012 etenim
824 956 936 1026 jam
973 956 1105 1010 mihi
1133 956 1486 1025 experimenti
1515 972 1683 1013 causa
1716 973 1975 1014 consum-

403 1058 549 1104 mata
589 1058 737 1104 sunt.
782 1048 1027 1119 Denique
1065 1047 1382 1118 aliquando,
1412 1048 1610 1119 inquit,
1643 1065 1770 1105 cum
1800 1062 1974 1107 mater

402 1156 522 1195 mea
543 1140 742 1195 Rachel
764 1138 980 1210 juberet
1005 1154 1091 1194 me
1110 1138 1258 1195 exire
1282 1140 1349 1195 ad
1372 1154 1585 1211 agrum,
1609 1150 1668 1196 ut
1690 1152 1970 1210 meterem,

401 1247 502 1301 ego
554 1230 745 1286 falcem
802 1230 990 1285 videns
1028 1229 1260 1299 positam
1314 1230 1541 1300 praecepi
1578 1232 1631 1286 ei
1684 1241 1742 1287 ut
1780 1232 1882 1289 iret
1917 1242 1973 1290 et

402 1333 647 1384 meteret,
675 1335 730 1377 et
765 1322 990 1377 messuit
1022 1322 1251 1392 decuplo
1279 1321 1515 1392 amplius
1547 1322 1775 1379 caeteris.
1803 1324 1971 1397 Multa

397 1417 513 1487 jam
547 1432 686 1471 nova
718 1416 947 1487 virgulta
974 1415 1203 1485 produxi
1238 1416 1304 1471 de
1338 1425 1481 1471 terra
1509 1427 1562 1471 et
1598 1420 1971 1477 convalescere

401 1524 464 1564 ea
506 1508 645 1573 feci,
687 1508 790 1562 sub
844 1515 1121 1562 momento
1164 1508 1423 1577 temporis
1476 1524 1737 1578 apparere
1774 1511 1876 1567 feci
1914 1522 1971 1568 et

399 1596 639 1653 montem
670 1597 1001 1669 proximum,
1040 1612 1139 1667 ego
1177 1598 1418 1652 secundo
1456 1597 1748 1666 perforavi.

468 1678 536 1735 Χ.
580 1679 686 1736 Sed
722 1682 836 1737 haec
865 1698 991 1738 cum
1024 1685 1232 1742 diceret
1284 1689 1352 1744 de
1387 1689 1635 1761 virgultis
1682 1698 1967 1764 productis

2083 496 2159 550 ait
2185 496 2254 550 ad
2283 513 2444 552 eum:
2473 497 2570 552 Dic
2602 499 2756 563 mihi,
2789 499 2834 554 si
2866 508 2920 553 tu
2944 516 3003 554 es
3033 499 3218 564 Stans,
3246 509 3305 558 ut
3327 503 3545 558 adorem
3582 512 3651 560 te.

2081 586 2326 659 Cumque
2359 587 2548 643 Simon
2569 590 2966 659 respondisset,
3001 606 3102 661 ego
3156 608 3276 647 sum
3300 634 3315 657 ,
3364 593 3655 653 Dositheus

2078 681 2271 737 videns
2324 698 2384 737 se
2411 699 2522 738 non
2577 698 2701 739 esse
2755 682 3040 746 Stantem,‘
3063 686 3263 745 cecidit
3317 698 3371 743 et
3406 689 3657 743 adoravit

2078 786 2224 837 eum,
2256 779 2311 828 et
2358 771 2567 828 Simoni
2615 774 2837 845 quidem
2870 775 3015 830 cedit
3045 776 3409 847 principatum
3467 796 3651 844 suum,

2080 859 2293 931 ipsique
2317 862 2540 917 obedire
2568 879 2784 918 omnem
2838 865 3063 935 triginta
3119 867 3362 922 virorum
3399 869 3648 923 ordinem

2073 952 2257 1024 jubet,
2286 955 2640 1029 semetipsum
2677 971 2808 1009 vero
2855 955 2912 1009 in
2943 956 3126 1010 locum
3168 956 3411 1015 Simonis
3458 960 3653 1016 statuit

2075 1052 2133 1101 et
2164 1060 2275 1099 non
2305 1046 2478 1100 multo
2504 1055 2626 1116 post
2653 1046 2945 1104 defunctus
2974 1057 3063 1104 est
3092 1048 3229 1122 (65).

2146 1138 2261 1196 ΧΠ.
2302 1139 2474 1211 Igitur
2498 1148 2623 1211 post
2651 1142 2862 1197 obitum
2904 1141 3150 1199 Dosithei
3199 1144 3388 1201 Simon
3433 1149 3645 1218 accepit

2074 1228 2305 1297 Lunam,
2340 1247 2462 1286 cum
2486 1248 2593 1303 qua
2628 1249 2802 1305 usque
2837 1234 2906 1289 ad
2936 1250 3181 1305 praestans
3213 1239 3433 1304 circuit,
3477 1247 3537 1294 ut
3566 1242 3649 1294 vi-

2073 1326 2217 1380 detis
2238 1325 2518 1394 decipiens
2544 1326 2737 1382 turbas
2770 1334 2824 1381 et
2853 1342 3130 1392 asserens,
3156 1333 3509 1402 semetipsum
3531 1334 3649 1403 qui-

2072 1418 2194 1473 dem
2223 1418 2482 1473 virtutem
2519 1433 2641 1474 esse
2666 1419 2982 1489 quamdam,
3011 1436 3134 1492 qua:
3162 1423 3235 1476 sit
3257 1438 3422 1493 supra
3453 1426 3650 1480 condi-

2073 1520 2243 1565 torem
2278 1510 2470 1578 Deum,
2505 1510 2717 1566 Lunam
2751 1527 2883 1567 vero
2918 1530 3040 1582 qua:
3077 1529 3264 1569 secum
3293 1524 3399 1581 est,
3428 1532 3552 1573 esse
3580 1518 3648 1573 de

2071 1602 2449 1671 superioribus
2480 1602 2637 1657 caelis
2678 1602 2988 1670 deductam,
3028 1607 3389 1677 eamdemque
3415 1618 3647 1665 cuncto-

2072 1708 2191 1747 rum
2236 1694 2553 1764 genitricem
2594 1697 2793 1753 asserit
2819 1712 2942 1751 esse
2984 1698 3330 1767 sapientiam,
3376 1716 3474 1770 pro
3511 1718 3643 1772 qua,

394 1777 448 1825 et
471 1780 655 1827 monte
682 1773 983 1843 perforato,
1005 1780 1386 1848 stupescebatn
1409 1774 1510 1857 pro
1532 1787 1783 1856 eo,quod
1804 1788 1963 1843 etiam
2002 1769 2042 1824 Β
2069 1785 2267 1856 inquit,
2326 1786 2500 1841 Graeci
2568 1797 2624 1842 et
2666 1789 2885 1843 barbari
2916 1791 3305 1862 rconlligentes,
3353 1769 3644 1865 imaginem

394 1876 495 1917 nos
517 1863 924 1921 circumvenire
955 1860 1107 1935 velit,
1134 1870 1335 1940 quibus
1389 1889 1448 1928 se
1495 1879 1883 1936 commendare
1912 1890 1966 1936 et

390 1956 721 2011 concredere
776 1958 1100 2028 videbatur;
1158 1964 1470 2022 sciebamus
1529 1967 1674 2023 enim
1737 1973 1881 2041 quod
1935 1989 1965 2028 a

387 2046 609 2116 proavis
634 2047 748 2102 haec
779 2049 1033 2119 fuissent,
1059 2069 1179 2123 quae
1210 2070 1240 2108 a
1268 2070 1327 2110 se
1349 2073 1523 2127 nuper
1544 2058 1685 2114 facta
1711 2063 1967 2131 perhibe-

387 2138 502 2194 bat.
535 2138 661 2194 llaec
686 2156 815 2212 ergo
838 2159 940 2199 nos
970 2146 1038 2199 ab
1054 2162 1120 2200 eo
1141 2146 1343 2219 ﬂagitia
1363 2149 1667 2215 audientes,
1689 2160 1744 2207 et
1771 2154 1963 2210 horum

382 2230 684 2298 deteriora,
712 2237 1083 2305 sequebamur
1131 2248 1314 2297 tamen
1344 2249 1398 2297 et
1434 2244 1535 2314 ipsi
1576 2244 1698 2314 ejus
1730 2249 1960 2313 scelera,

385 2329 442 2375 et
470 2322 608 2379 alios
626 2326 695 2378 ab
724 2342 789 2381 eo
820 2327 998 2400 decipi
1031 2332 1396 2399 patiebamur,
1427 2335 1596 2389 multa
1618 2337 1781 2391 etiam
1812 2355 1965 2394 men-

387 2412 583 2470 tientes
613 2431 711 2485 pro
746 2433 832 2483 eo,
889 2427 943 2474 et
982 2421 1087 2477 hoc
1119 2424 1440 2495 priusquam
1497 2428 1702 2497 aliquid
1756 2428 1962 2485 faceret

380 2519 577 2562 eorum
601 2525 723 2579 quae
755 2513 1102 2581 promiserat,
1136 2517 1211 2572 ita
1248 2526 1307 2571 ut
1336 2518 1503 2574 nullis
1550 2521 1729 2576 adhuc
1767 2524 1958 2594 gestis,

385 2611 418 2652 a
440 2602 723 2658 nonnullis
755 2610 939 2659 tamen
970 2615 1261 2677 putaretur
1300 2610 1464 2668 Deus.

454 2688 547 2747 XI.
592 2693 816 2749 Interim
851 2698 906 2751 in
937 2699 1098 2755 initio
1145 2717 1269 2756 cum
1324 2705 1503 2760 adhuc
1547 2708 1689 2762 inter
1735 2709 1961 2780 triginta

383 2779 632 2838 Dosithei
663 2786 966 2858 discipulos
999 2791 1318 2859 haberetur,
1350 2798 1517 2867 cmpit
1549 2799 1653 2868 ipsi
1699 2779 1960 2869 Dositheo

382 2871 666 2944 derogare,
717 2885 978 2951 tanquam
1028 2884 1121 2954 qui
1150 2901 1267 2939 non
1309 2886 1517 2957 integre
1567 2906 1668 2945 nec
1720 2889 1961 2960 perfecte

381 2961 623 3031 doceret,
658 2968 821 3041 idque
850 2989 974 3027 eum
1000 2991 1110 3031 non
1134 2978 1338 3032 invidia
1369 2977 1551 3034 facere
1575 2980 1671 3035 sed
1701 2983 1754 3035 in
1780 2983 1959 3039 scien-

380 3055 479 3111 tia.
512 3056 718 3117 .Verum
743 3060 1035 3121 Dositheus
1069 3068 1161 3122 ubi
1191 3070 1296 3133 sibi
1318 3070 1567 3143 derogari
1600 3075 1771 3143 sensit
1791 3089 1821 3128 a
1864 3073 1953 3129 Si-

379 3157 562 3212 mone,
603 3166 799 3208 verens
823 3172 892 3211 ne
909 3157 1095 3227 opinio
1122 3175 1222 3214 sua
1256 3162 1653 3220 obscuraretur
1684 3168 1829 3237 apud
1854 3168 1953 3223 ho-

381 3237 597 3328 mines,
654 3245 748 3315 qui
791 3264 916 3303 eum
966 3252 1236 3322 putabant
1287 3256 1467 3326 ipsum
1505 3275 1628 3315 esse
1677 3262 1947 3328 Stantem,

379 3326 569 3389 furore
591 3347 921 3406 commotus,
948 3358 1070 3397 cum
1102 3345 1170 3399 ad
1195 3346 1440 3401 scholam
1473 3352 1636 3405 solito
1657 3340 1951 3408 convenis-

378 3433 523 3488 sent,
558 3426 710 3499 virga
739 3442 992 3503 correpta
1018 3437 1311 3494 verberare
1357 3438 1636 3497 Simonem
1665 3444 1833 3512 coepit
1851 3484 1866 3509 ,
1897 3452 1953 3499 et

378 3528 605 3587 repente
627 3516 724 3591 per
751 3541 952 3599 corpus
981 3530 1101 3600 ejus
1121 3532 1284 3601 quasi
1321 3549 1418 3603 per
1453 3534 1687 3605 fumum,
1719 3537 1838 3591 visa
1867 3545 1952 3592 est

2068 1879 2285 1948 quidem
2315 1881 2437 1948 ejus
2456 1880 2581 1950 (66)
2621 1883 2804 1953 aliqua
2829 1900 2895 1938 ex
2927 1893 3083 1955 parte
3111 1887 3295 1942 videre
3329 1898 3642 1956 potuerunt,

2066 1971 2239 2042 ipsam
2271 1988 2399 2027 vero
2429 1980 2487 2027 ut
2516 1973 2622 2035 est.
2667 1976 2884 2044 penitus
2917 1977 3264 2046 ignorarunt,
3296 1982 3497 2051 quippe
3520 1998 3642 2052 quae

2066 2060 2212 2130 apud
2262 2061 2414 2114 illum
2452 2064 2690 2133 primum
2746 2067 2992 2120 omnium
3042 2077 3097 2123 et
3142 2070 3318 2125 solum
3370 2071 3642 2127 habitaret

2064 2151 2255 2207 Deum.
2300 2152 2364 2208 Et
2400 2154 2512 2209 haec
2537 2165 2702 2227 atque
2732 2158 2837 2211 alia
2868 2158 2955 2215 his
2977 2160 3175 2215 similia
3199 2177 3323 2216 cum
3349 2164 3639 2219 verborum

2064 2260 2262 2316 pompa
2303 2246 2610 2316 proferens,
2666 2247 2884 2319 decepit
2928 2252 3151 2307 multos.
3195 2251 3298 2309 Sed
3332 2264 3387 2309 et
3420 2256 3523 2311 hoc
3558 2257 3642 2311 in-

2063 2336 2248 2392 dicare
2292 2338 2485 2404 debeo,
2530 2340 2676 2409 quod
2710 2341 2828 2410 ipse
2872 2358 2973 2413 ego
3034 2344 3240 2401 vidisse
3274 2362 3359 2402 me
3391 2349 3637 2415 memini,

2063 2444 2186 2483 cum
2207 2439 2355 2486 esset
2378 2432 2677 2502 aliquando
2696 2432 2849 2487 Luna
2874 2435 2966 2488 illa
2987 2435 3108 2505 ejus
3133 2436 3187 2490 in
3217 2439 3355 2491 turri
3378 2441 3638 2509 quadam,

2063 2521 2361 2577 multitudo
2391 2523 2587 2594 ingens
2618 2525 2685 2579 ad
2717 2540 2837 2580 eam
2878 2537 3211 2582 convenerat
3250 2531 3638 2600 pervidendam

2060 2624 2114 2668 et
2144 2614 2385 2685 undique
2410 2616 2557 2672 circa
2587 2618 2785 2672 turrim
2828 2620 3042 2685 stabat;
3070 2629 3125 2674 at
3165 2623 3257 2676 illa
3300 2639 3398 2693 per
3445 2639 3637 2680 omnes

2062 2702 2330 2761 fenestras
2363 2709 2533 2763 turris
2564 2709 2712 2764 illius
2743 2711 2893 2765 omni
2937 2712 3138 2782 populo
3164 2717 3524 2783 procumbere
3570 2734 3635 2773 ac

2059 2800 2373 2869 prospicere
2404 2800 2715 2857 videbatur.
2745 2802 2811 2857 Et
2841 2806 3014 2858 multa
3039 2806 3145 2859 alia
3188 2807 3463 2862 mirabilia
3505 2809 3635 2864 fecit

2058 2898 2112 2946 et
2142 2892 2294 2958 facit,
2328 2894 2405 2947 ita
2446 2903 2507 2949 ut
2551 2904 2837 2966 stupentes
2872 2912 2971 2967 pro
3012 2898 3099 2954 his
3138 2898 3392 2955 homines
3436 2910 3633 2971 putent

2057 2998 2183 3038 eum
2206 2984 2385 3055 ipsum
2417 3002 2540 3041 esse
2568 3002 2842 3043 summum
2872 2988 3063 3061 Deum.

2132 3073 2271 3131 Xlll.
2310 3075 2447 3132 Nam
2480 3078 2613 3133 mihi
2644 3078 2938 3150 aliquando
2963 3090 3018 3137 et
3045 3082 3248 3140 Nicetae
3275 3086 3628 3157 rogantibus,

2058 3176 2117 3223 ut
2142 3177 2436 3239 exponeret
2456 3172 2728 3241 quomodo
2752 3172 2867 3227 haec
2890 3175 3107 3243 possint
3134 3184 3253 3231 arte
3285 3178 3495 3248 magica
3540 3177 3623 3232 ef-

2054 3260 2163 3325 fici,
2197 3271 2250 3316 et
2274 3277 2395 3333 qua:
2416 3270 2562 3318 esset
2587 3263 2751 3333 hujus
2774 3265 2854 3319 rei
2885 3275 3104 3331 natura,
3140 3266 3329 3322 Simon
3360 3276 3627 3340 tanquam

2053 3354 2413 3412 familiaribus
2445 3357 2560 3413 suis
2588 3359 2881 3427 explanare
2932 3359 3009 3413 ita
3060 3362 3268 3432 coepit:
3311 3361 3497 3430 Pueri,
3539 3365 3626 3418 in-

2053 3448 2193 3517 quit,
2226 3447 2525 3519 incorrupti
2572 3457 2629 3504 et
2652 3450 2923 3507 violenter
2981 3450 3182 3518 necati,
3228 3455 3463 3509 animam
3510 3455 3628 3526 (67)

2028 3539 2449 3608 'adjuramentis
2479 3540 2845 3600 inell‘abilibus
2892 3554 3177 3601 evocatam
3207 3548 3470 3604 assistere
3493 3542 3628 3603 mihi

1632 3694 2007 3757 ,ῦοτΕιΕιιιι
2039 3696 2270 3757 NOTAE.

450 3857 562 3931 (64)
595 3857 683 3913 Ita
710 3868 770 3913 ut
800 3862 1143 3920 simulacrum
1187 3868 1316 3923 mihi
1364 3880 1674 3929 statuentes.
1719 3857 1886 3930 Recte
1914 3892 1945 3931 a

376 3927 437 4009 _S_.
462 3927 682 4009 irenzeo
715 3932 807 3987 lib.
840 3949 889 4009 ι.
925 3949 1044 4005 cap.
1072 3938 1182 4001 20,
1223 3940 1436 4009 publica
1492 3927 1673 3997 statua
1706 3927 1946 4002 Simonis

376 4000 515 4087 Ξειεὶ
546 3999 733 4083 {lamas
770 4004 967 4087 posita.
995 3999 1321 4087 secernitur
1355 4012 1437 4087 ab_
1460 3999 1945 4087 imagineiprivata

375 4070 616 4157 Simonis
638 4070 818 4157 specie
839 4072 1198 4157 .Jovianuam
1223 4080 1546 4157 moniani
1560 4070 1690 4157 dum
1712 4070 1949 4157 imagine

375 4139 600 4222 Selenes
619 4139 724 4222 seu
757 4142 973 4222 Helenae
999 4139 1240 4222 facta_ad
1269 4152 1493 4222 figuram
1529 4154 1784 4210 Minerva:
1814 4139 1949 4211 ius;

373 4213 587 4292 rabant:
619 4211 675 4267 ld
709 4215 891 4292 monui
913 4256 928 4277 .
963 4220 1091 4292 quia
1138 4218 1196 4292 B_.
1230 4211 1567 4292 Augustinus
1607 4225 1662 4278 in
1697 4226 1835 4281 libro
1869 4227 1949 4281 De

372 4283 655 4364 ﬁceresibns
677 4283 913 4364 'videtur
951 4283 1128 4364 minus
1156 4283 1413 4364 distincte
1444 4295 1611 4364 loqui.
1655 4296 1845 4353 dicens
1874 4300 1940 4353 de

374 4349 597 4426 Simone
622 4374 634 4409 :
658 4353 840 4408 Jovem
868 4374 923 4410 se
942 4359 1083 4412 credi
1104 4362 1327 4426 volebat,
1356 4349 1646 4420 Minervam
1664 4349 1804 4421 ivero
1833 4385 1942 4422 me-

371 4425 609 4502 retricem
650 4425 1210 4502 quamdant‘Selenen;
1241 4425 1398 4502 quant
1426 4436 1528 4489 sibi
1556 4438 1753 4491 sociant
1788 4443 1943 4493 scele-

371 4508 495 4576 rum
517 4495 709 4576 fecerat
740 4498 1221 4576 {imaginesqueet
1252 4495 1407 4576 suam
1436 4516 1483 4559 et
1507 4507 1737 4576 ejusdem
1772 4527 1941 4563 mere-

374 4564 522 4648 tricis
545 4565 826 4648 discipulis
840 4564 951 4621 suis
978 4564 1240 4648 prri'liebat
1257 4564 1582 4643 adoranda},
1607 4595 1737 4648 quas
1769 4590 1819 4633 et
1839 4580 1943 4633 Ro-

370 4650 470 4686 me
506 4644 755 4719 tanquam
792 4637 1009 4692 deorum
1044 4644 1334 4698 simulacra
1376 4637 1694 4702 auctoritate
1729 4650 1940 4719 publica

367 4710 730 4766 constituerat.
1320 4760 1323 4765 ρ

444 4772 553 4851 (66)
579 4773 650 4851 _Et
682 4792 787 4851 non
818 4776 981 4830 multo
997 4789 1127 4851 post
1158 4781 1435 4851 defunctus
1461 4795 1556 4842 est.
1586 4786 1809 4843 Mortem
1834 4788 1940 4843 Do-

444 4795 553 4844 (οδ)
583 4795 650 4828 ιιι
682 4795 782 4828 non
818 4795 981 4830 muuo
1046 4795 1127 4834 ost
1158 4795 1435 4851 actuactus
1461 4795 1556 4842 est.
1586 4795 1809 4843 Mortem
1836 4795 1935 4843 Do-

372 4842 542 4923 sitirei.
560 4845 816 4923 describit
848 4857 968 4923 post
997 4795 1355 4919 Epiphanium
1390 4855 1579 4912 haeresi
1606 4859 1691 4923 15,
1720 4857 1935 4915 Nicetes

370 4911 663 4984 Choniatcs
690 4916 783 4970 lib.
814 4911 1143 4984 I'Tliesaur'i,
1171 4938 1217 4976 ο.
1245 4924 1331 4978 55.
1368 4911 1721 4981 Pauloaliter
1748 4911 1814 4982 ini
1828 4911 1938 4982 N81

372 4982 760 5069 εξειΑῐξςθΙιθηιι
797 4982 1161 5069 βςςιιευειιείε
1203 4991 1480 5050 Maronitas
1513 5001 1578 5050 ad
1612 4997 1932 5069 Catalogum

368 5049 689 5123 Hebedjesu,
715 5071 767 5123 p.
800 5058 918 5111 l64.

440 5121 883 5202 (66)"Itna_ginem
931 5131 1139 5197 quidem
1184 5131 1332 5200 ejus,
1376 5142 1480 5187 etc.
1518 5132 1669 5189 Haud
1704 5137 1930 5195 dubium

365 5191 499 5274 quin
531 5191 1122 5274 Simon-commentum
1161 5191 1263 5274 hoc
1297 5191 1363 5257 de
1394 5202 1543 5258 Luna
1586 5207 1680 5261 seu
1716 5191 1927 5274 Selene,

365 5263 509 5342 dicta
532 5263 694 5342 etiam
724 5262 944 5342 ilelena,
972 5268 1213 5326 hauserit
1246 5274 1313 5328 ab
1345 5274 1610 5342 ethnicis;
1645 5293 1767 5331 cum
1804 5262 1928 5333 Ριέέ

350 5332 518 5414 tgulis:
550 5332 781 5414 insignia
815 5336 986 5414 verba
1016 5351 1248 5414 exstent,
1280 5344 1373 5414 lib.
1414 5360 1464 5398 Ix
1509 5332 1926 5414 De'republicar:

363 5400 1059 5501 TE.‘§S.'.E3§K?S.EF52}9“
1100 5410 1219 5501 27‘?
1237 5400 1363 5501 λτῶν,
1389 5417 1445 5468 έν
1475 5417 1645 5501 Τροίι
1662 5400 1923 5501 ξῑηςίιὸλ

364 5474 454 5541 ρός
484 5486 615 5541 φησι
646 5474 1313 5557 γενέσθαχπεριμάχητον,
1340 5474 1533 5557 ἀγνοίᾴ
1556 5474 1646 5569 rei):
1672 5474 1921 5565 (50.130035.

364 5541 438 5628 lle
491 5541 702 5628 Helena:
735 5560 979 5628 .mtagtne
1016 5547 1352 5628 Stesichorus
1392 5559 1475 5628 git
1521 5556 1776 5628 Trajauos
1816 5565 1923 5617 veri

358 5613 686 5687 ignoratione
712 5613 1022 5687 decertasse.
1051 5617 1178 5673 ltem
1209 5621 1355 5677 Sexti
1390 5613 1646 5687 Empiric'i
1673 5613 1920 5687 aduersus

358 5644 683 5672 sqrsvruuuuc
712 5644 1022 5671 υτιεηυοδσ.
1051 5644 1178 5673 nem
1209 5644 1355 5677 nexu
1390 5644 1485 5680 mn
1531 5645 1646 5683 lt'lCl
1673 5644 1916 5687 adversus

358 5680 758 5772 .llathernqticos
782 5684 873 5772 lib.
904 5701 1072 5772 vu,.p.
1105 5689 1361 5772 184,“!85
1391 5713 1403 5748 :
1441 5644 1655 5772 ’ξξῖένης
1681 5702 1916 5772 εἴδωλον,

356 5752 483 5822 περὶ
512 5747 571 5806 οὗ
600 5752 857 5825 δεκαέτης
897 5747 1126 5830 euut-atq
1168 5747 1421 5835 πὸλεμοξ.

2047 3895 2215 3953 crum,
2238 3897 2334 3950 pro
2352 3898 2452 3950 quo
2476 3882 2764 3953 conﬂatum
2794 3884 2898 3953 fuit
2928 3884 3122 3939 bellum
3152 3886 3328 3942 decem
3351 3904 3639 3945 annorum.

2050 3952 2317 4027 (Steterunt
2346 3954 2565 4027 quando
2594 3952 2947 4027 Celsusapud
2965 3955 3253 4027 Qrigenem
3285 3959 3623 4018 Simonianis

2050 4023 2164 4075 vult
2195 4022 2506 4090 impositum
2539 4021 2705 4077 fuisse
2740 4021 2933 4079 nomen
2965 4021 3383 4082 Helénianorum
3413 4030 3482 4085 ab
3512 4030 3622 4087 He-

2051 4091 2195 4167 lena,
2226 4093 2305 4144 vel
2328 4101 2660 4167 praeceptore
2682 4093 2910 4159 Heleno,
2941 4096 2992 4149 in
3014 4095 3219 4151 Heleno
3246 4113 3355 4152 non
3379 4099 3620 4167 jocatur,

2049 4163 2263 4232 Opinor,
2294 4162 2395 4232 sed
2425 4170 2592 4217 errat.

2123 4231 2236 4301 (67)
2272 4231 2434 4286 Pueri
2460 4234 2753 4301 incorrupti
2787 4245 2838 4288 et
2876 4236 3126 4290 uiolenter
3160 4240 3331 4291 necati
3359 4242 3613 4297 animam.

2046 4300 2536 4381 Justinus_inar_tyr
2568 4300 2993 4381 apologeticgﬁ.
3019 4323 3073 4376 p.
3108 4308 3230 4381 65;
3261 4309 3326 4361 Αἱ
3361 4310 3618 4381 ἀδιαφθό-

2049 4391 2156 4444 ρων
2198 4373 2402 4450 πεί-δων
2447 4374 2827 4450 ιέιιιοπυιειξτίίειςἶ
2867 4373 3067 4450 Παζδάς
3096 4379 3383 4450 ἀφθόρους,
3419 4382 3473 4436 in
3501 4373 3614 4437 ’80-

2049 4452 2220 4520 crate,
2248 4444 2343 4498 lib.
2378 4460 2461 4520 in,
2497 4445 3041 4520 cap._l5._llorati_us
3079 4444 3299 4519 epodfv,
3331 4466 3481 4520 puer,
3510 4453 3614 4507 im-

1973 4501 2018 4557 D
2040 4513 2181 4592 πηιρε
2194 4501 2399 4582 corpus.
2431 4501 2584 4592 Apud
2613 4514 2929 4592 Eusebium,
2954 4501 3099 4573 Hist.
3112 4501 3352 4583 'liijn:

2048 4584 2326 4659 επλάγχνοι
2360 4588 2578 4659 usage-vi;
2603 4625 2617 4649 ,
2668 4587 2789 4659 lib,
2816 4603 2946 4659 vni.
2998 4604 3119 4659 cap.
3156 4591 3247 4655 15,
3299 4601 3353 4647 et
3388 4584 3466 4647 De
3506 4596 3615 4650 vita

2044 4653 2380 4736 Constantini
2401 4655 2439 4717 l,
2459 4653 2833 4736 5Q.'Vaoysv_t3v
2854 4653 3137 4736 στελᾲγ-ένα
3173 4653 3408 4736 βρεφῶν.
3436 4664 3613 4736 Chry-

2043 4734 2338 4796 sostomus,
2365 4734 2495 4781 tom.
2514 4725 2579 4791 V,
2610 4725 2873 4783 concione
2898 4728 2932 4782 2
2953 4725 3296 4796 Delubra;
3314 4734 3448 4787 νέων
3473 4725 3613 4789 ἀπει-

2041 4795 2147 4870 MN
2171 4794 2423 4870 adipata
2472 4799 2870 4870 κατασφάττειν
2894 4839 2908 4863 ,
2945 4816 3104 4870 quem
3137 4811 3190 4857 et
3223 4794 3344 4860 vide
3386 4807 3610 4861 homilia

2165 4863 2219 4916 in
2247 4859 2580 4939 Matt/neum.
2610 4859 3073 4939 Augustinus'lib.
3109 4890 3237 4928 xvm
3294 4859 3372 4930 De
3400 4859 3613 4932 civitate

2039 4933 2139 4989 Dei
2153 4950 2288 5011 _eap.
2314 4937 2415 5011 55;
2439 4937 2581 4994 Puer
2613 4933 2891 4994 anniculus
2924 4944 3125 4997 occisus
3145 4984 3159 5008 ,
3200 4954 3249 4997 et
3291 4945 3607 5011 dilaniatus,

2037 5014 2085 5057 et
2116 5008 2222 5059 ritu
2251 5008 2703 5083 nefario‘sepultus
2733 5022 2829 5065 est.
2850 5010 2953 5064 Alii
2984 5014 3279 5083 innumeri.
3309 5017 3441 5083 Quis
3463 5008 3608 5073 enim

2038 5090 2147 5159 non
2183 5080 2709 5159 memoravituquam
2756 5089 2952 5159 vocant
2982 5080 3433 5159 lfsycltagogiam,
3476 5086 3612 5159 Psy-

2036 5145 2438 5223 chomalitiam.
2492 5145 2960 5223 Necyomantiam,
2997 5145 3459 5219 Nécrmﬁantiam,
3510 5145 3605 5212 seu

2030 5215 2587 5296 juxta_Bar_baroru_m
2606 5215 2793 5296 'filios,
2812 5221 3295 5296 _l‘iigromantiam,
3352 5215 3603 5296 peritiam

2036 5287 2213 5363 giendi
2244 5289 2455 5363 animas
2482 5292 2549 5363 ab
2568 5290 2787 5363 inferis,
2812 5287 2997 5363 Manes
3024 5287 3294 5363 sepulcris
3327 5287 3608 5352 eliciendi?

2033 5353 2143 5410 Nec
2190 5360 2453 5427 pra-teriri
2497 5362 2657 5416 debet
2691 5353 3140 5418 de'Simonian'is
3187 5366 3339 5421 locus
3384 5366 3603 5421 Tertul-

2033 5427 2315 5505 liani_cap.
2350 5432 2555 5505 penult.
2599 5432 2692 5505 lib.
2723 5431 2800 5486 De
2832 5433 3010 5485 anima
3042 5452 3059 5488 :
3096 5433 3229 5489 Ecce
3273 5437 3424 5491 hodie
3460 5438 3605 5505 ejus-

2031 5496 2148 5574 dem
2167 5496 2396 5574 Simonis
2434 5499 2705 5574 ha’reticos
2735 5512 2883 5556 tanta
2902 5508 3241 5574 prwsumplio
3273 5510 3403 5562 artis
3431 5496 3604 5564 sital-

2033 5568 2111 5627 lit.
2146 5579 2202 5647 ut
2228 5571 2773 5647 etiaanroplietarum
2796 5568 3091 5647 animasab
3110 5568 3293 5647 inferis
3326 5595 3526 5635 movere
3546 5595 3605 5635 se

2033 5588 2111 5627 ιιι,
2146 5588 2202 5622 ιιι
2228 5588 2385 5624 cnam
2440 5588 2773 5641 ropnetarum
2796 5590 3001 5629 animas
3026 5588 3091 5629 ab
3110 5588 3293 5647 m/eris
3326 5595 3526 5635 movere
3546 5595 3603 5635 se

2030 5639 2339 5717 spondeant.
2459 5644 2614 5717 cred_o
2630 5645 2755 5713 quia
2777 5645 3045 5717 mendacio
3066 5659 3305 5717 possunt.
3330 5649 3482 5715 Quod
3502 5666 3603 5705 au-

2033 5716 2139 5789 tem
2169 5710 2863 5789 doctissimus_Gronovius
2898 5710 3234 5789 Obserbator.
3265 5721 3319 5774 in
3340 5710 3601 5789 Scripto-

2030 5777 2176 5834 ribus
2207 5783 2575 5840 ecclesiasticis
2603 5801 2725 5856 cap.
2763 5785 2796 5841 4
2834 5786 2962 5859 legit
2995 5788 3048 5843 in
3067 5790 3327 5847 Aldhelmi
3354 5777 3600 5847 loeo'suc
