4048 6262
495 271 519 329 i
532 270 634 329 355

1341 268 1401 324 S.
1436 265 1829 324 CLEMENTIS
1864 266 1883 321 l
1917 260 2084 322 ROM.
2125 258 2327 323 PONT.
2366 259 2595 323 OPERA
2634 264 2858 321 DUBlA.

3591 269 3721 325 I256

495 385 626 450 feci,
681 392 737 440 et
801 396 901 456 per
961 383 1137 454 ipsam
1200 380 1259 436 ﬁt
1321 396 1483 437 onme
1556 380 1702 451 quod
1766 380 1953 449 jnbeo.
2001 380 2068 434 Et
2096 390 2138 445 Α
2169 396 2294 435 cum
2330 381 2553 437 essetin
2583 388 2854 451 potestate
2896 394 3036 442 mea,
3085 380 3171 435 vel
3212 394 3439 451 parvum
3469 395 3609 446 esse,
3642 387 3723 439 vel

495 494 598 550 ego
623 498 635 533 :
662 477 850 541 Estne,
891 476 1137 546 inquam,
1166 473 1431 545 possibile
1459 474 1654 527 animm
1691 472 1806 527 hzec
1838 472 2060 529 facere?

496 568 591 625 Ille
621 568 901 638 respondit
934 587 947 621 :
982 566 1095 621 Hoc
1124 580 1222 621 vos
1261 566 1401 621 scire
1427 566 1573 630 volo,
1601 565 1727 635 quia
1761 564 2063 619 secundum

497 662 677 716 locum
730 669 852 730 post
906 658 1075 713 Deum
1143 658 1352 712 obtinet
1402 657 1581 711 anima
1630 656 1890 721 hominis,
1938 671 2063 710 cum

428 814 432 819 _
497 762 662 807 exuta
693 752 859 807 fuerit
888 766 917 804 a
944 750 1192 820 corporis
1235 749 1321 803 sui
1370 748 1633 803 tenebris.
1675 747 1873 802 Statim
1911 748 2066 803 deni-

498 859 604 913 que
632 852 683 897 et
715 842 1111 913 praescientiam
1137 840 1318 902 habet,
1365 847 1586 910 propter
1615 839 1759 909 quod
1807 848 2067 895 evocatur

499 936 566 989 ad
597 934 1050 990 necromantiam.
1077 932 1145 987 Et
1183 947 1282 1003 ego
1319 932 1575 1001 respondi
1610 950 1623 987 :
1656 931 1769 986 Cur
1803 948 1932 1003 ergo
1976 933 2064 987 in-

500 1025 848 1079 terfectorum
895 1025 1088 1078 animae
1128 1038 1238 1078 non
1289 1023 1637 1078 ulciscuntur
1684 1024 2065 1079 interfectores

498 1132 629 1171 suos
649 1116 800 1187 (68)?
818 1116 887 1169 At
909 1117 998 1171 ille
1016 1132 1028 1171 :
1052 1114 1169 1171 Non
1187 1116 1505 1182 meministi,
1528 1116 1723 1187 inquit,
1748 1119 1894 1187 quod
1927 1117 2060 1182 dixi,

498 1209 626 1277 quia
656 1224 779 1262 cum
813 1208 1006 1262 exierit
1036 1208 1103 1262 de
1141 1222 1392 1277 corpore,
1452 1210 1613 1264 etiam
1663 1209 2063 1279 praescientiam

500 1305 700 1359 habet?
723 1300 939 1356 Memini
976 1301 1220 1371 inquam.
1262 1298 1343 1355 Ob
1373 1301 1474 1355 hoc
1519 1315 1671 1371 ergo,
1705 1301 1905 1371 inquit,
1938 1314 2063 1354 cum

499 1394 712 1450 excedit
743 1408 1047 1462 ecorpore,
1093 1392 1279 1447 statim
1316 1393 1609 1462 praenoscit
1656 1392 1899 1446 futurum
1944 1406 2066 1447 esse

495 1486 786 1558 judicium.
817 1493 869 1540 et
901 1500 1346 1555 unumquemque
1374 1499 1473 1555 pro
1508 1485 1596 1539 bis
1627 1501 1747 1555 quae
1778 1485 1865 1539 hic
1895 1484 2065 1555 egerit

500 1578 657 1632 malis
686 1591 876 1646 poenas
905 1576 1184 1638 daturum,
1214 1583 1268 1629 et
1296 1573 1417 1628 ideo
1445 1573 1640 1627 nolunt
1674 1573 1866 1629 ulcisci
1895 1574 2066 1628 inter-

500 1669 733 1725 fectores
764 1683 915 1733 suos,
947 1667 1075 1738 quia
1104 1675 1158 1721 et
1190 1666 1320 1736 ipsa:
1359 1680 1457 1736 pro
1489 1665 1605 1720 suis
1640 1666 1798 1721 malis
1826 1681 1947 1736 quas
1974 1664 2064 1718 hic

2163 488 2443 544 magnum,
2502 480 2556 526 et
2616 472 2890 526 hominem
2937 471 3080 525 inter
3145 470 3394 527 homines
3449 486 3721 541 apparere.

2164 561 2431 620 Tentandi
2461 580 2593 635 ergo
2618 564 2793 635 gratia
2822 578 2920 618 vos
2952 564 3159 633 primos
3197 565 3469 633 assumpsi
3501 569 3723 631 amicos,

2164 663 2224 709 ut
2254 656 2308 710 in
2355 656 2671 711 caelestibus
2700 664 2752 711 et
2791 655 3155 710 ineil‘abilibus
3184 657 3319 711 locis
3361 656 3498 712 meis
3526 659 3725 728 primos

2163 760 2261 799 vos
2309 747 2593 808 collocem,
2646 760 2770 799 cum
2819 746 3140 814 probavero.
3182 745 3430 800 Humana
3485 763 3616 817 ergo
3663 749 3726 803 de

2164 838 2374 908 meipso
2404 838 2664 893 mentitus
2698 853 2841 901 sum,
2868 845 2925 891 ut
2954 853 3050 894 vos
3082 838 3431 893 manifestius
3476 855 3727 909 compro-

2163 929 2371 994 barem,
2403 930 2449 985 si
2482 930 2752 1002 integrum
2778 945 2903 1000 erga
2936 945 3021 984 me
3048 931 3285 985 servatis
3308 930 3584 986 aii'ectum.
3619 931 3729 1001 Ego

2164 1036 2292 1075 vero
2311 1022 2425 1077 hzec
2450 1022 2699 1086 audiens,
2721 1023 2898 1093 ipsum
2923 1022 3143 1092 quidem
3176 1023 3435 1077 miserum
3455 1022 3726 1090 judicans,

2166 1114 2555 1184 impudentiam
2581 1122 2763 1169 tamen
2796 1114 2915 1184 ejus
2953 1114 3254 1177 admirans,
3281 1122 3335 1168 et
3382 1129 3481 1184 pro
3511 1128 3575 1169 eo
3616 1115 3732 1183 ipse

2163 1208 2515 1269 erubescens,
2550 1207 2715 1261 simul
2757 1215 2810 1262 et
2852 1206 3061 1261 veritus
3083 1222 3152 1261 ne
3180 1206 3311 1276 quid
3358 1207 3411 1259 in
3445 1221 3546 1259 nos
3575 1207 3733 1259 moli-

2164 1308 2316 1355 retur
2331 1302 2478 1365 mali,
2498 1302 2666 1355 innuo
2682 1298 2901 1364 Nicetae,
2918 1302 3195 1373 paulisper
3212 1317 3317 1355 una
3336 1317 3545 1355 mecum
3564 1302 3732 1355 simu-

2164 1392 2299 1455 lare,
2317 1400 2371 1446 et
2400 1392 2485 1446 aio
2503 1393 2568 1447 ad
2603 1407 2725 1447 eum
2749 1412 2761 1447 ς
2782 1392 2898 1446 Non
2922 1392 3079 1446 nobis
3106 1393 3404 1463 indigneris
3426 1392 3732 1446 hominibus

2164 1485 2629 1555 corruptibilibus,
2670 1486 3102 1555 incorruptibilis
3161 1485 3338 1553 Deus;
3375 1484 3471 1539 sed
3517 1486 3732 1553 suscipe

2165 1577 2339 1648 magis
2369 1577 2622 1632 allectum
2656 1587 2929 1641 nostrum,
2949 1588 3004 1633 et
3025 1578 3267 1632 animum
3293 1580 3561 1633 volentem
3592 1580 3733 1633 scire

2165 1666 2257 1735 qui
2280 1668 2350 1721 sit
2371 1666 2548 1730 Deus;
2578 1671 2821 1723 nondum
2843 1670 2986 1724 enim
3012 1670 3320 1725 sciebamus
3340 1672 3463 1740 quis
3482 1688 3654 1734 esses,
3682 1678 3735 1725 et

498 1759 909 1823 commiserant,
944 1755 1231 1827 perferunt
1278 1756 1579 1821 cruciatus,
1634 1763 1690 1811 et
1730 1755 1841 1810 illis
1885 1754 2066 1810 sciunt
2097 1736 2137 1790 Β
2168 1773 2269 1812 nec
2320 1759 2732 1816 advertebamus
2770 1762 2896 1831 quia
2924 1770 2981 1814 tu
3020 1777 3080 1817 es
3120 1777 3279 1831 quem
3337 1736 3733 1832 quaerebamus.

498 1850 555 1904 in
581 1849 787 1920 judicio
820 1849 1071 1920 graviora
1125 1861 1348 1902 manere
1395 1847 1683 1917 supplicia.
1726 1845 1904 1916 Super
1949 1845 2067 1900 haec

499 1952 679 1998 autem
716 1943 899 1997 omnia
948 1956 1049 1996 nec
1078 1941 1417 2010 permittitur
1457 1940 1538 1995 eis
1566 1940 1735 2000 exire,
1769 1947 1863 1992 aut
1888 1937 2067 1993 facere

499 2036 799 2105 quidquam
846 2034 915 2087 ab
952 2033 1161 2102 angelis
1198 2032 1291 2102 qui
1320 2032 1401 2087 eis
1433 2038 1692 2101 praesunt.
1720 2029 1788 2083 Et
1818 2044 1919 2100 ego
1944 2042 2065 2084 res-

498 2127 665 2197 pondi
694 2146 706 2180 :
735 2125 793 2179 Si
820 2140 930 2179 non
959 2123 1295 2195 permittitur
1319 2122 1400 2177 eis
1421 2123 1489 2177 ab
1513 2121 1720 2193 angelis
1743 2121 1851 2175 huc
1880 2119 2068 2175 venire

502 2225 598 2271 aut
646 2218 825 2272 facere
865 2215 1013 2287 quod
1043 2215 1260 2277 volunt,
1306 2213 1580 2283 quomodo
1620 2228 1779 2283 mago
1815 2211 2067 2267 evocanti

500 2311 883 2379 obtemperant
930 2306 1162 2360 animm?
1206 2302 1366 2375 Ipsis,
1407 2304 1607 2374 inquit,
1665 2304 1953 2359 animabus
1974 2318 2068 2357 ve-

501 2404 621 2456 nire
671 2398 983 2454 volentibus
1038 2412 1147 2451 non
1174 2396 1478 2466 indulgent,
1529 2410 1652 2449 cum
1700 2410 1831 2451 vero
1877 2395 1932 2449 hi
1971 2395 2066 2465 qui

500 2504 743 2564 praesunt
780 2491 955 2563 angeli
988 2487 1556 2558 adjuratifuerintper
1592 2487 1852 2557 majorem
1884 2499 2065 2546 suum,

498 2594 913 2641 excusationem
946 2584 1147 2639 habent
1181 2589 1407 2646 nostrae,
1453 2580 1545 2650 qui
1586 2595 1683 2637 eos
1729 2581 2066 2650 adjuramus,

505 2677 798 2741 violentiae,
833 2684 893 2731 ut
930 2674 1250 2746 permittant
1280 2673 1431 2729 exire
1468 2677 1680 2727 animas
1712 2687 1849 2742 quas
1875 2685 2070 2725 evoca-

500 2784 657 2834 mus;
688 2784 797 2823 non
826 2769 971 2824 enim
1000 2767 1077 2820 illi
1112 2773 1339 2836 peccant
1369 2765 1463 2835 qui
1495 2764 1603 2819 vim
1628 2764 1937 2834 patiuntur,
1974 2762 2070 2817 sed

501 2880 604 2920 nos
644 2862 738 2933 qui
781 2860 1067 2916 inferimus
1122 2859 1525 2914 necessitatem.
1575 2856 1657 2909 Ad
1708 2856 1821 2911 haec
1857 2854 2068 2918 Niceta,

505 2958 646 3010 ultra
670 2970 779 3009 non
811 2954 993 3008 ferens
1020 2965 1362 3023 praepropere
1386 2947 1690 3019 respondit,
1719 2946 1864 3017 quod
1894 2952 1948 3000 et
1970 2960 2071 3015 ego

502 3048 726 3120 quidem
753 3045 1001 3101 facturus
1022 3059 1197 3109 eram,
1229 3042 1324 3097 sed
1353 3039 1508 3110 prius
1537 3053 1660 3093 eum
1701 3036 1977 3107 expiscari
2004 3035 2072 3091 de

508 3140 744 3211 singulis
760 3138 1075 3207 cupiebam;
1102 3135 1219 3200 sed,
1244 3142 1303 3189 ut
1321 3132 1458 3197 dixi,
1481 3129 1669 3184 Niceta
1694 3129 2065 3199 praeveniens:

504 3227 571 3285 Et
590 3240 671 3295 tu,
712 3230 912 3300 inquit,
945 3242 1055 3281 non
1093 3226 1256 3278 times
1285 3222 1428 3277 diem
1462 3219 1677 3290 judicii,
1713 3221 1807 3291 qui
1835 3220 1943 3274 vim
1973 3234 2074 3273 an-

504 3322 639 3393 gelis
668 3320 822 3381 facis,
853 3329 908 3372 et
955 3318 1164 3370 animas
1209 3328 1422 3376 evocas,
1459 3320 1515 3366 et
1548 3311 1796 3375 homines
1840 3311 2069 3380 decipis,

505 3420 561 3465 et
594 3411 856 3464 honorem
890 3406 990 3461 tibi
1031 3404 1275 3459 divinum
1316 3402 1384 3456 ab
1420 3400 1737 3456 hominibus
1772 3400 2074 3455 mercaris?

505 3509 559 3555 et
588 3498 862 3570 quomodo
892 3496 1054 3551 nobis
1084 3495 1381 3566 persuades
1410 3492 1556 3563 quod
1602 3508 1778 3563 neque
1803 3493 2073 3562 judicium

507 3590 631 3651 erit,
667 3594 726 3640 ut
750 3586 997 3641 nonnulli
1024 3583 1337 3638 Iudaeorum
1368 3584 1642 3647 fatentur,
1674 3599 1849 3654 neque
1878 3584 2074 3638 animae

508 3680 846 3734 immortales
890 3678 1023 3741 sint,
1053 3676 1201 3747 quod
1229 3676 1445 3731 videtur
1475 3676 1744 3746 pluribus,
1780 3692 1905 3731 cum
1938 3676 2072 3746 ipsis

509 3771 684 3825 oculis
714 3769 823 3824 tuis
848 3768 1035 3823 videas
1060 3781 1175 3831 eas,
1207 3774 1261 3821 et
1285 3767 1702 3820 commotionem
1733 3764 1905 3820 divini
1925 3764 2075 3834 judi-

500 3862 576 3915 'cii
608 3861 793 3931 capias
820 3876 887 3915 ex
920 3858 1094 3930 ipsis?

584 3948 722 4006 XIV.
763 3949 860 4006 I'Iis
896 3951 964 4004 ab
992 3965 1057 4003 eo
1091 3947 1254 4003 dictis
1287 3946 1553 4019 impalluit
1585 3945 1795 4011 Simon,
1818 3951 1872 4001 et
1895 3955 2075 4001 tamen

510 4053 630 4115 post
682 4042 962 4113 paululum
1012 4041 1336 4112 recolligens
1385 4055 1478 4104 se,
1530 4040 1603 4095 ita
1652 4036 2076 4109 respondit:Ne

510 4136 732 4207 putetis,
760 4135 957 4206 inquit,
992 4133 1137 4203 quod
1162 4133 1376 4204 generis
1404 4130 1571 4186 vestri
1602 4131 1765 4184 homo
1797 4130 1900 4185 sim
1927 4145 1941 4195 ;
1974 4142 2075 4200 ego

510 4246 685 4302 neque
716 4244 906 4300 magus
938 4243 1081 4295 sum,
1113 4242 1289 4296 neque
1319 4235 1531 4280 amator
1551 4223 1737 4288 Lunae,
1770 4240 1945 4293 neque
1965 4223 2077 4276 An-

511 4324 646 4378 tonii
696 4324 860 4378 filius.
896 4322 1037 4375 Ante
1086 4320 1231 4374 enim
1286 4334 1449 4388 quam
1499 4325 1671 4372 mater
1714 4332 1832 4371 mea
1876 4315 2075 4370 Rachel

2237 1846 2354 1903 XV.
2395 1848 2520 1904 Haec
2551 1859 2605 1905 et
2633 1851 2720 1906 his
2746 1852 2945 1906 similia
2972 1853 3127 1906 vultu
3158 1868 3258 1923 pro
3291 1868 3350 1907 re
3387 1861 3570 1922 aptato
3607 1869 3737 1922 pros

2169 1942 2528 2011 sequentibus
2579 1944 2761 2007 nobis,
2817 1945 3149 1999 vanissimus
3197 1946 3434 2000 credidit
3474 1961 3576 2001 nos
3636 1947 3735 2001 de-

2169 2037 2378 2100 ceptos,
2404 2039 2458 2086 et
2480 2048 2546 2088 eo
2576 2036 2748 2105 magis
2778 2036 2953 2092 elatus
2986 2036 3371 2092 addiditetiam
3404 2037 3517 2092 haec
3554 2057 3567 2092 :
3602 2036 3738 2093 Pro-

2169 2122 2335 2191 pitius
2363 2125 2519 2179 vobis
2550 2125 2676 2195 'jam
2707 2142 2851 2191 sum,
2896 2144 2996 2197 pro
3038 2128 3230 2183 affectu
3262 2144 3422 2199 quem
3464 2144 3594 2201 erga
3649 2134 3736 2186 me

2169 2214 2337 2269 Deum
2359 2216 2568 2287 geritis,
2594 2232 2680 2271 me
2699 2217 2844 2272 enim
2872 2219 3162 2290 diligentes
3192 2220 3540 2287 nesciebatis,
3570 2227 3625 2276 et
3652 2230 3738 2277 me

2169 2314 2473 2378 quaerentes
2499 2308 2853 2379 ignorabatis.
2891 2308 2997 2364 Sed
3030 2311 3157 2365 nolo
3176 2310 3603 2382 dubitetis,quia
3632 2312 3738 2367 hoc

2169 2409 2404 2463 estvcre
2432 2397 2599 2454 Deum
2638 2414 2782 2463 esse,
2814 2415 2938 2455 cum
2978 2408 3157 2471 potest
3187 2403 3310 2472 quis
3338 2418 3539 2472 parvus
3567 2404 3734 2469 efﬁci,

2170 2492 2253 2547 vel
2285 2507 2534 2563 magnus,
2589 2492 2635 2546 si
2671 2492 2927 2556 voluerit,
2955 2509 3080 2547 nam
3125 2509 3349 2564 quoquo
3381 2495 3542 2561 modo
3572 2510 3738 2564 appao

2170 2594 2291 2637 rere
2325 2582 2639 2638 hominibus
2660 2590 2928 2652 poteram.
2958 2582 3115 2639 Nunc
3140 2600 3269 2654 ergo
3303 2585 3557 2653 incipiam
3583 2585 3737 2640 vobis

2172 2678 2384 2745 aperire
2411 2675 2556 2746 quod
2584 2692 2770 2731 verum
2799 2684 2903 2732 est.
2948 2676 3060 2747 Ego
3090 2678 3293 2731 virtute
3340 2692 3459 2731 mea
3498 2678 3734 2747 quodam

2173 2775 2415 2836 tempore
2454 2782 2635 2822 aerem
2675 2774 2894 2822 vertens
2939 2768 2994 2821 in
3046 2783 3239 2837 aquam
3260 2766 3396 2837 (70),
3438 2776 3491 2822 et
3541 2783 3736 2838 aquam

2174 2872 2369 2913 rursus
2398 2858 2451 2912 in
2476 2859 2817 2929 sanguinem,
2856 2874 3187 2930 carnemque
3229 2860 3494 2924 solidans,
3532 2876 3737 2914 novum

2175 2947 2448 3001 hominem
2493 2962 2720 3017 puerum
2758 2945 3009 3010 formavi,
3056 2955 3269 3016 etopus
3302 2945 3585 3001 conditore
3628 2945 3740 3002 Deo

2174 3037 2346 3092 multo
2384 3036 2625 3093 nobilius
2657 3038 2876 3107 protuli.
2919 3036 3013 3092 llle
3052 3039 3197 3093 enim
3226 3040 3433 3092 creavit
3463 3038 3739 3093 hominem

2172 3144 2203 3180 e
2243 3135 2411 3194 terra,
2442 3142 2544 3199 ego
2586 3135 2792 3193 autem,
2839 3127 2986 3198 quod
3008 3136 3093 3182 est
3136 3126 3432 3191 diilicilius,
3470 3143 3536 3182 ex
3589 3142 3737 3194 aere,

2172 3234 2442 3289 quemque
2489 3234 2683 3275 rursus
2732 3220 3014 3274 resolvens
3060 3218 3174 3273 aeri
3222 3218 3456 3283 reddidi,
3501 3219 3739 3289 speciem

2173 3322 2352 3366 tamen
2384 3311 2503 3381 ejus
2541 3311 3226 3383 imaginemquedepictam
3261 3312 3317 3365 in
3345 3311 3607 3366 interiore
3637 3325 3738 3365 cu-

2172 3404 2355 3459 biculo
2398 3406 2682 3469 collocavi,
2733 3414 2791 3459 nt
2830 3413 2978 3461 esset
3036 3404 3301 3459 indicium
3358 3417 3423 3458 ac
3472 3405 3738 3458 memoria

2172 3497 2356 3567 Operis
2390 3498 2519 3552 mei.
2548 3495 2674 3551 Haec
2704 3506 2883 3550 autem
2931 3496 3369 3567 intelligebamus
3406 3510 3530 3550 eum
3556 3495 3740 3550 dicere

2172 3604 2272 3658 pro
2302 3602 2470 3658 puero
2512 3588 2627 3652 illo,
2665 3588 2824 3657 cujus
2862 3587 2915 3641 vi
2960 3588 3137 3643 necati
3175 3587 3379 3651 anima,
3409 3586 3477 3641 ad
3508 3601 3571 3643 ea
3615 3601 3739 3656 quae

2172 3678 2386 3732 volebat
2416 3676 2740 3743 ministeria,
2769 3677 3041 3734 utebatur.

2278 3768 2416 3825 XVI.
2456 3768 2651 3825 Petrus
2696 3785 2827 3824 vero
2856 3770 2972 3825 ham
3016 3770 3247 3825 audiens
3308 3784 3432 3825 cum
3481 3770 3738 3840 iacrymis

2174 3860 2248 3914 ait
2274 3879 2286 3915 :
2318 3860 2486 3916 Miror
2518 3860 2808 3916 admodum
2840 3861 3162 3916 immensam
3198 3859 3291 3915 Dei
3324 3862 3664 3930 patientiam,
3688 3864 3740 3913 ct

2173 3970 2205 4009 e
2234 3952 2513 4015 contrario
2538 3952 2593 4007 in
2619 3954 2898 4009 nonnullis
2927 3954 3178 4008 humana:
3206 3952 3531 4007 temeritatis
3572 3952 3739 4005 auda—

2174 4045 2334 4099 ciam.
2361 4042 2492 4109 Quae
2516 4045 2660 4097 enim
2684 4045 2824 4098 ratio
2846 4044 3075 4098 inveniri
3102 4044 3241 4097 ultra
3272 4042 3493 4112 poterit,
3518 4056 3640 4110 quae
3661 4038 3737 4092 Si-

2174 4135 2324 4189 moni
2355 4135 2600 4199 suadeat,
2630 4135 2773 4204 quod
2805 4134 2943 4190 Deus
2965 4134 3171 4205 jndicet
3192 4134 3442 4203 iniquos;
3472 4148 3593 4186 cum
3626 4132 3738 4200 ipse

2177 4228 2279 4283 sibi
2314 4227 2628 4298 persuadet,
2653 4227 2798 4296 quod
2821 4226 3126 4280 animarum
3147 4225 3451 4280 obedientia
3480 4224 3545 4277 ad
3568 4224 3738 4278 scelc-

2176 4334 2297 4374 rum
2322 4334 2546 4375 suorum
2578 4326 2764 4373 utatur
2806 4317 3208 4372 ministerium?
3235 4333 3292 4370 re
3341 4325 3521 4369 autem
3554 4331 3679 4368 vera
3707 4328 3737 4365 a

514 4412 831 4467 conveniret
858 4425 981 4466 cum
1009 4424 1076 4465 80
1102 4408 1238 4479 (69),
1282 4408 1461 4463 adhuc
1496 4408 1649 4479 virgo
1669 4407 1922 4478 concepit
1964 4421 2071 4470 me,
2108 4437 2152 4491 υ
2177 4412 2516 4467 dmmonibus
2546 4411 2822 4476 illuditnr;
2845 4410 3080 4463 tamen"
3099 4425 3221 4463 cum
3240 4424 3333 4478 per
3352 4408 3464 4462 harc
3483 4409 3597 4478 ipsa
3616 4422 3736 4459 cer-

618 4554 659 4583 "
703 4549 896 4603 Tamen
935 4574 1005 4585 —-
1032 4544 1381 4600 substantiam
1417 4543 1615 4600 desunt
1659 4543 1713 4597 in
1743 4540 1900 4596 codd.
1939 4540 2117 4612 Lipss.

1776 4658 2138 4715 COTELERII
2178 4652 2408 4711 ΝΟΤΕ.

513 4802 607 4861 pra
640 4783 812 4861 relato
844 4795 969 4834 cum
1010 4777 1342 4861 testimoniis
1384 4786 1624 4861 veterum
1662 4795 1675 4829 ε
1712 4772 2079 4861 Αιγιςῂθίωο-

514 4845 615 4913 iam
661 4853 928 4915 lethi/eras
972 4849 1343 4904 necromantia:
1386 4845 1659 4901 labruscas
1704 4845 1958 4898 radicitus
1987 4859 2079 4897 ea:-

512 4914 843 4996 stirpantent,
892 4936 990 4989 pro
1027 4916 1297 4996 _lethiferas
1338 4933 1535 4996 necnon
1577 4915 1848 4996 Bouiania:
1900 4914 2081 4996 labra.

516 4984 631 5055 scas
650 5012 668 5059 ;
691 4984 879 5049 vereor
894 4984 964 5059 ἰιι
995 4992 1066 5044 sit
1090 4984 1458 5044 necessarium
1487 5002 1500 5037 :
1535 4984 1949 5059 crterontania
1985 5000 2081 5059 εξ-

516 5054 660 5141 ῤοῖ
688 5064 860 5141 possit
898 5058 1145 5141 Romana
1190 5059 1379 5141 religio
1411 5073 1505 5139 seu
1535 5056 1753 5111 ethnica
1777 5096 1792 5120 ,
1823 5054 2084 5126 quemad-

518 5128 735 5195 inoduin
769 5131 1012 5186 Simonia
1048 5130 1271 5184 haeresis
1302 5128 1541 5183 Simonis

588 5206 702 5280 (68)
735 5203 843 5280 Cur
869 5219 989 5271 ergo
1020 5200 1410 5280 inter[eft_orum
1448 5198 1783 5280 animqnon
1821 5196 2083 5280 ulciscun-

519 5264 604 5333 tur
636 5264 989 5342 in'terfcctor'es
1020 5264 1177 5325 suos?
1206 5270 1348 5342 Idem
1389 5274 1765 5342 argumentum
1799 5274 1951 5336 urget
1976 5264 2083 5317 Ta-

520 5353 701 5405 tianus
728 5337 980 5399 Oratione
1000 5353 1181 5395 contra
1210 5338 1440 5402 G'rwcos,
1470 5354 1520 5409 p.
1558 5337 1678 5409 i555.

591 5419 704 5487 (69)
739 5417 870 5468 Ante
910 5414 1237 5487 enimquant
1267 5405 1579 5487 m_ater_fnea
1606 5406 1817 5487 Rachei‘
1837 5405 2077 5487 conueni-

522 5476 607 5542 ντί
629 5476 746 5541 cum
786 5500 864 5539 eo.
907 5476 1165 5537 Abutitur
1192 5478 1610 5555 impiushSimon
1644 5478 1760 5531 loco
1786 5476 2080 5555 Scriptura:

525 5558 711 5611 Matth.
750 5571 787 5615 ι.
820 5554 907 5617 18,
939 5554 1066 5623 quia
1109 5568 1167 5623 se
1201 5548 1324 5606 esse
1364 5550 1643 5623 Christum
1686 5548 1851 5623 credi
1876 5548 2079 5623 voluit;

523 5626 667 5697 quod
699 5633 753 5697 ct
782 5623 848 5677 de
873 5638 931 5697 s_e
958 5616 1093 5692 ipsis
1116 5622 1378 5697 dixerunt
1395 5620 1614 5697 quidam
1646 5618 1947 5697 post-illum
1975 5616 2079 5669 bze~

528 5687 833 5751 ἱρεῖαι-ειεξιτ.
878 5687 1001 5747 Pari
1043 5692 1204 5753 modo
1240 5690 1382 5761 apud
1415 5687 1705 5743 Socratem
1743 5687 1836 5741 lib.
1870 5702 1923 5752 ι,
1960 5701 2079 5755 cap.

2181 4772 2273 4829 22.
2298 4770 2694 4829 Terebinthus,
2728 4783 2823 4822 seu
2859 4763 3081 4841 Buddas_
3117 4771 3300 4841 natum
3324 4774 3501 4841 “seex
3535 4760 3736 4841 virgine

2183 4844 2413 4896 aliirmat
2445 4858 2457 4893 :
2492 4850 2715 4908 propter
2737 4846 2997 4909 veterem,
3031 4836 3083 4887 ni
3102 4833 3291 4909 fallor,
3324 4829 3735 4909 Budd:n_nn_tt;le-

2184 4913 2348 4966 menti
2389 4899 2755 4982 Aleiandrino
2804 4906 3051 4982 ΒιιιιίιιιλΞ
3094 4902 3289 4982 δινριη.
3334 4917 3391 4980 1,.
3420 4915 3473 4982 p.
3512 4899 3735 4982 dc

2182 5000 2291 5051 quo
2322 4990 2444 5051 post
2472 4980 2608 5051 alios
2639 4978 2969 5051 Batranun‘us
2990 4975 3135 5051 libro
3165 4972 3242 5051 De
3278 4970 3552 5051 nativitatc
3588 4970 3735 5051 gltri-

2183 5039 2251 5105 δἐἰ
2283 5039 2401 5121 cap.
2433 5052 2488 5108 δ,
2514 5048 2781 5118 Spiciiegii
2814 5045 3092 5121 Acheriani
3136 5051 3174 5095 t.
3205 5044 3245 5101 ι.
3289 5041 3369 5092 An
3399 5048 3549 5121 «εει-ιε,
3578 5039 3738 5121 Bura;

2184 5108 2461 5175 manorum
2490 5108 2761 5189 sequemur
2784 5116 3097 5189 opinionem,
3121 5108 3639 5189 rut_quemad‘modumu
3661 5108 3734 5188 illi

2181 5202 2335 5246 secta:
2360 5207 2469 5245 sum
2499 5178 2764 5242 auctorem
2809 5178 3047 5260 Bubdant
3080 5183 3128 5253 (ι
3140 5224 3151 5236 .
3178 5178 3447 5260 Βὶιάηάμτςι)Δ
3467 5193 3557 5245 per
3589 5178 3739 5260 tiirgif

2183 5264 2263 5315 nis
2298 5263 2435 5315 latus
2472 5268 2693 5313 narrant
2722 5266 2995 5319 exortum,
3029 5248 3101 5306 its
3141 5268 3233 5305 nos
3270 5248 3539 5303 Christum
3580 5250 3777 5333 fuisse.

2178 5332 2557 5401 praedicamus?
2839 5398 2849 5401 Α
3170 5389 3225 5401 η,
3384 5398 3394 5401 _
3459 5388 3472 5401 .
3589 5387 3599 5398 .

2278 5384 2579 5471 70)]lcrein
2607 5408 2804 5454 vertens
2832 5398 2886 5451 in
2906 5410 3133 5471 aquam.
3162 5389 3416 5471 Clamant.
3459 5387 3645 5471 homi‘l'.’
3671 5384 3733 5471 .2,

2180 5490 2230 5526 e.
2257 5454 2486 5525 ἒϐίιιοε
2502 5486 2715 5541 quoque
2743 5488 2773 5523 e
2793 5454 2985 5541 inedia
3009 5461 3345 5541 philosophia
3366 5454 3733 5541 Simon.“\:ide-

2184 5543 2260 5598 sis
2288 5527 2577 5608 DiOgenem
2627 5527 2905 5608 Laertium
2933 5527 3037 5608 liii.»
3078 5527 3244 5608 vn_t'n_
3288 5528 3524 5608 Zenone,
3569 5527 3733 5608 Clem.

2186 5595 2361 5671 Alex”
2389 5595 2595 5664 Strom.
2632 5605 2693 5673 ν,
2724 5624 2777 5679 p.
2817 5607 2941 5673 599,
2982 5602 3367 5661 Tbeodoritum
3403 5598 3599 5653 Havet.
3654 5595 3736 5663 {a-

2187 5681 2318 5748 θαι,
2345 5683 2379 5735 Ι.
2413 5697 2451 5743 l,
2485 5697 2533 5733 c.
2570 5680 2620 5733 I.
