4000 6266
337 321 477 396 tam

1545 314 2053 373 RECOGNITIONU
2064 314 2111 369 Μ
2147 314 2274 368 LIB.
2317 313 2355 365 ll
2367 356 2378 367 .

3439 309 3576 364 1233

332 443 424 490 tus
451 436 545 499 sit,
584 434 730 506 quod
762 434 1093 490 immortales
1118 440 1251 487 sunt
1284 430 1558 486 animm-et
1576 431 1897 500 judicautur
1928 433 1973 490 Α
2001 426 2191 483 ﬁdeles
2222 441 2252 480 a
2285 426 2539 480 ﬁdelibus
2559 434 2613 481 et
2639 425 3120 495 piidiscernantur
3136 424 3206 479 ab
3227 424 3429 494 impiis,
3455 438 3579 494 per-

331 543 433 597 pro
452 527 537 584 his
563 544 683 597 quae
695 527 984 598 gesserint,
1002 535 1055 580 et
1071 525 1163 594 qui
1176 540 1236 581 se
1248 530 1397 593 putet
1418 538 1474 576 re
1494 524 1611 593 ipsa
1635 521 1815 577 videre
1834 536 1898 577 ea

332 632 455 686 quae
486 632 586 672 nos
611 618 714 672 ﬁde
748 616 1044 676 credimus,
1082 615 1351 685 quamvis,
1379 621 1438 667 ut
1468 613 1602 676 dixi,
1639 614 1900 669 illudatur

326 726 365 765 a
392 711 748 773 daemonibus,
775 718 957 764 tamen
986 708 1282 763 arbitratur
1311 722 1370 761 se
1397 707 1569 777 ipsam
1598 707 1792 761 animat
1820 708 1901 760 vi-

330 800 461 856 dere
490 799 872 856 subStantiam.
895 797 1125 864 Quando
1144 796 1253 860 hic,
1278 796 1521 866 inquam,
1541 795 1797 851 fatebitur
1817 795 1901 850 vel

328 893 472 946 male
495 906 556 946 se
591 905 751 961 agere
784 890 838 944 in
874 897 1027 944 tanto
1054 891 1199 944 malo
1232 889 1467 959 positus,
1517 889 1603 943 vel
1640 888 1899 957 judican-

322 980 458 1035 dum
488 995 549 1037 se
579 996 679 1050 pro
696 981 788 1035 his
819 994 941 1050 quae
966 978 1157 1049 egerit,
1184 981 1277 1048 qui
1306 978 1489 1032 sciens
1513 976 1607 1032 Dei
1631 978 1900 1048 judicium

322 1072 629 1127 contemnit
669 1080 724 1126 et
760 1070 1041 1126 inimicum
1091 1085 1152 1125 se
1202 1069 1425 1124 exhibet
1464 1066 1597 1135 Deo,
1636 1077 1691 1123 et
1738 1070 1901 1125 audet

324 1171 440 1218 tam
463 1162 698 1219 nefanda
724 1160 1104 1217 committere?
1134 1159 1289 1217 Unde
1318 1169 1528 1215 certum
1557 1171 1662 1224 est,
1703 1160 1901 1215 fratres

329 1253 763 1310 mei.nonnullos
789 1250 1004 1306 veritati
1033 1266 1098 1306 ae
1120 1250 1366 1322 religioni
1400 1249 1494 1305 Dei
1517 1265 1625 1305 non
1655 1249 1774 1305 ideo
1805 1248 1902 1302 ad-

323 1342 558 1409 versari,
590 1342 736 1412 quod
779 1342 860 1397 eis
893 1341 1019 1397 ﬁdei
1052 1342 1192 1397 ratio
1259 1356 1603 1412 nequaquam
1644 1348 1902 1397 constare

326 1432 603 1495 videatur,
635 1431 729 1485 sed
764 1431 894 1500 quia
934 1438 1029 1486 aut
1057 1431 1335 1485 nimietate
1366 1439 1710 1501 peccatorum
1746 1430 1901 1486 invo-

327 1523 451 1590 luti,
479 1533 573 1576 aut
599 1522 757 1578 malis
790 1522 907 1577 suis
938 1524 1212 1592 praeventi
1235 1530 1289 1577 et
1319 1531 1535 1578 tumore
1560 1522 1745 1577 cordis
1770 1522 1900 1577 elati

323 1620 479 1679 sunt,
512 1613 585 1665 ita
623 1620 681 1665 ut
706 1627 805 1665 nec
824 1626 887 1665 ea
916 1612 1135 1682 quidem
1163 1612 1410 1676 credant,
1442 1626 1562 1681 quae
1584 1612 1757 1667 oculis
1786 1612 1901 1667 suis

324 1718 391 1757 se
419 1701 603 1755 videre
629 1701 981 1757 arbitrantur.

395 1833 558 1890 XVII.
600 1832 798 1889 Verum
831 1836 1085 1905 quoniam
1113 1836 1351 1907 ingenita
1386 1853 1514 1909 erga
1556 1836 1724 1893 Deum
1759 1852 1896 1891 con-

319 1924 561 1980 ditorem
585 1924 842 1979 sufﬁcere
873 1924 940 1978 ad
969 1925 1199 1978 salutem
1225 1928 1509 1982 videbatur
1539 1927 1756 1982 affectio
1789 1929 1894 1995 his,

324 2015 420 2085 qui
451 2014 739 2086 diligerent
769 2028 915 2079 eum,
942 2015 1125 2069 studet
1167 2010 1424 2072 inimicus
1471 2017 1613 2071 hanc
1655 2016 1903 2071 aﬂ‘ectio-‘

320 2118 454 2161 nem
484 2106 543 2159 in
575 2104 888 2158 hominibus
919 2111 1249 2175 pervertere,
1283 2113 1336 2160 et
1383 2107 1637 2162 inimicos
1666 2121 1760 2161 eos
1785 2105 1898 2161 efﬁ-

318 2212 453 2253 cere
495 2205 657 2267 atque
701 2196 942 2266 ingratos
970 2195 1254 2252 Conditori
1303 2213 1425 2253 suo.
1478 2197 1674 2254 Testor
1716 2207 1898 2253 autem

317 2288 527 2343 coelum
552 2302 616 2341 ac
646 2294 869 2348 terram,
898 2286 1045 2356 quod
1078 2287 1123 2342 si
1153 2297 1417 2357 quantum
1461 2289 1612 2358 cupit
1642 2290 1899 2346 inimicus

328 2376 616 2442 desaevire,
642 2375 1051 2445 permitteretur
1076 2378 1241 2431 etiam
1273 2393 1304 2431 a
1350 2376 1481 2443 Deo,
1530 2380 1661 2434 olim
1706 2396 1899 2436 omnes

318 2469 577 2525 homines
606 2468 982 2538 deperissent;
1015 2470 1110 2525 sed
1156 2472 1548 2528 misericordiae
1581 2487 1749 2529 causa
1787 2489 1897 2530 non

315 2562 456 2616 sinit
488 2560 651 2616 Deus.
685 2560 840 2626 Quod
869 2561 917 2616 si
934 2560 977 2592 ¹³
1005 2561 1258 2616 aﬂ'ectum
1288 2578 1449 2617 suum
1484 2564 1734 2620 homines
1764 2580 1899 2621 con-

323 2659 607 2707 verterent
637 2652 705 2706 ad
730 2650 920 2714 Deum,
960 2667 1150 2708 omnes
1179 2654 1297 2708 siue
1332 2653 1499 2709 dubio
1525 2656 1894 2723 salvarentur,

310 2746 485 2819 etiam
514 2746 561 2799 si
595 2761 692 2815 pro
715 2745 992 2816 aliquibus
1042 2744 1257 2800 delictis
1292 2746 1363 2801 ob
1394 2746 1665 2817 justitiam
1693 2749 1898 2820 corripi

316 2835 657 2891 viderentur.
690 2834 801 2890 Sed
829 2850 977 2889 nunc
1007 2834 1227 2905 plurimi
1268 2835 1553 2889 hominum
1585 2836 1794 2890 inimici
1816 2836 1898 2892 ef-

313 2927 451 2984 fecti
484 2934 612 2982 sunt
650 2926 767 2995 Dei,
816 2943 1049 2999 quorum
1078 2929 1350 2999 malignus
1370 2929 1537 2984 corda
1573 2933 1895 3000 penetravit,

313 3028 376 3074 et
434 3017 692 3073 all'ectum
742 3034 905 3089 quem
955 3021 1036 3075 eis
1086 3006 1339 3075 conditor
1376 3020 1519 3077 Deus
1567 3022 1893 3091 inseruerat,

2000 520 2232 595 missum
2258 527 2344 574 est
2370 519 2609 590 maligno
2634 520 2713 572 uti
2741 519 2830 573 his
2853 518 3085 581 artibus,
3111 517 3312 587 quibus
3335 516 3579 585 singulo-

2002 624 2123 664 rum
2146 625 2273 681 erga
2300 624 2489 663 verum
2516 618 2797 678 parentem
2835 609 3135 679 probentur
3155 605 3401 660 affectus.
3422 604 3579 670 Quod

2000 700 2050 754 si
2073 700 2118 732 ²⁶
2144 714 2272 754 vere
2309 708 2457 754 esset
2502 699 2701 770 aliquis
2728 699 2875 753 ‘tleus
2921 699 3158 762 alienus,
3186 706 3369 750 tamen
3394 697 3462 750 ab
3489 712 3576 753 eo.

2000 790 2094 862 qui
2127 805 2228 844 uos
2275 800 2560 846 creaverat
2611 791 2816 862 quique
2864 789 3024 844 nobis
3048 800 3200 859 pater
3238 796 3293 843 et
3328 788 3581 842 conditor

2003 883 2202 946 fuerat,
2238 888 2523 937 rectumne
2561 890 2702 946 erat,
2736 882 2930 935 relicto
2978 880 3200 951 proprio
3232 878 3469 934 transire
3512 878 3579 931 ad

2000 972 2280 1027 alienum?
2317 972 2383 1025 Et
2424 970 2621 1041 Aquila
2654 992 2666 1026 :
2699 969 2897 1025 Absit!
2934 971 3131 1039 inquit.
3170 968 3309 1022 Tum
3342 968 3536 1025 Petrus
3560 989 3575 1037 7:

2001 1063 2284 1131 Quomodo
2305 1080 2434 1135 ergo
2454 1065 2703 1120 dicemus
2728 1065 3023 1133 malignum
3047 1078 3171 1117 esse
3194 1077 3417 1116 causam
3448 1076 3577 1131 pee-

2000 1155 2112 1208 cati
2144 1154 2343 1220 nostri,
2367 1170 2493 1208 cum
2520 1154 2626 1208 hoc
2644 1155 2916 1225 permissu
2936 1152 3030 1206 Dei
3061 1152 3172 1218 ﬁat,
3192 1157 3251 1204 ut
3280 1166 3375 1220 per
3401 1150 3579 1219 ipsum

2000 1248 2304 1317 probentur
2332 1253 2387 1301 et
2418 1246 2473 1300 in
2503 1246 2591 1301 die
2615 1245 2810 1316 judicii
2848 1254 3149 1315 arguantur
3185 1243 3240 1297 hi
3276 1242 3370 1312 qui
3402 1242 3580 1310 majoc

2002 1341 2156 1396 ribus
2190 1339 2684 1411 pollicitationibus
2733 1337 2970 1401 invitati,
3002 1336 3115 1391 veri
3157 1335 3329 1406 patris
3359 1340 3415 1389 et
3450 1348 3579 1387 cou-

2003 1431 2200 1486 ditoris
2231 1431 2317 1485 sui
2352 1430 2677 1500 reliquerint
2710 1429 2991 1499 pietatem,
3034 1428 3086 1480 hi
3125 1443 3257 1480 vero
3287 1425 3380 1496 qui
3419 1424 3577 1478 ﬁdem

2002 1529 2057 1576 et
2086 1523 2411 1577 charitatem
2442 1522 2648 1592 proprii
2677 1521 2871 1592 patris,
2898 1522 3060 1574 etiam
3092 1535 3214 1573 cum
3235 1527 3575 1589 paupertate,

2002 1614 2049 1669 si
2081 1614 2364 1673 acciderit.
2397 1623 2451 1668 et
2482 1630 2606 1669 cum
2641 1615 2992 1669 tribulatione
3023 1613 3382 1673 servaverint,
3416 1612 3577 1667 donis

2004 1708 2322 1763 coelestibus
2359 1705 2411 1761 in
2444 1722 2613 1777 regno
2644 1707 2765 1776 ejus
2804 1716 2858 1760 et
2899 1706 3302 1761 immortalibus
3336 1704 3579 1762 muneri-

1932 1772 1977 1833 B
2005 1800 2107 1855 bus
2128 1772 2796 1870 perfruantur?‘Sedliaec
2825 1801 2964 1856 alias
2993 1799 3310 1870 diligentius
3340 1814 3579 1867 expone-

2000 1909 2142 1949 mus.
2186 1894 2325 1961 Quid
2389 1906 2569 1949 autem
2618 1891 2809 1947 Simon
2857 1893 3027 1964 egerit
3074 1902 3196 1963 post
3250 1894 3384 1960 haec,
3436 1896 3579 1951 scire

1995 1988 2179 2055 cupio.

2070 2077 2210 2131 XIX.
2254 2077 2316 2131 Et
2358 2078 2551 2134 Niceta
2584 2080 2867 2150 respondit
2899 2099 2912 2133 :
2944 2080 3044 2135 Ubi
3079 2080 3414 2137 intellexisse
3450 2096 3577 2136 eum

1997 2170 2299 2236 sensimus,
2323 2172 2468 2241 quod
2491 2172 2871 2241 deprehensus
2905 2183 3054 2228 esset
3094 2189 3124 2227 a
3168 2172 3351 2235 nobis,
3399 2174 3579 2227 collu-

1996 2260 2111 2316 cuti
2140 2260 2281 2313 inter
2311 2276 2412 2316 nos
2435 2261 2502 2316 de
2530 2261 2834 2317 sceleribus
2871 2263 2991 2332 ejus
3018 2262 3348 2332 reliquimus
3374 2280 3498 2319 eum
3522 2272 3578 2319 et

1999 2355 2069 2409 ad
2108 2354 2431 2409 Zacchzeum
2479 2356 2753 2421 venimus,
2804 2356 2919 2411 haec
2964 2357 3082 2426 ipsa
3115 2357 3186 2419 ei,
3227 2373 3352 2428 qua:
3393 2366 3448 2412 et
3475 2360 3576 2413 tibi

1996 2462 2150 2502 nunc
2175 2447 2531 2515 protulimus,
2580 2448 2908 2503 indicantes.
2953 2447 3021 2502 At
3053 2448 3145 2503 ille
3177 2448 3575 2518 benignissime

1997 2553 2100 2593 nos
2158 2538 2485 2608 suscipiens,
2539 2548 2594 2595 et
2643 2539 2712 2595 de
2768 2539 2875 2595 ﬁde
2927 2537 3142 2594 Domini
3210 2541 3383 2597 nostri
3440 2540 3574 2596 Jcsu

1997 2624 2205 2682 Christi
2236 2629 2495 2695 edocens,
2538 2628 2780 2686 ﬁdelium
2822 2646 3055 2685 numero
3110 2630 3359 2686 sociavit.
3390 2631 3573 2687 'Cum-

1998 2730 2106 2787 que
2128 2716 2244 2772 haec
2276 2716 2472 2773 Niceta
2500 2718 2755 2784 dixisset,
2788 2718 3085 2776 Zacchazus
3119 2721 3212 2790 qui
3244 2720 3408 2791 paulo
3446 2730 3577 2776 ante

1999 2820 2259 2879 egressus
2286 2807 2488 2877 fuerat,
2513 2811 2920 2881 ingrediebatur
2941 2812 3132 2868 dicens
3162 2832 3174 2867 :
3202 2812 3444 2886 Tempus
3466 2824 3573 2882 est,

2002 2907 2061 2954 ut
2087 2899 2357 2971 procedas
2407 2901 2474 2954 ad
2522 2900 2939 2974 diSputandum,
2983 2902 3181 2971 Petre;
3228 2905 3387 2960 turba
3429 2906 3576 2961 enim

2001 2992 2173 3045 multa
2202 2993 2257 3047 in
2281 2993 2423 3046 atrio
2447 2992 2643 3048 domus
2676 3003 3002 3067 congregata
3030 3004 3083 3050 te
3106 2996 3408 3067 opperitur,
3432 3013 3573 3069 quo-

315 3117 383 3165 m
406 3125 535 3181 erga
569 3124 628 3165 se
664 3082 949 3175 hab'erem,
985 3112 1041 3165 in
1081 3113 1440 3184 “mairum
1474 3113 1713 3171 deﬂexit.
1746 3082 1901 3169 Alio;
1924 3123 1967 3181 ο
2005 3097 2128 3138 rum
2170 3082 2231 3184 in
2270 3085 2451 3184 medio
2490 3085 2697 3184 multis
2724 3084 2894 3142 fultus
2937 3088 3167 3184 asseelis
3197 3088 3457 3184 consistit
3486 3087 3575 3144 Si-

313 3218 446 3258 rum
497 3218 648 3266 vero,
681 3200 775 3274 qui
823 3204 1222 3273 aliquantulum
1272 3204 1501 3276 vigilare
1539 3207 1886 3273 videbantur,

312 3294 373 3347 in
428 3293 723 3364 phantasia
771 3294 960 3364 gloriae
1012 3301 1067 3348 et
1135 3294 1446 3363 splendoris
1496 3311 1788 3366 apparens,
1838 3306 1894 3354 et

312 3398 520 3454 magna
544 3384 794 3456 quaedam
825 3391 989 3455 atque
1028 3385 1266 3455 ingentia
1317 3388 1728 3453 repromittens,
1766 3404 1893 3442 eva-

309 3477 436 3546 gari
466 3476 819 3532 nihilominus
848 3493 880 3531 a
913 3477 1023 3532 Deo
1048 3490 1179 3530 vero
1199 3484 1434 3530 mentem
1461 3487 1621 3549 atque
1648 3481 1890 3533 animum

310 3566 484 3630 iecit;
517 3583 637 3635 quae
670 3576 856 3623 tamen
888 3576 1201 3638 perpetrare
1244 3568 1295 3623 ei
1320 3568 1470 3637 justa
1500 3571 1735 3638 quadam
1769 3585 1883 3639 per-

282 3702 284 3704 ,
310 3657 555 3711 mittitur
587 3658 815 3714 ratione.

386 3788 581 3846 XVIII.
622 3791 705 3846 Ad
735 3792 851 3848 haec
879 3795 1073 3866 Aquila
1111 3794 1394 3866 respondit
1427 3815 1440 3851 :
1474 3795 1618 3863 Quid
1647 3812 1775 3868 ergo
1796 3796 1892 3852 de-

306 3883 577 3952 linquunt
603 3882 874 3949 homines,
916 3885 963 3941 si
995 3887 1267 3957 malignus
1302 3886 1704 3945 transformans
1743 3904 1801 3944 se
1835 3889 1890 3943 in

302 3974 661 4047 splendorem
696 3976 898 4033 lueis"
925 3979 1132 4049 majora
1177 3980 1510 4051 repromittit
1550 3981 1886 4046 hominibus,

304 4082 485 4139 quam
513 4067 631 4137 ipse
652 4068 903 4123 conditor
933 4068 1116 4126 Deus?
1140 4070 1200 4125 Et
1228 4070 1425 4127 Petrus
1459 4090 1472 4126 :
1507 4070 1668 4138 Puto,
1690 4073 1887 4143 inquit,

303 4161 421 4217 hoc
455 4160 717 4229 iujustius
749 4161 884 4216 nihil
913 4178 1054 4230 esse,
1103 4172 1159 4218 et
1199 4172 1471 4235 quatenus
1513 4165 1777 4235 injustum
1818 4166 1890 4221 sit

302 4253 468 4310 audi.
505 4251 561 4305 Si
592 4251 737 4308 ﬁlius
758 4259 911 4317 tuus,
942 4254 1037 4324 qui
1065 4270 1097 4309 a
1140 4261 1194 4311 te
1215 4255 1367 4310 omni
1395 4256 1674 4327 diligentia
1704 4257 1886 4311 erudi-

305 4354 405 4401 tus
456 4351 547 4399 est
589 4352 646 4399 et
686 4345 951 4409 nutritus,
1004 4354 1168 4415 atque
1214 4345 1283 4401 ad
1338 4346 1552 4402 virilem
1593 4347 1888 4418 perductus

2003 3188 2149 3228 mon.
2188 3172 2326 3227 Tum
2355 3172 2550 3230 Petrus
2581 3182 2641 3229 ut
2683 3175 2801 3231 hare
2844 3177 3071 3241 audivit,
3102 3178 3370 3233 orationis
3398 3181 3572 3250 gratia

1970 3265 2256 3321 secedere
2288 3281 2372 3320 me
2393 3265 2595 3335 jubens
2644 3266 2912 3336 (nondum
2941 3268 3087 3322 enim
3113 3283 3265 3323 eram
3294 3268 3505 3323 dilutus
3542 3284 3573 3324 a

1996 3355 2257 3424 peccatis,
2282 3371 2404 3424 qua:
2432 3355 2488 3410 in
2519 3356 2827 3426 ignorantia
2856 3356 3370 3431 commiseram),ait
3394 3359 3462 3414 ad
3487 3374 3575 3413 reo

1993 3446 2211 3517 liquos:
2245 3444 2476 3501 Oremus
2533 3445 2752 3511 fratres,
2808 3454 2869 3500 ut
2929 3446 3073 3503 Deus
3128 3463 3226 3518 per
3289 3446 3573 3504 Christum

1991 3550 2154 3591 suum
2200 3550 2299 3604 pro
2344 3533 2606 3590 ineﬂ‘abili
2644 3536 3027 3592 misericordia
3072 3553 3171 3593 sua
3212 3538 3434 3607 adjuvet
3482 3554 3574 3594 me

1991 3633 2416 3697 exeuntemvpro
2458 3627 2635 3683 salute
2679 3629 2984 3695 hominum,
3029 3632 3122 3701 qui
3152 3633 3222 3687 ab
3250 3633 3371 3702 ipso
3402 3635 3572 3688 creati

1991 3723 2140 3771 sunt.
2172 3714 2235 3768 Et
2264 3716 2379 3770 haec
2405 3731 2530 3770 cum
2561 3717 2815 3784 dixisset,
2848 3722 3097 3777 oratione
3124 3722 3267 3777 facta
3290 3725 3571 3793 processit

1991 3807 2058 3861 ad
2096 3807 2295 3860 atrium
2328 3807 2545 3872 domus,
2603 3809 2658 3862 in
2709 3825 2819 3879 quo
2873 3819 2994 3865 erat
3043 3814 3336 3869 multitudo
3385 3817 3570 3888 populi

1992 3896 2226 3966 plurima
2256 3906 2620 3968 congregata;
2670 3915 2808 3969 quos
2863 3904 2953 3958 ubi
3003 3919 3193 3961 omnes
3234 3923 3449 3963 summo
3490 3909 3567 3962 si-
3652 3928 3653 3931 ‘

1992 3984 2158 4039 lentio
2189 3985 2256 4039 ad
2291 4002 2349 4042 se
2380 3986 2616 4041 intentos
2639 3990 2794 4053 vidit,
2824 4002 2877 4045 et
2920 4009 3136 4063 magum
3187 3994 3468 4054 Simonem
3502 4000 3557 4054 in

1990 4077 2169 4132 medio
2195 4094 2385 4132 eorum
2426 4081 2576 4135 velut
2626 4080 2949 4150 signiferum
2980 4093 3237 4153 stantem,
3275 4088 3377 4142 hoc
3408 4088 3568 4143 modo

1991 4171 2165 4241 carpit
2190 4188 2202 4225 :

2060 4261 2178 4317 XX.
2218 4261 2326 4316 Pax
2354 4264 2508 4319 vobis
2535 4266 2607 4319 sit
2636 4265 2915 4332 omnibus,
2948 4268 3043 4337 qui
3076 4270 3250 4337 parati
3282 4273 3417 4326 estis
3434 4272 3569 4327 dex-

1990 4362 2138 4409 teras
2168 4355 2303 4410 dare
2345 4357 2599 4425 veritati;
2642 4360 2962 4441 quicunque
3006 4364 3151 4418 enim
3193 4365 3457 4422 obediunt
3492 4368 3567 4435 ei,

302 4445 556 4502 atatem,
588 4437 833 4507 ingratus
859 4438 959 4493 tibi
981 4438 1072 4503 sit,
1098 4446 1151 4493 et
1176 4438 1491 4509 relinquens
1513 4448 1565 4495 te
1597 4441 1665 4494 ad
1691 4441 1879 4503 alium,
1918 4489 1962 4543 Β
1990 4444 2243 4500 videntur
2271 4447 2491 4517 quidem
2532 4451 2637 4506 sibi
2687 4437 2891 4522 aliquid
2933 4455 3121 4524 gratia:
3150 4457 3402 4515 conferre
3436 4458 3568 4529 Deo,

306 4545 479 4599 quem
506 4526 648 4583 forte
670 4527 921 4583 ditiorem
946 4527 1163 4593 viderit,
1195 4537 1304 4593 eat,
1345 4538 1399 4585 et
1433 4530 1694 4584 honorem
1725 4547 1886 4601 quem

307 4621 414 4676 tibi
439 4618 678 4674 debebat
708 4618 787 4674 illi
810 4618 1085 4681 exhibeat.
1124 4634 1190 4673 ac
1227 4636 1323 4690 spe
1364 4621 1591 4690 majoris
1621 4621 1758 4676 lucri
1789 4638 1882 4676 na-

301 4721 500 4766 turam
538 4708 695 4782 neget
732 4717 791 4765 et
818 4710 945 4780 jura
978 4718 1205 4799 paterna
1244 4710 1506 4782 defugiat,
1544 4721 1757 4769 rectum
1789 4714 1887 4768 tibi

304 4805 557 4864 videtur,
594 4818 665 4858 an
705 4803 973 4874 impium?
998 4803 1065 4858 Et
1112 4803 1306 4873 Aquila
1342 4806 1663 4875 respondit:
1697 4805 1889 4860 Omni-

304 4896 418 4952 bus
449 4891 631 4963 palam
678 4904 785 4958 est,
837 4895 982 4965 quod
1030 4895 1257 4966 impium
1304 4895 1396 4951 sit.
1452 4895 1520 4949 Et
1562 4895 1794 4953 Petrus:
1828 4894 1887 4952 Si

301 5001 445 5058 ergo
476 4985 535 5038 in
562 4984 875 5042 hominibus
907 4989 1012 5041 hoc
1043 4989 1266 5058 impium
1298 4988 1458 5051 dicis,
1483 4998 1692 5058 quanto
1711 4991 1886 5060 magis

303 5078 365 5129 in
412 5072 549 5137 Deo,
584 5075 679 5144 qui
700 5090 863 5147 supra
900 5093 1091 5134 omnes
1135 5079 1386 5136 homines
1429 5080 1636 5136 honore
1678 5082 1749 5137 ab
1788 5082 1887 5136 ho-

302 5168 560 5225 minibus
589 5168 788 5242 dignus
836 5174 957 5229 est?
998 5174 1158 5246 cujus
1213 5192 1322 5231 non
1385 5177 1562 5233 solum
1607 5178 1890 5234 beneﬁciis

302 5261 576 5325 fruimur,
632 5276 821 5318 verum
867 5273 923 5321 et
971 5282 1075 5337 ope
1111 5282 1177 5322 ac
1225 5269 1432 5324 virtute
1468 5284 1590 5325 esse
1618 5271 1887 5341 capimus

300 5368 438 5410 cum
470 5369 583 5409 nou
611 5371 884 5426 essemus,
910 5359 1110 5431 cuique
1138 5361 1183 5415 si
1214 5362 1528 5432 placeamus
1556 5364 1889 5419 merebimur

305 5444 386 5501 ab
414 5459 510 5508 eo,
536 5453 596 5500 ut
622 5448 788 5504 etiam
818 5452 1008 5506 aeterni
1049 5451 1106 5506 in
1137 5452 1297 5509 bonis
1325 5454 1521 5517 simus.
1556 5453 1626 5509 Ut
1651 5471 1782 5527 ergo
1804 5458 1889 5512 in-

1995 4552 2159 4607 porro
2182 4546 2364 4593 autem
2394 4541 2500 4611 ipsi
2530 4542 2600 4596 ab
2623 4558 2689 4597 eo
2716 4542 2921 4599 d'onum
2943 4547 3143 4601 summi
3167 4552 3413 4606 muneris
3436 4567 3569 4608 con-

1994 4639 2297 4699 sequuntur
2320 4632 2550 4701 justitia:
2571 4635 2693 4704 ejus
2724 4637 2937 4692 semitis
2971 4638 3306 4701 incedentes.
3340 4643 3570 4717 Propter

1995 4721 2146 4791 quod
2178 4723 2413 4793 primum
2457 4734 2541 4781 est
2570 4728 2837 4788 omnium,
2868 4729 3142 4799 justitiam
3174 4731 3270 4790 Dei
3312 4751 3569 4807 regnum-

1993 4831 2100 4885 que
2141 4818 2261 4887 ejus
2300 4820 2679 4890 inquirere“;
2718 4822 2991 4892 justitiam
3036 4827 3259 4897 quidem
3313 4839 3374 4885 ut
3422 4840 3570 4889 recte

1994 4924 2156 4979 agere
2186 4911 2505 4978 doceamur,
2537 4931 2768 4986 regnum
2808 4933 2958 4984 vero,
2992 4928 3054 4974 ut
3082 4937 3204 4991 quae
3243 4923 3316 4978 sit
3353 4940 3568 4981 merces

1991 5003 2167 5071 posita
2214 5004 2417 5061 laboris
2467 5015 2524 5061 et
2570 5008 2845 5077 patientiae
2888 5013 3223 5079 noverimus,
3256 5016 3313 5071 in
3346 5031 3456 5086 quo
3484 5026 3570 5072 est

1996 5093 2157 5150 bonis
2195 5098 2418 5166 quidem
2461 5107 2793 5155 aeternorum
2845 5099 3113 5158 bonorum
3168 5109 3565 5172 remuneratio,

1996 5186 2082 5240 bis
2111 5197 2313 5254 autem,
2340 5190 2435 5259 qui
2468 5200 2661 5247 contra
2693 5192 3032 5249 voluntatem
3063 5194 3157 5251 Dei
3189 5199 3423 5268 egerint,
3466 5215 3567 5269 pro

1992 5278 2424 5351 uniuscujusque
2449 5284 2619 5352 gestis
2643 5300 2927 5354 poenarum
2970 5286 3131 5359 digna
3150 5291 3444 5348 restitutio.
3467 5291 3567 5346 llic

1993 5386 2145 5442 ergo,
2178 5371 2278 5427 hoc
2310 5381 2395 5427 est
2437 5375 2492 5429 in
2542 5379 2797 5446 praesenti
2836 5380 2940 5433 vita
2983 5382 3191 5450 positos
3221 5393 3437 5453 oportet
3465 5402 3566 5441 vos

1995 5475 2296 5530 agnoscere
2328 5464 2660 5521 voluntatem
2685 5467 2801 5532 Dei,
2832 5469 2925 5523 ubi
2957 5482 3011 5524 et
3043 5471 3234 5540 agendi
3268 5473 3421 5529 locus
3442 5482 3561 5549 ;est.

416 5593 464 5693 ξ’
500 5594 698 5693 ρξῖἷῖἶί
730 5631 797 5693 ΤΣ
817 5600 1115 5693 Ρέίίῗνεηίντ
1138 5613 1201 5693 ,οἱ
1224 5614 1712 5693 (ιιιεεξθηιευηιιιτε
1744 5607 1985 5693 Αίίίῖἴωη
2016 5626 2132 5693 ἐἷο
2158 5641 2227 5651 ··“
2262 5614 2587 5693 Ρενηιίηίέυν
2614 5615 2819 5693 ratione
2846 5617 3299 5693 ἀθεὲίὲειζθηῑιηίη
3322 5632 3552 5693 utroque

287 5663 686 5760 Lipss.
752 5671 794 5702 "
817 5669 856 5721 li
884 5673 1009 5726 Cor.
1036 5688 1113 5739 st,
1134 5674 1219 5731 Η.
1242 5663 1257 5675 ’
1285 5676 1328 5707 ²⁰
1350 5663 1503 5742 Quod
1533 5678 1954 5733 si-—-muneribus
1975 5663 2829 5757 permuniit}ﬁén'iéguhiiié'ih

296 5754 379 5801 Vi,
410 5735 520 5791 53-

470 5826 745 5889 Parnm.
782 5833 892 5890 (in.
938 5833 983 5892 Ι.

3126 5846 3203 5906 40
