4048 6262
371 304 500 363 1261

1572 266 2139 370 ιιὲίιοαΝιτιοΝυΜ
2179 314 2306 372 LIB.
2346 314 2405 369 ιι.

3476 314 3613 371 1262

369 429 425 477 te
445 422 590 490 volo,
615 423 743 493 quia
772 422 987 478 duobus
1018 422 1159 477 inter
1186 436 1247 478 se
1267 422 1658 480 dimicantibus
1686 434 1818 481 tunc
1839 427 1943 482 erit
1971 434 2017 489 Α
2048 429 2292 501 Intelligo
2336 432 2607 485 vcrsutias
2635 436 2789 494 tuas;
2820 429 2903 485 vis
2936 431 3080 483 enim
3112 431 3209 484 tibi
3237 444 3301 483 ea
3341 430 3458 501 ipse
3484 447 3618 502 pro-

367 528 506 584 pax,
542 529 667 569 cum
698 517 837 570 alter
864 514 1127 569 ceciderit
1165 524 1493 584 superatus;
1524 524 1578 571 et
1610 517 1732 572 ideo
1764 534 1940 589 pugna

369 612 430 659 ut
461 614 648 676 potes,
675 622 777 660 nec
800 607 1050 675 requiras
1083 620 1270 675 pacem
1294 606 1413 662 sine
1441 607 1585 662 bello
1606 648 1621 675 ,
1654 610 1798 678 quod
1840 610 1942 663 im-

368 696 631 766 possibile
656 706 763 760 est,
796 706 889 750 aut
920 697 965 751 si
998 705 1178 767 potest
1208 696 1345 761 fieri,
1379 699 1627 755 ostende.

437 788 626 845 XXiV.
669 789 753 843 Ad
784 789 897 844 haec
928 788 1125 855 Petrus
1151 810 1164 845 :
1191 789 1468 846 Attentius
1493 794 1704 859 audite,
1739 808 1772 849 0
1801 795 1938 861 viri,

364 896 486 949 quae
534 880 791 935 dicimus.
848 879 1125 936 Ponamus
1174 882 1439 936 mundum
1487 884 1635 938 hunc
1685 900 1937 955 campum

363 985 486 1027 esse
536 972 770 1041 aliquem
817 988 1072 1041 magnum
1097 1012 1109 1034 ,
1139 980 1193 1027 et
1236 989 1300 1028 ex
1344 975 1558 1031 duabus
1589 976 1935 1041 civitatibus,

364 1077 597 1133 quarum
646 1078 802 1133 reges
852 1063 960 1117 sibi
1008 1065 1240 1119 invicem
1273 1067 1382 1121 sint
1410 1067 1703 1131 contrarii,
1735 1069 1937 1123 missos

362 1168 486 1209 esse
530 1154 777 1224 singulos
807 1154 875 1208 ad
901 1155 1270 1210 dimicandum
1308 1156 1476 1213 duces
1496 1202 1509 1223 ,
1542 1168 1595 1215 et
1626 1160 1778 1213 illum
1812 1163 1938 1231 qui-

363 1244 486 1299 dem
518 1245 647 1298 boni
679 1245 823 1315 regis
850 1246 1045 1300 ducem
1092 1247 1386 1302 consilium
1417 1249 1570 1313 dare,
1608 1258 1666 1305 ut
1709 1258 1939 1322 uterque

360 1334 641 1389 exercitus
671 1335 877 1404 absque
904 1337 1194 1405 sanguinis
1217 1337 1534 1406 profusione
1556 1378 1570 1403 ,
1597 1340 1841 1395 melioris
1881 1344 1936 1396 in

361 1426 508 1495 regis
530 1425 656 1495 jura
689 1426 985 1490 concedat,
1020 1443 1128 1496 quo
1157 1429 1277 1482 sine
1302 1429 1548 1498 periculo
1577 1444 1768 1485 onmes
1799 1431 1935 1485 salvi

363 1518 516 1582 ﬁant,
549 1519 702 1573 illum
731 1534 863 1573 vero
888 1519 1230 1574 contrarium
1262 1521 1445 1577 dicere
1472 1542 1485 1577 :
1518 1520 1663 1589 Non,
1695 1524 1789 1578 sed
1829 1538 1934 1592 pu-

360 1618 579 1681 gnetur,
607 1617 666 1664 ut
695 1625 805 1664 non
836 1611 931 1680 qui
954 1611 1155 1683 dignus
1181 1620 1267 1668 est
1287 1614 1438 1676 ,-sed
1466 1615 1559 1685 qui
1587 1615 1782 1669 fortior
1821 1616 1937 1685 ipse

361 1690 489 1754 cum
516 1700 602 1755 his
622 1702 715 1771 qui
744 1703 1025 1757 evaserint
1054 1712 1266 1774 regnet.
1294 1703 1492 1771 Quaeso
1518 1721 1639 1771 vos,
1671 1707 1802 1778 quid
1828 1722 1935 1760 ma-

2046 537 2276 590 ponere,
2314 537 2545 591 quorum
2587 522 2863 575 absolutio
2905 521 3044 575 bene
3079 522 3174 575 tibi
3210 521 3465 576 meditata
3494 530 3614 586 est,

2048 619 2106 664 ut
2142 612 2527 682 ignorantibus
2552 613 2729 666 turbis
2758 611 2995 666 videaris
3015 621 3159 667 recte
3180 613 3383 682 aliquid
3408 613 3616 678 dicere;

2045 703 2138 758 sed
2169 704 2313 774 apud
2354 720 2440 758 me
2471 720 2576 757 non
2613 704 2708 757 tibi
2739 705 2842 758 erit
2863 704 3060 756 horum
3093 704 3264 758 locus.
3291 703 3445 757 Nunc
3467 716 3617 774 ergo,

2042 792 2303 861 quoniam
2355 800 2414 845 ut
2449 793 2533 844 vir
2579 792 2737 847 fortis
2771 793 3043 863 polliceris
3069 832 3083 855 ,
3117 800 3169 847 te
3217 795 3366 848 omni
3414 794 3617 847 volenti

2042 896 2347 951 pr0ponere
2397 898 2827 952 responsurum,
2875 883 3011 935 mihi
3069 882 3286 937 interim
3319 884 3495 953 primo
3524 897 3617 938 re-

2042 973 2326 1042 spondeto.
2354 972 2419 1025 Et
2452 973 2645 1028 Petrus
2671 993 2683 1028 :
2709 972 2964 1036 Paratus,
3002 974 3199 1043 inquit,
3233 988 3375 1036 sum,
3404 980 3618 1027 tantum

2042 1073 2101 1118 ut
2145 1081 2271 1118 cum
2317 1081 2451 1135 pace
2503 1067 2575 1121 sit
2622 1080 2825 1119 sermo.
2860 1064 2997 1117 Tum
3034 1064 3260 1119 Simon:
3294 1064 3411 1119 Non
3441 1065 3616 1128 vides,

2039 1156 2237 1225 inquit,
2264 1156 2693 1225 imperitissime,
2716 1154 2864 1224 quod
2895 1155 3176 1207 contraria
3209 1156 3325 1225 agis
3356 1156 3620 1224 magistro

2041 1255 2154 1310 tuo,
2173 1261 2363 1318 pacem
2391 1245 2715 1315 deposcens,
2750 1245 2896 1316 quod
2925 1247 3111 1315 utique
3134 1261 3244 1299 non
3269 1247 3523 1301 convenit
3544 1246 3617 1309 ei,

2038 1339 2132 1407 qui
2161 1345 2601 1407 expugnaturum
2634 1351 2693 1390 se
2718 1336 2990 1405 promittit
3020 1336 3422 1405 ignorantiam?
3446 1336 3553 1389 Aut
3571 1336 3620 1390 si

2037 1436 2095 1483 tu
2146 1438 2293 1484 recte
2337 1444 2525 1499 pacem
2555 1428 2624 1481 ab
2668 1426 3016 1481 auditoribus
3062 1426 3279 1497 poscis,
3329 1442 3439 1480 non
3469 1435 3618 1481 reete

2037 1520 2297 1592 magister
2318 1528 2446 1587 tuus
2476 1505 2653 1573 dixit':
2690 1519 2831 1585 Quia
2861 1534 2965 1572 non
2991 1518 3104 1570 veni
3129 1532 3306 1585 pacem
3331 1518 3534 1572 mittere
3561 1519 3620 1572 in

2039 1626 2236 1669 terram
2257 1654 2271 1679 ,
2323 1614 2413 1669 sed
2439 1614 2676 1685 gladium
2691 1613 2758 1669 ’⁸.
2792 1613 2901 1665 Aut
2930 1612 3074 1666 enim
3104 1619 3164 1664 tu
3196 1611 3335 1665 bene
3367 1611 3526 1671 dicis.
3564 1619 3620 1665 et

2040 1710 2129 1763 ille
2145 1724 2257 1762 non
2285 1708 2442 1771 bene,
2470 1712 2564 1759 aut
2593 1706 2639 1760 si
2670 1704 2930 1775 magister
2946 1710 3077 1757 tuus
3095 1704 3254 1768 bene,
3273 1710 3330 1755 tu
3358 1703 3615 1772 pessime,

360 1791 446 1862 gis
472 1792 782 1863 eligeretis?
815 1792 933 1848 Non
965 1793 1157 1849 dubito
1185 1797 1348 1866 quin,
1389 1806 1449 1852 ut
1474 1813 1600 1853 cum
1643 1800 1934 1854 incolumi-
1967 1782 2011 1836 Β
2036 1800 2131 1870 qui
2161 1814 2271 1853 non
2301 1797 2621 1853 intellexisti
2654 1796 2933 1850 contraria
2973 1802 3026 1851 te
3061 1795 3309 1865 proferre
3347 1797 3428 1858 ei,
3459 1795 3619 1864 cujus

360 1890 471 1936 tate
492 1883 736 1937 omnium
764 1923 779 1948 ,
809 1885 925 1955 regi
959 1886 1175 1940 meliori
1209 1901 1404 1942 manus
1427 1887 1709 1943 darentur.
1740 1887 1807 1942 Et
1833 1905 1934 1959 ego

359 1988 510 2027 nunc
532 1989 663 2039 non,
694 1982 757 2030 ut
781 1974 969 2030 Simon
997 1978 1093 2041 ait,
1118 1977 1269 2047 pacis
1302 1992 1470 2033 causa
1500 1994 1788 2035 assensum
1808 1984 1933 2036 volo

358 2066 698 2120 commodari
748 2067 833 2123 his
879 2084 999 2139 quae
1050 2070 1191 2124 male
1233 2069 1527 2136 dicuntur,
1571 2072 1667 2127 sed
1706 2080 1763 2125 ut
1806 2088 1929 2128 cum

356 2156 544 2227 quiete
569 2164 625 2212 et
652 2159 844 2215 ordine
874 2159 1080 2216 veritas
1107 2162 1443 2231 requiratur.

428 2249 595 2305 XXV.
621 2250 879 2306 Nonnulli
906 2253 1048 2307 enim
1082 2254 1137 2308 in
1165 2255 1600 2324 disputationum
1632 2258 1932 2312 certamine

276 2412 279 2415 γ
352 2341 453 2395 ubi
481 2357 721 2398 errorem
755 2361 915 2400 suum
948 2347 1223 2401 senserint
1249 2347 1522 2402 confutari
1548 2388 1564 2413 ,
1608 2364 1776 2404 causa
1809 2366 1933 2421 per-

352 2433 490 2504 fugii
509 2436 839 2492 conturbare
861 2439 1128 2492 continuo
1157 2439 1447 2509 incipiunt,
1469 2448 1523 2496 et
1541 2456 1761 2498 movere
1782 2444 1930 2510 lites,

350 2541 424 2579 ne
455 2526 634 2595 palam
683 2526 775 2581 ﬁat
819 2528 1076 2583 omnibus
1125 2529 1272 2599 quod
1324 2539 1691 2601 superantur;
1727 2539 1780 2587 et
1806 2550 1931 2604 pro-

348 2627 541 2687 pterea
571 2632 674 2687 ego
702 2616 1015 2689 frequenter
1038 2635 1229 2685 exoro,
1254 2630 1314 2675 ut
1340 2636 1465 2676 cum
1489 2621 1636 2676 omni
1667 2624 1931 2692 patientia

348 2717 407 2762 et
465 2708 651 2777 quiete
684 2708 882 2779 indago
910 2708 1298 2779 disputationis
1344 2712 1633 2779 habeatur,
1688 2722 1748 2767 ut
1794 2722 1849 2769 et
1883 2716 1930 2769 si

348 2800 501 2855 forte
532 2800 737 2871 aliquid
764 2802 947 2857 minus
974 2812 1124 2859 recte
1155 2805 1362 2861 dictum
1393 2806 1661 2873 videatur,
1685 2816 1932 2878 repetere

347 2894 405 2949 id
422 2900 482 2948 et
510 2894 752 2964 apertius
782 2894 945 2950 liceat
962 2898 1278 2967 explanare.
1301 2897 1451 2954 Solet
1476 2900 1623 2955 enim
1654 2900 1927 2955 interdum

345 2987 517 3041 aliter
535 2986 644 3041 dici
672 2988 803 3058 quid
833 2999 888 3043 et
914 2990 1073 3046 aliter
1100 2992 1320 3057 audiri,
1353 2993 1483 3048 dum
1514 3002 1608 3048 aut
1638 2994 1822 3051 minus
1851 2996 1931 3049 lu-

342 3077 476 3131 cide
507 3076 802 3147 profertur,
838 3088 932 3133 aut
979 3082 1163 3137 minus
1194 3083 1487 3154 vigilanter
1516 3084 1841 3150 advertitur,
1872 3095 1927 3140 et

341 3168 420 3223 ob
444 3168 554 3221 hoc
579 3169 848 3239 patienter
876 3170 1042 3240 cupio
1070 3172 1261 3226 haberi
1292 3188 1621 3239 sermonem,
1656 3184 1716 3230 ut
1754 3192 1932 3248 neque

342 3259 626 3329 subripiat
649 3261 787 3314 alter
815 3261 970 3315 alteri
996 3298 1016 3326 ,ν
1044 3278 1221 3333 neque
1243 3280 1549 3321 sermonem
1583 3268 1816 3323 dicentis
1848 3270 1933 3325 in-

344 3351 718 3420 tempestivus
746 3366 929 3407 sermo
951 3354 1385 3411 contradicentis
1414 3357 1797 3427 interrumpat,
1832 3374 1931 3416 ne-

343 3457 461 3512 que
492 3441 921 3510 reprehendendi
968 3443 1211 3498 studium
1241 3461 1517 3515 geramus,
1546 3448 1642 3502 sed
1673 3448 1831 3503 liceat
1871 3459 1933 3505 ut

344 3533 468 3587 dixi
497 3572 514 3595 ,
545 3532 729 3588 minus
761 3534 923 3602 plane
948 3534 1094 3588 dicta
1124 3543 1374 3605 repetere
1394 3576 1409 3601 ,
1440 3545 1502 3590 ut
1530 3539 1933 3595 examinatione

338 3623 661 3695 justissima
703 3624 971 3680 clarescat
1016 3627 1266 3682 veritatis
1318 3628 1544 3698 agnitio.
1596 3628 1748 3684 Scire
1785 3630 1929 3684 enim

342 3714 639 3778 debemus,
672 3714 801 3783 quia
830 3716 879 3770 si
903 3716 1029 3785 quis
1060 3732 1091 3772 a
1122 3718 1351 3773 veritate
1382 3719 1655 3785 vincatur,
1681 3735 1790 3775 non
1813 3722 1932 3792 ipse

342 3801 594 3858 vincitur
616 3842 631 3867 ,
665 3804 760 3858 sed
793 3804 1105 3873 ignorantia
1137 3820 1257 3876 quae
1296 3807 1350 3861 in
1388 3808 1507 3877 ipso
1538 3817 1622 3863 est
1642 3849 1657 3873 ,
1689 3825 1810 3880 quae
1846 3818 1932 3866 est

340 3894 571 3947 daemon
598 3894 894 3962 pessimus,
927 3911 1091 3966 quam
1121 3896 1214 3966 qui
1249 3899 1486 3966 potuerit
1513 3900 1751 3971 ell‘ugare
1771 3940 1786 3965 ,
1839 3914 1929 3955 sa-

340 3986 483 4042 lutis
509 3986 711 4056 accipit
736 3988 995 4057 palmam.
1026 3988 1371 4058 Propositum
1402 4005 1638 4061 namque
1671 3991 1827 4046 nobis
1847 4002 1930 4046 est

339 4079 618 4153 prodesse
647 4079 991 4137 auditoribus
1011 4121 1026 4145 ,
1082 4097 1192 4137 non
1225 4091 1283 4136 ut
1312 4084 1453 4139 male
1481 4084 1792 4147 vincamus,
1832 4084 1929 4139 sed

340 4186 406 4228 ut
459 4186 567 4244 pro
610 4172 890 4242 agnitione
913 4174 1163 4229 veritatis
1190 4175 1329 4229 bene
1355 4176 1656 4229 vincamur.
1692 4173 1748 4229 Si
1782 4175 1927 4228 enim

335 4266 599 4324 veritatis
632 4265 970 4336 inquirenda
986 4268 1167 4323 studio
1183 4282 1367 4323 sermo
1383 4275 1689 4331 moveatur,
1712 4269 1924 4322 etiamsi

334 4359 481 4431 quid
512 4358 697 4415 minus
727 4358 884 4429 plene
923 4375 1022 4429 pro
1054 4360 1291 4415 humana
1325 4361 1618 4432 fragilitate
1656 4360 1923 4427 dicemus,

334 4453 492 4508 Deus
524 4466 625 4521 pro
654 4450 912 4505 ineffabili
940 4467 1038 4506 sua
1074 4452 1336 4516 bonitate,
1369 4467 1433 4506 ea
1471 4468 1592 4523 qua:
1621 4452 1822 4508 desunt
1853 4454 1926 4507 la-

334 4550 529 4599 tenter
564 4541 875 4596 auditorum
922 4542 1175 4596 sensibus
1224 4542 1559 4613 adimplebit.
1612 4541 1804 4598 Justus
1839 4552 1923 4600 est

331 4636 514 4697 enim,
543 4642 598 4689 et
628 4634 929 4691 secundum
962 4634 1396 4704 uniuscujusque
1414 4635 1778 4704 propositum,
1801 4635 1924 4690 aliis

328 4726 572 4797 quidem
602 4725 659 4778 in
686 4732 940 4795 promptu
970 4724 1101 4778 facit
1129 4739 1250 4779 esse
1278 4724 1426 4794 quod
1473 4724 1762 4794 quaeritur,
1800 4726 1925 4780 aliis

329 4833 473 4873 vero
489 4815 789 4871 obscurum
809 4816 1003 4880 reddit,
1022 4817 1183 4871 etiam
1207 4816 1352 4886 quod
1369 4815 1546 4885 palam
1567 4817 1800 4886 positum
1817 4827 1923 4874 est.

330 4910 484 4977 Quia
513 4922 650 4975 ergo
682 4908 763 4962 via
790 4907 909 4973 Dei,
932 4909 1019 4963 via
1053 4909 1205 4979 pacis
1238 4916 1345 4973 est,
1369 4923 1497 4962 cum
1521 4924 1654 4979 pace
1685 4925 1807 4979 qua:
1825 4909 1921 4964 Dei

330 5006 473 5056 sunt
507 4996 880 5066 requiramus.
911 4998 994 5053 Ad
1031 4999 1145 5053 haec
1184 4999 1228 5052 si
1259 4999 1384 5068 quis
1417 4999 1580 5054 habet
1611 5000 1756 5067 quod
1796 5015 1924 5071 pro-

329 5094 638 5160 sequatur,
671 5088 827 5143 locus
854 5097 972 5155 est;
1014 5091 1060 5145 si
1091 5106 1220 5146 vero
1242 5090 1427 5145 nullus
1459 5099 1545 5145 est
1575 5091 1671 5161 qui
1704 5108 1925 5164 respon—

326 5184 471 5238 dere
520 5177 678 5244 velit,
728 5194 829 5249 ego
875 5181 1060 5237 dicere
1110 5182 1392 5252 incipiam,
1438 5188 1493 5236 et
1542 5198 1665 5252 qua:
1688 5184 1820 5237 mihi
1852 5184 1922 5239 ab

322 5275 443 5329 alio
473 5278 719 5341 possunt
749 5270 953 5340 objici,
997 5273 1115 5343 ipse
1161 5275 1217 5328 in
1270 5275 1511 5329 medium
1566 5275 1776 5371 prolata
1804 5275 1918 5332 dis-

324 5366 580 5421 solvam.

395 5450 600 5510 XXVI.
668 5454 803 5509 Cum
852 5470 981 5526 ergo
1018 5456 1211 5513 Petrus
1271 5462 1529 5531 cmpisset
1593 5461 1919 5516 continuare

312 5558 661 5608 sermonem
687 5585 703 5610 ,
760 5546 949 5601 Simon
978 5547 1281 5620 interrupta
1311 5556 1559 5609 oratione
1587 5554 1707 5623 ejus
1738 5575 1751 5608 :
1785 5554 1916 5618 Cur,

319 5640 555 5714 inquit,
586 5635 962 5708 festinasipse
992 5639 1090 5694 tibi
1114 5640 1316 5708 dicere,
1348 5660 1470 5715 qua:
1501 5646 1599 5700 tibi
1626 5647 1918 5702 videntur?

404 5758 455 5790 “
495 5751 701 5811 Matth.
737 5769 794 5814 χ.
826 5752 915 5808 54,
986 5754 1029 5784 ’⁷
1054 5751 1242 5808 Matth.
1266 5772 1316 5817 v,
1339 5757 1393 5813 9.
1468 5760 1513 5790 ’⁸
1534 5758 1723 5815 Matth.
1758 5778 1812 5824 ι,
1846 5761 1935 5816 25.

2037 1901 2091 1947 te
2121 1890 2451 1951 discipulum
2485 1888 2778 1948 profiteris.
2864 1960 2867 1961 ν

2105 2011 2320 2067 XXVII.
2350 2010 2431 2066 Ad
2465 2011 2579 2065 haec
2602 2010 2801 2065 Petrus
2829 2029 2843 2063 :
2869 2008 3055 2080 Neque
3077 2010 3166 2080 qui
3196 2009 3343 2063 misit
3372 2025 3456 2064 me
3480 2010 3619 2063 male

2036 2102 2163 2161 fecit
2193 2105 2431 2176 gladium
2470 2103 2684 2157 mittere
2715 2102 2770 2156 in
2805 2108 3033 2165 terram,
3069 2117 3247 2171 neque
3282 2118 3380 2171 ego
3410 2110 3622 2155 contra-

2034 2198 2117 2251 ria
2150 2198 2198 2252 ei
2233 2211 2333 2265 ago
2356 2235 2371 2259 ,
2421 2194 2733 2249 auditorum
2773 2209 2960 2264 pacem
2987 2194 3296 2263 requirens.
3335 2192 3438 2247 Sed
3472 2201 3530 2247 tu
3564 2202 3620 2249 et

2033 2288 2285 2358 imperite
2315 2293 2370 2341 et
2403 2293 2607 2341 temere
2639 2285 2995 2354 reprehendis
3018 2302 3081 2340 ea
3124 2302 3244 2355 quae
3278 2301 3385 2338 non
3420 2286 3619 2340 intelli-

2032 2378 2143 2450 gis;
2169 2378 2368 2432 etenim
2399 2377 2525 2448 quia
2552 2392 2741 2446 pacem
2770 2393 2881 2431 non
2913 2377 3061 2429 venit
3087 2377 3302 2429 mittere
3328 2375 3382 2428 in
3414 2382 3619 2429 terram

2034 2470 2316 2540 magister,
2348 2468 2582 2533 audisti,
2616 2468 2763 2539 Quod
2795 2475 2978 2522 autem
3015 2467 3214 2521 dixerit
3242 2482 3254 2517 :
3289 2465 3440 2520 Beati
3468 2468 3619 2535 paci-

2033 2561 2144 2631 ﬁci,
2174 2561 2424 2631 quoniam
2444 2559 2547 2629 ipsi
2571 2560 2675 2629 ﬁlii
2705 2559 2803 2613 Dei
2828 2556 3237 2623 vocabuntur",
3261 2574 3369 2612 non
3389 2554 3611 2616 audisti.

2032 2652 2260 2724 Propter
2283 2653 2428 2725 quod
2458 2669 2568 2707 non
2602 2668 2703 2723 ego
2735 2652 3004 2722 magistro
3035 2652 3249 2706 diversa
3280 2652 3486 2717 sentio,
3520 2666 3617 2723 pa-

2030 2760 2147 2801 cem
2168 2746 2523 2817 persuadens,
2547 2760 2708 2816 quam
2728 2744 2817 2800 ille
2841 2744 3186 2800 servantibus
3220 2745 3614 2800 beatitudinem

2032 2840 2234 2909 posuit.
2262 2838 2329 2892 Et
2357 2836 2547 2893 Simon
2578 2838 2654 2891 ait
2682 2854 2695 2889 :
2727 2835 2837 2892 Pro
2866 2838 3131 2908 magistro
3154 2838 3486 2908 respondere
3516 2854 3614 2892 cu-

2030 2931 2207 3000 piens,
2228 2946 2260 2984 ο
2286 2928 2466 2993 Petro,
2490 2930 2661 2984 multo
2690 2945 2816 2985 eum
2850 2929 3071 2999 gravius
3100 2929 3395 2992 accusasti,
3422 2928 3467 2984 si
3488 2944 3613 2983 cum

2031 3023 2147 3094 ipse
2176 3039 2286 3078 non
2316 3024 2528 3077 venerit
2559 3038 2748 3093 pacem
2790 3022 2971 3077 facere
2994 3062 3009 3086 ,
3043 3022 3186 3076 hanc
3239 3022 3363 3076 aliis
3394 3036 3616 3076 servare

1958 3135 2001 3193 α
2032 3116 2373 3186 praeceperit.
2404 3114 2468 3168 Et
2497 3113 2774 3184 quomodo
2817 3115 2957 3168 alius
2988 3113 3080 3168 ille
3113 3113 3234 3182 ejus
3270 3127 3451 3168 sermo
3480 3128 3614 3167 con-

2036 3208 2203 3263 stabit
2223 3221 2383 3277 quem
2412 3204 2745 3271 dixit?Quia
2769 3206 2956 3275 suﬁicit
2983 3204 3263 3273 discipulo,
3289 3213 3345 3257 ut
3383 3206 3453 3259 sit
3478 3205 3613 3258 sicut

2034 3301 2283 3370 magister
2313 3298 2429 3368 ejus
2449 3297 2517 3353 ’⁸.

2102 3421 2337 3476 XXVIII.
2366 3420 2561 3476 Petrus
2579 3421 2643 3477 ad
2669 3420 2785 3476 haec
2809 3441 2822 3475 :
2857 3420 3134 3491 Magister,
3168 3420 3368 3489 inquit,
3398 3428 3610 3484 noster,

2032 3518 2123 3587 qui
2155 3524 2274 3571 erat
2297 3531 2463 3571 verus
2493 3516 2760 3586 propheta
2785 3523 2839 3570 et
2876 3517 2960 3571 sui
3000 3516 3057 3568 in
3100 3515 3355 3568 omnibus
3380 3530 3610 3578 memor,

2032 3624 2209 3679 neque
2234 3609 2338 3663 sibi
2366 3608 2643 3663 contraria
2666 3609 2882 3662 locutus
2913 3614 3018 3672 est,
3043 3622 3225 3676 neque
3252 3607 3411 3661 nobis
3435 3606 3504 3660 ab
3524 3606 3612 3662 his

2031 3716 2152 3770 quae
2182 3698 2297 3769 ipse
2326 3699 2548 3769 gerebat
2569 3698 2787 3752 diversa
2813 3697 3113 3752 mandavit.
3145 3696 3301 3762 Quod
3329 3697 3473 3751 enim
3497 3696 3605 3750 ait:

2034 3791 2157 3845 Non
2180 3792 2293 3846 veni
2333 3806 2512 3859 pacem
2541 3792 2747 3845 mittere
2774 3791 2829 3843 in
2874 3800 3073 3844 terram
3091 3828 3107 3853 ,
3151 3789 3241 3849 sed
3262 3789 3530 3858 gladium,
3558 3797 3612 3842 et

2029 3899 2094 3938 ea:
2122 3883 2217 3937 hoc
2248 3882 2488 3938 videbitis
2511 3884 2754 3951 separari
2788 3891 2992 3953 patrem
3023 3898 3056 3934 a
3082 3880 3227 3949 ﬁlio,
3258 3881 3427 3949 ﬁlium
3455 3897 3486 3933 a
3511 3895 3610 3948 pa-

2031 3986 2128 4040 tre,
2171 3977 2341 4030 uirum
2376 3975 2441 4028 ab
2465 3990 2631 4029 uxore
2650 4013 2667 4037 ,
2693 3983 2743 4028 et
2773 3990 2991 4027 uxorem
3035 3989 3067 4025 a
3094 3973 3225 4035 viro,
3257 3981 3307 4024 et
3332 3981 3551 4026 matrem
3572 3989 3608 4025 α

2029 4069 2168 4137 filia,
2187 4068 2357 4137 ﬁliam
2379 4083 2411 4119 a
2436 4075 2625 4126 matre,
2650 4066 2871 4134 fratrem
2894 4082 2926 4117 a
2952 4065 3141 4132 fratre,
3160 4078 3367 4116 socrum
3394 4079 3425 4114 a
3444 4078 3606 4128 nuru,

2030 4160 2257 4212 amicum
2280 4156 2345 4209 ab
2374 4156 2545 4210 amico
2569 4156 2635 4219 ”,
2652 4156 2766 4209 haec
2793 4154 2974 4208 omnia
2992 4153 3274 4207 continent
3299 4151 3602 4205 doctrinam

2028 4251 2204 4322 pacis,
2239 4257 2294 4304 et
2318 4247 2594 4320 quomodo
2616 4288 2631 4311 ,
2666 4248 2815 4302 audi.
2849 4246 3008 4301 Initio
3038 4245 3440 4314 praedicationis
3466 4262 3599 4307 suae,

2027 4350 2215 4414 utpote
2246 4343 2339 4412 qui
2370 4340 2503 4393 velit
2546 4354 2739 4394 omnes
2766 4339 2999 4392 invitare
3027 4344 3081 4391 et
3107 4336 3374 4391 adducere
3407 4336 3474 4391 ad
3515 4353 3605 4391 sa-

2026 4433 2193 4487 lutem
2214 4472 2230 4495 ,
2274 4447 2338 4485 ac
2364 4431 2681 4501 patientiam
2715 4430 2963 4483 laborum
2999 4428 3467 4499 tentationmnque
3504 4429 3605 4482 ha—

1957 4505 2258 4577 I)bendam
2313 4520 2600 4585 suaderet,
2653 4535 2926 4591 pauperes
2980 4518 3354 4584 beatificabat,
3397 4537 3603 4592 eosque

2025 4626 2124 4683 pro
2154 4611 2396 4682 penuria:
2430 4611 2725 4665 tolerantia
2769 4610 3064 4681 adepturus
3092 4628 3215 4668 esse
3244 4615 3603 4684 pollicebatur

2026 4719 2191 4773 regna
2231 4705 2493 4757 ccelorum
2521 4741 2537 4766 ,
2600 4710 2661 4756 ut
2712 4702 2815 4757 sub
2867 4710 3023 4757 tanta
3074 4719 3171 4773 spe
3223 4707 3603 4775 aequanimiter

2028 4792 2365 4865 paupertatis
2384 4792 2622 4863 pondus,
2644 4800 2827 4861 spreta
2856 4792 3158 4862 cupiditate
3180 4803 3483 4865 portarent.
3502 4794 3603 4850 Est

2026 4884 2172 4938 enim
2200 4899 2366 4937 unum
2390 4891 2445 4937 et
2476 4883 2773 4936 maximum
2801 4897 2867 4936 ex
2890 4883 3379 4952 perniciosissimis
3408 4900 3601 4953 pecca-

2017 4977 2115 5041 tis,
2148 4976 2437 5046 cupiditas.
2475 4973 2580 5029 Sed
2600 4982 2655 5029 et
2676 4974 2985 5029 esurientes
3013 4983 3066 5029 et
3096 4976 3345 5031 sitientes
3371 4976 3592 5030 :eternis

2023 5069 2184 5125 bonis
2200 5068 2428 5137 iustitiae
2459 5067 2789 5122 saturandos
2812 5081 2935 5122 esse
2962 5068 3251 5136 promisit,
3283 5076 3343 5120 ut
3380 5074 3599 5138 egesta-

2024 5169 2134 5217 tem
2161 5160 2518 5215 tolerabiliter
2545 5158 2807 5224 ferentes,
2827 5159 2963 5212 nihil
3001 5175 3099 5229 pro
3124 5159 3226 5215 hac
3250 5159 3437 5228 injusti
3463 5175 3595 5228 ope-

2022 5253 2102 5309 ris
2131 5253 2471 5306 molirentur.
2496 5250 2726 5305 Mumlos
2755 5265 2975 5320 quoque
3002 5250 3169 5308 corde
3198 5251 3450 5306 similiter
3471 5251 3596 5305 bea-

2023 5355 2111 5401 tos
2156 5346 2403 5410 dicebat,
2450 5352 2504 5399 et
2555 5360 2649 5413 per
2679 5343 2783 5398 hoc
2826 5344 2993 5399 Deum
3042 5344 3295 5406 visuros,
3341 5352 3396 5397 ut
3429 5358 3594 5398 unus-

2023 5439 2260 5509 quisque
2271 5436 2495 5507 adipisci
2518 5446 2726 5489 tantum
2750 5435 2978 5505 cupiens
2992 5436 3216 5497 bonum,
3238 5436 3591 5505 semetipsum

2024 5546 2054 5583 a
2079 5528 2331 5600 pessimis
2359 5535 2412 5581 et
2440 5526 2665 5597 pollutis
2694 5526 3117 5596 cogitationibus
3144 5526 3467 5581 contineret.

2093 5646 2285 5701 XXIX.
2348 5644 2441 5698 Sic
2484 5658 2612 5714 ergo
2650 5640 2908 5710 magister
2949 5649 3132 5694 noster
3173 5637 3473 5709 discipulos
3521 5637 3588 5693 ad

2020 5760 2063 5792 ²⁹
2090 5759 2225 5813 Ibid.
2259 5758 2350 5820 54.
2385 5757 2475 5819 53;
2504 5755 2637 5811 Luc.
2668 5763 2761 5813 vlt,
2786 5752 2877 5807 53.

3608 5873 3631 5901 ἱ
