4000 6266
393 297 524 352 1265

1237 294 1292 348 S.
1329 291 1719 350 CLEMENTIS
1754 292 1773 345 l
1809 291 1976 347 ROM.
2016 291 2217 348 ΡΟΧΤ.
2257 292 2484 348 OPERA
2523 292 2746 349 DUBIA.

3498 290 3637 346 1264

383 413 704 486 patientiam
733 411 994 475 invitans,
1015 411 1218 465 bonum
1249 410 1399 480 pacis
1424 411 1588 464 etiam
1613 423 1738 463 cum
1769 407 1958 461 labore
1987 411 2034 464 A
2062 404 2158 459 des
2187 421 2214 458 a
2249 407 2569 475 tetnetipso,
2599 403 2874 475 quomodo
2920 401 3132 457 stabis?
3178 400 3414 456 Necesse
3460 409 3546 455 est
3579 409 3639 455 ut

385 505 659 576 patientia:
675 504 940 559 suadebat
967 518 1086 558 esse
1116 501 1464 557 servandum.
1483 500 1521 553 E
1534 501 1814 554 contrario
1827 514 1958 571 vero

385 612 483 654 eos
513 598 606 666 qui
639 597 694 650 in
724 596 932 650 divitiis
957 610 1018 648 ac
1052 595 1267 648 luxuria
1297 593 1683 654 versabantur,
1717 593 1956 662 lugebat,

385 690 480 761 qui
502 690 636 744 nihil
657 689 990 759 pauperibus
1024 686 1429 757 largiebantur,
1461 701 1698 755 arguens
1737 700 1834 738 eos
1871 699 1957 736 ra-

332 771 339 781 ’
384 782 590 836 tionem
622 781 934 835 reddituros
955 820 970 843 ,
1005 779 1132 849 quia
1184 779 1463 848 proximos
1496 792 1626 831 suos
1670 792 1810 846 quos
1838 775 1964 829 dili-

389 889 517 945 gere
546 874 690 928 sicut
717 871 928 941 seipsos
957 870 1278 936 debuerant,
1304 884 1371 922 ne
1403 869 1456 921 in
1486 876 1724 937 egestate
1743 865 1962 935 quidem

390 969 598 1037 positos
630 965 872 1019 miserati
905 971 1053 1018 sunt.
1087 961 1212 1016 Haic
1243 968 1427 1014 autem
1458 960 1652 1014 dicens
1682 960 1819 1012 alios
1843 958 1964 1028 qui-

387 1056 510 1112 dem
563 1055 787 1109 obedire
836 1054 997 1119 fecit,
1042 1054 1179 1108 alios
1229 1068 1358 1106 vero
1408 1051 1641 1105 reddidit
1691 1051 1961 1105 inimicos.

389 1145 754 1200 Credentibus
794 1160 924 1215 ergo
969 1151 1024 1197 et
1071 1142 1453 1197 obedientihus
1523 1155 1711 1210 pacem
1765 1139 1967 1192 habere

390 1234 534 1288 inter
565 1248 624 1287 se
656 1232 888 1286 invicem
917 1231 1093 1298 jubet.
1121 1237 1173 1282 ct
1205 1229 1337 1298 ipsis
1360 1227 1494 1281 dicit
1520 1247 1532 1280 :
1559 1226 1710 1280 Beati
1734 1226 1964 1294 paciﬁci,

389 1324 514 1392 quia
542 1322 644 1390 ipsi
665 1322 766 1390 ﬁlii
792 1321 887 1373 Dei
915 1318 1238 1374 vocabuntur
1255 1319 1321 1374 ³ο.
1351 1317 1448 1374 llis
1477 1324 1655 1372 autem
1678 1357 1692 1380 ,
1727 1317 1819 1386 qui
1857 1331 1967 1370 non

390 1415 566 1469 solum
589 1430 694 1467 non
721 1412 1026 1474 credidere,
1059 1426 1248 1465 verum
1283 1419 1336 1463 et
1368 1409 1672 1465 adversarii
1703 1408 1968 1462 doctrina;

2063 497 2255 560 cadat,
2287 499 2379 566 qui
2428 499 2490 550 in'
2522 497 2820 566 semetipso
2867 495 3148 548 dividitur.
3182 490 3349 546 Omne
3381 493 3522 546 enim
3556 509 3641 546 re-

2059 606 2216 658 gnum
2265 593 2321 643 in
2352 591 2686 657 semetipsum
2713 590 2958 650 divisum,
2993 604 3096 640 non
3127 586 3292 639 stabit
3318 585 3383 640 “.
3415 586 3498 640 Ad
3525 586 3639 642 hac

2061 677 2108 730 si
2133 677 2262 745 quid
2297 678 2530 739 videtur,
2564 677 2754 732 dicito.

2134 767 2348 823 XXXII.
2393 768 2457 821 Et
2489 768 2680 822 Simon
2709 787 2722 822 :
2755 766 3050 821 Stultitiam
3082 775 3230 821 tuam
3261 769 3521 824 demiror.
3548 768 3640 824 Sic

2062 859 2222 914 nobis
2255 861 2503 930 magistri
2525 861 2604 914 tui
2638 861 2800 914 verba
2832 860 3117 929 proponis.
3149 861 3307 929 quasi
3342 871 3550 916 certum
3574 862 3647 918 de

2063 965 2129 1004 eo
2157 951 2416 1006 habeatur
2447 952 2591 1022 quod
2619 952 2887 1021 propheta
2929 951 3028 1015 sit,
3059 968 3222 1021 quem
3254 969 3355 1023 ego
3386 954 3646 1024 perfacile

2065 1039 2441 1097 demonstrare
2463 1058 2709 1112 possum,
2737 1043 2906 1094 multa
2931 1041 3034 1096 sibi
3062 1045 3340 1097 contraria
3372 1045 3640 1102 locutum.

2066 1132 2312 1204 Denique
2352 1151 2418 1189 ex
2456 1135 2577 1198 his,
2616 1151 2740 1206 qua:
2787 1135 2903 1203 ipse
2953 1136 3262 1203 protulisti,
3315 1152 3535 1208 arguam
3567 1148 3642 1195 te.

2067 1225 2162 1282 Ais
2192 1228 2337 1281 enim
2374 1227 2580 1283 dixisse
2603 1242 2728 1282 eum
2753 1267 2769 1291 ,
2802 1243 2951 1279 omne
2997 1244 3211 1296 regnum
3239 1230 3320 1285 vel
3347 1233 3526 1286 omnis
3565 1235 3645 1288 ci-

2067 1317 2209 1374 vitas
2237 1318 2412 1373 divisa
2443 1319 2498 1372 in
2528 1318 2819 1387 semetipsa
2855 1335 2956 1371 non
2981 1319 3163 1373 stabit.
3198 1319 3264 1373 Et
3293 1323 3420 1377 alibi
3447 1323 3643 1378 iterum

2069 1410 2151 1462 ais
2183 1424 2305 1464 eum
2344 1410 2550 1464 dixisse
2572 1449 2586 1474 ,
2613 1410 2740 1480 quia
2783 1409 2898 1478 ipse
2928 1409 3139 1463 miserit
3167 1412 3404 1481 gladium
3431 1455 3445 1478 ,
3471 1425 3530 1470 ut
3559 1432 3650 1470 se-

389 1507 511 1576 ejus
536 1506 663 1559 facti
691 1512 840 1570 sunt,
859 1505 1062 1560 bellum
1086 1502 1238 1557 verbi
1267 1511 1322 1556 et
1353 1501 1750 1556 c0nfutationi3
1779 1499 1972 1554 indicit
2070 1509 2288 1570 pararet
2315 1516 2410 1556 eos
2441 1502 2535 1571 qui
2567 1502 2620 1556 in
2652 1501 2814 1556 domo
2845 1510 2992 1565 sunt,
3019 1502 3092 1556 ita
3123 1511 3183 1558 ut
3209 1504 3482 1560 dividatur
3503 1506 3649 1564 ﬁlius

387 1607 444 1652 et
474 1599 578 1652 ait:
607 1598 747 1664 Quia
769 1613 834 1650 ea:
859 1597 953 1651 hoc
981 1595 1214 1650 videbitis
1259 1595 1498 1664 separari
1530 1595 1701 1661 ﬁlium
1737 1611 1768 1646 a
1792 1598 1964 1663 p'atre,

389 1698 438 1743 et
467 1691 634 1743 uirum
661 1689 725 1742 ab
752 1705 916 1743 uxore
939 1728 953 1751 ,
979 1702 1029 1742 et
1062 1688 1233 1756 ﬁliam
1269 1704 1300 1740 a
1344 1696 1544 1750 matre,
1582 1696 1631 1740 et
1677 1686 1899 1755 fratrem
1935 1703 1968 1738 a

2069 1605 2098 1642 a
2119 1599 2306 1660 patre,
2352 1600 2405 1646 et
2430 1591 2538 1645 lilia
2572 1608 2603 1646 a
2633 1599 2807 1660 matre
2829 1632 2845 1657 ,
2892 1601 2946 1647 et
2978 1591 3145 1647 frater
3176 1609 3206 1647 a
3241 1594 3444 1660 fratre,
3487 1607 3549 1652 ut
3597 1598 3647 1652 si

2073 1682 2275 1737 fuerint
2314 1686 2367 1738 in
2403 1700 2508 1738 una
2541 1683 2705 1741 domo
2733 1686 3005 1756 quinque,
3052 1685 3369 1742 dividantur
3400 1697 3513 1746 tres
3553 1689 3651 1744 a'd-

390 1779 585 1848 fratre,
617 1789 664 1834 et
695 1797 886 1834 nurum
923 1798 954 1833 a
987 1795 1143 1833 socru
1164 1821 1178 1843 ,
1209 1787 1257 1832 et
1289 1779 1491 1832 inimici
1525 1779 1748 1832 hominis
1788 1778 1961 1832 dome-
1997 1757 2041 1812 Β
2071 1793 2288 1832 versum
2311 1777 2474 1843 duos,
2499 1786 2555 1834 et
2583 1779 2692 1834 duo
2717 1779 3002 1835 adversum
3027 1785 3138 1832 tres
3153 1778 3218 1834 ³⁵.
3253 1780 3310 1836 Si
3335 1796 3466 1853 ergo
3487 1798 3652 1838 omne

389 1874 510 1926 stici
549 1873 663 1942 ejus
680 1875 746 1929 ³⁸.
793 1871 852 1927 In
883 1887 1212 1942 unaquaque
1255 1873 1402 1927 enim
1434 1873 1620 1936 domo,
1670 1887 1794 1926 cum
1827 1872 1969 1925 inter

390 1966 706 2020 credentem
735 1973 790 2020 et
820 1981 931 2020 non
962 1966 1274 2020 credentem
1306 1966 1532 2034 cmperit
1568 1980 1692 2020 esse
1738 1964 1968 2020 diversi-

389 2065 496 2122 tas,
527 2058 844 2112 necessario
874 2072 1054 2128 pugna
1086 2057 1164 2120 fit,
1197 2057 1499 2112 incredulis
1530 2056 1746 2127 quidem
1777 2065 1968 2110 contra

391 2147 552 2203 ﬁdem
584 2148 972 2202 dimicantibus
1001 2189 1013 2209 ,
1049 2147 1300 2202 fidelibus
1325 2164 1458 2202 vero
1488 2148 1544 2202 in
1585 2148 1694 2202 illis
1725 2162 1969 2202 errorem

391 2249 652 2303 veterem,
684 2249 737 2294 et
767 2251 1115 2310 peccatorum
1152 2239 1278 2293 vitia
1308 2238 1742 2293 confutantibus.

461 2332 628 2389 XXX.
675 2332 938 2388 Similiter
964 2347 1182 2402 quoque
1225 2332 1390 2386 etiam
1441 2345 1571 2403 erga
1614 2331 1824 2386 scribas
1850 2371 1865 2396 ,
1917 2339 1970 2386 et

390 2424 694 2482 Pharisazos
725 2424 920 2479 ultimo
950 2423 1215 2478 doctrinae
1245 2436 1358 2476 sua:
1389 2429 1634 2493 tempore
1656 2421 1854 2476 bellum
1874 2436 1968 2492 ge-

395 2520 483 2582 rit,
540 2527 772 2586 arguens
809 2527 904 2568 eos
953 2525 1117 2580 super
1159 2512 1370 2566 actibus
1412 2527 1521 2565 non
1567 2511 1724 2566 bonis
1766 2519 1819 2564 et
1851 2524 1961 2563 non

395 2618 542 2665 recta
583 2607 866 2672 doctrina,
908 2614 963 2661 et
1011 2604 1158 2675 quod
1214 2606 1419 2660 clavem
1460 2605 1698 2659 scientias
1731 2620 1892 2675 quam
1932 2619 1962 2657 a

396 2702 583 2771 Moyse
609 2698 858 2752 traditam
885 2707 1261 2767 susceperunt,
1289 2697 1643 2760 occultarent,
1673 2712 1767 2766 per
1801 2711 1964 2765 quam

397 2790 570 2859 possit
599 2788 764 2855 janua
794 2786 941 2856 regni
971 2786 1208 2841 ccelestis
1232 2786 1429 2856 aperiri
1461 2786 1524 2839 ³³.
1553 2783 1654 2840 Sed
1689 2795 1742 2840 et
1771 2802 1868 2839 nos
1896 2786 1963 2839 ad

395 2878 797 2949 prax'it-andum
859 2877 1080 2931 mittens
1144 2875 1407 2929 Dominus
1467 2885 1650 2930 noster
1713 2875 1963 2944 praecepit

397 2969 574 3034 nobis,
611 2976 668 3021 ut
692 2967 746 3022 in
771 2979 1153 3036 quamcunque
1193 2966 1467 3018 civitatem
1500 2964 1583 3018 vel
1614 2961 1836 3016 domum
1880 2964 1957 3014 in-

2069 1870 2213 1938 quod
2243 1868 2529 1935 dividitur,
2563 1870 2712 1925 cadit
2740 1912 2754 1937 ,
2807 1873 2912 1930 iste
2942 1878 3033 1946 qui
3064 1874 3362 1932 divisiones
3386 1872 3517 1928 facit
3555 1889 3649 1928 ca-

2070 1959 2233 2014 dendi
2266 1962 2519 2030 praestitit
2548 1977 2767 2027 causas,
2801 1971 2856 2018 et
2894 1967 2938 2020 si
2970 1966 3097 2021 talis
3126 1975 3230 2029 est,
3255 1963 3445 2034 utique
3472 1964 3650 2019 malus

2069 2060 2173 2108 est.
2207 2053 2287 2106 Ad
2319 2053 2433 2107 haec
2457 2054 2731 2124 responde
2760 2055 2807 2111 si
2842 2063 3020 2125 potes.

2139 2144 2378 2199 XXXIII.
2401 2144 2467 2198 Et
2482 2143 2676 2200 Petrus
2701 2164 2714 2200 :
2742 2144 2863 2199 Non
2888 2155 3092 2203 temere
3111 2146 3362 2219 deroges,
3377 2162 3410 2202 o
3432 2145 3647 2206 Simon.

2071 2237 2155 2292 his
2186 2254 2306 2307 quae
2328 2251 2438 2291 non
2470 2236 2752 2308 intelligis.
2786 2237 2971 2294 Primo
3000 2255 3133 2311 ergo
3163 2239 3521 2311 respondeam
3551 2257 3651 2311 pro

2071 2343 2136 2383 eo
2162 2327 2308 2398 quod
2336 2327 2440 2391 ais,
2483 2343 2572 2383 me
2593 2329 2839 2400 magistri
2864 2331 2970 2385 mei
3005 2331 3169 2386 verba
3200 2346 3524 2402 proponere.
3567 2341 3651 2385 at-

2072 2436 2177 2490 que
2223 2435 2286 2474 ex
2323 2420 2458 2490 ipsis
2497 2435 2561 2475 ea
2584 2457 2602 2485 ,
2647 2421 2715 2475 de
2747 2421 2948 2491 quibus
2995 2422 3308 2488 dubitatur,
3345 2424 3647 2481 absolvere.

2072 2511 2337 2567 Dominus
2387 2523 2570 2567 noster
2610 2513 2832 2568 mittens
2868 2528 2970 2569 nos
3026 2523 3305 2586 apostolos
3349 2515 3418 2569 ad
3455 2516 3650 2584 pracdi-

2072 2603 2328 2669 candum,
2356 2605 2611 2676 praecepit
2637 2605 2818 2669 nobis,
2846 2615 2904 2660 ut
2929 2605 3219 2661 doceamus
3241 2620 3432 2663 omnes
3458 2615 3651 2679 gentes

2072 2693 2139 2749 de
2168 2695 2254 2749 his
2298 2711 2420 2765 qua:
2453 2694 2708 2750 mandata
2739 2702 2868 2752 sunt
2915 2696 3155 2751 nobis".
3184 2695 3370 2767 Neque
3394 2713 3529 2768 ergo
3565 2698 3650 2753 di-

2073 2801 2195 2841 cere
2216 2801 2302 2848 ea,
2336 2793 2396 2840 ut
2421 2787 2489 2840 ah
2511 2787 2630 2856 ipso
2662 2785 2807 2841 dicta
2837 2797 2986 2852 sunt,
3019 2786 3468 2857 possumus.Non
3502 2790 3646 2845 enim

2071 2877 2281 2940 dicere,
2324 2877 2420 2932 sed
2449 2878 2648 2933 docere
2678 2893 2742 2933 ea
2774 2879 2830 2932 in
2862 2880 3133 2936 mandatis
3164 2880 3461 2949 habemus,
3499 2891 3551 2937 et
3583 2900 3650 2939 ex

2074 2970 2208 3040 ipsis
2237 2970 2547 3033 ostendere,
2579 2971 2859 3041 quomodo
2889 2973 3323 3042 unumquodque
3351 2989 3543 3030 eorum
3566 2991 3652 3030 ve-

395 3057 978 3126 troierinius,dieamus
1005 3075 1017 3110 :
1055 3055 1173 3108 Pax
1195 3056 1314 3107 huic
1336 3055 1550 3115 domui;
1585 3063 1631 3107 et
1660 3054 1704 3106 si
1730 3054 1958 3122 quidem,
1998 3097 2042 3154 C
2075 3060 2236 3114 mare
2285 3060 2575 3114 subnixum
2607 3061 2699 3116 sit,
2731 3059 2918 3131 Neque
2949 3077 3141 3118 rursus
3179 3065 3458 3134 proprium
3491 3066 3650 3119 nobis

397 3150 590 3218 inquit,
618 3148 778 3217 fuerit
813 3149 884 3201 ibi
918 3149 1061 3218 ﬁlius
1096 3151 1264 3218 pacis,
1292 3148 1454 3201 veniet
1500 3161 1654 3214 super
1693 3161 1810 3197 eum
1854 3160 1961 3212 pax

394 3251 601 3304 vestra;
629 3242 676 3294 si
709 3255 825 3294 vero
858 3257 957 3293 non
1003 3241 1181 3309 fuerit,
1226 3256 1330 3308 pax
1372 3249 1538 3291 vestra
1565 3237 1633 3290 ad
1677 3254 1762 3291 vos
1794 3254 1959 3290 rever-

396 3345 564 3397 tetur;
594 3341 854 3388 exeuntes
889 3341 1066 3386 autem
1097 3332 1162 3386 de
1191 3333 1351 3385 domo
1387 3331 1468 3384 vel
1499 3331 1564 3384 de
1601 3330 1818 3384 civitate
1845 3330 1955 3396 illa,

395 3435 455 3480 ut
479 3425 643 3479 etiam
677 3423 975 3492 pulverem,
1009 3421 1102 3491 qui
1150 3422 1436 3476 adhaaserit
1465 3421 1689 3488 pedibus
1734 3421 1955 3486 nostris,

394 3516 735 3571 excutiamus
765 3529 928 3583 super
954 3529 1066 3566 eos.
1099 3512 1444 3566 Tolerabilius
1470 3522 1644 3566 autem
1679 3514 1778 3565 erit
1804 3523 1958 3566 terrae

395 3606 741 3664 Sodomorum
770 3615 820 3660 et
855 3605 1310 3659 Gomorrhteorum
1344 3609 1394 3659 in
1430 3607 1515 3659 die
1545 3606 1760 3674 judicii,
1797 3623 1957 3675 quam

393 3699 478 3752 illi
519 3697 723 3750 ciuitati
769 3695 846 3749 vel
889 3693 1070 3747 domui
1101 3695 1164 3748 ³³.
1213 3695 1367 3760 Quod
1394 3697 1578 3765 utique
1619 3697 1692 3750 ita
1736 3697 1956 3751 demum

392 3787 648 3858 praecepit
681 3786 818 3848 ﬁeri,
852 3785 897 3839 si
931 3783 1083 3854 prius
1116 3785 1170 3840 in
1201 3787 1423 3842 civitate
1464 3791 1551 3845 vel
1573 3790 1737 3844 domo
1769 3793 1969 3844 verita-

392 3881 464 3934 tis
487 3894 668 3935 sermo
695 3876 1046 3948 praadicetur,
1075 3894 1140 3933 ex
1166 3895 1274 3949 quo
1296 3882 1380 3935 vel
1410 3883 1738 3952 recipientes
1769 3887 1971 3940 verita-

393 3972 463 4027 tis
491 3970 648 4024 fidem
683 3970 779 4024 lilii
820 3969 972 4038 pacis
1004 3981 1057 4024 et
1088 3970 1182 4024 filii
1229 3971 1321 4026 Dei
1357 3972 1487 4027 ﬁant
1514 4016 1527 4039 ,
1561 3977 1643 4029 vel
1685 3993 1792 4030 non
1828 3980 1967 4034 reci-

393 4066 605 4134 pientes
638 4071 938 4133 arguantur
969 4065 1127 4134 quasi
1155 4065 1361 4120 inimici
1395 4067 1544 4136 pacis
1571 4079 1625 4121 et
1654 4067 1768 4124 Dei.

462 4153 651 4212 XXXI.
685 4155 762 4210 Ita
785 4172 917 4227 ergo
945 4164 1000 4212 et
1033 4173 1136 4212 nos
1173 4159 1419 4230 magistri
1451 4159 1706 4214 instituta
1737 4177 1966 4218 servan-

392 4239 502 4316 tes,
532 4265 721 4320 pacem
753 4251 930 4319 primo
960 4251 1315 4320 proponimus
1347 4253 1712 4318 auditoribus,
1754 4263 1816 4309 ut
1843 4256 1968 4311 abs-

391 4358 497 4410 que
544 4342 652 4395 ulla
686 4341 1102 4410 perturbatione
1135 4344 1305 4412 possit
1353 4344 1440 4397 via
1482 4345 1676 4399 salutis
1720 4348 1964 4416 agnosci.

2076 3150 2278 3222 aliquid
2321 3151 2504 3207 dicere
2537 3154 2867 3222 permissum
2899 3164 3001 3210 est.
3041 3154 3243 3210 Sumus
3273 3156 3417 3211 enim
3455 3157 3648 3221 missi,

2072 3252 2127 3300 et
2159 3244 2472 3299 necessario
2505 3246 2599 3315 qui
2625 3246 2830 3302 missus
2869 3255 2973 3309 est,
3009 3249 3138 3303 illud
3177 3250 3322 3319 quod
3347 3251 3536 3321 jussus
3567 3260 3652 3307 est

2071 3339 2325 3402 nuntiat,
2356 3345 2410 3392 et
2438 3338 2772 3394 voluntatem
2823 3341 3091 3396 mittentis
3138 3343 3381 3410 exponit.
3428 3341 3564 3397 Nam
3602 3346 3650 3400 si

2072 3430 2218 3484 aliud
2257 3429 2458 3495 dicam,
2486 3446 2649 3500 quam
2681 3432 2936 3501 przecepit
2958 3431 3092 3485 mihi
3123 3432 3214 3488 ille
3238 3433 3332 3505 qui
3362 3449 3450 3489 me
3474 3435 3648 3501 misit,

2072 3519 2243 3576 falsus
2271 3536 2367 3576 ero
2395 3521 2697 3591 apostolus,
2723 3522 2818 3591 qui
2843 3537 2954 3575 non
2986 3522 3118 3576 illud
3147 3524 3272 3579 dico
3299 3525 3443 3596 quod
3459 3525 3653 3594 jussus

2071 3628 2193 3666 sum
2224 3613 2428 3677 dicere,
2465 3613 2561 3669 sed
2591 3613 2742 3683 quod
2765 3613 2898 3668 mihi
2929 3614 3164 3671 videtur.
3192 3615 3348 3682 Quod
3370 3617 3465 3688 qui
3497 3618 3648 3681 facit,

2072 3707 2260 3776 utique
2291 3721 2350 3761 se
2381 3707 2659 3760 meliorem
2701 3705 2993 3762 ostendere
3022 3709 3139 3762 vult
3169 3724 3331 3778 quam
3377 3717 3462 3765 est
3489 3711 3580 3766 ille
3618 3726 3652 3766 a

2070 3812 2179 3867 quo
2205 3796 2408 3852 missus
2437 3804 2538 3862 est,
2570 3805 2625 3851 et
2654 3804 2737 3852 est
2770 3798 2887 3852 sine
2935 3797 3104 3854 dubio
3135 3802 3546 3866 praevaricator.
3590 3800 3650 3856 Si

2068 3901 2198 3941 vero
2227 3902 2289 3941 ea
2320 3902 2441 3957 quae
2473 3886 2662 3956 jussus
2691 3896 2776 3942 est
2806 3898 3193 3959 prosequatur,
3220 3907 3520 3961 eorumque
3555 3908 3650 3947 as-

2071 3979 2339 4034 sertiones
2379 3977 2858 4034 manifestissimas
2902 3981 3182 4050 proferat,
3234 3982 3467 4052 apostoli
3511 3997 3652 4052 Opus

2069 4072 2293 4141 exsequi
2320 4069 2624 4137 videbitur,
2655 4071 2804 4141 quod
2852 4087 2954 4142 ego
2989 4089 3137 4128 nunc
3169 4073 3395 4144 implere
3424 4083 3651 4130 conten-

2069 4163 2203 4218 dens
2236 4179 2344 4216 non
2374 4162 2470 4217 tibi
2501 4163 2708 4232 placeo.
2739 4161 2859 4216 Non
2885 4179 3016 4234 ergo
3074 4149 3464 4234 reprehendas,
3502 4167 3649 4235 quod

2069 4255 2189 4323 ejus
2219 4253 2312 4322 qui
2339 4268 2424 4307 me
2446 4253 2594 4308 misit
2622 4255 2898 4323 proferam
2921 4255 3118 4322 verba;
3152 4255 3248 4312 sed
3277 4257 3325 4311 si
3353 4263 3438 4312 est
3461 4259 3515 4310 in
3539 4256 3651 4312 illis

2071 4343 2305 4413 aliquid,
2333 4342 2480 4413 quod
2510 4358 2620 4398 non
2657 4345 2728 4398 sit
2774 4346 2985 4416 integre
3029 4346 3237 4401 dictum
3259 4388 3274 4412 ,
3319 4347 3443 4403 inde
3470 4363 3556 4403 me
3589 4358 3651 4404 ut

391 4429 547 4496 Quod
597 4430 644 4486 si
684 4431 810 4500 quis
869 4432 1020 4502 pacis
1046 4433 1208 4487 verba
1239 4448 1347 4486 non
1380 4436 1612 4504 suscipit
1658 4451 1835 4505 neque
1875 4452 1969 4491 ac-
1998 4429 2045 4488 D
2071 4449 2268 4504 arguas
2316 4435 2479 4499 licet;
2509 4434 2656 4503 quod
2707 4443 2892 4491 tamen
2923 4438 3074 4492 nullo
3110 4439 3270 4493 modo
3300 4439 3416 4496 ﬁeri
3444 4447 3645 4510 potest.

390 4523 624 4593 quiescit
668 4524 932 4588 veritati,
983 4525 1186 4579 scimus
1224 4526 1514 4580 adversum
1550 4543 1674 4581 eum
1725 4545 1960 4598 pugnam

390 4616 542 4671 verbi
587 4632 824 4683 movere,
854 4624 909 4671 et
937 4631 1167 4684 arguere
1198 4620 1380 4674 acrius
1428 4618 1762 4675 confutando
1810 4622 1964 4691 igno-

391 4711 628 4764 rantiam
655 4717 709 4765 et
739 4709 1119 4780 redarguendo
1149 4721 1391 4780 peccata.
1424 4711 1751 4771 Necessario
1797 4717 1963 4786 igitur

393 4818 580 4872 pacem
614 4801 971 4873 proponimus
991 4843 1004 4866 ,
1033 4810 1093 4855 ut
1133 4803 1179 4856 si
1211 4803 1334 4873 quis
1363 4812 1446 4860 est
1482 4805 1625 4860 filius
1653 4808 1824 4877 pacis,
1859 4823 1963 4878 pax

392 4902 580 4949 nostra
606 4896 789 4949 veniat
821 4907 987 4965 super
1014 4909 1162 4955 cum.
1196 4895 1265 4949 ab
1293 4910 1359 4949 eo
1389 4906 1568 4952 autem
1611 4898 1704 4968 qui
1720 4891 1792 4953 'se
1840 4899 1967 4953 alie-

392 5001 524 5041 num
556 4987 707 5056 pacis
735 4985 997 5052 effecerit,
1023 4985 1364 5056 regredietur
1394 4987 1462 5042 ad
1493 5004 1593 5044 nos
1614 5004 1717 5059 pax
1748 4999 1960 5047 nostra:

392 5078 517 5134 Non
548 5093 698 5149 ergo,
740 5087 799 5134 ut
828 5079 938 5144 ais,
987 5094 1261 5136 consensu
1311 5081 1578 5134 malorum
1608 5096 1796 5152 pacem
1835 5098 1965 5152 pro-

393 5169 670 5240 ponimus;
725 5185 850 5224 nam
886 5171 1072 5240 utique
1116 5170 1374 5224 continuo
1412 5170 1511 5224 tibi
1555 5169 1832 5226 dexteram
1881 5172 1970 5226 de-

390 5263 693 5327 dissemus,
723 5264 817 5318 sed
850 5269 908 5316 ut
955 5278 1051 5333 per
1080 5261 1313 5340 quietem
1345 5268 1400 5316 et
1443 5262 1757 5330 patientiam
1801 5263 1972 5317 disse-

392 5357 642 5411 rentibus
677 5357 858 5421 nobis,
886 5357 978 5424 qui
1011 5355 1081 5410 sit
1111 5359 1293 5409 Sermo
1318 5369 1499 5417 verus,
1529 5353 1744 5410 facilius
1769 5355 1838 5409 ab
1868 5370 1966 5408 an-

392 5449 666 5506 ditoribns
697 5452 1070 5522 dignoscatur.
1087 5445 1145 5501 Si
1179 5458 1358 5502 autem
1379 5446 1649 5504 dissideas
1676 5454 1730 5503 et
1753 5449 1963 5502 discor-

2067 4521 2360 4592 (Propheta
2391 4524 2536 4578 enim
2563 4533 2668 4588 est,
2697 4532 2752 4579 et
2782 4528 2884 4581 sibi
2913 4543 3036 4583 esse
3065 4531 3374 4586 contrarius
3416 4545 3524 4585 non
3550 4547 3652 4602 po-

2065 4623 2173 4669 test
2189 4615 2278 4684 ³⁷.)
2308 4615 2416 4668 Aut
2447 4615 2494 4668 si
2519 4631 2628 4670 non
2659 4624 2822 4687 putas
2857 4634 2981 4675 eum
3014 4621 3335 4691 prophetam
3366 4636 3508 4690 esse,
3543 4623 3652 4678 hoc

2066 4707 2241 4777 primo
2273 4707 2611 4776 requiratur.

2142 4795 2378 4852 XXXIV.
2421 4796 2486 4850 Et
2527 4795 2721 4853 Simon
2750 4814 2764 4851 :
2803 4798 2922 4855 Non
2953 4817 3090 4873 opus
3125 4803 3301 4858 habeo
3324 4803 3429 4859 hoc
3464 4803 3651 4868 dicere

2068 4891 2167 4945 abs
2202 4900 2284 4956 te,
2315 4890 2412 4944 sed
2455 4890 2732 4961 quomodo
2763 4893 2868 4947 sibi
2898 4894 3003 4947 ista
3032 4897 3379 4951 conveniant.
3411 4894 3468 4951 Si
3498 4897 3648 4951 enim

2068 4984 2438 5038 inconsonans
2465 4983 2810 5045 ostendetur,
2843 4985 3006 5039 simul
3039 4988 3203 5042 etiam
3234 4989 3496 5059 propheta
3537 5006 3650 5045 non

2069 5090 2193 5131 esse
2211 5074 2520 5130 docebitur.
2546 5072 2686 5128 Tum
2717 5073 2953 5131 Petrus:
2992 5075 3099 5132 Sed
3129 5079 3174 5135 si
3202 5081 3388 5150 prius,
3425 5081 3603 5150 inquit
3629 5123 3646 5142 ,

2070 5167 2364 5224 ostendero
2392 5181 2518 5222 eum
2550 5166 2867 5236 prophetam
2893 5206 2908 5231 ,
2953 5167 3058 5224 hoc
3089 5173 3232 5240 quod
3265 5171 3487 5228 videtur
3520 5189 3647 5228 esse

2073 5262 2468 5323 inconsonans,
2501 5272 2610 5312 non
2638 5260 2766 5320 erit,
2797 5275 2977 5330 neque
3005 5263 3148 5324 enim
3190 5279 3256 5319 ex
3285 5265 3648 5320 consonantia

2070 5355 2194 5424 quis
2229 5351 2491 5423 prepheta
2522 5365 2645 5405 esse
2690 5350 2976 5421 probatur,
3007 5355 3132 5424 quia
3169 5356 3274 5411 hoc
3303 5356 3490 5412 multis
3519 5371 3649 5426 pos-

2072 5445 2230 5501 sibile
2273 5451 2358 5498 est
2409 5439 2624 5507 facere;
2655 5443 2800 5511 quod
2833 5444 2880 5498 si
2918 5447 3279 5501 consonantia
3325 5447 3649 5517 prophetam

487 5586 531 5617 ³⁸
573 5585 764 5641 Matth.
799 5586 928 5652 v.9.
1029 5587 1070 5617 ⁸⁸
1115 5585 1304 5640 Matth.
1337 5601 1390 5646 κ,
1415 5585 1502 5643 54,
1530 5585 1618 5651 '55;
1651 5583 1784 5638 Luc.
1822 5601 1918 5647 xn,
1956 5585 1979 5639 5

2146 5583 2190 5614 "
2229 5580 2417 5635 Matth.
2471 5595 2629 5652 XXIII;
2663 5578 2796 5652 Luc.
2834 5597 2909 5636 ιι.

397 5657 531 5712 Luc.
572 5675 624 5720 χ,
661 5658 714 5721 5,
750 5657 802 5712 6.
840 5649 921 5685 ’³⁵
959 5655 1146 5711 Matth.
1183 5655 1389 5726 ιιι,ἓᾷ
1468 5657 1511 5686 ³⁸
1553 5649 1812 5726 Litt-.xn,
1843 5655 1930 5709 52.

2073 5670 2075 5679 λ
2114 5652 2302 5726 Matth.
2334 5666 2524 5714 xxviii,
2557 5649 2643 5714 19,
2672 5651 2760 5707 20.

401 5732 459 5784 in
485 5738 692 5783 textum
721 5727 1024 5796 recepimus
1052 5743 1118 5780 ex
1137 5726 1313 5782 'codd.
1349 5723 1964 5801 Thuan.,Sorb.,Lipss.
2001 5732 2053 5780 et
2083 5724 2168 5780 all.

2991 5583 3036 5615 ³⁸
3074 5581 3262 5637 Matth.
3301 5589 3358 5647 x',
3448 5583 3646 5649 I245;

2861 5655 2924 5728 "'_
2945 5651 3221 5709 Vocabula
3250 5653 3404 5710 uncis
3428 5654 3646 5709 inclusa
