4000 6266
365 373 507 430 «εδδ

1561 381 2132 442 RECOGNITIONUM
2168 385 2298 442 LIB.
2336 384 2394 440 II.

3489 393 3630 452 ηδε

365 507 477 548 non
522 491 688 556 facit,
739 492 912 546 multo
964 493 1138 564 magis
1171 509 1271 549 nec
1307 495 1748 554 inconsonantia.
1798 499 1938 566 Quia
1969 504 2012 561 A
2046 498 2192 570 quod
2238 515 2338 569 pro
2383 500 2686 556 assertione
2743 500 2940 556 horum
3004 503 3289 558 innumera
3335 505 3628 567 verborum

364 600 497 655 ergo
532 585 701 638 multa
737 593 903 648 sunt,
953 601 1077 655 quae
1103 587 1355 643 videmur
1381 590 1602 659 quidem
1643 593 1944 648 ineonsona

367 693 490 732 esse
512 676 810 739 nonnullis,
840 676 1042 732 habent
1071 685 1251 732 tamen
1275 680 1630 748 profundiore
1651 685 1863 741 ratione
1888 687 1944 742 in

365 771 676 840 semetipsis
699 771 1140 836 consonantiam,
1163 772 1306 826 sicut
1337 781 1390 828 et
1422 777 1525 830 alia
1549 793 1670 847 qua:
1695 778 1946 834 videntur

366 861 568 917 habere
613 863 1068 926 consonantiam,
1119 864 1373 920 discussa
1423 866 1737 934 diligentius
1795 871 1946 928 inve-

366 955 593 1008 niuntur
633 953 937 1009 ineonsona
963 993 978 1018 ,
1008 954 1111 1009 hac
1140 956 1208 1012 de
1248 972 1416 1014 causa
1465 961 1626 1015 aliam
1660 979 1771 1018 non
1811 974 1946 1035 puto

366 1046 651 1102 rectiorem
682 1062 808 1103 esse
851 1049 997 1102 viam
1029 1048 1097 1102 ad
1136 1049 1332 1104 horum
1381 1052 1706 1120 discrimen,
1737 1057 1845 1111 nisi
1885 1066 1945 1112 ut

362 1135 517 1206 prius
544 1131 964 1208 cognoscamus,
995 1140 1043 1195 si
1071 1140 1119 1196 is
1165 1141 1260 1211 qui
1289 1142 1505 1199 loeutus
1533 1155 1618 1200 est
1639 1162 1702 1202 ea
1723 1164 1844 1218 quae
1863 1150 1945 1203 vi-

362 1229 567 1284 dentur
602 1231 936 1296 inconsona,
971 1233 1235 1304 prepheta
1264 1237 1354 1292 sit.
1390 1237 1445 1291 Si
1480 1240 1622 1294 enim
1670 1242 1944 1297 invenitur

365 1324 630 1393 propheta
677 1339 800 1380 esse
824 1365 839 1390 ,
871 1327 1054 1380 omnia
1104 1328 1197 1382 illa
1225 1345 1346 1399 quae
1377 1331 1627 1387 videntur
1675 1334 1780 1390 sibi
1821 1351 1945 1391 esse

359 1417 674 1482 contraria,
714 1424 936 1474 constat
977 1420 1179 1476 habere
1210 1426 1662 1489 consonantiam,
1699 1427 1794 1482 sed
1834 1444 1942 1482 non

361 1508 617 1579 intelligi.
645 1508 719 1565 De
749 1510 834 1566 bis
860 1527 990 1582 ergo
1025 1514 1385 1582 probamenta
1424 1519 1631 1573 rectius
1667 1521 1943 1591 requiren-

363 1608 475 1654 tur.
502 1598 613 1654 Nos
639 1603 784 1656 enim
821 1606 1054 1675 apostoli
1090 1607 1236 1664 illius
1268 1611 1364 1679 qui
1412 1627 1515 1666 nos
1545 1613 1728 1679 misit,
1773 1615 1942 1669 verba

360 1708 634 1761 exponere
662 1695 818 1752 missi
849 1713 1040 1755 sumus
1071 1709 1129 1754 et
1166 1700 1437 1759 aﬂirmare
1463 1707 1788 1771 sententias,
1813 1723 1943 1776 pro-

361 1786 539 1854 prium
559 1802 686 1842 vero
707 1787 886 1845 dicere
909 1792 1112 1862 aliquid
1145 1811 1254 1852 non
1279 1797 1544 1854 habemus
1566 1800 1620 1854 in
1644 1803 1939 1870 mandatis,

359 1878 457 1932 sed
484 1878 775 1935 verborum
805 1882 984 1946 illius,
1021 1893 1081 1939 ut
1112 1887 1246 1952 dixi,
1285 1891 1497 1959 aperire
1520 1892 1827 1949 veritatem.

437 1968 652 2026 XXXV.
695 1971 760 2027 Et
796 1975 984 2028 Simon
1015 1978 1090 2030 ait
1129 1995 1140 2029 :
1175 1978 1318 2036 Doce
1347 1997 1478 2053 ergo
1511 1997 1633 2051 nos,
1662 1987 1938 2055 quomodo

361 2067 672 2130 conveniat,
699 2074 757 2121 ut
781 2068 827 2123 is
850 2070 944 2138 qui
969 2070 1267 2129 divisiones
1307 2074 1460 2140 facit,
1487 2093 1608 2146 quae
1638 2079 1937 2139 divisiones

361 2158 559 2214 cadere
597 2159 800 2215 faciant
824 2177 921 2218 eos
941 2165 1035 2233 qui
1062 2165 1399 2232 dividuntur,
1432 2169 1514 2223 vel
1546 2170 1723 2227 bonus
1751 2173 1937 2228 videa-

365 2259 476 2312 tur,
507 2251 591 2306 vel
630 2251 698 2305 ad
742 2252 1032 2309 hominum
1074 2257 1303 2312 salutem
1328 2260 1568 2315 venisse.
1614 2261 1680 2315 Et
1705 2263 1932 2321 Petrus:

360 2343 526 2407 Audi,
560 2346 833 2414 quomodo
863 2349 1123 2416 magister
1167 2357 1358 2406 noster
1397 2368 1556 2409 omne
1593 2371 1844 2428 regnum,
1883 2366 1937 2414 et

361 2450 583 2491 omnem
611 2435 831 2492 domum
862 2438 1094 2495 divisam
1125 2442 1415 2498 adversum
1449 2448 1820 2518 semetipsam,
1853 2449 1935 2504 di-

357 2530 441 2583 xit
489 2538 634 2585 stare
683 2546 794 2587 non
836 2549 1017 2604 posse.
1068 2535 1181 2591 Hoc
1231 2546 1413 2595 autem
1459 2556 1581 2595 cum
1629 2544 1746 2614 ipse
1785 2545 1933 2612 fecit,

355 2620 483 2677 vide
508 2623 782 2691 quomodo
806 2625 873 2680 ad
908 2627 1140 2683 salutem
1175 2629 1352 2686 cedat.
1390 2632 1449 2687 In
1479 2648 1664 2691 errore
1699 2638 1935 2708 positum

356 2715 549 2769 mundi
592 2730 839 2786 regnum,
887 2720 970 2774 vel
1018 2735 1456 2794 unamquamque
1507 2727 1562 2780 in
1605 2743 1671 2783 eo
1712 2729 1933 2787 domum

357 2807 529 2861 verbo
562 2808 802 2866 veritatis
834 2804 1046 2877 dividit,
1077 2817 1268 2884 procul
1300 2816 1468 2872 dubio
1510 2826 1570 2874 ut
1598 2821 1758 2877 cadat
1781 2838 1938 2879 error

357 2909 416 2955 et
439 2901 640 2956 veritas
673 2913 878 2974 regnet.
909 2906 1064 2974 Quod
1096 2911 1144 2965 si
1178 2912 1340 2966 alicui
1381 2915 1594 2969 accidat
1633 2917 1841 2983 domui,
1874 2931 1933 2973 ut

353 3006 521 3046 error
567 2992 910 3053 introductus
952 3015 1048 3069 per
1091 3003 1326 3073 aliquem
1372 3006 1578 3062 dividat
1624 3009 1930 3075 veritatem,

356 3098 490 3137 cum
535 3100 691 3140 errcr
739 3087 1060 3156 obtinuerit,
1094 3102 1302 3150 certum
1341 3106 1426 3154 est
1470 3099 1751 3157 veritatem
1788 3112 1934 3160 stare

358 3192 476 3230 non
516 3192 698 3248 posse.
752 3179 818 3234 Et
850 3179 1077 3238 Simon:
1108 3186 1214 3243 Sed
1274 3193 1542 3247 incertum
1595 3203 1701 3260 est,
1748 3204 1931 3252 utrum
1961 3201 2002 3258 C

358 3266 628 3336 magister
664 3276 846 3325 vester
885 3277 1366 3334 errorem-dividat
1396 3296 1465 3336 an
1497 3283 1799 3342 veritatem.
1867 3285 1932 3341 Et

359 3355 594 3416 Petrus:
621 3361 770 3417 Istud
798 3364 1021 3422 alterius
1040 3371 1359 3438 quaastionis
1381 3383 1483 3430 est.
1512 3374 1616 3432 Sed
1646 3378 1693 3434 si
1720 3387 1934 3436 constat

359 3450 511 3520 apud
539 3459 611 3517 te,
645 3456 774 3524 quia
802 3471 964 3514 omne
995 3461 1141 3530 quod
1186 3463 1422 3519 divisum
1455 3468 1617 3524 fuerit
1643 3471 1807 3538 cadit,
1839 3489 1934 3529 su-

360 3549 549 3609 perest
570 3551 629 3597 ut
651 3547 953 3614 ostendam,
981 3549 1028 3605 si
1058 3557 1271 3607 tantum
1303 3569 1425 3609 cum
1453 3571 1586 3626 pace
1611 3561 1802 3617 audire
1829 3564 1929 3627 vis,

359 3633 512 3702 quod
543 3632 705 3692 Jesus
750 3647 940 3696 noster
970 3658 1214 3699 errorem
1253 3645 1502 3704 diviserit
1531 3664 1597 3707 ac
1627 3653 1930 3721 resolverit,

357 3722 615 3779 docendo
638 3730 944 3786 veritatem.

435 3815 673 3874 XXXVI.
709 3821 847 3877 Tum
880 3823 1068 3882 Simon
1095 3844 1107 3880 :
1131 3827 1352 3897 Omitte,
1395 3833 1593 3906 inquit,
1625 3853 1930 3895 sermonem

358 3909 518 3978 pacis
550 3908 865 3980 frequenter
895 3916 1116 3983 iterare,
1145 3921 1274 3990 quid
1301 3940 1429 3978 vero
1461 3928 1532 3980 sit
1571 3928 1715 3998 quod
1760 3933 1932 3987 sentis

357 4007 460 4051 aut
508 4002 704 4068 credis,
743 4004 980 4062 breviter
1025 4025 1256 4081 expone.
1308 4014 1372 4069 Et
1421 4015 1615 4075 Petrus
1643 4021 1758 4079 ait:
1790 4022 1932 4089 Quid

354 4096 525 4150 times
580 4096 774 4151 crebro
819 4100 1010 4155 audire
1049 4103 1120 4159 de
1167 4107 1340 4175 pace?
1391 4118 1485 4164 aut
1539 4111 1759 4183 ignoras
1803 4117 1930 4187 quia

357 4187 627 4259 perfectio
655 4189 790 4260 legis
815 4207 920 4261 pax
949 4197 1073 4250 est?
1105 4212 1169 4252 ex
1198 4203 1439 4268 peccatis
1489 4205 1634 4259 enim
1666 4207 1804 4262 bella
1835 4224 1933 4263 na-

355 4287 596 4336 scuntur
621 4289 674 4336 et
700 4285 1024 4351 certamina,
1058 4289 1152 4343 ubi
1185 4298 1364 4347 autem
1395 4305 1679 4363 peccatum
1712 4316 1816 4354 non
1852 4301 1928 4366 fit,

351 4385 466 4443 pax
494 4379 580 4426 est
597 4372 788 4428 animae
811 4391 822 4426 :
852 4377 945 4431 ubi
972 4394 1104 4433 vero
1125 4397 1227 4450 pax
1254 4393 1358 4448 est,
1387 4385 1442 4439 in
1472 4388 1930 4457 disputationibus

353 4464 587 4528 veritas,
623 4465 677 4519 in
707 4467 964 4536 operibus
1015 4469 1227 4539 justitia
1276 4475 1568 4533 invenitur.
1620 4479 1683 4533 Et
1709 4480 1925 4538 Simon:

362 4552 580 4610 Videris
627 4557 758 4610 mihi
801 4573 910 4613 non
961 4576 1121 4631 posse
1153 4566 1392 4634 profiteri
1436 4571 1582 4639 quod
1625 4576 1816 4630 sentis.
1867 4574 1931 4628 Et

355 4642 600 4700 Petrus:
637 4645 843 4716 Dicam,
892 4667 958 4707 ex
1005 4655 1232 4711 arbitrio
1281 4668 1480 4727 tamen,
1517 4681 1624 4722 non
1673 4674 1782 4728 tuis
1811 4691 1931 4730 ver-

358 4734 526 4787 sutiis
557 4747 800 4794 coactus.
852 4739 1028 4812 Cupio
1067 4747 1213 4799 enim
1257 4753 1402 4818 quod
1448 4755 1688 4815 salutare
1718 4771 1770 4816 et
1802 4767 1932 4822 utile

356 4831 450 4879 est
481 4829 735 4886 omnibus
781 4832 977 4889 adduci
1026 4836 1082 4891 in
1128 4841 1398 4909 notitiam,
1431 4854 1484 4901 et
1526 4849 1646 4905 ideo
1688 4856 1932 4924 proferre

354 4930 530 4986 quam
590 4919 912 4980 brevissime
972 4944 1082 4983 non
1135 4935 1409 4992 morabor.
1466 4937 1614 4997 Unus
1645 4919 1727 5000 est
1764 4947 1927 5015 Deus,

359 5009 621 5079 idemque
662 5015 914 5070 conditor
961 5022 1184 5089 mundi,
1227 5026 1414 5095 justus
1458 5030 1658 5100 judex,
1708 5046 1760 5092 et
1803 5009 1929 5095 uni;

357 5099 563 5169 cuique
590 5118 689 5173 pro
722 5109 930 5164 actibus
961 5112 1076 5168 suis
1105 5118 1430 5189 quandoque
1462 5127 1774 5185 restituens.
1810 5132 1928 5187 Jam

357 5208 496 5247 vero
532 5210 629 5264 pro
672 5203 971 5259 assertione
1015 5207 1232 5275 horum,
1280 5213 1394 5268 scio
1436 5217 1719 5276 innumera
1770 5242 1932 5295 posse

356 5283 656 5338 verborum
684 5289 847 5344 millia
876 5302 1224 5356 commoveri.

433 5373 699 5434 XXXVII.
743 5380 808 5435 Et
846 5383 1031 5442 Simon
1065 5392 1176 5449 ait:
1211 5393 1377 5452 Miror
1417 5400 1636 5470 quidem
1673 5408 1931 5463 velocita-

358 5475 473 5520 tem
504 5469 704 5542 ingenii
730 5477 830 5542 tui,
863 5495 973 5534 non
1002 5489 1180 5541 tamen
1205 5492 1503 5561 amplector
1530 5514 1768 5558 errorem
1808 5505 1928 5562 fidei

359 5568 503 5627 tuae;
543 5567 840 5634 prudenter
868 5573 1013 5628 enim
1041 5582 1361 5651 prtevidisti,
1389 5591 1532 5658 quod
1577 5594 1674 5650 tibi
1707 5607 1930 5656 contra-

357 5653 472 5707 dici
519 5661 720 5727 possit,
761 5671 814 5718 et
848 5669 1054 5753 urbane
1096 5673 1147 5728 id
1183 5676 1343 5734 etiam
1390 5653 1506 5753 ipse
1536 5688 1818 5756 professus
1849 5710 1906 5751 es

451 5835 498 5864 ³⁸
536 5838 667 5895 Gen.
726 5860 809 5911 tu,
859 5848 910 5902 5.

2045 589 2216 642 millia
2246 589 2645 655 movebuntur;
2685 590 2821 644 nulli
2849 590 2995 644 enim
3033 591 3330 646 concordat
3360 592 3632 664 professio

2055 678 2179 734 fidei
2227 686 2354 733 ture.
2402 678 2644 750 Denique
2691 681 2838 752 quod
2872 699 3016 738 unus
3047 682 3121 737 sit
3155 681 3322 748 Deus,
3356 686 3516 755 cujus
3560 688 3631 742 sit

2043 785 2181 839 opus
2231 769 2491 835 mundus,
2543 771 2648 825 hoc
2693 773 2930 842 primum
2986 774 3109 844 quis
3168 776 3436 846 recipiat?
3493 787 3629 848 puto

2044 862 2174 931 quia
2220 878 2397 932 neque
2425 878 2761 934 paganorum
2791 866 3106 936 quisquam,
3143 868 3396 936 quamvis
3437 868 3528 925 ille
3555 872 3629 926 sit

2045 951 2236 1016 idiota,
2278 954 2725 1024 philosophorum
2770 966 2950 1011 autem
2999 959 3223 1014 omnino
3273 963 3481 1025 nullus,
3529 961 3623 1019 sed

2043 1059 2145 1098 nec
2171 1044 2483 1100 Iudaeorum
2515 1048 2732 1117 quidem
2777 1049 3224 1121 imperitissimus
3255 1057 3544 1127 quisquam
3574 1065 3627 1113 et

2043 1136 2409 1200 miserrimus,
2451 1155 2627 1208 neque
2651 1155 2750 1210 ego
2788 1141 2905 1212 ipse
2934 1143 3029 1214 qui
3059 1160 3248 1199 eorum
3287 1147 3457 1218 legem
3486 1148 3624 1205 bene

2045 1227 2194 1281 novi.
2237 1225 2301 1280 Et
2328 1227 2560 1285 Petrus:
2597 1227 3058 1304 Omitte,’inquit,
3102 1237 3387 1307 opiniones
3425 1240 3625 1295 absen-

2001 1317 2004 1320 ί
2042 1319 2216 1384 tium,
2258 1320 2352 1374 tibi
2406 1322 2536 1391 quid
2578 1322 2815 1390 videtur,
2847 1339 3088 1395 praesens
3128 1333 3384 1399 praesenti
3434 1332 3623 1390 dicito.

2042 1406 2181 1466 Tum
2225 1412 2414 1468 Simon
2446 1430 2458 1466 :
2490 1413 2744 1482 Possum,
2777 1417 2984 1488 inquit,
3016 1436 3288 1491 exponere
3317 1425 3469 1494 quod
3501 1441 3625 1480 vere

2041 1504 2240 1570 sentio,
2291 1507 2386 1562 sed
2437 1507 2730 1578 pigriorem
2778 1525 2865 1566 me
2917 1510 3049 1567 facit
3095 1513 3187 1568 illa
3227 1516 3620 1584 consideratio,

2044 1597 2171 1666 quia
2197 1597 2241 1653 si
2269 1597 2482 1668 dixero,
2513 1603 2659 1672 quod
2683 1618 2862 1673 neque
2885 1605 2984 1659 tibi
3014 1606 3086 1660 sit
3117 1622 3420 1662 consonum
3444 1627 3624 1682 neque

2042 1689 2208 1760 vulgo
2257 1691 2385 1746 huic
2433 1693 2686 1764 imperito
2737 1705 2946 1751 rectum
3001 1698 3237 1767 videtur,
3288 1709 3345 1755 tu
3400 1704 3620 1773 quidem

2043 1782 2200 1849 quasi
2259 1783 2714 1857 obstupefactus,
2770 1802 2933 1844 aures
2988 1793 3252 1847 continuo
3316 1794 3621 1852 obcludens

1974 1853 2015 1908 Β
2045 1872 2190 1926 velut
2223 1890 2289 1928 ne
2322 1875 2657 1946 blasphemia
2690 1880 3022 1950 polluantur,
3061 1886 3290 1941 verteris
3325 1887 3381 1941 in
3413 1887 3618 1958 fugam,

2040 1963 2168 2034 quia
2200 1966 2346 2035 quod
2372 1970 2705 2040 respondeas
2735 1988 2844 2027 non
2876 1973 3144 2043 invenies,
3177 1980 3410 2047 populus
3441 1989 3619 2036 autem

2047 2055 2445 2115 irrationabilis
2482 2070 2795 2121 assentatus
2841 2065 2963 2132 tibi,
2992 2076 3044 2123 te
3073 2070 3291 2138 quidem
3327 2073 3622 2143 amplecte-

2040 2152 2150 2211 tur,
2192 2151 2349 2220 quasi
2393 2168 2456 2207 ea
2488 2154 2774 2212 docentem
2819 2174 2939 2228 qua:
2989 2159 3042 2214 in
3078 2178 3182 2217 usu
3229 2165 3309 2218 eis
3342 2172 3495 2230 sunt,
3528 2183 3614 2222 me

2039 2253 2169 2292 vero
2198 2243 2657 2313 exsecrabuntur,
2691 2247 2857 2302 veluti
2888 2265 3030 2304 nova
3061 2251 3304 2320 qumdam
3342 2261 3504 2324 atque
3520 2256 3616 2318 jn-

2041 2331 2225 2385 audita
2250 2333 2619 2403 profitentem,
2651 2355 2941 2408 meumque
2970 2357 3210 2398 errorem
3242 2345 3435 2401 alienis
3466 2363 3618 2402 men-

2042 2422 2192 2476 tibus
2224 2419 2570 2482 inferentem.

2118 2511 2405 2571 XXXVIII.
2449 2516 2585 2572 Tum
2614 2517 2809 2576 Petrus
2832 2538 2844 2574 :
2871 2520 3128 2596 Nunquid
3172 2539 3282 2579 non
3312 2537 3391 2593 tu,
3424 2528 3480 2582 in
3507 2545 3616 2601 quo

2038 2621 2139 2659 nos
2171 2607 2491 2672 aceusabas,
2523 2608 2640 2679 ipse
2669 2614 2988 2683 ambagibus
3021 2616 3211 2686 uteris,
3243 2620 3380 2674 nihil
3408 2621 3617 2678 habens

2039 2697 2182 2767 q‘uod
2217 2699 2414 2757 afferas
2443 2704 2732 2758 veritatis?
2769 2688 2862 2758 aut
2890 2705 2937 2761 si
2967 2706 3158 2773 babes,
3192 2709 3370 2780 incipe
3408 2713 3616 2786 absque

2039 2791 2482 2861 circuitionibus,
2533 2796 2578 2852 si
2628 2807 2839 2852 tantum
2885 2799 3118 2858 conﬁdis
3151 2822 3163 2857 :
3200 2812 3254 2860 et
3300 2807 3347 2862 si
3395 2809 3616 2878 quidem

2039 2898 2151 2938 non
2182 2885 2491 2954 placuerint
2522 2888 2685 2943 alicui
2729 2892 3039 2947 auditorum
3070 2911 3190 2966 quae
3216 2897 3376 2964 dicis,
3420 2901 3614 2958 absce-

2038 2975 2150 3040 det,
2187 2976 2282 3047 qui
2313 2993 2444 3034 vero
2473 2982 2896 3049 permanserint,
2927 2993 3192 3055 cogentur
3219 2990 3615 3050 assertionibus

2040 3066 2154 3122 tuis
2203 3069 2436 3138 probare
2481 3072 2627 3142 quod
2658 3087 2846 3128 verum
2892 3087 2999 3131 est.
3041 3075 3222 3148 Incipe
3278 3081 3442 3151 igitur
3467 3087 3615 3155 quod

2040 3157 2137 3212 tibi
2175 3168 2386 3215 rectum
2430 3162 2666 3227 videtur,
2710 3180 3003 3235 exponere.
3047 3168 3112 3222 Et
3145 3169 3332 3227 Simon
3361 3174 3476 3228 ait:
3503 3175 3616 3249 Ego

2037 3250 2164 3304 dico
2210 3253 2416 3308 multos
2459 3269 2581 3311 esse
2612 3256 2765 3320 deos,
2798 3274 2964 3312 unum
3000 3267 3182 3316 tamen
3229 3279 3353 3320 esse
3405 3267 3616 3324 incom-

2035 3341 2460 3408 prehensibilem
2494 3352 2661 3414 atque
2689 3347 2948 3402 omnibus
2994 3349 3356 3421 incognitum,
3385 3353 3613 3412 horum-

2033 3447 2140 3501 que
2194 3436 2439 3490 omnium
2490 3435 2716 3491 deorum
2750 3436 2941 3494 Deum.
2988 3440 3125 3496 Tum
3159 3442 3354 3502 Petrus
3386 3467 3399 3502 :
3431 3446 3611 3513 Hunc,

2036 3523 2243 3592 inquit,
2277 3543 2441 3597 quem
2466 3529 2606 3584 dicis
2635 3545 2756 3585 esse
2807 3532 3413 3603 incomprehensibilem
3446 3550 3501 3597 et
3529 3541 3614 3597 in-

2033 3619 2312 3688 cognitum
2345 3620 2601 3676 omnibus
2630 3619 2821 3686 Deum,
2845 3638 2913 3679 ex
2952 3623 3255 3698 Scripturis
3289 3630 3606 3690 Iudaeorum

2033 3721 2155 3775 quae
2188 3707 2242 3760 in
2271 3710 2598 3766 auctoritate
2625 3711 2919 3779 habentur,
2955 3719 3187 3786 probare
3209 3729 3386 3791 potes,
3437 3741 3504 3778 an
3544 3741 3608 3782 ex

2035 3796 2158 3852 aliis
2181 3798 2477 3871 aliquibus,
2505 3820 2643 3874 quas
2660 3821 2850 3865 omnes
2873 3810 3212 3882 ignoramus,
3233 3827 3299 3866 an
3322 3829 3387 3868 ex
3406 3812 3611 3871 Graecis

2034 3891 2373 3956 auctoribus,
2423 3908 2492 3948 an
2541 3911 2606 3950 ex
2651 3899 2761 3955 tuis
2807 3901 3096 3971 scripturis
3145 3906 3424 3974 propriis?
3452 3906 3613 3962 Certe

2032 3992 2100 4033 ex
2125 3981 2541 4056 quibuscunque
2570 3988 2677 4052 vis,
2715 3991 2908 4057 dicito,
2940 3992 3012 4046 ita
3049 4000 3231 4048 tamen
3270 4005 3323 4049 ut
3355 4000 3611 4056 ostendas

2032 4085 2126 4125 eas
2149 4073 2302 4142 prius
2329 4090 2452 4131 esse
2483 4081 2859 4149 propheticas;
2903 4085 2978 4138 ita
3010 4086 3154 4139 enim
3187 4087 3297 4153 fiet,
3333 4099 3393 4144 ut
3422 4105 3612 4146 earum

2035 4162 2344 4218 indubitata
2384 4168 2651 4227 habeatur
2684 4182 3003 4237 auctoritas.

2109 4253 2349 4314 XXXIX.
2393 4260 2457 4316 Et
2499 4263 2686 4322 Simon
2725 4271 2799 4324 ait
2827 4289 2839 4323 :
2871 4273 2949 4328 Ex
2992 4276 3446 4346 legi-Judteorum
3493 4283 3610 4338 sola

2040 4347 2379 4407 assertiones
2424 4354 2711 4414 adhibebo.
2744 4361 3010 4420 Omnibus
3040 4369 3184 4421 enim
3212 4371 3306 4440 qui
3335 4373 3611 4444 religionis

2033 4453 2220 4495 curam
2258 4454 2472 4513 gerunt,
2511 4451 2859 4509 manifestum
2895 4465 2979 4513 est
3011 4462 3180 4516 totius
3211 4477 3334 4517 esse
3372 4467 3611 4521 auctori-

1961 4549 2010 4611 υ
2035 4531 2164 4587 tatis
2196 4533 2336 4589 hanc
2370 4537 2563 4608 legem,
2600 4558 3044 4619 unumquemque
3086 4561 3265 4609 tamen
3307 4558 3608 4615 secundum

2033 4628 2314 4696 proprium
2363 4646 2585 4687 sensum
2629 4636 3041 4709 intelligentiam
3095 4647 3226 4718 legis
3263 4649 3427 4719 hujus
3464 4654 3610 4707 acci-

2033 4732 2180 4787 pere.
2212 4719 2289 4773 Ita
2318 4722 2460 4776 enim
2495 4724 2563 4778 ab
2584 4740 2649 4780 eo
2673 4730 2766 4798 qui
2801 4734 3062 4788 mundum
3097 4738 3362 4801 condidit,
3398 4744 3605 4813 scripta

2032 4813 2138 4875 est,
2170 4816 2228 4861 ut
2274 4810 2332 4865 in
2382 4812 2500 4882 ipsa
2547 4831 2728 4872 rerum
2777 4821 2913 4877 ﬁdes
2959 4825 3241 4882 habeatur.
3294 4829 3450 4885 Unde
3492 4810 3607 4889 sive

2039 4900 2164 4966 quis
2205 4916 2355 4966 vera,
2407 4904 2522 4960 sive
2554 4908 2716 4962 etiam
2760 4910 2896 4967 falsa
2935 4917 3182 4984 proferre
3211 4921 3357 4987 velit,
3401 4923 3607 4994 absque

2033 4990 2136 5044 bac
2189 4992 2304 5058 lege
2362 4994 2508 5051 nulla
2569 5000 2866 5071 recipietur
2921 5011 3177 5066 assertio.
3239 5012 3378 5079 Quia
3437 4990 3606 5086 igitur

2034 5082 2263 5136 scientia
2294 5099 2412 5139 mea
2441 5087 2757 5156 plenissime
2787 5111 2911 5149 cum
2948 5099 3065 5168 lege
3099 5104 3417 5172 concordat,
3451 5115 3601 5162 recte

2035 5172 2236 5228 multos
2272 5189 2394 5230 esse
2435 5183 2780 5247 pronuntiavi
2827 5187 2990 5252 deos,
3042 5208 3274 5261 quorum
3326 5213 3469 5253 unus
3518 5210 3604 5253 est

2029 5263 2359 5320 eminentior
2386 5276 2439 5322 et
2466 5269 3054 5347 incomprehensibilis,
3089 5284 3206 5353 ipse
3232 5287 3327 5357 qui
3351 5297 3436 5343 est
3461 5288 3602 5345 Deus

2031 5348 2276 5406 deorum.
2343 5353 2498 5420 Quod
2563 5369 2742 5417 autem
2819 5370 2974 5424 multi
3017 5348 3128 5428 sint
3167 5348 3273 5441 dii,
3335 5378 3451 5448 ipsa
3515 5396 3602 5436 me

2030 5437 2246 5494 edocuit
2275 5443 2382 5498 lex.
2420 5445 2603 5504 Primo
2629 5454 2851 5522 quidem
2885 5459 2975 5514 ubi
3010 5477 3074 5516 ex
3107 5437 3599 5540 persona-serpen-

2031 5531 2103 5584 tis
2129 5532 2329 5588 dicitur
2358 5538 2422 5593 ad
2456 5540 2647 5608 Evam,
2677 5548 2905 5616 primam
2931 5555 3214 5611 mulierem
3245 5575 3256 5609 :
3283 5559 3600 5635 Quacunque

2034 5620 2119 5676 die
2144 5626 2583 5689 manducaveritis
2628 5637 2690 5690 de
2715 5637 2855 5709 ligno
2885 5645 3089 5699 sciendi
3109 5645 3300 5703 bonum
3328 5663 3378 5706 et
3400 5655 3596 5709 malum

2033 5715 2176 5770 eritis
2207 5719 2341 5775 sicut
2370 5721 2446 5778 dii
2475 5725 2539 5791 ⁸⁸,
2571 5727 2669 5784 hoc
2696 5743 2799 5797 est,
2835 5737 2976 5792 sicut
3005 5737 3057 5792 hi
3084 5741 3175 5810 qui
3209 5741 3480 5803 hominem
3513 5746 3595 5803 fc-
