4000 6266
453 367 591 425 1267

1311 366 1350 421 S
1405 364 1796 422 CLEMENTIS
1830 365 1847 418 l
1881 362 2047 420 ROM.
2084 364 2283 422 PONT.
2321 364 2547 420 OPERA
2582 365 2805 422 DUBIA.

3564 358 3591 427 ἰ
3599 370 3704 427 ess

446 496 593 540 cere.
639 480 833 541 Postea
866 483 1009 538 enim
1058 495 1221 552 quam
1269 489 1555 551 gustavere
1592 480 1659 535 de
1691 479 1862 549 ligno,
1906 477 2023 549 ipse
2052 485 2097 542 Α
2132 482 2278 552 quod
2326 483 2492 538 etiam
2533 460 2579 536 si
2618 484 2777 537 inulti
2818 495 2947 539 sunt
2978 484 3077 549 dii,
3111 494 3172 539 ut
3200 484 3361 550 dicis,
3393 485 3706 547 Iudaeorum

438 560 594 630 {Deus
623 581 856 629 testatur
882 574 1071 628 dicens
1099 572 1165 625 ad
1198 573 1439 642 reliquos
1468 572 1599 626 deos
1636 586 1652 622 :
1698 569 1826 623 Ecce
1850 568 2022 622 Adam

435 649 619 737 'factus
656 676 732 720 est
777 666 911 719 sicut
949 683 1081 718 unus
1127 679 1190 718 ex
1220 664 1368 717 nobis
1402 664 1463 717 ³⁸.
1504 662 1596 717 Sic
1629 678 1760 731 ergo
1805 668 2023 716 constat

444 757 647 812 multos
690 772 811 811 esse
861 756 993 811 deos
1034 757 1127 825 qui
1182 754 1454 809 hominem
1506 753 1769 815 fecerint,
1808 753 1934 821 quia
1970 758 2024 805 et

442 850 603 904 initio
646 852 718 903 ita
773 849 907 903 dicit
937 848 1081 902 Deus
1129 847 1196 900 ad
1248 853 1480 900 caeteros
1531 842 2022 899 deostaciamus

441 943 700 998 hominem
731 942 799 995 ad
836 943 1117 1011 imaginem
1154 949 1202 993 et
1240 937 1646 991 similitudinem
1691 944 1928 989 nostram
1952 936 2017 989 ⁵⁰.

443 1034 550 1089 Sed
583 1043 637 1089 et
667 1034 808 1103 quod
840 1035 916 1086 ait
943 1053 954 1087 :
983 1031 1276 1100 Ejiciantns
1304 1023 1421 1083 etim
1444 1030 1486 1061 ’δι
1518 1028 1653 1101 (75).
1685 1028 1751 1081 Et
1779 1029 1977 1082 iterum
2004 1043 2017 1079 :

452 1124 638 1179 Venite
688 1122 1054 1177 descendentes
1084 1109 1478 1191 confundamus
1514 1120 1722 1190 linguas
1751 1112 2019 1172 eorum“.

438 1213 634 1270 Omnia
665 1215 777 1269 hazc
806 1214 1005 1267 multos
1032 1229 1155 1268 esse
1177 1207 1443 1267 indicant
1470 1210 1623 1266 deos.
1662 1208 1768 1265 Sed
1797 1217 1852 1265 et
1882 1208 2021 1263 illud

438 1305 707 1375 scriptum
738 1313 823 1359 est
850 1325 862 1359 :
896 1304 1035 1359 Deos
1065 1322 1169 1358 non
1200 1303 1503 1369 maledices,
1535 1313 1584 1358 et
1614 1305 1901 1373 principem
1928 1319 2022 1372 po-

434 1396 548 1465 puli
576 1397 652 1449 tui
683 1414 785 1450 non
810 1396 1084 1451 maledices
1110 1397 1176 1450 "3.
1212 1395 1280 1449 Et
1307 1412 1527 1451 rursum
1562 1396 1708 1466 quod
1752 1397 2021 1467 scriptum

435 1491 831 1544 est:Dominus
874 1489 1017 1543 solus
1060 1488 1282 1543 ducebat
1328 1504 1446 1552 cos,
1490 1494 1538 1543 et
1581 1502 1685 1539 non
1722 1494 1835 1539 erat
1879 1501 2001 1538 cum

441 1581 554 1637 illis
580 1583 718 1639 Deus
748 1583 948 1637 alienus
971 1583 1035 1646 "’,
1066 1583 1265 1637 multos
1288 1596 1410 1636 esse
1435 1579 1668 1635 ostendit
1691 1579 1842 1633 deos.
1872 1578 2009 1635 Sunt

436 1680 492 1727 et
522 1670 627 1724 alia
660 1670 892 1741 plurima
923 1686 1043 1740 qua:
1074 1669 1305 1741 proferri
1338 1680 1571 1741 possunt
1603 1687 1670 1726 ex
1701 1671 1816 1742 lege
1864 1671 2021 1727 testi-

439 1764 646 1827 monia,
688 1779 795 1817 non
832 1764 1010 1819 solum
1056 1764 1408 1826 obscuriora.
1458 1763 1555 1819 sed
1601 1772 1655 1820 et
1701 1763 2015 1827 manifesta,

432 1854 631 1924 quibus
671 1854 831 1908 multi
874 1869 997 1909 esse
1027 1854 1325 1909 doceantur
1355 1854 1452 1913 dii.
1502 1854 1581 1908 Ex
1617 1855 1817 1924 quibus
1848 1860 2010 1920 unas,
2044 1839 2087 1895 Β

431 1950 492 1998 ut
517 1943 830 1999 Judaorum
861 1946 1065 2014 popqu
1095 1944 1241 1999 Deus
1271 1953 1439 2010 esset,
1472 1955 1621 1999 sorte
1666 1946 1875 2001 electus
1904 1954 2009 2001 est.

428 2032 547 2105 Ego
579 2043 761 2089 autem
808 2050 915 2089 non
945 2036 1091 2089 hunc
1140 2051 1350 2099 assero,
1384 2034 1479 2091 sed
1522 2036 1673 2090 illum
1719 2038 1811 2106 qui
1848 2038 2012 2090 etiam

426 2126 597 2194 hujus
628 2126 771 2180 Deus
805 2136 911 2193 est,
942 2144 1102 2199 quem
1151 2143 1251 2182 nec
1300 2128 1404 2199 ipsi
1444 2128 1666 2197 quidem
1695 2128 1866 2183 Judaei
1910 2143 2011 2183 no-

426 2225 576 2273 runt.
636 2217 822 2288 Neque
865 2220 1009 2274 enim
1059 2220 1302 2289 ipsorum
1348 2228 1433 2276 est
1456 2219 1621 2288 Deus,
1673 2221 1769 2277 sed
1817 2236 2011 2277 eorum

432 2312 527 2382 qui
562 2312 884 2383 agnoverint
909 2327 1053 2367 eum.

506 2402 619 2459 XL.
662 2403 759 2459 llis
808 2403 1012 2458 auditis
1034 2403 1227 2460 Petrus
1273 2425 1285 2460 :
1322 2404 1488 2470 Nihil,
1539 2406 1740 2477 inquit,
1770 2406 2009 2464 verearis

428 2494 653 2561 Simon;
689 2510 817 2549 ecce
859 2495 1006 2550 enim
1045 2510 1222 2566 neque
1266 2512 1427 2554 aures
1465 2499 1803 2564 clausimus;
1834 2515 2010 2569 neque

425 2584 689 2655 fugimus,
735 2586 831 2642 sed
864 2586 931 2640 ad
961 2602 1025 2641 ea
1056 2601 1176 2656 quae
1206 2588 1347 2644 falso
1386 2598 1712 2658 prosecutus
1750 2604 1831 2653 es,
1865 2589 2009 2643 veri-

426 2676 561 2733 tatis
607 2678 953 2734 sermonibus
999 2680 1428 2750 respondemus,
1475 2682 1609 2736 illud
1639 2681 1816 2751 primo
1857 2661 2009 2737 asseL

428 2778 632 2834 rentes,
679 2771 808 2842 quia
858 2787 1003 2827 unus
1058 2781 1142 2827 est
1181 2771 1344 2836 Deus,
1397 2772 1486 2827 hic
1519 2774 1635 2843 ipse
1668 2771 2004 2839 Iudaeorum,

424 2863 519 2932 qui
562 2873 647 2918 est
697 2865 848 2920 solus
882 2864 1045 2929 Deus,
1082 2865 1206 2919 coeli
1247 2874 1462 2920 creator
1505 2881 1569 2921 ac
1615 2875 1794 2931 terra},
1831 2866 1923 2935 qui
1951 2874 2007 2919 et

422 2955 666 3008 omnium
699 2956 863 3010 etiam
890 2972 1029 3025 quos
1061 2956 1200 3011 dicis
1228 2958 1454 3012 deorum
1481 2957 1624 3013 Deus
1655 2966 1759 3014 est.
1790 2956 1846 3011 Si
1876 2971 2007 3027 ergo

424 3045 719 3100 ostendero
750 3048 963 3102 nullum
994 3063 1117 3102 esse
1173 3048 1276 3103 hoc
1305 3048 1664 3117 superiorem,
1700 3048 1794 3102 sed
1826 3048 2006 3118 ipsum

426 3147 550 3189 esse
594 3149 760 3203 super
803 3135 1007 3200 omnia,
1062 3134 1318 3190 fateberis
1371 3149 1611 3189 errorem
1669 3142 1824 3186 tuum
1882 3147 2005 3186 esse

425 3240 593 3295 super
650 3226 852 3280 omnia.
921 3226 985 3279 Et
1033 3225 1224 3279 Simon
1272 3246 1284 3279 :
1347 3223 1490 3289 Quid
1549 3224 1736 3288 enim,
1790 3224 1999 3293 inquit,

421 3317 638 3372 etiamsi
681 3333 780 3387 ego
823 3318 990 3371 nolim
1035 3317 1213 3380 fateri,
1242 3316 1333 3386 qui
1380 3316 1648 3370 assistunt
1695 3314 1996 3379 auditores,

424 3424 604 3462 nonne
626 3416 853 3478 arguent
876 3425 960 3463 me
979 3410 1246 3462 nolentem
1266 3423 1385 3477 quae
1415 3422 1541 3461 vera
1560 3414 1687 3461 sunt
1718 3405 2003 3477 profiteri?

495 3499 630 3555 XLI.
670 3500 933 3555 Ausculta
976 3516 1127 3571 ergo,
1166 3500 1241 3554 ait
1266 3498 1483 3564 Petrus,
1524 3508 1584 3554 ut
1617 3501 1760 3555 scias
1793 3501 1994 3571 primo,

514 3635 561 3667 ”
596 3634 729 3690 Ibid.
789 3633 878 3689 22.
982 3636 1027 3667 *θ
1066 3634 1203 3691 Gen.
1270 3653 1306 3698 ι,
1357 3636 1446 3691 26.
1524 3636 1566 3666 ⁸¹
1607 3634 1740 3691 Gen.
1784 3653 1863 3697 In.
1917 3636 2007 3692 22.

425 3705 511 3760 12.
620 3706 665 3737 ’⁵⁸
704 3705 856 3759 Deut.
889 3722 940 3767 x,
973 3706 1057 3760 17.
1157 3707 1200 3737 “
1231 3706 1404 3760 Exod.
1438 3721 1533 3768 vn,
1571 3707 1621 3760 1.

2126 572 2238 628 Deo
2281 574 2484 629 subditi
2524 585 2684 639 sunt,
2736 576 2826 629 cui
2876 591 3052 646 neque
3097 579 3341 647 aequalis
3372 581 3701 652 quisquam,

2125 678 2302 732 neque
2338 664 2513 734 major
2547 680 2668 718 esse
2698 673 2910 733 potest;
2946 666 3212 735 scriptum
3243 676 3328 722 est
3353 669 3522 732 enim,
3556 672 3702 741 quod

2126 754 2203 808 ita
2243 754 2391 808 dicat
2454 754 2521 806 ad
2561 752 2778 810 Judaeos
2823 754 3035 825 Moyses
3080 756 3344 826 propheta
3382 778 3395 813 :
3440 758 3701 816 Dominus

2124 845 2264 899 Deus
2294 856 2459 899 vester
2481 845 2563 899 hic
2594 856 2670 900 est
2696 846 2837 900 Deus
2866 847 3101 911 deorum,
3148 862 3198 903 et
3243 849 3502 906 Dominus
3530 852 3704 907 domi-

2125 953 2336 1000 norum,
2363 935 2504 990 Deus
2541 952 2764 1006 magnus
2788 937 2855 992 ιδ.
2890 935 2968 991 Ita
3005 939 3221 993 etiamsi
3254 940 3411 995 multi
3456 950 3583 997 sunt
3606 945 3701 1014 qui

2123 1027 2385 1081 dicuntur
2430 1026 2528 1090 dii,
2563 1042 2706 1082 unus
2737 1035 2822 1082 est
2864 1035 3046 1083 tamen
3101 1031 3346 1084 omnium
3387 1029 3702 1087 Iudaeorum

2122 1118 2290 1181 Deus.
2320 1120 2413 1190 qui
2443 1129 2499 1174 et
2529 1119 2753 1175 deorum
2783 1119 2928 1175 Deus
2955 1120 3137 1177 dictus
3174 1131 3279 1180 est.
3321 1110 3508 1195 Neque
3551 1127 3699 1181 enim

2122 1212 2439 1281 quicunque
2484 1212 2666 1267 dictus
2714 1212 2881 1267 fuerit
2925 1211 3090 1277 Deus,
3131 1215 3393 1269 continuo
3423 1215 3566 1272 Deus
3591 1227 3697 1274 est.

2123 1301 2371 1371 Denique
2410 1309 2465 1356 et
2505 1300 2719 1373 Moyses
2773 1302 2909 1357 deus
2956 1301 3161 1357 dicitur
3201 1301 3504 1361 Pharaonis
3545 1305 3611 1371 “,
3643 1314 3701 1362 et

2122 1402 2331 1450 certum
2363 1404 2445 1451 est
2473 1411 2599 1451 eum
2628 1396 2902 1451 hominem
2932 1395 3122 1452 fuisse.
3158 1395 3223 1450 Et
3248 1397 3464 1467 judices
3490 1400 3567 1454 dii
3596 1415 3697 1470 ap-

2125 1486 2311 1557 pellati
2342 1495 2491 1552 sunt,
2524 1495 2577 1542 et
2608 1494 2822 1543 constat
2853 1502 2949 1543 eos
2980 1487 3151 1545 fuisse
3181 1491 3457 1546 mortales.
3508 1490 3696 1547 Simu-

2120 1577 2271 1631 lacra
2313 1592 2533 1647 quoque
2579 1578 2826 1646 gentium
2873 1578 2949 1633 dii
2991 1582 3353 1650 appellantur,
3397 1590 3450 1637 et
3503 1598 3695 1639 omnes

2121 1666 2348 1733 scimus,
2384 1669 2515 1739 quia
2548 1685 2657 1723 non
2689 1679 2840 1735 sunt,
2876 1670 2974 1726 sed
3004 1672 3186 1743 impiis
3217 1673 3374 1743 quasi
3404 1689 3502 1742 pro
3532 1690 3693 1744 poena

2121 1761 2226 1816 hoc
2272 1761 2460 1816 datum
2503 1768 2618 1823 est,
2653 1768 2713 1815 ut
2740 1762 2868 1832 quia
2906 1778 3097 1817 verum
3143 1762 3312 1818 Deum
3360 1778 3695 1835 cognoscere

2114 1854 2431 1917 noluerunt,
2476 1868 2813 1923 quazcunque
2857 1854 2937 1911 eis
2970 1853 3145 1908 forma
3174 1861 3231 1910 et
3272 1855 3455 1926 imago
3496 1870 3696 1911 occur-

2112 1943 2300 2007 risset,
2346 1944 2641 2000 haberetur
2688 1944 2756 1998 ab
2787 1944 2866 1999 eis
2910 1943 3075 2000 Deus.
3127 1942 3399 2009 Quoniam
3427 1944 3471 1976 ⁸⁷
3500 1945 3688 2009 unius,

2113 2044 2173 2091 ut
2193 2036 2328 2101 dixi,
2355 2036 2450 2106 qui
2479 2044 2564 2092 est
2591 2036 2836 2090 omnium
2862 2036 3026 2101 Deus,
3055 2035 3388 2106 agnitionem
3411 2038 3693 2107 suscipere

2115 2133 2464 2192 recusarunt,
2509 2127 2631 2181 ideo
2663 2142 2794 2198 ergo
2833 2126 3155 2182 conceditur
3198 2125 3280 2181 eis
3323 2126 3447 2181 illos
3489 2125 3691 2182 habere

2114 2214 2267 2278 deos,
2319 2216 2411 2284 qui
2456 2226 2715 2285 praestare
2758 2215 3197 2286 supplicantibus
3245 2214 3383 2270 nihil
3432 2224 3685 2286 possunt.

2112 2304 2254 2372 Quid
2278 2308 2423 2361 enim
2466 2315 2559 2359 aut
2588 2308 2842 2362 exanima
2887 2307 3183 2363 simulacra
3214 2306 3469 2362 conferre
3509 2307 3689 2363 homi-

2111 2399 2273 2455 nibus
2301 2406 2505 2469 queant
2532 2407 2626 2453 aut
2656 2400 2982 2467 animantia,
3009 2415 3133 2455 cum
3156 2406 3402 2472 potestas
3440 2402 3687 2456 omnium

2110 2490 2252 2559 apud
2285 2506 2455 2544 unum
2482 2490 2590 2545 sit?

2179 2581 2338 2638 XLII.
2380 2583 2580 2639 Tribus
2626 2583 2792 2656 igitur
2822 2585 2998 2642 modis
3022 2584 3167 2642 Deus
3192 2587 3316 2657 quis
3342 2589 3566 2655 dicitur,
3598 2589 3684 2644 vel

2109 2675 2239 2746 quia
2259 2692 2386 2732 vere
2413 2684 2518 2741 est,
2546 2677 2631 2732 vel
2673 2678 2800 2747 quia
2831 2678 2882 2733 ei
2905 2678 2998 2749 qui
3019 2694 3143 2735 vere
3172 2688 3276 2747 est,
3302 2683 3599 2745 ministrat,
3626 2688 3685 2736 et

2108 2768 2178 2822 ob
2208 2768 2468 2822 honorem
2504 2768 2793 2834 mittentis,
2826 2777 2887 2824 ut
2914 2771 3073 2840 plena
3108 2771 3178 2827 sit
3207 2772 3328 2842 ejus
3356 2775 3679 2829 auctoritas.

2108 2860 2215 2914 hoc
2263 2859 2464 2916 dicitur
2513 2861 2614 2916 iste
2655 2862 2748 2931 qui
2790 2863 2997 2919 missus
3024 2871 3130 2929 est,
3161 2864 3306 2935 quod
3338 2874 3425 2921 est
3469 2867 3561 2921 ille
3582 2864 3682 2936 qui

2107 2950 2277 3015 misit,
2320 2958 2380 3004 ut
2422 2966 2565 3020 saepe
2610 2950 2814 3005 factum
2854 2958 2939 3006 est
2979 2951 3047 3007 de
3086 2954 3316 3023 angelis,
3360 2955 3456 3026 qui
3498 2963 3681 3011 tamen

2118 3057 2243 3096 cum
2271 3042 2624 3111 apparuerint
2654 3041 2860 3096 homini
2879 3042 2953 3109 “,
2980 3043 3128 3099 sisit
3170 3044 3413 3114 prudens
3454 3055 3510 3102 et
3550 3061 3680 3101 eru-

2029 3174 2074 3232 C
2107 3133 2251 3187 ditus
2282 3132 2385 3197 vir,
2423 3132 2722 3202 interrogat
2766 3131 2889 3201 ejus
2932 3133 3028 3203 qui
3072 3135 3323 3204 apparuit
3365 3150 3585 3200 nomen,
3617 3144 3681 3190 ut

2107 3227 2269 3283 simul
2300 3235 2354 3282 et
2392 3227 2657 3283 honorem
2688 3228 2843 3283 missi
2890 3237 2944 3285 et
2984 3224 3361 3286 auctoritatem
3407 3232 3679 3288 mittentis

2104 3326 2383 3391 agnoscat.
2442 3318 2539 3374 Est
2582 3320 2729 3374 enim
2782 3321 3215 3391 uniuscujusque
3275 3323 3451 3393 gentis
3508 3339 3679 3395 ange-

2107 3414 2194 3469 lus
2231 3411 2363 3484 (74),
2417 3411 2506 3465 cui
2555 3412 2761 3467 credita
2793 3420 2878 3468 est
2908 3410 3084 3483 gentis
3132 3415 3304 3484 ipsius
3333 3416 3676 3485 dispensatio

2105 3518 2134 3557 a
2164 3502 2295 3568 Deo,
2333 3503 2424 3573 qui
2453 3508 2635 3557 tamen
2666 3519 2789 3558 cum
2818 3506 3150 3575 apparuerit,
3176 3506 3428 3575 quamvis
3453 3516 3676 3577 putetur

2102 3638 2147 3671 δ’
2179 3638 2316 3694 Gen.
2361 3657 2436 3703 ιιι,
2472 3641 2520 3694 7.
2594 3640 2641 3673 ⁸⁸
2664 3639 2834 3696 Exod.
2885 3658 3021 3709 xx",
3069 3642 3160 3698 28.
3231 3642 3278 3674 “
3310 3642 3465 3701 Deut.
3493 3662 3670 3709 xxx",

1734 3708 2083 3788 ""Quon‘ialm
2113 3740 2181 3751 -—
2204 3709 2341 3788 apud
2402 3712 2690 3788 ωηιξη-,δὴ
2722 3711 2919 3788 desunt
2979 3708 3033 3768 in
3077 3723 3311 3784 utroque
3346 3716 3471 3770 cod.
3514 3708 3666 3788 Lips.

421 3776 470 3809 “
501 3775 671 3830 Codd.
705 3775 880 3845 Lipss.
914 3793 924 3826 :
955 3777 1045 3846 qui
1075 3786 1246 3831 tamen
1272 3792 1557 3845 apparuere
1580 3776 1878 3831 hominibus
1935 3777 2035 3832 Sed
2065 3789 2113 3833 et
2146 3782 2336 3847 sancti,
2362 3789 2468 3837 etc.
2500 3781 2728 3851 Reliqua
2756 3781 2971 3838 desunt.

1704 3876 2069 3943 COTELERII
2102 3889 2337 3947 NOTIE.

493 4024 606 4096 (75)
657 4024 945 4092 Ejiciamus
975 4042 1112 4079 eum.
1156 4025 1469 4082 Clementin.
1511 4043 1592 4089 ιιι,
1631 4026 1981 4096 59;Epitom.

420 4096 511 4159 37,
544 4095 773 4151 Cedren.
806 4111 857 4163 p.
891 4096 1013 4159 l7l,
1045 4097 1077 4149 I.
1101 4097 1191 4151 20.
1230 4096 1405 4152 Facile
1434 4098 1563 4150 mihi
1593 4100 1981 4165 persuaserim,

422 4166 660 4237 additum
688 4166 739 4219 id
772 4165 937 4237 fuisse
967 4166 1082 4218 loco
1103 4165 1298 4221 Cenes.
1334 4184 1411 4229 ιιι,
1443 4167 1533 4230 ‘22,
1559 4169 1629 4221 ob
1662 4169 1982 4237 pendentem

417 4236 744 4290 sententiam
770 4251 781 4284 ε
811 4233 965 4305 Nunc
987 4252 1108 4304 ergo
1137 4253 1199 4289 ne
1219 4238 1542 4305 fortemittat
1564 4233 1778 4290 manum
1809 4248 1982 4303 suam,

417 4316 469 4359 et
500 4315 675 4359 sumat
699 4304 950 4375 etianrde
973 4305 1113 4375 ligno
1146 4304 1285 4371 vitae,
1320 4316 1369 4361 et
1409 4306 1669 4367 comedat,
1698 4320 1744 4361 et
1774 4310 1908 4362 vivat
1931 4309 1986 4361 in

423 4384 694 4429 internum.
732 4371 920 4441 Simile
961 4371 1162 4444 quippe
1205 4375 1987 4444 additamentumcomplecti-

420 4456 510 4500 tur
534 4446 708 4499 versio
733 4444 963 4498 Arabica
993 4464 1006 4498 :
1037 4443 1251 4513 Oportet
1286 4454 1342 4497 ut
1362 4452 1511 4498 exeat
1530 4461 1594 4498 ea:
1634 4443 1804 4497 horto.

2092 4046 2221 4103 num
2260 4038 2437 4085 tamen
2468 4032 2698 4103 epistola
2729 4032 2763 4085 2
2804 4032 3049 4086 adversus
3077 4032 3425 4097 Novatianos,
3465 4048 3668 4103 ponere

2090 4101 2305 4183 linguas
2334 4116 2458 4183 ειυς,
2486 4102 2591 4156 nisi
2622 4103 2694 4157 sit
2720 4103 3125 4183 rescribendum
3143 4120 3318 4183 parva
3342 4101 3662 4183 imitatione,

2092 4169 2218 4239 uti.
2253 4170 2506 4239 Euphoro
2528 4180 2728 4239 autem,
2760 4173 2844 4225 vel
2874 4169 3087 4239 Ephoro
3110 4169 3339 4239 aliisque
3368 4173 3556 4239 multis
3578 4169 3666 4227 hi4

2088 4233 2503 4305 storirng‘apud
2543 4233 2875 4305 Clementem
2914 4233 3578 4305 Alexandrinumugtrggn.
3620 4250 3659 4293 ι,

2087 4315 2209 4383 pag.
2242 4300 2378 4382 5358,
2400 4298 2601 4383 'gentes
2630 4309 2693 4383 ει
2732 4300 2946 4381 linguas
2979 4315 3099 4354 esse
3148 4316 3307 4383 protr.
3342 4298 3428 4383 lli.
3461 4298 3653 4383 ‘Dnum

2087 4369 2237 4425 illum
2272 4371 2325 4423 in
2356 4369 2695 4439 arebangelis
2725 4371 3045 4439 maximum,
3076 4372 3163 4425 cui
3193 4372 3315 4424 data
3349 4372 3417 4424 sit
3445 4371 3659 4438 dispen-

2087 4441 2224 4496 satio
2257 4440 2437 4508 populi
2473 4438 2587 4503 Dei,
2621 4439 2790 4495 videri
2822 4455 2944 4494 esse
2973 4438 3286 4494 Michaelem
3314 4457 3329 4505 ;
3364 4456 3429 4494 ex
3461 4439 3657 4494 Danie-

500 4514 611 4585 (74)
642 4514 739 4566 Est
786 4516 925 4585 enim
972 4506 1382 4584 uniuscuiusque
1424 4515 1591 4583 gentis
1625 4515 1858 4583 angelus.
1904 4514 1985 4569 Ad

2109 4513 2155 4565 is
2182 4506 2351 4585 ιι,Ἰᾶ
2379 4509 2440 4563 21
2466 4526 2481 4573 ;
2511 4510 2784 4585 ξιιλ-ίζρθ
2820 4524 2894 4585 e_x_
2926 4509 3183 4585 Dionysio
3214 4510 3289 4585 De
3316 4511 3509 4585 caelati
3543 4510 3656 4585 bie-

424 4584 543 4639 htec
571 4594 624 4639 et
657 4584 937 4653 sequentia
984 4585 1271 4639 observare
1301 4594 1513 4652 oportet
1560 4600 1667 4638 non
1718 4600 1907 4652 pauca.
1942 4586 1980 4642 l.

424 4654 580 4721 Quod
616 4655 790 4721 angeli
830 4653 1087 4725 ξονάρχαι
1129 4655 1216 4708 hic
1247 4655 1497 4725 dicantur
1543 4655 1714 4723 angeli
1752 4656 1900 4714 boni.
1933 4667 1987 4711 et

421 4725 518 4793 lib.
545 4739 662 4786 vm,
689 4739 813 4793 Cap.
832 4724 919 4787 51,
948 4724 1035 4788 56,
1060 4725 1231 4793 angeli
1262 4724 1407 4784 mali,
1438 4724 1488 4777 id
1510 4740 1629 4779 esse
1648 4741 1712 4777 ex
1739 4725 1983 4780 doctrina

420 4792 672 4865 Origcnis
696 4804 749 4846 et
776 4792 1110 4865 Hieronymi,
1137 4792 1229 4863 qui
1259 4795 1519 4865 gentibus
1538 4805 1794 4863 utrosque
1823 4810 1987 4865 ange«

420 4864 505 4920 los
527 4862 867 4932 praeponam.
899 4862 1057 4917 Certe
1085 4875 1286 4917 textum
1310 4863 1467 4926 LXX,
1492 4862 1780 4919 Deuleron.
1812 4862 1983 4931 xxi",

420 4935 456 4987 8
486 4953 500 4989 :
531 4933 991 5007 "Ojrsbtepeptgsv
1028 4932 1359 5007 ὸςΊψιςξτσς
1394 4933 1555 5007 ἔθνη,
1581 4934 1986 5007 ᾠςᾼδιέσπειρεν

423 5007 580 5077 plebe
605 5004 791 5077 Ἀδάμ,
820 5005 1043 5077 ἔστησεν
1068 5003 1189 5077 ὅριοι
1215 5003 1381 5077 ὲονῷν
1408 5003 1547 5077 κατὰ
1569 5005 1795 5077 ἀριθμὸν
1821 5003 1988 5075 ἀγγέ-

420 5074 528 5129 λων
551 5075 703 5127 Θεοῦ·
727 5073 952 5146 Quando
981 5073 1243 5146 dividebat
1272 5073 1577 5128 Altissimus
1605 5073 1801 5145 gentes,
1827 5073 1989 5146 quan-

417 5147 490 5199 do
520 5146 883 5199 dissentinavit
911 5145 1053 5212 ﬁlios
1086 5145 1251 5206 Adaz;
1282 5146 1555 5198 constituit
1585 5145 1845 5200 terminos
1864 5164 1987 5216 gen-

422 5218 554 5270 tium
588 5222 876 5269 secundum
905 5231 1180 5267 numerum
1207 5225 1519 5286 angelorum
1557 5216 1680 5276 Dei;
1716 5218 1784 5269 ad
1822 5234 1985 5286 quem

420 5288 475 5355 in
523 5286 625 5339 hoc
667 5287 841 5354 capite
869 5285 1176 5355 respicitur,
1204 5284 1986 5355 Maximus_enar|'ans_cap._9

407 5354 645 5408 Cazlestis
673 5352 1001 5414 hierarcltt'ti’,
1035 5368 1157 5406 cum
1190 5352 1312 5405 aliis
1358 5352 1606 5421 pluribus
1646 5353 1883 5421 explicat
1911 5353 1980 5406 de

408 5425 616 5494 sanctis
663 5424 899 5494 angelis;
950 5430 1142 5477 auctor
1186 5436 1313 5477 vero
1346 5422 1529 5492 Operis
1580 5422 1869 5494 imperfecti
1896 5422 1978 5494 in

306 5543 311 5549 .
408 5492 719 5548 Matt/neum
741 5491 829 5548 'ad
857 5509 978 5563 cap.
1022 5508 1177 5557 xxiv,
1213 5509 1356 5548 vers.
1392 5495 1454 5556 9,
1490 5508 1599 5563 seu,
1625 5493 1847 5563 humilia
1881 5491 1975 5563 48,

415 5563 488 5617 De
518 5565 793 5635 malignis;
842 5562 940 5618 nec
970 5565 1199 5618 multum
1233 5563 1447 5635 diverse
1489 5562 1717 5635 Ruﬁnus
1755 5562 1972 5631 Exposi-

408 5635 545 5688 tione
594 5631 664 5689 in'
702 5634 1009 5703 Symbolum
1064 5634 1443 5703 apostolorum.
1503 5631 1565 5686 ll.
1612 5632 1685 5687 De
1726 5649 1829 5686 Lxx
1877 5647 1973 5685 seu

406 5719 552 5757 nun
598 5705 913 5760 nationibus
962 5704 1063 5772 (de
1103 5704 1301 5774 quibus
1344 5703 1523 5757 Horus
1566 5703 1970 5774 Apollolib._l,

409 5790 525 5842 cap.
564 5774 1032 5843 l-l),gtotidemquc
1074 5772 1279 5841 angelis
1326 5773 1614 5841 prmfcctis,
1666 5780 1719 5825 et
1748 5772 1968 5843 linguis.

411 5841 635 5901 veteres
663 5841 1003 5899 Christianos
1038 5851 1087 5898 et
1126 5843 1339 5899 Jud.cos
1379 5845 1686 5897 consentire
1725 5858 1733 5891 ς
1776 5842 1966 5895 Paria-

2088 4580 2301 4651 rarchiq
2338 4595 2477 4651 cap.
2505 4579 2559 4633 9.
2586 4577 2655 4651 Ὦ
2694 4580 2911 4651 Μιχαὴλ
2951 4577 3323 4651 πρωὶ-ἀγγελεῖ,
3356 4582 3531 4651 inquit
3556 4580 3657 4651 Mi—

2086 4651 2241 4708 chael
2272 4649 2553 4719 Syncellus
2600 4649 2930 4704 Laudatione
2962 4649 3015 4702 in
3049 4650 3275 4719 caelestes
3313 4649 3550 4704 virtutes.
3590 4649 3656 4705 Et

2090 4723 2141 4775 in
2173 4718 2429 4773 Oratione
2452 4720 2651 4775 Nicetaa
2684 4720 2754 4773 De
2781 4720 3027 4773 laudibus
3052 4718 3328 4774 Michaelis
3360 4731 3409 4774 et
3438 4720 3657 4775 Gabrie-

2086 4793 2174 4855 lis,
2202 4800 2462 4862 vocantur
2495 4791 2566 4843 illi
2590 4833 2604 4851 ,
2631 4791 2730 4862 τῆς
2758 4789 3163 4862 ἀρχαγγελικῇς
3190 4791 3397 4856 τάξεως
3432 4791 3593 4855 ταξιά

2122 4810 2174 4855 ξε,
2202 4809 2462 4842 vocantur
2496 4809 2566 4843 ιιιι
2590 4833 2604 4851 ,
2631 4809 2662 4844 τ
2702 4809 2730 4853 ς
2758 4809 3163 4862 αρχαγγεΛικης
3190 4809 3397 4856 ταςεως
3432 4809 3593 4855 ταςια

2122 4880 2197 4933 at,
2226 4859 2320 4913 καὶ
2344 4861 2521 4930 πάσης
2544 4809 2786 4933 qni,in
2816 4860 3134 4933 δημαγῳγρὶ
3160 4864 3532 4933 χοροστασίας.
3563 4809 3651 4916 Ιῧῖ

2135 4933 2262 5002 er_ba
2294 4932 2455 4984 citata
2490 4947 2519 4983 e
2551 4930 2966 5002 Deuteronomio
2998 4930 3185 5002 leviter
3227 4930 3516 5002 depravata
3552 4932 3654 5002 legi

2035 5009 2041 5015 '
2086 5002 2141 5057 in
2186 5000 2464 5055 Victorino
2510 5001 2575 5055 ad
2620 5002 3033 5070 Apocalypsim;
3072 4999 3400 5057 'l‘lieodorito
3451 4999 3652 5056 llceret.

2087 5071 2284 5144 fabul.,
2310 5072 2402 5125 lib.
2429 5088 2481 5135 v,
2503 5088 2630 5144 cap.
2657 5073 2708 5136 7,
2730 5081 2782 5127 et
2806 5072 3041 5144 maximo
3090 5073 3159 5125 Ihi
3189 5087 3375 5144 supra.
3405 5071 3470 5124 ν.
3500 5072 3650 5144 Deni-

2085 5141 2513 5214 queiobservari
2566 5141 3208 5214 mereturfragmcntum
3247 5143 3397 5214 ltegii
3447 5142 3651 5214 codi_cis

2088 5211 2248 5280 {648,
2276 5213 2352 5267 De
2377 5213 2570 5283 linguis
2599 5222 2647 5266 et
2671 5211 2908 5282 gentibus
2939 5211 3036 5283 72,7
3058 5221 3110 5266 et
3136 5211 3369 5267 conferri
3397 5230 3519 5267 cum
3551 5211 3653 5283 Eu-

2087 5286 2266 5348 sebio,
2298 5282 2631 5354 Epiphanio,
2668 5283 2925 5354 Chronico
2969 5282 3370 5354 Alexandrino,
3418 5282 3653 5353 Georgio
3714 5283 3721 5288 ’

2089 5352 2369 5428 Βγιιοθιιο,
2398 5352 2503 5409 etc.
2549 5352 2789 5424 Subjicio
2822 5353 2984 5413 illud.
3020 5353 3230 5409 levibus
3259 5354 3402 5409 vitiis
3446 5352 3650 5423 purga-

2086 5440 2223 5483 tum.
2404 5487 2427 5489 Ar
2866 5487 2875 5489 _
2978 5485 2999 5489 ,κ
3041 5485 3052 5489 _
3176 5484 3199 5489 _
3248 5484 3260 5489 ,
3444 5482 3453 5489 .
3576 5480 3595 5489 -

2075 5487 2527 5553 Κωνσταντῖνος
2555 5491 2587 5541 ὁ
2618 5485 3002 5556 χαρτοερύλαξ
3128 5484 3206 5549 τῷ
3237 5482 3500 5556 ἐγκῳμίῳ
3529 5482 3643 5533 τῶν

2143 5560 2325 5626 ἁγίων
2373 5553 2770 5623 σκίπωνί-ὰς
2803 5553 2814 5556 ⁷
2844 5557 2942 5609 οϐ’
2987 5554 3269 5623 γλώσσας
3330 5553 3645 5621 ὠνόμασεν

2144 5629 2319 5680 οὕτω·

2147 5697 2401 5766 ’Έλληνες
2425 5694 2539 5767 ἅμα.
2559 5698 2650 5749 καὶ
2673 5694 3279 5767 βάρϐαροι,Μακεδόνες
3299 5693 3402 5767 Δκαὶ
3434 5691 3640 5767 Germ:

2073 5770 2173 5831 λοὶ,
2191 5760 2534 5829 Παίὶυνεςιξαὶ
2558 5760 2864 5832 Ἰλλὺρίκηὶξ
2895 5766 3161 5832 Ἀθηναῖοι
3181 5765 3273 5816 καὶ
3299 5762 3533 5832 Ἀργεῖοι
3548 5760 3644 5813 καὶ

2076 5784 2534 5831 Αοι,ιιαιωνεςκαι
2577 5784 2690 5819 ΙΑΑυ
2732 5784 2858 5827 tum,
2910 5784 3161 5832 Αῠηναῑοι
3181 5784 3273 5816 και
3314 5784 3533 5832 Αργειοι
3548 5784 3639 5813 και

2076 5840 2344 5904 Λάκωνες,
2379 5840 2467 5891 καὶ
2500 5841 2547 5890 οἱ
2578 5837 2666 5890 τὸν
2699 5784 2943 5901 Eugaon
2982 5835 3171 5888 πόντον
3214 5828 3639 5906 περικαθήμενοῑ
