4000 6266
476 382 610 439 1271.

1332 365 1387 421 S.
1425 355 1865 419 CLEMENTISI
1900 351 2066 410 ROM.
2099 348 2301 406 PONT.
2337 345 2563 403 OPERA
2600 341 2826 397 DUBTA.

3581 329 3708 385 12τὲ

469 501 669 553 alienos
706 507 834 563 quos
876 485 1109 548 nescitis,
1154 500 1257 537 non
1303 479 1528 534 audietis
1578 475 1732 531 verba
1778 472 2042 542 propheta:
2073 474 2117 529 Α
2144 468 2332 521 dixisti
2375 466 2577 520 habere
2620 460 2811 527 Deum,
2852 454 2996 558 quod
3029 459 3127 559 est
3165 446 3716 563 inqu'Liaeaqtiomodo

469 591 637 648 illius,
665 598 823 647 neque
846 593 1107 634 sommum
1136 574 1476 629 somniatoris
1501 570 1668 632 illius,
1694 567 1817 637 quia
1838 573 2049 617 tentans

474 682 689 738 tentavit
723 693 834 738 vos,
888 683 943 727 ut
998 671 1173 726 videat
1205 672 1252 725 si
1300 669 1522 739 diligitis
1563 664 1847 719 Dominum
1882 660 2048 714 Deum

472 784 703 827 vestrum
727 770 793 822 ".

537 861 716 917 XLVI.
749 859 1043 929 Propterea
1070 869 1200 924 ergo
1227 859 1280 907 et
1300 848 1565 905 Dominus
1594 855 1782 902 noster
1812 845 1967 915 signa
1998 849 2052 897 et

468 951 715 1023 prodigia
766 948 995 1010 iaciens,
1040 944 1209 999 Deum
1258 942 1590 1011 praedicabat
1637 937 1969 1000 Iudaeorum,
1998 940 2053 988 et

471 1044 592 1100 ideo
646 1048 796 1096 recte
842 1034 1211 1109 przedicalioni
1261 1034 1382 1101 ejus
1429 1031 1692 1086 creditur.
1740 1027 1823 1081 Tu
1872 1034 2051 1079 autem

433 1126 633 1187 ‘etiam
678 1130 724 1185 si
772 1142 899 1182 vere
942 1126 1205 1196 propheta
1238 1138 1410 1185 esses,
1453 1129 1507 1176 et
1548 1121 1702 1192 signa
1736 1118 1945 1172 faceres
1991 1129 2055 1168 ac

470 1223 739 1296 prodigia,
768 1221 907 1276 sicut
951 1218 1241 1288 promittis,
1272 1224 1324 1270 et
1352 1217 1487 1270 alios
1531 1214 1885 1268 annuntiares
1923 1214 2056 1268 deos

471 1325 667 1389 praeter
695 1330 818 1370 eum
842 1314 932 1383 qui
965 1327 1126 1367 verus
1167 1318 1272 1377 est,
1304 1308 1653 1363 manifestum
1698 1315 1845 1362 esset
1889 1314 1944 1362 te
1986 1307 2052 1361 ad

472 1408 825 1463 tentationem
868 1404 1070 1475 populo
1113 1402 1209 1458 Dei
1260 1401 1604 1462 suscitatum,
1636 1408 1691 1455 et
1735 1399 1857 1456 ideo
1905 1400 2056 1454 credi

473 1500 571 1558 tibi
604 1500 824 1554 omnino
870 1514 981 1552 non
1027 1503 1223 1567 potest.
1256 1492 1410 1549 Unus
1439 1502 1523 1549 est
1558 1495 1703 1549 enim
1741 1508 1930 1560 verus,
1962 1495 2055 1563 qui

472 1600 557 1649 est
578 1590 883 1647 Judzeorum
911 1589 1074 1652 Deus,
1101 1596 1154 1643 et
1180 1587 1249 1641 ob
1271 1587 1375 1641 hoc
1401 1585 1664 1640 Dominus
1682 1592 1869 1639 noster
1896 1583 2057 1640 Jesus

472 1684 724 1738 Christus
751 1681 978 1735 docebat
1013 1675 1365 1749 quaerendum
1393 1692 1515 1732 esse
1548 1690 1655 1729 non
1695 1674 1862 1729 Deum
1893 1690 2053 1744 quem

473 1776 612 1829 bene
659 1784 940 1833 noverant,
988 1771 1084 1827 sed
1142 1785 1371 1840 regnum
1420 1778 1474 1824 et
1514 1768 1784 1838 justitiam
1834 1768 1953 1836 ejus
1985 1768 2050 1831 “,

473 1881 634 1935 quam
665 1865 870 1920 Scribae
900 1873 951 1920 et
990 1862 1271 1926 Pharisaei,
1301 1869 1550 1930 suscepta
1600 1859 1839 1913 scientia}
1876 1859 2046 1921 ciere,

468 1974 585 2013 non
613 1959 1018 2017 concluseraut,
1052 1955 1145 2010 sed
1176 1953 1526 2009 excluserant
1552 1952 1617 2005 ".
1650 1950 1785 2004 Nam
1815 1951 1861 2005 si
1891 1953 2050 2022 igno-

473 2057 689 2105 rassent
732 2063 922 2102 verum
965 2046 1156 2110 Deum,
1200 2059 1476 2114 nunquam
1530 2042 1720 2114 utique
1768 2043 1931 2113 hujus
1970 2043 2050 2098 rei

475 2139 757 2195 scientiam
785 2137 1120 2207 relinquens,
1153 2150 1275 2205 qua:
1300 2141 1417 2189 erat
1438 2134 1683 2188 omnium
1714 2141 1908 2205 caput,
1937 2136 2054 2189 cul-

473 2237 630 2301 paret
650 2245 747 2284 eos
775 2228 842 2283 de
870 2229 1055 2298 parvis
1083 2234 1136 2283 et
1170 2226 1435 2294 minimis,
1474 2226 1525 2281 id
1567 2235 1651 2282 est
1672 2226 1819 2297 quod
1857 2226 2054 2280 dilata-

476 2329 596 2376 reut
625 2319 863 2377 ﬁmbrias
893 2333 1044 2385 suas,
1069 2327 1121 2373 et
1139 2320 1347 2390 primos
1382 2318 1670 2374 accubitus
1702 2320 1757 2373 in
1784 2318 2054 2374 conviviis

473 2411 833 2472 vindicarent.
858 2418 912 2467 et
940 2410 1087 2482 quod
1121 2411 1178 2465 in
1205 2411 1509 2483 quadriviis
1558 2417 1768 2467 stantes
1812 2418 2052 2472 orarent,

474 2510 529 2557 et
559 2503 665 2556 alia
695 2502 781 2556 bis
802 2500 1025 2567 similia,
1051 2515 1171 2570 quae
1195 2501 1384 2571 utique
1413 2516 1477 2554 ex
1508 2499 1915 2569 comparatione
1938 2514 2054 2553 ma-

475 2594 569 2665 gni
599 2594 761 2663 hujus
790 2594 1007 2664 capitis,
1053 2594 1373 2666 ignorantia:
1422 2592 1538 2657 Dei,
1577 2594 1771 2664 exigua
1805 2592 2059 2648 videntur

475 2693 530 2739 et
560 2699 746 2753 parva.

460 2836 467 2841 κ
548 2775 755 2830 XLVII.
786 2774 853 2829 Et
885 2775 1073 2831 Simon
1106 2776 1173 2830 ad
1198 2776 1312 2831 haec
1339 2777 1413 2832 ait
1445 2796 1457 2831 :
1487 2776 1564 2831 Ex
1599 2777 1783 2832 verbis
1813 2773 2057 2847 magistri

478 2870 556 2921 tui
583 2866 904 2921 convincam
933 2873 1007 2932 te,
1040 2868 1169 2937 quia
1192 2867 1357 2922 etiam
1387 2870 1504 2937 ipse
1532 2869 1838 2938 ignoratum
1868 2881 2061 2935 quem-

478 2959 602 3012 dam
634 2956 889 3012 omnibus
915 2956 1215 3011 introducit
1244 2956 1435 3012 Deum.
1468 2957 1605 3012 Cum
1631 2957 1777 3011 enim
1799 2964 1851 3011 et
1887 2955 2058 3008 Adam

477 3058 775 3105 creatorem
818 3064 977 3104 suum
1019 3050 1205 3105 scierit
1236 3047 1425 3112 Deum,
1467 3048 1766 3117 mundique
1810 3048 2061 3102 condito-

2152 559 2296 613 enim
2312 558 2513 611 habere
2534 554 2701 607 lilium
2722 555 2917 621 potest,
2939 546 3045 602 nisi
3070 544 3274 602 similia
3295 540 3609 595 hominibus
3630 545 3720 592 aut

2155 649 2487 704 animalibus
2503 645 2740 716 patiatur
2755 644 2780 695 ’ὲ
2805 640 2908 695 Sed
2932 638 2998 693 de
3011 638 3095 692 his
3112 651 3220 690 non
3246 641 3331 688 est
3349 649 3495 687 nurse
3512 638 3719 699 tempus

2154 754 2381 812 arguere
2405 735 2731 808 profundam
2762 729 3048 786 stultitiam
3074 737 3245 789 tuam,
3273 723 3471 778 festino
3491 722 3645 776 enim
3656 721 3723 774 de

2155 830 2521 885 immensitate
2585 838 2813 880 summae
2850 822 2989 875 lucis
3021 832 3315 890 exponere,
3350 824 3407 870 et
3434 815 3548 882 jam
3582 826 3723 865 nune

2155 921 2302 975 audi.
2321 918 2457 972 Puto
2476 931 2597 971 esse
2618 915 2852 983 aliquam
2880 911 3135 966 virtutem
3167 909 3448 961 immensa:
3471 911 3524 958 et
3542 900 3726 957 inetia-

2158 1013 2285 1067 bilis
2314 1011 2472 1072 Iucis,
2502 1008 2661 1076 cujus
2684 1004 2999 1076 magnitudo
3039 996 3610 1069 incomprehensibilis
3632 994 3729 1047 ba—

2159 1104 2371 1166 beatur,
2386 1116 2545 1171 quam
2563 1100 2817 1153 virtutem
2832 1098 2994 1150 etiam
3010 1091 3199 1147 mundi
3225 1088 3478 1145 conditor
3499 1087 3727 1158 ignoret,

2155 1201 2211 1250 et
2249 1193 2525 1264 legislator
2548 1190 2781 1261 Moyses,
2811 1195 2865 1241 et
2894 1185 3152 1255 magister
3187 1188 3368 1238 vester
3400 1178 3583 1235 Iesus.

2171 1346 2179 1357 _
2229 1286 2290 1341 L.
2339 1285 2478 1339 Tum
2520 1282 2758 1338 Petrus:
2792 1278 2911 1333 Non
2963 1277 3059 1331 tibi
3087 1275 3302 1330 videtur
3350 1272 3601 1327 amentiae
3641 1285 3729 1325 res

2156 1394 2299 1444 esse,
2330 1388 2575 1430 asserere
2600 1370 2737 1427 velle
2764 1368 3096 1440 quempiam,
3120 1363 3265 1434 quod
3297 1362 3367 1417 sit
3410 1363 3553 1416 alius
3589 1358 3731 1414 Deus

2158 1484 2321 1541 quam
2351 1468 2496 1523 Deus
2525 1464 2791 1525 omnium,
2823 1468 2878 1517 et
2913 1460 3120 1523 dicere,
3147 1465 3277 1526 puto
3326 1469 3450 1509 esse
3471 1453 3725 1505 virtutem

2159 1562 2470 1633 quamdam,
2502 1566 2553 1615 et
2578 1557 2901 1629 priusquam
2943 1552 3047 1622 ipsi
3092 1558 3303 1605 eertum
3355 1546 3427 1601 sit
3463 1542 3612 1615 quod
3653 1543 3730 1596 lo-

2158 1655 2364 1726 quitur,
2391 1654 2499 1707 hoc
2525 1652 2661 1707 velle
2688 1649 2811 1706 aliis
2837 1643 3201 1701 conﬁrmare?
3236 1642 3400 1695 Estne
3430 1638 3629 1708 aliquis
3657 1638 3731 1690 ita

2161 1759 2421 1814 praeceps,
2452 1741 2546 1812 qui
2574 1740 2753 1797 verbis
2797 1738 2909 1794 tuis
2931 1736 3139 1803 credat,
3164 1734 3220 1788 in
3248 1732 3450 1803 quibus
3475 1738 3528 1785 te
3556 1730 3730 1797 ipsum

2085 1820 2126 1875 Β
2153 1838 2335 1892 videat
2364 1836 2737 1896 dubitantem;
2776 1840 2832 1886 et
2862 1830 3113 1885 admittat
3137 1842 3259 1883 esse
3292 1825 3529 1895 aliquam
3560 1823 3733 1877 virtu-

2152 1940 2260 1985 tem
2294 1928 2622 1999 incognitam
2690 1924 2923 1981 creatori
2950 1921 3081 1987 Deo,
3115 1928 3170 1976 et
3200 1917 3393 1990 Moysi,
3418 1924 3473 1971 et
3502 1913 3733 1985 praphe-

2152 2023 2244 2085 tis,
2294 2030 2348 2077 et
2380 2021 2504 2090 legi,
2560 2025 2613 2074 et
2648 2016 2777 2073 Jesn
2819 2016 2982 2071 etiam
3025 2012 3288 2083 magistro
3337 2017 3568 2075 nostro,
3613 2019 3734 2075 quae

2155 2116 2328 2169 virtus
2376 2113 2449 2166 ita
2491 2111 2632 2165 bona
2678 2110 2771 2173 sit,
2801 2116 2860 2162 ut
2892 2105 3026 2162 nulli
3068 2103 3198 2160 velit
3235 2102 3598 2165 innotescere,
3630 2097 3734 2152 nisi

2157 2204 2249 2258 uni
2274 2209 2505 2269 tantum,
2538 2207 2592 2255 et
2621 2200 2723 2254 hoc
2750 2198 2847 2254 tibi
2878 2194 3156 2251 tali?Tnm
3185 2193 3385 2249 deinde
3413 2193 3461 2246 si
3488 2205 3631 2245 nova
3653 2194 3737 2243 est

2156 2296 2260 2351 ista
2283 2294 2479 2357 virtus,
2511 2291 2784 2363 quomodo
2813 2288 2972 2344 nobis
3004 2302 3116 2342 non
3143 2286 3234 2341 dat
3268 2298 3469 2340 novum
3502 2282 3735 2351 aliquem

2157 2402 2378 2444 sensum
2431 2395 2626 2456 praeter
2669 2383 2770 2439 bos
2810 2396 2949 2451 quos
2986 2380 3227 2451 gerimus
3273 2377 3534 2448 quinque,
3566 2380 3629 2428 ut
3671 2388 3735 2427 ex

2158 2482 2279 2552 ipso
2318 2481 2387 2534 ab
2434 2494 2498 2534 ea
2539 2477 2697 2534 nobis
2735 2475 2931 2545 largito
2973 2486 3117 2528 novo
3168 2487 3356 2537 sensu,
3396 2469 3572 2538 ipsam
3617 2479 3735 2536 quae

2157 2587 2299 2627 nova
2329 2578 2414 2627 est
2436 2584 2630 2642 capere
2669 2576 2723 2623 et
2760 2567 3061 2637 intelligere
3087 2562 3402 2635 possimus?
3425 2567 3522 2615 aut
3549 2558 3597 2613 si
3631 2572 3738 2612 non

2160 2670 2336 2737 potest
2381 2664 2588 2735 largiri,
2619 2661 2893 2733 quomodo
2922 2659 3018 2714 tibi
3047 2656 3240 2727 largita
3282 2654 3407 2710 est?
3431 2659 3526 2706 aut
3562 2651 3611 2705 si
3644 2650 3734 2704 tibi

2159 2756 2440 2818 revelavit,
2461 2769 2561 2810 cur
2609 2768 2718 2809 non
2741 2762 2793 2808 et
2818 2748 3013 2806 nobis?
3045 2747 3103 2802 Si
3124 2761 3253 2801 vero
3280 2760 3310 2799 a
3343 2744 3631 2812 temetipso
3656 2741 3736 2795 in-

2160 2850 2438 2913 tellexisti,
2470 2863 2592 2919 quae
2627 2862 2696 2901 ne
2731 2844 3006 2917 prOphetae
3034 2840 3250 2911 quidem
3292 2837 3496 2893 sentire
3536 2844 3631 2889 aut
3656 2834 3735 2888 in-

2163 2943 2406 3013 telligere
2433 2947 2745 3010 potuerunt,
2776 2937 2866 2990 die
2902 2949 3002 3004 age
3040 2932 3201 2987 nobis
3233 2944 3379 2983 nunc
3406 2927 3537 2998 quid
3568 2941 3735 2980 unus-

2162 3032 2395 3102 quisque
2426 3036 2675 3085 nostrum
2710 3025 2914 3095 cogitat
2940 3043 2954 3079 :
2990 3021 3049 3077 Si
3078 3021 3222 3077 enim
3264 3027 3449 3072 tantus
3486 3026 3571 3071 est
3600 3016 3661 3070 in
3688 3022 3738 3070 te

478 3152 612 3201 rem,
641 3146 694 3193 et
724 3137 932 3202 Enocb,
963 3138 1163 3207 quippe
1191 3136 1287 3206 qui
1321 3136 1389 3190 ab
1414 3108 1494 3190 reo
1532 3108 1832 3189 translatus
1865 3142 1970 3194 est,
2000 3140 2055 3189 et
2080 3164 2123 3223 ο
2161 3124 2408 3194 spiritus,
2439 3128 2499 3175 ut
2518 3135 2582 3175 ea
2611 3134 2730 3190 qua:
2760 3131 2925 3188 super
2946 3115 3115 3170 caelos
3145 3118 3293 3174 sunt,
3327 3108 3601 3179 incognita
3630 3122 3738 3161 om.

475 3228 611 3293 Noe,
639 3236 826 3299 utpote
856 3228 923 3282 ab
963 3242 1030 3284 eo
1072 3228 1266 3297 jussus
1311 3241 1494 3279 arcam
1527 3234 1865 3289 construere,
1894 3238 2050 3279 cum-

476 3336 583 3389 que
617 3326 670 3373 et
697 3319 995 3382 Abraham,
1039 3324 1093 3372 et
1142 3318 1315 3381 lsaac,
1353 3324 1407 3371 et
1432 3314 1623 3380 Jacob,
1650 3322 1706 3372 et
1738 3314 1971 3387 Moyses,
2000 3327 2055 3373 et

477 3427 688 3473 omnes,
726 3410 1012 3479 omnisque
1034 3409 1269 3479 populus
1298 3416 1461 3479 atque
1507 3424 1699 3465 omnes
1731 3418 1923 3480 gentes
1954 3426 2054 3465 no-

480 3501 655 3555 verint
684 3500 1021 3555 conditorem
1051 3500 1259 3564 mundi,
1290 3508 1344 3555 et
1373 3501 1645 3555 fateantur
1674 3500 1864 3566 Deum,
1894 3502 2055 3561 Jesus

479 3599 678 3653 vester,
702 3591 793 3661 qui
820 3591 978 3661 longe
1005 3592 1277 3661 posterior
1296 3589 1553 3647 Patribus
1578 3594 1853 3662 apparuit,
1879 3594 2052 3651 dicit:

482 3681 652 3736 Nemo
682 3680 825 3735 novit
856 3679 1080 3744 Filium,
1111 3682 1215 3735 nisi
1256 3681 1438 3742 Pater,
1470 3698 1628 3751 neque
1668 3682 1884 3736 Patrem
1914 3685 2050 3755 quis,

480 3776 585 3829 nisi
613 3772 810 3841 Filius,
835 3783 886 3829 et
912 3774 998 3827 cui
1024 3772 1246 3827 coluerit
1276 3772 1324 3826 F
1327 3775 1450 3827 ilius
1470 3775 1703 3828 revelare
1725 3775 1790 3829 “.
1822 3776 1900 3830 Ita
1928 3794 2060 3847 ergo

479 3873 533 3921 et
553 3864 714 3921 Jesus
750 3872 931 3920 vester
974 3865 1139 3918 alium
1179 3880 1302 3920 esse
1332 3863 1500 3919 Deum
1538 3865 2057 3935 incomprehensibi-

482 3956 587 4009 lem
619 3955 876 4009 omnibus
901 3963 954 4009 et
983 3954 1317 4024 incognitum
1348 3953 1565 4010 fatetur.

551 4037 782 4097 XLVIII.
820 4044 959 4097 Tum
990 4044 1188 4100 Petrus
1222 4063 1235 4098 :
1265 4044 1572 4111 Contraria,
1618 4045 1817 4116 inquit,
1848 4044 2062 4101 tibimet

479 4136 584 4206 ipsi
615 4145 668 4190 te
694 4136 939 4207 proferre
972 4151 1082 4191 non
1108 4138 1298 4193 sentis.
1332 4136 1389 4190 Si
1416 4136 1561 4192 enim
1592 4145 1645 4193 et
1667 4134 1828 4194 Iesus
1872 4146 2061 4194 noster

479 4227 583 4280 scit
615 4227 801 4291 istum,
838 4242 997 4296 quem
1029 4226 1170 4281 dicis
1198 4226 1534 4296 incognitum
1562 4226 1756 4296 Deum,
1787 4245 1917 4300 ergo
1947 4230 2060 4299 jam

482 4332 588 4370 non
618 4331 649 4369 a
680 4323 733 4371 te
759 4317 875 4371 solo
904 4325 985 4370 est
1018 4318 1291 4387 cognitus.
1321 4317 1435 4372 lmo
1464 4319 1510 4372 si
1532 4316 1693 4374 Jesus
1722 4328 1911 4375 noster
1938 4336 2061 4374 eum

482 4410 653 4472 novit,
678 4409 892 4479 Moyses
918 4426 1156 4480 quoque,
1187 4410 1281 4480 qui
1310 4419 1366 4465 et
1404 4409 1589 4467 Iesum
1621 4423 1908 4467 venturum
1941 4428 2064 4469 esse

2156 3217 2321 3271 nibus
2359 3222 2413 3269 et
2464 3212 2722 3269 omnibus
2770 3202 3346 3278 incomprehensibilia
3393 3214 3734 3271 cognoscas,

2154 3306 2328 3361 multo
2378 3303 2593 3358 facilius
2633 3301 2991 3372 cogitationes
3025 3298 3293 3352 humanas
3333 3307 3454 3364 qua:
3484 3292 3538 3346 in
3570 3289 3736 3345 terris

2155 3398 2425 3454 habentur
2452 3395 2725 3467 agnoscis.
2754 3392 2908 3459 Quod
2939 3391 2983 3445 si
3015 3389 3369 3462 c0gitationes
3397 3394 3621 3440 nostras
3647 3382 3735 3453 qui

2156 3490 2246 3544 hic
2271 3497 2484 3544 stamus
2513 3504 2619 3542 non
2647 3494 2803 3557 potes
2841 3486 3005 3549 scire,
3027 3481 3298 3553 quomodo
3325 3495 3389 3536 ea
3427 3492 3550 3549 quae
3568 3477 3737 3533 nullis

2155 3597 2279 3639 esse
2308 3582 2523 3652 cognita
2546 3581 2800 3642 allirmas,
2829 3579 2970 3634 scire
2998 3587 3049 3631 te
3078 3575 3256 3631 dicis?

2228 3672 2315 3727 ιι.
2346 3672 2521 3727 Crede
2542 3679 2721 3727 autem
2754 3669 2908 3733 mihi,
2941 3669 3065 3739 quia
3106 3680 3381 3736 nunquam
3413 3665 3587 3720 scires
3610 3662 3735 3735 quid

2157 3773 2241 3821 est
2264 3767 2377 3829 lux,
2402 3766 2510 3821 nisi
2535 3766 2604 3820 ab
2634 3764 2751 3833 ipsa
2791 3763 2912 3817 luce
2940 3760 3247 3829 accepisses
3276 3765 3328 3811 et
3358 3757 3533 3811 visum
3563 3763 3625 3811 et
3650 3757 3733 3810 in-

2159 3864 2432 3919 tellectum
2471 3861 2725 3926 videndi;
2760 3860 2840 3914 sic
2868 3865 2924 3914 et
2959 3859 3015 3912 in
3056 3857 3286 3913 exteris.
3334 3853 3470 3907 Hinc
3513 3859 3733 3921 accepta

2161 3954 2543 4024 intelligentia,
2576 3952 2753 4021 majus
2781 3948 2985 4020 aliquid
3015 3954 3071 4002 et
3103 3945 3392 4002 sublimius
3422 3944 3624 3998 somnii
3650 3945 3734 3995 iu-

2162 4055 2279 4103 star
2306 4046 2605 4115 excogitas,
2654 4042 2945 4098 occasione
2997 4048 3172 4092 tamen
3216 4053 3281 4092 ex
3322 4036 3444 4090 istis
3494 4034 3733 4104 quinque

2163 4138 2416 4195 sensibus
2444 4142 2680 4206 sumpta,
2712 4147 2944 4205 quorum
2969 4129 3210 4202 largitori
3233 4130 3479 4199 ingratus
3498 4142 3579 4181 es.
3607 4126 3732 4181 Cer-

2162 4236 2251 4284 tus
2280 4236 2457 4282 autem
2483 4234 2622 4289 esto,
2646 4224 2789 4296 quod
2819 4223 2994 4277 donec
3027 4235 3137 4274 non
3168 4217 3380 4271 invenis
3410 4228 3614 4269 novum
3638 4211 3733 4266 ali-

2164 4337 2322 4392 quem
2353 4336 2594 4383 sensum,
2619 4319 2711 4388 qui
2732 4324 2887 4372 extra
2909 4316 3010 4369 hos
3037 4311 3277 4385 quinque
3303 4311 3376 4366 sit
3397 4308 3601 4379 quibus
3627 4321 3734 4360 om-

2164 4432 2263 4471 nes
2289 4415 2517 4476 utimur,
2548 4425 2748 4465 novum
2779 4422 3024 4464 asserere
3071 4421 3181 4461 non
3214 4402 3419 4474 poteris
3441 4399 3638 4455 Deum.
3667 4397 3733 4452 Et

481 4502 820 4571 prophetavil
846 4502 965 4557 sine
993 4502 1160 4556 dubio
1189 4517 1287 4557 nec
1312 4503 1428 4572 ipse
1452 4503 1723 4573 ignoravit
1749 4519 1870 4557 eum
1892 4522 1908 4571 ;
1931 4519 2049 4573 pro-
2091 4516 2136 4570 ι)
2169 4508 2358 4563 Simon
2383 4527 2395 4562 ;
2423 4506 2559 4562 Cum
2579 4502 2819 4574 quinque
2850 4498 3105 4557 sensibus
3131 4503 3379 4552 constent
3407 4491 3594 4548 omnia
3615 4502 3733 4560 qua:

480 4592 643 4661 pheta
671 4594 818 4647 enim
859 4604 997 4657 erat,
1026 4602 1081 4648 ct
1111 4593 1205 4663 qui
1254 4594 1321 4649 de
1370 4593 1508 4649 Filio
1551 4594 1913 4665 prophetavit,
1945 4596 2063 4651 sine

480 4684 649 4738 dubio
678 4693 1005 4755 cognoverat
1035 4684 1271 4740 Patrem.
1306 4685 1362 4739 Si
1401 4689 1545 4741 enim
1578 4687 1633 4741 in
1674 4688 1951 4741 voluntate
1978 4694 2066 4743 est

481 4776 605 4831 Filii
638 4779 878 4833 revelare
925 4777 1142 4833 Patrem
1190 4780 1278 4833 cui
1327 4778 1580 4842 voluerit,
1630 4779 1823 4843 Filius,
1865 4795 1959 4849 qui
1993 4780 2064 4834 ab

480 4872 639 4927 initio
666 4881 719 4927 et
747 4886 960 4943 semper
990 4888 1111 4926 cum
1136 4872 1297 4927 Patre
1330 4873 1429 4925 fuit
1465 4887 1563 4942 per
1605 4872 1850 4941 singulas
1894 4889 2061 4942 quas-

480 4978 588 5032 que
615 4964 1017 5033 generationes,
1045 4963 1187 5018 sicut
1218 4962 1477 5017 revelavit
1504 4961 1676 5033 Moysi
1715 4962 1951 5027 Patrem,
1984 4963 2062 5018 ita

479 5066 534 5110 et
564 5058 688 5111 aliis
717 5058 1027 5127 prephetis;
1055 5057 1200 5127 quod
1233 5056 1280 5112 si
1320 5065 1424 5122 est,
1457 5057 1590 5111 nulli
1644 5055 1859 5113 Patrem
1890 5057 2063 5115 fuisse

482 5149 820 5219 incognitum
856 5157 1091 5204 constat.
1127 5147 1248 5202 Tibi
1276 5164 1403 5203 vero
1437 5149 1529 5219 qui
1578 5147 1771 5219 Filium
1798 5164 1907 5202 non
1941 5163 2061 5203 cre-

481 5240 588 5304 dis,
613 5218 887 5310 quomodo
910 5242 1084 5312 potuit
1117 5241 1343 5295 revelari
1384 5218 1565 5305 Pater,
1604 5242 1694 5309 qui
1726 5218 1858 5295 nulli
1900 5247 2062 5295 notus

480 5340 588 5396 est,
609 5331 714 5387 nisi
744 5333 835 5387 cui
868 5334 1097 5389 voluerit
1132 5332 1301 5388 Filius
1326 5333 1599 5387 revelare?
1630 5331 1850 5387 Revelat
1877 5342 2057 5387 autem

482 5421 652 5478 Filius
675 5422 891 5480 Patrem
918 5426 1005 5480 his
1024 5426 1118 5494 qui
1151 5424 1227 5478 ita
1258 5424 1624 5479 honoriﬁcant
1650 5422 1870 5489 Filium,
1909 5425 2056 5480 sicut

486 5515 846 5572 bonoriiicant
872 5517 1086 5573 Patrem
1104 5519 1168 5572 ⁸⁷.

553 5607 738 5663 XLIX.
770 5609 910 5666 Tum
936 5611 1124 5666 Simon
1152 5631 1165 5666 :
1191 5611 1479 5676 Memento,
1500 5611 1696 5682 inquit,
1729 5608 1855 5681 quia
1885 5608 2052 5663 lilium

2165 4606 2314 4661 sunt,
2351 4596 2488 4650 nihil
2533 4609 2735 4649 novum
2766 4590 2964 4645 addere
2998 4587 3176 4641 virtus
3227 4584 3314 4638 illa
3350 4581 3565 4637 cunctis
3596 4577 3730 4635 emi-

2167 4692 2383 4747 nentior
2413 4694 2611 4758 potest.
2639 4682 2705 4739 Et
2729 4682 2925 4737 Petrus
2949 4681 3024 4733 ait
3050 4699 3063 4733 :
3098 4677 3315 4732 Falsum
3344 4683 3447 4730 est.
3472 4672 3571 4728 Est
3587 4672 3729 4727 enim

2163 4791 2219 4838 et
2268 4782 2408 4835 alius
2438 4787 2625 4835 sextus
2671 4791 2898 4835 sensus,
2953 4771 3008 4825 id
3063 4775 3148 4826 est
3189 4764 3604 4838 praenoscendi;
3642 4760 3727 4818 isti

2164 4874 2307 4927 enim
2338 4871 2578 4941 quinque
2605 4881 2801 4921 sensus
2831 4862 3072 4919 scientia:
3104 4874 3331 4929 capaces
3361 4863 3509 4922 sunt,
3542 4861 3728 4910 sextus

2166 4972 2344 5018 autem
2378 4959 2733 5032 praescientiaa
2775 4962 2878 5017 est,
2942 4967 3101 5022 quem
3158 4949 3394 5004 habuere
3432 4946 3725 5018 prOpbetaa.

2167 5056 2247 5109 Tu
2284 5068 2412 5124 ergo
2440 5049 2713 5121 quomodo
2740 5053 2895 5118 potes
2920 5042 3084 5097 Deum
3107 5041 3360 5096 omnibus
3392 5037 3726 5108 incognitum

2167 5162 2350 5207 nosse,
2384 5143 2477 5213 qui
2502 5156 2603 5196 nec
2633 5137 3006 5210 propheticum
3061 5148 3303 5197 sensum,
3342 5130 3436 5202 qui
3477 5139 3561 5185 est
3585 5144 3723 5199 prte-

2167 5238 2426 5300 scieutire,
2487 5231 2829 5304 cognovisti?
2878 5227 3014 5282 Tum
3066 5225 3253 5280 Simon
3283 5223 3448 5293 coepit
3494 5222 3722 5276 dicere:

2164 5327 2317 5380 lianc
2344 5339 2507 5396 quam
2557 5322 2680 5375 dico
2736 5318 2991 5371 virtutem
3047 5309 3644 5383 ineomprebensibilem
3671 5312 3723 5359 et

2161 5418 2579 5474 eminentiorem
2627 5409 2864 5471 cunctis,
2917 5407 3081 5463 etiam
3139 5406 3263 5474 ipso
3315 5401 3410 5472 qui
3460 5397 3719 5455 mundum

2162 5510 2406 5565 condidit
2434 5507 2566 5569 Deo,
2618 5518 2794 5573 neque
2846 5501 3160 5571 angelorum
3210 5498 3499 5569 quisquam
3548 5502 3719 5558 neque

2159 5605 2463 5661 daemonum
2503 5596 2652 5653 novit
2680 5608 2853 5665 neque
2898 5590 3233 5654 Judaeorum,
3267 5603 3441 5659 neque
3470 5587 3574 5642 ulla
3606 5595 3719 5638 om-

562 5824 778 5880 ”Dcut.
816 5841 929 5894 xui,
1173 5827 1213 5858 "
1256 5824 1441 5881 Matth.
1474 5825 1653 5891 v1,55.
1730 5826 1770 5854 ”
1808 5822 1935 5875 Lu'.
1973 5838 2049 5883 xi,

2161 5862 2169 5871 .
2250 5818 2291 5845 “
2336 5816 2531 5870 Mutila.
2573 5829 2646 5884 χι,
2678 5813 2765 5869 27.
2847 5814 2888 5843 ⁶’
2928 5811 3080 5871 Joan.
3119 5828 3175 5878 ν,
3202 5808 3297 5866 ἳὸ.
3364 5814 3368 5822 ’
