4048 6262
326 388 469 446 i275

1507 375 2075 444 RECOGNITIONUM
2108 374 2236 431 LIB.
2271 374 2334 433 ll.

3416 380 3555 437 1274

325 505 456 557 nim,
482 516 603 572 quae
632 514 664 554 α
706 495 990 555 conditore
1023 490 1133 549 Deo
1161 491 1406 548 substitit
1444 501 1717 548 creatura.
1738 496 1889 559 Quo-
1921 500 1968 558 Α
1994 501 2215 542 causam
2255 487 2311 541 in
2368 487 2622 556 paradiso
2652 487 2871 558 posuit?
2919 485 2976 542 Si
3030 504 3175 555 vero,
3204 488 3404 545 bonum
3436 502 3558 550 erat

323 594 487 649 modo
516 593 661 649 enim
692 595 925 662 poterat,
956 602 1120 657 quam
1148 583 1378 640 Creator
1429 586 1546 656 ipse
1578 600 1689 640 non
1722 599 1889 639 nove-

323 692 430 746 rat,
476 684 558 736 lex
584 696 670 734 me
700 678 873 748 ipsius
902 676 1182 732 Creatoris
1212 675 1462 746 educere,
1487 691 1611 732 cum
1637 690 1739 730 nec
1768 675 1886 746 ipsa

320 773 487 829 sciret
514 775 656 842 quod
685 772 935 827 doceret?

390 864 499 920 Lll.
532 864 598 918 Et
657 864 848 919 Petrus
877 884 890 919 ε
944 862 1132 928 Miror,
1164 862 1358 934 inquit,
1418 862 1692 934 quomodo
1731 868 1793 918 tu
1821 878 1887 917 ex

321 956 437 1025 lege
469 957 590 1026 plus
644 955 890 1026 potueris
946 954 1180 1018 discere,
1216 970 1379 1025 quam
1410 954 1609 1010 docere
1633 955 1720 1011 vel
1746 955 1890 1010 scire

320 1047 403 1101 lex
434 1048 685 1117 poterat?
709 1052 761 1101 et
814 1047 1088 1116 quomodo
1134 1046 1329 1101 horum
1380 1061 1502 1116 quae
1531 1060 1777 1103 asserere
1806 1047 1889 1101 vis

318 1138 671 1208 probationes
702 1137 854 1192 dicas
884 1145 936 1192 te
966 1154 1033 1193 ex
1077 1138 1193 1208 lege
1244 1139 1510 1209 proferre,
1543 1154 1666 1193 cum
1712 1154 1889 1209 neque

318 1227 492 1299 legem
524 1243 744 1284 asseras
789 1242 954 1282 nosse
981 1243 1044 1282 ea
1081 1216 1209 1298 qua:
1238 1228 1406 1293 dicis,
1435 1244 1610 1298 neque
1639 1243 1763 1283 eum
1793 1229 1886 1298 qui

315 1320 486 1391 legem
519 1320 687 1382 dedit,
732 1320 787 1375 id
843 1327 927 1375 est
964 1322 1151 1376 mundi
1183 1321 1539 1377 Creatorem?
1564 1320 1673 1377 Sed
1703 1333 1756 1377 et
1785 1322 1888 1376 hoc

313 1411 509 1475 miror,
542 1412 815 1481 quomodo
844 1419 902 1466 tu
956 1411 1048 1483 qui
1081 1415 1233 1470 solus
1264 1414 1376 1469 haec
1408 1415 1575 1485 nosti,
1609 1414 1700 1470 hic
1726 1418 1889 1471 modo

311 1516 438 1555 cum
472 1502 730 1558 omnibus
763 1511 876 1557 stes
930 1504 1114 1561 brevis
1165 1506 1287 1560 atrii
1322 1507 1487 1577 hujus
1544 1508 1752 1563 ambitu
1780 1508 1891 1563 cir-

309 1594 629 1649 cumdatus.
670 1593 738 1648 Et
769 1594 957 1650 Simon
987 1597 1181 1652 videns
1216 1614 1341 1653 cum
1393 1601 1542 1655 omni
1576 1603 1779 1672 populo
1809 1604 1888 1657 ri-

308 1681 531 1737 dentem
588 1682 846 1739 Petrum:
875 1683 1063 1750 Rides,
1092 1686 1290 1756 inquit,
1326 1685 1505 1752 Petre,
1548 1703 1672 1744 cum
1708 1705 1889 1744 sermo

306 1773 375 1828 de
405 1775 573 1830 tantis
601 1775 764 1831 rebus
814 1786 867 1832 et
896 1784 1005 1830 tam
1036 1778 1399 1835 eminentibus
1423 1780 1719 1835 habeatur?
1751 1780 1886 1835 Tum

304 1861 508 1920 Petrus
540 1885 553 1920 :
585 1864 727 1930 Noli,
758 1868 955 1937 inquit,
1003 1868 1276 1939 indignari
1331 1870 1541 1937 Simon,
1567 1872 1703 1927 nihil
1731 1873 1878 1927 enim

301 1964 507 2027 praeter
548 1958 965 2027 promissionem
1017 1968 1260 2014 nostram
1292 1961 1553 2032 gerimus,
1582 1976 1758 2032 neque
1782 1977 1882 2016 au»

300 2066 392 2106 res
425 2059 655 2107 nostras
682 2052 1013 2113 claudimus,
1040 2060 1099 2106 ut
1129 2052 1374 2116 dicebas,
1406 2056 1583 2124 neque
1610 2054 1793 2108 statim
1820 2061 1881 2108 ut

296 2139 621 2200 audivimus
653 2159 681 2196 a
710 2150 763 2198 te
812 2142 1105 2198 ineffabilia
1135 2143 1369 2215 proferri
1421 2144 1476 2197 in
1518 2143 1701 2215 fugam
1735 2144 1878 2199 versi

291 2251 453 2290 sumu
475 2252 522 2297 s,
555 2237 649 2291 sed
668 2253 735 2291 ne
760 2236 881 2291 loco
910 2236 1130 2306 quidem
1176 2236 1331 2291 moti.
1361 2235 1547 2305 Neque
1568 2236 1714 2291 enim
1740 2236 1882 2290 veri-

290 2325 508 2381 similia
549 2326 739 2380 saltem
796 2326 974 2396 aliqua
1014 2324 1367 2399 proferuntur
1389 2326 1488 2379 abs
1517 2331 1589 2387 te,
1632 2338 1756 2394 quae
1779 2339 1881 2380 nos

298 2417 522 2487 possint
553 2416 897 2486 aliquatenus
928 2417 1222 2480 deterrere,
1250 2423 1345 2470 aut
1375 2427 1522 2472 certe
1548 2416 1696 2486 aperi
1722 2416 1881 2471 nobis

299 2508 725 2579 intelligentiam
754 2509 885 2563 dicti
930 2508 1115 2579 hujus,
1145 2510 1419 2580 quomodo
1466 2517 1524 2564 tu
1557 2526 1622 2564 ex
1653 2510 1770 2580 lege
1798 2509 1879 2563 di-

296 2600 504 2658 diceris
535 2600 727 2665 Deum,
755 2617 916 2671 quem
960 2602 1040 2657 lex
1078 2601 1196 2673 ipsa
1243 2602 1439 2667 nescit,
1472 2609 1525 2656 et
1555 2616 1714 2671 quem
1764 2601 1881 2671 ipse

296 2692 394 2763 qui
426 2692 605 2763 legem
632 2693 813 2763 posuit
860 2693 1091 2764 ignoret.
1124 2691 1189 2746 Et
1215 2690 1404 2748 Simon
1431 2710 1445 2746 :
1469 2691 1545 2757 Si,
1574 2692 1770 2761 inquit,
1799 2691 1880 2745 ri-

294 2784 479 2841 dendo
528 2786 784 2850 cessasti,
814 2785 1166 2842 evidentibus
1202 2785 1597 2840 assertionibus
1624 2798 1882 2854 compro-

294 2875 463 2932 babo.
498 2873 569 2929 Et
596 2873 789 2932 Petrus
818 2877 894 2931 ait
922 2895 937 2931 :
970 2877 1113 2943 Quin
1164 2876 1433 2939 desinam,
1465 2882 1527 2930 ut
1551 2875 1758 2946 possim
1788 2874 1878 2930 di-

293 2984 506 3024 scerea
538 2977 611 3030 te,
644 2969 917 3038 quomodo
968 2978 1026 3023 tu
1073 2983 1102 3023 a
1153 2970 1271 3041 lege
1320 2967 1595 3033 didiceris,
1623 2984 1746 3039 quae
1792 2969 1876 3025 lex

294 3062 471 3117 nescit
494 3068 553 3115 et
574 3077 693 3131 quae
719 3062 833 3131 ipse
860 3061 1001 3117 Dcus
1041 3062 1173 3133 legis
1204 3062 1433 3131 ignoret.
1822 3070 1827 3081 ‘

366 3153 507 3210 Llll.
544 3153 607 3207 Et
635 3152 824 3208 Simon
846 3153 1028 3219 :Audi,
1054 3155 1253 3225 inquit,
1273 3153 1621 3209 manifestum
1653 3162 1739 3210 est
1763 3169 1879 3211 om-

294 3250 461 3305 nibus
519 3255 574 3303 et
629 3246 888 3302 ineffabili
944 3247 1178 3317 quadam
1238 3249 1447 3303 ratione
1502 3256 1878 3320 compertum,

294 3357 468 3396 unum
507 3355 635 3395 esse
666 3338 854 3403 Deum,
907 3340 1000 3409 qui
1056 3338 1128 3395 sit
1164 3342 1407 3394 omnium
1461 3342 1675 3407 melior,
1709 3358 1739 3396 a
1770 3359 1881 3413 quo

293 3446 462 3491 omne
497 3431 643 3501 quod
678 3438 783 3494 est,
809 3432 1045 3501 sumpsit
1072 3431 1380 3495 exordium,
1410 3432 1555 3487 unde
1583 3441 1637 3487 et
1682 3450 1878 3491 neces-

294 3527 449 3580 sario
475 3521 719 3590 subjecta
745 3531 873 3579 sunt
900 3524 947 3578 ei
979 3524 1159 3577 omnia
1190 3540 1311 3593 qua:
1350 3531 1471 3595 post
1500 3525 1677 3596 ipsum
1729 3536 1877 3591 sunt,

293 3617 450 3671 velut
508 3614 743 3684 principi
801 3614 1045 3667 omnium
1106 3621 1159 3668 et
1213 3615 1577 3669 eminentiori.
1610 3614 1723 3684 Ego
1749 3632 1880 3686 ergo

293 3724 426 3763 cum
458 3707 839 3777 cognovissem
893 3705 1062 3761 Deum
1114 3708 1257 3761 hunc
1288 3708 1378 3777 qui
1411 3716 1691 3762 creaverat
1720 3723 1881 3763 mun-

294 3800 456 3862 dum,
494 3797 797 3852 secundum
832 3798 976 3867 quod
1020 3798 1105 3851 lex
1136 3798 1316 3863 docet,
1343 3799 1398 3852 in
1430 3799 1615 3853 multis
1644 3815 1766 3855 esse
1797 3800 1882 3854 in-

294 3891 548 3953 firmum,
580 3887 738 3959 longe
762 3896 942 3943 autem
978 3888 1235 3943 abhorret
1264 3889 1550 3945 infirmitas
1581 3905 1615 3942 a
1638 3890 1881 3960 perfecto

292 3979 431 4044 Deo,
458 3986 515 4035 et
546 3979 692 4033 hunc
713 3980 948 4035 viderem
974 3997 1080 4034 non
1111 3997 1233 4036 esse
1267 3980 1588 4052 perfectum,
1617 3998 1877 4039 accessa-

294 4076 379 4129 rio
420 4074 589 4127 alium
637 4088 761 4175 eqse
810 4072 1050 4126 intellexi
1102 4074 1195 4145 qui
1242 4082 1389 4130 esset
1443 4074 1739 4144 perfectus.
1779 4075 1878 4131 llic

292 4167 471 4231 enim,
504 4170 564 4218 ut
600 4163 733 4227 dixi,
783 4163 1080 4218 secundum
1117 4165 1259 4235 quod
1293 4164 1575 4236 Scriptura
1616 4167 1752 4237 legis
1778 4169 1881 4222 do-

293 4261 405 4317 cet,
435 4254 492 4306 in
520 4252 709 4306 multis
732 4251 979 4308 infirmus
1010 4269 1133 4309 esse
1163 4256 1602 4325 deprehenditur.
1624 4256 1672 4289 "
1693 4256 1883 4312 Primo

294 4344 447 4414 quod
482 4345 651 4397 homo
679 4359 838 4413 quem
873 4344 1181 4413 plasmavit,
1216 4363 1325 4401 non
1357 4351 1532 4418 potuit
1560 4366 1879 4419 permanere

292 4438 422 4492 talis
455 4435 675 4507 qualem
726 4434 843 4505 ipse
895 4436 1158 4503 voluerat,
1187 4446 1241 4494 et
1278 4440 1405 4510 quia
1434 4458 1535 4496 nec
1566 4443 1741 4498 bonus
1768 4450 1873 4509 est,

1987 580 2131 651 quod
2162 581 2215 637 in
2252 579 2512 651 paradiso
2556 580 2761 653 posuit,
2791 597 2903 637 non
2925 592 3009 638 est
3036 582 3161 639 boni
3185 585 3477 655 prohibere
3527 604 3558 643 a

1987 672 2149 727 bono.

2058 762 2191 818 LIV.
2234 763 2325 819 Sic
2351 780 2481 837 ergo
2507 781 2630 836 cum
2662 767 2708 822 is
2738 766 2832 836 qui
2861 765 3137 821 hominem
3168 766 3298 824 fecit
3320 780 3375 826 et
3400 788 3561 827 mun—

1986 854 2138 919 dum,
2164 856 2464 911 secundum
2495 872 2560 913 ea
2600 873 2721 927 qua:
2748 858 2835 913 lex
2863 857 3032 913 refert
3060 859 3412 929 imperfectus
3463 863 3555 927 sit,

1989 949 2154 1002 alium
2183 950 2303 1004 sine
2334 949 2501 1004 dubio
2530 949 2624 1004 dat
2656 950 2885 1021 intelligi
2909 951 3002 1021 qui
3026 951 3302 1020 perfectus
3332 955 3423 1009 sit.
3452 954 3561 1010 Ne-

1989 1054 2146 1095 cesse
2181 1048 2267 1097 est
2292 1042 2438 1095 enim
2489 1057 2610 1097 esse
2641 1043 2876 1112 aliquem
2918 1043 3160 1097 omnium
3215 1047 3564 1115 praestantio-
3609 1058 3611 1061 '

1990 1144 2122 1194 rem,
2146 1140 2367 1202 propter
2393 1148 2554 1202 quem
2584 1142 2636 1188 et
2657 1134 2837 1189 omnis
2862 1141 3109 1189 creatura
3133 1135 3381 1192 ordinem
3398 1153 3561 1193 suum

1989 1229 2190 1277 servat.
2217 1222 2373 1280 Unde
2395 1234 2448 1280 et
2480 1240 2582 1295 ego
2612 1227 2815 1289 sciens,
2840 1227 2967 1295 quia
2991 1228 3304 1283 omnimodo
3335 1245 3563 1287 necesse

1987 1321 2074 1368 est
2103 1328 2225 1370 esse
2270 1316 2506 1386 aliquem
2563 1316 2934 1381 benigniorem
2982 1326 3035 1371 et
3082 1320 3442 1387 potentiorem
3470 1336 3561 1386 eo,

1987 1405 2081 1473 qui
2114 1405 2284 1477 legem
2334 1406 2503 1472 dedit,
2538 1407 2857 1479 imperfecto
2892 1407 3015 1472 deo,
3049 1425 3116 1467 ex
3150 1414 3564 1483 comparatione

1990 1497 2291 1565 imperfecti
2346 1497 2644 1569 perfectum
2691 1499 2821 1569 quid
2881 1500 2953 1555 sit
2988 1501 3318 1571 intelligens,
3349 1494 3413 1558 ex
3442 1503 3562 1574 ipsa

1990 1585 2274 1657 Scriptura
2318 1588 2490 1644 Deum
2551 1589 2707 1644 illum
2739 1589 2806 1646 de
2846 1606 2955 1661 quo
2986 1593 3248 1661 scriptum
3280 1610 3388 1648 non
3418 1603 3558 1660 erat,

1990 1674 2250 1732 intellexi.
2285 1676 2351 1731 Et
2375 1679 2479 1731 hoc
2501 1678 2663 1732 modo
2682 1680 2851 1748 potui,
2866 1694 2899 1732 ο
2916 1677 3095 1744 Petre,
3114 1696 3182 1736 ex
3207 1682 3323 1751 lege
3347 1682 3562 1739 discere

1990 1767 2135 1835 quod
2166 1770 2447 1824 nesciebat
2507 1769 2613 1825 lex.
2644 1768 2801 1836 Quod
2834 1778 2888 1824 et
2939 1771 2986 1825 si
3038 1771 3124 1825 lex
3155 1787 3265 1825 non
3317 1773 3561 1829 dedisset

1916 1864 1954 1919 li
1984 1860 2210 1924 indicia,
2243 1861 2445 1931 quibus
2491 1861 2842 1933 colligeretur
2881 1862 3233 1932 imperfectus
3260 1880 3382 1919 esse
3416 1865 3560 1921 Deus

1980 1951 2075 2022 qui
2104 1951 2350 2006 condidit
2380 1953 2666 2013 mundum,
2701 1953 2833 2006 mihi
2863 1954 3126 2023 possibile
3147 1963 3283 2019 erat,
3306 1959 3468 2012 etiam
3492 1974 3560 2013 ex

1980 2042 2068 2097 his
2094 2058 2218 2113 qua:
2272 2042 2328 2097 in
2386 2042 2491 2098 hoc
2539 2044 2742 2097 mundo
2765 2052 3030 2115 geruntur
3060 2046 3221 2102 malis
3249 2063 3348 2103 nec
3373 2064 3562 2105 emen-

1981 2137 2201 2200 dantur,
2227 2136 2504 2206 colligere,
2563 2137 2648 2190 vel
2680 2138 2811 2207 quia
2848 2138 3213 2209 impossibilis
3241 2147 3326 2195 est
3347 2148 3560 2196 creator

1984 2228 2126 2296 ejus,
2159 2228 2253 2297 qui
2274 2228 2415 2281 male
2436 2234 2587 2298 gesta
2618 2244 2726 2281 non
2752 2229 3000 2299 corrigit,
3028 2232 3073 2284 si
3099 2244 3208 2284 non
3246 2239 3445 2301 petest,
3472 2233 3559 2287 vel

1982 2320 2027 2374 si
2059 2335 2168 2373 non
2196 2318 2313 2374 vult
2334 2319 2552 2375 auferre
2580 2321 2740 2387 mala,
2759 2321 2877 2392 ipse
2902 2323 3080 2380 tnalus
3107 2324 3200 2387 sit,
3224 2325 3272 2381 si
3302 2342 3432 2381 vero
3458 2343 3558 2383 ne-

1980 2427 2087 2481 que
2118 2418 2297 2479 potest
2323 2425 2501 2481 neque
2527 2411 2664 2474 vult,
2720 2427 2822 2468 nec
2868 2419 3064 2483 potens
3099 2428 3201 2469 nec
3255 2415 3432 2472 bonus
3462 2417 3557 2473 sit.

1981 2502 2047 2556 Et
2072 2518 2139 2558 ex
2166 2502 2253 2559 his
2280 2517 2507 2558 necesse
2563 2509 2647 2558 est
2697 2505 2901 2574 colligi,
2940 2506 3089 2575 quod
3140 2507 3280 2564 alius
3310 2509 3383 2564 sit
3415 2508 3558 2565 Deus

1980 2593 2223 2648 omnium
2257 2596 2603 2663 praestantior
2622 2603 2676 2651 et
2710 2597 3002 2666 potentior.
3045 2598 3131 2654 Ad
3160 2598 3277 2656 haec
3327 2602 3374 2657 si
3423 2602 3558 2673 quid

1982 2686 2153 2742 babes
2184 2686 2390 2751 dicere,
2422 2703 2531 2742 non
2563 2690 2819 2745 moreris.

2050 2776 2162 2833 LV.
2191 2777 2387 2835 Petrus
2414 2781 2699 2851 respondit
2727 2802 2740 2837 :
2768 2781 2957 2839 Solent
2989 2785 3114 2849 ista,
3143 2801 3178 2841 ο
3205 2785 3415 2852 Simon,
3453 2790 3556 2845 ab-

1981 2869 2147 2925 surda
2191 2872 2455 2928 adversus
2501 2872 2668 2928 Deum
2719 2876 2973 2930 meditari
3021 2877 3075 2930 bi
3106 2879 3198 2947 qui
3230 2879 3400 2949 legem
3446 2895 3557 2936 non

1980 2965 2261 3035 magistris
2301 2966 2644 3021 tradentibus
2696 2967 2905 3037 legunt,
2957 2969 3053 3023 sed
3098 2971 3425 3039 semetipsos
3454 2972 3557 3026 do—

1980 3064 2164 3114 ctores
2193 3058 2398 3113 habent
2424 3065 2480 3113 et
2503 3066 2696 3128 putant
2725 3074 2786 3115 se
2819 3060 3123 3130 intelligere
3145 3076 3308 3132 posse
3345 3064 3517 3133 legem
3537 3105 3557 3132 ,

1958 3164 2146 3219 quam
2171 3150 2275 3205 sibi
2305 3165 2414 3205 non
2439 3150 2695 3221 exposuit
2726 3150 2817 3205 ille
2843 3152 2984 3221 quia
3004 3152 3269 3223 magistro
3281 3153 3553 3213 didicerit.

1986 3240 2373 3298 Verumtamen
2388 3259 2554 3307 nunc,
2575 3252 2635 3296 ut
2650 3251 2702 3298 et
2718 3259 2819 3298 nos
2842 3244 3142 3299 secundum
3164 3254 3317 3301 tuum
3335 3262 3557 3303 sensum

1986 3333 2326 3404 Scripturam
2365 3336 2501 3405 legis
2523 3337 2676 3405 sequi
2714 3336 3023 3401 videamur,
3055 3338 3184 3406 quia
3214 3347 3271 3391 et
3294 3340 3557 3409 impossi-

1982 3425 2145 3482 bilem
2172 3434 2226 3481 et
2256 3442 2363 3480 non
2387 3427 2590 3481 bonum
2617 3427 2757 3483 dicis
2788 3428 3003 3483 ostendi
3030 3431 3381 3486 Conditorem
3399 3449 3558 3487 mun-

1982 3517 2061 3581 di,
2095 3519 2371 3588 quomodo
2402 3534 2512 3572 non
2544 3519 2726 3573 vidisti
2773 3520 2919 3590 quod
2963 3520 3158 3577 iisdem
3198 3523 3334 3593 ipsis
3370 3540 3559 3594 repre-

1983 3608 2345 3665 hensionibus
2367 3611 2677 3665 succumbit
2700 3620 2756 3665 et
2786 3613 3033 3681 subjacet
3062 3616 3225 3669 etiam
3252 3616 3358 3670 ista
3381 3618 3557 3674 virtus

1982 3708 2099 3764 tua,
2127 3716 2292 3771 quam
2333 3702 2474 3757 dicis
2513 3718 2637 3757 esse
2674 3705 3087 3759 eminentiorem
3131 3708 3417 3763 omnium?
3452 3709 3557 3765 Eo-

1983 3793 2103 3847 dem
2137 3809 2374 3865 namque
2402 3794 2567 3850 modo
2593 3795 2661 3850 de
2690 3799 2807 3864 ipsa
2835 3798 2944 3852 dici
2976 3806 3175 3868 potest,
3218 3802 3345 3871 quia
3370 3804 3555 3858 omnia

1982 3902 2102 3958 quae
2128 3888 2217 3941 hic
2239 3890 2381 3943 male
2404 3876 2690 3959 geruntur,
2718 3896 2813 3941 aut
2832 3889 3187 3958 impossibilis
3201 3900 3286 3946 est
3302 3908 3422 3963 quae
3445 3911 3554 3950 non

1982 3980 2229 4050 corrigit,
2250 3986 2344 4033 aut
2371 3981 2417 4034 si
2447 3987 2627 4049 potest
2651 3990 2704 4033 et
2731 3995 2842 4033 non
2868 3982 3008 4043 vult,
3027 3982 3170 4035 mala
3201 3992 3304 4038 est.
3339 3983 3396 4037 Si
3422 4000 3554 4040 vero

1982 4086 2158 4143 neque
2195 4078 2377 4141 potest
2409 4086 2585 4141 neque
2617 4071 2753 4137 vult,
2788 4080 2843 4127 et
2876 4072 3236 4141 impossibilis
3269 4081 3327 4129 et
3352 4075 3555 4144 imper-

1983 4163 2121 4218 lecta
2148 4171 2253 4217 est.
2285 4161 2440 4217 Unde
2469 4178 2579 4216 non
2621 4164 2799 4217 solum
2831 4162 2996 4217 simili
3029 4164 3203 4232 culpa:
3227 4165 3405 4221 virtus
3438 4168 3548 4222 ista

1982 4262 2075 4308 tua
2104 4267 2263 4318 nova,
2298 4253 2391 4308 sed
2417 4261 2471 4307 et
2497 4252 2757 4308 deteriori
2782 4252 3061 4317 invenitur
3087 4256 3345 4319 obnoxia,
3379 4258 3425 4312 si
3456 4273 3553 4312 su-

1978 4362 2077 4417 per
2108 4347 2224 4400 hazc
2251 4346 2441 4400 omnia
2473 4346 2637 4401 etiam
2668 4360 2791 4399 cum
2835 4361 2943 4399 non
2977 4348 3069 4411 sit,
3106 4361 3229 4402 esse
3270 4348 3547 4407 credatur.

1980 4439 2113 4494 Nam
2144 4441 2191 4494 is
2230 4438 2323 4509 qui
2354 4438 2617 4491 mundum
2650 4437 2876 4505 creavit,
2902 4439 3006 4493 hoc
3044 4439 3222 4508 ipsum
3247 4441 3391 4510 quod
3418 4443 3549 4497 sub—-

293 4531 386 4601 qui
419 4531 602 4599 primo
628 4528 831 4583 homini
862 4524 1044 4598 posuit
1079 4531 1271 4602 legem,
1303 4540 1363 4587 ut
1394 4534 1461 4589 ab
1483 4536 1737 4591 omnibus
1750 4538 1875 4605 qui-
1904 4538 1949 4597 υ
1978 4532 2203 4588 sistitex
2222 4546 2386 4601 opere
2399 4529 2519 4598 ejus
2537 4544 2645 4599 quo
2662 4530 2925 4584 mundum
2942 4532 3210 4597 condidit,
3230 4533 3409 4603 palam
3435 4542 3543 4599 est,

292 4619 417 4671 dem
448 4618 613 4689 lignis
656 4622 891 4689 paradisi
917 4623 1134 4687 ederet,
1165 4624 1231 4679 de
1252 4626 1400 4696 ligno
1429 4634 1606 4681 autem
1634 4628 1876 4682 scientiae

295 4723 407 4761 non
440 4709 811 4781 contingeret,
844 4714 939 4768 sed
991 4714 1037 4770 si
1092 4723 1368 4785 gustasset
1404 4726 1731 4775 moreretur.
1764 4721 1878 4776 Cur

291 4801 441 4854 enim
477 4809 687 4857 vetaret
736 4821 858 4859 eum
887 4806 1032 4861 vesci
1058 4814 1112 4861 et
1157 4809 1298 4864 scire
1321 4810 1449 4878 quid
1501 4819 1645 4865 esset
1671 4812 1872 4866 bonum

294 4894 381 4947 vel
408 4893 545 4963 quid
601 4902 824 4961 malum,
861 4906 917 4951 ut
967 4914 1148 4955 sciens
1207 4902 1348 4955 mala
1401 4902 1619 4972 quidem
1656 4904 1871 4970 vitaret,

294 4983 446 5037 bona
476 4998 609 5037 vero
642 4978 902 5057 eligeret?
947 4988 1050 5046 Sed
1105 5006 1279 5061 neque
1303 4992 1419 5062 ipse
1446 4994 1548 5049 hoc
1573 4997 1870 5063 concessit,

292 5082 350 5129 et
383 5075 518 5144 quia
553 5072 643 5129 ille
684 5085 877 5146 praeter
922 5080 1237 5136 mandatum
1279 5086 1519 5155 gustavit
1559 5094 1613 5141 et
1652 5088 1871 5159 agnovit

293 5167 431 5237 quid
461 5177 611 5222 esset
639 5169 859 5232 bonum,
886 5188 948 5227 ac
968 5174 1157 5230 didicit
1186 5176 1408 5232 honoris
1434 5180 1604 5248 gratia
1635 5181 1869 5235 verenda

236 5258 241 5263 ”
292 5265 597 5328 contegere
649 5260 986 5331 (indecorum
1012 5268 1155 5323 enim
1181 5269 1353 5323 sensit
1379 5271 1632 5325 revelatis
1657 5272 1870 5341 pudenv

289 5351 382 5407 dis
416 5359 571 5406 stare
622 5359 747 5409 ante
775 5354 1086 5413 Creatorem
1135 5361 1345 5433 suum),
1378 5363 1467 5417 ille
1495 5379 1617 5418 eum
1647 5364 1739 5433 qui
1770 5364 1869 5420 ho-

287 5457 486 5498 norem
521 5439 638 5499 Deo
684 5444 896 5501 deferre
948 5448 1229 5516 didicerat,
1263 5461 1435 5508 morte
1460 5455 1790 5512 condemnat
1815 5462 1871 5513 et

288 5530 542 5604 serpenti
567 5534 667 5603 qui
697 5536 811 5590 haec
850 5537 1183 5605 ostenderat,
1217 5543 1509 5599 maledicit.
1546 5543 1650 5599 Sed
1683 5547 1869 5617 utique

286 5633 334 5681 si
360 5622 657 5683 laedendus
677 5642 744 5684 ex
774 5627 877 5683 hoc
896 5637 1015 5685 erat
1040 5632 1202 5687 homo
1220 5672 1233 5698 ,
1262 5648 1360 5688 cur
1389 5636 1613 5692 omnino
1639 5638 1866 5695 laedendi

1979 4625 2124 4679 sicut
2162 4624 2325 4678 etiam
2379 4623 2496 4692 ipse
2529 4621 2829 4676 confiteris.
2878 4620 2987 4677 lsta
3018 4638 3147 4679 vero
3176 4623 3354 4680 virtus
3383 4640 3547 4694 quam

1976 4724 2031 4772 te
2061 4717 2237 4771 solum
2269 4714 2411 4771 scire
2441 4714 2603 4778 dicis,
2623 4714 2834 4769 nullum
2855 4714 2921 4769 de
2951 4730 3011 4770 se
3033 4714 3295 4770 indicium
3321 4717 3545 4789 praebet,

1977 4824 2075 4879 per
2107 4809 2253 4878 quod
2289 4808 2393 4862 huc
2441 4807 2620 4878 ipsum
2651 4808 2843 4862 saltem
2876 4806 3023 4878 quod
3050 4814 3135 4863 est
3161 4815 3216 4864 et
3256 4810 3544 4873 subsistit,

1976 4900 2252 4971 possimus
2300 4899 2603 4955 advertere.

2046 4992 2181 5047 LVI.
2214 4992 2383 5059 Quale
2411 4999 2495 5047 est
2527 5007 2678 5063 ergo,
2713 4998 2774 5046 ut
2795 4991 3239 5064 derelinquamus
3268 4992 3463 5059 Deum,
3488 4994 3545 5051 in

1977 5084 2136 5155 cujus
2159 5084 2364 5139 mundo
2386 5084 2622 5139 vivimus
2644 5093 2699 5138 et
2725 5084 2984 5139 omnibus
3011 5085 3078 5140 ad
3102 5086 3269 5139 vitam
3291 5100 3547 5142 necessa-

1976 5179 2076 5234 riis
2109 5178 2361 5243 fruimur,
2395 5186 2450 5234 et
2482 5192 2777 5247 sequamur
2808 5178 2996 5233 nescio
3021 5193 3214 5247 quem,
3246 5177 3405 5246 cujus
3433 5194 3545 5232 non

1975 5273 2153 5329 solum
2188 5271 2328 5326 nihil
2374 5270 2764 5341 consequimur
2806 5270 2965 5334 boni,
2999 5270 3093 5325 sed
3127 5286 3194 5324 ne
3222 5270 3327 5325 hoc
3357 5272 3539 5340 ipsum

1976 5364 2234 5435 quidem,
2265 5363 2412 5433 quod
2452 5362 2545 5423 sit,
2587 5362 2732 5417 scire
2776 5377 3070 5431 possumus
3094 5400 3112 5425 ,
3156 5362 3370 5418 scilicet
3414 5362 3544 5433 quia

1977 5472 2077 5511 nec
2114 5464 2231 5522 est;
2266 5455 2382 5511 sive
2408 5454 2549 5508 enim
2577 5468 2701 5510 eum
2738 5454 2914 5508 lucem
2939 5455 3179 5525 appelles
3210 5462 3263 5510 et
3285 5455 3406 5510 luce
3438 5455 3543 5510 ista

1976 5563 2137 5617 quam
2176 5544 2452 5601 cernimus
2481 5544 2769 5598 ciariorem
2792 5584 2805 5605 ,
2846 5560 3042 5600 nomen
3076 5545 3255 5616 ipsum
3291 5562 3321 5601 a
3350 5547 3541 5605 mundi

1974 5638 2264 5693 Conditore
2286 5635 2586 5703 mutuaris;
2608 5636 2723 5692 sive
2752 5636 3112 5695 substantlam
3140 5639 3346 5694 dixeris
3376 5654 3542 5709 super

358 5766 564 5834 “Quae
602 5779 906 5844 sequuntur
935 5770 1199 5829 vocabula
1231 5788 1403 5847 usque
1434 5777 1525 5840 ad
1560 5777 1652 5833 illa
1703 5793 1823 5849 cap.
1881 5793 1997 5850 seq.
2033 5792 2095 5832 ex
2128 5775 2540 5845 comparatione,
2591 5780 2723 5837 ite,
2779 5773 2977 5829 desunt
3033 5773 3087 5830 in
3125 5786 3356 5848 utroque
3410 5773 3535 5833 cod.

291 5836 440 5908 Lips.
