4048 6262
569 293 711 350 I275

1413 295 1473 350 S.
1508 295 1899 350 CLEMENTIS
1931 295 1950 349 I
1982 286 2150 352 ROM.
2189 298 2389 355 ΡΟΝΤ.
2428 301 2657 356 ΟΡΞἘΑ
2698 303 2923 359 ΒιῖΒΙΔ.

3616 310 3726 366 I276

566 409 752 465 omnia
775 449 789 475 ,
822 406 1245 478 intelligentiam
1284 408 1419 463 hinc
1454 407 1667 479 profers
1703 424 1828 463 cum
1865 410 2135 467 sermonis
2162 418 2213 475 Α
2239 413 2383 468 ditor
2408 415 2576 485 exigit
2616 417 2781 471 etiam
2811 419 2985 486 legem
3027 418 3260 489 impleri.
3287 417 3353 472 Et
3383 417 3591 475 Petrus:
3617 422 3729 497 Ergo

565 510 882 573 augmento;
913 502 1026 556 sive
1049 511 1306 566 mentem,
1342 503 1456 557 sive
1482 501 1931 565 bonitatem,sive
1947 502 2134 570 vitam,

564 596 680 651 sive
711 594 859 648 aliud
903 595 1033 664 quid
1077 595 1502 657 memoraveris,
1534 594 1663 647 hinc
1704 595 1972 648 vocabula
2016 611 2136 649 mu—

561 691 758 746 tuaris.
808 688 949 743 Cum
976 704 1105 757 ergo
1154 688 1287 741 nihil
1326 689 1451 740 novi
1495 687 1562 740 de
1597 686 1687 739 illa
1723 687 1923 741 virtute
1971 702 2134 756 quam

500 809 503 811 ·
560 784 724 846 dicis,
768 797 878 837 non
929 782 1107 837 solum
1141 779 1210 833 ad
1264 778 1698 848 intelligendum,
1737 795 1924 833 verum
1958 795 2028 833 ne
2066 780 2133 833 ad

563 876 957 932 nominandum
986 873 1204 944 quidem
1238 872 1473 934 habeas,
1524 871 1799 941 quomodo
1830 860 2133 926 introducis

563 985 766 1025 novum
795 968 985 1028 Deum.
1019 967 1175 1034 cujus
1204 981 1307 1019 nec
1334 965 1754 1034 appellationem
1794 965 2015 1033 quidem
2048 965 2133 1019 in-

560 1063 717 1119 venis
747 1062 978 1117 novam?
1000 1059 1192 1113 .Virtus
1224 1058 1370 1111 enim
1401 1072 1509 1111 non
1534 1057 1713 1112 solum
1729 1055 1957 1110 Creator
1973 1072 2132 1111 mun-

560 1157 617 1212 di
641 1155 885 1215 dicitur,
927 1152 1021 1206 sed
1067 1160 1122 1206 et
1167 1149 1407 1204 ministri
1453 1149 1640 1220 gloriae
1681 1148 1803 1217 ejus
1842 1149 2131 1219 omnisque

559 1248 755 1302 militia
781 1244 1040 1301 cmlestis.
1074 1242 1193 1295 Non
1218 1242 1320 1295 tibi
1344 1257 1476 1311 ergo
1502 1242 1700 1296 melius
1726 1242 1941 1295 videtur
1968 1257 2091 1297 esse
2110 1282 2125 1305 ,

558 1349 931 1410 Itsequamur
959 1336 1220 1389 factorem
1252 1342 1503 1387 nostrum
1526 1332 1718 1395 Deum,
1746 1339 2005 1401 tanquam
2032 1347 2129 1401 pa-

554 1440 697 1489 trem
730 1430 1076 1486 erudientem
1125 1441 1227 1480 nos
1257 1433 1310 1480 et
1352 1425 1686 1479 imbuentem
1718 1425 1862 1479 sicut
1884 1424 2002 1493 ipse
2028 1437 2128 1478 no-

557 1521 842 1590 vitiQuod
869 1529 924 1575 et
950 1520 997 1574 si
1024 1518 1097 1574 sit
1118 1517 1341 1588 aliquis,
1368 1523 1428 1570 ut
1453 1526 1510 1571 tu
1534 1516 1672 1571 dicis
1697 1516 1987 1585 benignior
2009 1530 2128 1569 om-

556 1616 711 1672 nium
742 1614 908 1675 Deus,
937 1619 1148 1667 certum
1182 1617 1265 1664 est
1295 1610 1419 1678 quia
1448 1622 1556 1662 non
1587 1608 1845 1661 irascitur
1872 1608 2054 1671 nobis,
2078 1606 2125 1660 si

554 1723 683 1764 vero
748 1704 1005 1760 irascitur
1071 1704 1249 1757 malus
1298 1709 1405 1756 est.
1440 1700 1636 1755 Noster
1677 1706 1860 1754 autem
1903 1698 2046 1753 Deus
2076 1700 2121 1753 si

2236 513 2291 559 et
2314 505 2592 563 adulteros
2638 516 2693 562 et
2745 508 3050 566 homicidas
3099 511 3296 575 salvat,
3349 509 3392 565 si
3437 517 3731 580 cognoverint

2236 613 2382 662 eum,
2415 599 2590 655 bonos
2620 615 2800 656 autem
2834 609 2888 657 et
2917 602 3133 658 sobrios
3170 603 3252 657 vel
3299 602 3662 667 misericordes.
3695 608 3731 663 si

2235 690 2442 744 nullum
2480 691 2547 745 de
2573 707 2639 746 eo
2664 692 2922 747 indicium
2942 696 3220 763 capientes
3248 694 3584 764 ignoraverint
3608 714 3726 761 eum,

2235 770 2578 837 nonsalvat.
2627 782 2880 854 Magnum
2912 793 2965 841 et
3008 788 3209 841 bonum
3252 786 3521 855 przedicas,
3546 788 3625 857 qui
3650 806 3732 842 non

2234 880 2342 926 tam
2374 874 2545 929 malos
2570 875 2767 939 salvet,
2812 892 2975 946 quam
3006 879 3102 948 qui
3138 877 3298 932 bonis
3344 877 3531 929 nullam
3564 880 3734 933 miseri-

2232 962 2477 1018 cardiam
2516 974 2753 1034 praestet.
2805 967 2870 1021 Et
2917 969 3105 1023 Simon
3151 987 3164 1023 :
3202 969 3422 1039 Magnus
3460 985 3576 1025 sane
3618 972 3737 1027 labor

2230 1062 2317 1109 est
2345 1070 2641 1126 agnoscere
2680 1073 2804 1114 eum
2845 1060 3050 1116 homini
3085 1062 3141 1116 in
3174 1077 3339 1117 carne
3377 1064 3554 1132 posito.
3587 1062 3736 1117 Omni-

2231 1145 2335 1201 bus
2363 1148 2507 1202 enim
2535 1150 2774 1205 tenebris
2803 1152 3021 1217 tetrius,
3054 1161 3108 1208 et
3144 1155 3291 1207 omni
3320 1154 3429 1207 luto
3456 1156 3648 1225 gravius
3675 1163 3740 1209 est

2230 1254 2433 1309 corpus
2477 1240 2603 1301 hoc.
2648 1258 2756 1311 quo
2803 1243 3180 1298 circumdatur
3210 1244 3406 1301 anima.
3452 1244 3512 1298 Et
3543 1244 3734 1302 Petrus:

2230 1329 2371 1403 Ergo
2394 1333 2573 1389 bonus
2603 1335 2708 1391 iste
2752 1335 2896 1393 Deus
2926 1353 3047 1407 quae
3087 1337 3328 1391 diIIicilia
3365 1344 3517 1403 sunt,
3564 1339 3736 1406 quaerit.

2228 1424 2333 1489 Qui
2364 1433 2545 1480 autem
2578 1442 2706 1482 vere
2739 1427 2885 1484 Deus
2919 1436 3038 1493 est,
3071 1428 3321 1483 faciliora
3351 1429 3555 1498 expetit.
3581 1427 3736 1483 Dimit-

2225 1523 2306 1570 tat
2337 1518 2520 1588 itaque
2550 1534 2650 1575 nos
2678 1522 2837 1590 quasi
2867 1521 3044 1575 bonus
3068 1521 3209 1591 apud
3241 1518 3455 1573 Patrem
3479 1527 3528 1574 et
3556 1518 3739 1577 Creato-

2226 1623 2342 1663 rem
2372 1617 2645 1675 nostrum,
2673 1619 2728 1666 et
2754 1612 2973 1685 quando
3004 1611 3424 1667 discesserimus
3467 1626 3496 1665 e
3521 1626 3737 1680 corpore,

2226 1708 2279 1753 et
2309 1702 2441 1755 istas
2470 1717 2607 1781 quas
2644 1702 2783 1758 dicis
2806 1703 3063 1759 tenebras
3086 1703 3487 1773 reliquerimus,
3514 1712 3627 1756 tunc
3645 1719 3742 1758 eum

554 1798 811 1854 irascitur
837 1806 892 1851 et
912 1795 1171 1859 vindicet,
1200 1809 1309 1847 non
1342 1801 1427 1847 est
1451 1793 1628 1846 malus
1653 1791 1973 1860 sedjustus,
1997 1806 2123 1860 pro-
2158 1756 2196 1810 Β
2228 1792 2444 1848 facilius
2469 1776 2853 1863 agnosccmus,
2883 1801 2937 1849 et
2968 1802 3099 1849 tunc
3133 1795 3309 1865 magis
3340 1795 3513 1847 anima
3530 1794 3741 1848 condito-

552 1892 704 1962 prios
724 1890 872 1946 enim
912 1888 1057 1943 ﬁlios
1091 1886 1319 1956 corripit
1354 1893 1408 1940 et
1432 1885 1707 1940 emendat.
1745 1884 1839 1939 Ille
1867 1899 1998 1939 vero
2024 1885 2120 1953 qui

551 1982 691 2039 nihil
730 1981 1018 2036 nobiscum
1044 1979 1207 2032 habet
1234 1977 1475 2046 negotii,
1503 1976 1549 2031 si
1581 1976 1864 2030 vindicare
1903 1975 2032 2029 velit
2067 1979 2120 2028 in

548 2091 675 2138 nos,
706 2073 982 2145 quomodo
1007 2072 1184 2126 bonus
1210 2070 1350 2125 erit?
1377 2068 1644 2137 supplicia
1680 2082 1903 2123 sumens
1931 2066 1999 2121 de
2020 2081 2123 2120 no-

548 2168 661 2230 bis,
692 2166 839 2236 quod
870 2180 982 2218 non
1005 2162 1268 2219 derelicto
1305 2168 1459 2233 patre
1505 2168 1697 2214 nostro
1735 2159 1915 2235 ipsum
1943 2160 2119 2214 secuti

549 2273 742 2314 sumus
779 2256 1037 2310 inanibus
1066 2252 1480 2323 suspicionibus
1514 2254 1699 2317 tracti,
1734 2252 2009 2322 quomodo
2025 2267 2119 2308 er-

548 2364 618 2421 go
666 2350 768 2405 iste
798 2347 925 2401 talis
960 2348 1138 2402 bonus
1183 2361 1213 2400 a
1243 2354 1295 2401 te
1324 2345 1625 2409 asseritur,
1656 2344 1755 2416 qui
1794 2359 1897 2400 nec
1932 2344 2118 2415 justus

548 2440 783 2509 intelligi
831 2446 1031 2507 potest.
1388 2421 1396 2429 ’
2092 2428 2099 2433 ”

616 2530 775 2586 LVII.
811 2530 948 2583 Tum
987 2528 1216 2583 Simon:
1252 2526 1561 2584 Tantumne
1593 2543 1768 2595 erras,
1806 2528 2008 2599 Petro,
2053 2540 2115 2587 ut

544 2626 787 2689 nescias,
827 2624 954 2694 quia
1004 2622 1202 2676 animae
1231 2627 1436 2676 nostra:
1465 2638 1494 2674 ιι
1536 2621 1680 2675 bono
1719 2620 1829 2676 Deo
1861 2633 1991 2678 sunt
2021 2623 2115 2679 illo

543 2720 785 2776 omnium
804 2716 1207 2789 praestantiore,
1231 2714 1327 2770 sed
1357 2714 1586 2783 captivae
1627 2713 1876 2769 deducta:
1898 2725 2033 2771 sunt
2057 2716 2114 2770 in

542 2813 690 2868 hunc
721 2811 1014 2866 mundum?
1042 2808 1106 2862 Et
1144 2806 1339 2863 Petrus
1371 2826 1383 2860 :
1419 2806 1563 2877 Ergo
1596 2822 1705 2861 non
1731 2815 1816 2861 est
1852 2808 2111 2864 omnibus

539 2905 875 2975 incognitus,
909 2903 1052 2957 sicut
1075 2900 1238 2970 paulo
1261 2905 1385 2952 ante
1414 2898 1668 2964 dicebas;
1692 2906 1746 2954 et
1772 2888 1954 2954 tamen
1976 2915 2114 2970 quo-

539 2997 704 3053 modo
734 2995 960 3050 indulsit
987 2994 1164 3047 bonus
1193 2989 1336 3045 Deus
1362 2989 1734 3058 captivitatem
1758 2990 1880 3045 fieri
1903 2991 2112 3044 anima-

2224 1901 2336 1939 rem
2370 1902 2528 1940 suum
2561 1886 2967 1957 esseintelliget
2988 1886 3180 1950 Deum,
3214 1895 3269 1941 et
3289 1887 3431 1956 apud
3462 1887 3622 1956 ipsum
3650 1903 3747 1956 per-

2225 1978 2498 2041 manebit,
2532 1995 2631 2034 nec
2666 1981 2808 2032 ultra
2848 1979 3081 2035 diversis
3123 1979 3545 2049 cogitationibus
3585 1977 3746 2046 fatiga-

2224 2069 2387 2131 bitur,
2414 2084 2590 2139 neque
2618 2071 2760 2125 volet
2786 2071 2853 2125 ad
2883 2072 3043 2125 aliam
3061 2069 3360 2141 confugere
3376 2070 3749 2137 virtutem,qu:e

2223 2161 2357 2214 nulli
2387 2162 2603 2230 cognita
2634 2170 2718 2217 est
2745 2163 2851 2217 nisi
2887 2162 3096 2217 Simoni
3125 2163 3263 2229 soli;
3290 2178 3410 2233 quae
3446 2169 3596 2215 tanta:
3622 2159 3748 2214 boni-

2222 2252 2350 2307 tatis
2380 2261 2484 2317 est,
2522 2261 2580 2307 ut
2611 2254 2716 2308 nisi
2747 2255 2871 2324 quis
2910 2255 3063 2324 prius
3090 2256 3293 2325 impius
3326 2254 3586 2310 exstiterit
3613 2254 3658 2307 in
3674 2268 3751 2323 pa-

2221 2351 2430 2399 rentem
2461 2359 2623 2399 suum
2647 2384 2662 2409 ,
2721 2346 2788 2399 ad
2815 2347 2985 2416 ipsam
3013 2347 3200 2401 venire
3230 2362 3341 2401 non
3370 2346 3559 2417 possit.
3584 2343 3748 2399 Nescio

2218 2433 2495 2505 quomodo
2521 2436 2636 2491 haae
2663 2437 2841 2493 virtus
2872 2437 2955 2493 vel
2998 2438 3141 2493 bona
3180 2438 3266 2493 vel
3292 2438 3444 2508 justa
3472 2435 3753 2508 appellanda

2218 2528 2314 2592 sit,
2347 2528 2438 2582 cui
2467 2528 2682 2599 placere
2714 2544 2821 2583 non
2852 2536 3070 2600 potest,
3101 2528 3208 2585 nisi
3239 2530 3369 2601 quis
3393 2530 3553 2599 impie
3579 2542 3631 2583 se
3654 2540 3752 2597 ges-

2218 2619 2351 2675 serit
2382 2620 2438 2674 in
2468 2636 2592 2675 eum
2613 2635 2645 2675 a
2672 2635 2783 2692 quo
2813 2620 2991 2678 factus
3020 2628 3124 2678 est.

2283 2710 2426 2769 LIX.
2453 2713 2519 2768 Et
2546 2714 2741 2769 Simon
2771 2734 2788 2769 ι
2828 2714 2945 2770 Non
2972 2723 3055 2772 est
3088 2716 3319 2786 impium
3338 2755 3353 2781 ,
3380 2713 3621 2769 utilitatis
3651 2724 3753 2781 gra-

2216 2809 2290 2863 tia
2324 2818 2380 2864 et
2410 2808 2548 2863 lucri
2579 2807 2804 2876 majoris
2827 2808 3121 2879 confugere
3151 2809 3218 2864 ad
3237 2825 3372 2864 eum
3394 2848 3410 2873 ,
3441 2809 3530 2879 qui
3557 2806 3753 2877 opulen-

2216 2901 2375 2955 tioris
2396 2907 2480 2955 est
2504 2900 2708 2970 gloriae.
2736 2899 2799 2953 Et
2835 2898 3033 2955 Petrus
3064 2918 3076 2954 :
3120 2898 3201 2965 Si,
3232 2907 3295 2955 ut
3328 2910 3385 2955 tu
3420 2900 3500 2955 ais
3520 2939 3535 2962 ,
3566 2914 3662 2951 non
3688 2904 3754 2950 est

2217 2992 2442 3062 impium
2481 2991 2777 3061 confugere
2817 2993 2885 3046 ad
2925 2994 3197 3056 alienum,
3235 2994 3412 3048 multo
3443 2992 3607 3062 magis
3633 2989 3756 3061 pium

538 3105 661 3143 rum
695 3103 940 3151 suarum,
972 3085 1019 3142 si
1052 3093 1170 3139 erat
1196 3098 1361 3153 super
1390 3097 1582 3136 omnes
1610 3082 1885 3151 potentior
1900 3082 2111 3137 virtus?
2135 3092 2179 3149 α
2210 3091 2292 3139 est
2310 3098 2630 3154 permanere
2659 3085 2801 3154 apud
2827 3084 3105 3155 proprium
3127 3092 3365 3154 patrem,
3400 3083 3610 3140 etiamsi
3648 3096 3756 3151 pau-

538 3180 606 3235 Et
637 3180 855 3233 Simon:
884 3176 1003 3246 Ipse
1044 3175 1193 3230 misit
1218 3180 1522 3228 creatorem
1563 3172 1768 3256 Deum,
1802 3180 1861 3227 ut
1900 3173 2108 3229 conde-

477 3278 481 3283 ’
537 3280 622 3327 ret
664 3271 926 3325 mundum
946 3309 960 3330 ,
992 3267 1089 3321 sed
1116 3267 1225 3331 ille,
1260 3265 1463 3319 mundo
1485 3265 1727 3327 condito,
1756 3267 2109 3337 semetipsum

536 3360 913 3435 pronuntiavit
943 3358 1134 3413 Deum.
1178 3356 1244 3410 Et
1272 3354 1471 3411 Petrus
1504 3376 1517 3410 :
1555 3355 1695 3426 Ergo
1732 3373 1842 3411 non
1885 3358 2107 3429 ignora-

534 3465 626 3510 tur
654 3454 725 3508 ab
744 3467 809 3507 eo
839 3451 931 3521 qui
964 3448 1210 3505 condidit
1232 3449 1496 3502 mundum
1523 3488 1537 3512 ,
1579 3457 1638 3502 ut
1669 3448 1924 3518 superius
1954 3450 2109 3505 dixe-

533 3560 650 3609 ras,
682 3544 777 3599 sed
808 3557 984 3612 neque
1029 3541 1224 3594 anima:
1256 3541 1511 3610 ignorant
1541 3557 1663 3595 eum
1685 3585 1702 3606 ,
1738 3541 2004 3611 siquidem
2038 3540 2107 3595 ab

530 3640 654 3712 ipso
683 3638 931 3692 abductae
963 3642 1111 3690 sunt.
1144 3633 1244 3688 Cui
1272 3633 1532 3701 ergojam
1566 3633 1670 3687 erit
1701 3632 2033 3703 incognitus,
2057 3634 2104 3687 si

532 3740 591 3787 et
619 3729 809 3785 mundi
833 3728 1060 3783 Creator
1090 3725 1239 3778 novit
1267 3740 1412 3787 eum,
1435 3730 1493 3777 ut
1518 3724 1586 3777 ab
1616 3723 1732 3792 ipso
1760 3724 1984 3787 missus,
2017 3739 2104 3780 se-

528 3821 772 3877 cundum
802 3836 865 3876 ea
896 3834 1015 3890 quae
1047 3828 1104 3871 tu
1135 3816 1294 3880 dicis,
1320 3828 1376 3870 et
1409 3831 1599 3871 omnes
1628 3815 1823 3869 animae
1839 3822 2102 3886 tanquam

531 3914 603 3971 ab
624 3915 743 3983 ipso
775 3913 879 3966 huc
911 3911 1176 3967 violenter
1196 3908 1526 3963 abstracta}?
1550 3906 1692 3960 Tum
1712 3906 1914 3961 deinde
1945 3908 2099 3964 dicas

530 4007 715 4069 velim,
744 4006 836 4075 qui
870 4005 1120 4058 mittebat
1149 4001 1486 4056 conditorem
1512 3997 1725 4063 mundi,
1748 4014 1859 4053 non
1891 4000 2100 4055 sciebat

528 4114 653 4155 eum
678 4098 771 4168 qui
804 4096 1139 4156 mittebatur,
1174 4093 1333 4148 ﬁdem
1364 4108 1472 4145 non
1517 4091 1897 4146 servaturum?
1926 4091 1972 4146 si
2001 4107 2099 4148 ne-

527 4191 737 4248 sciebat
763 4187 1030 4259 praescius
1072 4201 1180 4239 non
1204 4193 1354 4250 erat,
1383 4185 1435 4238 si
1461 4199 1591 4238 vero
1619 4184 1859 4254 praesciit
1886 4192 1940 4238 et
1971 4199 2097 4253 pas-

526 4298 623 4338 sus
651 4288 755 4344 est,
790 4280 915 4334 facti
965 4278 1129 4347 hujus
1178 4278 1293 4347 ipse
1315 4292 1445 4331 reus
1480 4283 1586 4339 est,
1609 4276 1703 4345 qui
1744 4290 1854 4330 non
1886 4275 2092 4344 vetuit;

524 4374 670 4445 quod
721 4373 765 4428 si
825 4387 935 4426 non
970 4370 1183 4439 potuit,
1208 4369 1556 4438 omnipotens
1592 4383 1702 4423 non
1733 4376 1837 4423 est.
1865 4367 1923 4422 Si
1961 4384 2092 4425 vero

525 4456 680 4537 quasi
711 4467 915 4520 bonum
940 4464 989 4516 id
1024 4464 1204 4518 sciens
1232 4478 1341 4515 non
1372 4462 1671 4530 prohibuit,
1702 4462 1982 4517 invenitur
2001 4462 2093 4519 ille

526 4576 651 4615 esse
683 4559 877 4612 melior
894 4558 983 4626 qui
1010 4556 1361 4625 praesumpsit
1385 4554 1565 4610 facere
1595 4554 1674 4620 id,
1704 4554 1851 4625 quod
1883 4555 1976 4610 ille
1997 4556 2091 4625 qui

522 4651 773 4707 mittebat
806 4648 1077 4719 ignoravit
1110 4648 1336 4702 bonum.

594 4739 774 4796 LVIII.
808 4741 874 4794 Et
905 4740 1093 4794 Simon
1121 4757 1133 4791 :
1171 4735 1448 4801 Veientes,
1474 4736 1687 4808 inquit,
1718 4736 1785 4790 ad
1815 4753 1875 4792 se
1903 4736 2090 4793 venire

519 4835 751 4905 suscipit
786 4842 841 4889 et
867 4833 1001 4903 ipsis
1025 4830 1315 4888 benefacit.
1342 4830 1406 4883 Et
1435 4830 1631 4885 Petrus
1660 4850 1673 4886 :
1709 4829 1818 4884 Nec
1858 4830 1965 4885 hoc
1998 4845 2094 4886 no-

516 4942 645 4983 vum
673 4934 777 4985 est.
802 4925 905 4979 hoc
933 4925 1077 4981 enim
1102 4923 1231 4977 facit
1257 4930 1311 4977 et
1342 4923 1432 4977 hic
1461 4938 1620 4992 quem
1650 4921 1841 4975 mundi
1864 4928 2082 4977 creato-

515 5036 629 5077 rem
660 5019 869 5075 fateris.
907 5017 971 5071 Et
998 5016 1186 5074 Simon
1221 5035 1233 5070 :
1263 5014 1369 5070 Sed
1406 5017 1581 5071 bonus
1618 5013 1761 5069 Deus
1793 5022 2003 5069 tantum
2032 5015 2081 5070 si

513 5119 845 5182 agnoscatur
875 5111 1105 5165 salutem
1135 5108 1508 5179 praestat(77),
1535 5107 1725 5162 mundi
1743 5114 1923 5161 autem
1946 5121 2082 5162 con-

2211 3191 2306 3247 per
2338 3177 2427 3230 sit.
2453 3174 2559 3229 Aut
2589 3175 2635 3230 si
2658 3176 2701 3207 ⁶⁹
2733 3192 2842 3230 non
2874 3185 3033 3246 putas
3060 3191 3183 3231 esse
3208 3176 3468 3246 impium,
3506 3182 3563 3230 ut
3596 3173 3756 3227 relicto

2208 3277 2358 3338 patre
2382 3276 2570 3324 nostro
2590 3267 2972 3339 confugiamus
3001 3268 3069 3322 ad
3093 3269 3263 3323 alium
3297 3268 3462 3339 quasi
3489 3267 3753 3327 meliorem,

2208 3376 2384 3429 neque
2411 3360 2681 3431 indignari
2706 3360 2888 3415 credis
2918 3375 3017 3430 pro
3040 3360 3144 3414 hoc
3174 3368 3494 3416 creatorem
3518 3366 3757 3419 nostrum,

2206 3451 2377 3504 multo
2405 3451 2579 3521 magis
2629 3452 2808 3506 bonus
2862 3451 3004 3507 Deus
3044 3467 3153 3506 non
3184 3451 3603 3521 indignabitur,
3638 3445 3757 3518 quod

2205 3558 2328 3597 cum
2359 3559 2605 3599 essemus
2632 3544 2702 3599 ab
2730 3558 2796 3599 eo
2821 3543 3003 3605 alieni,
3025 3560 3133 3597 non
3158 3543 3524 3615 confugimus
3543 3542 3608 3596 ad
3628 3550 3755 3595 eum.

2204 3637 2298 3692 sed
2326 3636 2726 3707 permansimus
2751 3636 2895 3705 apud
2935 3635 3250 3691 Creatorem
3287 3645 3580 3700 nostrum;
3615 3640 3759 3699 etpu-

2203 3737 2259 3783 to
2287 3730 2429 3799 quod
2457 3745 2524 3784 ex
2549 3730 2653 3783 hoc
2685 3729 2857 3799 magis
2887 3728 3226 3783 collaudabit
3252 3745 3361 3785 nos
3388 3769 3403 3792 ,
3450 3727 3580 3798 quia
3624 3721 3757 3778 Iidem

2203 3835 2490 3876 servamus
2513 3820 2758 3876 Creatori
2793 3828 2983 3875 nostro
3014 3820 3143 3883 Deo,
3172 3821 3549 3877 considerans
3575 3820 3689 3888 quia
3716 3813 3753 3868 si

2200 3913 2286 3967 sui
2326 3912 2501 3981 ipsius
2539 3912 2854 3976 fuissemus,
2886 3928 3166 3983 nunquam
3194 3914 3583 3984 relinquentes
3609 3910 3759 3980 ipsum

2201 4006 2390 4061 seduci
2429 4005 2703 4060 illecebris
2735 4005 3105 4075 potuissemus
3143 4006 3372 4061 alienis.
3409 4004 3548 4059 Nam
3575 4001 3619 4057 si
3654 4002 3757 4068 quis

2198 4098 2634 4167 opulentioribus
2652 4097 2866 4152 illectus
2898 4096 3425 4167 pollicitationibus,
3447 4097 3635 4153 relicto
3655 4108 3760 4163 pro-

2197 4190 2315 4259 prio
2346 4197 2571 4260 parente
2616 4188 2894 4259 confugiat
2921 4188 2988 4242 ad
3021 4188 3261 4243 alienum
3288 4228 3305 4253 ,
3336 4198 3529 4258 potest
3555 4185 3681 4247 ﬁeri,
3714 4190 3762 4234 ut

2203 4282 2401 4337 iterum
2427 4282 2620 4337 relicto
2642 4298 2707 4337 eo
2728 4323 2745 4351 ,
2777 4282 2847 4336 ad
2872 4281 3036 4335 alium
3069 4290 3259 4351 pergat
3286 4282 3388 4352 qui
3415 4280 3623 4351 majora
3650 4289 3760 4347 pror

2197 4376 2427 4443 miserit,
2473 4391 2539 4431 eo
2592 4376 2764 4446 magis
2806 4374 2955 4445 quod
2992 4373 3164 4443 ipsius
3201 4374 3480 4444 proprius
3524 4386 3632 4425 non
3664 4374 3763 4420 erat

2196 4467 2359 4531 filius,
2392 4467 2590 4537 quippe
2631 4452 2725 4537 qui
2764 4467 2928 4522 etiam
2956 4481 3103 4531 eum,
3136 4464 3231 4535 qui
3278 4466 3335 4520 ei
3386 4474 3589 4520 natura
3633 4466 3763 4533 pater

2190 4566 2335 4621 erat,
2368 4560 2675 4629 relinquere
2727 4559 2922 4629 potuit.
2977 4556 3041 4611 Et
3106 4555 3301 4612 Simon
3343 4557 3465 4628 (78)
3502 4577 3518 4612 :
3552 4554 3684 4621 Quid
3728 4550 3765 4604 si

2191 4652 2261 4706 ab
2291 4651 2381 4705 illo
2409 4660 2536 4705 sunt
2561 4650 2788 4715 animae,
2820 4658 2875 4705 et
2898 4650 3328 4719 ignoranteum,
3361 4655 3421 4704 et
3444 4647 3539 4704 ille
3559 4654 3640 4702 est
3658 4654 3764 4697 vere

2191 4754 2344 4815 pater
2378 4744 2658 4815 ipsarum?

2263 4836 2372 4891 LX.
2410 4836 2474 4890 Et
2512 4835 2706 4890 Petrus
2734 4852 2749 4889 :
2781 4832 2947 4896 Satis,
2984 4832 3193 4901 inquit,
3231 4830 3507 4886 ostendis
3540 4842 3662 4885 eum
3694 4825 3763 4877 iu-

2191 4926 2451 4982 validum.
2482 4926 2617 4981 Nam
2651 4926 2698 4981 si
2729 4924 3036 4995 potentior,
3083 4928 3141 4975 ut
3184 4922 3274 4975 ais
3297 4961 3314 4988 ,
3366 4922 3633 4977 omnibus
3663 4925 3762 4974 est.

2190 5034 2469 5089 nunquam
2505 5016 2796 5089 potentiori
2844 5014 3130 5079 invalidior
3171 5014 3364 5083 spolia
3403 5015 3452 5046 ⁷ο
3481 5009 3763 5068 detraxisse

2191 5111 2495 5166 credendus
2523 5121 2603 5166 est
2627 5110 2696 5176 '“,
2732 5115 2826 5163 aut
2857 5108 2902 5162 si
2936 5107 3111 5177 potuit
3134 5106 3186 5159 vi
3221 5105 3303 5160 ab
3336 5122 3409 5161 eo
3442 5107 3658 5161 animas
3685 5101 3761 5155 deo

669 5248 1207 5373 Autdsi—rflinquege
1236 5248 1408 5373 ﬂoruit
1429 5263 1536 5304 non
1563 5248 1817 5321 leguntur
1838 5250 1892 5305 in
1918 5250 2039 5305 cod.
2071 5248 2217 5320 Lips.
2297 5252 2343 5284 ⁷⁸
2361 5250 2493 5306 Luc.
2528 5264 2607 5313 χι,
2631 5248 2722 5304 22.
2797 5248 2841 5278 τι
2863 5245 3211 5300 Delmatiam.
3246 5244 3475 5303 Videris
3500 5243 3758 5309 mihi,etc.

584 5336 737 5373 riuua
803 5334 939 5373 esuu
993 5334 1048 5372 ιιι
1080 5334 1144 5373 co
1191 5360 1204 5373 .
1282 5335 1386 5373 ms.

506 5318 737 5390 Reliqua
766 5318 965 5374 desunt
993 5318 1048 5372 in
1080 5320 1204 5373 cod.
1236 5318 1386 5390 Lips.

1799 5435 2167 5492 COTELERII
2205 5435 2433 5491 ΝΟΤᾸΕ.

570 5578 688 5649 (77)
720 5577 897 5649 Bonus
935 5572 1073 5649 Deus
1122 5584 1327 5649 mutum
1376 5574 1424 5627 si
1465 5582 1802 5649 agnoscatur,
1843 5573 2068 5649 salutem

503 5642 743 5770 praess.
765 5647 966 5701 Eadem
987 5646 1146 5701 docet
1185 5644 1393 5709 Simon,
1427 5642 1568 5712 apud
1611 5642 1871 5698 lrcnamm
1900 5644 1993 5698 lib.
2030 5660 2066 5707 I,

506 5733 691 5770 cana-
734 5758 746 5768 .

506 5733 785 5845 ρὛέὸῗἜι
814 5785 998 5841 Simon
1050 5784 1281 5839 Additur
1312 5784 1363 5837 in
1393 5783 1577 5840 codice
1602 5784 1873 5839 Carrnelit.
1909 5783 2068 5838 scho-

2173 5571 2303 5624 Iium
2332 5590 2344 5625 :
2371 5569 2589 5625 Creator
2612 5571 2795 5647 ruuudi
2814 5587 3034 5647 corpora
3050 5570 3323 5647 condidit,
3356 5575 3419 5630 in
3442 5574 3638 5647 quibus
3656 5568 3761 5647 ᾳζιὶ-

2172 5657 2287 5713 mas
2321 5658 2437 5711 qua:
2469 5651 2603 5713 sunt
2627 5641 2723 5713 Dei
2756 5644 2935 5713 magni
2974 5644 3228 5713 violenter
3262 5640 3504 5700 inclusit
3535 5662 3555 5700 :
3584 5655 3633 5700 et
3656 5640 3759 5695 ideo

2172 5712 2365 5763 anima:
2398 5728 2500 5765 non
2536 5712 2604 5765 ad
2640 5711 2900 5776 alienum,
2944 5712 3032 5768 sed
3079 5711 3147 5765 ad
3181 5724 3421 5780 patrem
3460 5733 3620 5771 suum
3642 5713 3756 5769 dm

2178 5781 2443 5851 redierint,
2478 5782 2545 5837 ad
2579 5784 2734 5838 istum
2773 5782 2941 5838 redire
2971 5800 3071 5839 nou
3096 5792 3365 5852 possunt.
