4048 6262
319 358 457 415 ηπ

1528 354 2090 415 RECOGNITIONUM
2126 357 2254 416 LIB.
2295 357 2359 413 11.

3396 361 3535 419 1378

313 475 515 530 ducere
545 472 605 528 in
647 471 795 527 hunc
842 470 1107 527 mundum
1141 478 1356 526 creator
1386 469 1564 536 Deus,
1600 471 1872 551 quomodo
1898 476 1945 533 Α
1975 472 2105 525 mihi
2140 471 2396 536 videbar,
2435 478 2487 527 et
2516 471 2820 543 cogitabam
2850 471 2917 527 de
2959 488 3023 527 ea
3054 489 3174 543 quae
3218 475 3533 532 conveniret

309 581 403 623 cas
437 580 665 636 corpore
694 564 921 620 emissas
943 571 997 619 et
1029 564 1362 634 captivitatis
1388 564 1623 619 vinculis
1662 552 1874 621 resolu-

311 649 416 721 tas,
440 658 615 713 bonus
645 656 787 712 Deus
816 655 1028 711 vocabit
1058 656 1125 710 ad
1160 671 1396 726 pmnam,
1426 672 1547 727 qua:
1572 672 1669 727 per
1699 658 1871 727 ipsius

306 749 393 803 vel
423 748 687 803 desidiam
731 748 816 802 vel
861 746 1259 815 inﬁrmitatem,
1315 749 1558 803 abstrahi
1602 748 1670 803 ad
1726 750 1871 804 hunc

307 839 484 895 locum
518 849 570 895 et
600 839 802 893 involvi
833 853 1063 909 corpore
1094 839 1252 909 quasi
1283 840 1526 895 tenebris
1552 841 1870 910 ignorantiae

304 931 638 999 potuerunt?
664 929 879 986 Videris
903 932 1034 986 mihi
1070 932 1322 1003 ignorare
1353 932 1484 1001 quid
1521 933 1593 987 sit
1616 931 1775 989 Pater
1815 943 1869 989 et

305 1021 470 1088 Deus,
499 1038 687 1078 verum
718 1031 771 1077 et
803 1022 996 1077 anima:
1025 1024 1167 1078 unde
1185 1024 1294 1078 sint
1314 1024 1397 1077 vel
1423 1024 1640 1094 quando
1658 1034 1712 1079 et
1732 1041 1867 1096 quo—

302 1115 467 1169 modo
508 1114 699 1181 factae,
735 1129 951 1184 possem
1026 1113 1237 1179 dicere,
1268 1114 1363 1171 sed
1412 1116 1527 1171 haec
1572 1131 1721 1171 nunc
1769 1119 1866 1173 tibi

302 1207 515 1276 aperire
535 1205 620 1262 fas
638 1221 745 1260 non
767 1212 873 1272 est,
908 1206 964 1260 in
994 1213 1144 1261 tanto
1164 1219 1351 1262 errore
1378 1208 1558 1277 posito
1588 1208 1656 1263 de
1687 1208 1867 1265 scien-

298 1298 376 1351 tia
404 1298 521 1355 Dei.
551 1298 689 1352 Tum
724 1297 945 1353 Simon:
969 1297 1103 1365 Erit,
1136 1299 1334 1369 inquit,
1369 1306 1591 1370 tempus
1615 1317 1724 1371 quo
1748 1316 1865 1371 pm-

299 1390 501 1445 nitebit
548 1399 634 1455 te,
668 1391 813 1461 quod
843 1388 1116 1446 dicentem
1144 1406 1231 1447 me
1274 1390 1340 1447 de
1372 1392 1631 1447 ineffabili
1661 1395 1864 1451 virtute

298 1496 413 1536 non
441 1482 793 1538 intellexeris.
823 1480 889 1535 Et
911 1481 1142 1537 Petrus:
1169 1482 1246 1537 Da
1269 1498 1399 1555 ergo
1429 1485 1608 1553 nobis,
1640 1494 1696 1541 ut
1719 1502 1863 1558 saepe

292 1572 411 1644 jam
448 1572 583 1638 dixi,
634 1582 894 1645 tanquam
956 1590 1131 1631 novus
1192 1574 1333 1631 Deus
1390 1584 1483 1631 aut
1512 1578 1607 1648 qui
1660 1579 1729 1633 ab
1769 1580 1862 1634 illo

294 1663 651 1721 descenderis
704 1681 926 1721 sensum
981 1667 1213 1738 aliquem
1271 1682 1510 1736 novum,
1558 1684 1655 1740 per
1698 1686 1860 1741 quem

293 1770 503 1809 novum
534 1772 696 1827 quem
727 1757 865 1812 dicis
897 1756 1063 1812 Deum
1095 1758 1368 1829 possimus
1408 1775 1735 1830 agnoscere;
1768 1763 1858 1820 isti

289 1846 446 1901 enim
485 1849 725 1919 quinque
778 1864 993 1914 sensus,
1056 1865 1194 1920 quos
1239 1850 1397 1907 nobis
1444 1853 1594 1907 dedit
1641 1861 1858 1909 creator

290 1937 466 2007 Deus,
484 1940 730 1996 Creatori
764 1956 863 1996 suo
894 1941 1054 1996 ﬁdem
1082 1950 1321 2008 servant,
1357 1959 1457 1998 nec
1479 1944 1644 1998 alium
1667 1962 1859 2016 quem-

288 2048 463 2102 quam
493 2049 615 2089 esse
645 2035 889 2089 sentiunt
938 2033 1127 2100 Deum,
1164 2035 1267 2090 hoc
1318 2037 1399 2091 eis
1429 2037 1546 2107 ipsa
1601 2039 1684 2094 sui
1714 2055 1855 2109 pra:-

283 2132 477 2179 stante
508 2131 728 2181 natura.
1514 2118 1527 2132 ’

359 2236 506 2294 LXI.
558 2237 641 2294 Ad
690 2239 806 2295 haec
853 2237 1077 2296 Simon:
1112 2240 1344 2307 Adhibe,
1380 2241 1575 2313 inquit,
1612 2243 1855 2299 animum

284 2330 359 2385 ad
396 2347 463 2386 ea
498 2348 621 2403 quae
667 2316 914 2389 dicturus
944 2349 1087 2398 sum,
1124 2343 1177 2390 et
1215 2333 1380 2391 facito
1404 2350 1528 2390 eum
1565 2335 1856 2392 invisibili-

283 2422 393 2480 bus
427 2424 641 2479 semitis
680 2424 1057 2489 incedentem,
1089 2427 1371 2519 pervenire
1407 2426 1475 2481 ad
1508 2442 1571 2483 ea
1604 2444 1724 2498 quae
1756 2429 1852 2484 tibi

283 2515 765 2571 demonstravero.
808 2516 1073 2572 Ausculta
1102 2532 1229 2589 ergo
1268 2515 1414 2574 nunc
1447 2537 1460 2574 :
1505 2534 1856 2589 nunquamne

280 2606 345 2661 in
376 2608 715 2679 cogitatione
766 2609 981 2679 positus
1008 2609 1302 2664 extendisti
1340 2618 1576 2665 mentem
1610 2619 1758 2665 tuam
1797 2613 1853 2666 in

280 2699 548 2770 regiones
573 2701 658 2756 vel
690 2700 898 2757 insulas
926 2717 1087 2771 porro
1113 2703 1342 2772 positas,
1362 2709 1416 2756 et
1439 2704 1513 2756 ita
1543 2704 1597 2756 in
1614 2705 1693 2759 eis
1717 2703 1854 2760 ﬁxus

278 2792 481 2846 animo
513 2792 800 2859 mansisti,
836 2801 896 2848 ut
944 2808 1012 2848 ne
1057 2804 1350 2863 praesentes
1403 2794 1621 2863 quidem
1668 2795 1853 2851 videre

275 2889 381 2937 aut
418 2883 767 2953 temetipsum
800 2884 943 2940 scire
991 2886 1083 2940 ubi
1133 2885 1351 2941 sederes
1377 2923 1393 2949 ,
1440 2900 1551 2955 prae
1586 2885 1855 2941 suavitate

272 2980 483 3031 earum
535 2991 655 3046 quae
685 2976 1025 3032 habebantur
1057 2977 1113 3031 in
1145 2977 1354 3045 oculis,
1391 2977 1620 3046 posses?
1654 2977 1718 3032 Et
1748 2975 1852 3031 Pe-

278 3078 404 3124 trus
438 3067 519 3121 ait
548 3087 559 3121 :
590 3066 786 3123 Verum
817 3076 921 3135 est,
956 3069 1142 3125 Simon
1163 3112 1178 3137 ,
1212 3070 1315 3125 hoc
1360 3069 1491 3124 mihi
1542 3071 1851 3139 frequenter

1972 560 2040 616 de
2064 562 2287 616 civitate
2314 578 2512 632 magna
2539 564 2787 633 cogitari,
2808 573 3021 632 .portas,
3049 581 3257 629 muros,
3286 567 3529 634 lavacra,

1972 652 2177 722 plateas
2198 692 2213 717 ,
2247 653 2568 723 angiportus
2592 694 2606 717 ,
2639 654 2755 709 fora
2786 663 2840 709 et
2871 656 3065 709 horum
3090 660 3488 727 consequentia
3513 701 3531 726 ,

1971 745 2273 798 secundum
2299 760 2362 800 ea
2394 745 2605 800 scilicet
2626 763 2747 816 quae
2772 748 2825 801 in
2850 748 2970 803 aliis
2998 748 3225 804 urbibus
3250 751 3490 805 videram
3512 792 3528 814 ,

1969 837 2107 889 etin
2157 844 2366 889 tantum
2409 839 2708 893 intentione
2752 840 3128 906 hujuscemodi
3174 842 3403 896 intuittis
3436 844 3531 897 de-

1970 928 2226 991 lectabar,
2259 936 2318 983 ut
2346 945 2491 992 vere,
2529 931 2669 984 sicut
2689 930 2803 999 ipse
2831 932 3038 994 dixisti,
3074 948 3175 987 nec
3203 942 3530 1001 praesentem

1969 1029 2130 1092 atque
2175 1030 2438 1078 astantem
2489 1022 2769 1087 viderem,
2827 1039 2928 1077 nec
2961 1023 3077 1092 ipse
3121 1024 3213 1077 ubi
3247 1025 3529 1087 sederem,

1969 1128 2208 1169 nossem.
2244 1112 2309 1166 Et
2348 1112 2536 1167 Simon
2563 1132 2575 1167 :
2607 1112 2786 1176 Modo,
2824 1114 3019 1183 inquit,
3049 1123 3196 1169 recte
3226 1115 3383 1171 dicis.

2036 1203 2220 1260 LXIII.
2256 1204 2321 1257 Et
2349 1202 2542 1259 Petrus
2572 1223 2584 1258 :
2611 1203 2853 1274 Denique
2868 1220 2991 1259 cum
3010 1205 3211 1276 piscem
3230 1207 3527 1262 maximum

1965 1297 2057 1366 qui
2090 1297 2250 1351 hamo
2290 1296 2604 1362 inhaaserat,
2629 1305 2810 1351 mente
2840 1305 3142 1367 occupatus
3185 1300 3386 1354 habere
3423 1300 3529 1353 mi-

1964 1389 2111 1444 nime
2140 1388 2418 1452 sentirem,
2450 1396 2504 1444 et
2552 1390 2608 1443 id
2642 1389 2863 1458 quidem
2892 1406 3017 1444 cum
3054 1391 3199 1444 hami
3230 1392 3428 1445 lineam
3460 1391 3528 1445 de

1964 1483 2218 1537 manibus
2271 1482 2407 1537 meis
2441 1481 2709 1537 violenter
2759 1483 3046 1553 arriperet,
3083 1491 3390 1553 stupentem
3438 1499 3527 1538 me

1962 1573 2153 1630 videns
2181 1572 2351 1628 frater
2380 1589 2534 1628 meus
2560 1573 2805 1629 Andreas
2825 1575 2917 1643 qui
2952 1589 3161 1628 mecum
3190 1575 3435 1639 sedebat,
3460 1590 3525 1629 ac

1961 1680 2099 1734 pene
2127 1681 2404 1729 casurum,
2436 1667 2579 1720 latus
2617 1666 2826 1721 fodiens
2861 1668 3047 1719 cubito
3078 1668 3222 1721 velut
3256 1668 3527 1721 dormien-

1962 1764 2070 1811 tem
2094 1758 2294 1813 excitat
2321 1756 2544 1813 dicens:
2568 1757 2683 1811 Non
2704 1758 2878 1824 vides,
2894 1757 3073 1821 Petre,
3089 1774 3251 1828 quam
3266 1773 3523 1827 magnum

1961 1848 2164 1917 piscem
2184 1848 2419 1917 ceperis?
2447 1849 2824 1919 nunquidnam
2858 1858 3039 1904 mente
3077 1849 3345 1910 excidisti,
3375 1848 3525 1918 quod

1960 1941 2040 1994 sic
2058 1940 2323 1995 attonitus
2352 1941 2573 2010 stupes?
2602 1942 2732 2010 quid
2766 1948 2851 1995 est
2879 1941 3020 2010 quod
3047 1941 3290 2010 pateris?
3316 1941 3403 1995 dic
3427 1941 3517 1995 mid

1957 2028 2032 2084 hi.
2063 2030 2131 2084 At
2151 2046 2253 2101 ego
2283 2030 2597 2101 indignatus
2633 2032 2680 2086 ei
2716 2032 3021 2101 paululum,
3051 2033 3196 2101 quod
3220 2048 3304 2087 me
3336 2048 3365 2085 a
3400 2032 3523 2086 dul-

1955 2124 2148 2180 cedine
2175 2139 2365 2179 eorum
2406 2139 2527 2195 quae
2560 2124 2811 2178 intuebar
2852 2124 3216 2186 abstraxerit,
3260 2122 3521 2193 respondi

1954 2216 2091 2270 nihil
2130 2231 2217 2271 me
2257 2216 2384 2269 mali
2414 2216 2565 2285 pati,
2599 2216 2693 2270 sed
2728 2215 2910 2269 animo
2939 2214 3353 2289 desiderabilem
3382 2214 3520 2268 mihi

1956 2307 2156 2363 intueri
2202 2306 2527 2371 Jerusalem,
2558 2307 2827 2377 simulque
2853 2304 3175 2369 Caesaream,
3212 2314 3264 2360 et
3294 2320 3523 2376 corpore

1954 2400 2171 2470 quidem
2211 2414 2335 2454 cum
2380 2399 2499 2468 ipso
2537 2414 2700 2468 esse,
2753 2405 2936 2453 mente
2977 2413 3106 2454 vero
3139 2399 3267 2452 illuc
3300 2398 3517 2468 penitus

1955 2489 2180 2545 auferri.
2213 2490 2280 2544 At
2309 2490 2397 2545 ille
2426 2490 2613 2544 nescio
2646 2489 2791 2543 unde
2822 2489 3143 2559 inspiratus,
3175 2488 3519 2544 reconditum

1953 2592 2007 2640 et
2038 2590 2306 2639 secretum
2337 2583 2582 2637 veritatis
2613 2581 2837 2652 protulit
2877 2583 3121 2637 verbum.

2022 2696 2202 2751 LXIV.
2246 2696 2460 2761 Desine,
2492 2696 2689 2767 inquit,
2714 2696 2901 2764 Petre;
2935 2696 3063 2767 quid
3089 2696 3336 2767 estquod
3362 2697 3521 2767 agis?

1953 2790 2009 2844 hi
2040 2789 2185 2845 enim
2215 2788 2308 2859 qui
2352 2788 2595 2842 daemone
2641 2787 2908 2857 incipiunt
2948 2789 3144 2858 repleri
3180 2790 3263 2843 vel
3309 2789 3518 2844 moveri

1951 2892 2132 2938 mente
2153 2922 2168 2947 ,
2214 2880 2589 2951 hujuscemodi
2623 2879 2774 2933 initia
2804 2879 3025 2944 habent,
3075 2895 3171 2950 per
3196 2879 3518 2950 phantasias

1951 2977 2128 3048 primo
2168 2974 2233 3028 ad
2262 2972 2501 3043 jucunda
2533 2988 2760 3042 qumque
2805 2979 2859 3026 et
2907 2970 3245 3026 delectabilia
3276 2971 3514 3027 transfe-

1954 3076 2167 3135 runtur;
2200 3065 2393 3120 deinde
2422 3065 2487 3117 ad
2512 3080 2575 3118 ea
2606 3068 2726 3133 qua:
2746 3078 2855 3118 non
2884 3071 3033 3127 sunt,
3065 3064 3219 3119 vanis
3248 3071 3303 3118 et
3335 3063 3518 3118 inani-

272 3160 513 3215 accidit.
536 3159 595 3214 Et
627 3158 855 3217 Simon:
889 3160 965 3216 Ita
1009 3169 1065 3217 et
1097 3178 1243 3218 nunc
1293 3178 1517 3218 sensum
1562 3172 1715 3217 tuum
1757 3155 1920 3219 ex-C
1953 3160 2336 3229 bus,motibus
2385 3157 2757 3212 eﬁ‘unduntur.
2813 3155 2926 3211 [Ioc
2972 3164 3153 3211 autem
3203 3156 3399 3211 accidit
3445 3173 3512 3212 ex

274 3250 453 3307 tende
486 3251 541 3304 in
590 3253 808 3319 coelum,
856 3260 910 3308 et
947 3253 1142 3308 iterum
1190 3268 1354 3324 super
1383 3256 1615 3320 ccelum,
1644 3264 1698 3309 et
1726 3255 1852 3313 vide

268 3342 418 3414 quia
450 3343 613 3398 debet
657 3360 776 3401 esse
808 3344 1007 3415 aliquis
1037 3345 1190 3399 locus
1210 3346 1303 3415 qui
1332 3346 1404 3400 sit
1432 3348 1572 3400 ultra
1588 3334 1850 3402 mundum

274 3440 369 3496 vel
383 3442 543 3489 extra
558 3435 841 3500 mundum,
860 3436 916 3490 in
934 3451 1042 3507 quo
1054 3452 1231 3506 neque
1243 3438 1439 3492 caelum
1453 3439 1542 3503 sit,
1558 3455 1731 3509 neque
1743 3447 1853 3496 ter-

272 3549 366 3597 ra,
385 3544 567 3599 neque
594 3528 780 3582 umbra
795 3528 985 3582 horum
1004 3528 1166 3582 etiam
1204 3528 1278 3582 ibi
1305 3531 1557 3585 tenebras
1574 3537 1847 3600 operetur,

268 3633 336 3681 et
359 3624 437 3679 ob
448 3622 553 3675 hoc
566 3635 689 3675 cum
708 3636 885 3690 neque
902 3635 1129 3690 corpora
1159 3620 1339 3691 aliqua
1352 3622 1409 3675 in
1442 3637 1506 3676 eo
1524 3623 1655 3688 sint,
1674 3638 1850 3694 neque

272 3733 350 3773 ex
405 3712 731 3783 corporibus
788 3712 1043 3778 tenebrae,
1073 3712 1383 3768 necessario
1413 3713 1484 3770 sit
1532 3714 1711 3770 lumen
1746 3715 1851 3769 im-

270 3819 573 3872 mensum;
602 3811 656 3860 et
689 3804 869 3858 lumen
898 3804 1187 3860 considera
1218 3807 1528 3875 cujusmodi
1558 3824 1681 3889 esse
1715 3824 1845 3880 pos-

269 3904 377 3965 sit,
413 3898 507 3953 cui
542 3898 774 3952 tenebrae
806 3898 967 3953 nulla:
1017 3899 1333 3954 succedunt.
1374 3899 1510 3954 Nam
1549 3901 1595 3957 si
1627 3901 1848 3957 univer-

268 4009 410 4051 sum
433 3991 581 4045 hunc
609 3989 871 4044 mundum
894 3991 1026 4045 solis
1050 3991 1215 4060 hujus
1241 3993 1409 4062 replet
1439 3993 1550 4057 lux,
1585 4000 1848 4063 quantum

262 4085 527 4143 aestimas
549 4097 671 4138 esse
700 4082 833 4136 illud
862 4081 1242 4151 incorporeum
1268 4083 1451 4138 lumen
1475 4084 1847 4139 etinﬁnitum?

266 4187 499 4237 tantum
548 4174 668 4232 sine
716 4174 903 4239 dubio,
946 4182 1006 4229 ut
1038 4174 1183 4230 istud
1213 4174 1347 4231 solis
1394 4176 1579 4231 lumen
1611 4176 1679 4231 ad
1708 4175 1846 4231 illud

263 4272 524 4329 tenebrae
547 4276 602 4324 et
629 4283 739 4323 non
769 4268 861 4322 lux
890 4282 1013 4323 esse
1043 4266 1313 4323 videatur.

348 4384 516 4442 LXII.
551 4384 678 4439 Haec
702 4397 826 4438 cum
844 4383 1049 4437 diceret
1062 4380 1270 4446 Simon,
1296 4381 1489 4438 Petrus
1518 4380 1839 4453 respondit:

1950 3253 2209 3323 languore
2238 3249 2475 3319 quodam
2512 3249 2730 3311 animai,
2762 3264 2870 3318 quo
2898 3263 2960 3303 ea
2988 3249 3206 3318 quidem
3234 3264 3354 3318 quae
3383 3257 3514 3303 sunt

1948 3362 2059 3401 non
2081 3344 2285 3407 vident,
2317 3342 2629 3398 desiderant
2657 3356 2782 3397 vero
2806 3341 3072 3396 adducere
3095 3341 3159 3393 ad
3186 3352 3510 3412 conspectus

1950 3442 2080 3492 suos
2110 3451 2172 3491 ea
2208 3450 2469 3504 quaenon
2499 3441 2646 3489 sunt.
2681 3432 2788 3487 Sed
2818 3441 2871 3488 et
2899 3433 3009 3487 illis
3039 3435 3111 3486 ita
3144 3433 3377 3496 accidit,
3414 3434 3510 3503 qui

1947 3527 2238 3598 phrenesin
2275 3526 2555 3597 patiuntur
2599 3532 2653 3580 et
2703 3524 2955 3580 videntur
3000 3525 3102 3579 sibi
3142 3525 3340 3579 multas
3371 3527 3509 3580 ima-

1947 3620 2099 3692 gines
2128 3618 2327 3681 videre,
2362 3634 2460 3688 pro
2485 3633 2550 3672 eo
2578 3618 2721 3687 quod
2748 3618 3024 3672 nimietate
3053 3616 3271 3687 frigoris
3301 3617 3384 3671 vel
3416 3634 3509 3671 ca-

1946 3711 2080 3766 loris
2111 3711 2291 3764 anima
2324 3710 2564 3781 ipsorum
2596 3710 2855 3763 convulsa
2895 3718 2947 3763 et
2986 3718 3162 3762 emota
3203 3710 3338 3765 locis
3365 3710 3503 3771 suis,

1945 3817 2183 3860 errorem
2214 3802 2417 3872 patitur
2445 3800 2733 3857 ministerii
2776 3800 3058 3855 naturalis.
3096 3799 3203 3854 Sed
3229 3808 3283 3855 et
3326 3800 3379 3854 hi
3407 3799 3504 3871 qui

1945 3893 2194 3949 laborant
2223 3892 2335 3957 siti,
2363 3909 2487 3948 eum
2514 3893 2569 3947 in
2602 3907 2848 3961 soporem
2876 3892 3123 3946 venerint
3147 3930 3162 3957 ,
3203 3890 3423 3946 ﬁumina
3449 3898 3506 3946 et

1946 3984 2123 4041 fontes
2162 3985 2346 4040 videre
2388 3984 2491 4040 sibi
2523 3984 2776 4038 videntur
2806 3998 2869 4037 ac
2898 3983 3111 4049 bibere;
3174 3983 3276 4038 hoc
3322 3991 3504 4038 autem

1945 4080 2221 4149 patiuntur
2242 4077 2510 4140 ariditate.
2523 4076 2863 4145 intemperati
2891 4074 3140 4142 corporis
3170 4073 3501 4127 laborantes.

1944 4170 2168 4239 Propter
2198 4167 2345 4238 quod
2390 4174 2596 4222 certum
2645 4174 2750 4231 est,
2797 4166 2913 4220 haec
2959 4165 3090 4221 vitio
3136 4167 3371 4237 quodam
3418 4166 3505 4222 vel

1943 4264 2137 4318 anima:
2164 4262 2248 4315 vel
2278 4260 2522 4330 corporis
2554 4258 2688 4314 ﬁeri.

2012 4374 2174 4431 LXV.
2214 4374 2454 4444 Denique
2483 4383 2542 4428 ut
2569 4374 2803 4444 accipias
2832 4373 2910 4429 rei
2935 4372 3092 4429 ﬁdem
3118 4374 3185 4429 de
3203 4371 3501 4428 Jerusalem

266 4482 353 4538 De
407 4490 642 4547 utroque
683 4491 812 4546 ergo
859 4476 1124 4545 patienter
1169 4476 1415 4530 ausculta
1440 4515 1456 4540 ,
1490 4474 1543 4528 id
1571 4482 1654 4530 est
1692 4481 1746 4529 et
1775 4475 1842 4530 de
1871 4497 1917 4553 ι)
1944 4483 2105 4540 quam
2136 4483 2276 4538 saepe
2303 4467 2564 4534 videram,
2594 4466 2839 4521 dicebam
2878 4464 3032 4520 fratri
3063 4481 3204 4530 meo,
3234 4481 3353 4535 qua:
3382 4465 3499 4520 loca

257 4572 529 4641 exemplo
546 4569 873 4626 extendendi
904 4583 1097 4623 sensus
1118 4576 1172 4621 et
1200 4568 1267 4623 de
1288 4568 1651 4622 immensitate
1677 4566 1835 4623 luris.

262 4666 410 4722 Scio
443 4666 741 4734 meipsum,
776 4677 809 4716 ο
840 4660 1058 4724 Simon,
1093 4660 1386 4730 aliquando
1421 4660 1474 4713 in
1506 4660 1839 4731 cogitatione

258 4760 517 4831 positum
558 4755 867 4812 extendisse
922 4768 1143 4809 sensum
1170 4767 1348 4807 meum
1376 4753 1434 4807 in
1467 4752 1748 4822 regiones,
1780 4760 1842 4806 ut

257 4853 378 4913 ais,
407 4856 466 4900 et
504 4848 711 4903 insulas
757 4846 944 4917 procul
989 4846 1196 4915 positas
1232 4883 1247 4908 ,
1282 4858 1483 4913 easque
1510 4850 1690 4897 mente
1731 4858 1841 4897 non

255 4944 464 5000 minus
492 4955 652 5009 quam
693 4941 866 4994 oculis
914 4936 1277 5008 perspexisse.
1311 4935 1449 4990 Cum
1478 4950 1655 4990 essem
1695 4934 1837 5003 apud

252 5033 663 5104 Capharnaum
708 5033 765 5087 in
806 5039 1037 5100 captura
1068 5029 1302 5099 piscium
1329 5028 1564 5097 positus,
1599 5032 1653 5081 et
1679 5028 1838 5082 sede-

251 5142 384 5184 rem
420 5138 592 5194 supra
637 5137 858 5187 saxum,
890 5123 1109 5176 hamum
1139 5130 1269 5176 setaa
1302 5120 1559 5175 innexum
1604 5126 1659 5173 et
1689 5118 1839 5173 deci-

247 5214 495 5293 piendis
528 5213 772 5284 piscibus
820 5220 1062 5284 aptatum
1118 5212 1326 5266 habens
1360 5209 1416 5264 in
1446 5224 1608 5263 manu
1630 5249 1644 5274 ,
1674 5208 1748 5263 ita
1777 5217 1837 5263 ut

246 5316 573 5370 haerentem
594 5305 647 5362 ei
670 5322 779 5361 non
805 5307 1070 5361 senserim
1102 5305 1331 5374 piscem,
1360 5301 1490 5357 dum
1521 5314 1677 5355 mens
1712 5314 1833 5354 mea

244 5418 356 5478 per
386 5398 814 5456 desiderabilem
843 5397 975 5450 mihi
1026 5395 1325 5455 Jerusalem
1350 5395 1589 5449 distenta
1614 5408 1836 5462 percur—

241 5499 434 5553 reret,
471 5491 539 5547 ad
568 5506 731 5561 quam
773 5503 903 5565 sane
947 5488 1279 5542 oblationum
1328 5487 1503 5557 gratia
1543 5494 1597 5540 et
1633 5483 1833 5545 oratio-

242 5594 393 5646 num
427 5585 668 5655 vigilans
698 5582 1004 5650 frequenter
1032 5577 1621 5635 ascenderam.Verum
1650 5582 1703 5631 ct
1724 5575 1833 5630 Ca:-

247 5692 494 5739 saream
525 5678 664 5731 hanc
693 5674 877 5728 mirari
911 5673 978 5727 ab
1001 5672 1124 5725 aliis
1154 5671 1379 5727 audiens
1400 5709 1416 5736 ,
1448 5678 1500 5725 et
1518 5669 1832 5725 desiderare

247 5771 517 5831 solebam
547 5808 561 5831 ,
594 5776 646 5824 et
693 5782 809 5824 eam
846 5767 898 5821 in
930 5780 1036 5837 qua
1069 5763 1309 5820 nondum
1351 5762 1559 5818 fueram
1588 5802 1603 5830 ,
1643 5759 1828 5817 videre

1943 4577 2148 4633 quosve
2175 4568 2472 4617 conventus
2504 4560 2655 4615 visus
2678 4558 2809 4612 mihi
2836 4556 3058 4612 fuissem
3081 4559 3283 4613 videre.
3318 4558 3421 4613 Sed
3448 4569 3502 4614 et

1941 4656 2008 4711 de
2031 4655 2278 4710 Ctesarea
2318 4668 2481 4723 quam
2510 4667 2784 4722 nunquam
2822 4650 3059 4705 videram
3084 4692 3100 4717 ,
3146 4651 3500 4708 nihilominus

1940 4747 2369 4812 contendebam,
2404 4743 2548 4814 quod
2577 4750 2719 4798 esset
2768 4742 2910 4806 talis,
2965 4742 3177 4811 qualem
3228 4752 3405 4796 mente
3449 4754 3500 4798 et

1939 4841 2262 4913 cogitatione
2292 4852 2666 4908 conceperam.
2697 4834 2833 4890 Cum
2866 4845 3043 4889 autem
3070 4836 3337 4889 venissem
3368 4835 3497 4903 huc,

1938 4933 2074 4989 nihil
2137 4931 2355 4985 omnino
2409 4929 2585 4983 simile
2638 4926 2935 4997 respiciens
2983 4942 3171 4982 eorum
3230 4942 3349 4995 quae
3402 4942 3498 4996 per
3592 4928 3595 4939 ‘

1878 5022 1885 5025 ’
1937 5023 2254 5095 phantasias
2307 5019 2586 5085 videram,
2645 5018 2964 5090 reprehendi
3016 5018 3392 5087 memctipsum
3444 5026 3497 5072 ct

1937 5114 2118 5169 notavi
2150 5113 2339 5176 valde,
2370 5112 2497 5182 quia
2526 5127 2591 5165 ex
2626 5110 2746 5166 aliis
2776 5124 2895 5179 quae
2920 5109 3160 5163 videram
3185 5149 3197 5171 ,
3233 5115 3415 5177 portas
3444 5109 3496 5162 ei

1935 5215 1988 5260 et
2017 5221 2202 5260 muros
2234 5204 2476 5273 aliasque
2518 5203 2692 5269 aedes,
2739 5216 2926 5256 revera
2974 5201 3382 5256 similitudinem
3427 5216 3494 5254 ex

1933 5301 2056 5355 aliis
2103 5300 2323 5369 capiens
2373 5295 2646 5351 dederam.
2720 5292 2904 5363 Neque
2951 5293 3096 5347 enim
3152 5291 3275 5361 quis
3316 5299 3495 5362 potest

1933 5406 2130 5446 novum
2162 5388 2385 5460 aliquid,
2417 5395 2470 5441 et
2497 5386 2653 5455 cujus
2682 5384 2854 5439 forma
2880 5383 3027 5438 nulla
3060 5398 3297 5452 unquam
3323 5382 3493 5436 exsti-

1931 5482 2079 5544 terit,
2115 5483 2370 5551 cogitare.
2417 5475 2550 5530 Nam
2589 5484 2643 5530 et
2679 5475 2724 5531 si
2752 5475 2899 5528 -velit
2928 5474 3122 5542 aliquis
3150 5481 3337 5525 tauros
3366 5485 3491 5525 cum

1931 5575 2114 5646 quinis
2137 5573 2407 5643 capitibus
2428 5586 2493 5626 ex
2524 5585 2621 5624 sua
2646 5567 2973 5638 cogitatione
3001 5565 3253 5631 formare,
3276 5580 3343 5617 ex
3370 5562 3494 5618 istis

1930 5682 2068 5737 quos
2098 5665 2231 5719 vidit
2258 5679 2380 5719 cum
2407 5661 2636 5732 singulis
2666 5658 2955 5728 capitibus,
2988 5657 3110 5711 illos
3135 5656 3318 5727 quinis
3338 5653 3490 5725 capi-

1931 5759 2077 5815 tibus
2110 5757 2279 5829 ﬁngit.
2321 5755 2385 5811 Et
2415 5764 2472 5809 tu
2513 5770 2643 5827 ergo
2688 5768 2854 5816 nunc,
2889 5752 2935 5807 si
2984 5767 3109 5808 vclc
3156 5746 3361 5821 aliquid
3394 5746 3490 5803 tibt
