4000 6266
521 354 667 410 ητθ

1370 346 1431 401 S.
1469 343 1859 402 CLEMENTIS
1893 342 1915 399 l
1952 341 2120 399 ROM.
2159 338 2363 399 PONT.
2402 338 2647 397 OPERA.
2685 339 2913 397 DUBIA'.

3609 337 3756 394 4280

517 473 720 531 videris
746 477 843 527 tua
872 469 1195 542 cogitatione
1232 465 1540 539 perspicere
1563 504 1579 531 ,
1620 474 1674 520 et
1706 480 1874 535 supra
1906 462 2078 518 caelos
2109 467 2157 524 Α
2182 463 2272 531 qui
2313 460 2383 515 ab
2413 474 2479 517 eo
2526 459 2656 514 facti
2691 467 2843 524 sunt,
2899 458 3044 514 sicut
3090 464 3145 513 et
3188 456 3279 512 lex
3325 454 3490 521 dicit,
3520 471 3756 527 quorum

518 566 741 631 intueri,
773 581 881 620 non
912 563 1133 619 dubium
1164 560 1295 630 quin
1323 574 1390 615 ex
1418 559 1504 614 his
1532 572 1592 614 ea
1627 557 1941 612 consideres
1963 570 2084 626 qua:

519 663 576 717 in
605 659 771 716 terris
798 658 1008 729 positus
1037 654 1208 709 vides.
1256 652 1365 706 Aut
1404 651 1449 706 si
1481 659 1640 722 putas
1671 649 1881 705 facilem
1914 648 2084 703 menti

516 764 627 811 tua:
654 764 936 808 accessum
964 762 1087 803 esse
1126 761 1291 817 super
1337 744 1528 808 cmlos,
1563 754 1614 798 et
1642 742 1992 797 considerare
2033 750 2085 796 te

517 864 679 923 posse
729 859 848 917 quae
890 840 1001 895 illic
1048 844 1196 902 sunt,
1248 843 1410 906 atque
1448 836 1725 890 immensa:
1768 834 1913 888 illius
1943 832 2083 888 lucis

517 940 799 1000 scientiam
838 947 1033 1003 capere
1058 971 1072 995 ,
1119 937 1251 1001 pulo
1280 929 1328 985 ei
1364 927 1461 998 qui
1496 927 1586 981 illa
1623 932 1801 997 potest
1834 938 2083 993 compre-

520 1033 792 1093 hendere,
844 1025 1059 1082 facilius
1100 1038 1221 1078 esse
1268 1028 1326 1075 ut
1370 1034 1591 1075 sensum
1634 1033 1793 1073 suum
1827 1017 1918 1086 qui
1952 1016 2083 1069 illuc

515 1126 667 1183 novit
690 1117 1003 1179 ascendere,
1028 1116 1083 1170 in
1106 1114 1338 1183 alicujus
1360 1119 1607 1166 nostrum
1628 1110 1723 1180 qui
1750 1107 2080 1171 assistimus,

513 1236 611 1276 cor
632 1224 685 1273 et
700 1221 891 1287 pectus
914 1209 1124 1280 injiciat
1142 1214 1196 1262 et
1217 1206 1384 1267 dicat,
1406 1217 1543 1273 quas
1564 1202 1619 1255 in
1637 1216 1701 1256 eo
1724 1198 2082 1270 cogitationes

512 1318 686 1386 gerat.
720 1307 779 1363 Si
820 1320 951 1376 ergo
979 1310 1134 1373 potes
1162 1298 1395 1368 alicujus
1424 1303 1671 1351 nostrum
1697 1333 1713 1359 ,
1755 1292 1850 1362 qui
1899 1299 2080 1346 tamen

513 1384 623 1461 non
672 1402 744 1458 sit
785 1413 913 1470 erga
957 1395 1199 1449 favorem
1236 1398 1391 1445 tuum
1427 1393 1756 1457 occupatus,
1795 1384 2083 1440 enuntiare

512 1494 872 1566 cogitationes
902 1487 1105 1549 cordis,
1131 1484 1431 1556 poterimus
1452 1480 1551 1534 tibi
1582 1478 1816 1533 fortasse
1837 1476 2079 1543 credere,

510 1587 660 1660 quod
690 1594 743 1643 et
768 1600 833 1640 ea
864 1596 985 1653 quae
1017 1592 1182 1648 super
1210 1575 1377 1629 cmlos
1404 1578 1572 1635 sunt,
1609 1570 1751 1627 scire
1798 1568 2042 1642 potueris
2064 1608 2079 1635 ,

515 1683 641 1736 licet
670 1678 761 1732 illa
790 1675 961 1729 multo
990 1671 1099 1727 sint
1128 1668 1373 1723 celsiora.

581 1768 765 1826 LXVI.
807 1765 887 1821 Ad
920 1765 1035 1819 haec
1061 1761 1246 1817 Simon
1279 1778 1293 1813 :
1331 1757 1435 1824 Qui
1472 1771 1624 1823 vero,
1650 1755 1847 1827 inquit,
1880 1754 2080 1808 multas

513 1863 721 1920 naenias
770 1858 1019 1922 texuisti,
1066 1853 1190 1909 audi
1234 1851 1345 1922 jam
1396 1865 1561 1906 nunc.
1613 1847 1954 1920 lmpossibile
1996 1852 2082 1901 est

513 1971 677 2011 omne
707 1951 853 2024 quod
883 1950 951 2005 ad
993 1946 1373 2018 cogitationem
1427 1940 1665 1996 hominis
1703 1942 1932 2003 venerit,
1970 1952 2082 1991 non

508 2048 675 2103 etiam
704 2060 762 2098 re
790 2044 905 2113 ipsa
929 2055 993 2094 ac
1027 2037 1257 2093 veritate
1286 2032 1619 2098 subsistere;
1650 2046 1770 2102 qua
1804 2031 1948 2085 enim
1970 2043 2081 2082 non

512 2135 841 2196 subsistunt,
859 2146 959 2185 nec
979 2127 1212 2198 speciem
1245 2124 1466 2188 habent,
1492 2137 1616 2193 qua:
1638 2128 1817 2175 autem
1843 2119 2079 2188 speciem

514 2242 623 2282 non
650 2223 872 2283 habent,
904 2233 1007 2273 nec
1031 2214 1348 2287 cogitationi
1399 2218 1629 2283 possunt
1669 2224 1978 2265 occurrere.
2014 2206 2082 2261 Et

509 2321 706 2375 Petrus
742 2336 753 2370 :
789 2314 846 2369 Si
895 2326 1075 2374 omne,
1131 2308 1339 2379 inquit,
1392 2306 1537 2378 quod
1585 2304 1653 2360 ad
1698 2301 2080 2376 cogitationem

510 2406 697 2460 venire
748 2407 946 2473 potest,
992 2399 1263 2464 subsistit,
1317 2396 1482 2450 istum
1527 2410 1688 2466 quem
1736 2392 1874 2449 dicis
1926 2399 2081 2447 extra

511 2497 775 2552 mundum
809 2508 931 2549 esse
961 2487 1345 2545 immensitatis
1379 2487 1581 2551 locum,
1619 2486 1666 2542 si
1698 2500 1821 2541 eum
1855 2484 1979 2555 quis
2024 2482 2081 2537 in

511 2590 677 2645 corde
710 2603 810 2643 suo
841 2585 1021 2639 lumen
1052 2596 1172 2637 esse
1204 2580 1426 2651 cogitet,
1472 2578 1613 2635 alius
1642 2592 1771 2634 vero
1804 2577 2078 2643 tenebras,

508 2677 785 2751 quomodo
811 2674 1012 2746 poterit
1045 2687 1187 2727 unus
1215 2678 1379 2741 atque
1413 2668 1554 2725 idem
1590 2669 1746 2724 locus
1778 2666 2080 2722 secundum

509 2788 627 2834 eos,
663 2768 757 2839 qui
791 2767 1008 2822 diversa
1040 2763 1107 2818 de
1152 2777 1219 2818 eo
1258 2761 1605 2832 cogitarunt,
1638 2765 1691 2815 et
1735 2758 1916 2813 lumen
1958 2773 2082 2814 esse

510 2872 583 2920 et'
617 2860 885 2919 tenebrae?
939 2857 1004 2912 Et
1053 2855 1241 2910 Simon
1290 2872 1304 2909 :
1352 2852 1553 2908 Omitte
1610 2866 1756 2906 nunc
1811 2850 1915 2905 ista
1960 2864 2082 2920 qua:

510 2970 613 3026 ego
644 2953 779 3017 dixi,
814 2958 872 3005 tu
911 2947 1041 3020 quid
1070 2961 1193 3002 esse
1223 2951 1381 3015 putes
1411 2957 1577 3013 super
1605 2941 1775 2996 caelos
1804 2940 2015 2995 dicito!

583 3039 791 3098 LXVII.
848 3039 916 3094 Et
960 3036 1156 3093 Petrus
1198 3053 1212 3090 :
1260 3032 1317 3088 Si
1365 3033 1433 3089 dc
1469 3047 1634 3096 vero,
1680 3029 1890 3101 inquit,
1933 3029 2081 3084 fonte

512 3134 734 3190 lmninis
756 3128 1032 3190 crederes,
1064 3139 1279 3195 possem
1312 3128 1368 3176 te
1413 3121 1630 3185 docere,
1663 3119 1793 3190 quid
1841 3127 1896 3173 et
1941 3134 2080 3189 quo-

512 3227 674 3282 modo
705 3230 849 3279 esset
899 3219 1046 3292 quod
1080 3220 1403 3272 immensum
1450 3220 1556 3278 est,
1585 3220 1641 3267 et
1685 3227 1795 3267 non
1848 3210 2081 3283 phanta-

513 3319 652 3372 siam
710 3328 928 3378 vanam,
979 3310 1076 3367 sed
1131 3312 1555 3375 consequentem
1606 3314 1657 3360 et
1711 3304 2078 3360 necessariam

514 3409 782 3462 rationem
818 3404 1099 3460 redderem
1129 3397 1396 3461 veritatis,
1428 3411 1528 3451 nec
1571 3395 1963 3453 assertionibus
1991 3412 2083 3453 so-

516 3498 789 3571 phisticis,
824 3496 919 3551 sed
950 3494 1085 3563 legis
1117 3498 1173 3546 et
1198 3500 1409 3544 natura:
1438 3488 1766 3545 testimoniis
1795 3495 1996 3555 uterer,
2020 3495 2081 3544 ut

514 3594 688 3649 scires
729 3589 854 3659 quia
896 3584 1279 3641 immensitatis
1326 3582 1485 3637 fidem
1523 3582 1797 3653 praecipue
1840 3583 2081 3639 continet

516 3685 623 3741 lex.
663 3680 819 3749 Quod
850 3678 895 3734 si
943 3676 1327 3731 immensitatis
1367 3674 1508 3729 ratio
1554 3689 1662 3728 non
1711 3676 1839 3728 latet
1884 3674 2075 3744 legem,

516 3774 651 3830 nihil
682 3770 923 3843 profecto
954 3767 1099 3821 aliud
1137 3780 1254 3820 eam
1289 3766 1459 3821 latere
1490 3771 1691 3835 potest,
1732 3772 1787 3819 et
1821 3764 1941 3819 ideo
1978 3763 2073 3819 fal-

516 3880 638 3919 sum
673 3870 777 3925 est,
826 3860 973 3931 quod
1021 3856 1222 3928 putasti
1256 3871 1379 3911 esse
1424 3856 1627 3927 aliquid
1675 3857 1821 3926 quod
1870 3857 2079 3927 ignoret

516 3958 621 4010 lex.
658 3953 825 4007 Multo
852 3958 1030 4005 autem
1064 3948 1297 4017 amplius
1320 3947 1453 4001 nihil
1486 3948 1671 4003 latebit
1703 3964 1847 4012 eum,
1879 3949 1969 4019 qui
2002 3951 2079 4004 le-

516 4062 635 4118 gem
666 4044 834 4100 dedit.
868 4040 978 4097 Nec
1009 4049 1190 4094 tamen
1224 4052 1446 4109 possum
1491 4038 1587 4124 tibi
1625 4039 1825 4109 aliquid
1870 4038 1938 4094 de
1976 4040 2077 4093 im-

517 4138 805 4192 mensitate
832 4142 885 4189 et
910 4133 996 4189 his
1019 4146 1140 4201 qua:
1162 4131 1281 4185 sine
1313 4129 1418 4185 (ine
1447 4137 1576 4185 sunt
1598 4130 1765 4200 loqui,
1787 4130 1895 4185 nisi
1923 4130 2076 4200 prius

515 4230 581 4285 de
613 4229 721 4291 his,
745 4226 839 4297 qui
877 4231 1028 4280 certo
1060 4225 1165 4279 line
1194 4222 1560 4278 terminantur
1598 4222 1773 4288 ccelis,
1811 4221 2075 4277 rationem

515 4322 599 4375 vel
655 4318 927 4389 receperis
972 4324 1239 4380 nostram,
1286 4314 1373 4369 vel
1422 4315 1536 4385 ipse
1582 4314 1870 4384 protuleris
1905 4324 2072 4370 tuam.

516 4413 670 4480 Quod
699 4412 744 4467 si
762 4411 829 4466 de
843 4411 927 4465 his
949 4425 1069 4480 quae
1098 4409 1267 4464 certis
1284 4406 1483 4463 finibus
1506 4406 2078 4462 concludunturintel-
2126 4404 2127 4407 “

2184 567 2351 606 unum
2378 542 2580 606 caelum
2606 551 2677 605 sit
2706 550 2982 621 superius,
3006 564 3114 620 quo
3141 548 3458 605 continetur
3482 549 3646 604 etiam
3672 549 3759 603 vi-

2183 643 2340 699 sibile
2366 642 2791 707 firmamentum,
2824 641 2956 697 illud
2984 656 3107 697 esse
3144 648 3469 713 perpetuum
3497 648 3552 695 et
3596 648 3759 695 teter-

2182 747 2315 785 num
2348 747 2473 786 cum
2497 732 2580 787 his
2609 733 2703 801 qui
2732 731 2979 785 habitant
3005 731 3117 797 ibi’;
3145 731 3291 786 istud
3325 738 3507 784 autem
3542 729 3759 784 visibile

2182 823 2237 877 in
2259 823 2732 880 consummatione
2749 823 2934 879 saeculi
2955 821 3334 879 resolvendum
3355 838 3477 878 esse
3497 830 3553 877 et
3574 832 3759 877 trans-

2182 916 2283 980 ire,
2331 923 2393 970 ut
2436 914 2571 969 illud
2620 916 2819 971 cmlum
2865 914 3011 985 quod
3052 923 3137 971 est
3166 914 3444 984 antiquius
3489 922 3545 968 et
3576 914 3760 967 excel-

2182 1010 2298 1065 sius
2329 1017 2455 1079 post
2495 1007 2762 1079 judicium
2786 993 3008 1064 sanctis
3052 1015 3106 1063 et
3150 1006 3329 1078 dignis
3365 1014 3643 1077 appareat.
3674 1005 3757 1061 Ad

2182 1100 2298 1155 hac
2329 1100 2519 1156 Simon
2563 1099 2888 1171 respondit:
2928 1099 3053 1156 limo
3100 1099 3178 1155 ita
3206 1115 3349 1163 esse,
3391 1106 3452 1153 ut
3499 1105 3559 1151 tu
3592 1097 3757 1161 dicis,

2183 1193 2543 1249 credentibus
2594 1195 2809 1264 possint
2859 1192 3054 1258 videri,
3101 1193 3151 1248 ei
3198 1200 3378 1246 autem
3428 1190 3520 1260 qui
3561 1189 3758 1245 borum

2181 1292 2461 1357 exspectat
2491 1286 2752 1349 rationes.
2782 1284 3118 1355 impossibile
3145 1293 3231 1340 est
3259 1299 3327 1340 ex
3375 1283 3491 1355 lege
3524 1282 3761 1354 proferri

2180 1387 2236 1433 et
2264 1380 2534 1449 praecipue
2560 1376 2628 1434 de
2658 1377 3026 1432 immensitate
3054 1376 3213 1433 lucis.

2252 1468 2436 1525 LXIX.
2476 1469 2542 1525 Et
2572 1469 2769 1525 Petrus
2801 1488 2815 1524 :
2847 1466 2990 1533 Noli,
3019 1468 3219 1539 inquit,
3248 1477 3445 1539 putare
3480 1483 3583 1523 nos
3609 1469 3758 1539 quod

2183 1561 2297 1617 haec
2332 1562 2436 1617 ﬁde
2470 1563 2584 1617 sola
2620 1560 2930 1631 recipienda
2958 1576 3080 1616 esse
3120 1560 3388 1625 dicamus,
3426 1560 3521 1615 sed
3566 1570 3621 1615 et
3666 1575 3757 1614 ra-

2183 1658 2329 1712 tione
2356 1657 2670 1713 asserenda.
2703 1654 2890 1726 Neque
2920 1656 3066 1710 enim
3096 1664 3273 1709 tutum
3316 1664 3401 1709 est
3436 1654 3599 1709 nuda:
3639 1653 3757 1710 haec

2184 1749 2307 1805 fidei
2339 1751 2545 1820 absque
2578 1750 2793 1804 ratione
2826 1748 3186 1811 committere,
3219 1763 3342 1802 cum
3386 1749 3575 1817 utique
3613 1747 3758 1802 veri-

2184 1850 2268 1895 tas
2294 1840 2505 1894 ratione
2532 1854 2641 1893 non
2680 1846 2885 1893 careat.
2919 1837 2986 1891 Et
3018 1836 3140 1892 ideo
3167 1837 3214 1869 "
3251 1836 3343 1907 qui
3377 1836 3490 1891 haec
3542 1835 3758 1892 ratione

2181 1932 2390 1986 munita
2425 1930 2749 2003 susceperit,
2780 1930 3007 2000 perdere
3080 1942 3145 1984 ea
3226 1946 3506 2001 nunquam
3550 1934 3755 2001 potest,

2182 2025 2275 2096 qui
2310 2040 2438 2081 vero
2463 2025 2669 2098 absque
2700 2027 3101 2085 assertionibus
3135 2040 3199 2084 ea
3227 2026 3457 2097 suscipit
3490 2026 3757 2097 simplicis

2182 2119 2452 2176 sermonis
2482 2132 2732 2186 assensu,
2757 2136 2934 2191 neque
2961 2135 3181 2177 servare
3202 2134 3264 2174 ea
3290 2127 3407 2174 tuto
3432 2128 3634 2190 potest,
3659 2136 3756 2175 ne-

2179 2228 2287 2283 que
2315 2215 2360 2269 si
2388 2228 2515 2269 vera
2548 2214 2657 2270 sint
2680 2220 2864 2270 certus
2891 2221 2994 2279 est,
3027 2213 3154 2284 quia
3179 2213 3273 2284 qui
3304 2212 3464 2268 facile
3486 2213 3662 2269 credit
3683 2212 3757 2267 fa-

2182 2305 2288 2360 cile
2309 2314 2362 2361 et
2382 2304 2588 2360 recedit
2614 2323 2632 2360 :
2661 2306 2753 2375 qui
2786 2314 2967 2360 autem
2992 2305 3259 2360 rationem
3287 2306 3536 2376 quaesivit
3563 2321 3753 2360 eorum

2181 2412 2303 2466 qua:
2327 2395 2581 2462 credidit,
2614 2402 2670 2451 et
2699 2396 2931 2467 accepit,
2961 2399 3119 2467 quasi
3148 2398 3381 2453 vinculis
3424 2397 3751 2468 quibusdam

2181 2488 2409 2545 rationis
2449 2488 2622 2558 ipsius
2671 2487 2990 2559 colligatus,
3048 2504 3326 2561 nunquam
3382 2490 3451 2545 ab
3501 2488 3586 2543 bis
3628 2503 3752 2558 qua:

2180 2580 2432 2645 credidit,
2458 2579 2641 2636 divelli
2671 2589 2766 2635 aut
2799 2582 3039 2650 separari
3068 2589 3269 2653 potest.
3299 2581 3363 2637 Et
3395 2581 3517 2637 ideo
3544 2590 3751 2653 quanto

2181 2674 2305 2744 quis
2340 2672 2661 2744 propensior
2694 2672 2858 2727 fuerit
2887 2674 2942 2728 in
2984 2675 3284 2744 expetenda
3324 2674 3555 2740 ratione,
3598 2680 3750 2728 tanto

2181 2766 2287 2821 erit
2311 2768 2516 2821 ﬁrmior
2547 2766 2601 2820 in
2628 2767 3004 2821 conservanda
3039 2766 3163 2824 fide.

2252 2856 2413 2912 LXX.
2455 2857 2535 2911 Ad
2568 2857 2681 2915 haec
2712 2856 2899 2912 Simon
2924 2877 2937 2912 :
2965 2857 3213 2927 Magnum
3240 2864 3344 2922 est,
3376 2856 3571 2927 inquit,
3602 2856 3747 2926 quod

2180 2947 2518 3017 repromittis
2563 2956 2624 3001 ut
2674 2947 2953 3002 immensa:
3004 2946 3142 3002 lucis
3187 2945 3466 3000 aeternitas
3518 2959 3586 2999 ex
3630 2944 3749 3015 lege

2180 3040 2356 3109 possit
2401 3038 2636 3094 ostendi.
2670 3036 2918 3109 Cumque
2965 3036 3161 3095 Petrus
3208 3037 3437 3094 dixisset
3470 3055 3483 3092 :
3513 3035 3749 3103 Quando

2105 3153 2147 3212 ο
2181 3133 2450 3199 volueris,
2484 3132 2670 3186 Simon
2701 3132 2776 3187 ait
2807 3150 2820 3188 :
2854 3131 3119 3199 Quoniam
3152 3131 3283 3185 hora
3307 3131 3418 3201 jam
3443 3130 3618 3184 multa
3642 3137 3749 3195 est,

2183 3226 2425 3279 crastino
2448 3223 2646 3280 astanti
2676 3223 2808 3277 mihi
2832 3232 2889 3278 et
2915 3223 3191 3286 renitenti,
3215 3221 3263 3278 si
3294 3221 3528 3293 probare
3550 3228 3749 3291 potue-

2182 3318 2258 3371 ris
2292 3316 2493 3371 factum
2524 3331 2647 3371 esse
2707 3316 2853 3370 hunc
2880 3314 3137 3370 mundum
3160 3323 3213 3369 et
3244 3314 3453 3368 animas
3493 3328 3616 3368 esse
3645 3314 3753 3365 im-

2182 3407 2462 3474 mortales,
2484 3406 2710 3463 habebis
2735 3424 2819 3463 me
2852 3406 3161 3478 adjutorem
3188 3404 3587 3474 praedicationis
3615 3411 3745 3459 tua}.

2182 3495 2247 3550 Et
2276 3513 2398 3551 cum
2426 3498 2540 3554 haec
2571 3499 2819 3565 dixisset,
2849 3513 3101 3571 egressus
3125 3502 3429 3561 est,secuta
3454 3503 3634 3551 autem
3664 3506 3751 3551 est

2180 3604 2301 3643 eum
2339 3606 2405 3646 ex
2450 3593 2598 3646 omni
2647 3591 2846 3662 populo
2885 3590 2979 3661 qui
3026 3605 3149 3644 cum
3184 3590 3305 3659 ipso
3346 3595 3571 3644 venerat
3617 3602 3748 3658 pars

2178 3682 2366 3745 tertia,
2394 3678 2488 3750 qui
2518 3687 2675 3735 erant
2700 3679 2857 3750 quasi
2889 3679 3035 3733 mille
3063 3678 3197 3745 viri;
3230 3677 3409 3734 caeteri
3439 3693 3567 3732 vero
3590 3676 3748 3733 flexis

2179 3772 2410 3843 genibus
2440 3771 2788 3840 prostrabant
2818 3785 2877 3825 se
2904 3767 3087 3833 Petro,
3118 3782 3281 3837 super
3307 3783 3444 3837 quos
3471 3768 3562 3822 ille
3589 3769 3750 3823 invo-

2176 3873 2301 3917 cato
2333 3861 2424 3917 Dei
2460 3862 2701 3925 nomine,
2736 3861 2871 3916 alios
2914 3861 3179 3915 daemonia
3222 3860 3483 3915 habentes
3507 3861 3743 3924 curavit,

2177 3952 2312 4007 alios
2347 3952 2507 4006 etiam
2540 3950 2858 4020 languentes
2888 3948 3121 4012 sanavit,
3154 3957 3207 4002 et
3242 3948 3317 4002 ita
3352 3947 3619 4003 laetantem
3645 3965 3747 4019 pc-

2177 4044 2363 4113 pulum
2393 4041 2618 4101 dimisit.
2648 4041 2914 4095 mandans
2942 4040 3043 4103 eis,
3079 4046 3137 4091 ut
3180 4039 3233 4092 in
3265 4038 3565 4093 crastinum
3595 4040 3743 4094 diem

2175 4136 2446 4191 maturius
2474 4133 2851 4190 convenirent.
2898 4130 3093 4185 Petrus
3142 4145 3265 4185 vero
3309 4146 3431 4184 cum
3475 4130 3743 4185 recessis-

2176 4238 2298 4283 sent
2329 4228 2519 4291 turbae,
2553 4228 2722 4282 sterni
2745 4224 2912 4295 jussit
2947 4223 3094 4277 humi
3131 4222 3231 4276 sub
3265 4238 3389 4277 aere
3436 4222 3559 4275 atrii
3592 4220 3747 4276 nudo

2178 4319 2269 4373 ubi
2313 4318 2485 4373 fuerat
2528 4317 2886 4387 disputatum,
2916 4320 2971 4368 et
3020 4313 3270 4368 recubuit
3308 4327 3413 4367 una
3462 4327 3585 4366 cum
3633 4311 3749 4366 illis

2180 4409 2469 4475 undecim,
2512 4424 2611 4479 ego
2646 4422 2773 4462 vero
2813 4422 2938 4461 cum
2988 4406 3110 4461 aliis
3158 4403 3505 4475 quibusdam,
3547 4406 3643 4474 qui
3687 4413 3749 4459 et

516 4506 681 4575 ligere
719 4517 828 4557 non
858 4510 1034 4573 potes,
1068 4501 1240 4555 multo
1270 4500 1445 4571 magis
1474 4498 1541 4554 de
1579 4499 1664 4554 his
1690 4515 1808 4569 qua:
1824 4499 1943 4555 sine
1972 4498 2075 4554 ﬁne
2108 4496 2150 4552 Ι)
2182 4503 2285 4575 ipsi
2312 4502 2471 4557 initia
2500 4499 2753 4555 audiendi
2800 4499 2951 4554 verbi
2983 4498 3075 4552 Dei
3123 4504 3443 4568 acceperant
3486 4504 3540 4550 et
3581 4504 3748 4550 erant

517 4603 668 4657 sunt,
699 4587 876 4665 neque
913 4594 1055 4649 scire
1084 4590 1290 4663 aliquid
1316 4591 1519 4663 poteris
1544 4606 1718 4660 neque
1743 4592 1973 4647 discere.

586 4686 908 4743 LXV'Ill.Ad
933 4687 1044 4741 haec
1070 4684 1258 4739 Simon
1290 4703 1305 4739 :
1335 4682 1546 4746 Melius,
1576 4683 1673 4748 ait,
1703 4684 1834 4737 mibi
1860 4683 2076 4739 videtur

517 4780 833 4851 simpliciter
866 4777 1107 4841 credere,
1137 4778 1263 4847 quia
1311 4775 1452 4831 Deus
1486 4784 1591 4839 cst,
1632 4784 1687 4830 et
1726 4778 1852 4847 quia
1899 4777 2075 4832 solum

519 4872 662 4926 istud
693 4872 837 4942 quod
857 4871 1123 4933 videmus,
1156 4870 1227 4923 sit
1257 4868 1454 4923 coelum
1484 4870 1538 4922 in
1569 4870 1823 4924 universo
1853 4870 2076 4926 mundo.

2181 4593 2510 4657 charissimi,
2542 4591 2863 4647 recumbens
2897 4590 3177 4645 sumebam
3198 4588 3400 4643 cibum.

2250 4685 2434 4742 LXXI.
2477 4684 2580 4739 Sed
2607 4683 3029 4754 benignissimus
3050 4680 3244 4736 Petrus
3272 4679 3647 4741 considerans,
3672 4694 3749 4734 ne

2179 4779 2320 4835 forte
2348 4777 2622 4833 tristitiam
2670 4776 2801 4829 mihi
2850 4774 3073 4829 inferret
3103 4772 3207 4827 ista
3249 4774 3632 4843 sequestratio,
3666 4772 3746 4825 ait

2181 4870 2249 4925 ad
2290 4887 2375 4925 me
2402 4890 2415 4925 :
2446 4868 2563 4923 Non
2607 4882 2705 4939 pro
2750 4867 3026 4938 superbia,
3056 4881 3089 4920 ο
3120 4865 3389 4927 Clemens,
3428 4862 3745 4917 convivium

516 4955 583 5019 Et
600 4961 1281 5032 Petrus:Nonita,inquit,
1301 4960 1397 5016 sed
1412 4961 1808 5031 unumquidem
1826 4961 2075 5018 confiteri
2113 5004 2142 5036 ,
2180 4978 2287 5017 non
2319 4977 2418 5033 ago
2446 4976 2568 5016 cum
2600 4960 2687 5015 bis
2724 4959 2816 5029 qui
2859 4957 3097 5013 nondum
3143 4954 3411 5026 puriﬁcati
3452 4960 3602 5017 sunt,
3645 4952 3744 5007 sed

516 5056 769 5113 convenit
798 5054 963 5112 Deum
988 5054 1079 5126 qui
1105 5069 1232 5109 vere
1261 5062 1379 5120 est;
1409 5052 1577 5110 cmlos
1609 5062 1793 5110 autem
1819 5070 1940 5110 esse
1962 5055 2075 5126 (79)

2182 5068 2370 5111 vereor
2413 5069 2481 5109 ne
2526 5052 2665 5107 forte
2697 5052 2827 5106 mihi
2859 5050 3078 5122 quidem
3118 5063 3365 5113 noceam,
3390 5046 3525 5116 ipsis
3555 5054 3745 5100 autem

590 5283 635 5317 "
677 5279 743 5334 Et
780 5279 893 5333 ideo
922 5310 988 5318 —-
1017 5275 1255 5347 separari
1294 5286 1464 5346 potest
1504 5275 1888 5332 desiderantur
1931 5277 1987 5332 in
2022 5282 2253 5346 utroque
2282 5276 2405 5332 cod.
2442 5275 2590 5348 Lips.

1814 5448 2177 5507 COTELERII
2216 5447 2443 5504 ΝΟΤᾸΞ.

588 5620 696 5685 (79)
739 5616 907 5673 Catos
944 5626 1117 5672 autem
1150 5631 1281 5672 esse.
1322 5614 1395 5671 De
1441 5616 1597 5685 cmlog
1619 5620 1673 5669 et
1708 5611 1864 5667 caelis
1906 5611 2074 5685 multa

522 5682 696 5745 sancti
726 5687 937 5753 Patres,
961 5698 1123 5757 atque
1154 5686 1425 5741 contraria
1461 5704 1487 5757 :7
1508 5683 1715 5757 sedea,
1738 5691 1797 5739 ut
1825 5691 1879 5736 et
1899 5682 2072 5757 majo-

524 5777 633 5819 rem
659 5750 1077 5830 Recognitibnuin
1103 5765 1327 5826 partem,
1349 5756 1491 5825 quod
1517 5755 1582 5807 ad
1614 5754 1877 5807 humanas
1906 5750 2071 5805 disci-

2181 5612 2356 5692 plinas
2389 5611 2567 5692 potius
2605 5618 2874 5692 spectent,
2897 5626 3061 5684 quam
3089 5611 3160 5666 ad
3198 5608 3544 5684 theologiam,
3584 5607 3739 5664 notis

2179 5680 2507 5737 illustratum
2538 5696 2644 5736 non
2672 5680 2833 5737 imus.
