4048 6262
130 5856 171 5889 ,ὖ

282 276 402 330 1281

1474 271 2036 331 RECOGNITIONUM
2072 274 2200 332 LIB.
2244 272 2328 332 111.

3372 281 3513 337 1282

281 388 406 444 nihil
432 386 670 458 prosim.
697 385 813 442 Hoc
840 386 983 445 enim
1007 401 1107 459 pro
1127 395 1275 443 certo
1303 384 1447 442 scire
1470 397 1521 443 te
1547 389 1691 453 volo,
1714 389 1843 460 quia
1874 397 1922 454 Α
1949 399 2033 445 tra
2090 391 2426 447 voluntatem
2474 390 2595 460 ejus
2648 390 2857 447 habitat
2911 390 2967 446 in
3029 406 3095 448 eo
3146 391 3358 447 (la-anon
3378 432 3393 456 ,
3458 400 3514 446 et

250 500 255 519 τ
284 481 452 537 omnis
476 482 579 551 qui
627 481 771 535 idola
810 479 978 534 coluit
1006 480 1319 550 aliquando,
1353 490 1407 536 et
1444 498 1540 538 eos
1582 499 1721 554 quos
1754 500 1852 554 pa-

285 572 403 641 gani
429 572 717 626 nominant
734 571 885 637 deos,
899 572 1143 626 adoravit
1163 573 1246 627 vel
1269 572 1336 629 de
1349 574 1643 630 immolatis
1660 592 1848 631 eorum

288 662 609 733 degustavit,
660 663 855 733 spiritu
903 662 1185 719 immundo
1240 680 1347 719 non
1394 676 1574 734 caret;
1621 668 1849 722 conviva

287 754 429 807 enim
452 754 634 811 factus
662 761 748 810 est
776 753 1107 819 daamonum,
1134 762 1188 810 et
1230 757 1574 831 participium
1618 760 1853 829 sumpsit

288 842 405 912 ejus
433 844 693 900 daemonis
735 843 895 914 cujus
924 843 979 899 in
1013 852 1194 901 mente
1238 861 1336 900 sua
1377 848 1633 916 speciem,
1664 850 1748 903 vel
1782 849 1852 902 ti-

286 949 435 990 more
478 937 561 991 vel
609 950 793 992 amore
834 936 1087 992 formavit
1115 936 1183 992 ⁷³.
1230 937 1425 1009 Etper
1455 939 1570 995 haec
1614 942 1850 995 mundus

286 1041 395 1080 non
420 1035 504 1083 est
556 1042 586 1080 a
634 1028 827 1097 spiritu
872 1029 1173 1097 immundo,
1221 1036 1277 1086 et
1323 1030 1445 1085 ideo
1477 1030 1852 1101 puriﬁcatione

286 1113 490 1186 indiget
520 1118 799 1188 baptismi,
822 1128 885 1174 ut
905 1130 1061 1177 exeat
1084 1123 1154 1177 ab
1174 1136 1241 1177 eo
1263 1122 1490 1192 spiritus
1514 1122 1849 1187 immundus,

283 1208 379 1277 qui
418 1208 707 1266 interiores
740 1211 934 1268 animae
973 1215 1147 1284 ipsius
1191 1212 1389 1269 insedit
1438 1212 1662 1268 allectus
1686 1213 1753 1279 ⁷⁸,
1795 1222 1854 1268 et

283 1297 430 1366 quod
456 1308 543 1353 est
572 1299 836 1365 deterius,
868 1318 968 1357 nec
991 1303 1133 1372 quod
1164 1302 1499 1360 intrinsecus
1524 1304 1691 1359 lateat
1717 1304 1855 1359 indi-

282 1399 462 1454 catur,
492 1393 662 1447 utine
690 1394 1000 1463 publicatus
1030 1395 1265 1465 fugetur.

350 1480 561 1537 LXXII.
601 1483 800 1539 Amant
851 1486 997 1540 enim
1039 1487 1129 1542 isti
1174 1488 1409 1558 ’spiritus
1454 1488 1717 1545 immundi
1768 1489 1855 1545 in-

278 1570 491 1627 haerere
520 1575 844 1644 corporibus
872 1575 1171 1647 hominum,
1209 1589 1265 1634 ut
1290 1579 1532 1650 ipsorum
1552 1581 1854 1636 ministerio

278 1662 610 1731 cupiditates
631 1681 760 1722 suas
794 1667 1068 1737 expleant,
1091 1680 1146 1725 et
1176 1669 1244 1724 ad
1272 1686 1337 1725 ea
1359 1686 1479 1742 quae
1510 1672 1612 1742 ipsi
1638 1671 1853 1727 deside-

1949 485 2072 540 ideo
2096 485 2143 518 "
2181 485 2228 540 si
2282 500 2407 540 eum
2458 485 2581 555 quis
2621 484 2807 557 fugare
2848 485 2977 539 velit
3021 493 3075 540 et
3122 485 3391 556 expellere
3443 485 3513 538 ab

1950 590 2035 641 eo,
2067 591 2191 630 eum
2218 576 2289 632 sit
2323 576 2719 647 inseparabilis,
2767 584 2841 641 et,
2873 583 2932 631 ut
2984 575 3058 630 ita
3097 576 3299 641 dicam,
3332 575 3510 630 anima

1945 664 2058 734 jam
2097 666 2215 735 ejus
2243 665 2489 731 effectus,
2519 666 2789 722 videbitur
2836 667 3010 737 magis
3058 682 3253 722 necare
3289 681 3413 721 eum
3455 672 3513 718 et
3552 694 3559 695 ί

1952 758 2231 813 homicidii
2278 758 2486 813 crimen
2533 759 2833 814 incurrere.
2880 758 3048 814 Nemo
3093 773 3222 828 ergo
3266 764 3508 813 vestrum

1950 849 2308 903 contristetur
2337 863 2367 902 a
2402 848 2655 903 convivio
2700 854 2890 902 nostro
2926 854 3229 917 separatus,
3268 854 3511 914 tempore

1949 942 2095 995 enim
2159 940 2342 1011 aliquo
2393 940 2683 995 observare
2743 939 2903 993 debet
2949 937 3326 1007 unusquisque
3380 952 3513 991 sane

1950 1042 2159 1103 quanto
2184 1034 2302 1102 ipse
2337 1033 2592 1087 voluerit.
2627 1030 2804 1085 Parvo
2853 1030 2996 1085 enim
3036 1036 3278 1099 tempore
3322 1044 3514 1097 seque-

1953 1131 2163 1179 stratur
2190 1124 2283 1195 qui
2313 1126 2422 1178 cito
2448 1122 2681 1177 voluerit
2708 1121 2992 1192 baptizari,
3017 1122 3187 1175 multo
3217 1128 3395 1174 autem
3419 1118 3511 1189 qui

1950 1216 2181 1273 tardius.
2213 1215 2601 1287 Unusquisque
2628 1230 2758 1284 ergo
2789 1216 2843 1268 in
2890 1227 2987 1269 sua
3030 1213 3194 1266 habet
3224 1221 3511 1282 potestate,

1952 1310 2118 1366 breve
2178 1318 2272 1364 aut
2313 1309 2533 1379 longum
2590 1307 2922 1377 pmnitentiae
2980 1320 3093 1360 suae
3140 1311 3357 1372 tempus
3395 1301 3512 1356 exi-

1952 1418 2100 1474 gere,
2129 1411 2185 1458 et
2209 1400 2329 1456 ideo
2354 1401 2410 1455 in
2438 1400 2593 1455 vobis
2621 1399 2959 1468 est,quando
2979 1398 3151 1451 velitis
3177 1396 3242 1450 ad
3266 1403 3514 1449 nostram

1953 1495 2247 1551 convenire
2280 1507 2547 1555 mensam,
2580 1498 2634 1546 et
2682 1507 2791 1545 non
2827 1491 2882 1544 in
2934 1490 3112 1551 nobis,
3145 1486 3345 1557 quibus
3392 1501 3516 1555 per-

1952 1585 2183 1642 missum
2237 1599 2345 1638 non
2395 1590 2480 1638 est
2533 1596 2751 1637 sumere
2798 1594 2921 1634 cum
2962 1578 3142 1647 aliquo
3172 1576 3377 1638 cibum,
3410 1574 3515 1626 nisi

1956 1675 2121 1731 fuerit
2155 1675 2485 1745 baptizatus.
2521 1671 2632 1727 Vos
2666 1687 2796 1739 ergo
2843 1670 3017 1740 magis
3062 1683 3164 1724 nos
3214 1665 3516 1737 prohibetis

276 1760 405 1806 rant
438 1752 768 1812 inclinantes
812 1761 1006 1814 animm
1045 1768 1252 1827 motus,
1283 1762 1401 1819 suis
1432 1778 1528 1819 eos
1563 1779 1756 1835 parere
1786 1764 1851 1817 li-
1880 1743 1923 1798 Β
1951 1782 1982 1821 a
2008 1776 2194 1823 vestro
2227 1743 2509 1832 convivio,
2541 1765 2588 1819 si
2638 1763 2706 1818 ad
2755 1761 3149 1834 puriﬁcandum
3199 1773 3380 1813 moras
3420 1756 3516 1809 ha-

273 1845 562 1905 bidinibus
591 1860 808 1921 cogant,
841 1860 901 1907 ut
926 1852 1230 1910 efﬁciantur
1257 1871 1325 1911 ex
1355 1857 1568 1929 integro
1591 1874 1721 1914 vasa
1748 1859 1854 1913 daa-

272 1951 528 1994 monum.
563 1938 642 1994 Ex
690 1942 890 2012 quibus
932 1960 1077 2002 unus
1125 1954 1210 2003 est
1253 1946 1443 2004 Simon
1474 1949 1584 2015 hie,
1617 1951 1710 2022 qui
1755 1953 1852 2007 tali

270 2026 520 2096 quodam
548 2029 737 2086 morbo
774 2032 1200 2102 comprehensus
1234 2050 1335 2091 nec
1376 2038 1563 2092 sanari
1602 2037 1716 2107 jam
1750 2053 1852 2109 po-

268 2126 405 2184 test,
434 2120 571 2192 quia
603 2123 882 2182 voluntate
907 2134 962 2181 et
996 2126 1278 2200 proposito
1298 2137 1545 2201 mgrotat.
1581 2128 1695 2185 Nec
1716 2144 1850 2186 con-

1952 1860 2125 1916 beatis
2158 1866 2213 1915 et
2240 1858 2450 1914 tardius
2479 1855 2849 1928 baptizemini.
2894 1853 2988 1909 His
3009 1851 3169 1907 dictis
3195 1865 3319 1906 cum
3352 1849 3503 1903 bene.

1951 1950 2200 2016 dixisset,
2237 1950 2420 2004 cibum
2452 1948 2704 2018 sumpsit.
2742 1946 2809 2001 Et
2838 1954 2962 2019 post
3002 1946 3117 1999 haec
3156 1957 3279 1997 cum
3315 1940 3519 2012 gratias

1950 2044 2156 2116 egisset
2188 2041 2319 2109 Deo,
2343 2042 2625 2112 ingressus
2673 2038 2903 2110 quievit,
2955 2036 3205 2119 similiter
3237 2041 3417 2087 autem
3463 2038 3518 2085 et

1952 2148 2055 2189 nos
2080 2145 2292 2196 omnes,
2317 2138 2437 2186 erat
2463 2132 2607 2185 enim
2626 2129 2740 2201 jam
2769 2144 2898 2183 nox.

338 2254 433 2340 ’ξ
465 2256 599 2340 ρον.
633 2276 690 2325 x,
711 2258 804 2340 ᾳο.
880 2262 928 2340 ⁷⁸
951 2262 1083 2331 Quae
1105 2273 1406 2340 sequuntur
1433 2266 1699 2340 vocabula
1726 2283 1906 2340 usque
1928 2267 2183 2340 adﬁnem
2231 2268 2396 2340 hujus
2446 2283 2573 2340 cap.
2599 2265 2797 2323 desunt
2855 2265 2912 2319 in
2943 2259 3109 2319 codd.
3129 2261 3279 2333 Lips.
3313 2260 3512 2317 omnia.

266 2324 316 2356 ⁷⁸
354 2325 429 2381 Et
459 2324 855 2386 ideo—crimen
882 2324 1148 2390 inciti-rere
1177 2324 1283 2393 ίιοιι
1308 2337 1660 2393 inveniuntur
1687 2338 1744 2392 in

1875 2337 1930 2394 d.
1961 2333 2112 2407 Lips.

272 2480 3466 2516 5W

1403 2606 1760 2698 LIBER
1829 2606 2391 2697 TERTIUS.

335 2917 383 2973 1.
428 2915 649 2969 Interea
694 2914 886 2972 Petrus
919 2917 1182 2989 gallorum
1221 2917 1473 2990 cantibus
1518 2934 1749 2991 surgens
1794 2923 1849 2974 et
1873 2922 1919 2983 ο
1948 2922 2207 2986 rumpant
2235 2922 2288 2970 et
2318 2914 2540 2987 fatigent
2569 2916 2953 2987 praedicatores
2975 2915 3122 2971 verbi
3153 2914 3269 2972 Dei.
3293 2914 3520 2987 Propter

256 3010 521 3068 excitare
570 3024 667 3065 nos
699 3009 885 3064 volens
936 3009 1142 3064 invenit
1187 3010 1494 3081 vigilantes,
1541 3009 1853 3079 vespertino

257 3104 454 3159 adhuc
485 3101 694 3156 lumine
722 3096 1071 3171 perdurante,
1101 3117 1333 3171 eumque
1359 3117 1424 3156 ex
1474 3116 1623 3157 more
1649 3100 1854 3156 saluta-

258 3197 445 3252 visset
472 3202 533 3249 et
571 3194 971 3250 resedissemus
999 3208 1211 3259 omnes,
1249 3196 1323 3248 ita
1348 3210 1580 3250 exorsus
1601 3201 1685 3249 est
1717 3213 1731 3249 :
1758 3192 1853 3247 Ni-

256 3288 343 3343 hil
390 3294 485 3342 est
525 3285 833 3351 diliicilius,
879 3285 1078 3345 fratres
1126 3288 1255 3350 mei,
1296 3303 1459 3357 quam
1511 3288 1577 3343 de
1623 3287 1853 3342 veritate

258 3379 416 3451 apud
452 3378 706 3449 permisti
737 3376 920 3448 populi
945 3375 1349 3431 multitudinem
1373 3377 1676 3448 disputare.
1698 3378 1853 3444 Quod

253 3472 421 3529 enim
463 3474 575 3534 est,
607 3467 863 3523 omnibus
910 3474 970 3520 ut
1017 3472 1104 3521 est
1148 3465 1253 3521 dici
1301 3482 1410 3521 non
1455 3468 1603 3534 licet,
1635 3479 1856 3538 propter

255 3578 363 3619 eos
392 3560 497 3631 qui
530 3558 766 3629 maligne
811 3566 865 3613 et
897 3557 1160 3614 insidiose
1202 3559 1458 3625 audiunt;
1496 3558 1684 3615 fallere
1725 3575 1854 3616 vero

255 3669 379 3710 non
396 3666 467 3705 ex
477 3649 626 3720 pedit
648 3656 872 3718 propter
883 3664 977 3703 eos
992 3648 1086 3720 qui
1109 3648 1320 3704 sincere
1336 3647 1855 3717 audirejdesiderant

252 3744 589 3800 veritatem.
620 3738 761 3805 Quid
824 3754 955 3811 ergo
998 3739 1161 3795 faciet
1218 3740 1306 3794 cui
1371 3739 1437 3794 ad
1498 3738 1853 3797 indiscretum

250 3834 546 3909 populum
575 3846 755 3886 sermo
782 3838 900 3898 est;
931 3831 1162 3887 occultet
1210 3831 1354 3903 quod
1398 3848 1587 3887 verum
1636 3834 1752 3888 est?
1788 3832 1855 3887 Et

252 3922 561 3997 quomodo
588 3921 818 3977 instruet
838 3936 932 3978 eos
958 3922 1049 3992 qui
1075 3921 1223 3993 digni
1249 3924 1412 3977 sunt?
1441 3920 1545 3978 Sed
1578 3924 1623 3978 si
1648 3939 1852 3978 meram
1894 3948 1899 3953 ο

251 4014 532 4090 proferat
571 4014 855 4069 veritatem
902 4014 989 4069 his
1017 4013 1111 4084 qui
1154 4012 1402 4070 salutem'
1432 4018 1693 4085 consequi
1743 4032 1853 4071 non

250 4105 624 4169 desiderant,
655 4103 731 4157 illi
760 4119 790 4158 a
818 4119 928 4175 quo
972 4106 1176 4161 missus
1206 4115 1292 4161 est
1338 4107 1593 4177 injuriam
1638 4108 1789 4171 facit,
1822 4122 1854 4162 a

249 4215 377 4271 quo
442 4204 507 4253 ct
550 4195 863 4252 mandatum
920 4199 1160 4269 accepit,
1215 4215 1286 4255 ne
1331 4201 1512 4255 mittat
1562 4201 1850 4256 verborum

1952 3006 2098 3079 quod
2124 3016 2179 3062 et
2201 3022 2301 3078 ego
2327 3009 2383 3061 in
2405 3006 2654 3077 plurimis
2676 3008 2903 3063 circuitu
2929 3008 3161 3077 quodam
3186 3008 3335 3062 verbi
3363 3018 3519 3063 utens

1951 3107 2163 3156 tentare
2191 3100 2427 3164 nitebar,
2459 3115 2525 3154 ne
2557 3099 2918 3171 principalem
2950 3099 3018 3153 de
3060 3113 3270 3153 summa
3314 3097 3520 3153 Divini—

1949 3200 2061 3247 tate
2096 3192 2507 3262 intelligentiam
2554 3192 2734 3245 minus
2784 3190 2964 3258 dignis
3003 3190 3228 3245 auribus
3275 3191 3520 3260 publiea-

1949 3301 2090 3346 rem.
2123 3282 2189 3340 Et
2215 3293 2338 3355 post
2367 3285 2482 3341 haec
2514 3284 2779 3354 incipiens
2808 3282 2919 3355 (80)
2948 3283 3014 3337 de
3036 3282 3196 3338 Patre
3224 3290 3278 3337 et
3307 3281 3444 3337 Filio
3464 3291 3520 3338 et

1953 3376 2160 3449 Spiritu
2194 3384 2406 3441 sancto,
2426 3377 2663 3431 breviter
2684 3376 2844 3431 nobis
2870 3384 2925 3430 et
2952 3374 3229 3431 evidenter
3248 3377 3516 3445 exposuit,

1950 3476 2012 3524 ut
2052 3484 2241 3525 omnes
2282 3469 2564 3525 audientes
2612 3468 2937 3523 miraremur
2954 3468 3225 3537 quomodo
3246 3468 3518 3536 homines,

1952 3558 2209 3616 derelicta
2238 3561 2485 3625 veritate,
2505 3559 2754 3614 conversi
2774 3566 2903 3615 sunt
2932 3558 2997 3613 ad
3026 3561 3340 3615 vanitatem.

2022 3648 2087 3705 ll.
2132 3648 2279 3723 [Haec
2313 3649 2470 3706 Petro
2516 3650 2729 3706 dicente
2755 3652 2800 3683 '"
2829 3650 2941 3723 (81)
2972 3648 3165 3720 Aquila
3209 3651 3323 3705 ait:
3353 3649 3522 3706 Recte

1952 3739 2160 3808 dixisti,
2191 3750 2476 3814 propterea
2525 3743 2683 3798 nobis
2733 3744 2901 3798 dicito
2942 3759 3064 3813 qua:
3094 3744 3341 3799 veritatis
3389 3749 3521 3797 sunt

1954 3836 2193 3907 propria.
2237 3835 2303 3889 Et
2351 3834 2591 3891 Petrus:
2631 3835 2704 3891 De
2750 3836 2948 3906 quibus
2978 3836 3146 3891 vultis
3190 3836 3520 3906 interrogate

1954 3944 2059 3985 me.
2090 3928 2156 3982 Et
2194 3929 2388 3999 Aquila
2423 3930 2535 3985 ait:
2571 3928 2643 3983 De
2674 3929 2943 3999 principio
2978 3938 3031 3985 et
3075 3930 3355 3999 principiis
3397 3945 3524 3984 ver-

1953 4019 2082 4076 bum
2125 4019 2369 4091 disputa,
2413 4028 2467 4075 et
2514 4021 2582 4075 de
2629 4034 2694 4074 eo
2741 4020 2883 4090 quod
2936 4020 3282 4089 repreln-ndit
3331 4020 3521 4074 Simon

1954 4112 2111 4182 quasi
2143 4111 2527 4166 inconveniens
2549 4149 2563 4175 ,
2598 4109 2793 4164 Filium
2827 4109 2919 4165 Dei
2957 4110 3065 4164 dici
3101 4111 3377 4165 Christum
3402 4152 3416 4177 ,
3451 4128 3520 4165 ne

1958 4205 2156 4260 similia
2202 4203 2627 4274 plantationibus
2671 4210 2724 4258 et
2783 4203 2996 4258 caeteris
3042 4202 3355 4257 inanimatis
3406 4204 3517 4273 pati

247 4292 388 4364 ejus
420 4287 760 4359 margaritas
790 4298 915 4346 ante
943 4306 1138 4361 porcos
1171 4299 1227 4348 et
1248 4307 1414 4379 canes
1439 4292 1506 4356 ⁷⁸,
1531 4292 1625 4363 qui
1662 4292 1854 4348 adver-
1884 4278 1927 4335 D
1954 4294 2205 4350 videatur
2254 4293 2416 4349 Deus.
2456 4291 2652 4348 Petrus
2708 4300 2888 4348 autem
2941 4292 3128 4348 videns
3172 4308 3365 4349 omnes
3413 4293 3517 4347 hoc

249 4398 409 4441 sum.
425 4395 534 4437 eas
561 4382 899 4453 argumentis
928 4396 991 4437 ac
1010 4383 1442 4453 sophismatibus
1490 4385 1847 4451 reluctantes,

248 4478 423 4549 ipsas
456 4473 684 4545 quidem
713 4487 871 4528 emno
896 4473 1262 4549 intelligentia:
1284 4476 1521 4532 carnalis
1547 4475 1844 4543 involvant,

248 4567 575 4625 latratibus
619 4572 798 4620 autem
846 4566 961 4623 suis
1006 4575 1061 4622 et
1114 4568 1561 4638 responsionibus
1609 4569 1847 4626 sordidis

1954 4387 2133 4458 ipsum
2165 4388 2408 4443 volentes
2435 4384 2647 4452 audire,
2683 4400 2897 4441 omnem
2941 4385 3205 4440 rationem
3250 4385 3323 4440 ita
3350 4401 3519 4456 expo-

1952 4479 2061 4534 suit
2087 4497 2100 4533 :
3491 4547 3497 4553 _

2024 4570 2112 4625 Ill.
2154 4569 2414 4640 Principii
2464 4582 2660 4623 nomen
2706 4565 2817 4636 (82)
2858 4566 2911 4620 in
2959 4564 3146 4620 multis
3185 4573 3238 4620 et
3286 4564 3516 4621 diversis

328 4682 384 4716 τε
430 4678 634 4756 M_atth.
675 4696 769 4743 vn,
806 4679 859 4735 6.
936 4679 981 4712 "’
1011 4679 1118 4756 Ista
1146 4696 1266 4756 quae
1294 4690 1597 4756 sequuntur
1620 4698 1795 4756 usque
1822 4683 1888 4739 ad
1915 4684 2075 4739 finem
2105 4700 2223 4756 cap.
2254 4684 2342 4746 12,
2372 4699 2426 4737 ιη
2462 4682 2601 4756 _cod.
2632 4696 2766 4736 mss.
2791 4680 3064 4756 plerisque
3086 4680 3275 4756 iisdem
3300 4682 3518 4756 optimae

248 4760 421 4809 nota!
461 4748 683 4823 desunt,
732 4757 786 4823 et
830 4758 1042 4823 tantum
1089 4748 1293 4823 habent
1320 4748 1419 4823 _vel
1451 4748 1799 4810 obscuritatis
1830 4756 1913 4811 vel
1954 4748 2188 4811 erroris'
2214 4761 2275 4808 ut
2324 4754 2510 4823 spuria
2538 4766 2601 4807 ea
2629 4766 2753 4807 esse
2782 4748 2836 4806 et
2873 4751 2941 4806 ab
2972 4748 3226 4806 haeretica
3279 4748 3514 4820 quodam

241 4821 609 4881 mcentioris
625 4822 799 4877 artatis
830 4821 1040 4876 intrusa
1065 4836 1173 4876 non
1204 4820 1535 4880 dubitemus.

1580 4935 1941 4993 COTELERII
1975 4933 2205 4992 NOTAE.

328 5046 476 5120 (80)_
510 5041 575 5098 Et
616 5056 732 5115 post
775 5047 883 5120 hac
913 5050 1233 5120 incipiens...
1267 5018 1349 5103 uad
1388 5050 1689 5120 vanitatem.
1733 5049 1859 5107 Haec

242 5114 553 5194 periodus
568 5114 756 5194 exstat
775 5119 828 5171 in
855 5114 1196 5194 libris'editis
1221 5130 1274 5176 et
1301 5121 1358 5175 in
1390 5118 1653 5194 msifleg.
1671 5130 1770 5194 ;_.at
1798 5123 1854 5178 in

244 5183 448 5313 35:11:).
482 5193 541 5239 et
568 5183 674 5242 Th.
700 5188 1030 5245 transfertur
1056 5189 1125 5245 ad
1153 5190 1312 5247 finem
1337 5205 1457 5262 cap.
1486 5190 1577 5258 11,
1602 5183 1698 5248 ubi
1726 5207 1847 5247 eam

244 5277 307 5313 νι
405 5298 420 5309 .

239 5261 420 5318 vide.

335 5322 476 5398 (81)
515 5322 643 5379 Ηωε
674 5323 832 5398 Petro
860 5327 1079 5383 dicente.
1103 5329 1283 5386 Codex
1305 5329 1731 5387 Candelerianus
1751 5331 1856 5385 hoc

240 5396 449 5476 Eapnt
482 5402 541 5476 et
570 5396 851 5476 sequentia
884 5400 1371 5476 novem_contine_t,
1394 5400 1848 5476 quemadmodum

243 5464 635 5524 Sdrbonicus
654 5473 709 5519 et
731 5464 990 5521 Thuanus
1015 5483 1028 5517 :
1060 5464 1437 5528 Carmeliticus
1473 5480 1650 5526 autem
1679 5481 1734 5526 et
1762 5471 1852 5526 ille

240 5530 638 5611 P_etri_P_e_titi
659 5530 826 5611 Regio
847 5536 1053 5611 similes
1074 5546 1220 5602 sunt,
1251 5539 1512 5611 librisque
1541 5541 1842 5611 impressis.

240 5609 382 5683 N‘ec
419 5602 687 5683 dubium,
721 5602 872 5683 quin,
897 5605 971 5683 ad
1001 5606 1090 5658 illa
1130 5602 1440 5683 pertineant
1464 5626 1585 5680 qua:
1617 5602 1851 5683 Rufin_us

244 5672 549 5735 abstulit,
583 5673 656 5747 de
675 5672 915 5747 ingenito
929 5674 1044 5730 Dec
1061 5672 1363 5747 -ge'nitoque
1387 5672 1642 5745 disserta,
1671 5681 1739 5738 de
1761 5680 1852 5735 Fi-

245 5749 340 5805 lio
363 5751 598 5811 creato,
625 5742 692 5800 de
720 5742 839 5802 aliis
878 5742 1189 5813 nonnullis,
1226 5742 1529 5817 periculosa
1553 5790 1568 5817 ,
1598 5742 1852 5819 obscura,

1964 5053 2176 5106 intrusa
2208 5091 2224 5116 ,
2270 5048 2643 5119 Eunomiana;
2692 5065 2921 5119 qumque
2956 5060 3169 5105 veteres
3212 5049 3515 5107 Ebionitica

1960 5129 2315 5192 censuerunt,
2346 5118 2565 5185 Ariaua,
2601 5130 2655 5175 et
2681 5118 2945 5192 addititia.
2980 5119 3175 5176 Nescio
3202 5121 3328 5192 quis
3352 5122 3516 5192 igitur

1956 5190 2102 5267 quod
2136 5206 2166 5243 a
2211 5190 2408 5244 Rufino
2448 5191 2873 5267 pregrmissunt
2914 5189 3112 5267 fuerat,
3146 5191 3248 5246 sibi
3280 5189 3516 5267 sumpsit

1959 5256 2020 5316 ut
2052 5256 2520 5330 interpretaretur.
2562 5258 2697 5314 Vide
2719 5256 3236 5322 Clementina,hom.
3274 5260 3361 5325 16,
3390 5256 3492 5331 cap

1961 5331 2047 5386 16.
2079 5330 2184 5385 lsta
2207 5346 2332 5384 vero
2355 5344 2527 5398 usque
2556 5330 2621 5383 ad
2648 5344 2770 5399 cap.
2798 5328 3099 5399 l2gdesunt
3121 5331 3175 5399 in
3198 5329 3510 5399 impressis:

1961 5346 2047 5386 ιδ.
2079 5346 2184 5385 ISta
2207 5346 2332 5384 vero
2355 5346 2527 5398 usque
2556 5346 2621 5383 ad
2648 5346 2770 5399 cap.
2803 5346 2870 5383 η
2900 5346 3099 5384 desunt
3121 5346 3175 5382 in
3198 5346 3511 5401 impressrs:

1954 5401 2237 5469 desumpta
2262 5407 2440 5455 autem
2463 5406 2589 5455 sunt
2614 5416 2679 5454 ex
2709 5398 2831 5453 cod.
2866 5396 3025 5453 Sorb.
3054 5408 3108 5454 et
3130 5398 3231 5454 Th.
3272 5468 3307 5469 ﬂ

2030 5468 2429 5541 (82)’Prin‘cipii
2459 5486 2664 5541 nomen,
2698 5478 2805 5523 etc.
2835 5470 2893 5541 In
2921 5484 3112 5541 marg.
3134 5485 3239 5525 ms.
3269 5468 3371 5524 Th.
3397 5469 3513 5525 haec

1956 5537 2250 5612 leguntur:
2278 5537 2450 5612 Caute
2474 5539 2570 5610 legi
2620 5548 2818 5612 oportet
2846 5538 2979 5592 hanc
3010 5537 3325 5612 scripturum
3344 5580 3358 5604 ,
3389 5542 3511 5612 quia

1952 5608 2295 5666 madentibus
2324 5608 2477 5681 facile
2522 5608 2677 5681 error
2703 5609 2974 5681 supreme
3010 5608 3197 5679 potest.
3245 5608 3416 5681 usque
3442 5611 3512 5666 ad

1958 5681 2130 5736 simile
2150 5681 2375 5752 signum
2394 5679 2557 5752 [egere
2582 5679 2711 5735 noli.
2737 5677 2862 5735 Vid.’
2890 5677 3030 5735 infra
3055 5687 3238 5734 notam
3266 5677 3513 5752 ejusdem

1960 5752 2079 5808 cod.
2110 5751 2177 5806 ad
2205 5764 2324 5821 cap.
2354 5750 2440 5804 12.
