4048 6262
564 307 706 363 ηδε

1432 302 1492 361 S.
1532 299 1924 359 CLEMENTIS
1958 300 1979 356 l
2015 301 2181 359 ROM.
2222 301 2422 359 ΡΟΝΤ.
2461 300 2689 357 ΟΡΕΒΛ
2719 300 2952 359 DUBIA.

3656 298 3788 358 1284

560 426 910 490 nuncupatur
939 421 1124 488 rebus,
1152 418 1504 474 sensibilibus
1536 420 1746 473 scilicet
1773 426 1827 472 et
1871 418 2127 490 intelligt—
2156 422 2204 481 Α
2231 416 2430 486 gnum?
2475 416 2657 471 Audes
2711 424 2888 471 autem
2940 413 3142 468 factum
3192 411 3373 467 dicere
3421 425 3451 465 a
3505 414 3790 484 semetipso

559 512 782 567 bilibus.
819 512 923 565 Sed
956 527 1024 566 ne
1060 518 1185 566 ante
1215 511 1645 580 experimentum
1679 510 2018 565 sensibilium
2062 512 2130 565 ad

542 602 923 673 iintelligihilia
954 602 1229 656 declinare
1259 602 1556 663 videamur,
1588 600 1741 655 decet
1775 601 1949 670 primo
1990 616 2021 655 a
2045 600 2128 655 vi-

560 694 817 749 sibilibus
847 694 1106 762 incipere,
1142 700 1200 746 ut
1231 692 1297 747 de
1342 693 1591 762 proximo
1634 700 1910 748 sumentes
1949 708 2131 748 exem—

558 782 707 852 plum
741 783 935 836 iterum
985 782 1051 835 ad
1094 782 1508 852 intelligibilium
1555 783 1835 837 veniamus
1884 798 2132 853 compre-

559 874 902 931 hensionem.
933 873 1054 939 Qun
1083 874 1243 927 modo
1290 873 1371 927 sol
1404 872 1553 927 verbi
1597 875 1771 944 gratia
1819 874 1874 928 in
1920 876 2127 945 princi-

559 967 707 1034 pium
754 964 835 1019 vel
880 964 1243 1034 principatum
1295 964 1401 1018 diei
1448 964 1781 1019 constitutus
1825 972 1948 1031 est,
1999 966 2129 1020 luna

557 1073 687 1112 vero
717 1074 747 1113 e
776 1057 1052 1111 contrario
1086 1057 1263 1112 noctis
1292 1058 1372 1123 ἐς
1402 1056 1517 1111 haec
1561 1067 1741 1113 autem
1768 1069 1825 1114 ut
1854 1059 2131 1130 principa-

558 1156 672 1203 tum
718 1157 907 1219 gerant
935 1150 1231 1204 constituta
1263 1159 1410 1212 sunt,
1444 1166 1479 1204 ua
1502 1166 1611 1221 quo
1656 1152 1817 1206 etiam
1857 1161 1913 1207 ut
1944 1160 2128 1208 essent

557 1240 613 1294 in
644 1240 913 1310 principio
935 1247 1280 1310 acceperunt.
1316 1239 1417 1305 Qui
1446 1250 1623 1295 autem
1655 1242 1769 1296 haec
1798 1244 2124 1314 composuit,

554 1330 755 1386 caelum
785 1337 838 1384 et
869 1338 1068 1385 terram
1099 1332 1251 1402 prius
1280 1331 1544 1399 condidit,
1572 1342 1766 1403 praeter
1805 1335 1917 1389 lucc
1945 1342 2126 1390 autem

553 1422 835 1477 terrestria
866 1430 918 1476 et
953 1423 1216 1492 inaquosa
1251 1429 1305 1477 et
1333 1424 1575 1479 volatilia
1605 1426 1861 1480 animalia
1904 1441 2127 1497 compo-

553 1513 687 1579 suit,
717 1514 941 1569 arbores
968 1530 1186 1585 quoque
1226 1522 1279 1570 et
1310 1514 1508 1572 herbas
1547 1524 1600 1571 et
1643 1525 1765 1587 post
1805 1517 1920 1572 haec
1950 1517 2127 1573 homi~

553 1620 698 1671 nem,
722 1623 833 1663 non
856 1617 914 1662 ut
943 1618 1127 1665 essent
1149 1611 1263 1666 haec
1286 1618 1497 1666 tantum
1521 1611 1845 1682 principium
1878 1625 2125 1673 sumens,

553 1701 649 1755 sed
676 1701 843 1755 etiam
891 1711 952 1755 ut
998 1704 1242 1758 viverent
1294 1704 1594 1760 secundum
1640 1703 1956 1757 mandatum
2003 1702 2119 1758 Dei.

552 1786 629 1839 lta
660 1802 791 1857 ergo
837 1790 1004 1844 multa
1052 1792 1269 1861 quidem
1316 1799 1545 1861 possunt
1582 1806 1706 1846 esse
1753 1791 2041 1862 principia,
2072 1791 2123 1847 ei
2154 1768 2194 1823 Β

551 1890 734 1934 autem
766 1882 858 1950 qui
891 1890 996 1947 cst,
1028 1884 1297 1953 principia
1344 1900 1452 1938 non
1477 1891 1622 1938 sunt.
1657 1883 1837 1938 Unum
1869 1893 1953 1940 est
1982 1885 2127 1939 enim

549 1970 879 2039 principium
911 1980 963 2025 et
996 1987 1161 2025 unum
1193 1972 1311 2027 sine
1335 1973 1598 2042 principio
1629 1974 1979 2044 principium,
2008 1989 2129 2043 quas

552 2071 735 2116 autem
765 2071 886 2132 post
917 2064 1033 2117 haec
1074 2070 1222 2129 sunt,
1254 2065 1477 2121 abusive
1521 2066 1777 2120 dicuntur
1806 2068 1877 2132 (si
1907 2066 2128 2137 quidem

551 2151 850 2226 dicuntur)
898 2155 1185 2225 principia.
1242 2154 1586 2212 Przeveniens
1642 2165 1821 2213 autem
1875 2158 2102 2227 exposui

551 2259 772 2299 causam
799 2244 961 2313 hujus
993 2245 1295 2316 exempli,a
1332 2248 1686 2304 sensibilibus
1721 2249 1931 2304 scilicet
1952 2250 2020 2303 ad
2044 2248 2129 2301 in-

550 2332 875 2401 telligibilia,
891 2334 1068 2388 uthac
1088 2334 1174 2388 via
1206 2336 1287 2390 usi
1313 2335 1521 2392 ﬁrmam
1545 2346 1598 2393 et
1619 2346 1823 2394 certam
1844 2339 1911 2394 de
1929 2340 2129 2395 intelli-

549 2425 795 2498 gihilium
811 2425 1101 2481 traditione
1112 2428 1489 2497 possideamus
1506 2430 1812 2488 tuitionem.
1831 2431 1959 2488 Siue
1972 2434 2125 2503 prin-

549 2517 693 2588 cipio
726 2534 855 2589 ergo
885 2518 1118 2576 dicimus
1146 2519 1315 2576 Deum
1352 2522 1611 2579 ineffabili
1654 2526 1993 2595 providentia
2030 2528 2126 2583 de-

549 2615 911 2673 monstrante,
936 2610 1029 2678 qui
1050 2624 1161 2663 non
1193 2625 1223 2663 a
1240 2625 1299 2665 se
1320 2610 1438 2682 ipso
1456 2610 1733 2673 factus.est
1754 2629 1854 2668 nec
1873 2629 1901 2667 a
1929 2629 1988 2669 se
2007 2614 2126 2684 ipso

547 2698 796 2771 genitus;
814 2709 897 2755 est
913 2701 1057 2756 enim
1075 2700 1193 2757 sine
1222 2703 1490 2773 principio
1508 2711 1562 2758 et
1581 2705 1876 2775 ingenitus.
1898 2703 2127 2776 lngenili

548 2803 727 2848 autem
762 2794 1052 2863 appellatio
1081 2810 1187 2849 non
1228 2795 1359 2867 quid
1384 2797 1475 2862 sit,
1501 2798 1658 2852 nobis
1680 2798 1983 2866 intelligere
2010 2799 2123 2863 dat,

546 2883 645 2939 sed
666 2885 809 2955 quod
832 2901 938 2939 non
958 2894 1043 2940 est
1064 2885 1270 2954 factus;
1304 2888 1653 2962 αὐτοπάτορα
1670 2905 1798 2945 vero
1817 2901 1871 2945 ct
1898 2892 2124 2959 αὐτογέ-

546 2994 725 3049 νητον,
748 2977 850 3031 hoc
879 2986 964 3032 est
987 2978 1163 3047 ipsum
1198 2978 1301 3034 sibi
1331 2979 1542 3034 Patrem
1574 2981 1864 3051 ipsumque
1900 2982 2005 3037 sibi
2033 2982 2125 3037 Fi-

547 3069 683 3123 lium
713 3070 805 3139 qui
838 3079 1170 3126 vocaverunt
1217 3071 1351 3125 illud
1394 3071 1537 3141 quod
1577 3071 1895 3141 ingenitum,
1927 3084 2122 3130 contu-
2145 3106 2195 3171 ο

546 3163 763 3218 meliam
807 3161 989 3218 facere
1020 3163 1200 3217 conati
1242 3171 1372 3219 sunt
1413 3163 1595 3219 dubiis
1629 3164 1999 3227 deservientes
2028 3184 2120 3224 ra-

545 3253 811 3309 tionibus.
857 3252 1103 3324 lndigere
1139 3254 1285 3308 enim
1330 3254 1613 3309 nativitate
1660 3255 1789 3321 illud
1822 3258 1967 3326 quod
2008 3269 2127 3315 erat

544 3348 869 3419 priusquam
946 3354 1285 3412 nasceretur,
1328 3347 1677 3415 parvulorum
1728 3363 1880 3405 more
1925 3349 2127 3407 intelli-

546 3445 737 3507 gentes
767 3446 1050 3507 putarunt,
1084 3445 1137 3491 et
1174 3438 1302 3491 illud
1334 3438 1480 3508 quod
1525 3438 1722 3503 fuerat,
1758 3456 1856 3510 pro
1884 3456 1949 3498 eo
1978 3444 2123 3513 quod

548 3529 714 3584 fuerit
744 3537 1028 3601 ponentes,
1057 3530 1215 3600 quasi
1260 3546 1354 3600 per
1381 3547 1440 3586 se
1480 3532 1655 3603 ipsum
1694 3532 1895 3587 factum
1940 3534 2125 3592 dicere

547 3622 760 3677 insania
812 3623 1177 3685 insanierunt,
1220 3630 1276 3677 et
1325 3624 1751 3693 plantationibus
1803 3642 2124 3697 comparare

547 3714 683 3769 illud
717 3714 863 3784 quod
902 3722 986 3769 est
1026 3715 1346 3783 ingenitum,
1371 3727 1430 3768 ut
1468 3716 1782 3773 daamoniosi
1807 3720 1925 3775 ausi
1972 3727 2121 3775 sunt.

547 3806 673 3862 Haec
716 3818 894 3862 autem
944 3807 1125 3861 omnia
1168 3806 1223 3861 in
1272 3807 1547 3878 impietate
1592 3810 1889 3864 constituta
1929 3826 2124 3867 conse-

545 3906 803 3969 quentem
834 3898 1038 3952 habent
1072 3899 1451 3968 ignorantiam.
1498 3898 1616 3953 Non
1647 3902 1792 3956 enim
1839 3901 2123 3959 intellexe-

546 3997 676 4044 runt
700 3988 802 4043 hoc
829 3989 1006 4059 ipsum
1031 3989 1273 4045 dicentes
1303 3997 1357 4045 et
1382 3990 1546 4046 fuisse
1563 4000 1616 4046 et
1632 4007 1740 4047 non
1760 3992 1954 4049 fuisse.
1974 3994 2121 4062 Qua-

545 4091 708 4139 tenus
742 4085 886 4138 enim
929 4085 1135 4155 genuit,
1170 4083 1292 4147 fuit,
1326 4093 1597 4156 quatenus
1625 4102 1757 4143 vero
1798 4096 1981 4143 natum
2012 4096 2118 4154 est,

546 4178 813 4234 nonfuit.
855 4177 975 4231 Non
1023 4176 1191 4233 fuisse
1230 4178 1360 4249 ergo
1407 4196 1531 4235 eum
1580 4189 1796 4237 constat
1847 4191 2121 4252 quatenus

546 4279 738 4326 natum
769 4281 875 4336 est,
918 4270 1087 4326 fuisse
1109 4277 1291 4325 autem
1322 4288 1447 4327 eum
1476 4282 1695 4329 constat
1731 4284 2000 4346 quatenus
2027 4293 2122 4346 ge-

546 4362 690 4417 nuit.
734 4360 861 4416 Περ
905 4369 1084 4416 autem
1135 4371 1366 4432 utraque
1419 4364 1599 4420 dicere
1648 4365 1808 4421 simul
1866 4366 2115 4423 eumdem

547 4453 899 4530 sustinuisse,
929 4467 1035 4506 non
1068 4455 1329 4523 permittit
1360 4457 1577 4525 pietatis
1603 4457 1890 4526 professio.

619 4540 709 4596 ιν.
754 4540 957 4596 Deinde
983 4543 1144 4597 etiam
1169 4561 1486 4602 communes
1508 4548 1866 4618 cogitationes
1890 4549 2121 4605 sollicite

548 4648 579 4685 a
613 4648 672 4687 sc
702 4633 968 4702 repellunt
1002 4642 1209 4689 tantam
1241 4637 1661 4707 blasphemiam,
1695 4639 1916 4710 dignum
1950 4642 2121 4697 hono-

549 4740 664 4780 rem
693 4723 934 4793 iugenito
960 4724 1289 4783 deterentes.
1321 4727 1592 4794 Quidnam
1625 4730 1788 4801 igitur
1804 4732 1927 4801 quis
1951 4734 2123 4787 inter—

549 4821 774 4882 rogatus
799 4814 945 4868 dicat
966 4831 1156 4871 eorum
1187 4819 1279 4887 qui
1327 4820 1489 4890 impie
1531 4822 1972 4891 appellaverunt?
2014 4825 2118 4881 nisi

544 4905 675 4973 quia
706 4904 808 4958 fuit
840 4906 1151 4977 priusquam
1182 4918 1345 4977 esset,
1377 4911 1489 4981 ipse
1512 4913 1611 4967 sibi
1635 4911 1813 4976 Pater,
1843 4914 1935 4984 qui
1992 4931 2115 4972 esse

547 4995 739 5049 habuit
795 5004 1086 5067 antequam
1123 5000 1227 5055 sibi
1274 5010 1332 5055 ut
1370 5011 1515 5057 esset
1556 5004 1916 5073 prmstitisset.
1948 5008 2114 5060 Αὐτο-

546 5087 737 5158 πάτωρ
772 5094 825 5140 et
851 5088 1163 5160 αὐτογενής,
1192 5090 1297 5146 hoc
1326 5101 1410 5148 est
1442 5094 1559 5164 ipse
1588 5095 1694 5149 sibi
1720 5094 1879 5151 Pater
1917 5105 1971 5151 et
2001 5097 2117 5167 ipse

545 5177 651 5231 sibi
675 5176 865 5244 Filius,
888 5194 993 5248 qua
1020 5180 1229 5235 ratione
1257 5181 1487 5247 dicatur,
1519 5189 1572 5237 et
1611 5199 1733 5237 cum
1763 5183 1980 5254 quidem
2009 5200 2117 5238 non

547 5270 744 5326 fuisset
788 5272 934 5342 quod
978 5280 1148 5339 esset,
1173 5280 1300 5328 ante
1348 5281 1571 5330 exstans
1628 5274 1999 5346 intelligentia:
2038 5276 2115 5330 si-

611 5428 660 5460 "
695 5428 829 5485 Gen.
862 5447 902 5496 ι,
937 5427 1023 5487 16.

1134 5431 1180 5465 ⁷⁸
1218 5429 1410 5486 Matth.
1446 5446 1502 5495 ι,
1541 5428 1633 5484 28.
1711 5428 1756 5461 ⁸ο
1794 5427 1990 5483 Matth.
2021 5444 2075 5492 v,
2104 5428 2195 5483 27.

2232 508 2365 562 illud
2392 507 2536 578 quod
2567 506 2875 561 inelfectum
2902 506 3019 560 est?
3042 503 3375 570 Putaverunt
3402 511 3585 557 autem
3613 503 3791 574 hujus-

2231 598 2377 652 modi
2404 614 2527 651 eum
2558 598 2847 667 disciplina
2872 612 2928 651 se
2965 596 3066 650 hoc
3089 596 3291 659 dicere,
3326 596 3469 651 sicut
3511 595 3673 659 ebrii,
3700 597 3787 666 qui

2231 690 2452 744 umbras
2498 704 2596 759 pro
2630 687 2801 742 foveis
2836 687 3170 743 existimant.
3203 684 3430 755 Propter
3478 683 3624 754 quod
3672 694 3790 740 ante

2230 774 2411 837 omnia
2448 787 2660 850 oportet
2703 795 2804 835 nos
2849 778 3232 833 immortalium
3282 777 3675 833 scrutationem
3714 775 3786 829 fa-

2230 873 2737 941 cieutcsiucipcrea
2770 868 3066 925 Dominicis
3095 867 3502 931 traditionibus,
3529 865 3623 919 ubi
3652 880 3788 919 mor—

2230 962 2420 1016 talium
2450 960 2815 1016 conditionem
2848 960 2916 1014 ab
2945 958 3344 1013 immortalibus
3386 971 3668 1027 separans,
3698 955 3789 1009 do-

2230 1055 2453 1110 cuitnos
2476 1054 2713 1125 pericula
2736 1061 2790 1107 et
2813 1050 3142 1106 tentationes
3165 1066 3337 1121 usque
3361 1049 3430 1104 ad
3456 1052 3631 1120 ipsam
3652 1064 3792 1104 mor-

2229 1153 2335 1199 tem
2361 1145 2633 1199 sustinere
2657 1149 2878 1214 propter
2897 1157 3046 1211 spem
3078 1141 3343 1197 bonorum
3365 1141 3542 1211 regni,
3572 1142 3786 1198 dicens:

2231 1233 2411 1290 Nolite
2438 1238 2617 1290 timere
2645 1252 2732 1289 eos
2758 1234 2848 1305 qui
2870 1233 3112 1287 occidunt
3140 1249 3347 1303 corpus,
3388 1233 3598 1287 animas
3622 1243 3790 1288 autem

2228 1346 2330 1383 non
2351 1339 2568 1397 possunt
2608 1328 2858 1391 occidere,
2894 1328 3069 1382 timete
3087 1337 3260 1381 autem
3288 1343 3407 1381 eum
3436 1328 3527 1397 qui
3550 1336 3720 1396 potest
3746 1335 3791 1381 et

2227 1437 2413 1490 corpus
2434 1430 2482 1474 et
2499 1422 2728 1474 animam
2748 1419 2960 1489 perdere
3001 1421 3054 1473 in
3086 1420 3371 1489 gehennam
3400 1420 3471 1475 ⁷⁸.
3497 1417 3563 1472 Ει
3588 1434 3717 1473 vere
3749 1420 3793 1475 si

2225 1527 2335 1567 non
2365 1512 2721 1568 commoritur
2747 1514 2962 1583 corpori
2987 1513 3187 1577 anima,
3207 1527 3315 1566 non
3338 1512 3527 1582 utique
3538 1510 3795 1565 dividitur

2225 1619 2327 1659 nec
2367 1603 2513 1659 aliud
2536 1603 2736 1674 aliquid
2767 1604 2973 1674 patitur
2999 1604 3175 1660 dehis
3200 1618 3320 1675 quae
3342 1605 3548 1674 patitur
3575 1618 3790 1672 corpus,

2225 1699 2373 1753 verbi
2404 1698 2571 1769 gratia
2589 1696 2940 1753 inﬂuxionem
2962 1698 3047 1753 vel
3069 1695 3455 1761 deﬂuxionem,
3480 1696 3794 1751 tenuitatem

2230 1798 2325 1846 aut
2348 1789 2788 1853 crassitudinem,
2806 1789 3093 1845 sanitatem
3115 1788 3198 1843 vel
3216 1787 3608 1851 infirmitatem,
3627 1787 3797 1842 absci-

2230 1884 2436 1937 sionem
2469 1890 2562 1936 aut
2591 1880 3053 1950 conjunctionem.
3087 1878 3296 1935 Sedet
3344 1880 3402 1933 in
3450 1878 3571 1949 ipsa
3618 1878 3793 1933 homi-

2228 1989 2358 2027 num
2392 1973 2771 2043 procreatione
2804 1971 2941 2027 nihil
2970 1970 3260 2025 committit
3288 1972 3465 2025 anima
3498 1972 3794 2027 secundum

2228 2063 2722 2131 deﬂuxionem,sed
2744 2065 2797 2118 in
2820 2063 2967 2119 omni
2988 2062 3206 2133 quidem
3233 2070 3381 2117 motu
3413 2072 3519 2118 stat
3549 2063 3795 2119 videlicet

2228 2156 2533 2212 substantia
2558 2155 2930 2220 immutabilis,
2947 2155 3163 2210 diverso
3191 2166 3368 2208 autem
3395 2164 3545 2210 motu
3566 2156 3631 2209 ad
3653 2154 3796 2211 aliud

2226 2256 2280 2305 et
2299 2247 2445 2303 aliud
2468 2263 2668 2318 corpus
2692 2248 2877 2302 incitat
2905 2248 3035 2318 pati.
3056 2245 3198 2302 Fluit
3218 2253 3421 2317 ergoet
3444 2248 3654 2318 patitur
3669 2248 3797 2303 sub-

2227 2340 2552 2395 stantialiter
2581 2355 2800 2410 corpus,
2830 2340 2991 2395 sicuti
3022 2339 3393 2410 experimento
3420 2341 3791 2411 cognoscitur,

2227 2442 2349 2504 post
2373 2432 2518 2487 illam
2542 2438 2788 2486 natorum
2813 2432 3242 2502 coagulationem
3264 2430 3636 2493 exinanitione
3657 2432 3797 2488 uteri

2227 2524 2368 2579 facta
2396 2564 2410 2588 ,
2462 2531 2681 2595 propter
2718 2534 3054 2578 crementum
3109 2523 3334 2578 infantis
3377 2525 3712 2594 impellentis
3744 2533 3794 2580 et

2226 2614 2444 2685 impulsi
2472 2615 2617 2670 velut
2640 2614 2694 2669 in
2725 2614 3033 2679 luctamine,
3062 2615 3228 2670 verbo
3256 2615 3571 2670 Conditoris
3597 2634 3610 2670 :
3638 2615 3791 2682 Quod

2227 2706 2371 2762 enim
2406 2707 2747 2777 coagulatum
2768 2712 2851 2762 est
2906 2706 3125 2762 festinat
3169 2705 3393 2778 egredi;
3422 2706 3566 2776 quod
3610 2714 3793 2761 autem

2228 2797 2538 2868 coagulavit
2576 2797 2726 2867 cupit
2747 2812 3035 2867 exponere.
3059 2797 3237 2853 Causa
3255 2813 3381 2852 vero
3401 2800 3513 2851 haec
3535 2797 3797 2852 transfert

2228 2890 2375 2960 ipsas
2402 2888 2688 2959 passiones
2736 2889 2801 2943 ad
2828 2880 3230 2944 successionem
3252 2889 3494 2959 ejusdem
3520 2889 3627 2957 rei,
3654 2888 3794 2943 facta

2228 2988 2407 3035 autem
2438 2980 2693 3051 passione
2720 2995 3006 3036 commune
3048 2982 3349 3051 periculum
3394 2981 3594 3052 saepius
3629 2996 3795 3053 quam

2228 3072 2461 3141 speciale
2483 3072 2769 3143 contingit.
2890 3064 2895 3073 ’

2298 3161 2364 3220 V.
2400 3162 2505 3220 Sed
2534 3171 2589 3219 et
2611 3179 2773 3218 omne
2799 3163 2943 3234 quod
2973 3165 3139 3220 servit
3168 3164 3530 3223 muliebribus
3571 3166 3796 3225 deside-

2225 3256 2356 3324 riis,
2388 3264 2743 3327 promovetur
2784 3264 2838 3311 et
2880 3256 3286 3327 praemeditatur
3329 3260 3662 3317 naturaliter
3706 3278 3784 3319 se-

2224 3348 2465 3403 cundum
2509 3346 2946 3417 uniuscujusque
2986 3355 3232 3413 aetatem,
3257 3350 3409 3404 verbi
3440 3365 3607 3405 causa
3639 3352 3797 3406 aliter

2223 3457 2382 3511 puer,
2408 3441 2565 3495 aliter
2586 3455 2716 3497 vero
2746 3440 3093 3505 adolescens,
3129 3441 3287 3496 aliter
3314 3449 3497 3496 autem
3528 3444 3632 3499 vir.
3659 3442 3794 3499 Nam

2224 3534 2406 3589 infans
2434 3533 2655 3604 quidem
2685 3532 2741 3587 in
2768 3533 2971 3588 virtute
2992 3533 3156 3589 habet
3177 3533 3371 3588 horum
3393 3534 3792 3605 operationem,

2223 3626 2466 3680 nondum
2503 3631 2685 3679 autem
2726 3622 2785 3677 in
2814 3624 3018 3678 virtute
3048 3622 3212 3679 habet
3241 3623 3406 3678 etiam
3448 3626 3650 3680 animm
3679 3640 3795 3681 mo-

2224 3726 2349 3784 tus;
2394 3717 2712 3772 adolescens
2754 3730 2886 3770 vero
2912 3723 3136 3786 paratus
3170 3714 3390 3786 quidem
3441 3715 3510 3770 ad
3547 3715 3795 3772 destina-

2219 3815 2372 3873 tum,
2422 3808 2666 3861 nondum
2710 3822 2840 3863 vero
2880 3806 3202 3876 digestionis
3251 3806 3416 3860 habet
3463 3822 3662 3873 usum;
3708 3808 3792 3862 vir

2222 3909 2403 3956 autem
2434 3901 2759 3971 conspirans
2782 3899 3023 3969 possidet
3051 3898 3399 3970 perfectionis
3422 3900 3789 3969 propositum.

2222 3991 2288 4046 Et
2319 4007 2428 4046 non
2470 4008 2536 4048 ex
2587 3993 2700 4048 illis
2750 3993 2889 4049 solis
2932 3990 3224 4047 dicendum
3266 4002 3382 4056 est,
3413 3992 3657 4047 animam
3689 3994 3797 4047 im.

2222 4084 2506 4139 mortalem
2530 4124 2546 4149 ,
2578 4098 2780 4155 corpus
2823 4099 2954 4139 vero
3000 4083 3174 4139 ﬂuens
3197 4123 3213 4149 ,
3260 4084 3352 4140 sed
3385 4083 3553 4139 etiam
3574 4100 3645 4138 ex
3667 4084 3793 4147 bis,

2221 4190 2343 4244 quae
2366 4175 2433 4229 ad
2455 4189 2575 4231 eam
2595 4184 2849 4231 constant
2868 4176 2925 4230 in
2951 4190 3292 4230 communem
3318 4190 3608 4246 personam
3639 4189 3791 4230 man-

2221 4267 2388 4331 datis,
2419 4280 2541 4336 quae
2572 4267 2649 4321 ait
2676 4264 2980 4321 Dominus:
3010 4264 3222 4319 Dictum
3245 4275 3320 4319 est
3345 4266 3576 4335 antiquis
3609 4281 3630 4319 :
3667 4263 3794 4320 Non

2223 4355 2588 4421 mazcltaberis;
2615 4372 2708 4425 ego
2736 4364 2909 4410 autem
2930 4355 3046 4410 dico
3073 4372 3090 4410 :
3118 4354 3228 4410 Nec
3248 4357 3302 4410 in
3327 4366 3595 4423 aspectum
3642 4356 3786 4411 desi-

2150 4459 2193 4514 ι)
2221 4446 2366 4500 deria
2394 4448 2582 4502 servies
2608 4448 2675 4512 ⁸ο,
2708 4448 2872 4503 nimis
2902 4455 3062 4502 caute
3102 4447 3350 4517 loquens.
3397 4446 3455 4502 Si
3482 4448 3635 4503 enim
3665 4462 3791 4503 cor-

2219 4552 2326 4607 pus
2350 4537 2670 4593 naturaliter
2699 4537 2996 4608 obligatum
3036 4545 3120 4593 est
3158 4537 3408 4593 femineis
3446 4539 3791 4607 commistio-

2219 4630 2404 4692 nibus,
2437 4630 2609 4699 magis
2632 4638 2811 4684 autem
2846 4630 3051 4686 servire
3070 4637 3319 4685 coactum
3350 4629 3439 4684 his
3469 4645 3590 4701 quae
3627 4645 3790 4686 acce-

2221 4726 2329 4795 pit,
2362 4732 2422 4779 ut
2452 4732 2596 4781 esset
2622 4732 2677 4779 et
2707 4725 2763 4779 in
2792 4724 3073 4781 schemate
3090 4723 3201 4795 (8'5)
3233 4723 3492 4787 haberet,
3537 4723 3693 4793 quod
3736 4730 3791 4778 et

2219 4818 2518 4889 principale
2561 4826 2647 4873 est
2693 4817 2932 4872 carnalis
2976 4815 3411 4887 procreationis,
3463 4830 3573 4885 quo
3620 4815 3790 4870 modo

2216 4908 2341 4980 quis
2372 4909 2685 4979 suspicetur
2706 4909 2926 4978 corpori
2954 4924 3077 4964 esse
3105 4907 3311 4963 dictum
3345 4928 3358 4962 :
3394 4906 3519 4963 Non
3551 4907 3789 4961 marche-

2217 5004 2376 5064 beris,
2414 5018 2506 5072 ego
2554 5013 2729 5056 autem
2761 5001 2881 5057 dico
2911 5018 3002 5057 nec
3036 5001 3296 5057 desiderio
3324 5000 3537 5065 servies,
3570 5007 3629 5055 et
3676 5015 3789 5055 non

2216 5093 2399 5164 potius
2429 5092 2500 5156 ei,
2535 5108 2656 5163 quae
2681 5094 2850 5148 libera
2879 5102 2963 5149 est
2988 5093 3313 5157 substantia,
3341 5092 3533 5145 talium
3566 5092 3789 5161 passio-

2219 5200 2349 5239 num
2380 5192 2700 5254 potestatem
2729 5184 2937 5240 habens
2963 5184 3149 5239 laxare
3182 5184 3264 5238 vel
3289 5181 3565 5238 refrenare
3586 5196 3789 5236 secuuo

2219 5276 2348 5331 dum
2377 5277 2751 5347 operationem
2784 5291 3005 5346 corpus,
3033 5274 3126 5331 hic
3156 5272 3401 5330 melioris
3435 5273 3514 5328 rei
3544 5270 3773 5325 manda-

1845 5583 2209 5642 COTELERII
2242 5582 2468 5640 NOTAE.

620 5723 736 5798 (83)
774 5727 834 5780 In
866 5727 1141 5782 schemate.
1184 5729 1241 5783 Id
1277 5738 1359 5785 est
1417 5728 1472 5782 in
1509 5743 1660 5784 sexu.
1701 5726 1836 5782 Vide
1867 5726 2101 5783 Constit.
2133 5741 2208 5793 γι,
2234 5725 2320 5777 H.
2346 5722 2491 5777 Infra
2516 5736 2638 5793 cap.
2659 5721 2713 5778 8.
