4048 6262
318 306 455 362 1285

1488 301 2047 359 RECOGNITIONUM
2088 301 2214 358 LIB.
2242 300 2331 357 111.

3402 294 3540 352 1286

313 428 430 475 tum
460 417 809 475 insinuat-ur?
840 416 932 472 Sic
961 416 1107 472 enim
1150 426 1204 471 et
1246 414 1429 470 futura
1455 424 1742 486 sperantes
1770 432 1878 470 non
1907 420 1954 474 A
1980 431 2039 471 se
2074 414 2359 477 dividens,
2391 428 2500 467 non
2530 411 2809 477 deﬂuens,
2841 426 2951 466 non
2983 411 3284 467 extendens
3314 409 3537 479 aliquid.

314 513 626 576 irascimur,
652 520 706 566 et
736 510 973 565 furorem
1004 508 1324 563 cohibemus
1344 516 1396 564 et
1419 509 1675 564 mulieres
1705 507 1883 577 despi-

312 603 493 658 cimus
524 618 619 672 spe
652 602 955 656 futurorum
984 615 1204 655 sensum
1234 600 1601 665 sublevantes,
1640 606 1700 653 ut
1740 599 1877 661 dixi,

313 708 424 747 non
464 709 624 747 omne
664 693 808 762 quod
853 708 1044 747 sumus
1088 693 1284 747 servile
1328 692 1591 747 habentes
1632 691 1880 747 femineis

312 785 753 853 operationibus,
796 785 893 839 sed
938 784 1083 837 aliud
1117 784 1335 852 quidem
1381 785 1624 840 serviens
1673 790 1882 838 natura:

311 876 457 942 quod
511 883 595 929 est
652 889 887 942 corpus,
939 860 1082 929 sicut
1123 875 1497 938 ostendimus,
1548 874 1694 928 aliud
1749 886 1880 927 vero

309 965 541 1018 liberum
563 1005 578 1029 ,
603 974 845 1020 mentem
870 1006 883 1029 ,
919 963 1065 1034 quod
1095 972 1178 1019 est
1207 972 1387 1019 motus
1433 965 1629 1018 anima:
1657 967 1880 1018 immor-

309 1054 459 1107 talis.

378 1141 469 1197 Vl.
510 1142 606 1198 His
636 1142 800 1212 igitur
831 1142 904 1196 ita
936 1158 995 1197 se
1018 1142 1368 1209 habentibus,
1393 1143 1687 1213 vestigium
1725 1142 1875 1212 opti-

309 1250 460 1289 mum
483 1234 551 1289 ad
576 1234 994 1304 intelligibilium
1013 1234 1548 1303 comprehensionem
1573 1236 1879 1291 invenimus

304 1340 434 1379 cum
484 1325 596 1385 Deo
633 1324 870 1382 dicente.
916 1323 1236 1379 lncedamus
1268 1340 1398 1395 ergo
1447 1341 1545 1394 per
1595 1342 1721 1381 eum
1764 1328 1881 1381 sine

306 1418 588 1486 periculo,
640 1424 855 1472 utentes
902 1417 1100 1471 anima:
1144 1416 1443 1470 immortali
1482 1419 1878 1488 gubernaculo,

307 1511 454 1563 ultra
486 1523 598 1563 non
630 1509 874 1563 sinentes
910 1508 1123 1562 irruere
1156 1508 1471 1578 passionem
1496 1510 1778 1564 carnalem
1804 1511 1880 1564 illi

311 1600 610 1654 immortali
638 1607 691 1654 et
721 1599 1052 1668 intelligibili
1082 1600 1434 1665 substantia,
1465 1601 1728 1657 honorem
1758 1609 1881 1656 tan-

305 1696 425 1742 tum
458 1689 753 1759 unicuique
790 1688 1214 1759 intelligibilium
1244 1697 1673 1759 sequestrantes,
1707 1709 1880 1763 quan-

1979 507 2303 564 Mementote
2343 508 2487 563 enim
2524 509 2649 578 quia
2686 508 2802 561 haec
2845 521 3134 575 corporum
3177 512 3304 561 sunt
3333 503 3538 574 passio-

1980 615 2119 666 nes,
2164 616 2301 670 quas
2348 600 2509 653 etiam
2546 602 2738 653 animae
2782 599 3022 651 tribuere
3070 595 3539 665 subterfugimus,

1978 677 2172 745 timore
2201 705 2274 745 ne
2310 689 2450 743 forte
2476 689 2855 743 immortalitas
2882 688 2930 741 ei
2968 688 3052 741 his
3083 686 3366 741 attributis
3392 683 3541 739 aufe—

1979 789 2153 835 ratur.
2189 779 2387 835 Genuit
2414 794 2544 849 ergo
2577 778 2757 842 Deus,
2788 777 2931 847 quod
2955 784 3008 831 et
3039 774 3304 829 facturam
3344 789 3544 829 vocare

1978 868 2272 925 didicimus
2316 869 2459 940 (84),
2494 871 2595 923 hoc
2642 868 2820 937 ipsum
2867 882 2996 937 ergo
3025 881 3221 921 vocare
3250 872 3303 919 et
3332 865 3541 933 genitu-

1978 974 2095 1012 ram
2133 966 2188 1013 et
2219 959 2484 1013 facturam
2534 966 2589 1013 et
2627 958 2839 1028 reliqua
2874 958 3068 1011 horum
3108 957 3539 1021 vocabulorum,

1980 1051 2114 1105 illud
2149 1052 2295 1121 quod
2340 1052 2459 1107 sine
2503 1051 2781 1106 schemate
2817 1057 3034 1104 constat
3065 1049 3330 1118 genitoris
3368 1048 3543 1117 speci-

1982 1152 2127 1207 men,
2163 1159 2366 1213 ponere
2398 1143 2683 1212 permittit.
2719 1140 2930 1207 Quibus
2961 1141 3105 1197 enim
3135 1149 3219 1196 est
3242 1138 3545 1195 differentia

1981 1235 2317 1289 schematum
2342 1276 2355 1299 ,
2391 1235 2443 1288 in
2479 1235 2613 1305 ipsis
2644 1249 2867 1289 necesse
2905 1241 2989 1288 est
3029 1233 3367 1288 observanda
3396 1233 3548 1303 geni-

1978 1332 2099 1379 tura
2146 1335 2199 1380 et
2248 1325 2482 1380 factura.
2528 1323 2794 1378 Manendo
2841 1339 2972 1394 ergo
3018 1324 3204 1393 genuit
3235 1322 3397 1390 Deus,
3436 1337 3545 1376 non

1979 1431 2174 1487 passus
2199 1417 2523 1471 divisionem
2546 1415 2809 1485 aliquam.
2846 1413 2962 1469 Non
2996 1415 3142 1467 enim
3168 1413 3547 1468 honorabilius

1977 1514 2061 1562 est
2082 1505 2191 1563 Deo
2213 1516 2267 1563 et
2297 1508 2400 1563 hoc
2426 1506 2672 1579 lngenito
2698 1507 2833 1561 illud
2861 1507 3008 1577 quod
3032 1514 3137 1570 est,
3172 1521 3237 1559 eo
3266 1505 3410 1575 quod
3436 1521 3545 1558 non

1977 1601 2238 1655 est‘velut
2268 1602 2529 1671 genitum.
2570 1598 2773 1654 Volens
2803 1600 2950 1654 enim
2980 1615 3089 1653 non
3114 1598 3328 1652 tardam
3358 1596 3549 1652 habuit

1978 1691 2238 1746 virtutem
2273 1692 2339 1746 ad
2364 1692 2511 1763 quod
2532 1693 2727 1757 voluit,
2758 1707 2860 1747 nec
2888 1691 3125 1747 excessit
3151 1692 3329 1746 virtus
3356 1691 3550 1745 volun-

302 1786 424 1831 tum
454 1780 504 1832 ei
532 1780 580 1834 is
610 1794 926 1849 quemesse
952 1780 1036 1833 vel
1070 1795 1303 1850 praeesse
1349 1790 1565 1838 constat
1606 1782 1715 1838 Deo
1756 1800 1880 1854 per-
1912 1776 1953 1833 Β
1980 1788 2185 1849 tatem;
2231 1781 2325 1837 sed
2377 1783 2683 1843 secundum
2728 1798 3063 1846 mensuram,
3107 1782 3323 1852 qualem
3357 1781 3545 1846 voluit,

300 1870 495 1925 mittit.
532 1870 629 1926 Est
672 1873 816 1926 enim
858 1873 1112 1941 primum,
1144 1871 1289 1942 quod
1317 1882 1403 1928 est
1433 1874 1758 1945 ingenitum,
1789 1877 1879 1930 cui

297 1970 356 2016 et
418 1964 699 2033 propheta:
749 1962 1122 2017 testimonium
1174 1964 1462 2034 perhibent
1504 1984 1518 2020 :
1567 1964 1679 2036 Ego
1737 1966 1879 2022 Deus

293 2054 538 2121 primus,
581 2067 630 2109 et
678 2072 775 2133 ego
815 2065 931 2124 post
973 2054 1103 2115 hwc,
1128 2064 1175 2107 et
1220 2064 1411 2123 praeter
1459 2072 1541 2111 me
1585 2056 1727 2111 Deus
1775 2074 1879 2112 non

293 2146 471 2211 est“;
508 2146 616 2199 hoc
664 2152 794 2201 vero
829 2148 1158 2203 subauditur
1196 2164 1320 2204 esse
1364 2150 1486 2207 sine
1527 2151 1684 2206 initio
1710 2160 1767 2209 et
1788 2153 1877 2206 in-

292 2235 577 2305 genitum.

365 2326 483 2384 γη.
518 2327 771 2384 Clemens
797 2344 926 2384 vero
948 2338 1002 2384 et
1024 2331 1205 2386 caeteri
1230 2332 1723 2403 interrogaverunt,
1747 2332 1877 2404 quid

290 2429 379 2479 est
430 2424 546 2478 hoc
592 2422 939 2495 lngenitum,
997 2426 1191 2482 audire
1236 2428 1503 2485 volentes.
1561 2427 1627 2483 Et
1683 2428 1877 2485 Petrus

286 2517 745 2572 animadvertens
795 2516 871 2570 ait
904 2532 918 2568 :
950 2516 1068 2571 Non
1118 2518 1395 2573 modicum
1440 2520 1744 2590 periculum
1792 2527 1877 2576 est

288 2608 359 2662 de
380 2623 472 2673 eo,
510 2607 661 2677 quod
687 2608 806 2663 sine
835 2606 1107 2678 principio
1134 2617 1219 2664 est
1253 2610 1400 2680 loqui
1425 2612 1511 2666 vel
1544 2612 1753 2677 audire,
1779 2626 1877 2666 vos

286 2716 423 2757 vero
450 2715 560 2771 pro
589 2698 863 2756 desiderio
890 2715 1082 2755 eorum
1111 2715 1233 2771 quae
1275 2701 1422 2757 dicta
1454 2712 1617 2771 sunt,
1645 2706 1876 2759 immen—

285 2793 524 2847 sitatem
573 2791 784 2864 irruere
832 2791 1249 2861 periclitamini;
1292 2801 1469 2849 etme
1514 2795 1617 2850 hoc
1663 2797 1774 2866 pati
1816 2806 1877 2851 ut

274 2885 457 2945 video
486 2883 733 2952 captatis
752 2922 768 2949 ,
798 2883 891 2953 qui
919 2884 1125 2954 putatis
1155 2900 1319 2955 posse
1348 2886 1481 2940 mihi
1514 2886 1581 2941 de
1607 2887 1700 2941 illo
1727 2891 1873 2959 quod

286 2975 582 3031 ineffabile
607 2982 691 3030 est
721 2976 1025 3045 subripere.
1074 2977 1268 3033 Moneo
1308 2989 1489 3035 autem
1528 2995 1626 3036 vos
1675 2981 1873 3038 fratres

281 3076 342 3122 et
376 3066 675 3132 conservi,
708 3081 817 3121 non
867 3066 998 3135 quid
1044 3068 1116 3124 sit
1152 3084 1429 3139 quaerere,
1466 3071 1562 3127 sed
1617 3073 1743 3141 quia
1786 3082 1872 3129 est

286 3157 690 3213 tantummodo
718 3158 911 3213 audire
939 3138 1277 3216 desiderare.
1304 3158 1370 3217 Et
1393 3162 1459 3218 de
1491 3164 1596 3220 hoc
1624 3138 1747 3235 plus
1776 3167 1873 3220 ali-
1897 3138 1943 3200 ο

285 3250 429 3319 quid
480 3249 667 3304 dicere
707 3264 817 3303 non
854 3256 1089 3319 oportet.
1124 3249 1222 3305 Est
1262 3251 1565 3321 lngenitum
1606 3272 1716 3319 non
1757 3260 1873 3313 sola

284 3339 670 3411 appellatione
710 3341 1113 3405 honorandum,
1144 3349 1229 3398 est
1256 3344 1401 3398 enim
1448 3352 1501 3400 et
1538 3346 1661 3402 sine
1687 3348 1871 3414 initio;

288 3434 402 3487 hoc
431 3441 623 3486 autem
654 3431 773 3487 sine
802 3433 963 3487 initio
995 3441 1050 3487 et
1077 3432 1381 3503 Ingenitum
1410 3446 1494 3492 est
1528 3437 1695 3505 Deus,
1728 3442 1873 3510 quod

283 3540 320 3577 a
352 3524 479 3578 sola
506 3522 763 3592 opinione
788 3538 977 3578 eorum
1007 3539 1129 3594 quae
1160 3525 1302 3580 facta
1340 3536 1467 3582 sunt
1492 3531 1871 3597 annuntiatur,

284 3630 321 3668 a
371 3630 437 3668 se
487 3613 605 3681 ipso
645 3619 828 3667 autem
875 3615 1368 3685 comprehenditur.
1403 3618 1522 3674 Non
1553 3623 1696 3676 enim
1724 3624 1875 3681 inve-

283 3706 411 3763 niet
462 3704 668 3774 aliquid
719 3706 804 3760 sui
850 3707 1025 3776 primo
1076 3707 1283 3777 fuisse,
1326 3718 1380 3766 et
1427 3712 1631 3784 aliquid
1685 3725 1874 3786 postea

284 3798 513 3853 factum
542 3796 861 3864 conspicere
890 3798 998 3861 sui,
1032 3815 1098 3855 eo
1125 3801 1273 3871 quod
1298 3802 1420 3859 sine
1440 3806 1715 3877 principio
1748 3825 1874 3864 eum

283 3902 425 3945 esse
456 3892 708 3951 constet;
744 3885 859 3941 haec
888 3896 1069 3944 autem
1101 3906 1289 3946 eorum
1322 3909 1443 3963 quae
1471 3896 1616 3951 facta
1640 3906 1769 3954 sunt
1793 3901 1877 3956 vi-

288 3978 517 4042 sitatio,
551 3985 773 4046 propter
803 3979 949 4047 quod
986 3981 1118 4035 illud
1150 3984 1295 4053 quod
1345 3993 1431 4041 est
1478 3987 1776 4055 ineffabile,
1804 3992 1875 4047 ad

283 4066 714 4139 inquisitionem
738 4067 844 4132 sui,
873 4070 1018 4139 quod
1044 4070 1208 4127 fuerit
1235 4084 1361 4130 ante
1382 4078 1678 4146 praevidere
1708 4097 1874 4151 quam

286 4161 503 4221 fuerit,
544 4159 781 4229 spatium
816 4176 926 4216 non
970 4162 1163 4232 habet;
1201 4182 1310 4222 non
1353 4170 1499 4224 enim
1544 4173 1876 4231 secundatur

286 4252 364 4307 ab
390 4266 465 4305 eo
492 4250 586 4319 qui
611 4258 694 4305 est
718 4250 892 4320 ipsius
918 4255 1169 4310 essentiae
1189 4260 1499 4317 curiositas.
1524 4261 1685 4319 Novit
1709 4265 1876 4338 igitur

286 4360 353 4400 se
383 4344 606 4414 ipsum,
639 4345 735 4414 qui
764 4342 874 4400 non
911 4346 1211 4420 interrogat
1257 4366 1317 4407 se
1353 4353 1420 4409 de
1467 4372 1526 4411 se
1578 4358 1716 4429 ipso.
1768 4359 1875 4417 Sed

286 4438 415 4491 haec
439 4434 667 4506 quidem
694 4437 855 4491 etiam
878 4438 1000 4507 plus
1027 4456 1188 4510 quam
1211 4452 1427 4513 oportet
1445 4446 1701 4516 diximus,
1731 4464 1875 4509 amat

284 4528 449 4583 enim
498 4528 634 4582 illud
677 4528 826 4599 quod
870 4540 954 4586 est
1000 4530 1339 4603 Ingenitum,
1369 4538 1586 4595 silentio
1620 4543 1874 4601 honorari

286 4620 705 4676 tantummodo.
760 4619 893 4675 Sine
936 4623 1209 4694 principio
1254 4642 1384 4698 ergo
1433 4630 1573 4687 hanc
1619 4635 1875 4692 substan-

286 4711 459 4774 tiam,
489 4709 787 4764 secundum
820 4711 965 4781 quod
993 4713 1196 4769 sentire
1216 4716 1518 4784 potuimus,
1550 4719 1757 4791 absque
1781 4738 1877 4793 pe-

284 4801 484 4859 riculo
515 4804 860 4873 suscepistis.
876 4850 893 4860 .

367 4892 517 4947 VIII.
546 4894 651 4960 Qui
672 4912 803 4968 ergo
823 4914 945 4955 esse
965 4914 1074 4954 non
1098 4900 1375 4958 inchoavit
1388 4906 1682 4975 przedictus
1704 4908 1867 4978 Deus,

283 4984 495 5059 genuit
526 4986 946 5058 primogenitum
975 4992 1153 5046 omnis
1182 5001 1468 5060 creatum,
1507 4997 1669 5052 sicuti
1697 4998 1866 5056 Deum
1894 5042 1897 5045 μ

284 5075 523 5143 decuit;
553 5094 662 5132 non
699 5096 758 5135 se
800 5083 1116 5150 immutans,
1147 5100 1257 5139 non
1288 5102 1347 5143 se
1376 5098 1728 5159 convertens,
1758 5109 1867 5149 non

365 5235 415 5265 δ’
462 5231 566 5289 lsa.
602 5249 745 5301 xuv,
774 5235 824 5291 6.

1983 1877 2144 1931 talem
2180 1886 2233 1931 et
2264 1878 2470 1947 genuit.
2520 1876 2579 1931 Si
2623 1878 2768 1932 enim
2799 1876 3068 1931 manendo
3088 1918 3103 1942 ,
3132 1890 3241 1929 non
3271 1875 3546 1944 patiendo,

1982 1968 2296 2022 necessitati
2320 1966 2712 2023 crassitudinis
2748 1981 2979 2036 corpora
3009 1965 3299 2021 servientia
3328 1966 3552 2020 umbras

1979 2067 2199 2115 exstare
2224 2059 2450 2123 faciunt,
2483 2067 2689 2130 quanto
2718 2060 2896 2130 magis
2921 2059 3174 2130 ingenitae
3202 2059 3389 2113 virtuti
3421 2059 3550 2112 sub—

1981 2160 2303 2226 sequentem
2327 2152 2519 2209 demus
2552 2152 2902 2224 Unigenitum
2942 2153 3221 2207 voluntate
3250 2151 3552 2221 proceden-

1982 2252 2113 2299 tem.
2148 2242 2321 2298 Sicuti
2356 2252 2537 2299 autem
2575 2260 2772 2300 rursus
2806 2246 3305 2315 prasintelliguntur
3340 2242 3553 2297 umbris

1978 2352 2230 2406 corpora,
2254 2337 2331 2391 ita
2355 2345 2409 2390 et
2443 2337 2575 2406 plus
2596 2336 3039 2407 praeintelligitur
3066 2344 3121 2390 et
3149 2336 3390 2406 ingenita
3419 2335 3551 2389 sub-

1979 2431 2180 2486 stantia
2211 2430 2406 2500 genita:
2425 2469 2441 2494 ,
2469 2431 2641 2485 etiam
2662 2430 2709 2485 si
2740 2445 2807 2484 ex
2850 2445 2917 2484 eo
2963 2429 3109 2499 quod
3136 2438 3281 2491 erat,
3316 2436 3375 2482 ut
3405 2439 3551 2484 esset

1978 2521 2208 2590 accepit.
2248 2520 2455 2574 Idcirco
2484 2520 2653 2591 igitur
2694 2534 2822 2575 vere
2868 2527 2923 2576 et
2969 2520 3216 2589 genitura
3245 2526 3299 2573 et
3338 2519 3548 2573 factura

1978 2618 2031 2665 et
2071 2618 2321 2665 creatura
2367 2617 2742 2681 competenter
2770 2610 3096 2679 appellatur,
3136 2610 3262 2679 quia
3290 2610 3549 2665 substan-

1977 2703 2052 2757 tia
2083 2717 2195 2757 non
2225 2711 2309 2757 est
2336 2700 2666 2773 lngenitum.
2701 2700 2906 2757 Memor
2937 2716 3058 2755 sum
3093 2716 3224 2756 sane
3271 2701 3546 2755 Simonem

1978 2810 2271 2852 accusasse
2309 2810 2415 2849 nos
2455 2794 2831 2865 blasphemia,
2858 2808 2923 2849 eo
2954 2793 3098 2864 quod
3127 2792 3433 2848 diceremus
3460 2791 3550 2847 Fi-

1977 2889 2110 2943 lium
2138 2886 2234 2945 Dei
2275 2886 2581 2953 Christum,
2609 2894 2874 2958 tanquam
2902 2886 3220 2941 hominibus
3249 2893 3303 2941 et
3335 2886 3549 2956 planta-

1979 2981 2217 3036 tionibus
2266 2980 2436 3036 Deum
2482 2988 2801 3050 aequantes;
2837 2992 2936 3034 vos
2978 2992 3110 3032 vero
3161 2993 3231 3032 ex
3276 2976 3549 3032 desiderio

1976 3074 2188 3128 discere
2210 3071 2486 3127 festinate.

2045 3161 2137 3219 IX.
2168 3160 2434 3217 Omnibus
2466 3168 2650 3217 autem
2679 3160 2912 3215 libenter
2941 3159 3310 3216 annuentibus
3342 3159 3419 3212 ait
3445 3158 3549 3214 Pe--

1976 3262 2098 3309 trus
2128 3273 2142 3308 :
2175 3252 2464 3309 Manifesta
2512 3262 2599 3308 est
2654 3252 2823 3323 hujus
2876 3250 3279 3306 incredulitatis
3331 3251 3460 3315 via,
3513 3264 3547 3303 o

1975 3345 2171 3416 Aquila
2222 3355 2275 3401 et
2324 3346 2529 3401 creteri.
2585 3344 2692 3410 Qui
2732 3345 2879 3399 enim
2926 3358 3027 3414 pro
3068 3350 3220 3398 certo
3263 3342 3545 3408 nescierit,

1975 3437 2289 3507 opinionem
2343 3444 2524 3491 autem
2580 3451 2756 3505 usque
2799 3435 2866 3489 ad
2915 3436 3162 3490 auditum
3210 3433 3547 3505 susceperit,

1975 3529 2198 3585 credere
2226 3532 2401 3593 timet,
2421 3544 2544 3583 cum
2566 3527 2728 3582 facile
2754 3528 2925 3597 possit
2945 3528 3354 3583 excusationem
3375 3527 3546 3598 ipsius

1977 3619 2379 3675 incredulitatis
2411 3634 2443 3673 a
2473 3634 2533 3674 se
2570 3619 2808 3688 abjicere
2848 3634 2959 3689 prae
2991 3620 3192 3689 gaudio
3238 3619 3359 3688 ejus
3401 3619 3547 3690 quod

1976 3714 2334 3784 promittitur,
2366 3718 2686 3781 assumptus
2721 3712 3004 3781 publicare
3046 3712 3194 3765 illam
3239 3727 3403 3783 quam
3446 3712 3547 3766 ha-

1975 3808 2092 3862 buit
2120 3807 2187 3863 de
2215 3822 2281 3863 eo
2299 3806 2447 3877 quod
2474 3806 2741 3877 quaeritur
2763 3804 3225 3871 incredulitatem,
3250 3804 3547 3876 cupiditate

1973 3898 2218 3955 discendi
2254 3914 2365 3954 non
2406 3897 2640 3952 dubitat.
2696 3894 2804 3950 Sed
2849 3896 2906 3950 in
2956 3896 3200 3952 secundo
3228 3896 3295 3951 de
3341 3896 3443 3951 hac
3487 3912 3548 3953 re

1975 4005 2180 4057 sermo,
2206 4006 2275 4045 ne
2297 3989 2517 4060 quando
2545 3988 2874 4044 abstrahens
2904 4002 3003 4042 vos
3032 3987 3240 4041 incerta
3270 3987 3393 4042 ﬁdei
3423 4003 3548 4058 spes

1974 4083 2280 4153 excipiatur
2309 4096 2408 4151 pro
2439 4079 2541 4135 fide
2572 4082 2630 4134 in
2661 4079 3096 4149 inquisitionem.
3129 4078 3344 4149 Ubique
3364 4088 3545 4135 autem

1974 4173 2298 4245 praeferatur
2338 4171 2499 4226 nobis
2537 4169 2683 4225 Deus
2714 4176 2767 4224 et
2796 4171 2863 4223 de
2907 4168 3026 4237 ipso
3064 4168 3353 4239 cogitatus.
3394 4167 3547 4224 Ultro

1976 4263 2307 4320 inviolabilis
2345 4266 2568 4319 exstans
2610 4260 2758 4316 Deus
2802 4260 3112 4329 ingenitus,
3146 4259 3547 4329 operationem-

1976 4374 2083 4430 que
2129 4358 2413 4411 voluntate
2458 4354 2799 4425 virginaliter
2826 4351 3143 4407 custodivit.
3178 4349 3333 4416 Quod
3362 4359 3544 4407 autem

1977 4468 2088 4507 non
2139 4459 2224 4506 est
2272 4448 2596 4521 lngenitum,
2633 4448 2782 4502 ultro
2823 4446 2976 4515 virgo
3021 4459 3144 4499 esse
3188 4459 3297 4499 non
3341 4450 3539 4514 potest.

1976 4544 2200 4597 Factum
2234 4548 2321 4596 est
2347 4540 2515 4605 enim,
2547 4548 2807 4608 tanquam
2839 4537 2941 4594 sub
2972 4544 3174 4591 tactum
3200 4538 3461 4607 genitoris
3490 4545 3545 4592 et

1975 4635 2201 4690 factoris
2218 4634 2534 4688 adductum.
2558 4631 2898 4700 Intelligatur
2920 4635 3097 4682 autem
3121 4628 3352 4697 qualiter
3374 4626 3543 4682 Deum

1974 4726 2160 4782 decuit
2178 4724 2526 4795 Unigenitum
2548 4735 2814 4793 generare
2835 4726 2889 4773 et
2914 4717 3334 4788 primogenitum
3364 4716 3544 4771 omnis

1975 4828 2258 4881 creaturae,
2277 4816 2370 4871 sed
2408 4830 2517 4869 non
2547 4813 2707 4883 quasi
2748 4827 2813 4866 ex
2847 4810 3062 4880 aliquo;
3102 4810 3216 4863 haec
3244 4810 3390 4864 enim
3424 4810 3543 4863 ani—

1973 4908 2239 4965 mantium
2270 4914 2325 4961 et
2352 4902 2775 4959 inanimantium
2804 4908 2889 4955 est
2920 4899 3179 4955 servitus.
3217 4897 3322 4952 Sed
3354 4912 3455 4952 nec
3485 4896 3541 4950 in

1974 5000 2352 5072 Operationem
2379 4997 2607 5052 veniens
2651 4994 2773 5066 ipse
2802 4992 2888 5047 sui
2930 4987 3135 5060 aliquid
3179 4988 3394 5059 genuit;
3429 5001 3540 5040 non

1973 5094 2120 5149 enim
2152 5097 2398 5147 maneret
2426 5085 2761 5143 inviolabilis
2789 5092 2844 5140 et
2874 5080 3251 5153 impassibilis,
3283 5084 3542 5149 operatus

1606 5392 1971 5451 COTELERII
2008 5392 2237 5452 NOTAE.

348 5520 491 5600 (84)
526 5524 712 5578 Genuit
733 5542 854 5600 ergo
871 5525 1045 5600 _Deus,
1062 5530 1197 5600 quod
1219 5541 1268 5585 et
1291 5533 1555 5600 facturam
1581 5552 1766 5590 vocare
1781 5535 1865 5591 di-

263 5595 550 5677 dicir‘mus‘,
575 5604 702 5677 etc.
729 5595 820 5650 Sic
854 5596 1043 5651 Ariani
1070 5595 1339 5677 γέννηρᾴ,
1373 5606 1621 5677 going,
1660 5607 1864 5677 κτίσμα

267 5664 731 5745 confupdebant,
763 5681 934 5745 eaque
954 5664 1176 5745 nomina
1189 5664 1680 5745 tribuebani'l-‘ilio,
1702 5664 1864 5745 quem

268 5748 332 5797 et
382 5736 761 5794 substantiam
800 5738 1037 5808 genitam
1069 5739 1319 5799 solebant
1354 5736 1866 5819 appellarefA'tque

1971 5536 2317 5591 observatum
2350 5532 2454 5587 fuit
2479 5547 2506 5586 a
2538 5533 2675 5588 viris
2698 5533 2898 5600 doctis,
2920 5549 3028 5591 non
3058 5532 3389 5589 abstinuisse
3411 5541 3539 5589 ante

1970 5604 2459 5677 Ariumquosdam
2500 5605 2762 5677 antiquos
2798 5603 2992 5677 Patres
3029 5604 3207 5677 tribus
3247 5605 3537 5677 postremis

1971 5673 2363 5742 locutio'n‘ibus,
2386 5683 2441 5745 et
2457 5673 2838 5745 consimilibus
2858 5676 3000 5733 aliis.
3029 5674 3107 5732 De
3119 5673 3425 5731 substantia
3445 5692 3537 5745 ge,

1970 5747 2086 5803 uita
2105 5746 2345 5804 diximus
2374 5743 2441 5800 ad
2475 5744 2763 5817 lgnatium.
