4048 6262
612 271 753 327 1987

1498 275 1555 328 ὃ.
1596 273 1989 330 CLEMENTIS
2024 275 2045 332 1
2080 274 2246 331 ROM.
2281 272 2486 330 PONT.
2526 272 2753 329 OPERA
2794 270 3017 327 DUBIA.

3650 276 3759 333 4288

611 384 668 440 in
698 384 914 454 seipso;
946 384 1239 454 impietatis
1279 392 1460 439 autem
1504 385 1663 459 plena
1693 393 1821 439 sunt
1852 385 1967 440 haec
1994 386 2063 441 de
2094 387 2179 442 in—
2205 393 2252 450 Α
2276 385 2679 442 dissensionem
2719 382 2959 439 sun-exit
2996 388 3051 436 et
3089 379 3193 434 hoc
3224 394 3441 435 numero
3467 380 3662 449 distans,
3686 404 3763 443 nec

612 476 798 547 genito
828 476 1128 545 suspicari,
1166 477 1549 547 periclitantur
1575 477 1722 531 enim
1751 476 1847 529 lilii
1883 476 2203 546 impiorum'

611 569 700 638 pie
731 582 791 622 se
820 573 1074 637 putantes
1123 566 1459 638 intelligere,
1490 581 1742 637 magnam
1784 565 2179 636 blasphemiam

612 657 857 729 lngenito
906 657 1231 728 ingerendo,
1284 658 1788 714 masculofeminam
1837 672 1963 713 eum
1990 642 2180 712 existi-

610 757 847 806 mantes.
874 749 1079 805 Memor
1110 765 1231 804 sum
1264 764 1396 805 sane
1418 751 1540 820 ejus
1563 749 1657 821 qui
1687 749 2025 804 commonuit
2052 763 2177 816 nos,

610 842 832 898 fratres.

680 934 751 990 Χ.
795 934 1064 990 Manendo
1105 950 1236 1005 ergo
1274 932 1461 1004 genuit
1490 932 1632 989 Deus
1661 932 1940 988 voluntate
1977 947 2179 1002 prace-

607 1028 775 1083 dente
800 1028 933 1097 (85),
977 1028 1119 1081 sicut
1165 1024 1481 1096 praedictum
1514 1032 1621 1080 est.
1651 1024 1942 1095 Propterea
1974 1024 2177 1095 Unige—

611 1120 762 1174 nitus
790 1134 917 1173 vere
950 1117 1282 1188 appellatur;
1315 1133 1383 1172 ex
1414 1117 1654 1187 ingenito
1674 1116 1819 1171 enim
1844 1116 2008 1171 habet
2032 1116 2176 1186 quod

608 1218 771 1266 estet
801 1209 974 1264 Filius
1006 1225 1130 1263 vere
1160 1210 1480 1279 appellatur,
1518 1208 1586 1262 ab
1624 1208 1810 1261 innato
1837 1208 1982 1262 enim
2016 1215 2178 1264 natus

612 1308 716 1356 est.
766 1300 872 1355 Sed
923 1308 1103 1354 tamen
1147 1300 1427 1353 voluntate
1477 1299 1910 1353 controversiam
1956 1303 2177 1353 noxiam

611 1399 896 1447 mansuete
924 1392 1183 1461 paulatim
1231 1390 1543 1445 relaxantes
1584 1404 1807 1452 eorum,
1840 1389 1933 1459 qui
1977 1390 2178 1445 audent

606 1484 793 1539 dicere
815 1483 1077 1539 infectum
1104 1498 1135 1537 a
1166 1483 1312 1537 facto
1343 1484 1703 1553 appellatione
1729 1484 1844 1539 sola
1869 1484 2092 1547 distare,
2124 1494 2179 1539 et

609 1575 741 1630 illud
772 1575 916 1645 quod
940 1577 1119 1647 genite
1148 1576 1471 1631 distinctum
1501 1583 1608 1639 est,
1635 1575 1899 1631 adversus
1927 1576 2177 1630 innatum

608 1683 732 1725 esse
763 1669 1127 1724 substantiam
1174 1669 1477 1738 ingenitum
1522 1668 1810 1725 atlirmare.
1838 1668 1992 1734 Quod
2023 1669 2068 1724 si
2102 1669 2177 1723 ita

609 1761 831 1824 dicitur,
850 1760 994 1830 quod
1019 1761 1238 1830 quidem
1258 1760 1458 1815 dicitur
1478 1775 1586 1814 non
1604 1768 1707 1823 est,
1727 1761 1872 1830 quod
1888 1768 2066 1815 autem
2092 1768 2177 1817 est

605 1868 716 1907 non
742 1852 962 1906 dicitur.
994 1852 1089 1908 Est
1108 1853 1252 1907 enim
1283 1852 1540 1908 infectum
1573 1851 1899 1915 substantia,
1922 1853 1967 1909 si
1994 1861 2175 1909 autem

606 1943 811 1997 dicitur
836 1944 1061 2008 factum,
1082 1943 1382 1998 detestatur
1402 1943 1547 2013 quod
1565 1957 1675 1998 non
1708 1950 1795 2000 est
1826 1944 2174 2012 appellatum,

604 2034 844 2088 maxime
894 2041 1073 2087 autem
1124 2033 1272 2087 ultro
1314 2032 1631 2088 rationabili
1680 2040 1933 2089 exstante
1976 2033 2089 2088 Deo
2122 2042 2177 2090 et

606 2122 754 2177 ultro
789 2123 909 2176 sine
944 2122 1246 2193 principio,
1279 2122 1424 2191 quod
1473 2123 1634 2177 modo
1681 2135 1792 2176 non
1821 2122 1894 2176 sit
1921 2122 2176 2192 impossi-

605 2214 743 2281 bile;
775 2216 949 2285 magis
977 2225 1156 2270 autem
1189 2216 1415 2285 impium
1440 2223 1545 2279 est,
1576 2221 1632 2270 et
1658 2214 1714 2269 id
1740 2213 1887 2284 quod
1913 2216 2059 2270 ultro
2089 2224 2175 2271 est

602 2308 927 2364 rationabile
975 2308 1231 2378 ultroque
1265 2308 1602 2378 ingenitum,
1632 2323 1745 2363 non
1782 2309 1889 2365 sibi
1919 2309 2022 2379 ipsi
2059 2323 2174 2362 ma-

600 2401 688 2472 gis
713 2401 877 2456 vellet
901 2417 1025 2458 esse
1053 2401 1409 2469 conjunctum
1430 2440 1446 2467 ,
1480 2416 1646 2472 quam
1676 2400 1960 2457 dualitatis
1987 2401 2174 2458 subire

597 2491 849 2548 ordinem
878 2531 895 2558 ,
944 2492 1409 2548 honorabiliorem
1461 2493 1785 2549 existimans
1834 2493 2171 2548 nativitatem

606 2583 814 2638 innatae
845 2582 1284 2652 perseverantia.
1318 2581 1498 2638 Unum
1528 2582 1674 2638 enim
1710 2598 1819 2637 non
1849 2590 1954 2649 est,
1997 2597 2173 2653 neque

598 2673 784 2745 ipsum
822 2674 929 2729 sibi
971 2674 1220 2745 praecipit
1252 2673 1445 2731 dicens
1475 2693 1491 2730 :
1518 2672 1651 2729 Sede
1696 2689 1728 2727 a
1765 2673 1966 2729 dextris
2011 2674 2169 2739 meis,

598 2744 764 2821 donec
791 2744 987 2835 ponamr
1029 2766 1270 2821 inimicos
1322 2776 1440 2821 tuos
1486 2764 1774 2820 scabellum
1819 2744 2008 2836 pedum
2055 2775 2173 2820 tuo-

602 2876 724 2913 rum
743 2860 809 2915 ⁸³.
843 2859 952 2915 Sed
980 2874 1159 2931 neque
1185 2859 1469 2915 contendit
1498 2861 1762 2913 adversus
1792 2874 1851 2915 se
1882 2860 2083 2929 ipsum,
2113 2866 2173 2913 ut

601 2952 806 3023 aliquid
838 2951 1089 3007 videlicet
1110 2953 1232 3022 ejus
1252 2958 1592 3022 permaneret
1621 2950 1941 3023 ingenitum,
1967 2949 2171 3021 aliquid

602 3059 734 3099 vero
777 3043 1044 3099 nativitati
1092 3044 1460 3114 subjiceretur
1499 3060 1514 3097 :
1556 3042 1699 3097 scire
1748 3055 1966 3113 quoque
2007 3052 2170 3113 atque
2193 3072 2239 3133 ε

606 3137 863 3207 ρηεείτθ
894 3135 1137 3206 ingenite
1180 3134 1388 3205 aliquid
1430 3134 1514 3189 sui
1562 3134 1935 3199 nasciturum,
1965 3134 2166 3205 aliquid

2278 479 2423 533 enim
2470 484 2556 533 est
2598 476 2922 547 Autopator,
2955 475 3059 528 hoc
3083 481 3169 529 est
3195 473 3299 527 sibi
3340 474 3435 544 ipsi
3460 485 3618 546 pater,
3655 497 3760 550 quo-

2278 571 2441 625 modo
2487 584 2598 624 non
2654 567 2826 638 magis
2866 564 3180 620 innascibili
3225 579 3481 621 consensu
3510 582 3764 637 permanere

2279 661 2565 732 diligeret,
2599 658 2745 728 quod
2786 657 3084 727 ingenitum
3113 655 3329 726 quidem
3364 666 3472 711 erat
3496 658 3759 726 substantia,

2279 755 2527 825 genitura
2552 767 2681 806 vero
2709 751 2763 805 in
2783 749 3096 805 dualitatem
3113 736 3464 801 dinumerata.
3480 746 3632 819 llujus
3647 766 3765 809 nam.

2279 861 2386 914 que
2415 843 2866 899 inconvenientia:
2888 849 3061 895 mater
3077 840 3296 911 quidem
3326 847 3406 896 est
3432 840 3697 911 ignorantia
3714 844 3764 899 de

2280 935 2421 1001 Deo,
2450 937 2796 1006 cooperatrix
2820 948 2950 988 vero
2976 942 3031 987 et
3062 946 3220 986 soror
3249 931 3557 1001 negligentia
3582 933 3641 989 de
3675 933 3768 1004 Spi-

2282 1030 2389 1084 ritu
2418 1037 2631 1085 sancto.
2665 1028 2904 1098 Spiritus
2945 1034 3122 1081 autem
3154 1033 3374 1081 sanctus
3394 1026 3570 1095 pignus
3592 1029 3646 1083 ad
3667 1042 3767 1085 cou-

2280 1121 2649 1177 servationem
2673 1135 2862 1174 eorum
2890 1134 3012 1189 quae
3048 1133 3077 1172 a
3105 1116 3334 1172 Domino
3361 1118 3478 1171 data
3510 1127 3622 1174 sunt
3646 1122 3768 1177 nobis
3786 1116 3806 1159 ’⁸

2280 1211 2463 1284 (quem
2491 1229 2599 1267 non
2631 1222 2754 1282 post
2781 1212 2982 1267 multos
3025 1211 3143 1265 dies
3184 1209 3556 1279 assumptionis
3580 1210 3678 1281 ejus
3700 1226 3768 1265 ac-

2278 1302 2565 1372 cepimus),
2597 1302 2760 1357 habet
2795 1302 2940 1372 quod
2966 1310 3050 1356 est
3079 1301 3149 1355 ab
3192 1299 3491 1370 Unigenito,
3517 1301 3772 1371 plenissima
3845 1312 3850 1319 '

2278 1393 2573 1447 declaratio
2602 1393 2817 1447 virtutis
2839 1394 2986 1463 ejus;
3020 1396 3161 1448 sicut
3186 1394 3486 1463 unigenitus
3511 1407 3557 1447 et
3579 1395 3768 1447 omnium

2279 1486 2674 1558 primogenitus
2698 1487 2878 1559 imago
2907 1498 2991 1542 est
3018 1488 3375 1543 immutabilis
3395 1487 3624 1558 ingenita
3644 1488 3774 1541 virtu-

2278 1581 2380 1645 tis,
2412 1582 2591 1651 imago
2620 1581 2830 1635 scilicet
2863 1581 3053 1645 unica,
3088 1580 3434 1634 immaculata
3476 1594 3686 1642 manens,
3711 1580 3773 1632 vi-

2280 1672 2489 1726 sionem
2526 1672 2748 1741 ingeniti
2783 1687 2905 1725 cum
2940 1672 3011 1727 sit
3044 1671 3299 1735 visibilis,
3337 1679 3547 1741 prastat
3574 1670 3776 1741 intelligi-

2210 1730 2249 1784 Β
2278 1762 2481 1818 bilibus
2510 1769 2565 1817 et
2584 1730 2984 1828 sensibilibus;
3039 1777 3149 1831 quo
3201 1730 3363 1817 modo
3408 1763 3453 1817 si
3501 1761 3619 1832 quis
3644 1730 3774 1816 solEm

2277 1853 2426 1908 verbi
2452 1855 2621 1925 gratia
2656 1855 2947 1909 ostendere
2966 1854 3155 1909 volens
3184 1862 3281 1907 aut
3303 1853 3446 1908 aliud
3475 1851 3655 1924 aliquid
3671 1893 3684 1918 ,
3708 1853 3775 1907 his

2277 1947 2368 2015 qui
2401 1963 2508 2001 non
2532 1953 2764 2015 possunt
2793 1961 2889 2015 per
2909 1961 2968 2001 se
2990 1946 3139 2015 ipsos
3169 1962 3295 2001 eum
3325 1946 3521 2010 videre,
3551 1946 3614 2001 sit
3634 1954 3776 2000 autem

2277 2043 2386 2097 illis
2415 2046 2719 2098 necessitas
2749 2043 2933 2097 videre
2972 2044 3173 2107 solem,
3198 2045 3512 2114 temperans
3552 2042 3779 2097 obtutibus

2277 2135 2448 2205 ipsam
2482 2135 2869 2189 necessitatem
2892 2174 2907 2197 ,
2950 2150 3048 2203 per
3089 2135 3372 2203 speculum
3416 2134 3617 2203 quidem
3647 2132 3778 2187 solent

2273 2226 2562 2282 ostendere
2610 2226 2863 2289 festinat,
2909 2234 2962 2279 et
3013 2242 3120 2280 non
3169 2226 3341 2280 solem
3384 2224 3600 2281 all‘erens
3642 2222 3780 2293 injicit

2274 2319 2534 2387 speculo;
2566 2317 2642 2372 ita
2685 2325 2740 2372 et
2772 2317 3097 2388 Unigenitus
3147 2319 3267 2389 ipse
3311 2319 3522 2390 quidem
3558 2316 3782 2388 ingenitus

2274 2423 2382 2462 non
2405 2414 2512 2473 est,
2536 2406 2837 2478 ingenitum
2864 2423 2991 2463 vero
3015 2415 3185 2463 totam
3214 2409 3271 2463 in
3301 2424 3359 2464 se
3381 2410 3684 2463 demonstrat
3702 2405 3783 2459 vir-

2274 2504 2445 2553 tutem
2482 2513 2609 2553 cum
2644 2498 2716 2553 sit
2745 2499 2871 2554 talis
2917 2510 2981 2552 ac
3011 2504 3201 2553 tantus
3227 2498 3461 2565 deitatc;
3492 2500 3558 2554 ab
3589 2498 3663 2552 bis
3683 2510 3782 2551 vero

2270 2588 2367 2660 qui
2402 2604 2513 2645 non
2554 2590 2840 2661 diligenter
2883 2589 3255 2660 lnquisierunt
3287 2591 3557 2662 ingenitus
3581 2587 3783 2659 suspica-

2272 2682 2455 2747 batur,
2487 2683 2631 2753 apud
2662 2698 2800 2753 quos
2827 2698 2958 2738 vero
2986 2683 3247 2753 praecedit
3296 2684 3413 2755 ipsa
3456 2680 3709 2753 inquisitio
3730 2678 3782 2731 ti-

2272 2782 2480 2822 morem
2510 2768 2605 2824 Dei
2624 2770 2769 2840 (86),
2806 2786 2917 2825 non
2950 2771 3126 2825 solum
3164 2771 3353 2827 dicere
3385 2770 3578 2842 aliquid
3603 2769 3695 2824 tale
3715 2780 3782 2822 re-

2271 2868 2488 2923 cusant,
2525 2860 2620 2916 sed
2650 2860 2815 2916 etiam
2840 2862 3081 2932 cogitare
3103 2872 3325 2919 cavent.
3357 2864 3490 2921 Cum
3528 2876 3644 2933 ergo
3675 2873 3785 2914 unm

2271 2947 2343 3002 sit
2391 2950 2668 3021 ingenitus
2708 2958 2763 3006 et
2824 2968 2967 3008 unus
3020 2952 3280 3025 genitus,
3335 2954 3567 3024 Spiritus
3604 2955 3782 3007 sanctus

2271 3034 2442 3096 Filius
2492 3042 2601 3095 dici
2643 3057 2753 3096 non
2799 3042 3000 3114 potest,
3034 3060 3135 3101 nec
3173 3046 3603 3116 primogenitus;
3643 3041 3783 3095 factus

2269 3142 2354 3190 est
2385 3134 2529 3187 enim
2566 3148 2662 3204 per
2689 3134 2890 3189 factum
2912 3137 3050 3209 (87),
3079 3139 3613 3193 subconnumeratur
3639 3139 3781 3188 autem

600 3242 733 3282 vero
781 3232 1201 3297 generaturum;
1241 3226 1466 3280 omnino
1500 3224 1752 3280 videlicet
1797 3224 2169 3281 bonorabilio-
2268 3223 2414 3297 Patri
2451 3233 2507 3279 et
2544 3225 2704 3291 Filio,
2737 3237 2997 3298 tanquam
3042 3229 3285 3299 primum
3339 3228 3560 3285 secundi
3605 3240 3689 3297 per
3720 3221 3784 3277 fa-

603 3334 721 3374 rem
748 3334 806 3373 se
834 3318 1160 3385 sibimetipsi
1194 3330 1303 3370 non
1334 3316 1592 3384 ignorans
1612 3332 1735 3371 esse
1765 3315 2034 3381 futurum,
2067 3317 2168 3371 alio
2267 3328 2416 3375 ctum
2449 3323 2673 3378 virtutis
2695 3324 3061 3388 signaculum.
3082 3323 3300 3380 Etenim
3326 3326 3443 3396 ipse
3464 3322 3631 3377 Patris
3644 3318 3785 3373 ferens

601 3412 731 3481 quid
752 3410 975 3480 quidem
996 3409 1423 3480 praecipientem,
1451 3408 1657 3479 aliquid
1689 3423 1816 3463 vero
1840 3416 2165 3480 praeceptum
2266 3413 2650 3481 aequipondera
2688 3414 2991 3480 voluntate,
3051 3415 3257 3470 innatae
3310 3410 3707 3488 perseverantia:
3745 3408 3786 3461 in

601 3502 963 3572 accipientem
983 3540 998 3565 ,
1034 3499 1169 3555 illud
1201 3500 1354 3555 verbi
1397 3499 1573 3570 gratia
1604 3501 1749 3571 quod
1788 3502 1995 3555 dictum
2039 3509 2162 3556 est:
2268 3504 2502 3575 imagine
2533 3505 2929 3575 Operationem,
2955 3516 3080 3577 post
3102 3510 3410 3579 ingenitum
3440 3508 3786 3574 consequenter

603 3595 737 3651 Sede
758 3611 790 3647 a
812 3592 1013 3647 dextris
1037 3593 1186 3656 meis,
1215 3592 1300 3648 vel
1329 3594 1494 3647 etiam
1526 3591 1659 3646 illud
1685 3593 1827 3662 quod
1856 3592 1923 3647 ad
1955 3591 2170 3647 missio-
2267 3595 2406 3652 bene
2454 3605 2884 3653 connumeratus
2923 3607 3026 3654 est.
3088 3600 3257 3655 Multa
3309 3609 3492 3655 autem
3548 3604 3599 3653 et
3625 3594 3714 3648 alia
3738 3588 3788 3643 de

600 3703 727 3742 nem
770 3684 1005 3757 pertinet
1034 3693 1129 3738 aut
1171 3684 1317 3754 quod
1350 3685 1465 3754 ipse
1492 3684 1842 3753 semetipsum
1872 3683 2165 3754 praeferens
2266 3687 2448 3754 Patre,
2486 3700 2541 3745 et
2589 3689 2747 3755 Filio,
2774 3698 2829 3746 et
2873 3691 3079 3761 Spiritu
3110 3700 3311 3746 sancto
3332 3691 3570 3746 breviter
3598 3682 3732 3741 nobis
3746 3686 3786 3733 et

601 3774 2168 3846 collaudaverit,dicens:EtviditDeus,quiabona“,post-
2263 3776 2545 3833 evidenter
2587 3779 2862 3848 exposuit,
2908 3787 2970 3833 ut
3012 3794 3205 3834 omnes
3267 3779 3557 3834 audientes
3603 3772 3785 3829 minfe'

600 3885 765 3942 quam
789 3870 862 3923 ab
884 3867 1172 3938 Unigenito
1200 3882 1292 3923 sex
1318 3866 1510 3921 diebus
1525 3865 1715 3921 effecta
1734 3873 1997 3936 suntquae
2021 3866 2164 3921 facta

599 3977 725 4017 esse
751 3966 990 4022 constat,
1021 3957 1412 4012 immutabilem
1432 3958 1623 4012 videns
1644 3972 1798 4013 suam
1834 3957 2163 4012 voluntatem

600 4054 658 4109 in
687 4050 1256 4108 consummationibus
1285 4048 1560 4120 Unigeniti
1590 4049 1787 4105 divinae
1807 4050 2161 4120 operationis.

669 4142 762 4200 Xl.
808 4142 870 4197 Si
902 4149 1086 4197 autem
1117 4142 1389 4211 ingenitus
1419 4156 1528 4195 non
1557 4148 1646 4197 est
1678 4141 1856 4197 factus
1885 4142 2044 4196 Pater
2071 4150 2164 4196 aut

598 4238 687 4294 sui
719 4237 894 4305 ipsius
932 4235 1127 4299 factor,
1167 4236 1310 4290 sicut
1335 4235 1711 4302 ostendimus;
1751 4236 2026 4305 quomodo
2054 4236 2163 4289 uti-

598 4346 708 4402 que
737 4329 945 4385 faceret
972 4336 1067 4383 aut
1099 4337 1385 4399 generaret
1415 4344 1479 4383 ex
1512 4343 1573 4384 se
1606 4328 1727 4399 ipso
1755 4328 1981 4399 aliquid,
2014 4329 2160 4399 quod

2267 3882 2412 3932 mur,
2443 3869 2718 3939 quomodo
2743 3869 2993 3925 homines
3021 3869 3292 3925 derelicta
3320 3870 3553 3926 veritate
3580 3855 3786 3920 ουιινθηί

2264 3960 2487 4014 sunt-ad
2518 3958 2854 4032 vanitatem]

2336 4047 2449 4106 XII.
2491 4048 2597 4105 Sed
2642 4065 2768 4107 cum
2818 4051 3094 4105 illuxisset
3123 4050 3245 4106 dies
3271 4049 3413 4122 (88),
3443 4049 3701 4118 ingressus
3722 4045 3789 4093 est

2263 4142 2486 4211 quidam
2532 4142 2769 4198 dicens:
2800 4142 3091 4198 Multitudo
3145 4144 3391 4213 plurima
3451 4143 3709 4201 exspectat
3746 4132 3791 4185 in

2264 4234 2424 4301 atrio,
2456 4235 2511 4288 in
2531 4250 2763 4305 quorum
2806 4235 2987 4290 medio
3010 4244 3119 4292 stat
3143 4235 3362 4301 Simon,
3390 4227 3790 4307 persuasionibus

2265 4325 2518 4396 pessimis
2565 4327 2867 4396 pravenire
2895 4342 3057 4382 aures
3103 4328 3297 4397 papuli
3338 4327 3594 4397 cupiens.
3626 4319 3684 4375 Et
3710 4314 3791 4370 Pe-

599 4421 936 4478 nativitatem
991 4430 1045 4476 et
1097 4420 1363 4474 facturam
1407 4435 1582 4490 usque
1632 4418 1701 4473 ad
1744 4419 2157 4490 appellationem
2192 4436 2235 4490 ι)
2262 4424 2384 4472 trus
2409 4420 2591 4473 statim
2614 4434 2873 4488 egressus
2887 4419 3038 4474 stetit
3069 4420 3124 4474 in
3152 4420 3278 4473 loco
3302 4434 3419 4488 quo
3444 4414 3612 4487 pridie
3638 4410 3793 4476 dispu-

595 4528 708 4568 non
748 4513 992 4582 recepit?
1017 4511 1135 4567 Non
1170 4514 1317 4568 enim
1363 4512 1509 4583 quod
1539 4520 1626 4568 est
1663 4527 1761 4581 per
1807 4511 1922 4566 lucc
1962 4511 2157 4579 habet;

595 4605 701 4660 ista
730 4613 911 4658 autem
954 4604 1022 4659 de
1060 4603 1171 4659 Deo
1219 4604 1402 4660 dicere
1449 4604 1672 4674 impium
1712 4613 1816 4660 est.
1862 4603 2153 4660 Manifesta

591 4695 738 4751 enim
766 4703 852 4751 est
875 4692 1077 4767 bisqui
1102 4697 1186 4752 vel
1216 4696 1488 4751 modicum
1518 4696 1797 4768 quidpiam
1828 4697 2015 4753 videre
2042 4714 2161 4769 pos-

593 4794 744 4853 sunt,
772 4788 864 4843 illa
901 4788 1149 4860 ingeniti,
1189 4788 1575 4859 impassibilis,
1606 4788 1789 4843 innata
1823 4790 2155 4851 substantia.

594 4876 654 4934 Si
684 4894 813 4936 vero
839 4888 894 4937 et
927 4889 1049 4952 post
1075 4882 1415 4938 nativitatem
1442 4882 1746 4938 substantia
1774 4897 2053 4952 nunquam
2087 4881 2157 4937 ad

662 5036 710 5068 ³⁸
745 5033 893 5093 Psal.
924 5052 1032 5102 crx,
1062 5037 1114 5091 1.
1191 5035 1237 5069 ⁸³
1272 5035 1407 5092 Gen.
1440 5053 1478 5102 ι,
1512 5036 1601 5091 5|.

2258 4519 2491 4577 taverat,
2509 4512 2799 4581 omnisque
2825 4512 2893 4565 ad
2923 4510 3099 4581 ipsum
3130 4512 3373 4580 populus
3395 4518 3683 4564 conversus
3695 4510 3792 4552 cum

2257 4602 2457 4674 gaudio
2486 4599 2804 4657 intendebat
2834 4601 2889 4655 in
2916 4616 3063 4656 eum.
3099 4600 3294 4654 Simon
3340 4614 3476 4654 vero
3519 4596 3607 4651 ubi
3654 4586 3792 4645 sensit

2257 4698 2503 4767 gavisum
2542 4713 2666 4753 esse
2697 4697 2954 4768 populum
2985 4696 3052 4752 de
3083 4704 3393 4766 conspectu
3430 4692 3596 4755 Petri,
3626 4694 3793 4752 eterga

2260 4789 2511 4845 allectum
2537 4790 2657 4859 ejus
2687 4790 2915 4853 moveri,
2941 4790 3364 4859 obstupefactus
3398 4789 3475 4842 ait
3502 4784 3693 4841 :Miror
3716 4778 3792 4831 ho-

2259 4883 2465 4936 minum
2497 4882 2808 4950 stultitiam,
2832 4882 2924 4953 qui
2947 4898 3034 4938 me
3060 4897 3284 4951 magum
3305 4882 3508 4941 dicunt
3526 4886 3582 4935 et
3612 4876 3793 4932 Petrum

1878 5173 2011 5230 COT
2020 5172 2242 5227 ELElill
2275 5172 2505 5229 ΝΟΤίΕ.

657 5313 769 5386 (85)
802 5310 988 5386 Genui:
1016 5310 1148 5365 Deus
1177 5314 1439 5386 voluntate
1462 5312 1800 5385 prmcedente.
1832 5310 2023 5386 Dicere
2051 5312 2137 5367 de-

591 5383 1058 5449 ouit,'voluntale
1103 5385 1428 5448 comitante,
1462 5383 1572 5437 "aut
1611 5383 2033 5443 concomitante,
2089 5388 2148 5435 ut

590 5455 888 5525 loquuntur
929 5452 1183 5525 theologi.
1226 5452 1349 5508 Pari
1387 5453 1544 5508 modo
1592 5456 1773 5525 paulo
1801 5460 1962 5525 post,
1985 5462 2151 5525 recte

590 5520 904 5594 scripsisset
928 5539 941 5573 :
988 5520 1135 5576 Unus
1152 5525 1289 5578 enim
1313 5541 1415 5578 non
1439 5533 1537 5589 cst,
1564 5520 1723 5595 neque
1760 5520 1868 5594 ipse
1895 5522 1995 5595 sibi
2021 5537 2153 5592 pra:-

591 5593 738 5665 cipii,
764 5610 883 5664 pro,
912 5609 1075 5647 unum
1101 5595 1239 5648 enim
1259 5611 1363 5649 non
1382 5605 1482 5661 est,
1505 5593 1665 5665 neque
1692 5595 1860 5663 ipsum
1881 5593 1983 5647 sibi
2013 5609 2152 5662 prce—

582 5662 734 5715 cibit.
769 5662 785 5689 ἠ
924 5689 929 5693 ·

766 5730 891 5801 Ipsa
908 5734 1563 5805 inquititi0.Forlc,ipsam
1577 5734 1968 5806 inquisitionem
1990 5736 2147 5789 timor

2257 5312 2368 5367 Dei.
2396 5310 2485 5365 Sic
2510 5326 2612 5365 ms.
2644 5308 2813 5363 Cand.

2324 5382 2432 5453 (87)
2469 5380 2665 5453 Factus
2686 5392 2763 5434 est
2783 5379 2921 5453 enim
2940 5393 3029 5453 per
3044 5379 3264 5453 factum.
3289 5377 3506 5453 Forsan
3526 5369 3791 5453 Grzetehsf

2324 5393 2432 5453 (87)
2469 5393 2502 5433 ι’
2518 5393 2665 5434 actus
2686 5393 2763 5434 est
2783 5396 2921 5433 emm
2934 5393 3029 5501 ger
3044 5393 3264 5447 laetum.
3289 5393 3506 5434 forsan
3526 5393 3697 5430 Ismuc
3719 5393 3791 5450 na-

2252 5451 2480 5535 bebam
2505 5449 2846 5535 ,γξγφνξτδεε
2881 5448 3090 5535 διηγοῦ
3126 5448 3400 5535 rami»
3448 5442 3792 5535 (1909:0911?

2252 5522 2388 5576 verti
2430 5517 2758 5591 potuisset:
2786 5517 3010 5574 Exstitit
3060 5520 3197 5575 enim
3240 5517 3340 5587 per
3380 5517 3503 5574 eum
3544 5517 3629 5589 qui
3668 5519 3788 5566 ortu

2249 5600 2347 5645 est.

2324 5661 2434 5731 (88)
2479 5657 2581 5714 Sed
2605 5676 2750 5732 eum,
2799 5668 2906 5714 etc.
2956 5660 3018 5715 in
3059 5675 3230 5732 marg.
3276 5677 3388 5719 ms.
3425 5659 3576 5716 Th.:
3618 5658 3688 5717 Ab
3716 5652 3797 5705 ista

2252 5728 2366 5787 loco
2398 5728 2573 5785 secure
2598 5728 2758 5800 legere
2785 5738 2948 5799 poles.
