4000 6266
322 374 455 431 1239

1538 340 2105 423 BECOGNITIONUM
2145 365 2269 419 Lm.
2309 349 2432 421 ιιι.⁵

3431 363 3576 418 1290

318 492 576 562 diligunt,
609 504 735 544 cum
784 486 969 558 utique
1001 485 1132 542 olim
1177 485 1444 542 habentes
1474 487 1724 539 notitiam
1759 485 1889 548 mei,
1919 497 1967 546 Α
1997 481 2191 538 Petrus
2217 502 2231 537 :
2273 483 2443 537 Video
2468 491 2520 536 te
2550 481 2754 536 sentire
2774 477 2918 548 quod
2943 475 3254 548 arguendus
3281 476 3382 541 sis,
3411 486 3464 531 et
3486 478 3572 534 vis

321 601 410 641 me
448 585 623 653 magis
662 583 890 652 diligere
928 579 1212 636 deberent.
1246 580 1314 634 Et
1362 579 1485 634 ideo
1514 596 1581 634 ex
1612 580 1716 634 hoc
1745 579 1892 634 indi-

320 675 430 736 cio.
491 675 583 745 qui
616 673 817 728 habent
853 688 1077 728 sensum
1123 679 1358 742 possunt
1405 671 1731 743 intelligere,
1762 671 1892 742 quia

322 767 495 838 magis
541 765 735 821 Petrus
792 780 986 836 magus
1010 764 1184 819 videri
1217 771 1417 835 potest,
1443 779 1569 818 cum
1610 764 1767 829 mihi,
1800 763 1890 818 cui

319 876 387 915 ex
427 861 827 916 consuetudine
853 861 1073 916 debitus
1105 861 1498 930 propemodum
1528 868 1634 924 est,
1659 876 1771 915 non
1797 860 1892 914 de-

323 950 493 1007 fertur
523 953 774 1017 ali'ectus,
821 952 901 1006 illi
940 960 1145 1019 autem,
1177 953 1266 1008 cui
1298 953 1451 1008 nullo
1491 969 1596 1008 usu
1637 953 1890 1022 debetur,

317 1043 664 1098 abundanter
689 1044 1042 1114 expenditur.

388 1132 528 1188 XIII.
568 1133 633 1187 Et
663 1149 790 1188 cum
822 1135 994 1187 multa
1021 1133 1401 1203 hujuscemodi
1436 1132 1627 1187 Simon
1654 1133 1884 1196 diceret,

315 1222 510 1279 Petrus
541 1225 776 1278 salutato
804 1240 870 1278 ex
902 1239 1054 1279 more
1077 1226 1278 1295 populo
1306 1226 1380 1279 ita
1405 1223 1689 1293 respondit
1720 1241 1733 1276 :
1761 1221 1892 1277 Suf-

317 1315 428 1370 ﬁcit
477 1316 794 1385 unicuique,
849 1335 881 1370 υ
932 1314 1144 1381 Simon,
1200 1317 1268 1386 ad
1324 1315 1718 1371 confutandum
1755 1329 1891 1369 (ξοην

314 1407 547 1461 scientia
590 1423 724 1474 sua;
767 1407 916 1478 quod
956 1409 1002 1463 si
1037 1408 1139 1462 hoc
1169 1409 1412 1472 miraris,
1443 1407 1590 1479 quod
1627 1407 1743 1462 noti
1777 1422 1889 1461 non

316 1497 498 1550 solum
541 1505 595 1552 te
647 1513 757 1551 non
800 1497 1031 1568 diligunt
1062 1499 1157 1553 sed
1197 1507 1252 1553 et
1283 1499 1515 1554 oderunt
1533 1499 1634 1563 tui,
1663 1512 1888 1553 causam

314 1587 468 1644 disce
495 1604 526 1642 a
557 1605 664 1644 me.
698 1589 835 1645 Cum
868 1592 946 1645 sis
984 1591 1260 1655 seductor,
1295 1592 1578 1646 veritatem
1606 1598 1661 1646 te
1684 1590 1886 1662 prazdi-

313 1696 444 1735 eare
471 1682 768 1752 profiteris,
802 1684 872 1736 ob
913 1683 1016 1737 hoc
1059 1685 1242 1753 plures
1275 1684 1608 1738 desiderium
1637 1693 1889 1754 gerentes

312 1773 590 1828 discenda:
609 1775 855 1829 veritatis
887 1775 1094 1828 amicos
1123 1773 1386 1828 habuisti.
1415 1772 1521 1830 Sed
1540 1775 1594 1827 hi
1619 1774 1711 1827 ubi
1747 1789 1884 1828 con-

1995 575 2207 628 urbane
2241 573 2623 644 subterfugere
2669 581 2989 636 certamen;
3036 585 3164 623 nam
3209 569 3343 638 quid
3383 570 3572 624 vidisti

1996 682 2084 720 me
2111 665 2308 720 iratum
2356 665 2549 721 fecisse
2578 665 2635 718 in
2664 671 2720 719 te
2750 664 3030 717 hominem
3066 667 3278 714 tantum
3307 661 3568 731 pOpulum

1994 756 2246 826 decipere
2271 757 2607 826 cupientem,
2637 762 2692 810 et
2721 769 2846 808 cum
2884 753 3020 806 nihil
3066 751 3271 807 habeas
3309 751 3455 820 quod
3484 752 3570 806 di—
3607 791 3609 793 ι

1995 861 2111 910 cas,
2145 846 2466 901 modestiam
2499 845 2890 901 simulantem?
2916 844 3010 913 qui
3039 850 3094 897 et
3125 842 3448 896 auctoritate
3475 850 3570 895 tua

1987 936 2172 1006 jubes,
2208 945 2266 990 ut
2299 934 2576 1006 quomodo
2613 936 2730 1005 ipse
2762 935 2846 989 vis
2886 941 2938 989 et
2971 951 3082 988 non
3125 932 3402 1004 quomodo
3432 935 3572 988 ordo

1993 1031 2253 1100 postulat,
2289 1028 2665 1084 controversia
2701 1035 3003 1083 moveatur.
3028 1026 3093 1080 Et
3131 1025 3361 1081 Simon:
3392 1027 3573 1096 Impe-

1993 1123 2127 1176 rabo
2159 1121 2293 1176 mihi
2319 1122 2420 1192 ipsi
2446 1120 2711 1191 patientia
2746 1119 2823 1173 uti
2852 1119 2919 1172 ad
2947 1119 3276 1188 imperitiam
3309 1127 3482 1183 tuam,
3509 1123 3570 1172 ut

1993 1216 2278 1271 ostendam
2309 1225 2362 1272 te
2400 1217 2620 1288 quidem
2661 1217 2800 1272 velle
2845 1215 3104 1286 populum
3155 1215 3449 1279 seducere,
3481 1229 3573 1270 me

1992 1315 2174 1363 autem
2204 1308 2408 1364 docere
2428 1325 2551 1379 qua:
2579 1324 2709 1364 vera
2755 1316 2905 1363 sunt.
2953 1305 3056 1360 Sed
3100 1321 3248 1361 nunc
3271 1307 3467 1362 omitto
3500 1307 3570 1363 de

1992 1401 2262 1458 immensa
2305 1403 2427 1457 luce
2459 1403 2770 1466 discutere,
2803 1401 2950 1472 quod
2997 1401 3274 1471 interrogo
3322 1409 3377 1455 te
3399 1440 3418 1466 ,
3462 1401 3579 1461 boc_

1991 1495 2124 1549 mihi
2152 1496 2422 1565 responde
2451 1515 2466 1551 :
2511 1495 2648 1550 Cum
2678 1494 2824 1550 Deus
2869 1494 3060 1549 fecerit
3089 1494 3345 1549 universa
3365 1535 3382 1560 ,
3415 1503 3475 1548 ut
3503 1503 3567 1550 tu

1991 1587 2154 1652 dicis,
2189 1587 2330 1642 unde
2359 1594 2444 1642 cst
2475 1587 2723 1642 malum?
2764 1586 2830 1640 Et
2858 1585 3090 1641 Petrus:
3123 1585 3238 1640 Hoc
3280 1587 3443 1641 modo
3478 1588 3566 1642 in-

1990 1689 2270 1751 terrogare
2296 1696 2406 1735 non
2426 1687 2512 1736 est
2531 1679 2896 1744 adversantis,
2921 1678 3019 1735 sed
3044 1678 3330 1734 discentis.
3356 1677 3415 1734 Si
3434 1694 3568 1750 ergo

1995 1774 2079 1827 vis
2123 1773 2356 1836 discere,
2387 1771 2668 1836 confitere,
2687 1781 2741 1826 et
2769 1771 2924 1841 prius
2951 1779 3004 1826 te
3043 1771 3270 1825 doceam
3294 1770 3568 1839 quomodo

312 1868 481 1920 traria
514 1867 569 1920 in
602 1874 654 1922 te
689 1884 852 1937 quam
884 1867 1229 1936 profitebaris
1256 1868 1533 1933 viderunt,
1563 1869 1693 1938 quia
1732 1885 1886 1923 ama-
1915 1841 1958 1894 Β
1990 1865 2195 1920 debeas
2218 1863 2452 1930 discere,
2477 1874 2678 1917 etcum
2721 1862 2981 1918 didiceris
3015 1861 3235 1925 audire,
3278 1869 3413 1915 tunc
3451 1861 3568 1931 jam

313 1967 462 2012 tores
491 1966 667 2020 erant,
705 1966 762 2012 ut
790 1959 924 2022 dixi,
956 1959 1228 2022 veritatis,
1263 1975 1373 2014 non
1411 1962 1590 2016 solum
1625 1977 1734 2015 non
1756 1962 1884 2015 dili-

309 2066 440 2120 gere
471 2059 542 2118 te,
579 2052 674 2105 sed
703 2060 757 2106 et
790 2051 974 2108 odisse
995 2061 1302 2123 coeperunt.
1335 2051 1455 2106 Non
1485 2060 1669 2106 autem
1701 2054 1885 2108 statim

311 2143 387 2197 ab
416 2143 497 2197 eis
549 2143 801 2198 desertus
838 2161 918 2205 es.
953 2146 1080 2215 quia
1111 2145 1193 2199 vel
1227 2145 1578 2216 pollicebaris
1617 2145 1796 2199 adhuc
1834 2152 1888 2200 te

309 2235 394 2288 eis
427 2234 716 2289 ostendere
754 2251 937 2306 posse,
971 2235 1118 2307 quod.
1149 2252 1337 2290 verum
1389 2245 1493 2291 est.
1543 2235 1726 2291 Donec
1756 2253 1887 2308 ergo

309 2327 554 2382 nondum
566 2327 749 2383 aderat
771 2329 861 2400 qui
881 2338 1067 2399 posset
1090 2331 1407 2396 ostendere,
1442 2330 1788 2400 patiebantur
1810 2339 1882 2396 te,

309 2418 404 2472 ubi
439 2434 566 2474 vero
599 2435 724 2489 spes
747 2421 827 2474 eis
851 2421 1113 2476 doctrina:
1135 2422 1380 2480 melioris
1414 2424 1624 2490 arrisit,
1648 2431 1702 2479 te
1748 2439 1885 2478 con-

305 2519 615 2566 temnentes
656 2514 801 2582 quod
849 2513 1047 2569 melius
1097 2516 1407 2586 intelligunt
1447 2531 1614 2570 nosse
1661 2515 1883 2572 deside-

305 2610 454 2656 rant.
474 2602 539 2655 Et
571 2610 628 2656 tu
657 2606 874 2674 quidem
908 2606 1134 2662 nefariis
1165 2608 1377 2661 artibus
1407 2623 1595 2676 agens,
1628 2607 1698 2662 ab
1723 2621 1888 2662 exor-

303 2695 400 2748 dio
431 2695 599 2749 latere
631 2704 682 2751 te
720 2714 882 2766 posse
913 2698 1223 2762 credidisti,
1251 2698 1347 2752 sed
1378 2714 1485 2753 non
1521 2699 1691 2765 lates;
1725 2715 1886 2770 urge-

303 2793 386 2846 ris
418 2793 563 2846 enim
591 2801 646 2847 et
675 2805 865 2849 contra
891 2812 1040 2866 spem
1069 2795 1390 2866 publicaris,
1423 2797 1551 2866 quia
1571 2812 1680 2850 non
1707 2798 1883 2850 solum

305 2882 577 2952 ignorasti
613 2884 920 2949 veritatem,
959 2886 1056 2941 sed
1097 2902 1197 2941 nec
1227 2886 1418 2941 audire
1447 2885 1669 2940 voluisti
1701 2885 1770 2940 ab
1800 2886 1885 2941 bis

297 2975 403 3045 qui
451 2988 572 3027 eam
618 2975 882 3030 sciebant.
918 2975 973 3030 Si
1007 2980 1152 3032 enim
1183 2980 1374 3034 audire
1405 2979 1694 3042 voluisses,
1727 2978 1886 3032 inno-

302 3067 508 3121 tuisset
540 3066 727 3135 utique
766 3068 861 3121 tibi
893 3069 983 3122 ille
1015 3085 1197 3125 sermo
1225 3070 1346 3141 ejus
1379 3072 1473 3142 qui
1505 3072 1605 3139 ait,
1636 3071 1771 3144 quia
1799 3071 1884 3124 ni-

1988 1966 2043 2013 te
2077 1958 2334 2027 incipiam
2376 1964 2776 2027 consequenter
2822 1956 3041 2011 docere.
3087 1955 3145 2009 Si
3174 1970 3305 2010 vero
3330 1953 3441 2009 non
3480 1953 3566 2010 vis

1992 2051 2205 2108 discere
2238 2059 2500 2122 tanquam
2548 2051 2732 2108 sciens
2770 2051 2977 2116 omnia,
3008 2063 3112 2121 ego
3155 2051 3312 2120 prius
3347 2063 3566 2118 expono

1989 2145 2149 2201 fidem
2177 2160 2340 2217 quam
2372 2143 2632 2214 praedico,
2655 2157 2866 2212 expone
2893 2151 2949 2196 et
2975 2149 3035 2195 tu
3065 2141 3211 2211 quod
3243 2140 3346 2195 tibi
3375 2155 3565 2195 verum

1988 2238 2228 2304 videtur,
2258 2246 2312 2294 et
2340 2252 2466 2292 cum
2491 2234 2786 2292 manifesta
2833 2235 3000 2289 fuerit
3042 2234 3330 2303 utriusque
3354 2232 3567 2302 profes-

1989 2335 2094 2399 sio,
2133 2334 2410 2404 judicetur
2435 2333 2503 2387 ab
2530 2331 2879 2386 auditoribus
2901 2329 3064 2395 cujus
3111 2337 3359 2383 nostrum
3383 2341 3566 2384 sermo

1990 2428 2063 2482 sit
2091 2426 2322 2481 veritate
2351 2424 2642 2481 subnixus.
2675 2422 2741 2476 Et
2773 2421 2963 2477 Simon
2992 2419 3061 2474 ad
3091 2421 3208 2475 haec
3239 2419 3560 2490 respondit:

1989 2518 2159 2575 Risus
2183 2519 2316 2573 mihi
2337 2528 2442 2582 est,
2474 2533 2604 2574 ecce
2636 2516 2729 2587 qui
2761 2515 3032 2587 promittit
3062 2513 3207 2584 quod
3232 2529 3319 2569 me
3348 2513 3564 2568 doceat.

1989 2610 2378 2666 Verumtamen
2427 2610 2604 2680 patiar
2650 2616 2704 2664 te
2744 2617 2799 2661 et
2839 2605 3166 2677 imperitiam
3210 2615 3358 2660 tuam
3403 2614 3568 2674 atque

1924 2701 1939 2719 ⁸
1987 2704 2358 2772 arrogantiam
2391 2700 2584 2755 feram.
2615 2699 2916 2762 Conﬁteor,
2953 2698 3168 2753 discere
3195 2697 3343 2764 volo,
3378 2697 3566 2752 videa-

1988 2809 2111 2848 mus
2137 2794 2414 2863 quomodo
2443 2808 2530 2848 me
2559 2791 2767 2862 poteris
2794 2792 3012 2845 docere.

2055 2905 2200 2962 XVI.
2227 2905 2292 2960 Et
2316 2905 2545 2960 Petrus:
2575 2903 2656 2970 Si,
2681 2904 2879 2974 inquit,
2905 2918 3033 2960 vere
3053 2902 3138 2957 vis
3159 2901 3392 2966 discere,
3413 2901 3565 2956 disce

1987 3000 2092 3056 hoc
2139 2999 2414 3071 primum.
2465 3013 2630 3070 quam
2679 2998 2934 3067 imperite
2986 2993 3444 3065 interrogaveris;
3477 2992 3563 3048 ais

1985 3093 2158 3158 enim,
2191 3108 2316 3146 cum
2349 3091 2493 3147 Deus
2526 3091 2783 3145 universa
2811 3091 3114 3152 creaverit,
3139 3086 3285 3142 unde
3319 3093 3406 3141 est
3444 3101 3563 3139 ma-

297 3159 383 3212 [ιιι
413 3167 490 3252 est
521 3155 780 3252 occultum
814 3159 950 3252 quod
973 3176 1075 3213 non
1099 3175 1430 3231 agnoscatur,
1458 3180 1621 3235 neque
1645 3174 1882 3234 opertum
1909 3190 1952 3245 ρ
1986 3186 2097 3239 lum
2115 3155 2152 3239 τ’
2195 3183 2336 3238 Alne
2382 3183 2528 3236 enim
2560 3197 2723 3252 quam
2765 3181 2870 3236 hoc
2916 3194 3164 3248 rogares,
3215 3186 3329 3234 ιι-εε
3385 3179 3563 3233 inter-

297 3249 448 3327 quod
475 3266 577 3304 non
606 3250 861 3303 reveletur
877 3251 944 3304 ³⁸.

378 3342 518 3397 χιιι.
560 3341 687 3397 Haec
729 3351 782 3397 et
827 3343 916 3398 his
963 3343 1167 3399 similia
1204 3345 1418 3401 dicente
1465 3344 1650 3411 Petro,
1686 3347 1875 3402 Simon

297 3435 595 3506 respondit
619 3454 634 3489 ;
662 3433 798 3489 Nolo
828 3450 915 3490 me
952 3436 1133 3491 verbis
1180 3451 1438 3508 occupes,
1474 3436 1656 3503 Petre,
1691 3449 1878 3510 repeto

296 3530 407 3584 abs
441 3535 491 3582 te
521 3518 643 3597 quae
670 3528 928 3583 hesterno
960 3527 1333 3599 promiseras;
1358 3529 1585 3586 dicebas
1614 3532 1758 3585 enim
1784 3547 1873 3585 os-

296 3619 534 3675 tendere
565 3626 617 3673 te
655 3635 839 3690 posse,
872 3620 1002 3690 quia
1053 3620 1141 3676 lex
1189 3620 1382 3676 doceat
1413 3622 1482 3678 de
1511 3622 1879 3678 immensitate

295 3710 448 3764 lucis
472 3717 709 3776 aeternae,
736 3718 790 3764 et
824 3711 971 3782 quod
997 3711 1106 3767 duo
1136 3720 1349 3766 tantum
1378 3713 1490 3789 sint
1520 3713 1644 3768 cceli
1683 3727 1736 3770 et
1775 3715 1878 3784 ipsi

291 3804 499 3867 creati,
527 3805 619 3858 sed
651 3806 908 3875 superius
936 3822 1060 3862 esse
1089 3807 1230 3861 lucis
1254 3807 1403 3862 illius
1441 3807 1646 3874 sedem,
1675 3809 1732 3862 in
1769 3826 1878 3879 qua

291 3901 458 3951 solus
481 3896 537 3949 in
566 3905 832 3950 aeternum
865 3898 1068 3953 residet
1097 3898 1387 3954 ineffabilis
1416 3897 1609 3968 Pater;
1636 3901 1704 3955 ad
1730 3902 1877 3960 illius

287 4002 436 4044 vero
494 3988 618 4041 cmli
660 3989 1073 4044 similitudinem
1129 3989 1332 4045 factum
1371 4006 1496 4047 esse
1533 3992 1696 4046 etiam
1729 3993 1874 4048 istud

286 4077 520 4136 visibile
564 4079 784 4146 cadum,
812 4081 956 4149 quod
989 4089 1042 4135 et
1080 4081 1439 4136 transiturum
1490 4083 1875 4142 confirmabas.

289 4172 487 4228 Unum
518 4186 648 4241 ergo
678 4172 866 4226 dixisti
894 4189 1016 4228 esse
1060 4171 1277 4229 Patrem
1305 4177 1570 4242 omnium,
1603 4178 1730 4247 quia
1766 4195 1878 4236 non

286 4271 538 4337 possunt
565 4265 676 4318 duo
727 4280 850 4319 esse
874 4264 1152 4330 immensi,
1203 4267 1408 4336 alioqui
1450 4279 1642 4323 neuter
1686 4285 1879 4325 eorum

287 4362 608 4415 immensus
634 4357 760 4420 erit,
786 4357 915 4428 quia
948 4358 1004 4412 in
1033 4374 1099 4414 eo
1119 4375 1228 4429 quo
1249 4361 1387 4416 alter
1410 4362 1688 4428 subsistit,
1715 4365 1877 4420 alteri

287 4456 465 4507 tinem
494 4450 830 4506 subsistendi
878 4449 1024 4504 facit.
1066 4449 1123 4504 Si
1172 4468 1302 4523 ergo
1349 4454 1465 4508 haec
1507 4471 1616 4510 non
1663 4465 1874 4512 tantum

1983 3273 2210 3345 rogandi
2281 3271 2494 3343 species
2565 3271 2968 3342 praecedebant.
3043 3268 3231 3324 Primo
3262 3309 3279 3337 ,
3357 3269 3406 3324 si
3477 3276 3566 3323 est

1981 3365 2229 3431 malum;
2282 3362 2559 3428 secundo,
2609 3361 2742 3432 quid
2789 3362 2861 3416 sit
2915 3360 3160 3426 malum;
3215 3359 3414 3424 tertio,
3472 3359 3564 3413 cui

1982 3457 2074 3521 sit,
2123 3465 2180 3511 et
2230 3455 2396 3510 unde.
2447 3454 2526 3509 Ad
2586 3454 2699 3508 haac
2755 3452 2982 3508 Simon:
3035 3450 3080 3507 Ο
3113 3450 3561 3522 imperitissime,

1983 3548 2202 3619 inquit,
2263 3555 2320 3602 et
2363 3547 2812 3611 ineruditissime,
2869 3553 3027 3601 estne
3078 3544 3362 3600 hominum
3412 3545 3567 3613 quis-

1980 3652 2141 3707 quam
2194 3635 2287 3705 qui
2335 3651 2443 3690 non
2479 3636 2839 3700 conﬁteatur,
2880 3635 3008 3705 quia
3075 3634 3149 3690 sit
3202 3634 3258 3689 in
3291 3634 3398 3688 hac
3452 3634 3566 3688 vita

1983 3729 2234 3783 malum?
2283 3726 2438 3784 Unde
2485 3737 2540 3784 et
2586 3743 2686 3799 ego
2729 3734 2930 3798 putans
2979 3737 3033 3783 te
3079 3727 3165 3782 vel
3211 3741 3562 3787 communem

1981 3821 2225 3874 omnium
2255 3819 2457 3874 habere
2485 3833 2710 3874 sensum
2731 3858 2747 3884 ,
2776 3818 3113 3888 interrogavi
3145 3817 3292 3873 unde
3328 3818 3402 3874 sit
3443 3833 3563 3870 ma-

1979 3912 2113 3975 lum,
2154 3927 2266 3967 non
2301 3919 2362 3966 ut
2387 3900 2603 3967 diacere
2622 3910 2833 3971 volens,
2869 3910 2964 3980 qui
3009 3909 3196 3964 omnia
3234 3909 3427 3971 sciam,
3461 3908 3562 3964 abs

1979 4009 2033 4056 te
2064 4002 2336 4072 praecipue
2364 4000 2456 4071 qui
2497 4000 2634 4055 nihil
2664 3999 2914 4065 noveris,
2944 3999 3040 4054 sed
3073 4007 3132 4052 ut
3175 4007 3228 4053 te
3273 3998 3562 4055 ostendam

1979 4092 2231 4164 ignarum
2259 4107 2379 4147 esse
2395 4093 2663 4147 omnium.
2684 4092 2749 4146 Et
2783 4107 2850 4148 ne
2882 4099 3038 4161 putes
3066 4092 3196 4162 quia
3229 4092 3401 4146 iratus
3434 4107 3560 4146 sum

1979 4185 2127 4255 quod
2164 4185 2240 4238 ita
2287 4195 2466 4240 tecum
2515 4188 2791 4240 austerius
2851 4187 3078 4254 loquor,
3136 4183 3418 4239 miseratio
3469 4197 3561 4236 me

1979 4276 2146 4331 habet
2168 4275 2364 4329 horum
2384 4276 2480 4352 qui
2516 4275 2739 4340 adsunt,
2767 4290 2907 4344 quos
2929 4282 2988 4329 tu
3033 4274 3285 4343 decipere
3313 4273 3553 4327 conaris.

1980 4367 2048 4421 Et
2075 4366 2273 4423 Petrus
2303 4368 2379 4422 ait
2407 4385 2418 4420 :
2457 4365 2685 4420 Multum
2710 4367 2889 4420 malus
2925 4380 3006 4428 es,
3041 4365 3088 4420 si
3115 4372 3298 4419 tantas
3321 4364 3557 4434 injurias

1979 4476 2090 4514 non
2157 4460 2329 4513 iratus
2386 4458 2569 4523 facis;
2621 4458 2717 4513 sed
2796 4456 3133 4527 impossibile
3201 4463 3287 4511 est
3343 4456 3553 4509 fumum

289 4544 610 4616 polliceris,
649 4543 745 4599 sed
773 4553 828 4598 et
856 4545 1148 4600 ostendere
1169 4555 1324 4615 potes
1347 4563 1414 4602 ex
1447 4549 1582 4619 lege,
1615 4551 1875 4606 omittens
1909 4527 1950 4581 θ
1979 4568 2092 4607 non
2119 4567 2474 4621 consurgere,
2507 4551 2599 4605 ubi
2629 4549 2772 4620 ignis
2794 4558 2899 4606 est.
2931 4548 3323 4604 Verumtamen
3350 4547 3552 4608 dicam,

286 4643 461 4712 plura
508 4639 659 4708 loqui
701 4639 831 4692 hinc
860 4639 1059 4708 incipe.
1089 4637 1154 4691 Et
1177 4638 1373 4694 Petrus
1407 4659 1421 4695 :
1459 4639 1516 4695 Si
1549 4651 1768 4712 propter
1801 4651 1873 4708 te,

284 4730 501 4800 inquit,
533 4731 628 4800 qui
658 4731 724 4784 ad
757 4730 1244 4785 contradicendum
1277 4735 1659 4789 tantummodo
1694 4736 1873 4800 venis,

283 4837 526 4892 rogarer
553 4820 620 4875 de
645 4822 735 4876 his
752 4822 956 4886 dicere,
991 4837 1270 4891 nunquam
1304 4839 1336 4876 a
1366 4839 1452 4878 me
1480 4841 1646 4878 unum
1679 4826 1872 4879 saltem

283 4928 493 4988 posses
527 4913 717 4968 audire
740 4929 1069 4980 sermonem,
1099 4916 1195 4970 sed
1227 4917 1487 4985 quoniam
1514 4934 1744 4974 necesse
1788 4927 1873 4974 est

281 5002 616 5076 agricolam,
641 5005 734 5072 qui
765 5006 881 5060 vult
929 5005 1131 5060 bonam
1160 5015 1358 5061 terram
1390 5008 1680 5072 seminare,
1724 5027 1863 5064 non-

281 5093 447 5147 nuila
486 5092 696 5145 semina
738 5095 966 5162 perdere
995 5105 1089 5150 aut
1134 5099 1190 5150 in
1220 5098 1478 5167 petrosis,
1521 5108 1616 5153 aut
1663 5100 1716 5154 in
1780 5102 1863 5156 his

279 5202 415 5259 qua:
447 5188 517 5239 ab
548 5185 859 5242 hominibus
890 5191 1263 5244 conculcanda
1295 5201 1440 5257 sunt,
1471 5191 1555 5246 vel
1592 5192 1645 5245 in
1672 5194 1868 5248 dumo-

280 5284 367 5338 sis
389 5294 461 5336 ac
485 5281 716 5351 repletis
736 5283 992 5337 sentibus
1017 5283 1174 5348 locis,
1200 5284 1344 5339 sicut
1369 5292 1425 5339 et
1461 5285 1718 5358 Magister
1763 5303 1864 5342 no-

279 5387 404 5434 ster
436 5378 694 5446 exposuit
715 5376 1086 5432 diversitatem
1111 5379 1374 5449 propositi
1432 5379 1865 5453 uniuscujusque

280 5469 493 5524 animae
515 5483 614 5537 per
642 5469 757 5523 haec
790 5468 1042 5524 indicans
1058 5469 1126 5535 ⁸⁸,
1159 5485 1268 5524 non
1301 5473 1579 5528 morabor.

355 5559 490 5616 XV.
527 5561 665 5615 Tum
693 5562 924 5616 Simon:
955 5561 1172 5619 Videris
1207 5567 1336 5620 mihi
1358 5609 1372 5633 ,
1418 5569 1631 5640 inquit,
1663 5572 1825 5628 irasci
1852 5592 1867 5640 ;

285 5653 441 5727 quod
483 5653 528 5709 si
571 5662 676 5718 est,
723 5669 837 5708 non
870 5669 1093 5708 necesse
1133 5666 1217 5710 est
1263 5659 1399 5716 inire
1436 5663 1770 5720 conflictum.
1803 5664 1873 5722 Et

398 5837 448 5868 “
478 5834 668 5892 Matth.
696 5839 862 5898 x,26.
919 5839 964 5871 ⁸⁵
1005 5838 1141 5894 Luc.
1179 5856 1293 5908 vui,
1325 5843 1376 5896 5.

616 5933 886 5995 Ριτιιοι..
931 5933 1052 5994 Gn.
1098 5933 1147 5996 Ι.

1980 4661 2049 4699 ne
2079 4651 2132 4699 te
2159 4644 2344 4700 verbis
2374 4642 2562 4698 videar
2591 4657 2884 4713 occupare,
2915 4641 3211 4711 quominus
3242 4639 3312 4694 ad
3340 4653 3406 4692 ea
3434 4653 3556 4707 qua:

1980 4739 2078 4794 abs
2099 4745 2154 4792 te
2184 4737 2634 4792 inconvenienter
2667 4744 2796 4792 sunt
2839 4737 3006 4801 dicta,
3045 4732 3428 4804 respondeam.
3457 4732 3555 4788 Ais

1978 4845 2171 4885 omnes
2200 4829 2362 4884 fateri
2403 4831 2530 4900 quia
2561 4831 2634 4886 sit
2678 4831 2914 4893 malum,
2954 4828 3101 4899 quod
3131 4828 3320 4897 utique
3351 4824 3551 4880 falsum

1979 4931 2098 4991 est;
2139 4938 2269 4978 nam
2315 4923 2493 4993 primo
2541 4924 2786 4978 omnium
2835 4924 2963 4993 quia
3001 4922 3266 4976 subsistat
3304 4919 3548 4978 malum,

1975 5015 2231 5071 universa
2263 5013 2615 5070 Hebramrum
2647 5022 2807 5083 negat
2832 4997 2986 5083 gens.

2048 5104 2210 5160 XVI].
2229 5104 2294 5158 Et
2319 5104 2536 5168 Simon,
2557 5105 2864 5174 interrupto
2893 5104 3012 5171 ejus
3038 5116 3291 5157 sermone
3315 5117 3333 5154 :.
3357 5097 3548 5161 Recte,

1976 5200 2176 5268 inquit,
2212 5197 2421 5252 faciunt
2451 5199 2542 5267 qui
2576 5197 2766 5250 dicunt
2798 5212 2903 5249 non
2938 5210 3061 5249 esse
3099 5194 3329 5247 malum.
3361 5191 3426 5245 Et
3448 5189 3550 5243 Pe-

1975 5303 2093 5348 trus
2120 5310 2136 5347 :
2167 5290 2284 5346 Non
2316 5291 2383 5345 de
2428 5275 2530 5344 hoc
2584 5307 2730 5344 nunc
2779 5291 3165 5360 proposuimus
3196 5279 3416 5351 dicere,
3453 5285 3549 5338 sed

1972 5387 2102 5456 quia
2135 5401 2244 5439 non
2289 5400 2480 5439 omnes
2512 5383 2706 5436 dicunt
2761 5398 2882 5438 esse
2943 5383 3168 5435 malum.
3232 5375 3547 5432 Secundum

1975 5485 2161 5532 autem
2188 5484 2306 5532 erat
2351 5477 2692 5544 interrogare
2725 5483 2800 5538 te,
2854 5474 2984 5542 quid
3017 5479 3102 5527 est
3144 5471 3346 5527 malum
3367 5509 3387 5536 ,
3416 5467 3547 5523 sub-

1977 5572 2199 5632 stantia,
2230 5587 2298 5623 an
2333 5569 2626 5635 accidens,
2658 5583 2727 5620 an
2759 5567 2959 5620 actus?
2987 5564 3084 5619 sed
3129 5573 3184 5618 et
3225 5563 3330 5616 alia
3376 5558 3546 5622 multa

1981 5663 2314 5734 Imjusmodi.
2350 5661 2414 5717 Et
2449 5669 2572 5733 post
2619 5661 2768 5727 haec,
2810 5675 2939 5731 erga
2978 5658 3111 5729 quid
3138 5657 3222 5710 vel
3269 5651 3548 5725 quomodo

3190 5933 3263 5992 Μ
