4048 6262
542 300 670 357 1291

1379 298 1436 354 S.
1479 296 1869 354 CLEMENTIS
1908 296 1925 348 I
1963 294 2123 348 IIOM.
2168 294 2366 350 ΡΟΝΤ.
2411 295 2636 349 UPEIL’t
2675 293 2898 348 DUBIA.

3607 294 3714 349 i292

539 416 632 478 sit,
667 423 764 469 aut
809 415 897 468 cui
939 413 1012 469 sit
1047 413 1274 474 malum,
1305 421 1486 466 utrum
1515 411 1626 466 Deo
1657 426 1724 464 an
1761 411 1968 480 angelis
1992 449 2006 471 ,
2040 425 2108 462 an
2138 415 2181 468 A
2212 408 2268 463 Si
2297 410 2514 480 quidem
2540 417 2598 463 ut
2629 408 2757 461 mihi
2781 407 2998 462 videtur
3028 404 3203 458 facere
3223 404 3329 466 vis,
3353 418 3448 473 ego
3469 407 3717 462 secundum

537 507 884 569 hominibus,
922 506 1028 576 piis
1058 521 1128 560 an
1159 505 1373 575 impiis,
1405 505 1658 558 omnibus
1687 520 1753 556 an
1795 503 2068 571 aliquibus
2091 543 2105 565 ,

538 614 606 653 an
632 599 738 654 sibi
771 599 897 668 ipsi,
929 613 997 652 an
1028 598 1181 651 nulli.
1206 597 1270 650 Et.
1301 605 1431 650 tunc
1457 596 1821 663 interregarcs
1854 593 1993 648 unde
2014 595 2105 660 sit,

540 697 917 743 utrumnama
952 686 1082 752 Deo,
1123 702 1194 742 an
1237 703 1302 742 ex
1341 686 1548 751 nihilo,
1591 700 1878 754 semperne
1922 685 2106 751 fuerit,

506 823 509 825 .
537 793 607 832 an
639 793 706 832 ex
739 785 986 846 tempore
1017 778 1242 848 (πωροι-ιι
1265 818 1280 842 ,
1313 777 1445 831 utile
1484 776 1554 832 sil.
1584 791 1652 829 an
1679 776 1888 842 inutile,
1923 785 1975 830 et
2001 777 2108 830 alia

536 869 856 938 multaqua:
891 867 1272 937 hujuscemodi
1307 866 1610 937 propositio
1652 866 1837 935 exigit.
1869 865 1951 919 Ad
1993 865 2107 920 haec

537 959 726 1024 Simon
777 959 1100 1028 respondit:
1155 958 1379 1028 Ignosce
1431 958 1587 1025 mihi,
1616 958 1794 1013 erravi
1829 961 1898 1012 de
1933 958 2106 1027 prima

535 1051 983 1122 interrogatione,
1018 1052 1111 1106 sed
1138 1060 1266 1120 puta
1301 1065 1388 1105 me
1417 1065 1566 1115 nunc
1592 1049 1828 1120 primum
1870 1050 2106 1104 interro-

534 1156 686 1210 gare,
711 1148 796 1197 est
828 1141 1030 1202 malum
1061 1155 1130 1193 an
1165 1139 1319 1194 non?

605 1252 792 1308 XVIII.
835 1253 900 1307 Et
920 1252 1114 1309 Petrus
1144 1251 1218 1305 ait
1243 1271 1257 1306 :
1284 1250 1569 1316 Quomodo
1601 1251 1926 1320 interrogas,
1949 1250 2108 1320 quasi

535 1347 749 1402 discere
780 1349 968 1402 volens
999 1362 1066 1400 an
1111 1345 1326 1410 docere,
1366 1361 1435 1399 an
1464 1345 1785 1415 quaestionis
1829 1345 2108 1400 movendae

535 1440 748 1512 gratia?
775 1439 832 1494 Si
865 1440 1082 1510 quidem
1110 1439 1265 1508 quasi
1292 1439 1504 1493 discere
1532 1438 1739 1504 volens,
1766 1437 1941 1492 habeo
1963 1439 2107 1507 quod

531 1541 586 1587 te
613 1534 765 1602 prius
795 1532 1042 1596 doceam,
1079 1539 1138 1585 ut
1167 1547 1263 1600 per
1292 1531 1738 1600 consequentiam
1771 1537 1825 1585 et
1857 1529 2106 1585 ordinem

529 1627 795 1682 doctrinae
846 1626 1108 1690 veniens,
1150 1640 1214 1678 ex
1254 1633 1306 1679 te
1361 1624 1479 1692 ipso
1523 1623 1796 1694 intelligas
1852 1624 1985 1693 quid
2035 1624 2109 1679 sit

529 1720 756 1773 malum.
802 1717 858 1771 Si
896 1732 1025 1772 vero
1075 1726 1134 1771 ut
1175 1717 1378 1771 docens
1410 1716 1691 1786 pr0ponis,
1740 1731 1848 1770 non
1890 1716 2104 1786 indigeo

530 1811 628 1864 abs
657 1817 710 1864 te
746 1810 958 1873 doceri,
992 1808 1169 1863 habeo
1197 1808 1340 1862 enim
1373 1807 1691 1875 magistrum
1723 1822 1752 1860 a
1781 1822 1891 1876 quo
1917 1808 2103 1862 omnia

529 1899 722 1954 didici.
771 1897 930 1964 Quod
963 1901 1009 1954 si
1053 1899 1372 1967 qumstionis
1403 1896 1683 1952 movendae
1709 1903 1763 1952 et
1789 1895 2104 1968 disputandi

528 1989 724 2058 gratia,
765 1996 1000 2058 uterque
1048 1998 1297 2042 nostrum
1350 1987 1503 2058 prius
1550 1990 1694 2058 quod
1726 1989 1830 2044 sibi
1867 1989 2102 2058 videtur,

526 2091 766 2152 exponat
791 2092 845 2138 et
883 2084 956 2137 ita
988 2091 1270 2138 certamen
1302 2082 1589 2140 habeatur.
1618 2080 1805 2152 Neque
1834 2083 1979 2138 enim
2011 2101 2104 2140 ve-

526 2191 648 2230 rum
675 2183 761 2230 est
790 2174 904 2244 (89)
940 2181 1000 2229 ut
1029 2175 1335 2244 interroges
1363 2173 1519 2244 quasi
1549 2173 1762 2229 discere
1791 2175 2013 2242 volens,
2049 2182 2104 2231 et

526 2265 876 2332 contradicas
903 2273 963 2319 ut
991 2265 1217 2330 docens,
1249 2275 1310 2319 ut
1337 2273 1460 2335 post
1478 2266 1894 2335 responsionem
1925 2261 2102 2322 meam

525 2361 584 2413 in
617 2365 710 2413 tuo
740 2357 954 2428 judicio
983 2359 1056 2414 sit
1085 2358 1294 2422 dicere,
1326 2358 1373 2413 si
1404 2359 1542 2413 bene
1563 2373 1632 2412 an
1668 2359 1810 2413 male
1839 2358 2098 2414 dixerim.

525 2452 756 2523 Propter
801 2453 948 2524 quod
1011 2468 1122 2508 non
1177 2464 1333 2522 potes
1390 2453 1444 2506 in
1488 2452 1609 2507 loco
1674 2451 2102 2510 contradicentis

523 2546 868 2616 stansjudex
911 2561 1033 2603 esse
1063 2561 1253 2601 eorum
1279 2561 1401 2615 qua:
1438 2545 1710 2612 dicimus;
1753 2553 1809 2600 et
1854 2543 1998 2611 ideo,
2045 2553 2103 2600 ut

523 2635 659 2702 dixi,
688 2638 736 2690 si
766 2643 1044 2691 certamen
1080 2635 1390 2691 habendum
1437 2646 1542 2704 est,
1583 2647 1812 2705 uterque
1848 2647 2100 2692 nostrum
2170 2658 2187 2676 ο

523 2731 669 2800 quod
700 2731 866 2786 sentit
901 2737 1160 2801 exponat,
1211 2737 1266 2786 et
1301 2731 1462 2786 nobis
1496 2731 1549 2784 in
1594 2731 1853 2786 conﬂictu
1904 2731 2100 2801 positis

523 2823 767 2894 religiosi
797 2823 1077 2878 auditores
1116 2821 1172 2876 hi
1197 2821 1334 2891 justi
1356 2821 1576 2891 judices
1603 2830 1788 2876 erunt.

593 2959 736 3015 XIX.
782 2960 846 3014 Et
879 2959 1066 3016 Simon
1119 2979 1132 3014 :
1165 2958 1280 3014 Non
1313 2959 1410 3015 tibi
1450 2960 1662 3015 videtur
1696 2960 1996 3014 absurdum
2038 2967 2099 3013 ut

523 3055 812 3125 imperitus
859 3054 1093 3123 populus
1143 3053 1211 3107 de
1247 3054 1450 3108 nostris
1484 3053 1649 3108 dictis
1702 3053 1899 3108 habeat
1949 3053 2098 3123 judi-

2212 501 2455 570 magistri
2491 500 2596 554 mei
2630 507 2956 568 praeceptum
2990 495 3106 549 ﬁeri
3134 495 3406 565 volo,’qui
3436 496 3589 565 primo
3623 514 3718 553 OIH-

2209 593 2361 646 nium
2399 592 2636 646 Hebraea:
2677 591 2848 661 genti,
2901 605 3062 660 quam
3096 587 3303 642 sciebat
3347 587 3531 642 habere
3570 592 3722 659 cogni-

2211 680 2412 733 tionem
2451 678 2545 734 Dei
2575 688 2628 734 et
2657 681 2802 750 quod
2835 679 2951 750 ipse
2980 687 3125 733 esset
3149 679 3238 748 qui
3271 678 3450 732 lecerit
3479 682 3718 746 mundum,

2210 773 2489 842 pnecepit,
2524 789 2629 825 non
2665 780 2723 826 ut
2757 788 2879 826 eum
2905 781 3170 842 quaereret
3199 787 3357 841 quem
3401 771 3619 836 sciebat,
3649 774 3725 828 sed

2208 865 2542 919 voluntatem
2575 865 2695 934 ejus
2721 863 3103 934 jusﬁtiamque
3143 862 3475 932 perquireret
3499 861 3723 928 sciens“,

2209 959 2336 1028 quia
2365 959 2420 1014 in
2449 960 2730 1014 hominum
2759 959 2986 1012 arbitrio
3011 957 3248 1028 positum
3275 962 3376 1022 est,
3407 963 3464 1009 ut
3493 957 3585 1011 hoc
3608 973 3730 1028 quae—

2208 1061 2393 1109 rentes
2424 1053 2704 1107 inveniant
2751 1061 2804 1106 et
2845 1051 3046 1104 faciant
3096 1058 3259 1119 atque
3289 1049 3563 1102 observent
3597 1065 3650 1104 ea
3674 1052 3728 1105 de

2120 1191 2123 1199 .
2208 1145 2410 1216 quibus
2436 1144 2720 1215 judicandi
2755 1151 2902 1199 sunt.
2936 1143 2999 1195 Et
3025 1142 3148 1196 ideo
3174 1141 3341 1210 jussit
3381 1154 3477 1195 nos
3504 1158 3728 1210 quan-ere,

2207 1254 2316 1292 non
2349 1237 2492 1292 unde
2521 1238 2592 1292 sit
2632 1237 2858 1300 malum,
2889 1243 2946 1289 ut
2976 1243 3033 1288 tu
3067 1235 3233 1303 paulo
3277 1239 3401 1287 ante
3436 1233 3728 1304 requirebas,

2207 1330 2301 1384 sed
2331 1330 2602 1400 justitiam
2645 1329 2772 1383 boni
2815 1328 2911 1381 Dei
2947 1342 3259 1396 regnumque
3287 1325 3429 1393 ejus,
3465 1334 3509 1378 et
3554 1326 3730 1389 omnia,

2207 1423 2412 1492 inquit,
2462 1420 2571 1475 haec
2610 1418 2928 1488 adﬁcientur
2963 1417 3106 1471 vobis
3126 1415 3191 1470 ⁸⁷.
3237 1413 3312 1487 Ἐι
3356 1413 3572 1467 Simon:
3611 1414 3732 1480 Quo-

2208 1515 2378 1579 niam,
2410 1513 2608 1581 inquit,
2652 1509 2898 1564 Hebraeis
2932 1509 3035 1564 ista
3081 1506 3413 1560 mandantur
3455 1507 3590 1560 velut
3617 1517 3735 1561 recte

2208 1597 2512 1661 scientibus
2543 1601 2711 1656 Deum
2743 1610 2796 1655 et
2825 1599 3200 1672 opinantibus,
3229 1599 3372 1668 quod
3404 1592 3735 1672 unusquisque

2209 1696 2264 1750 in
2302 1712 2403 1752 suo
2452 1695 2680 1762 arbitrio
2714 1695 2908 1748 habeat
2956 1708 3116 1760 agere
3163 1707 3245 1754 ea,
3285 1691 3352 1745 de
3405 1691 3594 1762 quibus
3617 1690 3739 1759 judi-

2135 1773 2179 1827 Β
2207 1788 2414 1842 candus
2440 1796 2543 1851 est,
2582 1786 2716 1838 mihi
2746 1794 2926 1837 autem
2952 1783 3018 1836 ab
3045 1781 3152 1836 illis
3183 1781 3459 1852 discrepat
3487 1780 3735 1841 sententia,

2205 1879 2351 1934 unde
2380 1879 2464 1934 vis
2497 1887 2556 1931 ut
2580 1877 2836 1947 incipiam
2861 1876 2885 1928 ‘i

2273 1969 2414 2026 XXI.
2459 1969 2594 2024 Tum
2630 1967 2868 2023 Petrus:
2904 1966 3050 2038 Ego,
3103 1965 3318 2037 inquit,
3368 1963 3564 2020 suadeo
3593 1963 3742 2033 primo

2202 2061 2558 2132 quaerendum
2592 2075 2748 2119 esse.
2780 2059 2828 2114 si
2879 2058 2933 2111 in
2990 2065 3256 2128 potestate
3293 2063 3482 2109 nostra
3521 2059 3599 2108 est
3625 2052 3745 2105 scire

2205 2153 2349 2208 unde
2375 2150 2661 2222 judicandi
2705 2150 2899 2204 simus.
2937 2147 3000 2201 Et
3032 2145 3220 2201 Simon
3252 2165 3266 2199 :
3300 2144 3420 2198 Non
3453 2145 3541 2204 ita,
3576 2143 3743 2211 inquit,

2203 2245 2296 2300 sed
2337 2245 2403 2299 de
2429 2243 2557 2308 Deo,
2590 2242 2734 2297 unde
2765 2250 2819 2296 et
2849 2257 3042 2295 omnes
3077 2241 3170 2310 qui
3204 2246 3407 2310 praesto
3436 2245 3559 2291 sunt
3587 2237 3747 2290 audire

2203 2338 2453 2408 cupiunt.
2489 2335 2554 2389 Et
2586 2333 2782 2389 Petrus
2809 2353 2821 2387 :
2855 2333 3085 2386 Constat
3115 2346 3245 2401 ergo
3277 2329 3420 2400 apud
3455 2335 3525 2392 te,
3551 2327 3663 2396 quia
3680 2331 3748 2378 est

2205 2428 2408 2500 aliquid
2446 2429 2501 2482 in
2541 2427 2752 2481 arbitrii
2788 2434 3098 2499 potestate;
3141 2423 3315 2477 fatere
3352 2424 3452 2475 hoc
3485 2428 3676 2473 tantum
3709 2416 3748 2470 si

2203 2530 2307 2590 cst,
2333 2530 2385 2577 ct
2410 2522 2753 2591 requiramus
2784 2529 2840 2572 ut
2872 2518 3032 2578 dicis,
3067 2515 3133 2570 de
3180 2513 3314 2568 Deo.
3350 2512 3538 2568 Simon
3568 2510 3629 2564 ad
3657 2511 3752 2566 haec

2203 2614 2528 2685 respondit:
2565 2611 2940 2682 Nequaquam.
2981 2607 3047 2663 Et
3086 2607 3332 2662 Petrus:
3375 2604 3432 2660 Si
3473 2618 3597 2675 ergo
3639 2600 3751 2656 nihil

2201 2705 2362 2760 estin
2387 2713 2576 2758 nostra
2605 2708 2897 2771 potestate,
2930 2697 3268 2769 Superlluum
3294 2706 3381 2753 est
3409 2711 3508 2750 nos
3541 2705 3755 2765 quaerere

2203 2795 2410 2866 aliquid
2441 2796 2508 2850 de
2537 2794 2671 2858 Deo,
2705 2809 2829 2846 cum
2865 2793 2919 2846 in
2956 2799 3227 2862 potestate
3277 2807 3390 2844 non
3428 2789 3498 2843 sit
3537 2800 3754 2858 quaeren-

2203 2889 2349 2944 tibus
2379 2889 2642 2942 invenire.
2682 2884 2834 2940 Unde
2855 2885 2994 2939 bene
3024 2883 3270 2937 dixeram
3305 2883 3413 2936 hoc
3441 2881 3613 2952 primo
3633 2890 3759 2948 qua:-

2201 2979 2432 3034 rendum
2461 2994 2605 3043 esse,
2660 2977 2704 3032 si
2755 2976 3080 3046 estaliquid
3117 2977 3171 3028 in
3221 2974 3442 3029 arbitrii
3494 2977 3754 3044 potestate.

2202 3069 2340 3124 Tum
2371 3068 2560 3123 Simon
2591 3088 2605 3125 :
2636 3068 2754 3122 Non
2781 3084 3100 3138 possumus,
3131 3067 3334 3136 inquit,
3376 3083 3446 3122 ne
3478 3067 3578 3119 hoc
3607 3064 3757 3132 ipsum

522 3147 718 3202 cium?
748 3146 810 3199 Et
835 3145 1070 3200 Petrus:
1107 3143 1226 3198 Non
1261 3146 1334 3199 ita
1369 3153 1472 3211 est,
1509 3144 1654 3214 quod
1687 3146 1831 3198 enim
1859 3146 1952 3199 uni
1991 3145 2099 3199 foro

2202 3163 2420 3232 quidem
2457 3162 2759 3231 intelligere
2783 3133 2935 3232 quod
2967 3133 3129 3222 dicis,
3167 3133 3225 3214 si
3251 3168 3341 3216 est
3371 3157 3577 3228 aliquid
3614 3157 3662 3208 in
3687 3169 3758 3206 ar-

521 3247 672 3293 tasse
704 3237 888 3291 minus
945 3237 1134 3306 liquet,
1174 3237 1491 3305 investigari
1529 3252 1558 3290 a
1593 3236 1846 3306 plurimis
1879 3239 2096 3308 poterit,

523 3345 648 3383 nam
683 3344 826 3398 saepe
884 3330 1046 3384 etiam
1099 3327 1242 3381 fama
1300 3329 1448 3398 vulgi
1500 3329 1801 3400 prophetiae
1859 3331 2097 3400 speciem

522 3426 691 3474 tenet.
725 3419 901 3486 Super
933 3419 1047 3477 lucc
1082 3427 1262 3473 autem
1296 3421 1500 3485 omnia,
1531 3436 1770 3490 praesens
1798 3421 1887 3475 hic
1920 3421 2099 3476 omnis

523 3511 757 3582 populus
805 3526 990 3565 amore
1034 3509 1127 3565 Dei
1166 3512 1500 3567 constrictus
1535 3513 1623 3567 hic
1657 3519 1802 3567 astat
1825 3552 1839 3576 ,
1877 3512 2098 3583 verique

519 3599 890 3673 cognoscendi
935 3602 1132 3672 gratia,
1165 3610 1218 3656 et
1251 3603 1375 3657 ideo
1411 3619 1603 3658 omnes
1638 3605 1729 3658 isti
1761 3604 1919 3674 quasi
1953 3618 2097 3659 unus

523 3695 807 3750 habendus
839 3702 943 3759 est,
977 3710 1077 3764 pro
1109 3711 1217 3749 uno
1252 3695 1552 3766 eodemque
1577 3711 1706 3767 erga
1733 3711 1975 3751 amorem
2005 3713 2098 3752 ve-

524 3787 706 3840 ritatis
741 3785 971 3851 aﬂ‘ectu,
1035 3785 1174 3840 sicut
1215 3803 1244 3840 e
1295 3788 1575 3841 contrario
1605 3786 1714 3841 duo
1761 3787 1902 3841 inter
1935 3803 1994 3843 se
2050 3788 2095 3843 si

520 3876 889 3944 dissentiant,
938 3877 1096 3931 multi
1130 3885 1258 3931 sunt
1290 3886 1344 3932 et
1385 3865 1611 3934 diversi.
1680 3877 1735 3933 Si
1789 3886 1968 3935 autem
2013 3881 2095 3935 vis

521 3966 782 4021 indicium
817 3984 1046 4040 capere,
1079 3972 1354 4041 quomodo
1387 3973 1566 4027 omnis
1602 3972 1694 4027 hic
1736 3974 1967 4044 populus
2000 3975 2094 4043 qui

519 4065 664 4113 astat
693 4061 852 4130 quasi
896 4078 1038 4117 unus
1068 4065 1139 4117 sit
1174 4063 1359 4131 homo,
1389 4081 1454 4120 ex
1489 4065 1709 4121 silentio
1741 4066 1861 4136 ejus
1897 4066 2016 4136 ipso
2040 4074 2094 4121 et

517 4150 703 4218 quiete
736 4153 1049 4220 considera,
1087 4157 1362 4225 quomodo
1396 4172 1521 4211 cum
1555 4157 1702 4211 omni
1739 4159 1998 4228 patientia
2034 4167 2095 4213 ut

518 4242 690 4308 vides,
720 4245 883 4298 etiam
918 4255 1210 4315 antequam
1246 4249 1482 4313 discant,
1517 4249 1735 4310 veritati
1782 4247 1876 4302 Dei
1921 4249 2093 4302 hono-

519 4350 633 4389 rem
685 4336 960 4392 deferunt.
1018 4338 1269 4394 Nondum
1320 4341 1467 4395 enim
1527 4341 1790 4411 majorem
1840 4342 2088 4406 cultum,

2201 3255 2350 3310 bitrii
2383 3261 2675 3326 potestate.
2713 3253 2780 3306 At
2815 3253 3010 3308 Petrus
3036 3254 3229 3308 videns
3274 3251 3429 3323 quod
3479 3251 3544 3304 ad
3577 3254 3758 3319 partem

2201 3364 2260 3405 se
2291 3349 2771 3403 contentiosiorem
2809 3349 3070 3411 declinat,
3112 3347 3372 3418 superari
3409 3355 3680 3400 metuens.
3712 3342 3761 3391 ut

2199 3441 2358 3511 quasi
2399 3442 2664 3495 incertum
2701 3439 3005 3493 confundat
3043 3440 3250 3504 omnia,
3285 3436 3612 3508 respondit:
3638 3432 3764 3497 Quo-

2200 3533 2362 3588 modo
2391 3548 2522 3603 ergo
2560 3533 2691 3595 scis,
2723 3531 2849 3601 quia
2895 3547 3003 3585 non
3035 3539 3120 3586 est
3149 3533 3204 3584 in
3239 3530 3490 3585 hominis
3523 3529 3761 3599 potestate

2199 3626 2339 3680 scire
2374 3625 2599 3695 aliquid,
2634 3640 2758 3678 cum
2793 3623 2895 3677 hoc
2929 3624 3105 3693 ipsum
3145 3622 3339 3678 scias?

2267 3715 2434 3771 XXII.
2480 3715 2544 3769 Et
2597 3714 2829 3770 Simon:
2884 3713 3118 3778 Nescio,
3154 3714 3381 3783 inquit,
3447 3712 3496 3768 si
3550 3709 3630 3764 vel
3678 3707 3760 3760 hoc

2197 3810 2376 3882 ipsum
2409 3808 2618 3872 sciam;
2657 3805 3032 3876 unusquisque
3063 3805 3210 3860 enim
3263 3807 3419 3860 sicut
3457 3805 3509 3859 ei
3544 3803 3650 3856 fato
3687 3800 3764 3853 de-

2197 3899 2476 3964 cernitur,
2510 3899 2591 3952 vel
2627 3899 2737 3967 agit
2767 3897 2976 3967 aliquid
3010 3896 3094 3950 vel
3128 3896 3396 3965 intelligit
3443 3895 3528 3948 vel
3565 3891 3758 3961 patitur.

2198 3992 2334 4046 Tum
2363 3990 2560 4046 Petrus
2588 4009 2599 4044 :
2653 3987 2868 4053 Videte,
2906 3987 3123 4057 inquit,
3160 3985 3372 4039 fratres
3401 4029 3414 4051 ,
3455 3986 3510 4039 in
3538 3999 3654 4053 qua:
3686 3978 3758 4032 ab-

2197 4078 2361 4133 surda
2394 4077 2658 4131 deciderit
2702 4075 2913 4141 Simon,
2960 4075 3052 4145 qui
3088 4083 3214 4129 ante
3267 4089 3462 4128 meum
3497 4071 3763 4126 adventum

2195 4171 2458 4235 docebat,
2490 4168 2634 4238 quod
2690 4169 2942 4222 homines
2996 4167 3049 4220 in
3088 4175 3375 4236 potestate
3435 4153 3692 4219 baberent
3724 4166 3768 4212 et

2195 4277 2386 4332 sapere
2431 4269 2485 4316 et
2524 4261 2702 4315 facere
2749 4276 2870 4330 quae
2912 4259 3144 4324 vellent,
3175 4275 3329 4312 nunc
3383 4258 3444 4312 in
3497 4261 3764 4326 angustum

2195 4358 2450 4412 redactus
2505 4355 2834 4409 necessitate
2867 4353 3184 4417 verborum,
3216 4359 3390 4421 negat
3428 4366 3557 4406 esse
3590 4352 3643 4402 in
3686 4345 3770 4398 ho-

517 4443 678 4495 quem
707 4430 754 4528 ei
799 4432 1010 4528 deferre
1037 4433 1290 4528 debeant,
1321 4437 1649 4491 didicerunt.
1680 4436 1911 4508 Pr0pter
1942 4439 2088 4508 quod
2121 4473 2164 4528 Β
2195 4449 2357 4502 minis
2386 4455 2656 4516 potestate
2691 4452 2784 4498 aut
2817 4442 3086 4499 sentiendi
3120 4442 3333 4513 aliquid
3371 4451 3472 4497 aut
3498 4438 3705 4513 agendi,
3726 4445 3771 4490 ct

517 4535 680 4588 spero
721 4523 789 4577 de
835 4525 1120 4580 clementia
1153 4526 1268 4591 Dei,
1309 4530 1452 4598 quod
1499 4529 1811 4598 religiosum
1844 4531 2091 4600 proposi-

519 4623 633 4666 tum
667 4616 863 4672 mentis
891 4633 1077 4672 eorum
1102 4621 1454 4689 amplectetur
1473 4637 1598 4690 erga
1628 4636 1704 4687 se,
1729 4631 1780 4675 et
1810 4624 2088 4676 veritatem

516 4703 831 4770 praedicanti
869 4708 1111 4764 victoria:
1155 4709 1387 4779 palmam
1424 4711 1696 4775 dabit,-ut
1736 4711 2087 4767 manifestum

515 4796 594 4848 eis
629 4793 791 4850 faciat
824 4799 1063 4856 veritatis
1094 4815 1418 4870 praeconem.

585 4897 703 4954 XX.
745 4897 884 4955 Tum
928 4900 1158 4958 Simon:
1195 4902 1272 4959 De
1323 4920 1469 4975 quo.
1499 4908 1714 4978 inquit,
1764 4909 1847 4963 vis
1898 4907 2084 4964 haberi

513 4994 828 5047 certamen?
856 4994 967 5060 die,
997 5005 1056 5050 ut
1087 5005 1140 5052 et
1169 5011 1270 5068 ego
1302 4997 1554 5054 definiam
1589 5001 1733 5071 quod
1773 5001 1905 5054 mihi
1937 5001 2086 5056 vide-

515 5091 628 5147 tur,
663 5093 718 5138 et
748 5085 822 5138 ita
874 5090 1105 5158 quaestio
1155 5089 1404 5158 incipiat.
1440 5091 1504 5145 Et
1535 5091 1730 5148 Petrus
1766 5094 2081 5164 respondit:

2194 4550 2372 4594 tamen
2403 4539 2560 4592 audet
2596 4552 2655 4592 sc
2688 4537 2966 4590 doctorem
3003 4534 3272 4604 profiteri.
3317 4535 3437 4590 Sed
3489 4534 3616 4598 dic,
3655 4544 3775 4601 quo-

2191 4633 2354 4687 modo
2375 4647 2503 4702 ergo
2525 4629 2666 4685 Deus
2686 4629 2897 4699 judicat
2925 4627 3228 4683 secundum
3255 4629 3567 4682 veritatem
3594 4636 3774 4677 unum-

2189 4709 2461 4796 quemque
2512 4740 2611 4794 pro
2645 4723 2861 4777 actibus
2895 4723 3032 4790 suis,
3068 4723 3113 4778 si
3146 4737 3317 4792 agere
3352 4721 3576 4792 aliquid
3612 4720 3663 4772 in
3692 4730 3774 4786 p0-

2192 4825 2390 4873 testate
2427 4832 2534 4870 non
2573 4814 2938 4871 habuit‘HIoc
2970 4815 3014 4870 si
3051 4822 3332 4880 teneatur,
3364 4813 3634 4869 convulsa
3662 4814 3773 4864 sunt

2190 4909 2395 4971 omnia,
2428 4908 2632 4963 frustra
2676 4909 2779 4962 erit
2809 4907 3051 4962 studium
3086 4905 3346 4961 sectandi
3393 4905 3665 4968 meliora,
3693 4896 3773 4953 sed

2191 5012 2244 5059 et
2265 5001 2481 5073 judices
2504 5004 2687 5057 saeculi
2725 5002 2931 5056 frustra
2958 5001 3170 5072 legibus
3192 5006 3461 5070 praesunt
3482 5006 3538 5052 et
3562 4994 3772 5067 puniunt

2190 5110 2286 5150 eos
2330 5094 2422 5165 qui
2477 5095 2617 5148 male
2651 5105 2866 5167 agunt;
2904 5108 3013 5146 non
3056 5093 3201 5147 enim
3235 5090 3301 5144 in
3363 5106 3474 5147 sua
3525 5089 3775 5160 potestate

625 5239 669 5271 3°
710 5239 986 5320 vocabula
1017 5244 1285 5320 scicns_—:
1304 5229 1742 5320 judicandisunt
1775 5256 1829 5300 et
1868 5263 1990 5320 qua:
2051 5249 2210 5316 paulo
2241 5259 2364 5320 post
2419 5257 2724 5320 sequuntur
2769 5259 2816 5303 et
2853 5247 3286 5317 opinantibus—
3306 5243 3652 5314 judicandus
3696 5245 3771 5296 est

515 5313 721 5368 desunt
751 5314 806 5366 in
839 5322 1074 5385 utroque
1105 5314 1227 5369 cod.
1263 5312 1411 5384 Lips.
1490 5317 1534 5350 ⁸⁷
1578 5317 1766 5372 Matth.
1803 5312 1999 5384 “[55.

1811 5470 2176 5527 COTELERII
2220 5471 2452 5529 NOTAE.

587 5607 909 5682 (89)7Neque
947 5606 1084 5663 enim
1111 5620 1411 5682 verunt_est.
1467 5609 1687 5682 Ἀληθές
1729 5613 1842 5682 ἐστι
1879 5628 1977 5681 pro
2005 5612 2086 5664 6i-

519 5677 833 5740 καιόνὶστι,
860 5682 1036 5733 oratio
1058 5683 1258 5734 Attica.
1297 5679 1485 5733 Verum
1516 5677 1591 5734 est
1623 5697 1716 5748 pro
1743 5677 1951 5748 justum
1979 5691 2079 5745 est,

525 5761 725 5814 a'quum
764 5758 872 5812 est,
913 5752 1086 5804 oratio
1134 5749 1398 5806 Romana.
1436 5751 1631 5804 Doccnt
1661 5795 1673 5814 ,
1721 5751 2080 5815 adductisque

2191 5609 2455 5678 exemplis
2502 5605 3424 5678 firmantgrammatici,veteres
3474 5621 3544 5661 ac
3593 5618 3759 5660 recen-

2191 5673 2376 5731 tiores.
2416 5675 2688 5740 lloratius,
2725 5673 2896 5744 Epist.
2935 5679 2976 5740 I,
3006 5693 3100 5741 vn,
3129 5677 3195 5730 98
3233 5693 3248 5727 :

2226 5743 2406 5800 Metiri
2439 5763 2491 5801 se
2526 5743 2892 5816 quenwuc’suo
2921 5751 3128 5801 modulo
3162 5764 3218 5800 ac
3253 5748 3400 5815 pede
3440 5763 3621 5804 verum
3656 5746 3747 5796 est.
