4048 6262
470 320 610 373 I295

1314 319 1374 374 S.
1413 318 1807 375 CLEMENTIS
1843 318 1861 370 Ι
1902 316 2069 371 80M.
2112 314 2314 371 ΡΟΝΤ.
2353 316 2579 371 OPERA
2619 316 2849 374 DUBIA.

3578 314 3708 371 1296

467 434 705 488 mundus
750 434 855 488 iste
912 433 1274 503 temporibus,
1332 433 1511 488 donec
1563 434 1870 489 animarum
1922 433 2117 503 quteA
2149 446 2246 499 per
2316 432 2789 501 incorruptibilia,
2847 430 2942 486 scd
2997 436 3158 499 prout
3218 428 3449 482 voluerit
3500 436 3711 483 creator

465 525 863 593 praedestinata:
906 534 1058 590 sunt,
1090 526 1156 580 ad
1206 526 1567 596 expletionem
1613 527 1733 595 ejus
1783 539 2043 579 numerus

467 616 806 685 impleretur,
834 626 887 671 et
938 624 1070 671 tunc
1124 617 1269 672 istud
1327 618 1545 686 quidem
1580 617 1792 671 visibile
1842 619 2042 671 cmlum

467 709 840 762 revolveretur
870 716 928 761 ut
961 708 1119 772 liber,
1153 708 1286 761 illud
1322 724 1451 763 vero
1484 708 1628 780 quod
1670 716 1754 763 est
1788 710 2043 779 superius

462 807 775 869 appareret,
794 808 847 854 et
875 800 1070 854 anima:
1098 800 1383 854 beatorum
1416 802 1741 870 corporibus
1775 803 1890 857 suis
1921 804 2045 857 red-

466 891 594 945 dita:
622 891 1016 946 inducerentur
1050 891 1106 945 in
1138 891 1333 956 lucem,
1372 884 1663 963 impiorum
1697 909 1826 948 vero
1851 896 2045 949 anima:

467 999 567 1052 pro
607 983 905 1037 immundis
933 984 1146 1038 actibus
1178 985 1294 1039 suis
1315 985 1507 1053 spiritu
1532 986 1781 1040 flammeo
1810 987 2047 1040 circum-

466 1076 627 1140 datae,
680 1075 734 1129 in
776 1075 1101 1146 profundum
1140 1077 1281 1146 ignis
1324 1076 1783 1149 inexstinguibilis
1836 1095 2046 1148 merge-

470 1175 683 1230 rentur,
744 1183 841 1236 per
893 1170 1151 1222 saeculum
1207 1184 1526 1237 expensura:
1571 1170 1859 1239 supplicia.
1920 1169 2045 1225 llzrc

467 1265 650 1310 autem
710 1259 781 1311 ita
828 1275 948 1313 esse
1001 1274 1161 1313 verus
1193 1260 1351 1313 nobis
1381 1261 1643 1330 propheta
1674 1270 1907 1317 testatus
1937 1272 2043 1327 est,

467 1347 661 1417 dequo
681 1350 725 1402 si
755 1350 835 1403 vis
861 1365 1156 1419 agnoscere
1182 1350 1308 1421 quia
1337 1352 1599 1420 propheta
1630 1354 1721 1417 sit,
1744 1355 2045 1409 innumeris

469 1441 865 1496 assertionibus
920 1442 1179 1498 edocebo.
1232 1442 1310 1496 Ex
1369 1444 1454 1498 his
1506 1445 1651 1499 enim
1705 1462 1826 1515 quae
1864 1448 1932 1502 ab
1982 1464 2047 1502 eo

469 1532 614 1585 dicta
663 1541 811 1598 sunt,
840 1545 895 1589 et
944 1551 1092 1589 nunc
1128 1536 1340 1606 singula
1371 1552 1491 1606 qum
1522 1538 1660 1592 dixit
1716 1539 2044 1609 implentur;

470 1624 630 1677 etiam
683 1641 746 1680 ea
794 1642 915 1695 quae
962 1626 1146 1681 futura
1200 1629 1357 1695 dixit,
1393 1630 1694 1684 creduntur
1751 1632 2045 1701 implenda,

472 1715 606 1771 ﬁdes
631 1718 774 1770 enim
801 1717 1001 1774 futuris
1024 1736 1091 1774 ex
1122 1720 1208 1775 his
1241 1738 1361 1790 quae
1384 1723 1497 1792 jam
1529 1732 1679 1793 gesta
1705 1732 1831 1779 sunt
1862 1725 2043 1780 datur.

542 1805 756 1862 XXVII.
778 1807 843 1862 At
867 1808 1054 1867 Simon
1084 1812 1171 1864 cui
1204 1822 1542 1883 compertum
1563 1825 1700 1879 erat,
1736 1814 1955 1869 Petrum
1977 1817 2046 1871 de

470 1898 768 1967 prophetiae
825 1900 985 1955 titulo
1043 1903 1281 1957 dilucide
1336 1906 1618 1975 assignare
1668 1910 2043 1971 rationem,ex

470 2002 581 2055 quo
636 1992 869 2057 qumstio
912 1994 1092 2046 omnis
1150 1994 1471 2053 absolvitur.
1500 2013 1808 2053 sermonem
1848 2000 1914 2054 de
1944 2001 2048 2056 hoc

472 2078 590 2131 ﬁeri
623 2076 939 2144 declinavit,
967 2089 1020 2135 et
1047 2086 1387 2152 respondens
1425 2087 1500 2139 ait
1527 2106 1540 2140 :
1569 2087 1650 2140 Ad
1679 2104 1741 2143 ea
1775 2105 1896 2159 qua:
1923 2091 2047 2144 volo

471 2170 743 2237 responde
767 2172 895 2225 mihi
926 2173 1152 2240 etdic,si
1177 2176 1392 2232 visibile
1424 2179 1591 2245 istud,
1622 2191 1682 2235 ut
1710 2185 1813 2249 ais,
1846 2185 2044 2237 caelum

472 2259 800 2322 resolvetur,
838 2276 936 2315 cur
995 2278 1059 2317 ex
1115 2264 1270 2319 initio
1324 2267 1525 2322 factum
1587 2272 1710 2325 est?
1746 2272 2047 2343 Respondit

472 2346 670 2405 Petrus
708 2371 720 2405 :
754 2351 982 2423 Propter
1004 2355 1286 2411 hominum
1324 2368 1648 2429 praesentem
1680 2363 1821 2418 hanc
1844 2366 2046 2420 factum

472 2453 556 2497 est
600 2447 787 2509 vitam,
834 2454 893 2500 ut
937 2459 1084 2503 esset
1127 2451 1433 2519 interjectio
1465 2455 1712 2524 quaedam
1742 2465 1797 2512 et
1821 2458 2043 2522 divisio,

471 2539 699 2604 nequis
738 2536 875 2592 forte
927 2540 1185 2611 indignus
1217 2542 1608 2601 habitationem
1641 2549 1944 2606 ctelestium
1993 2558 2047 2605 et

472 2625 565 2681 Dei
593 2628 765 2697 ipsius
796 2630 979 2685 sedem
1015 2633 1244 2699 videret,
1286 2653 1407 2706 qua:
1439 2638 1525 2694 his
1555 2642 1688 2694 solis
1712 2643 1803 2711 qui
1844 2643 2048 2698 mundo

472 2719 640 2772 corde
666 2730 790 2773 sunt
812 2722 856 2753 ⁹⁰
885 2722 1112 2778 videnda
1134 2736 1532 2797 prmparantur.
1564 2729 1721 2786 Nunc
1751 2741 1952 2798 autem,
1992 2734 2044 2789 id

476 2818 563 2864 est
614 2813 806 2881 agonis
859 2824 1136 2885 tempore,
1194 2818 1486 2875 invisibilia
1538 2836 1660 2878 esse
1708 2825 1911 2895 placuit
1960 2841 2044 2889 ea,

471 2918 593 2970 quae
643 2902 991 2961 vincentibus
1027 2909 1091 2962 ad
1147 2912 1429 2979 praemium
1491 2913 1762 2969 destinata
1812 2925 1960 2972 sunt.
1983 2917 2048 2971 Et

474 2995 665 3050 Simon
691 2996 799 3049 ait:
827 2995 883 3051 Si
916 2999 1169 3055 conditor
1197 3004 1373 3059 bonus
1395 3012 1477 3059 est
1499 3013 1553 3059 et
1579 3007 1816 3063 mundus
1846 3008 2043 3077 bonus,

471 3085 746 3155 quomodo
775 3086 952 3142 bonus
975 3089 1116 3143 bona
1144 3091 1405 3148 dissolvet
1432 3094 1764 3164 aliquando?
1789 3097 1846 3151 Si
1865 3110 2045 3153 autem
2073 3116 2117 3174 ς,

473 3176 735 3231 dissolvet
780 3178 925 3247 quod
965 3181 1170 3235 bonum
1229 3191 1334 3249 est,
1390 3187 1663 3255 quomodo
1710 3190 1827 3259 ipse
1870 3190 2049 3248 bonus

471 3266 777 3321 videbitur?
825 3265 881 3321 Si
933 3279 1115 3325 autem
1164 3274 1320 3341 quasi
1377 3276 1578 3329 malum
1607 3277 1842 3333 resolvet
1867 3289 1920 3334 et
1955 3280 2050 3335 de-

474 3361 669 3421 struet,
702 3358 973 3426 quomodo
1021 3376 1130 3416 non
1176 3363 1447 3418 videbitur
1502 3366 1680 3422 malus
1718 3367 1811 3438 qui
1843 3370 2047 3424 malum

475 3446 649 3502 fecit?

545 3541 780 3601 XXVIII.
799 3545 992 3602 Petrus
1010 3545 1071 3600 ad
1098 3547 1208 3602 haec
1237 3567 1249 3603 :
1276 3547 1565 3614 Quoniam,
1583 3551 1782 3622 inquit,
1807 3570 2051 3629 spopon-

474 3629 658 3687 dimus
688 3634 808 3698 tibi,
852 3652 920 3691 ne
966 3636 1433 3715 hlaspbemantem
1483 3648 1536 3693 te
1584 3641 1887 3712 fugiamus,
1934 3648 2050 3716 ipse

474 3723 619 3776 enim
671 3727 864 3783 reddes
911 3744 1011 3797 pro
1060 3729 1146 3784 his
1185 3745 1304 3798 quae
1342 3731 1582 3801 loqueris
1624 3736 1911 3805 rationem,
1953 3756 2050 3810 pa-

475 3816 674 3871 tienter
732 3818 978 3876 ferimus.
1036 3821 1178 3875 Audi
1242 3837 1371 3893 ergo
1423 3840 1570 3879 nunc
1604 3844 1615 3879 :
1651 3825 1861 3882 Caelum
1900 3831 2049 3893 istud

476 3909 623 3976 quod
662 3910 873 3966 visibile
905 3921 986 3967 est
1018 3921 1072 3967 et
1115 3916 1436 3983 pertransit,
1476 3917 1521 3970 si
1561 3919 1781 3987 quidem
1830 3930 2050 3993 propter

477 4001 827 4070 semetipsum
886 4002 1089 4058 factum
1136 4014 1304 4071 esset,
1337 4007 1561 4063 haberet
1620 4008 1854 4068 fortasse
1904 4017 2049 4084 quod

474 4092 616 4147 dicis
648 4095 853 4165 aliquid
888 4098 1137 4161 rationis,
1163 4100 1289 4169 quia
1321 4102 1517 4156 resolvi
1554 4103 1778 4160 minime
1807 4107 2046 4165 deberet.

479 4184 538 4238 Si
566 4201 693 4240 vero
710 4196 932 4257 propter
960 4190 1106 4245 aliud
1129 4192 1257 4260 quid
1290 4192 1490 4247 factum
1517 4205 1669 4251 estet
1692 4214 1800 4252 non
1829 4210 2051 4270 propter

476 4290 555 4339 se,
589 4281 902 4334 necessario
956 4283 1218 4348 solvetur,
1266 4294 1326 4337 ut
1368 4285 1501 4340 illud
1549 4305 1647 4358 pro
1682 4306 1793 4359 quo
1844 4292 2046 4347 factum

477 4368 693 4423 videtur
720 4381 999 4441 appareat.
1033 4373 1186 4429 Sicut
1218 4378 1366 4432 verbi
1399 4380 1575 4448 gratia
1621 4381 1873 4446 dixerim,
1906 4391 2047 4440 testa

2150 521 2316 585 Deus,
2346 523 2419 576 ita
2449 531 2503 577 et
2532 532 2689 577 erunt
2718 523 2809 575 illa
2850 537 2970 591 quze
3017 529 3187 575 creat.
3220 519 3407 589 Neque
3441 518 3586 572 enim
3616 519 3713 573 sub

2148 614 2264 681 lege
2294 621 2379 668 est
2413 615 2589 668 virtus
2630 612 2747 677 Dei,
2776 613 2872 668 sed
2895 614 2979 668 lex
3020 613 3290 666 creaturis
3321 612 3440 667 suis
3466 612 3715 667 voluntas

2146 706 2267 773 ejus
2304 713 2408 760 est.
2435 705 2756 775 Respondit
2787 712 2841 759 et
2884 703 3110 758 Simon:
3145 703 3359 759 Revoco
3409 710 3484 770 te,
3517 703 3712 774 inquit,

2148 797 2214 851 ad
2237 794 2465 865 primam
2497 796 2878 865 quaestionem,
2910 796 3098 851 dixisti
3122 795 3289 851 Deum
3322 811 3469 850 nunc
3496 796 3713 866 quidem

2146 889 2280 942 nulli
2315 903 2437 943 esse
2459 888 2754 952 visibilem,
2776 902 2900 942 cum
2922 903 3054 942 vero
3083 888 3383 943 resolutum
3414 886 3577 941 fuerit
3606 901 3716 940 em-

2148 982 2260 1034 lum
2314 981 2460 1035 istud
2514 990 2569 1035 et
2610 997 2882 1051 supernus
2927 981 3017 1035 ille
3051 987 3228 1035 status
3278 980 3431 1049 regni
3477 979 3715 1034 caelestis

2149 1070 2460 1133 obfulserit,
2493 1077 2625 1125 tunc
2654 1086 2749 1125 eos
2780 1071 2872 1142 qui
2902 1071 3090 1125 mundi
3112 1079 3241 1125 sunt
3273 1071 3438 1125 corde
3460 1070 3529 1133 ⁹¹,
3550 1070 3715 1124 etiam

2149 1159 2316 1213 Deum
2354 1160 2607 1225 visuros;
2653 1176 2774 1229 qua:
2830 1161 3099 1215 sententia
3146 1161 3421 1214 contraria
3466 1169 3549 1215 est
3591 1161 3713 1231 legi,

2149 1252 2224 1304 ibi
2266 1252 2412 1305 enim
2444 1253 2709 1322 scriptum
2731 1261 2815 1306 est
2846 1252 3013 1307 Deum
3044 1252 3253 1307 dixisse
3292 1272 3305 1306 :
3333 1252 3504 1307 Nemo
3526 1253 3712 1308 videbit

2149 1342 2338 1410 faciem
2365 1359 2533 1396 meam
2559 1352 2608 1396 et
2635 1344 2767 1396 vivet
2788 1344 2855 1396 θ’.

2222 1432 2387 1486 XXX.
2435 1432 2500 1487 Et
2545 1431 2740 1487 Petrus
2791 1432 3233 1502 responditzllis
3260 1434 3351 1503 qui
3387 1434 3559 1504 legem
3606 1449 3715 1488 non

2149 1542 2213 1579 ex
2248 1526 2542 1580 traditione
2572 1525 2742 1596 Moysi
2774 1526 2983 1595 legunt,
3018 1527 3326 1581 contrarius
3357 1526 3572 1581 videtur
3604 1542 3716 1581 ser-

2152 1634 2240 1673 mo
2272 1634 2447 1678 meus.
2482 1620 2576 1673 sed
2620 1619 2747 1673 audi
2785 1618 3059 1688 quomodo
3099 1634 3210 1673 non
3265 1620 3337 1673 sit
3385 1618 3712 1674 contrarius.

2153 1707 2295 1762 Deus
2321 1708 2532 1763 videtur
2567 1718 2748 1763 mente
2773 1724 2879 1763 non
2912 1725 3165 1780 corpore,
3185 1710 3383 1779 spiritu
3405 1724 3514 1763 non
3529 1726 3714 1765 carne.

2080 1767 2120 1823 Β
2153 1796 2309 1852 Unde
2342 1808 2396 1853 et
2430 1800 2607 1869 angeli
2638 1799 2731 1869 qui
2762 1810 2891 1855 sunt
2940 1767 3189 1869 spiritus,
3215 1767 3406 1855 .vident
3440 1800 3629 1864 Deum,
3665 1810 3719 1855 et

2150 1889 2401 1945 homines
2452 1907 2581 1961 ergo
2632 1891 2805 1946 donec
2854 1892 3102 1947 homines
3136 1901 3287 1957 sunt,
3335 1892 3504 1948 Deum
3532 1894 3721 1948 videre

2150 1999 2258 2037 non
2301 1991 2552 2053 possunt.
2588 1983 2663 2037 Ex
2703 1987 3101 2039 resurrectione
3144 1994 3322 2039 autem
3355 1996 3717 2051 mortuorum,

2150 2092 2273 2130 cum
2331 2076 2458 2129 facti
2512 2077 2713 2130 fuerint
2777 2076 2920 2129 sicut
2980 2079 3175 2147 angeli,
3212 2078 3398 2133 videre
3432 2080 3722 2150 'poterunt

2150 2166 2317 2222 Deum
2343 2168 2409 2223 9³.
2444 2167 2508 2221 Et
2554 2169 2657 2223 hoc
2710 2168 2870 2222 modo
2911 2185 3019 2222 non
3064 2178 3148 2225 est
3188 2187 3369 2240 sermo
3409 2156 3587 2229 meus.
3616 2175 3721 2244 legi

2150 2263 2481 2325 contrarius,
2515 2279 2691 2332 neque
2736 2264 2870 2318 illud
2906 2265 3051 2333 quod
3077 2265 3337 2335 magister
3360 2282 3513 2320 meus
3537 2268 3675 2323 dixit
3703 2289 3717 2324 :

2151 2354 2303 2407 Beati
2335 2354 2527 2408 mundo
2570 2355 2744 2418 corde,
2772 2357 3021 2424 quoniam
3058 2357 3156 2424 ipsi
3182 2356 3347 2410 Deum
3377 2358 3619 2413 videbunt
3646 2360 3715 2416 “.

2149 2442 2414 2498 Futurum
2455 2446 2599 2499 enim
2637 2453 2852 2515 tempus
2892 2448 3150 2511 ostendit,
3175 2447 3228 2501 in
3254 2464 3363 2518 quo
3390 2466 3455 2502 ex
3482 2450 3723 2504 homini-

2150 2533 2253 2589 bus
2310 2535 2486 2605 angeli
2538 2536 2689 2597 ﬁent,
2746 2536 2839 2605 qui
2865 2536 2911 2566 ⁸⁸
2946 2536 2999 2589 in
3058 2538 3252 2607 spiritu
3318 2540 3516 2595 mentis
3550 2539 3721 2595 Deum

2150 2627 2431 2683 videbunt.
2452 2626 2583 2682 Post
2610 2626 2723 2681 haec
2750 2637 2928 2682 autem
2960 2629 3121 2682 verba
3155 2630 3433 2700 multaque
3495 2632 3598 2684 alia
3632 2632 3721 2689 his

2152 2718 2372 2781 similia,
2400 2734 2524 2773 cum
2551 2718 2882 2787 juramentis
2915 2719 3167 2789 pluribus
3212 2721 3483 2775 allirmare
3529 2722 3719 2776 Simon

2151 2814 2316 2881 cmpit
2344 2811 2534 2865 dicens
2567 2828 2578 2862 :
2607 2810 2681 2865 De
2712 2810 2815 2864 hoc
2869 2812 3000 2864 mihi
3057 2813 3176 2867 solo
3227 2814 3492 2868 rationem
3526 2814 3717 2882 redde,

2150 2905 2196 2959 si
2226 2904 2552 2957 immortalis
2583 2910 2668 2958 est
2695 2903 2898 2967 anima,
2944 2911 2998 2958 et
3042 2904 3317 2975 obsequar
3360 2907 3411 2959 in
3463 2905 3721 2961 omnibus

2151 2996 2414 3049 voluntati
2446 3003 2572 3061 tuas,
2607 2995 2698 3049 sed
2732 2996 2996 3059 crastino,
3023 2997 3221 3068 inquit,
3256 3014 3380 3052 nam
3415 2998 3576 3053 hodie
3604 3000 3721 3068 jam

2152 3088 2366 3143 tardum
2398 3095 2500 3143 est.
2547 3088 2645 3142 Ubi
2687 3102 2816 3158 ergo
2849 3088 3016 3159 cmpit
3055 3088 3237 3144 dicere
3276 3088 3495 3153 Petrus,
3529 3088 3723 3144 Simon

2152 3196 2409 3253 egressus
2458 3189 2542 3235 est
2591 3187 2645 3233 ct
2699 3195 2822 3234 cum
2867 3180 2986 3249 ipso
3028 3181 3289 3250 perpauci
3334 3198 3398 3235 ex
3437 3182 3722 3237 sodalibus

2152 3262 2293 3343 ejus,
2346 3280 2400 3327 et
2440 3271 2543 3325 hoc
2586 3286 2696 3341 pra?
2745 3271 3092 3325 verecundia.
3128 3268 3320 3325 Caneri
3350 3286 3478 3325 vero
3528 3286 3723 3326 omnes

2152 3367 2219 3420 ad
2240 3366 2459 3419 Petrum
2480 3365 2751 3426 conversi.
2786 3364 3015 3435 genibus
3046 3364 3263 3434 positis,
3300 3364 3723 3433 prosternehant

2153 3476 2212 3515 se
2240 3470 2365 3513 ante
2395 3475 2541 3521 eum,
2575 3474 2637 3513 ex
2669 3458 2872 3527 quibus
2916 3457 3179 3526 aliquanti
3218 3456 3471 3511 diversis.
3503 3458 3725 3527 languo-

2152 3552 2306 3607 ribus
2354 3552 2565 3606 astricti
2597 3558 2691 3605 aut
2739 3549 3080 3604 daemonibus
3132 3549 3419 3612 incursati,
3473 3549 3725 3604 oratione

2151 3644 2298 3699 Petri
2349 3644 2687 3699 sanabantur
2727 3649 2784 3696 et
2813 3639 3166 3695 discedebant
3196 3640 3520 3709 gaudentes,
3559 3642 3722 3711 quasi

2150 3737 2264 3792 veri
2296 3735 2387 3789 Dei
2422 3734 2752 3797 doctrinam,
2783 3733 2947 3787 simul
2975 3742 3030 3786 et
3057 3733 3493 3787 misericordiam
3524 3750 3719 3789 conse-

2150 3830 2283 3883 cuti.
2317 3827 2451 3882 Cum
2485 3842 2615 3897 ergo
2646 3825 3045 3880 abscessissent
3086 3824 3277 3891 turba,
3310 3832 3364 3878 et
3414 3826 3515 3879 soli
3564 3825 3722 3880 fami-

2150 3923 2315 3976 liares
2343 3921 2463 3989 ejus
2498 3920 2953 3974 remansissemus
3010 3932 3133 3971 cum
3185 3932 3272 3979 eo,
3328 3918 3516 3972 stratis
3567 3917 3720 3971 humi

2150 4016 2380 4075 redditis
2409 4013 2767 4067 accubuimus
2792 4011 3012 4064 solitum
3046 4009 3427 4078 unusquiSque
3454 4024 3721 4079 recogno-

2151 4124 2311 4163 scens
2360 4107 2563 4169 locum,
2597 4109 2924 4172 sumptoque
2971 4100 3095 4156 cibo
3124 4116 3250 4154 cum
3283 4100 3489 4170 gratias
3515 4100 3723 4171 egisse-

2150 4220 2271 4257 mus
2294 4201 2425 4265 Doo,
2461 4198 2787 4269 quievimus.

2228 4294 2421 4350 XXXI.
2465 4292 2725 4365 Sequenti
2778 4305 2907 4346 vero
2940 4290 3027 4344 die
3058 4288 3253 4345 Petrus
3304 4304 3369 4343 ex
3404 4304 3557 4343 more
3596 4298 3721 4345 ante

2150 4389 2323 4441 lucem
2365 4383 2748 4454 surgens,jam
2777 4396 2878 4435 nos
2912 4379 3115 4434 invenit
3147 4379 3433 4448 vigilantes
3462 4388 3517 4433 et
3561 4395 3723 4448 para-

477 4476 703 4515 ovorum
722 4464 970 4532 quamvis
993 4466 1220 4535 pulchre
1252 4467 1394 4522 facta
1419 4482 1472 4524 et
1501 4471 1790 4542 diligenter
1813 4474 2044 4530 formata
2074 4463 2119 4547 .D
2149 4490 2235 4537 tos
2265 4480 2332 4534 ad
2362 4476 2712 4539 audiendum,
2745 4484 2906 4544 atque
2936 4474 3009 4527 ita
3042 4462 3271 4527 exorsus
3297 4481 3380 4527 est
3406 4492 3419 4527 ε
3449 4471 3724 4541 Deprecor

478 4552 746 4617 videatur,
773 4571 997 4612 necesse
1023 4569 1107 4613 est
1138 4567 1317 4615 tamen
1350 4577 1472 4615 eam
1503 4562 1680 4634 frangi
1721 4573 1776 4619 et
1825 4570 2047 4634 resolvi,

483 4651 540 4695 ut
565 4644 691 4699 inde
718 4647 899 4715 pullus
927 4650 1185 4717 procedat
1216 4663 1269 4706 et
1310 4653 1465 4717 illud,
1501 4671 1601 4726 pro
1625 4673 1734 4726 quo
1757 4660 1926 4715 totius
1961 4662 2050 4715 ovi

482 4732 655 4788 forma
686 4751 947 4806 expressa
975 4740 1207 4805 videtur,
1242 4754 1518 4813 appareat.
1544 4745 1623 4801 lta
1646 4764 1776 4819 ergo
1804 4758 1859 4804 et
1885 4751 2050 4821 hujus

480 4827 669 4882 mundi
700 4845 924 4887 necesse
962 4843 1047 4887 est
1092 4836 1332 4891 transire
1379 4846 1604 4907 statum,
1641 4848 1699 4895 ut
1740 4852 1918 4900 status
1958 4848 2048 4901 ille

482 4920 764 4976 sublimior
794 4924 942 4994 regni
976 4927 1218 4983 caelestis
1247 4928 1522 5000 eﬁulgeat.

552 5012 743 5068 XXIX.
790 5014 855 5069 Et
885 5016 1073 5072 Simon
1101 5036 1111 5069 :
1140 5018 1259 5075 Non
1284 5022 1416 5076 mihi
1445 5024 1659 5080 videtur
1682 5026 1811 5097 quia
1842 5032 2043 5086 resolvi

481 5107 655 5175 possit
692 5108 915 5172 coelum,
943 5111 1088 5180 quod
1139 5126 1169 5164 a
1221 5112 1329 5167 Deo
1364 5112 1565 5169 factum
1597 5128 1698 5172 est.
1732 5118 1813 5173 Ab
1841 5132 2050 5180 aeterno

477 5198 624 5253 enim
653 5208 855 5255 aeterna
885 5202 1043 5265 fiunt,
1076 5218 1106 5256 a
1136 5206 1482 5274 corruptibili
1505 5212 1826 5278 temporalia
1863 5222 1918 5268 et
1953 5232 2047 5271 ca-

478 5290 637 5346 duca.
673 5291 737 5346 Et
766 5291 958 5349 Petrus
984 5314 995 5348 :
1020 5293 1137 5349 Non
1164 5297 1238 5350 ita
1276 5307 1379 5361 cst,
1410 5299 1503 5353 sed
1528 5315 1558 5353 a
1582 5305 1904 5361 mortalibus
1926 5311 2044 5378 qui-

478 5384 599 5439 dem
626 5386 957 5443 omnimodis
986 5390 1362 5460 corruptibilia
1401 5392 1537 5446 ﬁunt
1586 5405 1637 5449 et
1690 5401 2046 5469 temporalia;

482 5476 551 5528 ab
573 5484 774 5533 aeterno
792 5495 921 5534 vero
937 5497 1047 5536 non
1070 5497 1287 5552 semper
1311 5487 1684 5555 corruptibilia
1706 5505 1883 5559 neque
1904 5509 2047 5549 sem-

589 5679 634 5709 ⁹⁰
674 5678 859 5734 Matth.
891 5698 947 5745 v,
979 5684 1031 5737 8.
1110 5685 1150 5715 ⁹¹
1194 5682 1328 5739 Ibid.

497 5746 634 5800 Ιιωη.
661 5751 831 5819 angeli
856 5752 978 5819 ﬁent
1012 5756 1100 5821 qui
1132 5755 1328 5809 desunt
1355 5757 1406 5809 in
1431 5756 1588 5809 codd.
1627 5755 1775 5823 Lips.

1403 5686 1449 5716 θ’
1492 5686 2003 5760 ῐζξοίξηκκχιιιλο.
2078 5696 2124 5727 9³
2166 5693 2357 5750 Matth.
2394 5708 2527 5759 xm,
2555 5692 2642 5746 '50.

2157 4589 2270 4639 vos,
2328 4572 2525 4627 fratres
2556 4578 2607 4625 et
2650 4567 2902 4623 conservi
2948 4566 3077 4630 mei,
3116 4574 3174 4620 ut
3211 4567 3255 4620 si
3288 4568 3413 4636 quis
3455 4565 3600 4620 forte
3631 4580 3725 4619 ve-

2152 4676 2327 4722 strum
2361 4680 2469 4718 non
2495 4670 2675 4733 potest
2705 4661 2950 4730 vigilare,
2974 4674 3080 4713 non
3115 4659 3218 4720 sibi
3244 4666 3564 4726 extorqueat
3595 4673 3726 4712 eru-

2151 4761 2382 4814 bescens
2408 4755 2748 4825 praesentiam
2781 4767 2976 4819 meam,
3002 4752 3128 4822 quia
3159 4749 3394 4803 diﬁicilis
3424 4759 3509 4803 est
3540 4749 3725 4803 subita

2154 4849 2501 4921 permutatio,
2558 4848 2716 4916 longo
2762 4855 2941 4899 autem
2976 4852 3221 4913 tempore
3254 4842 3300 4895 si
3342 4841 3609 4911 paulatim
3635 4856 3727 4895 as-

2155 4941 2366 5003 sueﬁat,
2401 4942 2553 4995 labor
2577 4955 2684 4992 non
2711 4940 2815 4992 erit
2837 4936 2981 5007 quod
3010 4951 3074 4990 ex
3100 4950 3202 4990 usu
3226 4935 3396 4989 venit.
3434 4932 3553 4987 Non
3575 4933 3724 4988 enim

2154 5047 2345 5086 omnes
2374 5031 2619 5100 ejusdem
2653 5026 3017 5085 institutionis
3042 5025 3270 5086 fuimus,
3306 5023 3437 5077 licet
3459 5039 3723 5092 processu

2154 5123 2418 5193 temporis
2445 5123 2500 5175 in
2533 5138 2693 5176 unam
2717 5119 3003 5190 temperari
3028 5117 3487 5172 consuetudinem
3523 5116 3724 5186 poteri-

2156 5232 2307 5282 mus;
2340 5215 2494 5269 aiunt
2537 5213 2703 5276 enim,
2739 5212 2884 5282 quod
2923 5208 3227 5270 secundum
3271 5215 3483 5261 natum
3541 5206 3724 5260 locum

2154 5309 2400 5363 obtineat
2433 5305 2793 5361 consuetudo.
2826 5303 3042 5360 Testem
3078 5311 3259 5356 autem
3292 5300 3459 5354 Deum
3503 5298 3721 5360 invoco,

2156 5401 2299 5470 quod
2341 5416 2449 5453 non
2502 5399 2773 5469 indignor,
2817 5398 2863 5453 si
2892 5397 3018 5468 quis
3064 5395 3202 5450 forte
3228 5410 3335 5448 non
3369 5399 3547 5462 potest
3582 5390 3725 5459 vigi-

2154 5496 2287 5557 lare,
2315 5492 2410 5548 sed
2432 5493 2536 5547 hoc
2562 5492 2756 5562 magis,
2788 5491 2836 5546 si
2855 5505 2981 5545 cum
3006 5497 3177 5545 totam
3205 5484 3329 5557 quis
3350 5494 3566 5540 noctem
3592 5480 3721 5535 dor-

2754 5692 2801 5723 ³³
2842 5690 3029 5746 Matth.
3060 5706 3114 5755 v,
3148 5686 3180 5739 8
3300 5688 3321 5717 ⁹
3384 5679 3622 5739 Vocabb.
3647 5693 3718 5735 α
