4048 6262
387 347 526 403 1207

1648 346 2212 403 RECOGNITEONUM
2249 347 2379 404 LIB.
2423 348 2510 404 Ill.

3511 358 3649 416 1298

386 469 542 531 miat,
567 482 663 538 per
696 466 838 520 diem
864 480 971 519 non
994 465 1165 535 replet
1198 464 1252 519 id
1296 463 1443 534 quod
1472 464 1661 517 omisit
1686 465 1738 517 in
1773 473 1954 517 nocte.
1988 472 2031 525 Α
2064 461 2273 517 siderat
2302 463 2492 517 urbem
2527 464 2809 533 perveniat
2838 468 3107 525 veritatis.
3165 469 3271 535 Qui
3316 487 3446 527 vero
3480 475 3649 545 impe-

388 560 771 615 Necessarium
808 573 1045 628 namque
1093 566 1178 613 est
1222 558 1486 612 doctrina}
1525 556 1723 612 studiis
1758 557 1962 613 intente

386 661 442 709 et
476 652 841 707 indesinenter
871 664 1090 719 operam
1123 650 1275 714 dare,
1344 659 1403 703 ut
1444 667 1597 705 mens
1632 659 1820 704 nostra
1860 650 1954 704 Dei

389 745 563 801 solius
608 744 868 797 memoria
902 744 1198 811 repleatur,
1233 743 1363 812 quia
1412 750 1647 797 mentem
1681 758 1842 812 quam
1875 757 1961 795 re-

387 835 616 906 pleverit
646 835 906 889 memoria
938 834 1054 898 Dei,
1092 835 1331 905 maligno
1376 836 1431 888 in
1480 850 1545 889 ea
1588 849 1694 888 non
1741 834 1962 889 dabitur

388 926 562 979 locus.

459 1011 675 1069 XXXII.
717 1012 854 1068 Cum
900 1014 1013 1067 Ιπεο
1042 1015 1251 1068 diceret
1299 1015 1365 1069 ad
1405 1031 1507 1070 nos
1542 1014 1754 1077 Petrus,
1787 1032 1959 1070 unus-

383 1105 619 1174 quisque
648 1116 895 1159 nostrum
913 1106 1145 1159 sollicite
1167 1104 1538 1159 satisfaciebat
1559 1107 1630 1170 ei,
1654 1107 1798 1176 quod
1826 1106 1957 1159 olim

386 1197 536 1251 brevi
584 1210 778 1249 somno
829 1196 1013 1249 satiati
1063 1195 1436 1265 vigilaremus,
1496 1197 1591 1251 sed
1647 1211 1958 1250 vereremur

384 1288 627 1343 excitare
659 1302 805 1352 eum,
836 1287 963 1355 quia
994 1302 1092 1341 nec
1127 1287 1343 1341 deceret
1370 1287 1670 1356 discipulos
1695 1288 1958 1357 magistro

385 1379 683 1448 imperare;
712 1379 855 1448 quod
878 1386 1057 1433 tamen
1084 1395 1244 1448 pene,
1272 1394 1303 1431 ο
1324 1377 1502 1443 Petre,
1530 1379 1648 1433 ausi
1681 1379 1958 1433 fueramus

387 1486 741 1542 praesumere,
764 1470 891 1523 dum
919 1484 1016 1523 cor
1045 1478 1294 1523 nostrum
1320 1469 1487 1522 nimio
1518 1469 1808 1523 verborum
1832 1476 1958 1521 tuo-

386 1577 506 1615 rum
539 1560 811 1615 desiderio
844 1561 1172 1630 tripudians,
1199 1575 1450 1613 somnum
1497 1562 1713 1629 penitus
1745 1561 1959 1629 fugaret

385 1659 453 1711 ab
486 1658 681 1713 oculis.
712 1657 819 1711 Sed
850 1658 1045 1711 iterum
1079 1656 1305 1710 affectus
1331 1672 1457 1726 erga
1488 1665 1541 1711 te
1572 1666 1758 1709 noster
1784 1654 1957 1709 obsti-

384 1750 473 1811 tit,
507 1759 560 1803 et
591 1751 859 1805 violenter
890 1761 941 1805 te
967 1766 995 1804 a
1030 1751 1190 1806 nobis
1235 1766 1341 1803 non
1376 1750 1501 1803 tulit
1530 1750 1780 1803 excitari.
1816 1748 1953 1801 Tum

2065 551 2206 604 ritus
2238 557 2322 604 est
2351 558 2401 604 et
2431 552 2711 621 qumrendi
2749 553 2891 607 viam
2919 557 3114 617 nescit,
3149 558 3291 613 sicut
3321 563 3648 631 peregrinus

2067 643 2262 704 viator,
2291 644 2553 713 ignorans
2587 654 2639 698 et
2662 660 2878 710 errans,
2913 647 2957 701 si
2996 647 3115 701 cive
3138 656 3191 702 et
3224 650 3477 720 indigena
3510 653 3647 708 nolit

2064 734 2143 787 uti
2168 736 2327 798 duce,
2363 737 2482 789 sine
2530 736 2697 790 dubio
2736 752 2863 791 cum
2900 739 3237 794 abcrraverit
3270 757 3298 794 a
3336 742 3419 795 via
3445 745 3645 798 verita-

2064 823 2330 884 tis,extra
2362 825 2488 878 vitae
2510 825 2711 892 januas
2751 828 3077 892 remanebit,
3111 837 3165 883 et
3193 832 3267 884 ita
3299 834 3481 887 noctis
3506 843 3641 887 atra:

2065 914 2306 968 tenebris
2341 914 2628 971 involutus
2656 932 2755 986 per
2782 920 3005 973 semitas
3056 920 3375 989 perditionis
3406 924 3640 981 incedet.

2064 1004 2204 1070 Quia
2240 1020 2370 1073 ergo
2419 1007 2465 1059 si
2500 1022 2596 1076 per
2646 1009 2892 1063 ordinem
2924 1027 3044 1080 quae
3075 1013 3365 1081 qumrenda
3400 1025 3531 1069 sunt
3558 1018 3643 1070 in-

2063 1098 2376 1165 quirantur,
2400 1099 2635 1152 inveniri
2666 1099 2922 1155 facillime
2954 1112 3203 1171 possunt,
3240 1106 3484 1159 ordinem
3516 1123 3647 1161 vero

2064 1189 2376 1257 requirendi
2414 1191 2701 1259 imperitus
2734 1192 2969 1261 ignorat,
2998 1204 3208 1248 rectum
3240 1204 3323 1251 est
3359 1205 3416 1249 ut
3447 1199 3645 1253 scienti

2063 1280 2223 1334 cedat
2260 1281 2485 1350 ignarus
2536 1290 2591 1335 et
2650 1284 2829 1351 primo
2859 1287 3133 1353 quaareudi
3160 1287 3409 1342 ordinem
3442 1290 3645 1355 discat,

2064 1377 2123 1420 ut
2158 1369 2234 1421 ita
2267 1369 2488 1423 demum
2514 1371 2887 1444 interrogandi
2923 1382 2978 1429 et
3004 1376 3369 1444 respondendi
3400 1379 3645 1433 inveniat

2060 1461 2430 1530 disciplinam.

2134 1554 2349 1611 XXXV.
2394 1557 2460 1610 Et
2506 1558 2695 1613 Simon
2744 1561 2811 1615 ad
2858 1561 2973 1616 haec
3011 1582 3022 1615 :
3064 1562 3182 1617 Non
3235 1579 3367 1634 ergo
3395 1567 3641 1620 omnium

2058 1652 2142 1699 est
2173 1648 2395 1709 veritas,
2428 1649 2520 1703 sed
2567 1666 2758 1705 eorum
2794 1654 3175 1708 tantummodo
3201 1656 3291 1724 qui
3329 1664 3501 1711 artem
3538 1673 3642 1711 no-

2059 1738 2237 1791 verint
2265 1739 2604 1810 disputandi,
2639 1742 2784 1811 quod
2811 1744 3002 1813 utique
3044 1746 3342 1800 absurdum
3376 1756 3480 1812 est,
3513 1764 3637 1803 cum

383 1840 582 1897 Petrus
610 1861 623 1897 :
658 1842 928 1908 Quoniam
960 1842 1125 1912 igitur
1147 1840 1423 1903 audiendi,
1457 1840 1655 1909 inquit,
1683 1839 1957 1894 desiderio
1991 1842 2029 1896 η
2058 1832 2343 1900 εθφιιιΙίιει*
2389 1835 2460 1888 sit
2513 1835 2656 1892 Deus
2686 1840 2953 1899 omnium,
2988 1854 3097 1893 non
3127 1855 3319 1894 omnes
3357 1844 3640 1911 aequaliter

382 1934 615 1988 libenter
641 1950 737 1987 vos
771 1934 1014 1989 asseritis
1042 1934 1285 2004 vigilare,
1315 1934 1434 1986 volo
1465 1933 1619 1987 vobis
1644 1946 1705 1987 ea
1742 1940 1951 1985 tantum

382 2047 505 2101 qua:
537 2033 791 2086 hesterno
824 2032 1057 2101 sparsim
1091 2031 1235 2085 dicta
1264 2041 1412 2094 sunt,
1446 2038 1694 2100 repetere
1721 2030 1951 2101 diligen-

380 2124 492 2177 tius
516 2131 569 2177 et
597 2138 718 2176 cum
752 2139 854 2177 suo
879 2123 1070 2176 ordine
1099 2122 1395 2191 explicare.
1426 2122 1581 2187 Quod
1616 2130 1673 2177 et
1710 2137 1804 2191 per
1835 2122 1952 2176 sin-

381 2219 539 2287 gulas
568 2232 816 2286 quasque
846 2215 1245 2285 disputationes
1282 2216 1510 2269 diurnas
1542 2214 1721 2269 facere
1765 2214 1953 2284 dispo-

383 2322 475 2368 no,
511 2313 568 2357 ut
612 2320 707 2373 per
751 2312 965 2357 noctem
1010 2304 1099 2358 ubi
1149 2312 1421 2358 secretum
1468 2305 1571 2359 loci
1610 2310 1662 2359 et
1688 2306 1952 2374 temporis

381 2395 565 2457 datur,
621 2397 668 2450 si
718 2394 849 2465 quid
904 2394 1043 2450 forte
1082 2403 1269 2465 utpote
1320 2397 1376 2450 in
1420 2396 1720 2450 certamine
1770 2396 1951 2450 minus

381 2488 538 2556 plene
566 2487 773 2542 dictum
807 2494 911 2552 est,
955 2488 1005 2542 id
1039 2489 1250 2557 integro
1270 2488 1461 2544 ordine
1489 2497 1543 2543 et
1574 2488 1716 2542 linea
1740 2488 1948 2541 directa

380 2579 782 2647 explanationis
832 2578 1095 2648 aperiam.
1153 2578 1216 2631 Et
1261 2588 1382 2649 post
1428 2580 1544 2634 haec
1575 2581 1738 2651 cmpit
1790 2580 1950 2635 nobis

380 2671 667 2727 ostendere
724 2670 999 2740 quomodo
1050 2671 1304 2725 hesterno
1343 2672 1527 2726 haberi
1556 2673 1804 2727 debuerit
1832 2671 1949 2727 dis-

380 2765 616 2833 putatio,
678 2770 731 2817 et
764 2769 984 2832 propter
1027 2762 1433 2815 contentionem
1482 2762 1566 2815 vel
1618 2763 1946 2832 imperitiam

378 2854 805 2908 contradicentis
834 2854 1020 2908 haberi
1056 2869 1164 2908 non
1182 2852 1439 2921 potuerit,
1454 2862 1509 2909 et
1524 2855 1646 2909 ideo
1678 2855 1795 2909 sola
1827 2868 1948 2924 pro-

380 2946 619 3000 fessione
650 2960 783 2999 usus
816 2946 907 3009 sit,
944 2954 1108 3015 atque
1139 2959 1203 2999 ea
1234 2961 1353 3015 quae
1371 2946 1439 2999 ab
1458 2944 1771 3000 adversario
1798 2945 1947 3001 dice—

378 3034 598 3100 bantur,
632 3045 841 3090 tanlum
889 3036 1246 3099 destruxerit,
1282 3053 1378 3091 sua
1404 3053 1533 3092 vero
1556 3054 1731 3108 neque
1761 3039 1945 3093 omnia

376 3145 553 3198 neque
585 3130 870 3183 manifeste
898 3131 1242 3198 exposuerit;
1272 3137 1325 3183 et
1357 3130 1570 3199 singula
1601 3130 1760 3185 nobis
1790 3146 1944 3201 repe-

374 3228 496 3275 tens
524 3220 735 3291 integro
761 3219 950 3274 ordine
983 3227 1037 3273 et
1068 3222 1226 3289 piena
1259 3221 1469 3274 ratione
1498 3222 1779 3276 disseruit.

448 3311 684 3366 XXXIII.
724 3311 858 3367 Cum
894 3328 1023 3366 vero
1051 3313 1161 3381 jam
1192 3312 1492 3366 alhcsccret
1515 3313 1653 3375 dies,
1686 3330 1944 3385 egressus

372 3403 440 3456 ad
473 3404 660 3458 turbas
707 3412 831 3473 post
880 3405 1181 3458 orationem
1235 3404 1398 3458 solito
1442 3405 1510 3458 ad
1551 3406 1942 3475 disputandum

372 3496 620 3549 constitit
646 3497 789 3558 loco,
813 3504 865 3549 et
897 3494 1091 3548 videns
1123 3494 1401 3549 Simonem
1432 3496 1488 3555 in
1531 3497 1727 3551 mediis
1766 3499 1941 3553 turbis

373 3594 608 3640 stantem
638 3602 704 3640 ex
738 3602 887 3641 more
916 3589 1067 3655 prius
1105 3587 1341 3641 salutato
1369 3589 1571 3656 populo
1603 3589 1677 3641 ait
1709 3609 1720 3642 :
1758 3589 1939 3644 Dolori

372 3678 503 3729 mihi
532 3693 653 3731 esse
687 3677 861 3731 fateor
888 3678 954 3732 de
985 3680 1265 3733 nonnullis
1320 3678 1654 3740 hominibus,
1684 3680 1775 3749 qui
1814 3697 1938 3735 cum

370 3772 446 3825 ita
482 3771 547 3823 ad
578 3786 677 3825 nos
706 3771 927 3825 veniant
956 3780 1013 3824 ut
1035 3772 1251 3825 discant
1282 3771 1510 3844 aliquid,
1542 3773 1629 3827 ubi
1652 3790 1746 3829 eos
1775 3774 1939 3829 doce-

369 3878 429 3915 re
462 3864 813 3931 cmperimus,
846 3862 947 3932 ipsi
977 3877 1170 3915 rursus
1211 3863 1503 3931 magistros
1532 3878 1589 3917 se
1618 3878 1741 3919 esse
1772 3864 1936 3933 profi-

367 3960 572 4018 tentur,
596 3961 649 4007 et
676 3955 1013 4025 interrogant
1037 3955 1253 4023 quidem
1274 3964 1332 4007 ut
1360 3954 1691 4022 ignorantes,
1715 3942 1942 4009 contra;

367 4045 557 4099 dicunt
597 4056 776 4100 autem
814 4061 873 4099 ut
919 4046 1178 4101 scientes.
1212 4044 1319 4099 Sed
1374 4045 1608 4101 fortasse
1655 4045 1802 4099 dicat
1831 4048 1934 4100 ali-

363 4139 512 4207 quis,
542 4140 668 4208 quia
714 4139 806 4209 qui
840 4138 1162 4206 interrogat,
1186 4138 1257 4192 ob
1293 4138 1394 4191 hoc
1424 4138 1641 4207 quidem
1677 4145 1734 4192 ut
1761 4139 1935 4193 discat

364 4234 684 4302 interrogat,
728 4232 821 4284 ubi
853 4246 981 4285 vero
1028 4230 1080 4283 id
1121 4230 1264 4298 quod
1297 4228 1532 4282 audierit
1559 4245 1667 4283 non
1709 4231 1757 4285 ei
1789 4238 1934 4285 recte

361 4323 569 4377 dictum
603 4323 838 4385 videtur,
875 4338 1101 4376 necesse
1133 4330 1216 4376 est
1250 4330 1307 4375 ut
1359 4321 1705 4392 respondeat,
1736 4329 1789 4375 et
1820 4321 1934 4376 haec

360 4417 579 4468 videtur
608 4431 730 4469 esse
760 4413 1142 4480 contradictio,
1165 4431 1285 4484 qua:
1307 4430 1416 4468 non
1443 4422 1526 4470 est
1547 4413 1929 4479 contradictio,

360 4507 457 4563 sed
487 4507 923 4576 reinterrogatio.

433 4596 671 4664 XXXIV.
713 4598 911 4651 Audiat
942 4612 1072 4666 ergo
1114 4597 1226 4651 haec
1262 4618 1273 4651 :
1306 4597 1501 4653 Totius
1549 4597 1815 4652 doctrinae
1857 4598 1935 4651 di-

358 4691 592 4759 sciplina
643 4702 850 4745 certum
914 4690 1075 4743 habet
1126 4688 1398 4748 ordinem.
1422 4700 1476 4743 et
1509 4698 1637 4744 sunt
1682 4690 1929 4760 quadam

359 4797 481 4851 quae
528 4782 699 4851 prima
751 4781 1015 4835 tradenda
1048 4789 1195 4844 sunt,
1229 4781 1333 4834 alia
1378 4797 1507 4834 vero
1538 4797 1658 4851 quae
1688 4782 1929 4836 secundo

361 4871 416 4924 in
462 4872 599 4936 loco,
630 4882 681 4927 et
712 4874 818 4927 alia
848 4874 1035 4937 tertio,
1061 4882 1114 4929 et
1154 4872 1235 4928 sic
1285 4872 1500 4942 singula
1548 4888 1777 4944 quaeque
1831 4888 1927 4944 per

358 4962 627 5026 ordinem,
662 4980 781 5033 quae
811 4966 998 5035 utique
1029 4966 1074 5019 si
1105 4980 1200 5035 per
1228 4966 1675 5034 consequentiam
1707 4966 1928 5021 tradan—

359 5053 765 5116 tur,manifesta
788 5056 947 5126 fiunt;
968 5065 1125 5111 extra
1150 5056 1398 5110 ordinem
1424 5072 1549 5110 vero
1570 5057 1615 5110 si
1637 5058 1926 5127 proferan-

357 5156 470 5211 tur,
494 5146 657 5199 etiam
707 5154 897 5201 contra
951 5150 1217 5203 rationem
1270 5148 1417 5203 dicta
1462 5148 1816 5208 videbuntur.
1859 5149 1926 5205 Et

356 5240 479 5295 ideo
497 5239 548 5292 in
573 5239 765 5307 primis
786 5239 920 5293 ordo
940 5242 1238 5297 servandus
1261 5248 1364 5304 est,
1391 5240 1436 5295 si
1465 5248 1648 5295 tamen
1670 5242 1773 5296 hoc
1796 5258 1924 5313 pro-

358 5332 535 5402 posito
562 5345 891 5400 qumramus,
912 5341 971 5385 ut
1001 5334 1275 5402 possimus
1316 5334 1461 5404 quod
1491 5335 1787 5404 quaarimus
1839 5335 1924 5389 in-

354 5422 560 5477 venire.
595 5420 805 5475 Etenim
849 5423 942 5491 qui
996 5432 1202 5478 rectum
1237 5425 1452 5480 initium
1490 5426 1591 5480 viae
1623 5427 1917 5495 acceperit,

353 5514 516 5568 etiam
566 5513 868 5569 secundum
914 5514 1091 5570 locum
1129 5527 1530 5588 consequenter
1557 5519 1825 5584 advertet,
1867 5528 1921 5573 et

352 5620 416 5658 ex
462 5606 703 5658 secundo
756 5605 973 5659 tertium
1021 5604 1243 5662 facilius
1296 5611 1565 5676 inveniet;
1614 5618 1667 5665 et
1713 5619 1919 5680 quanto

354 5696 495 5749 eltra
562 5698 911 5766 processerit,
957 5705 1110 5753 tanto
1159 5702 1332 5770 magis
1385 5702 1431 5757 ei
1478 5705 1564 5756 via
1623 5704 1917 5773 agnitionis

351 5787 592 5855 apertior
630 5789 738 5853 lict,
772 5806 1059 5861 usquequo
1091 5792 1155 5845 ad
1198 5793 1366 5863 ipsam
1403 5812 1511 5864 quo
1539 5796 1713 5851 tendit
1738 5804 1790 5851 et
1822 5797 1914 5851 de-

2059 1939 2221 1993 posse
2250 1925 2584 1982 voluntatem
2603 1928 2724 1997 ejus
2752 1944 3068 1999 agnoscere.
3098 1931 3161 1984 Et
3179 1930 3372 1988 Petrus
3397 1953 3408 1986 :
3431 1933 3639 2004 IEqua-

2056 2016 2156 2078 les,
2192 2016 2391 2085 inquit,
2424 2032 2618 2074 omnes
2652 2020 2723 2075 ab
2762 2036 2829 2075 eo
2889 2021 3016 2076 facti
3063 2034 3211 2086 sunt,
3248 2032 3302 2078 et
3349 2029 3637 2096 aequaliter

2054 2105 2270 2160 cunctis
2297 2106 2448 2160 dedit
2504 2123 2736 2177 capaces
2760 2124 2882 2164 esse
2930 2112 3195 2168 veritatis.
3234 2112 3434 2167 Verum
3488 2120 3634 2185 quod

2056 2199 2239 2251 nullus
2262 2213 2449 2252 eorum
2480 2201 2569 2267 qui
2604 2201 2716 2254 nati
2745 2210 2895 2262 sunt,
2931 2202 3182 2259 eruditus
3212 2214 3374 2261 natus
3406 2207 3499 2273 sit,
3539 2210 3635 2263 sed

2057 2288 2333 2357 posterior
2368 2288 2439 2342 sit
2473 2290 2759 2344 nativitate
2785 2291 3044 2356 eruditio,
3090 2293 3224 2345 nulli
3258 2293 3482 2347 dubium
3528 2308 3633 2351 est.

2053 2376 2189 2431 Cum
2226 2378 2393 2448 igitur
2422 2380 2681 2433 nativitas
2715 2381 2996 2435 hominum
3049 2382 3105 2435 in
3156 2397 3224 2437 eo
3254 2391 3435 2439 teneat
3465 2389 3635 2455 aequi-

2053 2476 2245 2532 tatem,
2281 2478 2343 2523 ut
2372 2485 2564 2525 omnes
2607 2472 2867 2527 similiter
2917 2474 3282 2544 percipiendae
3328 2476 3634 2547 disciplina:

2052 2576 2284 2632 capaces
2319 2562 2449 2628 sint,
2482 2578 2590 2617 non
2632 2573 2716 2619 est
2770 2565 2826 2618 in
2855 2573 3074 2633 natura,
3100 2565 3197 2621 sed
3233 2567 3287 2620 in
3316 2570 3631 2625 eruditione

2051 2653 2362 2711 diversitas.
2422 2655 2530 2709 Aut
2584 2656 2709 2724 quis
2753 2657 2951 2717 nescit,
3001 2656 3149 2725 quod
3202 2672 3265 2711 ea
3304 2674 3426 2726 qua:
3459 2675 3630 2715 unus-

2049 2744 2285 2814 quisque
2314 2745 2530 2809 didicit,
2562 2746 2885 2815 priusquam
2916 2744 3174 2809 disceret,
3214 2747 3537 2818 ignorabat?
3565 2751 3632 2803 Et

2051 2830 2239 2887 Simon
2276 2833 2475 2898 :Vere,
2508 2834 2706 2903 inquit,
2737 2834 2900 2888 dicis.
2939 2834 3078 2889 Tum
3127 2835 3362 2892 Petrus:
3397 2836 3454 2891 Si
3500 2855 3632 2909 ergo

2051 2926 2103 2978 in
2137 2925 2223 2980 his
2253 2927 2467 2982 artibus
2522 2942 2658 2997 quas
2700 2942 2835 2981 usus
2883 2928 3192 2983 communis
3241 2929 3423 2993 habet,
3455 2932 3631 3000 primo

2047 3015 2300 3078 discitur,
2324 3018 2519 3073 deinde
2550 3019 2805 3081 docetur,
2832 3029 3039 3088 quanto
3086 3022 3259 3090 magis
3295 3033 3506 3090 oportet
3534 3038 3630 3078 eos

2047 3108 2142 3177 qui
2172 3108 2484 3163 eruditores
2511 3125 2571 3163 se
2615 3111 2939 3179 profitentur
2981 3111 3309 3175 animarum,
3343 3112 3520 3181 primo
3546 3113 3629 3167 di-

1972 3175 2014 3232 c
2046 3215 2224 3262 scere,
2254 3208 2307 3255 et
2338 3201 2412 3253 ita
2447 3200 2667 3263 docere,
2702 3218 2793 3264 ne,
2828 3219 2952 3255 eum
2988 3204 3097 3256 sint
3124 3203 3226 3272 ipsi
3261 3203 3520 3272 imperiti,
3552 3206 3629 3259 τίκ

2045 3290 2289 3343 diculum
2320 3288 2590 3353 videatur,
2624 3291 2670 3345 si
2698 3291 2822 3345 aliis
2849 3307 2907 3345 se
2950 3292 3289 3360 praastituros
3338 3294 3623 3346 scientiam

2044 3382 2447 3452 repromittant.
2484 3380 2622 3436 Tum
2663 3382 2850 3437 Simon
2888 3383 2982 3437 :In
3033 3385 3270 3448 artibus,
3300 3387 3509 3455 inquit;
3534 3388 3619 3442 his

2043 3491 2164 3543 quae
2186 3490 2319 3529 usus
2349 3475 2659 3529 communis
2691 3475 2877 3539 habet,
2911 3491 3097 3529 verum
3129 3483 3235 3541 est,
3265 3478 3410 3546 qttod
3446 3494 3622 3534 unus-

2042 3566 2277 3634 quisque
2332 3566 2435 3619 nisi
2495 3566 2772 3630 didicerit,
2828 3567 3079 3630 nesciat,
3132 3567 3187 3621 in
3251 3568 3416 3624 verbo
3493 3588 3627 3626 vero

2041 3657 2282 3712 scientiae
2310 3657 2492 3713 statim
2520 3665 2581 3712 ut
2610 3657 2844 3712 audierit
2874 3659 3019 3729 quis,
3052 3659 3264 3715 didicit.

2116 3764 2354 3821 XXXVI.
2389 3765 2454 3820 Et
2494 3766 2733 3824 Petrus:
2770 3767 2825 3822 Si
2878 3769 3098 3839 quidem
3148 3786 3244 3839 per
3276 3771 3525 3828 ordinem
3568 3786 3622 3829 ct

2040 3867 2441 3928 consequenter
2469 3859 2678 3924 audiat,
2717 3870 2897 3930 potest
2925 3863 3069 3917 scire
3112 3863 3256 3933 quod
3285 3879 3473 3918 verum
3513 3877 3617 3928 εει,

2037 3952 2133 4006 sed
2167 3952 2260 4021 qui
2295 3952 2683 4005 emendatioris
2716 3954 2838 4006 vita:
2870 3954 3112 4023 regulam
3159 3957 3619 4012 conversationis-

2038 4060 2143 4115 que
2184 4044 2440 4100 castioris
2471 4044 2753 4114 suscipere
2772 4054 3010 4108 recusat,
3035 4060 3155 4114 qua:
3181 4048 3368 4116 utique
3397 4051 3615 4119 sequeia

2036 4145 2117 4190 est
2149 4136 2392 4190 scientia:
2417 4136 2686 4200 veritatis,
2727 4138 2871 4191 scire
2906 4153 2965 4191 se
3006 4138 3151 4206 quod
3199 4142 3321 4201 scit,
3352 4157 3459 4195 non
3497 4145 3615 4197 vult

2020 4227 2210 4281 fateri.
2248 4227 2405 4281 Sicut
2432 4228 2595 4281 etiam
2634 4228 2925 4284 nonnullos
2966 4230 3236 4292 videmus,
3278 4233 3369 4301 qui
3403 4235 3612 4287 artibus

2032 4336 2170 4390 quas
2195 4335 2223 4373 a
2248 4334 2418 4390 puero
2444 4320 2749 4375 didicerant
2777 4321 3074 4385 derelictis,
3100 4322 3167 4375 ad
3194 4323 3330 4378 alios
3362 4340 3421 4379 se
3452 4335 3611 4381 actus

2033 4411 2342 4475 conferunt,
2373 4420 2427 4467 et
2453 4420 2513 4467 ut
2540 4414 2826 4469 excusatio
2857 4413 2930 4469 sit
2960 4413 3039 4469 eis
3070 4415 3293 4471 desidia:
3323 4432 3458 4481 suae,
3491 4420 3610 4473 cul-

1967 4526 2009 4580 ι)
2037 4521 2165 4574 pare
2192 4506 2460 4575 incipiunt
2480 4514 2649 4579 artem
2676 4506 2823 4560 velut
2846 4505 3263 4563 infructuosam.
3291 4509 3355 4563 Et
3379 4508 3563 4564 Simon
3592 4531 3605 4565 :

2040 4597 2308 4652 Deberent
2352 4613 2544 4653 omnes
2594 4597 2879 4653 audientes
2927 4599 3150 4653 credere
3198 4616 3385 4654 verum
3438 4618 3599 4667 esse,

2033 4691 2182 4760 quod
2214 4690 2481 4744 audiunt?
2503 4691 2640 4744 Tum
2672 4689 2869 4745 Petrus
2904 4710 2917 4745 :
2952 4690 3054 4757 Qui
3086 4692 3358 4745 audierint
3394 4708 3491 4762 per
3516 4711 3607 4748 on—

2031 4785 2210 4838 dinem
2264 4798 2573 4839 sermonem
2624 4784 2913 4847 veritatis,
2962 4784 3339 4840 contradicere
3384 4788 3607 4841 omnino

2029 4892 2138 4931 non
2173 4883 2425 4947 possunt,
2478 4875 2574 4930 sed
2607 4875 2789 4930 sciunt
2820 4892 3007 4929 verum
3044 4892 3167 4931 esse
3202 4878 3348 4946 quod
3377 4879 3601 4943 dicitur,

2029 4969 2075 5022 si
2109 4975 2289 5024 tamen
2320 4968 2552 5022 libenter
2589 4970 2753 5021 etiam
2799 4968 2924 5022 vitae
2976 4968 3224 5022 instituta
3275 4970 3598 5039 suscipiant.

2030 5058 2141 5114 Hos
2174 5056 2306 5114 vero
2352 5076 2490 5129 quos
2536 5059 2823 5114 audientes
2852 5060 2916 5113 ad
2972 5059 3112 5113 bona
3147 5075 3314 5128 opera
3348 5060 3603 5115 conferre.

2028 5166 2087 5205 se
2116 5152 2281 5221 piget,
2321 5152 2463 5206 male
2503 5152 2694 5221 agendi
2741 5151 2911 5205 libido
2963 5152 3317 5221 acquiescere
3357 5152 3442 5206 his
3482 5168 3601 5220 qua:

2026 5253 2173 5298 recta
2194 5243 2460 5312 iudicant,
2491 5259 2599 5298 non
2633 5244 2783 5298 sinit.
2835 5242 2990 5298 Unde
3021 5242 3328 5297 ostenditur
3360 5244 3597 5313 positum

2025 5352 2147 5391 esse
2179 5338 2230 5389 iu
2264 5337 2572 5390 auditorum
2607 5344 2895 5406 potestate,
2943 5337 3143 5404 eligere
3169 5344 3351 5389 utrum
3384 5336 3593 5391 malint.

2024 5429 2176 5494 Quod
2230 5430 2273 5483 si
2326 5444 2517 5483 onmes
2566 5430 2660 5496 qui
2709 5429 2959 5491 audiunt,
3014 5429 3333 5491 obedirent,
3387 5436 3597 5483 natura:

2023 5521 2195 5589 magis
2223 5528 2369 5575 esset
2400 5521 2722 5585 necessitas,
2755 5536 2877 5589 qua:
2905 5536 3010 5573 una
3046 5534 3238 5573 omnes
3274 5527 3457 5588 ageret
3485 5518 3591 5574 via.

2024 5610 2175 5665 Sicut
2205 5614 2345 5666 enim
2379 5613 2594 5667 suaderi
2632 5613 2754 5682 quis
2788 5627 2895 5666 non
2925 5620 3123 5682 potest,
3164 5619 3223 5665 ut
3252 5612 3343 5663 fiat
3376 5611 3594 5665 brevior

2021 5714 2111 5757 aut
2139 5706 2369 5775 longior,
2400 5707 2526 5775 quia
2575 5722 2683 5758 non
2719 5705 2850 5761 sinit
2898 5706 2981 5759 vis
3016 5710 3257 5771 natura);
3313 5702 3385 5755 ita
3428 5713 3480 5756 et
3524 5704 3590 5754 ad

2022 5797 2323 5861 veritatem,
2359 5799 2403 5854 si
2434 5813 2623 5855 omnes
2657 5798 2823 5854 verbo
2854 5805 3317 5854 converterentur
3348 5806 3437 5853 aut
3475 5812 3589 5849 orn-
