4000 6266
489 323 628 382 I999

1336 323 1395 381 Β.
1435 324 1828 381 CLICMENTIS
1868 327 1884 380 I
1921 325 2088 382 [ιοι-ι.
2130 325 2330 384 PON'I‘.
2365 329 2588 385 OPICM
2632 328 2858 386 DlTBIA.

3603 333 3622 384 I
3636 333 3734 388 50.0

482 457 581 495 nos
636 457 744 494 non
803 445 1274 504 converterentur,
1325 452 1532 498 natura:
1581 452 1726 498 esset
1785 443 1897 506 vis,
1955 459 2073 510 qme
2105 449 2142 500 Α
2176 459 2342 510 ιμιιιιιι
2385 445 2682 510 videretur,
2720 455 2774 499 ιιι
2801 446 2934 515 justi
2966 455 3019 500 et
3051 444 3239 512 injust:
3291 461 3400 500 uno
3446 453 3584 517 apud
3614 468 3730 505 eum

479 534 714 604 urgebat
747 534 910 588 verbo
940 549 1132 589 omnes
1178 537 1427 590 converti
1485 545 1577 589 aut
1604 537 1813 590 nullum
1844 538 2068 590 omnino

480 626 750 681 converti.
916 659 922 665 -

554 715 818 772 XXXVII.
853 717 916 771 Et
950 717 1139 773 Simon
1176 739 1188 774 :
1226 719 1368 776 Doce
1397 735 1526 790 ergo
1562 734 1684 784 nos,
1718 717 1847 789 quid
1894 720 2068 788 primo

477 819 696 881 oportet
723 811 936 866 discere
974 827 1098 865 eum
1134 812 1228 880 qui
1269 813 1549 867 veritatem
1581 812 1724 866 scire
1763 810 2068 865 desiderat?

477 904 544 957 Et
590 903 784 960 Petrus
831 920 844 955 :
887 903 1026 957 Ante
1073 905 1292 967 omnia,
1343 906 1550 974 inquit,
1602 904 1772 973 quieri
1828 911 2062 973 oportet,

477 995 610 1064 quid
642 997 713 1051 sit
737 995 944 1051 homini
967 999 1232 1065 qu:erenti
1261 997 1506 1050 invenire
1526 996 1807 1066 possibile.
1835 994 2066 1050 Necesse

475 1097 562 1143 est
591 1088 736 1142 enim
761 1089 1029 1157 judicium
1063 1087 1155 1144 Dei
1185 1089 1242 1142 in
1289 1089 1392 1142 hoc
1423 1096 1590 1152 stare,
1622 1089 1670 1143 si
1698 1089 1875 1157 potuit
1903 1088 2065 1142 homo

478 1179 680 1234 bonum
714 1178 915 1243 facere.
945 1190 1000 1234 et
1031 1197 1138 1235 non
1175 1179 1333 1245 fecit;
1362 1188 1417 1233 et
1449 1179 1570 1235 ideo
1598 1179 1951 1249 quaerendum
1982 1191 2065 1234 est

476 1271 815 1336 hominibus,
850 1273 895 1328 si
929 1275 1164 1328 habeant
1209 1275 1262 1326 in
1307 1281 1575 1344 potestate
1628 1290 1725 1328 sua
1757 1282 2062 1342 quaerentes

476 1364 725 1420 invenire
753 1365 885 1435 quid
913 1377 998 1420 est
1020 1367 1245 1432 bonum,
1279 1377 1329 1420 et
1360 1382 1487 1421 eum
1523 1367 1830 1421 invenerint
1852 1366 2058 1429 facere;

476 1455 583 1509 hoc
637 1457 782 1510 enim
827 1465 910 1512 est
958 1473 1057 1526 pro
1106 1473 1216 1528 quo
1259 1457 1545 1527 judicandi
1598 1465 1748 1513 sunt.
1811 1459 2059 1527 Amplius

475 1557 657 1602 autem
693 1548 777 1603 his
817 1550 992 1604 solum
1031 1550 1176 1605 scire
1225 1551 1307 1604 fas
1336 1559 1421 1604 est
1473 1551 1827 1620 prophetam,
1858 1557 1912 1603 et
1943 1566 2058 1603 me-

476 1639 616 1703 ritu;
641 1641 768 1709 quid
799 1641 944 1694 enim
967 1658 1106 1711 opus
1134 1650 1218 1696 est
1246 1642 1564 1696 hominibus
1595 1643 1758 1704 scire,
1783 1639 2058 1711 quomodo

474 1733 654 1789 factus
685 1737 756 1789 sit
790 1735 1062 1790 mundus?
1100 1735 1224 1789 llaec
1251 1736 1396 1790 enim
1441 1734 1701 1789 discenda
1733 1723 2057 1788 necessario

2173 533 2502 588 haberentur
2531 537 2723 591 ordine
2756 537 3097 590 meritorum.

2239 626 2480 682 XXXIX.
2513 628 2578 682 Et
2607 627 2794 682 Simon
2824 645 2835 678 :
2870 628 3045 682 Unum
3073 636 3156 683 est
3186 629 3252 682 de
3281 645 3391 698 quo
3420 629 3550 684 mihi
3579 633 3732 688 velim

2169 719 2448 784 satisfieri,
2479 721 2525 775 si
2559 721 2885 776 immortalis
2917 731 3000 775 est
3027 723 3245 787 anima;
3284 738 3391 776 non
3434 723 3576 776 enim
3614 743 3730 795 pes-

2169 825 2292 865 sum
2326 827 2469 868 onus
2518 814 2706 869 subire
2742 813 2994 883 justitia,
3028 814 3132 868 nisi
3167 813 3319 884 prius
3349 815 3417 869 de
3460 815 3731 870 iuunorta-

2168 904 2320 960 litate
2367 904 2562 959 anima:
2594 906 2788 969 sciam,
2823 923 2943 976 quae
2976 907 3163 976 utique
3197 906 3243 961 si
3279 906 3600 962 immortalis
3630 926 3728 963 non

2166 1002 2279 1058 est,
2313 1012 2414 1051 nec
2445 997 2850 1065 praedicationis
2885 1007 2988 1052 tute
3025 998 3224 1067 poterit
3268 1006 3414 1054 stare
3445 999 3726 1068 professio.

2167 1085 2305 1140 Tum
2334 1087 2531 1144 Petrus
2561 1109 2572 1144 :
2599 1088 2939 1154 Quaeramus,
2987 1089 3185 1159 inquit,
3229 1091 3408 1160 prius,
3459 1092 3504 1146 si
3555 1092 3729 1161 justus

2165 1187 2248 1233 est
2279 1179 2456 1248 Deus;
2488 1181 2634 1251 quod
2674 1181 2720 1236 si
2754 1182 3038 1242 claruerit,
3084 1182 3294 1253 integer
3329 1185 3576 1251 profecto
3608 1188 3728 1239 reli-

2163 1272 2343 1342 gionis
2380 1275 2516 1328 ordo
2553 1275 2850 1330 constabit.
2895 1273 2960 1328 Et
2997 1273 3227 1329 Simon:
3255 1273 3471 1330 Videris
3512 1278 3639 1330 mihi
3677 1291 3725 1331 tu

2162 1362 2256 1432 qui
2301 1371 2354 1417 te
2399 1363 2576 1431 jactas
2621 1364 2939 1434 disputandi
3008 1365 3258 1420 ordinem
3330 1383 3526 1431 nosse,
3591 1385 3726 1422 nilne

2162 1443 2352 1505 contra
2394 1455 2642 1507 ordinem
2692 1456 3073 1523 respondisse;
3130 1472 3214 1510 me
3243 1457 3389 1510 enim
3423 1467 3646 1528 rogante
3675 1469 3725 1514 ut

2160 1544 2457 1606 ostendas,
2493 1545 2540 1598 si
2593 1544 2917 1600 immortalis
2946 1556 3027 1601 est
3066 1549 3276 1613 anima,
3317 1558 3374 1603 tu
3418 1552 3523 1612 ais,
3564 1556 3726 1621 primo

2160 1647 2261 1688 nos
2298 1650 2541 1702 quierere
2571 1646 2786 1706 oportet
2825 1639 2871 1692 si
2908 1641 3085 1708 justus
3128 1651 3212 1694 est
3242 1642 3402 1697 Deus.
3453 1643 3514 1696 Et
3545 1645 3724 1703 Petrus

2160 1726 2236 1778 ait
2263 1745 2274 1780 :
2307 1725 2476 1781 Valde
2507 1740 2905 1799 consequenter
2932 1741 2985 1786 et
3013 1741 3157 1786 recte
3199 1749 3258 1788 se
3283 1735 3468 1791 habet.
3508 1737 3720 1794 Simon:

472 1829 806 1892 viderentur,
839 1830 884 1883 si
915 1830 1094 1882 simile
1136 1828 1436 1882 ineundum
1474 1827 1636 1881 nobis
1688 1833 1833 1879 esset
1883 1824 2056 1877 artiti-
2088 1798 2128 1852 Β
2163 1818 2334 1872 Velim
2367 1821 2600 1877 discere.

471 1922 639 1975 cium.
673 1921 827 1973 Nunc
874 1929 1056 1974 autem
1091 1919 1290 1974 sullicit
1320 1921 1481 1974 nobis
1522 1920 1590 1973 ad
1639 1919 1846 1973 cultum
1871 1917 1966 1972 Dei
1997 1927 2055 1972 ut

470 2012 734 2072 sciamus.
763 2013 886 2080 quia
921 2013 1036 2080 ipse
1077 2005 1207 2064 fecit
1237 2011 1537 2074 mundum;
1572 2010 1846 2078 quomodo
1873 2018 2052 2063 autem

472 2103 664 2158 fecerit
690 2104 1040 2174 quaerendum
1073 2119 1181 2157 non
1209 2111 1316 2165 est,
1341 2103 1490 2171 quia,
1523 2110 1583 2154 ut
1603 2103 1737 2164 dixi,
1763 2117 1870 2155 non
1895 2102 2053 2156 nobis

473 2195 746 2258 imminet,
821 2204 1081 2265 tanquam
1133 2195 1312 2249 simile
1364 2193 1569 2263 aliquid
1621 2194 1868 2259 facturis,
1917 2195 2052 2249 artis

469 2287 644 2354 ipsius
681 2287 967 2340 scientiam
1002 2285 1236 2341 discere.
1296 2285 1404 2340 Sed
1437 2303 1613 2356 neque
1644 2303 1740 2356 pro
1769 2288 1873 2343 hoc
1904 2289 2052 2357 judi-

465 2379 630 2433 candi
665 2387 877 2444 sumus,
912 2394 1012 2434 cur
1042 2394 1152 2434 non
1191 2379 1552 2435 didicerimus
1573 2380 1846 2449 quomodo
1874 2379 2050 2436 factus

466 2470 544 2524 sit
570 2471 824 2531 mundus.
851 2471 946 2526 Sed
981 2487 1080 2540 pro
1105 2487 1171 2526 eo
1197 2479 1430 2536 tantum,
1463 2472 1507 2526 si
1562 2471 1875 2540 ignoremus
1903 2473 2051 2528 Con-

465 2563 700 2617 ditorem
749 2566 890 2633 ejus.
938 2564 1191 2620 Seiemns
1239 2573 1424 2619 autem
1471 2564 1810 2620 conditorem
1862 2567 2047 2622 nnindi

462 2656 674 2722 justum
707 2665 761 2710 et
806 2659 1004 2711 bonum
1054 2657 1246 2720 Deum,
1300 2658 1345 2712 si
1395 2673 1518 2712 eum
1571 2658 1782 2712 semitis
1823 2657 2050 2726 justitite

470 2750 843 2818 requiramus.
905 2748 1040 2803 Nam
1094 2749 1141 2804 si
1190 2749 1296 2803 hoc
1340 2759 1549 2804 tantum
1590 2750 1830 2804 sciamus
1869 2749 1938 2804 de
1982 2765 2050 2805 eo

463 2841 613 2909 quod
664 2843 839 2896 bonus
890 2849 1007 2905 est,
1047 2841 1360 2910 hujusmodi
1412 2842 1643 2896 scientia
1686 2857 1794 2896 non
1853 2840 2049 2896 sullicit

464 2934 534 2986 ad
575 2935 824 2988 salutem.
877 2931 933 2987 In
986 2934 1240 3004 praesenti
1287 2935 1432 2988 enim
1480 2941 1744 3001 tempore,
1805 2933 2048 2988 bonitate

463 3031 586 3095 ejus
610 3037 663 3080 et
692 3028 970 3082 beneficiis
1000 3026 1360 3096 perfruuntur
1388 3041 1498 3078 non
1541 3025 1716 3079 solum
1737 3024 1910 3093 digni,
1952 3025 2044 3078 sed

2231 1909 2339 1964 XL.
2381 1910 2576 1968 Petrus
2623 1913 2838 1978 :Audi,
2895 1915 3092 1986 inquit,
3144 1919 3392 1972 nonnulli
3445 1921 3720 1978 hominum

2157 2003 2598 2072 blasphemantes
2621 2004 2790 2058 Deum
2815 2016 2868 2061 et
2894 2023 3111 2062 omnem
3142 2010 3308 2063 vitam
3353 2027 3510 2066 suam
3555 2016 3608 2068 in
3646 2016 3721 2069 in-

2150 2095 2366 2163 justitia
2405 2105 2457 2150 et
2489 2097 2764 2166 voluptate
2805 2098 3087 2164 ducentes,
3123 2100 3179 2154 in
3221 2101 3436 2157 lectulis
3487 2106 3605 2160 suis
3632 2106 3721 2159 de-

2157 2185 2327 2239 functi
2376 2198 2538 2252 sunt,
2593 2190 2876 2242 consecuti
2929 2194 3089 2244 linem
3143 2191 3269 2246 vita:
3315 2193 3456 2248 inter
3499 2211 3631 2250 suos
3671 2204 3720 2251 et

2155 2277 2529 2333 lionorabilem
2573 2281 2952 2348 sepulturam;
2994 2282 3082 2334 alii
3122 2298 3249 2336 vero
3276 2281 3444 2337 Deum
3488 2286 3718 2340 colentes

2153 2378 2359 2424 etcum
2397 2373 2546 2426 omni
2584 2372 2800 2442 justitia
2844 2382 2897 2430 et
2939 2374 3236 2430 sobrietate
3266 2377 3432 2432 vitam
3472 2393 3629 2432 suam
3669 2380 3716 2432 in

2153 2463 2489 2531 parcimonia
2538 2474 2960 2529 conservantes,
2995 2483 3094 2536 pro
3121 2467 3350 2536 justitia:
3379 2470 3716 2526 observantia

2152 2558 2206 2611 in
2239 2559 2474 2613 desertis
2519 2559 2797 2622 interiere,
2848 2561 2918 2613 ita
2966 2568 3024 2613 ut
3072 2578 3140 2616 no
3184 2564 3463 2632 sepultura
3507 2565 3715 2635 quidem

2153 2650 2486 2704 haberentur
2550 2651 2724 2721 digni.
2779 2650 2881 2704 Ubi
2931 2661 3016 2706 est
3074 2669 3205 2724 ergo
3249 2654 3462 2723 justitia
3525 2656 3636 2718 Dei.
3674 2660 3714 2712 si

2152 2743 2333 2796 anima
2383 2744 2708 2798 immortalis
2738 2760 2844 2798 non
2873 2754 2976 2809 est,
3010 2761 3131 2814 qua:
3171 2747 3253 2799 vel
3284 2745 3328 2800 si
3363 2747 3531 2816 impie
3560 2751 3714 2819 egerit

2150 2851 2341 2906 pcenas
2373 2837 2426 2889 in
2458 2838 2662 2901 futuro,
2695 2838 2777 2890 vel
2811 2839 2854 2891 si
2890 2839 2974 2906 pie
3005 2845 3058 2891 et
3082 2838 3230 2906 juste
3260 2840 3481 2907 praemia
3534 2857 3715 2895 conse-

2149 2929 2391 2997 quatur?
2432 2927 2496 2980 Et
2532 2928 2720 2981 Simon
2763 2929 2838 2979 ait
2880 2946 2893 2982 :
2934 2927 3046 2982 IIoe
3094 2930 3283 2999 utique
3327 2932 3586 3000 estquod
3624 2949 3715 2985 nos

2149 3024 2464 3079 incredulos
2523 3024 2692 3087 facit,
2738 3028 2865 3094 quia
2911 3028 3067 3081 multi
3117 3029 3253 3082 bene
3312 3039 3540 3098 agentes
3588 3033 3716 3084 male.

461 3120 629 3172 etiam
683 3120 910 3189 indigni.
963 3117 1023 3172 Si
1071 3133 1201 3172 vero
1248 3133 1355 3171 non
1408 3125 1618 3169 tantum
1673 3116 1896 3180 bonum,
1949 3117 2114 3198 sedc
2150 3125 2406 3184 pereunt,
2457 3123 2510 3169 et
2557 3132 2774 3171 rursum
2851 3119 3005 3171 multi
3070 3119 3234 3189 impie
3298 3131 3527 3190 agentes
3582 3124 3712 3192 longi

460 3212 630 3263 etiam
658 3211 866 3280 justum
897 3227 1022 3266 eum
1047 3211 1359 3270 credamus,
1381 3216 1434 3262 et
1457 3208 1754 3261 secandum
1781 3209 1883 3262 hoc
1903 3208 2047 3275 quod

461 3301 532 3354 de
565 3301 674 3356 Deo
710 3302 1024 3365 credimus,
1075 3302 1130 3354 in
1176 3300 1325 3353 omni
1375 3299 1486 3352 vita
1555 3313 1738 3354 nostra
1781 3300 2049 3369 justitiam

461 3402 769 3458 teneamus,
801 3395 968 3448 etiam
993 3394 1237 3448 bonitate
1259 3393 1381 3462 ejus
1408 3393 1461 3444 in
1491 3399 1755 3446 aeternum
1781 3392 2045 3448 fruemur.

463 3483 708 3552 Denique
768 3483 1011 3540 Hebraeis
1067 3486 1159 3555 qui
1224 3485 1292 3540 de
1339 3486 1448 3539 Deo
1521 3487 1594 3540 ita
1646 3485 2045 3555 opinabantur,

455 3575 608 3644 quod
643 3577 819 3630 solum
853 3577 1027 3631 bonus
1075 3586 1252 3641 esset,
1287 3577 1501 3632 dicebat
1533 3577 1788 3648 Magister
1839 3585 2046 3645 noster,

463 3677 598 3720 utet
643 3669 913 3737 justitiam
945 3669 1066 3737 ejus
1112 3679 1418 3738 quietiorem
1461 3671 1527 3734 ⁹⁶,
1578 3671 1681 3724 hoe
1706 3679 1811 3736 est,
1847 3680 1906 3724 ut
1939 3670 2048 3724 sei-

463 3767 588 3812 rent
627 3775 750 3814 eum
790 3762 1045 3829 praesenti
1091 3762 1310 3830 quidem
1351 3771 1593 3831 tempore
1645 3763 1848 3816 bonum
1895 3776 2041 3823 esse,

461 3862 526 3904 ut
552 3867 741 3907 omnes
772 3853 826 3905 in
856 3853 1100 3908 bonitate
1137 3854 1256 3922 ejus
1283 3853 1490 3916 vivant,
1518 3854 1731 3922 justum
1758 3868 1888 3908 vero
1919 3868 2042 3908 eum

467 3948 712 3997 tuturum
757 3944 812 3998 in
843 3945 935 3999 die
975 3945 1195 4014 judicii,
1243 3955 1303 3999 ut
1345 3945 1526 4016 dignis
1574 3945 1794 4016 praemia
1839 3951 2042 3999 a-terna

463 4039 740 4101 restituat,
775 4054 803 4091 a
831 4039 1032 4109 quibus
1061 4040 1315 4095 excludet
1355 4041 1631 4112 indignos.

537 4128 823 4186 XXXVIII.
868 4130 932 4184 Et
960 4130 1190 4186 Simon:
1223 4133 1510 4198 Quomodo
1542 4139 1719 4202 potest
1760 4149 1927 4187 unum
1961 4140 2043 4186 at—

456 4240 570 4292 que
618 4223 786 4287 idem,
818 4233 874 4278 et
905 4223 1107 4278 bonum
1153 4241 1276 4280 esse
1323 4234 1377 4280 et
1415 4226 1664 4294 justum?
1691 4225 1886 4282 Petrus
1922 4227 2036 4280 ait:

457 4316 602 4382 Quia
649 4317 769 4371 sine
808 4317 1048 4385 justitia,
1083 4318 1286 4373 bonum
1334 4319 1603 4389 injustam
1641 4319 2041 4389 quodammodo

459 4407 774 4467 videbitur:
809 4408 942 4462 boni
973 4417 1059 4464 est
1095 4409 1262 4472 enim,
1302 4411 1473 4464 solem
1519 4424 1678 4462 suum
1720 4417 1773 4464 et
1804 4410 2037 4477 pluviam

2154 3207 2415 3273 temporis
2444 3207 2609 3260 vitam
2650 3222 2772 3260 cum
2804 3209 3142 3266 beatitudine
3177 3212 3395 3268 liniunt.

2229 3299 2363 3354 XLI.
2404 3299 2468 3353 Et
2510 3299 2751 3357 Petrus:
2799 3301 2912 3356 Iloe
2963 3304 3175 3372 ipsum,
3218 3306 3430 3377 inquit,
3477 3311 3623 3380 quod
3667 3320 3715 3362 te

2151 3389 2218 3441 ad
2250 3390 2686 3444 incredulitaten'i
2729 3393 2914 3456 trahit,
2946 3395 3103 3449 nobis
3134 3405 3338 3450 certam
3374 3398 3537 3453 fidem
3573 3399 3711 3464 facit,

2150 3481 2276 3550 quia
2314 3480 2581 3548 judicium
2616 3482 2739 3535 erit.
2788 3481 2999 3537 Etenim
3049 3501 3173 3539 cum
3210 3495 3418 3541 eertum
3455 3491 3529 3543 sit
3557 3489 3710 3543 Deum

2145 3575 2354 3643 justum
2385 3589 2528 3636 esse,
2564 3575 2934 3629 necessarium
2973 3585 3026 3630 et
3056 3593 3400 3649 consequens
3458 3592 3545 3636 est
3576 3583 3710 3635 aliud

2147 3684 2269 3723 esse
2299 3668 2579 3729 saeculum,
2613 3668 2665 3719 in
2694 3683 2801 3735 quo
2839 3671 3216 3739 unusquisque
3247 3688 3344 3740 pro
3386 3676 3602 3729 meritis
3634 3692 3708 3728 re-

2147 3761 2352 3830 cipiens
2392 3761 2662 3830 justitiam
2690 3760 2781 3814 Dei
2817 3763 3026 3830 probet.
3081 3762 3235 3827 Quod
3268 3763 3313 3819 si
3348 3780 3499 3819 nunc
3532 3781 3710 3820 omnes

2147 3852 2396 3907 homines
2428 3869 2526 3923 pro
2561 3853 2769 3908 meritis
2809 3853 2924 3908 suis
2955 3855 3278 3923 reciperent,
3306 3872 3434 3911 vere
3479 3875 3583 3913 nos
3613 3859 3708 3912 fal-

2145 3945 2256 4000 lere
2285 3945 2605 3999 videbamur
2647 3944 2895 3999 dicentes
2950 3943 3195 3999 futurum
3245 3963 3364 4001 esse
3419 3949 3706 4017 judicium,

2143 4046 2196 4092 et
2226 4037 2346 4092 ideo
2375 4036 2478 4091 hoc
2507 4037 2684 4105 ipsum
2725 4035 2868 4107 quod
2913 4035 2966 4088 in
2999 4037 3250 4104 praesenti
3294 4039 3402 4090 vita
3447 4056 3556 4093 non
3595 4041 3706 4094 red-

2143 4131 2288 4185 ditur
2319 4130 2618 4199 unieuique
2651 4145 2748 4198 pro
2776 4129 2989 4184 actibus
3021 4129 3158 4190 suis,
3192 4129 3345 4183 fidem
3379 4130 3706 4185 indubitabi-

2143 4224 2248 4276 lem
2291 4221 2420 4275 facit
2459 4221 2761 4276 scientibus
2793 4220 2961 4274 Deum
2993 4236 3112 4274 esse
3135 4222 3366 4290 justum,
3393 4224 3524 4291 quia
3563 4224 3705 4292 judi-

2141 4315 2284 4368 cium
2319 4313 2444 4366 erit.
2488 4311 2552 4365 Et
2585 4312 2774 4365 Simon
2804 4330 2818 4366 :
2855 4312 2967 4366 Cur
2997 4328 3123 4382 ergo
3168 4312 3298 4366 mihi
3334 4330 3441 4366 non
3485 4330 3705 4386 persua-

2141 4405 2338 4460 detur?
2364 4403 2596 4459 Petrus:
2629 4402 2766 4470 Quia
2796 4419 2982 4457 verum
3015 4404 3333 4473 prophetam
3369 4422 3477 4459 non
3513 4407 3705 4460 audisti

461 4515 529 4551 ex
560 4515 716 4568 aequo
739 4498 907 4567 justis
935 4508 990 4554 et
1019 4499 1244 4569 injustis
1274 4501 1517 4570 praebere
1540 4500 1608 4564 °’,
1635 4498 1728 4555 sed
1759 4499 1864 4554 hoc
1888 4501 2037 4554 vide-
2073 4485 2113 4538 ί)
2147 4498 2415 4551 dicentem
2453 4513 2465 4546 :
2516 4496 2748 4561 Quwrite
2802 4495 2972 4563 primo
3013 4495 3282 4562 justitiam
3337 4496 3474 4564 ejus,
3521 4507 3571 4550 et
3606 4497 3706 4549 luet:

465 4599 617 4646 retur
656 4591 945 4661 injustum,
979 4592 1025 4646 si
1052 4593 1227 4648 bonos
1274 4594 1557 4662 malosque
1598 4593 1793 4662 aequali
1825 4609 2038 4662 semper

462 4696 613 4738 sorte
639 4693 922 4756 censeret,
973 4694 1026 4738 et
1070 4684 1175 4739 nisi
1217 4684 1433 4754 frugum
1471 4700 1639 4738 causa
1670 4685 1774 4738 hoc
1811 4683 2034 4746 faceret,

458 4777 666 4846 quibus
696 4777 903 4848 per-frui
933 4777 1215 4846 aequaliter
1246 4793 1437 4832 omnes
1480 4778 1574 4846 qui
1610 4779 1663 4830 in
1697 4777 1798 4830 hoc
1834 4777 2036 4831 mundo

461 4870 574 4923 nati
608 4878 764 4934 sunt,
797 4870 1134 4924 conveniret.
1191 4868 1298 4923 Sed
1329 4870 1472 4923 sicut
1501 4870 1626 4922 data
1663 4883 1692 4921 a
1720 4867 1830 4922 Deo
1857 4868 2037 4938 pluvia

459 4977 525 5016 ex
567 4977 724 5032 aequo
757 4971 814 5017 et
853 4960 1038 5030 fruges
1083 4961 1257 5014 nutrit
1287 4968 1340 5014 et
1372 4961 1582 5022 lolium,
1627 4959 1824 5016 messis
1854 4969 2035 5015 autem

460 5062 704 5124 tempore
751 5053 1024 5108 frumenta
1073 5055 1289 5123 quidem
1350 5061 1753 5123 congregantur
1805 5052 1858 5106 in
1909 5053 2039 5106 hor-

461 5161 637 5210 reum,
669 5145 840 5216 paleaa
867 5161 1005 5199 vero
1025 5148 1106 5200 vel
1151 5146 1337 5200 lolium
1385 5145 1498 5214 igni
1539 5144 2033 5199 consumuntur":

462 5242 534 5294 ita
578 5242 632 5294 in
667 5241 755 5295 die
792 5233 988 5310 judicii
1044 5255 1170 5293 cum
1218 5239 1352 5308 justi
1396 5238 1817 5292 introducentur
1859 5239 1912 5290 in
1952 5253 2038 5290 re-

459 5351 626 5406 gnum
664 5335 779 5399 Dei,
835 5336 1023 5404 injusti
1070 5341 1252 5388 autem
1301 5333 1632 5403 abjicientur
1681 5331 1862 5394 foras,
1909 5340 2039 5384 tunc

450 5428 622 5480 etiam
650 5425 866 5494 justitia
894 5425 987 5478 Dei
1018 5425 1360 5480 ostendetur.
1414 5422 1548 5477 Nam
1581 5425 1627 5478 si
1661 5423 1886 5492 aequalis
1912 5437 2040 5492 per-

459 5525 705 5570 maneret
745 5521 1010 5587 perpetuo
1039 5515 1197 5570 malis
1227 5524 1280 5569 et
1310 5513 1500 5573 bonis.
1529 5513 1641 5582 jam
1674 5513 1776 5567 hoc
1807 5528 1915 5565 non
1943 5527 2036 5566 so-

453 5606 570 5666 lum
602 5611 811 5665 bonum
841 5620 950 5664 nun
990 5619 1165 5675 esset,
1195 5609 1290 5663 sed
1321 5617 1375 5662 et
1406 5609 1671 5677 injustam
1722 5614 1888 5675 atque
1928 5607 2035 5659 ini-

464 5843 466 5848 .
555 5791 608 5824 ’σε
645 5794 839 5847 Matth.
875 5811 945 5854 vi,
975 5794 1064 5847 33.
1143 5795 1184 5823 "7
1216 5790 1406 5844 Matth.
1437 5807 1490 5856 ν,
1535 5790 1613 5842 ιδ.

1695 5789 1738 5817 9"
1768 5786 1956 5839 Matth.
1996 5800 2074 5851 ut,
2111 5783 2190 5835 l‘l.

2145 4591 2323 4643 ouuu'a
2365 4600 2692 4658 opponentur
2734 4587 2876 4641 vobis
2899 4589 2964 4641 θ’.
2997 4585 3062 4640 Ει
3095 4587 3280 4640 Simon
3307 4606 3320 4642 :
3354 4588 3600 4659 lndulge,
3632 4589 3709 4641 in-

2141 4681 2278 4748 quit,
2322 4679 2454 4732 mihi
2495 4678 2695 4733 nolenti
2742 4679 2917 4748 primo
2953 4677 3221 4746 justitiam
3263 4695 3529 4747 quaerere,
3561 4687 3708 4732 ante-

2141 4787 2303 4840 quam
2343 4772 2513 4826 sciam
2561 4772 2602 4825 si
2642 4771 2968 4824 immortalis
3013 4771 3082 4822 sit
3131 4770 3332 4824 anima.
3393 4769 3458 4823 Et
3486 4770 3703 4825 Petrus:

2142 4863 2207 4916 Iit
2231 4874 2286 4918 tu
2319 4864 2450 4917 mihi
2484 4863 2587 4918 hoc
2617 4879 2782 4916 unum
2816 4862 3056 4931 indulge,
3085 4863 3212 4930 quia
3243 4878 3349 4915 non
3375 4878 3601 4931 possum
3636 4862 3708 4914 fa-

2142 4970 2268 5010 cere
2314 4955 2475 5007 aliter
2511 4969 2673 5023 quam
2724 4967 2810 5006 me
2861 4952 3124 5022 propheta
3179 4951 3420 5005 veritatis
3469 4951 3702 5004 edocuit.

2143 5046 2280 5105 Tum
2311 5046 2504 5106 Simon
2531 5062 2542 5097 :
2582 5045 2804 5100 Certum
2836 5053 2942 5107 est,
2977 5044 3174 5113 inquit,
3208 5059 3315 5096 non
3347 5059 3509 5113 posse
3539 5050 3592 5096 te
3620 5058 3706 5095 as-

2144 5156 2326 5194 serere
2355 5137 2498 5209 quod
2530 5137 2852 5191 immortalis
2889 5135 2957 5190 sit
2987 5136 3188 5198 anima,
3222 5141 3275 5187 et
3309 5135 3377 5188 ob
3411 5135 3514 5187 hoc
3545 5133 3705 5187 cavil-

2144 5233 2299 5298 laris,
2345 5235 2528 5287 sciens
2571 5229 2698 5300 quia
2729 5230 2773 5282 si
2809 5228 3058 5281 mortalis
3116 5229 3396 5296 probetur,
3440 5223 3703 5276 radicitus

2140 5325 2479 5381 convellatur
2520 5322 2800 5392 religionis
2831 5320 2991 5374 istius
3019 5334 3180 5387 quam
3213 5317 3432 5371 conaris
3460 5323 3704 5369 asserere

2142 5428 2252 5471 tota
2293 5415 2600 5487 professio;
2649 5422 2705 5467 et
2752 5412 2873 5466 ideo
2923 5411 3083 5464 laudo
3114 5411 3330 5479 quidem
3364 5405 3698 5478 prudentiam

2141 5518 2312 5570 tuam,
2369 5521 2474 5559 non
2531 5514 2714 5558 tamen
2770 5503 2941 5573 probo
3002 5500 3448 5571 persuasionem;
3521 5493 3700 5548 multis

2141 5601 2285 5654 cuitu
2329 5596 2627 5668 persuades
2671 5595 2955 5666 suscipere
2995 5591 3319 5662 religionem
3367 5594 3420 5643 et
3459 5583 3698 5642 libidinis

2269 5781 2311 5810 "9
2339 5778 2528 5833 Matth.
2561 5793 2634 5838 v1,
2662 5776 2748 5830 '55.
