4048 6262
351 354 486 410 1301

349 562 550 630 quibus
591 559 788 618 evenit.
833 568 890 612 ut
929 573 1105 627 neque
1150 555 1510 625 priesentibus
1562 553 1921 624 perfruantur

349 661 402 708 et
434 652 774 722 decipiantur
810 649 1028 705 futuris.
1075 647 1244 704 Simul
1287 650 1430 703 enim
1466 657 1524 704 ut
1553 649 1750 704 mortui
1801 648 1919 704 fuc-

350 745 484 803 rint.
521 743 680 794 etiam
717 741 895 793 anima
928 740 1130 810 pariter
1157 741 1559 810 exstinguetur.

417 833 575 888 XLII.
624 831 820 889 Petrus
864 849 992 887 vero
1039 834 1151 888 hzee
1195 832 1443 896 audiens,
1474 835 1731 889 dentibus
1771 833 1920 891 fren-

320 925 479 980 ‘dens
506 924 848 992 frontemque
877 930 1116 978 atterens
1147 939 1333 987 manu,
1365 930 1416 977 et
1441 925 1710 994 profundo
1731 925 1918 980 dolore

345 1017 630 1086 suspirans
674 1016 748 1068 ait
787 1035 799 1069 :
834 1015 1046 1068 Astutia
1100 1015 1367 1084 serpentis
1398 1017 1603 1085 antiqui
1642 1017 1708 1070 ad
1741 1015 1919 1069 homi-

345 1125 474 1162 num
505 1108 854 1178 decipiendas
897 1106 1107 1161 animas
1154 1116 1398 1159 armatus
1442 1107 1680 1170 assistis,
1712 1117 1765 1161 et
1796 1107 1917 1160 ideo

348 1209 404 1253 ut
452 1215 679 1268 serpens
741 1197 1043 1266 sapientior
1094 1197 1307 1250 caztcris
1367 1197 1576 1261 bestiis,
1635 1199 1702 1252 ab
1762 1197 1916 1250 initio

344 1292 622 1346 doctorem
662 1300 714 1345 te
745 1307 866 1345 esse
904 1291 1186 1361 professus
1218 1307 1298 1345 es.
1349 1289 1416 1343 Et
1455 1306 1670 1357 rursus,
1713 1297 1772 1343 ut
1800 1307 1918 1344 ser-

345 1399 479 1452 pens
522 1383 720 1437 multos
764 1382 1111 1436 introducere
1155 1382 1286 1436 deos
1328 1381 1570 1447 volebas,
1607 1398 1771 1453 super
1809 1397 1917 1452 quo

343 1476 659 1529 confutatus
687 1475 894 1528 nullum
925 1474 1149 1528 omnino
1176 1491 1318 1528 nuuc
1345 1491 1467 1530 esse
1498 1477 1698 1529 asseris
1726 1475 1914 1530 Deum.

343 1563 476 1616 Nam
520 1580 614 1634 per
641 1565 984 1619 occasionem
1017 1565 1203 1618 nescio
1229 1565 1390 1634 cujus
1433 1565 1598 1635 ignoti
1632 1563 1746 1629 Dei,
1782 1579 1916 1617 con-

343 1654 574 1708 ditorem
618 1655 806 1708 mundi
839 1654 1005 1708 Deum
1041 1657 1268 1726 negasti,
1307 1656 1399 1710 sed
1437 1672 1559 1710 eum
1594 1655 1676 1709 vel
1714 1656 1912 1707 malum

344 1762 489 1807 esse,
523 1746 606 1799 vel
646 1747 845 1800 multos
877 1746 1077 1800 habere
1116 1747 1218 1802 sibi
1257 1748 1514 1816 azquales,
1544 1747 1627 1800 vel
1667 1747 1911 1809 omnino,

1541 343 2101 400 llEL‘OGNlTlONUM
2145 343 2272 401 LIB.
2314 343 2396 400 Ill.

350 467 536 523 subire
571 464 988 526 continentiam,
1023 463 1124 518 sub
1151 478 1246 532 spe
1279 462 1587 517 futurorum
1629 463 1918 523 bonorum,
1949 479 1997 534 Α
2095 459 2280 514 XLIV.
2334 460 2400 514 Et
2445 460 2640 516 Petrus
2686 476 2699 512 :

3468 346 3605 402 15οἏ

2753 461 2938 514 Dicam
2988 462 3059 516 ita
3121 471 3179 516 ut
3235 477 3345 532 prae
3392 465 3606 521 caeteris

2023 555 2279 608 omnibus
2307 553 2402 606 tibi
2435 553 2608 624 magis
2638 553 2918 622 probetur.
2956 550 3246 622 Responde
3283 569 3414 625 ergo
3443 555 3602 623 mihi,

2021 645 2151 715 quid
2189 652 2274 700 est
2314 643 2460 714 quod
2510 643 2852 698 incredulum
2897 644 3072 714 magis
3124 646 3353 700 suadere
3401 655 3601 716 potest,

2019 737 2169 792 visus
2217 751 2288 790 an
2329 735 2589 790 auditus?
2625 735 2691 788 Et
2720 733 2907 789 Simon
2934 754 2950 790 :
2983 735 3166 792 Visus.
3199 736 3336 790 Tum
3364 736 3561 793 Petrus
3584 777 3597 792 .

2016 827 2306 894 Quomodo
2343 843 2473 898 ergo
2521 842 2552 880 a
2597 842 2683 881 me
2724 827 2808 880 vis
2835 827 3049 882 discere
3091 829 3279 894 verbo,
3313 830 3458 900 quod
3503 831 3598 884 tibi

2019 936 2078 976 re
2104 920 2220 990 ipsa
2248 921 2512 989 probatur
2542 927 2595 975 et
2618 920 2777 974 visu?
2805 918 2869 972 Et
2897 919 3084 975 Simon
3112 939 3126 974 :
3152 920 3370 988 Nescio,
3402 921 3598 993 inquit,
3654 965 3660 971 .

2020 1010 2298 1082 quomodo
2327 1011 2501 1065 dicas.
2553 1010 2619 1063 Et
2651 1009 2844 1065 Petrus
2874 1024 2888 1061 :
2921 1009 2978 1063 Si
3009 1011 3213 1076 neseis,
3247 1027 3408 1082 perge
3452 1030 3602 1067 nunc

2021 1102 2074 1155 in
2107 1103 2326 1158 domum
2377 1110 2558 1166 tuam,
2601 1112 2655 1158 et
2687 1105 2966 1173 ingressus
3009 1103 3239 1159 interius
3285 1106 3597 1160 cubiculum

2017 1196 2230 1251 videbis
2279 1196 2569 1267 imaginem
2607 1196 2861 1266 positam,
2896 1199 3265 1252 continentem
3298 1199 3453 1268 pueri
3483 1201 3600 1254 vio-

2018 1291 2193 1346 lenter
2235 1291 2412 1345 necati
2462 1288 2691 1360 elligiem
2737 1305 2978 1359 purpura
3030 1299 3365 1360 coopertam,
3420 1293 3598 1363 ipsum

2018 1382 2326 1452 interroga,
2373 1390 2426 1435 et
2468 1381 2686 1435 docebit
2729 1392 2780 1434 te
2815 1381 2900 1435 vel
2944 1383 3301 1451 responsione
3341 1385 3423 1438 vel
3454 1385 3593 1440 visu.

2017 1470 2156 1538 Quid
2195 1473 2340 1526 enim
2383 1487 2521 1542 opus
2560 1480 2644 1528 est
2687 1471 2878 1527 audire
2914 1473 2982 1526 ab
3007 1487 3072 1526 eo
3101 1473 3148 1527 si
3178 1473 3498 1531 immortalis
3527 1477 3599 1531 sit

2017 1563 2215 1627 anima,
2242 1580 2364 1618 cum
2395 1574 2575 1618 astare
2605 1579 2724 1620 eam
2751 1563 2936 1618 videas
2964 1565 3325 1633 prtrsentem?
3365 1565 3422 1620 Si
3451 1569 3596 1621 enim

2017 1669 2124 1708 non
2171 1662 2336 1719 esset,
2380 1671 2481 1710 nec
2517 1655 2690 1710 videri
2731 1657 2918 1723 utique
2949 1662 3182 1723 poterat.
3229 1655 3383 1720 Quod
3421 1657 3467 1712 si
3501 1673 3598 1710 ne-

2017 1747 2125 1800 scis
2153 1762 2314 1816 quam
2342 1747 2466 1800 dico
2497 1747 2810 1815 imaginem,
2846 1746 2972 1800 hinc
3008 1763 3037 1800 e
3065 1747 3296 1816 vestigio
3321 1763 3442 1800 cum
3473 1745 3598 1804 aliis

346 1849 404 1891 ut
428 1838 685 1900 diximus,
723 1854 831 1891 non
867 1855 987 1892 esse
1021 1837 1186 1891 Deum
1216 1838 1601 1892 confirmabas.
1641 1835 1770 1891 Post
1800 1836 1911 1890 lucc
1947 1849 1984 1904 Β
2015 1840 2199 1893 decem
2241 1838 2394 1900 viris,
2429 1852 2496 1891 ex
2537 1837 2624 1892 his
2654 1837 2746 1907 qui
2787 1848 3082 1908 przescntcs
3121 1848 3270 1903 sunt,
3292 1828 3491 1894 eamus
3527 1842 3594 1894 ad

343 1945 467 1980 eum
494 1929 655 1982 etiam
690 1928 740 1982 in
774 1929 876 1982 hoc
915 1939 1206 1998 superatus
1250 1928 1469 1992 fuisses,
1503 1930 1740 1981 animam
1769 1944 1912 1982 nunc

343 2036 627 2074 asscvz‘ras
672 2036 794 2074 esse
843 2015 1156 2086 mortalem,
1204 2021 1281 2074 uti
1332 2035 1399 2074 ne
1449 2020 1759 2072 futurorum
1819 2035 1914 2088 spe

343 2121 490 2165 recte
520 2111 777 2182 justeque
810 2113 1039 2165 vivatur.
1075 2111 1208 2166 Nam
1245 2113 1434 2182 utique
1473 2113 1517 2166 si
1553 2112 1914 2182 desperantur

344 2203 556 2269 futura,
586 2204 775 2273 quidni
805 2204 850 2258 si
883 2205 1198 2258 abscidatur
1241 2204 1639 2265 misericordia,
1687 2205 1913 2259 luxuria:

344 2294 691 2363 iudulgeatur
739 2302 792 2347 et
845 2295 1265 2364 voluptatibus,
1323 2310 1386 2348 ex
1446 2295 1643 2364 quibus
1698 2311 1910 2350 omnem

341 2401 669 2456 consurgere
711 2385 1037 2453 injustitiam
1066 2388 1322 2440 constat?
1345 2385 1410 2439 Et
1451 2401 1573 2439 cum
1609 2394 1772 2441 tantze
1811 2387 1914 2439 im-

345 2481 557 2547 pietatis
584 2479 887 2533 doctrinam
924 2480 1136 2534 miserte
1173 2480 1299 2534 huic
1349 2481 1665 2537 introducas
1708 2491 1912 2535 morta-

343 2571 472 2623 lium
509 2571 648 2631 vitze,
682 2578 733 2624 te
769 2571 945 2640 ipsum
976 2573 1146 2640 pium,
1174 2587 1258 2624 me
1291 2572 1514 2640 impium
1544 2588 1724 2633 vocas,
1754 2573 1910 2642 quasi

341 2663 434 2732 qui
464 2662 709 2714 homines
746 2677 852 2713 non
888 2660 1062 2714 sinam
1100 2660 1200 2714 sub
1235 2676 1330 2729 spe
1367 2660 1672 2713 futurorum
1739 2661 1911 2713 bono-

344 2771 462 2810 rum
493 2770 641 2807 arina
669 2754 946 2824 corripere
972 2759 1025 2807 et
1056 2757 1376 2823 impugnare
1401 2769 1459 2807 se
1490 2754 1744 2814 invicem,
1778 2753 1911 2806 diri-

343 2863 471 2917 pere
511 2861 572 2899 ac
605 2846 921 2899 subvertere
965 2836 1216 2900 universa
1257 2853 1308 2899 et
1346 2845 1524 2899 moliri
1570 2846 1750 2898 omnia
1790 2860 1911 2915 qua:

343 2937 511 2992 libido
540 2937 841 2991 dictaverit.
898 2935 961 2991 Et
985 2936 1108 3006 quis
1139 2937 1244 2991 erit
1277 2937 1395 2990 ista:
1434 2936 1559 2989 vita:
1589 2944 1782 2997 status,
1815 2935 1910 3005 qui

342 3047 370 3083 υ
413 3037 466 3084 te
516 3030 902 3094 introducitur,
948 3035 1008 3081 ut
1055 3037 1293 3098 pugnent
1344 3027 1592 3082 homines
1633 3037 1685 3080 et
1736 3026 1910 3096 impu-

340 3130 593 3192 gnentur,
621 3129 678 3175 ut
711 3123 1017 3176 irascantur
1042 3130 1094 3175 et
1121 3123 1502 3190 perturbentur
1531 3127 1583 3174 et
1611 3133 1826 3186 semper
1855 3117 1907 3170 in

2018 1930 2240 1983 domum
2277 1938 2447 1984 tuatn.

2089 2021 2247 2078 XLV.
2290 2023 2359 2076 At
2388 2021 2576 2077 Simon
2607 2023 2722 2077 haec
2750 2023 2978 2078 audiens
3007 2031 3059 2076 et
3091 2024 3430 2078 conscientia
3463 2039 3592 2094 per-

2018 2132 2236 2179 russus,
2282 2116 2466 2170 colore
2511 2124 2720 2168 mutato
2756 2114 3051 2184 exsanguis
3088 2116 3316 2171 etfectus
3348 2123 3464 2182 est;
3499 2132 3594 2171 ex-

2017 2205 2198 2258 timuit
2260 2205 2407 2258 enim
2477 2219 2546 2258 ne
2596 2202 2735 2257 forte
2786 2203 2831 2257 si
2883 2211 3106 2273 negaret
3156 2213 3594 2274 perscrutaretur

2015 2298 2210 2352 domus
2257 2297 2398 2364 ejus,
2447 2307 2538 2351 aut
2579 2313 2648 2350 ne
2691 2297 2983 2368 indignans
3005 2295 3203 2352 Petrus
3243 2298 3592 2356 manifestius

2014 2405 2137 2444 eum
2171 2387 2452 2458 proderet,
2483 2395 2535 2442 et
2565 2389 2822 2444 omnibus
2852 2391 2977 2458 quis
3020 2399 3166 2445 esset
3197 2389 3586 2453 innotesceret,

2015 2483 2087 2536 ita
2121 2481 2400 2551 respondit
2434 2501 2448 2537 :
2482 2479 2722 2537 Obsecro
2757 2487 2835 2545 te,
2862 2480 3041 2547 Petre,
3077 2497 3173 2552 per
3199 2483 3351 2536 illum
3386 2483 3588 2537 bonum

2015 2569 2183 2625 Deum
2213 2571 2306 2640 qui
2337 2571 2391 2624 in
2418 2577 2473 2626 te
2502 2579 2608 2634 est,
2645 2578 2704 2624 ut
2736 2571 2931 2626 vincas
2971 2571 3230 2625 malitiam
3263 2587 3384 2642 quae
3418 2572 3475 2626 in
3505 2576 3593 2629 nia

1997 2664 2118 2724 est,
2153 2663 2374 2733 suscipe
2412 2678 2499 2716 me
2526 2663 2590 2716 ad
2625 2662 3004 2732 paenitentiam
3036 2672 3090 2718 et
3121 2663 3347 2720 habebis
3375 2679 3463 2720 me
3492 2665 3592 2719 ad-

2011 2752 2251 2822 juturem
2279 2750 2690 2822 praedicationis
2731 2763 2854 2809 tute.
2911 2752 3068 2808 Nunc
3095 2755 3241 2810 enim
3271 2771 3397 2810 vere
3425 2756 3590 2812 rebus

1991 2845 2150 2916 'ipsis
2183 2846 2371 2912 didici,
2399 2847 2527 2917 quia
2561 2845 2656 2902 Dei
2693 2848 2806 2902 veri
2837 2848 3098 2918 prepheta
3130 2864 3224 2913 es,
3256 2857 3310 2904 et
3351 2849 3473 2905 ideo
3501 2867 3591 2906 se-

2012 2943 2162 2990 creta
2207 2936 2486 2990 hominum
2525 2937 2677 2992 solus
2717 2943 2879 3007 atque
2923 2952 3123 2991 arcana
3162 2938 3474 3007 cognoscis.
3523 2939 3590 2993 Et

2011 3024 2207 3082 Petrus
2238 3028 2314 3081 ait
2352 3045 2363 3078 :
2402 3026 2876 3092 Yidetis,fratres,
2909 3027 3184 3082 Simonem
3214 3029 3585 3098 ptenitentiam

2014 3126 2364 3187 quaerentem,
2401 3121 2566 3190 paulo
2596 3129 2718 3190 post
2747 3119 3000 3175 videbitis
3027 3135 3148 3174 eum
3177 3135 3370 3176 rursus
3398 3121 3465 3175 ad
3499 3123 3588 3176 in.

340 3186 486 3267 inetu
517 3186 738 3267 vivant?
765 3211 1000 3268 Necesse
1035 3186 1134 3266 est-
1159 3207 1301 3265 enim
1336 3228 1430 3267 eos
1460 3212 1552 3281 qui
1603 3209 1726 3263 aliis
1770 3207 1908 3263 infe—
1935 3186 1977 3244 (δ
2011 3186 2325 3265 ﬁdelitatem
2364 3186 2518 3265 suam
2561 3186 2778 3268 reverti.
2811 3210 3018 3267 Putans
3053 3213 3198 3266 enim
3231 3227 3317 3267 me
3347 3214 3585 3283 prophe-

339 3313 469 3359 runt
505 3307 644 3359 mala
677 3305 840 3359 etiam
885 3305 1033 3374 ipsos
1065 3319 1284 3372 sperare
1318 3303 1539 3358 similia.
1584 3299 1824 3354 Videsne
1857 3309 1908 3354 te

338 3399 533 3451 ducent
583 3397 1011 3467 perturbationis
1056 3403 1109 3450 et
1153 3412 1259 3449 non
1302 3396 1474 3466 pacis,
1512 3395 1816 3464 iniquitatis
1855 3401 1908 3445 et

338 3507 449 3546 non
487 3493 759 3562 :equitatis
795 3489 1068 3544 existere?
1097 3488 1295 3543 Verum
1322 3504 1443 3557 ego,
1478 3503 1584 3540 non
1624 3487 1780 3555 quasi
1814 3486 1906 3555 qui

335 3586 629 3638 ostendere
676 3599 782 3637 non
827 3582 1030 3652 possim
1082 3582 1440 3634 immortalem
1481 3595 1602 3634 esse
1646 3581 1904 3641 animam,

338 3676 591 3732 simulavi
640 3674 1002 3741 iracundiam,
1050 3675 1144 3728 sed
1189 3675 1447 3728 misereor
1497 3674 1782 3727 animabus
1810 3673 1908 3724 ho-

337 3771 568 3828 ininum.
600 3784 736 3836 quas
767 3775 823 3820 tu
853 3765 1102 3834 decipere
1133 3766 1372 3820 conaris.
1411 3764 1592 3818 Dicam
1630 3779 1780 3835 ergo,
1813 3765 1904 3819 sed

337 3879 448 3917 non
487 3866 639 3931 quasi
683 3868 734 3913 te
772 3866 1028 3928 cogente;
1067 3859 1182 3912 seio
1224 3858 1366 3912 enim
1401 3857 1673 3926 quomodo
1701 3856 1904 3917 dicam,

333 3961 391 4005 et
419 3953 570 4006 solus
599 3951 708 4004 eris
737 3950 825 4018 qui
867 3949 933 4003 de
966 3950 1066 4001 hoc
1095 3964 1201 4000 non
1238 3956 1346 4000 tam
1381 3947 1736 4017 persuasione
1766 3945 1907 4000 indi-

335 4060 489 4116 geas,
530 4058 690 4113 quam
754 4041 1215 4105 commonitionc;
1268 4055 1363 4094 eos
1410 4049 1588 4093 autem
1636 4039 1740 4093 hoe
1814 4040 1907 4108 qui

333 4152 462 4193 vere
494 4135 765 4205 ignorant,
798 4132 1002 4186 docebo
1031 4140 1088 4184 tit
1110 4133 1379 4185 convenit.

407 4225 588 4282 XLIII.
631 4224 768 4279 Tum
804 4223 991 4278 Simon
1020 4243 1032 4277 :
1061 4221 1114 4276 Si
1149 4221 1424 4287 irasceris,
1453 4223 1649 4292 inquit,
1678 4237 1786 4275 non
1819 4221 1906 4274 in-

333 4323 626 4392 terrogabo
655 4336 758 4376 nec
789 4319 977 4373 audire
1006 4319 1147 4372 volo.
1181 4316 1246 4370 Et
1267 4316 1459 4383 Petrus
1485 4333 1498 4370 :
1525 4315 1603 4370 Tu
1640 4314 1904 4384 siquidem

332 4434 484 4473 nunc:
529 4414 874 4470 occasionem
907 4412 1106 4482 quaeris
1133 4410 1605 4481 subterfugiendi;
1641 4411 1808 4465 babes
1843 4410 1906 4462 li-

332 4513 590 4572 centiam,
657 4517 710 4563 et
768 4508 888 4562 sine
933 4506 1222 4562 occasione
1287 4504 1630 4575 cujusquam.
1700 4501 1975 4584 OmnesD

329 4605 480 4663 enim
531 4603 824 4658 audierunt
871 4608 925 4655 te
973 4599 1111 4654 nihil
1155 4605 1302 4652 recte
1340 4597 1632 4659 dicentem,
1675 4611 1774 4649 nec
1805 4610 1901 4665 po-

330 4699 504 4754 tuisse
535 4695 738 4765 aliquid
771 4691 1117 4757 confirmare,
1148 4690 1240 4745 sed
1267 4689 1337 4742 ob
1367 4689 1467 4740 hoc
1492 4695 1698 4747 tantum
1735 4687 1899 4743 inter-

331 4805 557 4856 rogasse.
583 4795 640 4840 ut
665 4785 1090 4844 contradicercs,
1119 4782 1260 4852 quad
1286 4780 1464 4850 quivis
1495 4781 1670 4834 facere
1702 4787 1898 4850 potest.

329 4881 475 4948 Quid
516 4879 660 4934 enim
725 4876 937 4931 diliicile
974 4883 1058 4929 est
1101 4881 1224 4943 post
1257 4871 1534 4926 evidentes
1573 4872 1902 4926 assertiones

333 4971 686 5040 respondere,
723 4969 856 5022 nihil
883 4968 1088 5022 dixisti.
1122 4963 1191 5018 Ut
1225 4973 1402 5016 autem
1439 4963 1582 5016 scias
1615 4962 1740 5031 quia
1776 4978 1902 5031 pos-

331 5080 455 5119 sunt
488 5061 583 5114 tibi
615 5078 720 5115 uno
751 5075 1002 5114 sermone
1045 5057 1351 5118 ostendere,
1383 5055 1526 5124 quod
1578 5054 1901 5108 immortalis

326 5164 420 5211 est
450 5154 650 5213 anima,
683 5151 1028 5222 interrogabo
1062 5159 1122 5205 te
1144 5149 1364 5203 verbum
1399 5145 1539 5216 quod
1582 5161 1769 5198 omnes
1799 5160 1899 5198 n0-

330 5254 487 5308 runt,
538 5242 810 5313 responde
838 5243 990 5303 mihi,
1020 5250 1074 5296 et
1104 5257 1212 5295 uno
1243 5255 1494 5295 sermone
1539 5237 1897 5291 immortalem

325 5354 456 5393 esse
480 5334 866 5405 comprobabo.
893 5333 1028 5387 Tum
1057 5333 1264 5392 Simon.
1294 5334 1385 5402 qui
1413 5331 1523 5399 jam
1555 5330 1899 5383 occasionem

327 5431 438 5485 sibi
486 5429 639 5482 visus
685 5425 862 5481 fuerat
922 5425 1193 5480 invenisse
1246 5441 1309 5479 ex
1355 5421 1638 5476 iracundia
1670 5419 1810 5474 Petri
1845 5427 1901 5472 ut

320 5521 655 5582 discederet,
701 5518 900 5573 restitit
941 5532 1038 5586 pro
1083 5533 1146 5571 eo
1183 5515 1327 5587 quod
1370 5515 1567 5568 mirum
1607 5513 1654 5567 ei
1697 5511 1899 5581 aliquid

321 5611 770 5684 promittebatur,
801 5615 855 5662 et
885 5609 996 5660 ait:
1030 5604 1301 5677 Interroga
1333 5623 1436 5668 me,
1469 5614 1526 5658 ut
1550 5603 1644 5657 tibi
1677 5619 1900 5671 respon—

318 5705 486 5757 deam
511 5701 654 5773 quod
691 5714 882 5754 omnes
920 5703 1142 5759 norunt,
1171 5705 1225 5749 et
1255 5695 1468 5749 audiam
1503 5710 1612 5749 uno
1651 5703 1706 5747 ut
1738 5694 1897 5761 polli-

315 5797 472 5848 citus
502 5811 561 5850 es
591 5807 859 5855 sermone,
901 5787 1185 5860 quomodo.
1212 5786 1388 5839 anima
1437 5786 1762 5839 immortalis
1790 5784 1898 5838 sit?
1945 5849 1948 5852 1

2009 3311 2121 3358 tam
2151 3320 2299 3369 esse,
2329 3319 2429 3374 pro
2455 3320 2519 3360 eo
2551 3305 2695 3375 quod
2729 3305 2996 3376 publicavi
3029 3306 3170 3359 mala
3201 3304 3343 3374 ejus,
3380 3322 3500 3376 quae
3531 3308 3584 3360 in

2009 3395 2240 3451 secretis
2290 3396 2522 3452 habebat
2571 3408 2623 3452 et
2672 3397 2726 3451 in
2772 3397 3038 3461 occultis,
3099 3398 3475 3468 pcenitentiam
3527 3413 3587 3453 se

2009 3494 2260 3540 acturum
2309 3488 2594 3557 promisit;
2629 3503 2718 3543 me
2749 3496 2929 3543 autem
2977 3489 3196 3543 mentiri
3231 3489 3313 3544 fas
3341 3506 3448 3542 non
3478 3499 3583 3554 est,

2008 3593 2186 3646 neque
2231 3590 2291 3632 ut
2341 3577 2577 3634 infidelis
2620 3579 2709 3633 hic
2744 3581 2985 3635 salvetur
3029 3587 3123 3634 aut
3165 3595 3274 3634 non
3316 3583 3582 3645 salvetur,

2007 3683 2108 3738 ego
2153 3668 2340 3724 fallere
2387 3669 2578 3725 debeo.
2623 3669 2821 3726 Testor
2859 3672 3004 3727 enim
3046 3672 3245 3726 cmlum
3272 3681 3325 3726 et
3355 3679 3583 3735 terram,

2008 3760 2134 3830 quia
2170 3776 2277 3816 non
2301 3761 2616 3832 prophetice
2643 3763 2786 3828 dixi,
2817 3778 2938 3833 qum
2969 3763 3079 3817 dixi
3115 3764 3199 3817 vel
3239 3779 3381 3834 qum,
3408 3778 3584 3834 quan-

2008 3859 2120 3908 tum
2151 3855 2409 3924 possibile
2442 3863 2580 3920 erat,
2611 3855 2788 3911 turbis
2819 3855 3165 3911 audientibus
3195 3856 3454 3919 indicavi,
3485 3857 3580 3911 sed

2009 3962 2040 4000 a
2067 3947 2396 4017 quibusdam
2431 3950 2520 4018 qui
2562 3955 2694 4003 tunc
2725 3949 2771 4003 ei
2805 3948 2940 4004 socii
2981 3948 3197 4002 fuerant
3237 3951 3291 4003 in
3322 3951 3582 4020 operibus

2008 4040 2146 4105 suis,
2179 4056 2327 4096 nunc
2356 4049 2538 4097 autem
2575 4043 2828 4098 conversi
2859 4051 2988 4097 sunt
3017 4043 3084 4096 ad
3119 4042 3279 4096 fidem
3312 4052 3578 4108 nostram,

2007 4133 2133 4202 quid
2162 4133 2211 4188 ei
2241 4133 2295 4186 in
2324 4140 2534 4188 secreto
2573 4142 2782 4204 gestum
2813 4134 2904 4198 sit,
2935 4133 3134 4198 didici;
3183 4136 3400 4204 cognita
3446 4151 3578 4204 ergo

2008 4240 2118 4278 non
2151 4226 2480 4294 praecognita
2515 4225 2732 4280 locutus
2766 4240 2908 4279 sum.

2078 4313 2263 4368 XLVI.
2310 4314 2498 4371 Simon
2531 4331 2659 4371 vero
2690 4325 2748 4370 ut
2778 4317 2891 4372 hzec
2919 4317 3126 4370 audivit
3161 4317 3466 4372 maledictis
3492 4316 3579 4373 his

2007 4413 2061 4460 et
2105 4407 2372 4462 conviciis
2421 4406 2730 4477 aggreditur
2756 4406 2998 4474 Petrum,
3043 4408 3273 4462 dicens:
3313 4406 3357 4463 Ο
3389 4409 3579 4462 nefan-

2007 4497 2235 4553 dissime
2267 4498 2511 4553 omnium
2545 4506 2597 4553 et
2627 4498 3002 4566 dolosissime,
3029 4497 3116 4552 cui
3144 4499 3430 4552 victoriam
3467 4497 3580 4552 for-

2004 4597 2159 4654 tuna,
2189 4605 2298 4643 non
2329 4590 2530 4646 veritas
2560 4591 2729 4646 dedit.
2761 4588 2962 4644 Verum
2992 4604 3092 4660 ego
3132 4603 3240 4644 non
3274 4605 3371 4660 pro
3404 4605 3576 4660 penu-

2006 4684 2086 4737 ria
2125 4683 2368 4738 scientiae
2408 4683 2783 4752 ptenitentiam
2826 4683 2980 4752 petii,
3030 4683 3122 4737 sed
3157 4690 3217 4736 ut
3261 4692 3349 4747 tu,
3384 4691 3578 4752 putans

2005 4790 2090 4828 me
2113 4787 2208 4842 per
2247 4772 2624 4842 ptenitentiam
2667 4773 2996 4843 discipulum
3038 4781 3190 4826 tuum
3231 4770 3367 4833 fore.
3396 4773 3576 4827 omnia

2005 4874 2212 4917 secreta
2258 4861 2620 4931 professionis
2667 4870 2773 4917 tuae
2809 4861 3169 4918 concrederes
3218 4862 3372 4920 mihi.
3406 4871 3465 4916 ut
3503 4862 3576 4916 ita

2003 4954 2218 5009 demum
2250 4961 2302 5008 te
2330 4955 2544 5010 cunctis
2575 4955 2774 5025 agnitis
2803 4954 3169 5010 confutarem.
3201 4952 3304 5008 Sed
3339 4964 3396 5008 ut
3426 4953 3579 5007 calli-

2003 5047 2106 5101 dus
2144 5047 2454 5102 intellexisti
2488 5063 2649 5117 quam
2685 5048 2757 5101 ob
2799 5062 3022 5101 causam
3065 5045 3456 5118 pmnitudincm
3501 5047 3576 5100 si-

2005 5141 2390 5202 mulassem,et
2411 5139 2732 5208 acquievisli
2755 5146 3012 5208 tanquam
3039 5153 3217 5193 meum
3248 5154 3355 5192 non
3382 5139 3576 5193 intelli-

2002 5247 2137 5302 gens
2167 5231 2376 5295 dolum,
2411 5241 2469 5285 ut
2500 5232 2652 5301 prius
2678 5247 2762 5286 me
2793 5231 2934 5301 apud
2967 5231 3226 5300 populum
3250 5246 3570 5300 exponeres,

2004 5324 2159 5391 quasi
2201 5322 2534 5391 imperitum,
2567 5333 2680 5376 tum
2711 5322 2908 5376 deinde
2947 5321 3271 5392 praevidens,
3297 5319 3444 5389 quod
3475 5335 3576 5389 ego

2004 5417 2078 5470 ita
2119 5415 2319 5485 populo
2365 5415 2651 5483 expositus
2697 5430 2923 5469 necesse
2978 5415 3152 5469 habeo
3199 5413 3470 5484 indignari
3521 5422 3575 5468 et

2003 5507 2248 5561 confiteri
2279 5522 2363 5561 me
2404 5521 2512 5560 non
2542 5522 2668 5560 vere
2696 5505 3094 5577 pmnitudinem
3125 5519 3338 5576 gerere,
3370 5519 3573 5574 praeve-

2003 5598 2154 5661 nisti,
2209 5608 2266 5650 ut
2310 5597 2524 5651 diceres
2575 5611 2661 5650 me
2703 5596 2769 5649 ad
2819 5595 3192 5650 infidelitatem
3243 5608 3418 5648 meam
3453 5602 3572 5662 pust

2003 5687 2375 5757 pmuitentiam
2405 5701 2802 5755 regressurum,
2833 5693 2891 5738 ut
2916 5685 3062 5738 omni
3092 5700 3158 5737 ex
3191 5691 3346 5754 parte
3376 5683 3573 5736 vicisse

2003 5777 2291 5843 videreris,
2335 5788 2387 5832 et
2433 5778 2476 5831 si
2521 5791 2894 5847 permanerem
2947 5777 3000 5831 in
3053 5775 3374 5847 pmnitentia
3405 5791 3568 5846 quam
