4048 6262
551 303 690 361 1M5

1439 294 1497 349 S.
1537 287 1929 348 CLEMENTIS
1971 285 1985 337 I
2029 280 2199 337 ROM.
2240 275 2443 333 ΡΟλΤ.
2485 273 2713 330 OPERA
2752 270 2978 328 DUBIA.

3627 274 3737 329 ISM

536 417 820 488 professus
872 416 1077 470 fueram
1101 452 1116 475 ,
1162 419 1217 467 et
1261 411 1306 467 si
1354 425 1465 464 non
1514 418 1910 478 permanerem,
1949 408 2011 454 ut
2052 406 2109 450 tu
2140 403 2187 467 Λ
2215 393 2385 463 magis
2407 390 2686 446 deflendus
2707 396 2793 444 est
2825 386 3037 450 Simon,
3073 384 3218 455 quod
3242 399 3338 439 vas
3383 384 3643 441 electionis
3670 389 3735 441 fa-

536 509 759 578 sapiens
798 506 1133 571 credet-eris,
1160 504 1251 573 qui
1298 504 1401 557 ista
1436 499 1775 571 praavideris,
1805 510 1904 564 ego
1932 502 2111 547 autem

536 603 799 671 deceptus
841 600 1075 658 viderer,
1124 598 1251 665 quia
1296 604 1447 647 tuum
1481 608 1589 645 non
1632 588 1857 660 ιπωγὶιίί
1895 586 2111 649 dolum;

539 702 600 747 tu
628 710 760 748 vero
803 708 981 746 meum
1016 689 1353 759 prmvidcns.
1385 685 1686 739 calliditate
1715 697 1849 735 usus
1878 680 2115 733 circum-

503 847 506 851 .
537 786 809 855 scripsisti
839 800 942 838 me.
971 782 1103 847 Sed,
1137 788 1194 835 ut
1224 781 1357 842 dixi,
1390 779 1621 832 fortunae
1644 783 1748 839 est,
1783 790 1892 827 non
1918 772 2115 839 verita-
2184 828 2189 832 ,

536 881 609 933 tis
642 880 748 933 ista
775 876 1001 931 victoria
1022 918 1035 940 ,
1075 875 1191 929 seio
1227 882 1405 926 tamen
1444 882 1544 923 cur
1569 883 1670 939 ego
1706 867 1811 921 ista
1841 882 1947 920 non
1977 880 2115 934 pra:-

538 972 787 1035 viderim,
824 970 953 1039 quia
1000 975 1187 1022 astans
1230 965 1444 1020 locutus
1480 977 1601 1017 sum
1647 960 1743 1015 tibi
1776 974 1871 1028 per
1902 957 2116 1013 bonita-

536 1071 646 1117 tem
676 1076 873 1124 meam,
897 1069 950 1114 et
975 1058 1242 1127 patienter
1271 1056 1354 1125 egi
1383 1065 1583 1108 tecum.
1614 1050 1771 1105 Nune
1800 1059 1981 1103 autem
2017 1047 2116 1101 tibi

536 1152 825 1208 ostendam
873 1150 1173 1206 divinitatis
1225 1162 1359 1202 mea:
1409 1144 1742 1216 potentiam,
1796 1150 1855 1196 ut
1893 1148 2117 1211 repente

537 1243 797 1314 procidas
832 1248 887 1296 et
919 1240 1113 1294 adores
1144 1253 1251 1292 me.

607 1331 814 1386 XLVII.
847 1331 959 1400 Ego
987 1344 1106 1385 sum
1128 1329 1301 1397 prima
1337 1325 1536 1387 virtus,
1562 1323 1657 1392 qui
1684 1333 1901 1390 semper
1920 1325 1975 1375 et
1998 1317 2117 1372 sine

539 1425 695 1479 initio
738 1439 879 1479 sum.
917 1420 1203 1492 Ingressus
1234 1425 1413 1472 autem
1440 1428 1654 1471 uterum
1694 1413 1923 1470 Rachel.
1954 1420 2117 1464 natus

539 1530 664 1569 sum
698 1522 756 1568 ut
788 1513 947 1565 homo
977 1526 1041 1565 ex
1070 1525 1156 1571 ea,
1190 1524 1299 1578 quo
1329 1507 1399 1561 ab
1423 1505 1740 1559 hominibus
1775 1500 1948 1556 videri
1988 1515 2118 1570 pos-

538 1621 691 1672 sem;
734 1618 836 1675 ego
869 1619 963 1673 per
990 1615 1170 1656 aerem
1215 1599 1412 1659 volavi,
1447 1596 1559 1668 igni
1590 1594 1912 1649 commistus
1943 1607 2115 1645 unum

537 1712 740 1766 corpus
782 1694 1008 1750 effectus
1043 1708 1195 1758 sum,
1231 1698 1447 1747 statuas
1480 1688 1687 1744 moveri
1729 1686 1856 1751 feci,
1879 1683 2116 1738 animari

2215 491 2337 536 ctus
2367 492 2450 536 est
2508 480 2785 549 maligno;
2842 477 2987 545 quod
3047 478 3234 545 utique
3275 491 3382 527 non
3417 473 3618 540 fuisset,
3654 478 3737 533 nisi

2214 580 2538 641 potestatem
2574 573 2630 624 in
2659 585 2783 624 eum
2809 583 2909 638 pro
2940 567 3185 636 peccatis
3226 564 3497 635 prioribus
3534 568 3742 636 accepis-

2216 670 2320 718 set.
2353 661 2489 715 Nam
2523 662 2649 715 inde
2668 660 2801 730 quid
2824 660 3026 721 dicam,
3046 659 3190 728 quod
3227 665 3281 712 et
3299 656 3425 712 Jesu
3456 665 3628 711 nostro
3644 675 3741 715 ere-

2215 754 2429 809 diderat
2458 758 2497 816 ¹,
2522 760 2577 807 et
2612 751 2759 822 quod
2786 751 3124 804 immortales
3151 765 3275 804 esse
3293 749 3497 801 animas
3526 749 3621 802 sibi
3650 750 3741 820 ipse

2215 846 2523 916 persuasit?
2552 843 2814 909 Quamvis
2854 843 2909 896 in
2961 857 3027 897 eo
3074 841 3292 894 ludatur
3336 855 3365 891 a
3411 839 3739 906 dazmonibus,

2216 931 2399 992 tamen
2435 936 2710 1007 persuasit
2764 935 2893 999 sibi,
2953 934 3097 1004 quod
3129 932 3282 1003 pueri
3314 932 3571 986 violenter
3595 934 3743 986 necati

2219 1027 2416 1082 habeat
2460 1028 2699 1081 animum
2754 1027 3154 1080 ministrantem
3198 1024 3301 1078 sibi
3341 1022 3408 1076 ad
3452 1039 3745 1092 quiecunque

2216 1121 2487 1186 voluerit;
2520 1121 2576 1174 in
2606 1134 2717 1189 quo
2749 1134 2893 1181 vere,
2925 1125 2984 1171 ut
3015 1117 3147 1175 dixi.
3180 1131 3210 1168 a
3234 1115 3565 1169 daemonibus
3592 1115 3744 1169 illudi-

2216 1220 2326 1267 tur.
2373 1211 2439 1265 Et
2464 1211 2586 1266 ideo
2618 1226 2719 1280 ego
2751 1208 3056 1265 secundum
3090 1224 3154 1262 ea
3177 1223 3299 1276 quas
3325 1207 3428 1276 ipsi
3465 1206 3747 1260 videbantur

2218 1302 2435 1357 loeutus
2457 1318 2576 1358 sum
2608 1303 2674 1356 ad
2697 1318 2857 1368 eum;
2885 1316 3009 1354 nam
3041 1308 3095 1354 et
3127 1316 3155 1352 a
3177 1297 3379 1353 Judmis
3402 1297 3602 1361 didicit,
3645 1298 3745 1366 quia

2219 1396 2290 1450 sit
2314 1394 2582 1464 judicium
2607 1402 2662 1447 et
2692 1395 2829 1449 ultio
2858 1393 3185 1464 proferenda
3215 1392 3503 1446 adversum
3543 1407 3647 1450 eos.
3672 1391 3745 1460 qui

2218 1494 2413 1542 contra
2453 1502 2638 1541 veram
2682 1486 2841 1541 fidem
2876 1487 3104 1542 veniunt
3138 1500 3239 1539 nec
3276 1484 3653 1554 pmnitudinem
3677 1499 3747 1551 ge-

2220 1586 2376 1646 runt;
2424 1579 2519 1634 sed
2552 1578 2640 1633 isti
2673 1588 2802 1634 sunt
2829 1578 3030 1648 quibus
3054 1578 3326 1648 malignus
3355 1586 3601 1645 tanquam
3642 1591 3747 1645 per-

2218 1668 2377 1725 fectis
2426 1670 2480 1723 in
2510 1669 2811 1725 sceleribus
2850 1676 3100 1739 apparet,
3157 1677 3223 1721 ut
3267 1668 3505 1738 decipiat
3545 1682 3655 1731 eos,
3696 1681 3751 1720 ne

536 1791 812 1852 exanima,
844 1788 1055 1859 lapides
1088 1802 1255 1856 panes
1286 1785 1411 1848 feci,
1450 1784 1518 1839 de
1549 1788 1735 1839 monte
1773 1781 1829 1835 in
1876 1786 2115 1833 montem
2148 1777 2191 1832 Β
2220 1763 2514 1832 aliquando
2538 1762 2604 1816 ad
2624 1763 3000 1832 Ροθηίῑεδηῐίαῐη
3032 1767 3445 1814 convertamur-

538 1884 738 1945 volavi,
773 1880 1125 1942 transmeavi,
1150 1877 1402 1932 manibus
1435 1876 1751 1946 angelorum
1783 1879 2122 1928 sustentatus

539 1977 610 2030 ad
642 1985 818 2030 terras
844 1971 1121 2027 descendi.
1154 1970 1281 2024 Ilaec
1299 1985 1407 2024 non
1431 1969 1607 2023 solum
1630 1967 1753 2029 feci,
1776 1965 1871 2021 sed
1901 1974 1954 2018 et
1977 1975 2124 2015 nunc

542 2065 721 2119 facere
741 2077 984 2131 possum,
1010 2068 1069 2114 ut
1096 2061 1260 2116 rebus
1287 2060 1422 2129 ipsis
1452 2059 1674 2128 probem
1703 2056 1979 2119 omnibus,
1998 2053 2123 2123 quia

539 2170 646 2225 ego
683 2170 803 2209 sum
836 2149 1005 2206 Filius
1037 2149 1129 2204 Dei
1159 2158 1313 2205 stans
1343 2150 1397 2202 in
1426 2158 1715 2211 aeternum,
1760 2156 1816 2200 et
1838 2145 2126 2200 credentes

543 2244 681 2299 mihi
714 2243 964 2299 similiter
995 2250 1141 2296 stare
1170 2242 1227 2295 in
1257 2248 1581 2310 perpetuum
1610 2237 1808 2292 faciam
1841 2234 1976 2306 (92).
2010 2232 2126 2286 Tua

547 2346 728 2392 autem
751 2336 914 2391 verba
944 2349 1083 2389 vana
1115 2340 1243 2389 sunt
1262 2333 1467 2396 omnia,
1494 2346 1595 2387 nee
1626 2331 1792 2385 ullum
1812 2336 1966 2398 potes
1988 2341 2126 2396 opus

544 2430 835 2485 ostendere
875 2428 1143 2487 veritatis.
1177 2427 1320 2482 sicut
1346 2435 1399 2481 et
1419 2426 1510 2480 ille
1535 2427 1629 2496 qui
1656 2424 1805 2478 misit
1831 2432 1883 2477 to
1912 2436 2123 2491 magus.

543 2523 639 2594 qui
673 2537 770 2575 nec
795 2538 853 2575 se
884 2522 1060 2589 ipsum
1093 2519 1269 2590 potuit
1300 2519 1532 2573 liberare
1560 2519 1628 2573 de
1656 2516 1840 2572 crucis
1875 2529 2056 2585 paena.

621 2611 850 2668 XLVIII.
888 2611 983 2667 His
1013 2611 1177 2666 dictis
1204 2626 1235 2665 a
1270 2609 1511 2674 Simone,
1548 2609 1745 2664 Petrus
1795 2605 2078 2678 respondit
2111 2623 2124 2659 :

550 2705 631 2760 Ne
670 2721 802 2776 agas
834 2704 1035 2767 aliena,
1067 2710 1127 2756 tu
1160 2702 1307 2758 enim
1335 2701 1483 2773 quod
1523 2702 1601 2757 sis
1633 2715 1829 2771 magus
1879 2715 1943 2754 ex
1996 2697 2130 2767 ipsis

550 2814 674 2868 quae
703 2796 946 2867 gessisti,
982 2794 1272 2850 confessus
1304 2809 1365 2849 es
1395 2801 1449 2849 et
1479 2792 1887 2858 manifestatus,
1943 2798 2131 2844 noster

548 2897 738 2943 autem
767 2888 1026 2958 magister
1058 2886 1153 2957 qui
1189 2894 1276 2941 est
1303 2884 1478 2940 Filius
1514 2884 1607 2947 Dei
1638 2891 1694 2938 et
1727 2881 1989 2945 hominis,
2015 2895 2126 2935 ma-

552 2979 751 3033 nifeste
784 2980 961 3035 bonus
990 2987 1105 3043 est;
1138 2977 1285 3047 quod
1318 2985 1499 3031 autem
1534 2991 1661 3029 vere
1685 2975 1757 3029 sit
1802 2972 1974 3026 Filius
2002 2970 2127 3032 Dei,

550 3071 754 3141 quibus
783 3071 1046 3140 oportuit,
1082 3070 1287 3125 dictum
1317 3075 1401 3122 est
1430 3074 1483 3120 et
1510 3066 1742 3120 dicetur.
1770 3062 1851 3117 Tu
1875 3069 2054 3115 autem
2084 3059 2131 3115 si

550 3180 662 3219 non
674 3165 757 3219 vis
769 3163 1018 3218 confiteri
1041 3161 1186 3233 quod
1205 3176 1396 3230 magus
1421 3174 1503 3221 es,
1526 3171 1651 3211 cum
1679 3156 1824 3210 omni
1849 3155 1950 3208 hac
1973 3154 2132 3207 turba

549 3264 844 3335 pergamus
863 3255 930 3310 ad
954 3254 1175 3309 domum
1196 3262 1367 3316 tuam,
1381 3258 1437 3305 et
1466 3258 1598 3321 tunc
1611 3246 1895 3318 apparebit
1922 3244 2046 3314 quis
2064 3243 2135 3299 sit

552 3368 767 3422 magus:
813 3347 941 3403 Haec
981 3354 1162 3402 mrtem
1191 3342 1355 3400 Petro
1387 3340 1622 3409 dicente,
1660 3337 1847 3394 Simon
1876 3335 2134 3407 blasphe-

554 3442 685 3496 niiis
713 3449 767 3495 et
798 3438 1107 3493 maledictis
1153 3452 1312 3507 agere
1340 3435 1526 3504 erepit,
1564 3441 1624 3488 ut
1672 3431 1937 3487 seditione
1969 3428 2132 3490 facta,

554 3531 895 3603 perturbatis
947 3528 1203 3583 omnibus
1245 3528 1398 3597 argui
1439 3541 1550 3580 non
1602 3530 1811 3595 posset,
1858 3528 1913 3577 et
1942 3518 2136 3575 Petrus

557 3624 718 3693 quasi
749 3621 1099 3691 blasphemiae
1132 3634 1297 3673 causa
1326 3618 1610 3679 secedens,
1634 3616 1810 3669 vietus
1836 3613 2133 3667 videretur.

561 3717 671 3773 Sed
702 3715 944 3785 perstitit
976 3720 1031 3767 et
1063 3727 1290 3781 arguere
1322 3727 1443 3765 eum
1470 3708 1845 3764 vehementius
1865 3706 2051 3775 erepit.

629 3804 819 3860 XLIX.
850 3803 1006 3858 Tune
1052 3803 1287 3873 populus
1321 3800 1637 3869 indignatus
1669 3795 1945 3850 Simonem
1998 3793 2140 3847 atrio

557 3897 799 3965 ejectum
836 3902 990 3950 extra
1017 3893 1243 3963 januam
1280 3889 1477 3942 domus
1507 3884 1739 3957 pepulit,
1784 3897 2017 3952 eumque
2046 3881 2141 3937 de-

560 3986 783 4058 pulsum
816 4000 958 4039 unus
977 3992 1199 4039 secutus
1227 3988 1309 4036 est
1326 3975 1682 4035 solus.Facto
1711 3983 1892 4030 autem
1924 3972 2142 4029 silentio

559 4072 759 4131 Petrus
792 4075 996 4144 alloqui
1037 4072 1297 4143 populum
1331 4070 1436 4123 hoc
1484 4067 1646 4122 modo
1677 4065 1844 4137 cmpit
1877 4084 1891 4120 :
1923 4064 2143 4120 Patien-

562 4176 668 4231 ter,
696 4168 915 4230 fratres,
952 4166 1129 4220 malos
1157 4164 1299 4219 ferre
1328 4161 1812 4225 debetis,scientes
1843 4158 1969 4228 quia
1999 4156 2143 4212 Deus

562 4276 690 4315 eum
746 4260 921 4330 possit
977 4273 1073 4312 eos
1122 4255 1409 4321 excidere,
1458 4253 1665 4325 patitur
1714 4238 1898 4305 tanien
1946 4249 2145 4303 durare

566 4366 742 4421 usque
776 4349 843 4405 ad
877 4349 1236 4419 prazsututam
1268 4345 1431 4409 diem,
1462 4345 1518 4398 in
1550 4357 1658 4412 qua
1688 4341 1757 4394 de
1776 4339 2030 4395 omnibus
2053 4339 2144 4407 ju-

2293 1854 2357 1910 L.
2388 1854 2503 1908 Vos
2547 1870 2676 1925 ergo
2709 1854 2801 1924 qui
2839 1854 2906 1907 ad
2939 1852 3227 1908 Dominum
3264 1850 3637 1907 convertimini
3676 1866 3752 1921 per

2223 1947 2624 2017 paenitentiam,
2651 1954 2875 2001 curvate
2904 1946 2951 2001 ei
2973 1961 3168 2017 genua.
3207 1944 3332 1998 Haec
3361 1959 3483 1997 eum
3523 1943 3739 1997 dixisset.

2225 2037 2403 2092 onmis
2440 2036 2733 2091 multitudo
2754 2051 2929 2106 genua
2962 2036 3109 2090 flexit
3141 2035 3270 2090 Deo.
3302 2034 3371 2088 Et
3402 2035 3584 2089 Petrus
3612 2032 3753 2102 respi-

2228 2131 2382 2184 ciens
2433 2129 2501 2183 ad
2546 2130 2769 2196 malum,
2803 2144 2927 2183 cum
2985 2128 3241 2198 Iaerymis
3276 2128 3469 2182 orabat
3497 2142 3643 2196 super
3660 2141 3752 2188 eos.

2229 2227 2288 2274 ut
2322 2221 2462 2275 Deus
2493 2221 2592 2290 pro
2624 2236 2720 2276 sua
2754 2221 2998 2275 bonitate
3032 2220 3313 2289 sdscipere
3359 2235 3455 2274 eos
3483 2218 3754 2289 dignaretur

2228 2312 2606 2383 confugientes
2642 2313 2709 2367 ad
2731 2328 2811 2367 se.
2842 2311 2905 2363 Et
2938 2320 3228 2381 postquam
3260 2311 3441 2365 oravit
3465 2317 3515 2365 et
3539 2308 3755 2380 praecepit

2229 2412 2289 2458 ut
2325 2414 2541 2474 postera
2570 2404 2659 2459 die
2696 2404 2964 2458 maturius
2995 2403 3375 2467 convenirent,
3403 2401 3754 2456 multitudinem

2228 2498 2457 2551 missam
2489 2496 2618 2551 fecit
2650 2495 2786 2567 (9'5).
2819 2494 2957 2548 Tum
2990 2493 3189 2548 deinde
3233 2494 3535 2549 secundum
3564 2504 3756 2547 consue-

2230 2588 2501 2651 tudinem,
2526 2587 2649 2641 cibo
2678 2593 2917 2656 sumpto,
2943 2584 3274 2655 quievimus.

2301 2680 2385 2734 Ll.
2432 2679 2594 2750 Igitur
2622 2678 2817 2733 Petrus
2852 2679 3016 2733 solita
3056 2677 3239 2732 noctis
3268 2677 3407 2731 hora
3434 2692 3751 2747 consurgens,

2231 2776 2443 2832 invenit
2483 2790 2584 2829 nos
2633 2774 2946 2844 vigilantes,
2982 2781 3034 2828 et
3065 2788 3191 2825 eum
3241 2787 3306 2827 ex
3362 2788 3511 2825 more
3554 2773 3755 2826 salutans

2231 2867 2592 2930 consedisset,
2643 2864 2855 2935 primus
2910 2864 3099 2919 Nieeta
3122 2866 3142 2895 ¹
3166 2865 3243 2918 ait
3271 2884 3284 2918 :
3313 2864 3375 2917 Si
3408 2865 3674 2935 permittis.
3700 2863 3755 2915 mi

2234 2962 2455 3016 domine
2483 2948 2661 3023 Petre,
2693 2958 2873 3012 habeo
2904 2957 3049 3027 quod
3087 2972 3293 3027 rogem.
3323 2957 3390 3010 Et
3412 2957 3594 3011 Petrus
3618 2976 3628 3010 :
3656 2954 3758 3009 Per-

2233 3053 2409 3114 mitto,
2429 3051 2630 3120 inquit,
2663 3065 2774 3104 non
2798 3049 2975 3104 solum
2996 3048 3090 3102 tibi
3116 3048 3215 3103 sed
3236 3054 3290 3102 et
3321 3048 3652 3108 omnibus.et
3674 3060 3757 3099 non

2238 3146 2415 3201 solum
2450 3142 2611 3197 modo
2640 3141 2734 3197 sed
2771 3150 2825 3197 et
2870 3156 3107 3209 semper,
3136 3148 3195 3194 ut
3236 3142 3604 3210 unusquisque
3645 3136 3759 3208 quod

2236 3250 2360 3288 eum
2391 3240 2594 3296 movet,
2626 3239 2680 3285 et
2720 3240 2926 3301 partem
2960 3244 3121 3298 quam
3147 3230 3296 3283 dolet
3336 3230 3391 3282 in
3423 3231 3597 3282 animo
3626 3227 3762 3279 fatea-

2238 3337 2360 3392 lar,
2399 3335 2458 3379 ut
2500 3325 2674 3395 possit
2704 3322 2962 3393 consequi
3017 3321 3368 3377 medicinam.
3398 3321 3524 3387 Qua:
3551 3321 3672 3375 enim
3704 3317 3761 3371 si-

2238 3419 2407 3474 lentio
2449 3423 2817 3486 conteguntur
2860 3429 2961 3469 nec
3019 3413 3375 3467 innotescunt
3436 3413 3616 3473 nobis,
3649 3409 3763 3463 velut

2239 3510 2395 3564 multi
2423 3509 2683 3578 temporis
2709 3506 2841 3560 vitia
2870 3504 3088 3558 difﬁcile
3114 3511 3404 3567 curantur,
3444 3512 3489 3558 et
3528 3503 3634 3556 ideo
3657 3516 3763 3569 quo-

2240 3606 2387 3657 niam
2424 3600 2736 3655 tacentibus
2768 3613 2875 3651 non
2919 3596 3077 3651 facile
3128 3603 3310 3666 potest
3361 3596 3562 3651 medela
3608 3607 3764 3662 oppor-

2241 3696 2360 3749 timi
2390 3702 2443 3750 et
2472 3695 2771 3749 necessarii
2818 3692 3090 3748 sermonis
3139 3692 3410 3758 adhiberi,
3453 3692 3672 3763 proferre
3694 3687 3764 3740 de-

2242 3790 2336 3843 bet
2379 3788 2764 3857 unusquisque
2806 3787 2861 3839 in
2909 3800 3020 3855 quo
3048 3785 3266 3840 animus
3321 3801 3420 3855 per
3458 3780 3763 3856 ignorantia".

2244 3880 2497 3950 languet;
2545 3875 2749 3931 tacenti
2784 3891 2915 3930 vero
2955 3874 3086 3930 dare
3136 3877 3443 3931 remedium
3496 3876 3652 3930 solius
3703 3874 3766 3921 est

2244 3971 2373 4038 Dei;
2426 3985 2720 4042 possumus
2764 3976 2947 4023 autem
2978 3976 3032 4023 et
3063 3983 3185 4032 nos,
3217 3968 3314 4023 sed
3366 3969 3592 4023 circuitu
3645 3960 3763 4016 multi

2244 4064 2533 4134 temporis.
2562 4062 2799 4117 Necesse
2826 4070 2912 4117 est
2956 4062 3101 4116 enim
3135 4068 3193 4114 ut
3233 4077 3417 4115 sermo
3455 4057 3688 4113 doctriua‘,
3715 4052 3765 4103 ab

2245 4156 2404 4211 initio
2448 4171 2545 4226 per
2573 4155 2821 4210 ordinem
2864 4169 3117 4218 currens,
3153 4161 3209 4208 et
3236 4155 3469 4224 singulis
3512 4151 3766 4221 quibusque

2246 4248 2644 4320 quaestionibus
2706 4247 2939 4300 obvians
2982 4252 3181 4299 cuncta
3238 4247 3469 4315 aperiat,
3519 4251 3569 4298 et
3613 4248 3767 4295 cuneta

2247 4344 2509 4399 dissolvat
2537 4348 2592 4395 et
2624 4340 2903 4409 perveniat
2934 4339 3098 4394 etiam
3130 4339 3195 4393 ad
3228 4339 3331 4393 hoc
3348 4340 3494 4409 quod
3522 4334 3765 4404 unusquis-

564 4443 769 4496 dicium
803 4440 923 4505 flet;
962 4439 1243 4508 quomodo
1266 4452 1396 4507 ergo
1424 4450 1525 4489 nos
1547 4449 1657 4487 non
1688 4433 1979 4502 patiemur,
2005 4446 2144 4500 quos
2178 4456 2220 4511 ο
2249 4451 2355 4505 que
2392 4435 2448 4487 in
2502 4432 2687 4486 animo
2738 4445 2839 4486 suo
2880 4430 3138 4500 requirit;
3176 4431 3270 4485 sed
3312 4431 3438 4494 hoc,
3472 4438 3529 4484 ut
3555 4428 3671 4490 dixi,
3698 4436 3769 4493 per

567 4535 773 4600 patitur
807 4530 995 4585 Deus?
1040 4532 1151 4587 Cur
1192 4535 1373 4581 autem
1420 4541 1528 4580 non
1563 4522 1693 4579 forti
1737 4524 1922 4576 animo
1967 4522 2146 4574 illatas

566 4626 639 4680 ab
660 4626 741 4679 eis
772 4624 1070 4677 toleramus
1098 4620 1354 4688 injurias,
1388 4634 1511 4672 eum
1564 4632 1694 4672 suas
1724 4616 1816 4670 ille
1847 4619 1938 4685 qui
1969 4621 2148 4684 potest

570 4717 757 4771 omnia
790 4729 900 4769 non
928 4712 1251 4775 ulciscatur,
1285 4718 1342 4764 ut
1371 4718 1425 4765 et
1454 4709 1629 4779 ipsius
1669 4708 1919 4769 bonitas,
1952 4716 2005 4760 et
2037 4720 2139 4757 ma-

2246 4526 2476 4580 multum
2517 4530 2737 4591 tempus
2772 4520 2887 4575 fieri
2910 4527 3110 4591 potest.
3140 4519 3297 4573 Nune
3340 4528 3521 4575 autem
3546 4515 3672 4587 quod
3698 4513 3770 4566 de-

2249 4617 2463 4675 sideras
2486 4630 2639 4685 roga.

2322 4708 2432 4763 LII.
2476 4706 2540 4758 Et
2583 4704 2771 4759 Nieeta
2812 4703 2927 4757 ait:
2962 4699 3171 4757 Uberes
3214 4702 3309 4757 tibi
3363 4701 3561 4772 gratias
3605 4710 3708 4766 ago,
3746 4705 3771 4743 0

575 4809 756 4863 lorum
788 4814 1053 4863 noscatur
1084 4803 1366 4873 impietas?
1390 4799 1591 4856 Verum
1639 4798 1687 4853 si
1715 4814 1821 4852 non
1854 4796 2153 4851 invenisset
2250 4797 2681 4855 clementissime
2719 4793 2901 4859 Petre,
2947 4810 3135 4849 verum
3193 4794 3295 4848 hoe
3324 4803 3410 4848 est
3434 4791 3574 4862 quod
3601 4790 3771 4841 discere

576 4898 854 4955 Simonem
878 4897 1153 4967 malignus
1173 4894 1489 4948 ministrum
1508 4889 1635 4958 sibi,
1650 4889 1954 4944 invenisset
1982 4888 2147 4941 alium

576 4993 696 5049 sine
727 4991 929 5055 dultio;
977 5002 1205 5043 necesse
1235 4992 1320 5041 est
1347 4985 1492 5039 enim
1527 4983 1729 5039 sazculo
1780 4981 1908 5035 huic
1963 4980 2149 5035 venire

575 5086 866 5153 scandala;
888 5100 963 5138 ut:
984 5092 1155 5136 tamen
1179 5079 1257 5134 illi
1279 5095 1371 5149 per
1395 5094 1547 5149 quem
1576 5076 1787 5130 veniunt
1815 5075 1902 5130 ¹⁰⁰.
1930 5072 1996 5125 Ει
2027 5073 2150 5128 ideo

2256 4890 2417 4960 cupio
2443 4907 2457 4943 :
2484 4888 2595 4943 Cur
2626 4887 2812 4942 Simon
2843 4885 2935 4956 qui
2956 4885 3277 4940 adversatur
3308 4884 3441 4947 Deo,
3473 4884 3637 4937 facere
3656 4882 3771 4931 tanta

2254 4984 2373 5037 hare
2400 4989 2456 5036 et
2490 4980 2620 5034 talia
2652 4978 2869 5049 potuit?
2905 4976 3022 5031 Non
3051 4977 3195 5031 enim
3224 4975 3485 5030 mentitus
3505 4980 3585 5028 est
3609 4960 3770 5034 aliquid

2255 5089 2323 5128 ex
2348 5072 2453 5137 his,
2493 5083 2614 5140 qua:
2649 5083 2708 5123 se
2754 5067 2951 5122 fecisse
2985 5065 3269 5135 professus
3300 5073 3406 5120 est.
3442 5064 3521 5117 Ad
3543 5066 3643 5116 haec
3673 5060 3771 5112 bea-

652 5226 721 5257 ¹⁰⁰
756 5222 946 5277 Matth.
978 5234 1133 5283 xviii,
1161 5218 1212 5272 7.
1291 5217 1307 5248 ⁸
1327 5215 1445 5269 Act.
1480 5230 1603 5281 vui,
1632 5213 1720 5267 I3.
1798 5213 1818 5243 ’
1855 5210 2070 5264 Primus
2100 5208 2301 5283 i'Vicet_a_
2322 5216 2377 5263 et
2406 5223 2526 5278 qua).
2558 5213 2866 5283 sequuntur
2892 5203 3155 5257 vocabula
3179 5217 3355 5273 usque
3383 5203 3452 5256 ad
3482 5192 3568 5254 illa
3593 5208 3695 5263 cap.
3719 5186 3771 5240 63

574 5307 795 5353 exortus
828 5303 909 5348 est
936 5301 1009 5356 et,
1055 5279 1164 5345 etc.
1190 5289 1247 5343 in
1276 5286 1399 5342 cod.
1428 5279 1843 5355 Lips.‘desunt;
1878 5298 1976 5337 nec
2006 5282 2146 5334 male
2176 5281 2416 5349 quidem,
2446 5288 2505 5332 ut
2528 5279 2764 5332 videtur.

1856 5414 2225 5473 COTELERII
2264 5414 2499 5470 NOTA‘Z.

649 5547 760 5618 (92)
798 5546 865 5599 Et
900 5539 1656 5618 credentes_ntilii,_sintiliter_
1678 5546 1839 5618 stare.
1864 5536 1934 5618 in_
1965 5550 2150 5603 perpe-

581 5607 725 5669 “ut...
746 5607 965 5683 faciam.
994 5614 1129 5665 II'iue
1149 5611 1439 5666 Menander
1452 5609 1693 5683 Simonis
1709 5607 2029 5683 discipulus,
2055 5620 2150 5658 eos

582 5706 673 5753 qui
705 5679 1033 5755 baptismum
1066 5698 1223 5735 suum
1258 5688 1602 5749 areepcrunt,
1627 5679 1840 5732 dicebat
1866 5682 2153 5733 immorta-

585 5759 663 5811 les
696 5768 1105 5827 permansuros.

2332 5532 2443 5602 (95)
2482 5529 2535 5583 Μ
2542 5530 2875 5602 altitudinem
2898 5530 3115 5602 missam
3137 5526 3276 5595 fecit.
3300 5524 3486 5602 Risum
3510 5518 3769 5602 tene-refl?

2259 5583 2440 5673 potui:
2459 5616 2580 5653 eum
2608 5617 2705 5673 pro
2737 5590 2841 5663 his,
2869 5601 2919 5652 in
2958 5583 3250 5667 iiuposiore
3274 5583 3769 5673 pscii‘lo«.-'\_luli_:l'“‘5‘:

2259 5659 2576 5738 sacri/ictum
2610 5659 2766 5735 'i'ecit,
2820 5659 2975 5739 quasi
3031 5659 3295 5737 scriptum
3333 5672 3478 5719 esset
3515 5659 3770 5713 duntaxat.

2264 5744 2477 5796 missam
2510 5743 2649 5797 fecit.
