4048 6262
327 326 472 384 1505

325 451 417 495 tus
448 440 645 495 Petrus
691 441 764 494 ita
802 437 1084 510 respondit
1111 452 1123 487 :
1150 433 1295 490 Deus
1344 432 1438 502 qui
1481 448 1624 486 unus
1652 439 1706 486 et
1735 444 1896 484 verus
1925 429 1973 486 Α

324 541 432 594 est,
459 533 832 602 Primogenito
863 545 964 584 suo
994 529 1200 583 amicos
1230 528 1402 582 bonos
1431 532 1485 580 et
1523 523 1706 578 fideles
1741 522 1899 576 insti-

326 627 433 679 tuit
467 639 802 694 praeparare;
835 621 1018 676 sciens
1051 627 1232 674 autem
1267 619 1394 684 quia
1441 617 1572 671 boni
1615 632 1740 672 esse
1789 631 1900 669 non

327 724 583 786 possunt,
639 714 745 768 nisi
810 713 1046 766 habeant
1095 711 1150 764 in
1196 717 1466 779 potestate
1516 723 1738 763 sensum
1793 721 1902 776 quo

330 806 464 860 ﬁant
509 805 656 866 boni,
691 811 754 857 ut
794 820 862 858 ex
909 819 1009 858 suo
1051 803 1330 872 preposito
1375 801 1477 854 hoc
1505 800 1614 853 sint
1637 798 1780 869 quod
1807 813 1896 850 voc

327 901 471 959 lunt,
513 896 716 966 alioqui
764 911 873 949 non
927 903 1158 964 possunt
1201 909 1326 949 esse
1364 908 1490 946 vere
1533 892 1682 954 boni,
1714 890 1759 944 si
1791 904 1902 942 non

331 989 614 1061 proposito.
657 989 752 1042 sed
802 988 1130 1042 necessitate
1161 992 1479 1039 tenerentur
1516 983 1572 1036 in
1620 982 1782 1044 bono,
1808 997 1906 1049 po-

331 1093 580 1138 testatem
629 1081 778 1135 dedit
823 1080 1117 1148 unicuique
1163 1077 1380 1137 arbitrii
1425 1075 1533 1139 sui,
1565 1082 1623 1127 ut
1654 1074 1758 1127 hoc
1784 1088 1907 1127 esse

333 1176 507 1245 possit
534 1172 680 1244 quod
703 1173 834 1226 vult.
864 1171 930 1224 Et
950 1187 1168 1226 rursum
1198 1169 1501 1239 prmvidens
1521 1168 1649 1236 quia
1675 1167 1778 1220 ista
1809 1180 1906 1234 po-

333 1276 506 1322 testas
556 1265 794 1325 arbitrii.
825 1264 966 1319 alios
1000 1264 1222 1333 quidem
1261 1261 1467 1316 faceret
1505 1260 1707 1328 eligere
1738 1258 1903 1318 bona,

334 1357 473 1412 alios
503 1372 632 1410 vero
663 1355 826 1417 mala,
857 1365 909 1408 et
937 1369 1033 1424 per
1077 1353 1180 1406 hoc
1211 1353 1266 1406 in
1305 1351 1444 1406 duos
1472 1351 1694 1404 ordines
1717 1364 1907 1403 neces-

335 1450 482 1504 sario
513 1447 928 1518 propagandum
969 1453 1112 1500 esset
1144 1445 1428 1500 hominum
1459 1459 1658 1513 genus,
1693 1441 1908 1494 unicui-

336 1558 439 1610 que
467 1540 645 1595 ordini
678 1527 951 1595 concessit
977 1547 1031 1593 et
1065 1539 1242 1592 locum
1273 1544 1330 1590 et
1380 1551 1582 1605 regem,
1614 1549 1774 1604 quem
1797 1533 1908 1586 vel-

334 1633 408 1687 let
430 1633 659 1704 eligere;
696 1634 874 1686 bonus
917 1631 1066 1686 enim
1098 1646 1194 1685 rex
1226 1629 1388 1684 bonis
1412 1629 1634 1697 gaudet,
1665 1635 1719 1682 et
1749 1627 1909 1680 mali-

331 1741 475 1796 gnus
507 1725 685 1779 malis.
730 1723 796 1776 Et
826 1723 1077 1793 quamvis
1102 1722 1216 1776 haec
1253 1721 1376 1783 tibi,
1399 1735 1432 1773 ο
1458 1718 1730 1781 Clemens,
1763 1718 1817 1770 in
1845 1730 1909 1770 eo

332 1825 592 1880 tractatu,
629 1833 789 1886 quem
824 1816 892 1870 de
926 1813 1288 1885 praefinitione
1302 1820 1356 1867 et
1382 1811 1485 1864 line
1516 1810 1906 1870 disserueram,

330 1911 553 1980 plenius
585 1906 955 1977 exposuerim,
982 1913 1165 1959 tamen
1205 1909 1261 1958 et
1293 1917 1438 1956 nunc
1477 1901 1780 1970 requirenti
1817 1899 1912 1953 Ni-

325 2013 472 2057 cetze
501 1999 858 2054 manifestare
884 2014 972 2052 me
995 1997 1252 2052 convenit
1309 2010 1430 2064 qua:
1471 1995 1543 2048 sit
1573 1993 1734 2058 ratio,
1769 1991 1913 2065 quod

325 2094 527 2148 Simon
572 2093 667 2164 qui
698 2099 889 2146 contra
924 2089 1092 2145 Deum
1127 2089 1312 2153 sentit,
1346 2094 1498 2140 tanta
1543 2085 1721 2140 facere
1755 2085 1920 2138 mira-

321 2186 468 2241 bilia
499 2185 695 2256 potuit.

391 2273 544 2329 LIII.
588 2275 758 2346 Igitur
784 2274 960 2345 primo
987 2271 1255 2335 omnium.
1280 2269 1459 2324 malus
1485 2283 1609 2326 esse
1635 2267 1917 2336 iudicatur

319 2367 482 2439 apud
528 2367 700 2422 Deum
732 2367 799 2430 is,
826 2366 920 2436 qui
965 2363 1247 2434 requirere
1284 2377 1392 2415 non
1441 2361 1577 2424 vult,
1610 2361 1759 2430 quod
1808 2359 1914 2414 sibi

324 2460 579 2530 expedit.
601 2457 887 2524 Quomodo
917 2457 1063 2510 enim
1095 2455 1224 2508 talis
1255 2454 1358 2508 iste
1389 2452 1559 2506 alium
1586 2452 1793 2521 diliget,
1821 2451 1913 2520 qui

324 2551 700 2620 semetipsum
725 2565 834 2603 non
874 2546 1216 2618 diligit?Aut
1256 2545 1343 2599 cui
1377 2561 1486 2598 non
1521 2544 1624 2598 iste
1660 2543 1916 2596 inimicus

324 2644 460 2706 erit,
488 2641 583 2710 qui
615 2640 718 2694 sibi
748 2639 853 2710 ipsi
896 2639 1108 2692 amicus
1149 2653 1274 2691 esse
1306 2652 1414 2690 non
1445 2635 1663 2706 potuit?
1687 2633 1756 2689 Ut
1785 2649 1918 2703 ergo

323 2735 812 2803 distinguerentur
839 2731 934 2801 qui
964 2729 1106 2782 bona
1132 2736 1187 2782 et
1214 2728 1308 2798 qui
1339 2728 1551 2797 eligunt
1584 2727 1750 2788 mala,
1771 2725 1916 2780 Deus

323 2826 484 2898 quod
517 2825 649 2878 utile
676 2830 760 2878 est
782 2821 1078 2877 occultavit
1109 2821 1444 2883 hominibus,
1477 2820 1530 2874 id
1560 2828 1664 2880 est,
1697 2834 1919 2889 posses-

321 2921 560 2974 sionem
590 2916 743 2986 regni
790 2915 1078 2976 coalorum,
1109 2929 1340 2982 eamque
1391 2914 1536 2966 velut
1595 2912 1916 2965 thesaurum

320 3019 620 3068 secretum
653 3011 896 3078 reposuit
925 3017 976 3061 et
1011 3006 1320 3068 abscondit,
1356 3014 1416 3059 ut
1447 3003 1514 3058 ad
1540 3020 1659 3058 eam
1694 3020 1802 3057 non
1835 3002 1918 3056 fa—

321 3105 438 3159 cile
476 3101 608 3172 quis
651 3100 822 3170 possit
857 3099 1054 3154 virtute
1101 3105 1155 3151 et
1199 3096 1429 3151 scientia
1471 3098 1756 3165 pervenire
1789 3110 1917 3190 pro;
1947 3132 1990 3190 ο

321 3195 482 3265 pria,
517 3194 720 3265 famam
743 3199 925 3244 tamen
955 3189 1099 3257 ejus,
1125 3188 1362 3242 diversis
1392 3187 1708 3241 nominibus
1725 3198 1774 3239 et
1800 3187 1914 3256 Opi-

319 3269 719 3354 nionibusrper
734 3281 1117 3354 generationes
1145 3280 1393 3349 singulas
1425 3278 1492 3332 ad
1523 3281 1769 3332 omnium
1797 3294 1922 3349 per-

319 3379 501 3435 duxit
537 3377 804 3439 auditum,
845 3382 902 3427 ut
941 3375 988 3427 si
1019 3373 1112 3442 qui
1145 3371 1286 3425 forte
1313 3378 1498 3425 essent
1525 3382 1798 3426 amatores
1827 3372 1922 3426 bo-

319 3470 412 3532 ni,
451 3467 746 3521 audientes
788 3465 934 3534 quod
973 3463 1078 3518 sibi
1123 3470 1270 3518 esset
1321 3462 1453 3515 utile
1485 3469 1538 3516 et
1570 3462 1810 3516 salutare
1837 3478 1924 3516 re-

317 3559 635 3629 quirerent
675 3565 729 3611 et
780 3555 1125 3619 invenirent;
1160 3553 1504 3623 requirerent
1543 3561 1724 3608 autem
1758 3569 1865 3606 non
1893 3570 1922 3607 a

315 3648 684 3733 semetipsis,
715 3649 808 3703 sed
852 3647 920 3702 ab
967 3659 1034 3702 eo
1087 3647 1179 3716 qui
1207 3645 1524 3708 occultavit,
1557 3645 1786 3714 darique
1818 3645 1924 3699 sibi

319 3739 653 3798 accedendi
705 3739 911 3792 aditum
969 3749 1023 3794 et
1075 3741 1217 3794 viam
1273 3739 1515 3793 scientia:
1548 3744 1921 3806 precarentur,

309 3845 461 3901 qum
502 3826 622 3880 illis
640 3827 774 3880 solis
814 3827 1076 3904 panditur
1104 3828 1194 3896 qui
1219 3843 1338 3882 eam
1361 3843 1527 3896 super
1553 3827 1735 3880 omnia
1767 3842 1929 3880 mun-

309 3925 376 3979 di
415 3920 604 3989 hujus
642 3919 934 3990 diligerent
977 3922 1142 3986 bona,
1179 3936 1280 3976 nec
1328 3921 1436 3974 alio
1481 3922 1606 3990 quis
1653 3927 1812 3990 pacto
1841 3921 1925 3975 vel

307 4014 659 4083 intelligere
700 4027 818 4066 eam
848 4013 1020 4082 possit
1049 4014 1262 4068 etiamsi
1285 4013 1756 4084 prudentissimus
1781 4014 1926 4067 vide-

308 4116 528 4172 retur;
569 4103 624 4156 hi
665 4119 816 4168 vero,
851 4106 945 4174 qui
984 4105 1355 4175 neglexissent
1400 4105 1545 4175 quod
1577 4104 1682 4158 sibi
1714 4105 1846 4159 utile
1871 4112 1926 4159 et

300 4201 595 4256 salutare
622 4203 768 4249 esset
793 4197 1090 4266 inquirere,
1116 4207 1374 4268 tanquam
1405 4214 1462 4252 se
1494 4197 1644 4267 ipsos
1673 4197 1799 4251 odio
1829 4198 1926 4250 lia--

302 4295 534 4348 luentes
573 4294 634 4340 et
676 4290 985 4358 semetipsis
1011 4290 1219 4344 inimici
1255 4289 1647 4346 fraudarentur
1667 4291 1789 4360 ejus
1823 4291 1923 4346 bo-

296 4385 428 4444 nis,
471 4380 645 4437 velut
678 4379 770 4449 qui
807 4379 1094 4450 diligerent
1123 4383 1288 4438 mala.

1478 307 2046 370 RECOGNITIONUM
2078 307 2207 363 LIB.
2248 305 2317 359 Ill

3432 307 3571 362 15ἰ16

2000 436 2179 480 autem
2212 423 2360 479 Deus
2388 430 2648 485 aeternus,
2682 437 2734 475 et
2776 425 3184 481 muemutabilis
3221 443 3566 495 permanens.
3623 417 3627 424 ’

2001 513 2105 580 Qui
2139 529 2270 584 ergo
2312 529 2422 568 non
2465 513 2580 566 vult
2629 513 2908 582 inquirere
2959 516 3104 583 quod
3157 519 3258 570 sibi
3294 523 3425 574 utile
3466 529 3572 583 est,

2001 607 2180 660 malus
2209 615 2314 670 est,
2349 607 2401 660 in
2435 613 2645 659 tantum
2677 614 2736 659 ut
2773 607 2979 660 malitia
3027 624 3125 662 sua
3171 612 3347 678 ipsum
3382 614 3572 684 imple-

2003 700 2134 753 tatis
2165 700 2461 768 principem
2506 706 2746 767 superet.
2780 698 2873 754 Ille
2900 699 3043 753 enim
3076 701 3316 759 bonitate
3345 706 3434 760 Dei
3475 710 3576 761 ab-

2005 791 2176 843 utitur
2207 791 2272 843 ad
2309 791 2648 860 propositum
2683 792 2904 846 malitia:
2939 809 3072 856 suae,
3119 805 3173 848 et
3202 797 3304 850 sibi
3359 799 3573 868 placet;

2005 880 2096 935 hic
2123 889 2304 935 autem
2337 882 2531 936 salutis
2582 898 2693 936 suae
2725 883 2866 936 bona
2892 887 3140 957 negligit,
3172 896 3232 940 ut
3267 891 3575 958 perditione

2008 971 2091 1027 sui
2133 973 2276 1026 malo
2306 975 2537 1042 placeat.

2081 1062 2192 1120 LV.
2234 1065 2466 1134 Propter
2498 1067 2600 1122 hos
2621 1083 2772 1138 ergo,
2813 1071 2906 1140 qui
2940 1072 3132 1127 salutis
3176 1089 3288 1128 suae
3330 1079 3577 1148 neglectu

2009 1156 2226 1226 placent
2259 1157 2424 1219 malo,
2451 1165 2504 1212 ct
2534 1174 2628 1214 eos
2663 1161 2756 1229 qui
2805 1162 2985 1217 studio
3015 1165 3270 1222 utilitatis
3311 1184 3423 1222 sua:
3465 1171 3582 1239 pla-

2010 1263 2135 1303 cere
2183 1249 2415 1318 cnpiunt
2464 1252 2627 1315 bono,
2663 1255 2815 1323 paria
2857 1257 3102 1325 quaedam
3125 1261 3194 1314 ad
3225 1263 3579 1317 tentationem

2010 1343 2265 1410 praesenti
2300 1343 2425 1396 huic
2474 1346 2674 1397 saeculo
2721 1354 2924 1400 statuta
2957 1360 3084 1402 sunt
3126 1350 3337 1415 decem,
3378 1370 3580 1408 secun-

2012 1431 2142 1486 dum
2195 1449 2480 1488 numerum
2529 1435 2715 1489 decem
2767 1440 3048 1508 plagarum
3082 1458 3202 1511 qua:
3250 1445 3411 1499 illatae
3455 1456 3584 1502 sunt

2013 1523 2268 1596 Egypto.
2302 1525 2437 1581 Cum
2469 1529 2613 1582 enim
2669 1529 2881 1601 Moyses
2913 1535 3214 1588 secundum
3250 1550 3580 1608 praeceptum

2013 1615 2107 1671 Dei
2142 1625 2347 1686 peteret
2385 1634 2415 1672 a
2447 1618 2752 1685 Pharaone,
2791 1630 2848 1676 ut
2893 1626 3167 1680 emitteret
3215 1631 3496 1698 populum,
3529 1639 3584 1686 et

2016 1710 2083 1764 ad
2115 1713 2486 1765 testimonium
2523 1715 2768 1769 cmlestis
2810 1715 3021 1786 imperii
3057 1720 3211 1788 signa
3250 1722 3584 1790 ostenderet,

2017 1802 2258 1872 projecta
2287 1803 2341 1857 in
2372 1811 2573 1858 terram
2617 1806 2768 1876 virga
2808 1822 3072 1863 conversa
3127 1820 3212 1865 est
3257 1811 3312 1865 in
3366 1829 3588 1884 serpen-

2015 1899 2123 1946 tem
2153 1893 2194 1946 ³.
2225 1892 2472 1962 Cumque
2507 1895 2576 1949 ob
2612 1896 2726 1951 hac
2758 1896 2972 1952 Pharao
3021 1915 3128 1954 non
3171 1901 3330 1956 vellet
3369 1904 3591 1972 acquie-

2017 1997 2196 2044 scere,
2229 1991 2418 2053 utpote
2472 1985 2681 2042 habens
2727 1987 2942 2042 arbitrii
2995 1990 3322 2057 libertatem,
3367 2008 3586 2048 rursum

2018 2074 2162 2144 magi
2213 2075 2414 2129 similia
2451 2078 2607 2147 signa
2662 2079 2842 2135 facere
2895 2082 2996 2136 visi
3051 2092 3203 2150 sunt,
3245 2087 3590 2154 permittente

2016 2163 2148 2230 Deo,
2184 2175 2242 2220 ut
2295 2171 2634 2238 propositum
2679 2173 2824 2243 regis
2875 2175 3200 2244 probaretur
3251 2194 3317 2233 cx
3372 2181 3589 2234 arbitrii

2018 2258 2292 2324 libertate,
2323 2260 2368 2314 si
2411 2262 2582 2332 magis
2606 2265 2856 2321 crederet
2885 2267 3058 2338 signis
3077 2267 3248 2340 Moysi
3281 2272 3374 2340 qui
3409 2287 3441 2325 a
3479 2272 3588 2328 Deo

2017 2350 2222 2406 missus
2252 2361 2356 2415 est,
2396 2369 2558 2423 quam
2605 2356 2692 2411 his
2722 2373 2844 2427 qua:
2875 2361 3016 2430 magi
3049 2361 3378 2417 videbantur
3405 2367 3592 2435 potius

2021 2441 2218 2506 facere,
2250 2458 2413 2513 quam
2461 2443 2768 2514 faciebant;
2803 2465 2939 2519 quos
2970 2452 3118 2520 ipsos
3153 2453 3340 2524 utique
3373 2459 3593 2512 nomine

2019 2533 2323 2604 intelligere
2379 2535 2643 2591 debuerat
2701 2556 2808 2594 non
2840 2557 2964 2597 esse
3007 2547 3292 2612 cperarios
3321 2549 3591 2614 veritatis,

2019 2625 2164 2696 quod
2220 2642 2328 2681 non
2362 2641 2391 2680 a
2438 2626 2549 2683 Deo
2602 2630 2755 2687 missi
2803 2633 2897 2687 sed
2951 2637 3092 2706 magi
3153 2639 3590 2707 appellabantur,

2019 2719 2164 2771 sicut
2185 2729 2236 2772 et
2268 2720 2492 2775 traditio
2519 2723 2748 2778 indicat.
2772 2723 3017 2797 Denique
3049 2745 3223 2799 usque
3249 2732 3313 2785 ad
3356 2734 3593 2804 aliquem

2019 2807 2200 2861 locum
2227 2810 2326 2864 visi
2351 2821 2480 2865 sunt
2515 2813 2718 2869 habere
2750 2825 3048 2881 certamen,
3083 2830 3136 2875 et
3165 2830 3291 2892 post
3322 2823 3434 2878 haec
3462 2841 3597 2881 con-

2020 2901 2150 2958 fessi
2187 2903 2255 2958 de
2293 2921 2352 2960 se
2392 2922 2611 2962 cessere
2641 2909 2854 2965 meliori
2881 2909 2918 2968 ⁸.
2967 2913 3254 2970 lnducitur
3279 2933 3409 2989 ergo
3435 2922 3592 2991 plaga

2020 2999 2210 3051 ultima
2233 2999 2275 3062 ',
2303 3001 2558 3056 interitus
2607 3005 3027 3073 primitivorum,
3083 3015 3138 3062 et
3188 3015 3322 3064 tunc
3379 3013 3594 3084 Moyses

2019 3089 2244 3157 jubetur
2296 3093 2560 3162 p0pulum
2621 3098 3011 3164 conspersione
3053 3102 3338 3169 sanguinis
3399 3119 3595 3159 conse-

2023 3197 2201 3246 crare,
2232 3191 2394 3253 atque
2447 3185 2519 3238 ita
2569 3202 2763 3256 magna
2803 3203 2928 3240 cum
2981 3206 3138 3258 prece
3176 3193 3376 3248 oblatis
3425 3197 3593 3249 etiam

2023 3277 2365 3340 muneribus,
2399 3292 2522 3330 cum
2554 3280 2754 3348 populo
2789 3291 3010 3349 rogatur
3041 3283 3362 3342 abscedere.

2094 3365 2227 3420 LVI.
2255 3366 2428 3421 Simili
2459 3384 2589 3438 ergo
2618 3369 2779 3424 modo
2819 3372 2979 3426 etiam
3011 3390 3158 3428 nunc
3200 3392 3295 3445 per
3326 3393 3413 3432 me
3441 3378 3597 3432 video

2025 3459 2161 3527 geri.
2196 3459 2348 3514 Sicut
2377 3461 2522 3514 enim
2581 3469 2710 3515 tunc
2769 3463 2954 3534 Moyse
3006 3466 3261 3522 hortante
3316 3485 3496 3541 regem
3538 3481 3589 3525 ut

2026 3549 2272 3605 crederet
2307 3550 2432 3616 Deo,
2460 3553 2806 3609 obsistebant
2848 3557 2990 3627 magi
3034 3560 3191 3628 quasi
3230 3563 3598 3619 ostentatione

2027 3640 2288 3692 similimn
2316 3643 2620 3712 signorum,
2645 3654 2697 3699 et
2720 3663 2750 3699 a
2781 3648 2960 3704 salute
2991 3649 3302 3707 incredulos
3343 3655 3592 3723 prohibe-

2026 3733 2178 3792 bant,
2214 3733 2287 3786 ita
2321 3746 2376 3788 et
2431 3752 2577 3790 nunc
2606 3753 2730 3790 cum
2761 3754 2860 3805 ego
2897 3742 3120 3795 exierint
3177 3743 3372 3799 docere
3409 3762 3600 3801 omnes

2026 3835 2217 3895 gentes
2244 3834 2303 3880 ut
2333 3830 2556 3883 credant
2595 3847 2722 3885 vero
2756 3829 2886 3895 Deo,
2923 3832 3108 3889 Simon
3145 3833 3332 3908 Magos
3367 3842 3595 3902 resistit,

2026 3915 2214 3969 eadem
2244 3931 2412 3987 agens
2440 3918 2727 3974 adversmn
2757 3937 2861 3985 me,
2887 3939 3008 3990 quae
3036 3933 3089 3977 et
3111 3924 3187 3978 illi
3214 3935 3342 3981 tunc
3370 3940 3598 3997 egerunt

2029 4009 2317 4063 adversum
2346 4010 2592 4082 Moysen,
2620 4021 2678 4065 ut
2709 4017 2753 4067 si
2785 4017 2875 4082 qui
2911 4027 3041 4071 sunt
3070 4035 3133 4072 ex
3180 4025 3460 4090 gentibus,
3504 4027 3598 4091 qui

2029 4117 2135 4154 non
2169 4111 2319 4158 recto
2345 4105 2556 4172 judicio
2610 4113 2874 4171 utuntur,
2927 4124 3260 4180 appareant,
3319 4118 3599 4171 salvantur

2031 4203 2211 4247 autem
2248 4195 2341 4262 qui
2371 4194 2650 4265 signorum
2682 4206 2892 4252 rectum
2941 4191 3237 4257 discrimen
3285 4205 3596 4264 habuerint.

2029 4283 2155 4339 Ilaec
2188 4286 2403 4342 dicente
2445 4285 2625 4350 Petro,
2658 4288 2846 4344 Niceta
2879 4294 3155 4362 respondit
3197 4315 3209 4348 :
3243 4297 3482 4352 Obsecro
3523 4309 3596 4362 te,

2029 4385 2090 4431 ut
2117 4377 2161 4432 si
2193 4377 2324 4448 quid
2354 4379 2420 4432 ad
2456 4381 2774 4434 memoriam
2805 4383 2972 4444 venit,
2998 4385 3283 4452 permittas
3319 4389 3447 4442 mihi
3474 4406 3600 4460 pro.

379 4471 545 4528 L|V_
593 4467 830 4540 Oportet
859 4487 988 4542 ergo
1015 4473 1188 4528 bonos
1213 4474 1438 4544 diligere
1461 4491 1579 4530 eam
1607 4491 1772 4546 super
1800 4491 1918 4530 om-
1954 4473 1998 4529 D
2030 4467 2192 4522 ferre.
2225 4466 2360 4522 Tum
2389 4467 2586 4525 Petrus
2615 4471 2916 4528 delectatus
2945 4491 3111 4544 super
3131 4479 3314 4532 studio
3355 4479 3600 4550 discipu-

294 4567 428 4630 nia,
485 4564 550 4618 id
621 4569 728 4627 est,
773 4578 940 4633 super
983 4564 1228 4629 divitias,
1256 4567 1509 4636 gloriam,
1547 4569 1811 4639 requiem,
1840 4585 1930 4638 pa-

295 4664 548 4717 rentes,
593 4652 966 4722 propinquos,
998 4653 1207 4708 amicos
1245 4665 1299 4710 et
1353 4672 1513 4711 omne
1559 4658 1779 4727 quodin
1827 4659 1930 4712 hoc

295 4747 546 4804 mundo
588 4751 704 4797 est.
741 4743 843 4808 Qui
874 4759 1006 4798 vero
1035 4745 1280 4815 perfecte
1312 4747 1486 4818 diligit
1522 4751 1928 4820 possessionem

290 4847 470 4900 hanc
523 4837 700 4906 regni
751 4839 1038 4901 caelorum,
1087 4839 1308 4909 abjiciet
1365 4843 1486 4897 sine
1520 4841 1687 4898 dubio
1709 4859 1930 4900 omnem

289 4933 488 4992 mala:
524 4930 966 4985 consuetudinis
988 4947 1174 4996 usum,
1204 4933 1613 5003 negligentiam,
1633 4935 1922 5000 desidiam,

285 5021 646 5081 malitiam,
673 5016 832 5082 iram,
859 5028 1168 5091 cunctaque
1198 5021 1284 5077 his
1315 5024 1532 5078 similia.
1564 5022 1698 5081 Nam
1726 5025 1774 5080 si
1796 5026 1928 5096 quid

285 5120 531 5174 horum
590 5109 909 5176 prtetuleris
955 5112 1026 5175 ei,
1077 5121 1336 5183 tanquam
1379 5115 1472 5185 qui
1504 5116 1626 5185 plus
1665 5115 1927 5173 dilexeris

282 5205 577 5283 propriae
611 5197 858 5255 libidinis
881 5202 1010 5255 vitia
1040 5219 1201 5272 quam
1227 5205 1416 5270 Deum,
1435 5207 1504 5260 ad
1522 5208 1927 5277 possessionem

279 5297 474 5367 regni
517 5290 790 5348 cmlestis
820 5296 1105 5360 pervenire
1143 5315 1251 5352 non
1285 5300 1514 5383 poteris,
1553 5301 1680 5369 quia
1718 5309 1771 5355 et
1797 5318 1926 5356 vere

278 5394 569 5454 stultum
607 5387 725 5445 est,
761 5383 964 5455 aliquid
993 5389 1113 5455 plus
1159 5405 1344 5446 amare
1373 5408 1536 5462 quam
1579 5393 1770 5448 Deum.
1801 5393 1927 5450 Sive

274 5490 459 5547 enim
514 5481 808 5550 parentes
862 5485 1013 5542 sunt,
1063 5483 1403 5552 moriuntur;
1437 5486 1552 5540 sive
1612 5488 1922 5558 propinqui,

268 5600 409 5644 non
445 5575 861 5647 permanent;
893 5570 1010 5626 sive
1052 5574 1235 5641 amici,
1289 5587 1594 5635 mutantur.
1629 5581 1792 5635 Solus
1841 5589 1926 5637 est

344 5743 373 5774 σ
409 5729 623 5794 Exod.
656 5743 774 5787 vn.
803 5745 921 5784 vm.
991 5730 1014 5762 ‘
1055 5729 1226 5787 Exod.
1255 5747 1374 5793 vm,
1410 5736 1493 5791 19.
1609 5737 1627 5765 ’⁵
1661 5737 1829 5791 Exod.
1868 5753 1965 5792 xu.

2029 4562 2234 4614 lorum:
2273 4561 2389 4624 Dic,
2410 4563 2609 4632 inquit,
2641 4565 2786 4634 quod
2817 4566 2922 4621 vis.

2101 4653 2259 4708 LVII.
2292 4655 2356 4709 Et
2379 4654 2566 4710 Niceta
2599 4658 2706 4710 ait:
2743 4640 2883 4722 Quid
2915 4669 3209 4728 peccavere
3240 4661 3506 4734 Egyptii.
3552 4669 3598 4721 si

2028 4758 2136 4797 non
2168 4744 2518 4798 crediderunt
2548 4744 2741 4816 Moysi,
2777 4762 2901 4801 cum
2929 4755 2984 4801 et
3023 4752 3163 4821 magi
3215 4755 3411 4809 similia
3443 4759 3599 4827 signa

2029 4835 2280 4900 fecerint,
2305 4838 2520 4892 etiamsi
2555 4839 2874 4895 viderentur
2901 4846 3082 4913 potius
3116 4846 3230 4901 fieri
3262 4865 3424 4918 quam
3457 4854 3602 4906 veri-

2032 4937 2146 4985 tate
2171 4931 2398 4986 lierent?
2423 4932 2556 4986 Nam
2583 4944 2635 4988 et
2662 4935 2706 4990 si
2731 4951 2830 5006 ego
2853 4935 3076 4994 fuissem
3103 4948 3254 5005 tunc,
3281 4959 3346 4998 ex
3373 4961 3438 4999 eo
3455 4948 3599 5015 quod

2035 5021 2179 5091 magi
2209 5023 2408 5077 similia
2438 5024 2732 5090 faciebant,
2765 5045 2948 5086 nonne
2975 5040 3068 5085 aut
3116 5032 3335 5105 Moysen
3382 5052 3598 5108 magum

2035 5113 2414 5180 credidissem,
2447 5128 2745 5190 autmagos
2773 5137 2896 5191 qua:
2924 5125 3306 5191 ostendebant,
3337 5127 3600 5184 divinitus

2035 5206 2214 5261 facere
2245 5213 2563 5278 putassem?
2593 5215 2721 5282 quia
2753 5232 2860 5269 non
2897 5219 3028 5271 mihi
3059 5219 3355 5274 verisimile
3388 5221 3602 5275 videre-

2035 5307 2145 5362 tur,
2179 5301 2300 5354 licet
2326 5317 2422 5371 per
2451 5305 2816 5377 phantasiam,
2845 5311 3033 5365 eadem
3063 5318 3241 5367 tamen
3267 5311 3403 5367 ellici
3433 5327 3461 5365 a
3486 5329 3604 5367 ma-

2035 5393 2117 5461 gis
2149 5409 2330 5462 posse,
2363 5412 2483 5464 quas
2512 5397 2601 5452 ille
2623 5401 2714 5468 qui
2744 5416 2774 5453 a
2800 5399 2908 5456 Deo
2937 5403 3140 5458 missus
3171 5413 3276 5468 est,
3320 5413 3600 5474 perpetra-

2035 5487 2145 5542 bat.
2174 5489 2238 5541 Et
2271 5507 2418 5545 nunc
2438 5507 2570 5562 ergo
2592 5494 2722 5562 quid
2753 5505 2984 5564 peccant
3012 5498 3063 5550 hi
3089 5498 3180 5570 qui
3215 5498 3424 5553 Simoni
3475 5515 3599 5554 cre-

2034 5583 2192 5647 dunt,
2226 5599 2349 5638 cum
2373 5584 2594 5640 videant
2624 5603 2746 5642 eum
2779 5595 2929 5644 tanta
2963 5589 3140 5646 facere
3157 5591 3466 5646 mirabilia?
3487 5593 3598 5648 Aut
