4048 6262
605 329 745 384 1507

1487 326 1543 380 s.
1585 323 1978 380 CLEMENTIS
2014 324 2030 377 ι
2069 323 2236 378 neu.
2273 324 2473 382 rom.
2506 327 2731 382 orem
2775 329 2999 388 DUBIA.

3681 343 3792 398 151ιὸ

603 461 710 499 non
743 452 830 500 est
865 444 1112 498 mirabile
1140 458 1239 514 per
1262 459 1440 498 aerem
1467 447 1677 510 volare,
1722 446 1834 516 igni
1873 445 2165 499 admistum
2196 446 2242 500 Α
2270 445 2504 513 gmentis
2548 447 2810 501 virtutum
2845 448 3149 504 movebitur
3177 451 3248 505 ad
3292 451 3606 517 secundum,
3641 466 3687 510 ct
3737 475 3788 513 ex

600 555 771 596 unum
795 555 995 608 corpus
1017 537 1174 601 eilici,
1227 537 1410 592 facere
1455 545 1663 594 statuas
1717 537 1950 608 ingredi,
2004 552 2172 592 canes

595 645 772 683 :creos
818 629 1037 694 latrare,
1068 635 1122 682 et
1159 629 1265 683 alia
1297 629 1382 682 his
1405 630 1624 690 similia,
1669 644 1790 698 quin
1819 630 2006 698 utique
2058 628 2172 682 dis-

597 724 898 777 cretionem
932 723 1306 777 nescientibus
1356 723 1491 776 satis
1522 723 1658 776 mira
1686 722 1856 776 sunt?
1887 721 1992 778 Sed
2025 723 2170 777 etde

602 817 874 887 lapidibus
898 817 1050 871 visus
1076 825 1160 872 est
1190 832 1356 886 panes
1383 816 1579 871 facere.
1609 815 1762 882 Quod
1792 816 1836 871 si
1866 825 2054 887 peccat
2075 817 2180 886 qui-

597 914 752 980 signa
796 909 1124 966 facientibus
1176 908 1384 972 credit,
1416 908 1691 977 quentodo
1747 923 1855 962 non
1910 923 2168 978 peccasse

597 1004 873 1058 videbitur
920 1013 974 1056 et
1026 1003 1092 1066 is,
1159 1003 1252 1072 qui
1316 1001 1544 1056 Domino
1613 1011 1802 1057 nostro
1853 1018 1948 1071 pro
1996 1003 2167 1073 signis

591 1106 650 1149 ct
679 1095 974 1150 virtutibus
998 1093 1266 1147 credidit?

669 1186 849 1242 LVIII.
885 1187 951 1240 Et
986 1188 1178 1241 Petrus
1210 1189 1316 1241 ait:
1365 1186 1623 1241 Libenter
1667 1186 1878 1256 accipio
1926 1186 2069 1257 quod
2101 1187 2167 1240 de

596 1283 835 1334 veritate
866 1279 930 1332 ad
967 1279 1227 1333 amussim
1263 1279 1522 1348 requiris,
1551 1288 1604 1331 ct
1635 1278 2014 1347 impedimenta
2043 1279 2164 1332 fidei

596 1371 650 1423 in
693 1371 871 1422 anima
897 1376 986 1422 tua
1023 1370 1193 1424 latere
1226 1384 1332 1422 non
1368 1369 1594 1436 pateris.
1633 1367 1783 1422 Unde
1814 1376 1868 1421 et
1900 1367 2164 1421 medelam

592 1462 854 1530 consequi
877 1461 1032 1514 facile
1055 1466 1229 1528 potes.
1257 1459 1552 1514 Meministi
1579 1458 1721 1527 quod
1752 1460 1904 1528 pejus
1922 1459 2162 1512 oumium

593 1568 717 1606 esse
753 1553 886 1612 dixi,
923 1567 1046 1605 cum
1080 1552 1204 1620 quis
1234 1550 1458 1620 negligit
1489 1549 1634 1618 quod
1662 1550 1764 1604 sibi
1815 1549 2032 1620 expedit
2081 1549 2165 1601 dio

592 1643 788 1698 scere?
817 1642 880 1694 Et
927 1639 1116 1695 Niceta
1171 1642 1483 1711 respondit:
1538 1641 1776 1696 Memini.
1823 1639 2054 1695 Petrus:
2102 1639 2164 1693 Et

594 1747 811 1786 rursum
836 1730 978 1799 quod
1030 1730 1171 1784 Deus
1216 1731 1512 1785 occultavit
1549 1731 1836 1786 veritatem
1890 1746 2067 1793 suam,
2101 1738 2160 1784 ut

590 1840 710 1877 eam
743 1823 828 1877 his
858 1825 949 1892 qui
983 1839 1044 1878 se
1077 1822 1314 1876 fideliter
1341 1832 1645 1886 sectantur,
1677 1823 1926 1892 aperiat?
1977 1822 2040 1877 Et
2071 1823 2164 1876 Ni—

591 1926 741 1968 ceta:
802 1914 880 1968 Ne
933 1915 1035 1967 hoc
1078 1915 1298 1984 quidem
1327 1915 1531 1968 oblitus
1563 1931 1705 1970 sum.
1767 1913 1902 1968 Tum
1930 1913 2158 1968 Petrus:

589 2008 733 2074 Quid
767 2023 898 2076 ergo
923 2017 1103 2076 putas,
1133 2009 1260 2077 quia
1289 2009 1340 2060 in
1379 2015 1579 2061 terram
1612 2007 1884 2062 defossam
1931 2010 2166 2062 abscon-

592 2099 734 2150 derit
762 2099 906 2151 Deus
939 2099 1291 2151 veritatem'et
1315 2104 1528 2150 montes
1562 2098 1608 2150 ei
1640 2099 2069 2166 superposuerit,
2105 2107 2164 2152 ut

595 2191 664 2246 ab
689 2190 776 2244 bis
797 2190 888 2259 qui
914 2190 965 2242 in
995 2189 1323 2259 profundum
1351 2189 1538 2244 fodere
1559 2191 1760 2252 valent,
1787 2193 2164 2246 tantummodo

591 2283 826 2336 inveniri
859 2281 1074 2354 possit?
1115 2281 1231 2335 Non
1278 2281 1349 2334 ita
1378 2291 1463 2334 est
1487 2321 1500 2345 ,
1545 2281 1638 2335 sed
1671 2283 1816 2334 sicut
1846 2291 2060 2337 montes
2111 2293 2162 2337 ct

589 2381 794 2426 terram
826 2373 949 2427 caeli
994 2373 1198 2427 ambitu
1252 2372 1633 2435 circmndedit,
1696 2371 1767 2424 ita
1797 2379 1851 2424 et
1882 2373 2159 2427 veritatem

591 2467 879 2520 charitatis
933 2481 1045 2519 sua:
1093 2466 1360 2519 velamine
1401 2463 1664 2527 contexit,
1697 2471 1754 2516 ut
1802 2463 1894 2517 ille
1939 2463 2002 2516 ad
2044 2479 2160 2516 eam

587 2559 740 2612 solus
773 2558 1055 2627 pervenire
1078 2556 1275 2626 possit,
1306 2557 1398 2626 qui
1423 2557 1579 2626 prius
1605 2556 1830 2626 januam
1852 2556 2162 2610 dilectionis

590 2652 790 2704 divinae
819 2651 1139 2719 pulsaverit.

662 2740 796 2796 LIX.
833 2740 1041 2793 Etenim
1071 2740 1214 2808 quod
1252 2739 1403 2810 prius
1445 2740 1628 2796 dicere
1675 2757 1976 2814 coeperam,
2011 2741 2161 2810 paria

589 2835 835 2904 qiuedam
895 2834 1023 2888 huic
1073 2833 1276 2887 mundo
1323 2833 1634 2890 destinasse
1694 2835 1896 2891 Deum:
1947 2837 2036 2889 ille
2067 2835 2160 2904 qui

594 2931 800 2999 primus
827 2944 889 2981 ex
919 2928 1140 2997 paribus
1170 2927 1336 2991 venit,
1371 2941 1400 2979 a
1432 2927 1575 2980 malo
1607 2937 1716 2988 est.
1745 2928 1838 2997 qni
1863 2927 2158 2990 secundus,

591 3041 618 3076 a
651 3025 816 3079 bone.
842 3021 1032 3090 Inique
1065 3021 1360 3088 unicuique
1402 3019 1687 3073 hominum
1745 3021 1878 3089 justi
1941 3021 2160 3074 occasio

2274 535 2683 604 comparatione
2709 552 2831 606 qua:
2852 537 2964 593 sint
2993 539 3206 608 potiora
3229 539 3604 610 deprehendet,
3633 561 3784 616 quam-

2271 625 2354 681 vis
2377 627 2666 683 manifesta
2686 629 2996 685 habeantur
3016 631 3220 686 indicia
3244 634 3383 703 apud
3406 637 3635 692 eruditos
3655 657 3790 709 quos-

2270 734 2398 788 que,
2427 720 2569 774 sicut
2591 736 2688 792 per
2722 721 2932 778 ordinis
2962 726 3406 794 consequentiam
3443 726 3790 788 demonstravi-

2270 826 2412 866 mus.
2470 811 2526 866 Si
2558 829 2688 868 vero
2717 823 2972 884 tanquam
3024 832 3193 872 sanus
3223 818 3343 886 quis
3381 827 3434 873 ct
3484 822 3571 890 qui
3617 825 3788 881 medico

2269 919 2378 958 non
2415 903 2678 975 indigeat,
2717 921 2825 960 non
2851 915 2934 961 est
2979 917 3286 963 commotus
3320 908 3385 962 ad
3436 912 3689 979 primum,
3729 919 3786 970 rei

2269 995 2441 1062 ipsius
2466 998 2873 1065 perseverantia
2911 999 3267 1053 suscitabitur
3290 999 3354 1052 ad
3381 1003 3680 1068 secundum,
3705 1007 3789 1062 dis-

2271 1087 2704 1158 tinetionemque
2761 1090 3041 1160 signorum
3083 1099 3137 1144 et
3187 1091 3509 1145 mirabilium
3558 1093 3698 1150 faciet
3745 1097 3786 1152 in

2269 1177 2415 1232 hunc
2447 1178 2667 1232 modum
2702 1178 2843 1250 (94):
2883 1181 2977 1234 Ille
3004 1182 3095 1251 qui
3134 1197 3163 1235 a
3194 1183 3336 1237 malo
3366 1192 3469 1249 est,
3521 1186 3659 1256 signa
3693 1205 3787 1259 qua!

2267 1268 2418 1332 facit,
2451 1271 2584 1323 nulli
2617 1281 2889 1340 prosunt;
2924 1275 3014 1327 illa
3038 1289 3171 1329 vero
3203 1291 3322 1344 qua:
3358 1276 3485 1331 facit
3515 1279 3688 1345 bonus,
3710 1281 3788 1337 bo-

2269 1359 2506 1417 minibus
2533 1374 2786 1432 prosunt.

2337 1453 2450 1508 LX.
2481 1455 2614 1508 Nam
2656 1455 2764 1519 die,
2799 1474 3004 1526 qumso,
3037 1475 3157 1528 qua:
3187 1460 3393 1515 utilitas
3432 1471 3513 1517 cst
3548 1466 3785 1520 ostendere

2267 1554 2478 1604 statuas
2503 1551 2863 1615 ambulantes,
2895 1553 3093 1609 latrare
3132 1571 3306 1612 tereos
3341 1567 3433 1610 aut
3463 1558 3680 1627 lapideos
3710 1575 3782 1614 ca-

2267 1657 2387 1705 nes,
2413 1643 2577 1697 salire
2613 1654 2848 1708 montes,
2896 1647 3080 1701 volare
3131 1664 3224 1717 per
3261 1664 3461 1713 acrem,
3513 1659 3562 1705 et
3603 1651 3690 1703 alia
3721 1653 3784 1708 his

2267 1735 2491 1799 similia,
2519 1753 2639 1805 quae
2670 1738 2853 1793 dicitis
2891 1740 3085 1796 fecisse
3121 1741 3441 1798 Simonem?
3481 1744 3602 1809 Qua:
3640 1756 3783 1798 autem

2269 1842 2298 1879 a
2333 1827 2475 1881 bono
2505 1836 2653 1893 sunt,
2679 1829 2745 1882 ad
2785 1831 3063 1886 hominum
3103 1837 3337 1890 salutem
3389 1835 3700 1897 deferuntur,
3743 1845 3784 1887 ut

2268 1932 2395 1975 sunt
2428 1921 2516 1974 illa
2548 1939 2668 1992 quae
2699 1922 2827 1977 fecit
2854 1922 3115 1982 Dominus
3148 1935 3357 1994 noster,
3385 1928 3474 1997 qui
3499 1927 3612 1980 fecit
3639 1942 3782 1980 caecos

2266 2013 2471 2077 videre,
2514 2012 2641 2068 fecit
2663 2016 2859 2071 surdos
2896 2017 3106 2082 audire,
3141 2019 3354 2075 debiles
3378 2027 3430 2074 et
3452 2018 3656 2073 claudos
3689 2035 3786 2071 eam

2268 2108 2366 2172 xit,
2401 2109 2690 2178 languorcs
2715 2116 2768 2162 et
2799 2110 3075 2166 daemones
3108 2111 3392 2182 eflugavit,
3419 2121 3644 2166 mortuos
3685 2110 3784 2163 fecit

2266 2213 2573 2269 resurgere,
2607 2207 2659 2253 ct
2683 2200 2788 2254 alia
2811 2201 2895 2254 his
2921 2202 3120 2256 similia
3149 2218 3268 2272 quae
3291 2203 3456 2257 etiam
3481 2219 3571 2272 per
3598 2219 3670 2256 me
3694 2201 3782 2256 fieri

2266 2289 2484 2344 videtis.
2517 2287 2620 2343 Ista
2654 2306 2782 2361 ergo
2814 2291 2967 2362 signa
2993 2310 3114 2362 quae
3168 2294 3235 2347 ad
3279 2295 3511 2348 salutem
3553 2293 3782 2346 hominum

2265 2388 2495 2449 prosunt
2536 2389 2589 2436 et
2622 2382 2826 2452 aliquid
2855 2384 2980 2437 boni
3012 2384 3332 2440 hominibus
3373 2385 3667 2444 conferunt,
3693 2399 3782 2436 ma-

2266 2469 2444 2537 lignus
2497 2469 2672 2523 facere
2714 2487 2821 2525 non
2860 2481 3065 2542 potest,
3104 2473 3208 2528 nisi
3259 2475 3316 2528 in
3349 2475 3449 2529 fine
3480 2475 3647 2528 murali
3688 2484 3783 2525 tan-

2265 2569 2376 2611 tum
2407 2558 2540 2627 (95).
2570 2558 2722 2614 Tunc
2741 2563 2884 2614 enim
2912 2563 3216 2618 admiscere
3243 2565 3291 2618 ei
3321 2563 3781 2630 concedeturaliqua

2265 2651 2429 2703 eliam
2461 2651 2527 2704 de
2578 2651 2785 2706 dextris
2838 2654 3032 2724 signis,
3085 2653 3137 2707 id
3187 2662 3309 2719 est,
3348 2664 3405 2709 ut
3436 2655 3511 2710 vel
3559 2656 3781 2709 dannones

2265 2741 2434 2812 fuget,
2473 2743 2554 2797 vel
2581 2745 2936 2814 aegritudines
2968 2757 3143 2810 sanet,
3168 2755 3221 2802 et
3255 2756 3476 2818 propter
3526 2748 3647 2810 hoc,
3685 2756 3780 2798 tan-

2263 2852 2424 2904 quam
2452 2838 2542 2906 qui
2573 2839 2873 2892 excesserit
2893 2820 3158 2894 terminos
3181 2856 3315 2895 suos
3340 2849 3393 2895 ct
3411 2842 3461 2894 in
3483 2841 3776 2910 semetipsum

2265 2926 2474 2980 divisus
2505 2927 2595 2988 sit,
2626 2943 2689 2980 ac
2724 2928 3078 2998 semetipsum
3135 2930 3548 3001 impugnaverit,
3579 2930 3779 2984 destruc-

2267 3029 2374 3072 tur.
2402 3017 2466 3070 Et
2501 3027 2787 3088 propterea
2820 3018 3083 3076 Dominus
3129 3023 3404 3092 prtedixit,
3439 3025 3489 3077 in
3514 3021 3776 3076 novissimis

585 3116 778 3182 judicii
813 3115 995 3176 datur,
1031 3115 1145 3167 sive
1178 3113 1407 3180 simplex
1463 3112 1554 3166 ille
1603 3114 1692 3175 sit,
1747 3113 1862 3167 sive
1898 3113 2155 3182 prudens.
2186 3116 2232 3175 ο
2265 3111 2601 3180 temporibus
2633 3113 2985 3166 tentationem
3013 3112 3248 3167 futuram
3281 3116 3446 3169 talem
3479 3115 3528 3168 in
3555 3129 3644 3184 qua
3664 3112 3777 3164 deei-

589 3205 725 3260 Nam
759 3207 803 3261 si
840 3206 1067 3274 simplex
1107 3210 1192 3258 est
1247 3215 1300 3257 et
1333 3204 1630 3258 crediderit
1686 3204 1763 3256 illi
1805 3205 1896 3274 qui
1950 3204 2158 3274 primus

590 3300 762 3363 venit,
791 3297 961 3367 signis
980 3297 1125 3350 enim
1159 3307 1213 3349 et
1271 3295 1533 3365 prodigiis
1577 3302 1778 3360 motus,
1811 3312 2034 3363 necesse
2077 3309 2161 3352 cst

591 3391 779 3442 eadem
824 3388 1056 3450 ratione,
1112 3388 1356 3440 utetiam
1407 3387 1482 3439 illi
1533 3387 1622 3455 qui
1656 3387 1896 3441 secundo
1924 3388 2157 3455 venerit,

589 3479 808 3545 credat;
834 3479 1006 3548 signis
1029 3479 1173 3533 enim
1204 3485 1258 3532 et
1287 3477 1548 3548 prodigiis
1575 3479 1893 3533 suadebitur
1915 3491 1966 3534 et
1988 3496 2155 3546 nunc,

589 3571 736 3622 sicut
781 3571 952 3638 prius.
1013 3568 1147 3622 Cum
1179 3583 1312 3622 vero
1366 3568 1662 3622 cradiderit
1718 3571 1844 3624 huic
1890 3571 2154 3636 secundo,

592 3662 771 3715 discet
798 3661 865 3714 ab
887 3675 950 3712 eo
977 3660 1119 3728 quod
1168 3659 1344 3728 primo
1377 3659 1452 3713 illi
1483 3661 1574 3730 qui
1607 3675 1636 3712 a
1666 3663 1808 3715 malo
1836 3664 2001 3728 venit,
2033 3679 2155 3717 crc-

591 3756 721 3809 dere
750 3769 857 3808 non
885 3753 1099 3817 debeat,
1134 3762 1188 3806 et
1214 3753 1287 3805 ita
1312 3753 1509 3822 prioris
1539 3769 1693 3807 error
1724 3755 1947 3809 secundi
1971 3771 2157 3810 emcn-

591 3847 813 3901 dationc
841 3845 1154 3914 corrigitur.
1189 3843 1246 3898 Si
1275 3861 1400 3899 vero
1432 3847 1558 3914 quia
1590 3847 1764 3914 primo
1786 3846 2040 3904 credidit.
2073 3864 2160 3903 se-

591 3938 830 3991 cundum
856 3937 1104 4003 recipere
1132 3937 1390 3999 noluerit,
1429 3938 1624 3990 merito
1656 3945 1715 3990 ut
1759 3938 1996 4005 injustus
2027 3957 2157 3994 ron-

591 4031 973 4095 demnabitur;
1031 4029 1293 4098 injustam
1339 4031 1481 4083 enim
1536 4040 1648 4094 est,
1704 4038 1761 4085 ut
1809 4047 1932 4086 cum
1984 4036 2158 4102 primo

592 4126 814 4189 propter
841 4118 993 4188 signa
1016 4119 1338 4178 crediderit,
1372 4120 1613 4174 secundo
1641 4121 1830 4175 eadem
1855 4131 1949 4176 aut
1994 4125 2154 4178 etiam

593 4213 799 4280 potiora
834 4211 1030 4265 fcrenti
1055 4211 1208 4282 signa
1239 4229 1348 4268 non
1380 4213 1589 4268 credat.
1641 4213 1698 4268 Si
1732 4231 1861 4271 vero
1899 4233 2006 4271 non
2040 4234 2158 4274 crc-

591 4304 729 4358 didit
757 4304 953 4373 primo,
987 4319 1334 4374 consequens
1360 4314 1465 4365 est,
1500 4313 1558 4358 ut
1585 4308 1663 4360 vel
1695 4309 1747 4361 in
1774 4310 2016 4362 secundo
2041 4326 2155 4364 mo-

590 4403 780 4448 veatur
803 4395 868 4447 ad
903 4395 1254 4448 credendum.
1285 4397 1466 4467 Neque
1486 4397 1628 4449 enim
1659 4398 1711 4450 in
1736 4406 1948 4451 tantum
1973 4401 2155 4455 animo

2264 3204 2504 3274 piantur,
2546 3205 2591 3258 si
2636 3203 2747 3258 fieri
2780 3213 2980 3275 potest,
3013 3207 3176 3260 etiam
3202 3206 3394 3272 electi;
3445 3205 3666 3260 confusis
3698 3202 3775 3256 sci-

2264 3295 2391 3349 licet
2422 3296 2641 3351 indieiis
2673 3297 2952 3367 signorum
2978 3299 3285 3367 perturbari
3318 3315 3534 3353 necesse
3560 3293 3776 3352 cstctiatn

2260 3401 2376 3448 eos,
2403 3387 2494 3455 qui
2523 3387 2576 3439 in
2608 3387 2985 3442 discernendis
3010 3388 3319 3457 spiritibus,
3353 3404 3414 3442 ac
3437 3382 3778 3457 distinguendis

2261 3478 2557 3533 virtutibus
2588 3478 2840 3534 videntur
2868 3480 3095 3534 eruditi.

2331 3568 2462 3624 LXI.
2503 3569 2696 3625 Decem
2730 3586 2859 3641 ergo
2885 3588 3003 3640 qu:c
3020 3572 3256 3638 diximus
3281 3573 3457 3642 paria,
3482 3570 3598 3624 huic
3620 3565 3777 3622 mundo

2261 3662 2534 3716 destinata
2569 3671 2695 3715 sunt
2719 3664 2786 3716 ab
2810 3663 2966 3716 initio
2991 3665 3197 3718 smculi.
3231 3663 3368 3718 Cain
3403 3673 3454 3719 et
3491 3663 3614 3718 Abel
3647 3671 3773 3711 unum

2262 3753 2362 3805 fuit
2396 3769 2518 3822 par;
2547 3754 2844 3806 secundum
2869 3768 3001 3807 vero
3027 3754 3307 3824 gigantum
3360 3763 3412 3809 et
3437 3753 3540 3809 Noe
3560 3796 3573 3818 ,
3597 3750 3772 3805 tertium

2259 3843 2562 3898 Pharaonis
2593 3851 2645 3898 et
2674 3844 2978 3912 Abraham;
3015 3855 3268 3914 quartum
3319 3846 3699 3901 Philistinorum
3734 3845 3774 3889 et

2261 3934 2447 3999 Isaac;
2479 3934 2730 4003 quintum
2763 3931 2907 3988 Esau
2953 3943 3006 3988 et
3047 3933 3250 3999 Jacob;
3288 3946 3499 3990 sextum
3543 3940 3772 3999 magorum

2260 4035 2312 4079 et
2345 4026 2673 4096 legislatoris
2707 4025 2919 4096 Moysi“;
2975 4027 3265 4097 septimum
3322 4023 3597 4080 tentatoris
3617 4027 3662 4074 ct
3680 4013 3771 4070 Filii

2262 4119 2526 4184 hominis;
2550 4127 2799 4172 octavum
2828 4118 3066 4173 Simonis
3090 4126 3142 4172 et
3175 4134 3380 4183 meum,
3410 4117 3581 4182 Petri;
3611 4121 3768 4167 nonum

2259 4212 2502 4266 Onmium
2533 4211 2796 4281 gentium,
2842 4218 2896 4265 et
2927 4212 3074 4266 illius
3124 4212 3215 4281 qui
3261 4211 3507 4265 mittetur
3555 4205 3772 4261 seminare

2261 4303 2487 4358 verbum
2524 4303 2666 4356 inter
2688 4311 2912 4372 gentes;
2935 4303 3206 4357 decimum
3235 4300 3554 4356 Antichristi
3580 4307 3626 4353 et
3649 4291 3766 4348 Chri-

2263 4395 2352 4458 sti,
2387 4393 2455 4448 de
2485 4393 2685 4464 quibus
2708 4393 2929 4462 paribus
2959 4392 3094 4446 alias
3125 4393 3280 4447 vobis
3313 4408 3406 4461 per
3429 4389 3622 4459 singula
3644 4383 3770 4437 latius

592 4485 766 4547 stetit,
793 4491 852 4536 ut
883 4484 1229 4554 ingeminatis
1259 4459 1601 4538 mirabilibus
1631 4501 1737 4539 non
1763 4486 1939 4538 valeat
1978 4487 2150 4539 susei—
2185 4459 2236 4518 ί)
2261 4459 2616 4557 exponemus.
2651 4459 2868 4538 Etcum
2903 4485 3016 4536 hare
3035 4484 3243 4536 diceret
3273 4459 3485 4544 Petrus,
3509 4477 3676 4548 Aquiia
3699 4471 3768 4524 ειίιτ

593 4578 714 4631 tari.
745 4576 799 4629 Si
834 4591 963 4629 vero
994 4577 1234 4645 prudens
1267 4591 1372 4636 εει,
1413 4577 1798 4631 discretionem
1847 4585 2024 4646 potest
2055 4594 2150 4631 ca-

589 4685 719 4739 pere
749 4672 1046 4740 signorum.
1077 4667 1142 4722 Et
1171 4669 1217 4723 si
1258 4669 1474 4739 quidem
1525 4670 1702 4740 primo
1745 4671 2006 4734 credidit,
2055 4688 2154 4724 au-

2261 4577 2401 4634 Vere
2430 4578 2650 4634 assidua
2682 4578 2927 4632 doctrina
2957 4593 3095 4647 opus
3124 4586 3229 4640 est,
3265 4587 3323 4631 ut
3354 4576 3420 4631 de
3449 4569 3656 4642 singulis
3677 4579 3772 4637 pos-

2263 4673 2337 4728 sit
2360 4672 2485 4744 quis
2509 4673 2652 4727 scire
2686 4673 2971 4726 rationem.
3056 4734 3086 4762 χ

1875 4825 2240 4880 COTELERII
2300 4825 2532 4882 NOTAE.

657 5006 767 5089 (9i)
803 5005 1302 5089 Distinctiolnemq‘uc
1331 5004 1622 5089 signarum,
1655 5010 1703 5089 et
1725 5001 2044 5089 inirqbiliuin
2066 5002 2156 5071 [a-

587 5072 706 5145 cict,
737 5072 787 5130 in
817 5079 951 5129 hunc
979 5074 1206 5128 modum.
1231 5073 1654 5145 Qucniunodum
1692 5072 1820 5145 hinc
1849 5073 2158 5145 hausitau-

589 5141 711 5204 ctor
746 5147 930 5215 Operis
962 5145 1250 5213 imperfecti
1278 5146 1332 5196 in
1378 5141 1709 5215 Matthwum,
1757 5143 1821 5194 ad
1859 5159 1950 5215 vn,
1985 5142 2072 5205 16,
2101 5151 2155 5215 e_t

590 5238 737 5285 xxiv,
767 5212 857 5282 ἰαί,
891 5234 987 5271 seu
1015 5212 1200 5270 homil.
1229 5216 1292 5269 l9
1321 5214 1484 5285 etet).
1518 5215 1774 5285 idemque
1795 5213 2068 5285 profertur
2088 5212 2156 5285 ab

588 5282 846 5360 Origene,
872 5305 907 5340 ιι
935 5291 984 5340 in
1005 5284 1421 5360 Celsunt,p._94,
1451 5294 1498 5338 et
1521 5301 1548 5335 a
1572 5282 1837 5360 Procopio
1865 5282 2058 5360 Ganeo
2085 5284 2153 5336 ad

590 5354 750 5415 Νιιιῖι.
787 5376 931 5423 xxiv,
963 5360 1014 5411 8.
1045 5357 1152 5411 Nec
1185 5357 1330 5409 aliud
1364 5364 1558 5408 sonant
1591 5356 1694 5406 ista
1727 5354 1999 5408 Theodori
2027 5355 2154 5407 Stu-

589 5435 738 5496 ditue,
768 5430 1038 5484 catechcsi
1075 5429 1221 5510 1
1256 5426 1445 5510 ξιολλο)ἶ
1476 5425 1753 5510 πρρξῆται
1785 5424 2159 5510 ὲξεληξκύϐασιγ

589 5508 670 5566 εἰς
701 5503 791 5556 τὸν
821 5501 1042 5570 κόσμονο
1073 5497 1206 5570 ἀλλὰ
1227 5498 1334 5567 γὰρ
1362 5498 1454 5570 atat
1487 5495 1962 5570 no).hni._aipsttx0£
1982 5513 2040 5570 τε
2066 5495 2160 5570 xuii.

589 5565 686 5635 τὰς
716 5573 864 5634 θείας
897 5565 1114 5632 autem;
1153 5565 1582 5640 διᾳκρᾳςδὸμςγοι,
1626 5565 1792 5640 adiicit
1829 5583 1888 5640 τε
1926 5567 2022 5640 xa‘t
2061 5565 2156 5619 νῦν

591 5633 1080 5715 παρεχωρῆοησαν,
1127 5633 1863 5715 ,καθ’ὀ-ὒςὸῖδξμτρρπουςκὴ
1910 5637 2154 5715 *πρόγοιαΖ

593 5700 792 5792 amisii
816 5700 894 5762 ’τὲ
942 5700 1034 5760 iul
1071 5700 1283 5792 ’τέρειτα
1317 5700 1754 5792 ἀπέργάςεὸθαιζ
1787 5700 1926 5789 (ficte
1954 5700 2048 5790 '05.
2078 5707 2159 5758 δεῖ

591 5777 796 5842 τόύτοις
831 5777 1285 5847 συναρπάζεσθαι,
1308 5779 1369 5828 ἐκ
1385 5777 1438 5828 δὲ
1471 5777 1562 5828 τοῦ
1581 5777 2004 5846 παραδεδομένου
2028 5777 2155 5845 ἡμῖν

2259 5000 2368 5085 {arto
2411 5001 2504 5054 τοῦ
2551 5003 2754 5088 Κυρέου
2781 5003 3136 5088 ’χαρὲἕτῆρος
3182 5002 3490 5074 δοκιμάζειν
3523 5001 3634 5061 τοὺς
3669 5013 3767 5076 Yfﬁ,-

2260 5071 2534 5146 σιεροντας
2586 5071 2848 5146 μάθητάς.
2874 5071 2878 5072 ⁷
2902 5071 3093 5146 Τίς-δὲ
3201 5071 3517 5146 χαρὰκςήμ
3543 5075 3594 5124 ὲν
3636 5071 3768 5146 statim

2258 5143 2388 5216 φηᾳὶ
2431 5139 2727 5216 γνῴσόνταί
2769 5144 2963 5216 πᾲγτξς
3002 5144 3080 5196 ὅτι
3131 5139 3518 5216 ἐμθίμαοηλᾶαί
3557 5139 3766 5202 ἐπειὶὲιν

2257 5211 2660 5284 ἀγάπηνίέχητε
2694 5217 2748 5266 ὲν
2777 5213 3041 5284 ἀλλήλαις.

2321 5275 2442 5352 (ξΠῆ
2471 5275 2597 5336 Νἱξςὶ
2623 5286 2672 5338 in
2697 5287 2800 5352 [inc
2821 5275 3000 5337 tumidi
3028 5293 3255 5338 tantum.
3281 5283 3445 5354 Signa
3464 5299 3576 5352 qua:
3601 5279 3658 5332 ab
3681 5275 3767 5354 40'

2258 5346 2514 5408 ticbristo
2548 5346 2706 5416 fient,
2729 5371 2928 5408 verane
2959 5372 3025 5407 an
3063 5355 3273 5409 fallacia
3311 5346 3493 5408 futura-
3520 5355 3651 5408 sint.
3685 5346 3763 5398 du-

2259 5422 2840 5494 bitatClirysostomus
2883 5425 2947 5476 ad
2996 5424 3056 5478 ll
3092 5425 3324 5480 'l'liessal.
3359 5443 3416 5492 ιι,
3458 5427 3513 5494 r9,
3543 5433 3591 5477 ct
3616 5421 3764 5483 Ληκυ-

2256 5493 2457 5558 ειὶηιις,
2491 5493 2583 5548 lin.
2615 5511 2681 5548 xx
2713 5495 2786 5547 De
2815 5495 3020 5548 civitate
3059 5495 3168 5556 Dei,
3189 5512 3306 5566 cap.
3335 5497 3416 5551 lt).
3443 5493 3648 5566 Quidam
3668 5499 3761 5565 vera

2257 5573 2449 5639 putant
2485 5581 2496 5615 :
2536 5567 2720 5633 plures
2747 5566 3086 5639 imaginaria.
3119 5567 3162 5618 A
3188 5563 3376 5620 nostro
3407 5566 3506 5639 alia
3539 5563 3764 5639 insist-illd

2257 5632 2342 5704 via
2388 5649 2398 5683 :
2453 5632 2614 5702 quam
2665 5632 2912 5704 sequitur
2968 5645 3159 5690 auctor
3205 5639 3387 5704 aperis
3441 5632 3758 5704 inrperfrtjlifff

2256 5693 2592 5828 λῖαἱόῐιαῗιιηι,
2623 5706 2690 5761 ad
2725 5693 2820 5770 \7n,
2869 5706 2970 5772 16;
3021 5723 3174 5776 xx”,
3223 5693 3326 5772 ω,
3363 5707 3462 5761 ei:
3511 5693 3670 5758 ilum".
3716 5693 3760 5745 ω

2256 5790 2282 5827 L'
2336 5811 2342 5818 -
2372 5815 2382 5826 .
2417 5820 2422 5826 .

2253 5777 2305 5829 ct
2336 5777 2422 5828 tt).
