4000 6266
264 356 282 402 1
296 347 400 402 ὕο9

1403 345 1966 403 ΒΕΟΟΟΝΙΤΙΟΝυΜ
2002 342 2130 399 LIB.
2174 341 2261 397 ill.

3372 340 3508 397 13$")

328 459 489 516 LXII.
520 461 590 514 At
621 459 854 516 Petrus:
889 466 1159 526 Qmsest,
1190 463 1285 529 qui
1317 463 1578 516 assiduus
1605 464 1678 516 sit
1704 476 1831 529 erga
1861 462 1907 517 A
1936 460 2133 529 inquit,
2167 467 2220 512 te
2250 457 2505 511 omnibus
2536 456 2741 510 divitiis
2783 455 3071 527 repletum,
3106 470 3154 508 ει
3192 454 3297 508 huc
3331 460 3508 528 redire

257 554 568 608 doctrinam
609 561 661 608 et
692 552 936 607 studiose
975 555 1187 623 singula
1226 568 1455 622 quaeque
1503 554 1782 622 perquirat
1809 594 1828 617 ,

257 647 367 701 nisi
401 647 494 716 qui
519 646 758 699 animam
782 660 939 699 suam
963 644 1140 716 diligit
1161 646 1228 700 ad
1246 647 1472 702 salutem
1497 653 1552 701 et
1576 646 1830 700 omnibus

257 740 536 794 renuntiat
562 738 728 808 hujus
767 737 960 792 mundi
989 739 1244 808 negotiis,
1299 745 1360 792 ut
1405 739 1508 793 soli
1539 738 1706 792 verbo
1734 736 1829 791 Dei

259 839 433 894 vacet,
463 845 624 900 quem
657 831 834 885 solum
865 830 1190 900 prudentem
1241 830 1452 898 judicat
1483 844 1644 884 verus
1699 844 1830 899 pro-

257 923 439 991 pheta,
462 920 782 976 vendentem
817 921 1004 976 omnia
1033 937 1156 990 quae
1180 937 1279 976 sua
1304 931 1452 984 sunt,
1487 928 1541 975 et
1561 931 1826 974 ementem

169 1055 172 1057 .
257 1028 418 1067 unam
452 1027 637 1067 veram
669 1013 1024 1082 margaritam
1055 1012 1094 1077 °,
1123 1023 1179 1066 et
1201 1012 1590 1081 intelligentem
1617 1026 1737 1080 qua:
1757 1011 1830 1064 sit

252 1103 558 1159 diﬁ'erentia
607 1119 637 1158 a
672 1104 1072 1172 temporalibus
1117 1104 1185 1158 ad
1225 1113 1428 1158 aeterna
1456 1141 1471 1169 ,
1525 1103 1708 1173 parvis
1758 1102 1826 1155 ad

251 1212 469 1265 magna,
505 1197 822 1250 hominibus
846 1195 910 1250 ad
939 1195 1146 1251 Deum?
1165 1195 1420 1265 intelligit
1443 1196 1588 1250 enim
1611 1209 1732 1263 quae
1756 1195 1827 1249 sit

249 1297 450 1342 aeterna
483 1303 610 1358 spes
636 1289 778 1357 apud
815 1304 999 1343 verum
1028 1297 1081 1341 et
1113 1289 1312 1341 bonum
1338 1287 1530 1342 Deum.
1574 1285 1707 1352 Quis
1729 1303 1828 1340 au-

246 1390 356 1436 tem
385 1383 578 1450 estqui
607 1381 786 1450 diligit
818 1380 1009 1444 Deum,
1049 1381 1157 1435 nisi
1203 1388 1298 1449 qui
1337 1381 1662 1450 sapientiam
1703 1381 1824 1449 ejus

246 1472 541 1542 cognovit?
579 1470 856 1540 quomodo
905 1480 1086 1526 autem
1124 1473 1249 1540 quis
1291 1486 1589 1540 agnoscere
1629 1471 1825 1540 poterit.

243 1563 574 1631 sapientiam
625 1561 719 1617 Dei
747 1601 762 1624 ,
794 1563 901 1617 nisi
948 1562 1206 1618 assiduus
1253 1564 1325 1618 sit
1370 1562 1437 1615 ad
1489 1563 1821 1615 audiendum

247 1657 473 1710 verbum
505 1654 665 1722 ejus?
696 1670 760 1708 ex
793 1670 901 1724 quo
931 1655 1132 1708 accidit
1182 1663 1240 1708 ut
1271 1671 1512 1709 amorem
1545 1655 1664 1723 ejus
1687 1671 1822 1708 eon-

245 1747 417 1815 cipiat
443 1755 498 1799 et
541 1746 708 1814 digno
741 1761 867 1799 eum
920 1747 1124 1799 honore
1159 1755 1467 1808 veneretur,
1523 1745 1739 1814 hymnis
1768 1753 1819 1796 et

244 1837 596 1891 orationibus
618 1838 687 1890 ad
717 1853 838 1890 eum
873 1835 1030 1900 fusis,
1064 1845 1118 1890 et
1142 1839 1193 1890 in
1226 1837 1310 1891 his
1345 1838 1702 1892 libentissime
1732 1848 1817 1889 re-

247 1929 562 1996 quiescens,
592 1944 980 1997 summumque
1006 1929 1278 1997 deputans
1311 1930 1721 1991 detrimentum,
1773 1929 1819 1980 si

244 2019 469 2090 quando
495 2021 701 2090 aliquid
739 2021 888 2075 aliud
941 2022 1023 2076 vel
1070 2022 1136 2075 ad
1175 2031 1509 2076 momentum
1559 2024 1820 2090 temporis

247 2114 506 2182 loquatur
525 2121 618 2166 aut
644 2121 788 2183 agat,
809 2115 935 2183 quia
961 2130 1149 2169 revera
1171 2130 1271 2168 nec
1297 2123 1474 2184 potest
1497 2115 1676 2168 anima
1700 2131 1821 2184 quae

245 2205 343 2260 Dei
373 2221 558 2261 amore
607 2208 809 2276 repleta
861 2213 968 2270 est,
1025 2207 1171 2259 aliud
1207 2207 1414 2276 aliquid
1474 2209 1666 2261 intueri
1711 2208 1818 2264 nisi

240 2299 393 2368 quod
415 2297 481 2350 ad
504 2297 668 2352 Deum
695 2299 955 2367 pertinet,
979 2312 1078 2352 nec
1105 2299 1293 2352 satiari
1313 2307 1492 2368 potest
1512 2315 1820 2368 prmamore

241 2391 392 2456 ejus,
434 2402 497 2442 ea
548 2404 668 2457 quae
700 2389 802 2456 ipsi
837 2390 941 2443 scit
970 2405 1093 2444 esse
1139 2390 1336 2459 placita
1365 2391 1702 2446 meditando.
1750 2389 1816 2442 Hi

241 2494 376 2534 vero
407 2480 500 2548 qui
532 2479 783 2533 all‘ectum
816 2479 936 2548 ejus
970 2481 1192 2534 minime
1225 2497 1548 2551 concepere,
1577 2498 1677 2536 nec
1703 2483 1819 2535 illu-

243 2573 510 2626 minatam
533 2571 857 2626 charitatem
888 2570 1010 2640 ejus
1039 2582 1236 2642 gerunt
1261 2581 1459 2636 mente,
1483 2575 1630 2630 velut.
1653 2575 1704 2628 in
1739 2585 1817 2630 te-

243 2665 453 2719 nebris-
481 2666 644 2734 positi
687 2666 863 2728 lucem
917 2664 1104 2718 videre
1133 2679 1240 2717 non
1289 2675 1539 2730 possunt.
1584 2665 1648 2720 Et
1694 2667 1816 2720 ideo

238 2757 409 2810 etiam
447 2757 764 2825 priusquam
791 2755 1055 2826 incipiant
1084 2755 1368 2823 acquirere
1397 2754 1465 2808 de
1492 2754 1624 2819 Deo,
1656 2756 1812 2824 quasi

245 2849 435 2901 labore
465 2848 709 2916 oppressi
740 2849 922 2901 statim
974 2847 1258 2909 deﬁciunt,
1313 2862 1376 2900 ac
1424 2847 1586 2902 t:edio
1622 2849 1813 2917 repleti

242 2941 513 2994 continuo
542 2955 569 2990 a
600 2941 820 3008 propria
869 2939 1272 2995 consuetudine
1302 2940 1592 3009 rapiuntur
1632 2941 1700 2994 ad
1750 2957 1812 2994 ea

243 3033 408 3086 verba
437 3031 636 3099 quibus
666 3031 1027 3085 delectantur.
1078 3030 1213 3084 Nam
1241 3033 1308 3086 de
1353 3031 1462 3086 Deo
1494 3032 1684 3086 audire
1714 3032 1814 3084 ali-

1932 552 2222 622 placuerit,
2259 557 2313 605 et
2357 550 2605 620 pluribus
2657 549 2850 603 fultum
2901 549 3226 602 ministeriis
3269 549 3502 604 mittam.

1933 640 2058 694 llaec
2090 656 2188 710 ego
2212 640 2462 703 audiens,
2489 648 2544 693 et
2568 639 2705 692 nihil
2731 641 2783 693 in
2809 654 2873 694 eo
2899 639 3198 694 secundum
3230 638 3369 692 hanc
3389 653 3510 708 pre-

1933 733 2227 788 fessionem
2260 733 2475 797 videns,
2510 733 2605 788 sed
2651 748 2869 803 magum
2914 741 2968 786 et
3004 731 3351 800 deceptorem
3383 748 3506 789 esse

1930 824 2261 896 intelligens,
2291 824 2577 895 respondi:
2612 824 2806 891 Qumso
2839 833 2912 889 te,
2953 825 3349 894 ignoseemihi,
3378 827 3503 896 quia

1929 917 2093 986 pedes
2118 917 2298 979 doleo,
2331 925 2384 970 et
2407 925 2695 986 propterea
2738 917 2887 975 exire
2915 931 2944 969 a
2970 915 3370 972 C:esarea.non
3407 933 3503 971 va-

1929 1011 2046 1075 leo;
2079 1018 2340 1078 praeterea
2367 1018 2453 1063 est
2498 1007 2632 1061 mihi
2683 1023 2844 1071 uxor,
2880 1016 3008 1060 sunt
3059 1009 3271 1077 parvuli
3326 1011 3502 1076 liberi,

1927 1116 2066 1172 quos
2084 1101 2392 1169 relinquere
2434 1101 2670 1156 omnino‘
2706 1116 2813 1153 non
2848 1115 3072 1170 possum
3138 1100 3208 1157 At
3259 1103 3350 1158 ille
3391 1104 3504 1160 haec

1928 1194 2160 1247 audiens
2189 1201 2245 1245 et
2274 1191 2505 1262 ignavia:
2534 1207 2621 1246 me
2643 1192 2926 1254 incusans,
2952 1179 3230 1261 profectus
3259 1203 3343 1248 est
3378 1212 3504 1249 con-

1927 1293 2011 1338 tra
2049 1285 2248 1339 Doram
2272 1285 2489 1339 dicens:
2516 1281 2654 1337 Cum
2681 1283 2921 1338 audieris
2944 1295 3148 1353 quanta
3173 1286 3302 1338 mihi
3329 1289 3500 1358 gloria

1927 1378 2032 1431 erit
2060 1378 2114 1429 in
2147 1376 2282 1430 urbe
2305 1375 2496 1438 Roma,
2533 1375 2818 1443 pceuitebit
2855 1383 2927 1430 te.
2979 1375 3045 1429 Et
3085 1387 3208 1447 post
3243 1379 3354 1432 haec
3386 1381 3503 1450 ipse

1925 1468 2168 1538 quidem,
2203 1476 2262 1522 ut
2291 1468 2494 1533 aiebat,
2522 1466 2748 1520 Romam
2777 1469 2952 1536 petiit,
2978 1485 3079 1538 ego
3109 1481 3289 1524 autem
3313 1473 3501 1526 confe-

1927 1563 2054 1616 stim
2085 1562 2220 1617 redii
2254 1560 2378 1624 huc,
2411 1576 2578 1615 orans
2633 1568 2690 1613 ut
2720 1575 2805 1612 me
2830 1562 3098 1632 suscipias
3132 1565 3197 1618 ad
3232 1567 3502 1633 pwniten—

1925 1656 2077 1716 tiam,
2103 1655 2230 1722 quia
2259 1654 2326 1707 ab
2370 1668 2436 1707 eo
2461 1653 2726 1720 deceptus
2757 1668 2900 1708 sum.

1997 1745 2181 1801 LXIV.
2215 1745 2352 1800 Cum
2375 1746 2488 1800 haec
2507 1745 2740 1799 dixisset
2772 1747 2819 1799 is
2841 1745 2934 1815 qui
2968 1761 2997 1798 a
3045 1748 3269 1804 Simone
3293 1764 3505 1817 regres-

1926 1856 2022 1894 sus
2047 1848 2152 1902 est,
2180 1839 2347 1908 jussit
2375 1852 2500 1891 eum
2525 1837 2723 1892 Petrus
2757 1837 2808 1890 in
2835 1839 2978 1892 atrio
3008 1839 3268 1893 residere.
3303 1839 3503 1895 Proce-

1921 1932 2060 1990 dens
2090 1938 2272 1984 autem
2302 1930 2419 1999 ipse
2442 1939 2497 1984 et
2526 1930 2719 1983 turbas
2766 1930 3030 1998 plurimas
3061 1931 3251 1986 videns
3279 1971 3295 1996 ,
3329 1935 3502 1989 multo

1923 2024 2108 2093 plures
2137 2038 2301 2093 quam
2335 2022 2717 2092 superioribus
2746 2023 2962 2087 diebus,
2994 2025 3149 2078 stetit
3175 2024 3228 2076 in
3257 2025 3378 2078 loco
3407 2042 3500 2082 so-

1923 2119 2018 2173 lito
2039 2125 2094 2171 et
2121 2117 2418 2171 ostendens
2442 2130 2567 2169 eum
2589 2118 2682 2184 qui
2708 2125 2952 2180 venerat,
2981 2131 3288 2172 sermonem
3320 2119 3501 2174 facere

1921 2210 2025 2263 hoe
2056 2208 2216 2262 modo
2236 2207 2435 2277 coepit:
2465 2205 2591 2270 Iste,
2623 2206 2844 2270 fratres,
2871 2223 3033 2276 quem
3055 2210 3289 2264 ostendo
3317 2212 3495 2278 vobis,

1921 2303 2083 2372 paulo
2108 2311 2235 2357 ante
2261 2302 2410 2355 venit
2439 2301 2506 2354 ad
2533 2316 2642 2367 me,
2677 2301 2744 2354 de
2784 2299 3028 2356 Simonis
3057 2302 3191 2356 mihi
3223 2303 3380 2358 malis
3411 2320 3500 2358 ar—

1921 2396 2067 2449 tibus
2089 2395 2370 2457 nuntians,
2399 2392 2677 2462 quomodo
2702 2393 2877 2461 ipsam
2920 2393 3146 2448 sceleris
3190 2395 3273 2448 sui
3328 2396 3497 2449 ofﬁci-

1919 2503 2044 2541 nam
2071 2485 2360 2556 projecerit
2383 2485 2438 2538 in
2463 2483 2818 2554 profundum,
2847 2499 2957 2536 non
2981 2485 3141 2553 quasi
3174 2489 3496 2553 paenitentia

1918 2578 2141 2642 ductus,
2171 2577 2265 2632 sed
2295 2584 2548 2632 metuens
2576 2591 2645 2630 ne
2675 2575 3051 2645 deprehensus
3073 2578 3307 2646 publicis
3359 2580 3493 2649 legi-

1920 2671 2022 2726 bus
2061 2670 2390 2739 subjaceret.
2425 2666 2672 2738 Rogabat
2695 2675 2876 2722 autem
2904 2668 3070 2731 hunc,
3105 2680 3161 2722 ut
3191 2669 3337 2732 dicit,
3372 2689 3494 2725 um-

1917 2777 2047 2816 nera
2075 2761 2339 2831 pollicens
2368 2759 2654 2822 immensa,
2678 2773 2862 2812 secum
2890 2773 3130 2814 manere.
3164 2758 3334 2824 Quem
3367 2776 3490 2815 cum

1918 2855 2152 2910 suadere
2181 2853 2404 2907 minime
2428 2851 2720 2920 potuisset,
2749 2860 3010 2920 tanquam
3035 2851 3291 2922 ignavum
3322 2854 3493 2907 incre-

1915 2964 2053 3018 pans
2085 2945 2403 3013 dereliquit,
2438 2943 2554 3012 ipse
2584 2941 2812 2996 Romam
2847 2953 3057 3013 petens.
3092 2945 3336 3014 Cumque
3377 2946 3492 3000 haec

1916 3038 2112 3093 Petrus
2143 3040 2162 3069 ⁷
2192 3037 2492 3092 indicasset
2527 3037 2723 3099 turbis,
2756 3035 2873 3105 ipse
2901 3036 2998 3105 qui
3025 3051 3308 3107 regressus
3343 3052 3372 3089 a
3407 3036 3493 3089 Si-

239 3120 375 3190 quid
409 3119 608 3172 talibus
639 3119 922 3171 taediosum
951 3128 1034 3174 est
1085 3129 1140 3175 et
1169 3123 1479 3184 molestum,
1527 3138 1625 3191 pro
1653 3139 1718 3177 eo
1753 3132 1810 3176 ιιι
1836 3138 1880 3194 ο
1915 3144 2074 3183 mone
2105 3127 2306 3191 fuerat,
2356 3126 2572 3196 publice
2601 3137 2754 3180 stans
2803 3125 3016 3196 singula
3048 3141 3276 3196 quaeque
3321 3129 3489 3196 cwpit

243 3215 383 3276 diui,
408 3212 537 3282 quia
567 3226 718 3265 mens
742 3226 930 3264 eorum
976 3213 1180 3266 nullam
1218 3213 1562 3268 dulcedinem
1616 3215 1815 3268 divina:

240 3305 532 3359 eharitatis
561 3304 792 3372 accepit.

317 3394 504 3451 LXIII.
558 3394 684 3449 Ηωο
715 3393 878 3449 Petro
911 3394 1131 3448 dicente
1164 3395 1280 3449 dies
1325 3404 1549 3451 exortus
1584 3406 1667 3451 est
1690 3436 1705 3460 ,
1758 3406 1812 3452 et

240 3501 376 3541 ecce
404 3487 630 3541 veniens
659 3486 881 3556 quidam
915 3502 980 3541 ex
1008 3486 1294 3554 discipulis
1328 3484 1570 3542 Simonis
1605 3489 1812 3540 clama-

245 3578 338 3632 bat
366 3579 586 3633 dicens:
622 3578 864 3633 Obsecro
891 3586 963 3640 te,
984 3576 1163 3640 Petre,
1185 3578 1404 3646 suscipe
1434 3593 1519 3630 me
1549 3577 1812 3632 miserum

239 3685 276 3720 a
316 3667 470 3736 Mago
510 3665 732 3721 Simone
775 3669 1083 3738 deceptum,
1117 3669 1207 3721 cui
1254 3682 1353 3739 ego
1405 3667 1551 3722 velut
1600 3669 1811 3723 cmlesti

243 3758 356 3813 Deo
386 3757 750 3821 intendebant,
778 3774 874 3827 pro
905 3758 987 3812 his
1005 3774 1125 3828 qme
1149 3759 1217 3812 ab
1244 3773 1307 3813 eo
1328 3759 1443 3812 ﬁeri
1471 3759 1811 3816 mirabilibus

242 3855 514 3907 videbam.
545 3852 756 3907 Auditis
788 3862 968 3906 tamen
996 3853 1342 3907 sermonibus
1367 3853 1472 3907 tuis
1498 3852 1664 3922 cmpit
1697 3853 1809 3922 jam

242 3945 376 3998 mihi
409 3945 568 3998 homo
595 3943 786 4006 videri,
811 3953 863 3998 et
895 3943 1113 4015 quidem
1161 3943 1360 3998 malus.
1420 3941 1808 3998 Verumtamen

240 4051 369 4090 cum
405 4035 534 4088 hinc
589 4036 766 4088 exiret
793 4075 807 4097 ,
840 4051 938 4104 ego
968 4050 1090 4089 eum
1121 4034 1452 4089 subsecutus
1487 4049 1606 4089 sum
1635 4033 1805 4098 solus,

241 4127 482 4182 nondum
507 4128 650 4182 enim
682 4128 750 4181 ad
783 4127 1046 4196 liquidum
1081 4127 1386 4195 impietates
1416 4126 1537 4197 ejus
1568 4141 1808 4196 agnove-

238 4235 379 4275 tam.
399 4219 534 4273 Cum
564 4225 743 4272 autem
761 4218 987 4272 vidisset
1015 4234 1099 4272 me
1126 4219 1566 4286 subsequentem,
1589 4216 1806 4270 beatum

242 4328 328 4366 me
361 4312 550 4365 dicens
593 4309 925 4380 perduxitad
955 4309 1174 4364 domum
1197 4324 1374 4375 suam,
1400 4309 1545 4363 circa
1569 4308 1804 4362 medium

240 4426 368 4466 vero
398 4411 575 4465 noctis
600 4409 674 4461 ait
696 4408 762 4461 ad
786 4423 904 4462 me:
944 4407 1198 4462 Omnium
1231 4417 1283 4461 te
1306 4406 1584 4460 hominum
1609 4403 1803 4458 faciam

1915 3219 2114 3290 populo
2159 3232 2435 3288 exponere
2482 3215 2550 3271 de
2609 3216 2909 3272 sceleribus
2953 3215 3213 3272 Simonis.
3252 3217 3318 3272 Et
3359 3236 3488 3274 cum

1914 3312 2154 3380 graviter
2193 3299 2401 3365 ferrent
2431 3308 2498 3363 de
2543 3308 2650 3372 his,
2705 3324 2827 3378 quae
2863 3307 3158 3362 audiebant
3205 3326 3304 3379 per
3337 3320 3486 3366 artes

1913 3395 2155 3472 magicis
2180 3409 2334 3472 gesta
2356 3416 2386 3454 a
2416 3398 2659 3465 Simone,
2690 3400 2768 3453 ait
2795 3399 3024 3455 Petrus:

1983 3493 2145 3549 LXV.
2173 3493 2374 3558 Nolite,
2435 3493 2657 3575 fratres,
2708 3493 2950 3564 graviter
2981 3491 3121 3548 ferre
3153 3493 3220 3549 de
3251 3495 3334 3549 his
3365 3512 3487 3566 qua:

1912 3595 2193 3640 transacta
2220 3592 2367 3648 sunt,
2395 3585 2488 3638 sed
2528 3585 2818 3641 observate
2841 3583 2908 3640 de
2930 3583 3130 3640 futuris
3155 3604 3170 3653 ;
3197 3603 3317 3658 qua:
3336 3590 3482 3644 enim

1912 3680 2252 3733 transierunt
2278 3677 2390 3746 jam
2417 3676 2568 3730 ﬁnita
2593 3685 2743 3741 sunt,
2777 3693 2897 3746 quae
2923 3693 3053 3732 vero
3083 3677 3366 3734 imminent
3392 3698 3486 3750 pe-

1910 3770 2149 3824 rieulosa
2195 3777 2326 3823 sunt
2356 3768 2442 3824 his
2483 3768 2577 3838 qui
2619 3768 2982 3834 incurret-int;
3030 3770 3287 3824 scandala
3336 3771 3482 3826 enim

1908 3877 2188 3932 nunquam
2217 3863 2450 3916 deerunt
2489 3861 2617 3914 huic
2656 3860 2896 3914 mundo8
2922 3860 3098 3915 donec
3147 3862 3483 3930 permittitur

1911 3952 2134 4042 inimic‘o
2162 3967 2322 4022 agere
2348 3966 2446 4020 pro
2478 3949 2757 4004 voluntate
2789 3965 2920 4015 sua,
2950 3961 3007 4004 ut
3043 3952 3336 4020 prudentes
3361 3954 3483 4023 qui-

1909 4059 2016 4114 que
2043 4041 2101 4098 et
2127 4044 2494 4113 intellige‘ntes
2523 4043 2757 4097 astutias
2781 4041 2901 4108 ejus
2957 4043 3254 4097 suscitatos
3284 4045 3387 4098 sibi
3412 4047 3482 4100 ab

1907 4144 1973 4190 eo
2002 4142 2260 4206 superent
2290 4149 2512 4205 agones,
2561 4133 2615 4187 hi
2666 4150 2795 4187 vero
2821 4135 2914 4203 qui
2963 4136 3243 4204 negligunt
3271 4134 3482 4192 discere

1907 4245 2026 4300 quae
2057 4230 2125 4282 ad
2163 4228 2392 4283 salutem
2441 4228 2714 4297 pertinent
2739 4229 2934 4282 animae
2965 4243 3096 4290 suae,
3122 4227 3288 4295 justis
3321 4230 3387 4282 ab
3416 4247 3481 4285 eo

1907 4321 2324 4392 deceptionibus
2354 4319 2661 4390 capiantur.
2694 4319 2832 4385 Quia
2858 4336 2988 4390 ergo
3012 4328 3067 4372 ιιι
3092 4321 3193 4388 ipsi
3224 4321 3475 4382 audistis.

1910 4412 2101 4466 Simon
2147 4427 2400 4482 egressus
2445 4417 2530 4464 est
2561 4425 2720 4465 aures
2745 4410 3023 4480 gentilium
3039 4413 3129 4479 qui
3153 4411 3220 4465 ad
3248 4412 3477 4467 salutem

243 4505 542 4567 meliorem.
577 4503 622 4558 Si
652 4500 892 4556 νοιυθνίδ
924 4516 1096 4569 usque
1144 4499 1212 4553 3d
1256 4498 1413 4552 ﬁnem
1455 4511 1804 4567 Perseverate
1834 4489 1879 4545 Ι)
1911 4504 2086 4558 vocati
2121 4511 2249 4559 sunt
2294 4502 2614 4572 przevenire.
2647 4517 2872 4557 necesse
2922 4509 3008 4557 est
3036 4509 3089 4556 et
3137 4519 3222 4557 me
3253 4506 3478 4574 vestigia

241 4611 474 4660 mecum;
492 4594 581 4650 cui
603 4607 724 4648 cum
753 4589 1332 4660 promisissem,exegit
1355 4604 1386 4640 a
1408 4603 1494 4643 me
1516 4589 1800 4657 juramen-

239 4695 353 4742 tum
383 4687 820 4759 perseverantia,
852 4700 1024 4754 eoque
1060 4691 1284 4752 accepto
1326 4680 1585 4751 imposuit
1636 4695 1801 4750 SUper

239 4781 494 4835 humeros
524 4796 674 4836 meos
701 4780 909 4848 polluta
952 4777 1196 4846 quaedam
1225 4783 1280 4830 ct
1312 4774 1668 4829 exsecrabilia
1711 4789 1799 4829 se-

239 4879 389 4925 creta
409 4885 506 4924 sua
540 4882 598 4924 ut
624 4881 920 4940 portarem,
948 4877 1000 4922 et
1031 4867 1183 4936 sequi
1212 4881 1297 4919 me
1320 4864 1507 4934 jussit.
1543 4862 1644 4918 Ubi
1675 4880 1802 4920 vero

237 4972 456 5016 ventum
488 4970 572 5017 est
621 4962 686 5015 ad
718 4977 886 5022 mare,
940 4960 1212 5028 navigium
1266 4957 1409 5026 quod
1443 4955 1579 5016 forte
1617 4955 1804 5010 aderat

238 5054 538 5125 ingressus,
591 5053 644 5107 id
680 5069 709 5106 a
743 5052 1050 5109 cervicibus
1101 5050 1238 5106 meis
1287 5049 1428 5119 quod
1460 5056 1679 5118 portare
1718 5062 1805 5102 me

235 5145 497 5213 jusserat,
527 5147 779 5216 sumpsit.
817 5147 881 5200 Et
920 5147 1080 5217 paulo
1113 5154 1234 5214 post
1257 5159 1513 5213 egressus
1545 5141 1679 5195 nihil
1709 5154 1805 5194 ex-

237 5239 381 5299 tulit,
408 5249 616 5293 certum
650 5240 794 5308 quod
825 5240 879 5294 in
910 5255 1060 5294 mare
1081 5237 1132 5291 id
1161 5239 1386 5306 jecerat.
1417 5234 1661 5304 Rogabat
1702 5249 1802 5285 au-

243 5341 343 5385 tem
368 5349 474 5397 me,
500 5342 558 5386 ut
579 5349 702 5387 cum
722 5335 840 5400 ipso
857 5332 1252 5402 proﬁciscerer,
1279 5330 1465 5384 dicens
1487 5344 1544 5382 se
1569 5324 1799 5380 Romam

243 5435 442 5493 pluere,
475 5427 546 5480 ibi
578 5426 724 5480 enim
755 5425 810 5480 in
836 5433 1044 5478 tantum
1074 5425 1422 5494 placiturum,
1446 5428 1504 5474 ut
1526 5420 1665 5474 Deus
1697 5433 1799 5487 pu-

238 5527 380 5572 tetur
407 5531 462 5575 et
495 5520 696 5575 divinis
728 5519 942 5589 publice
983 5519 1216 5573 donetur
1265 5517 1585 5571 honoribus.
1623 5512 1796 5577 Tunc,

1906 4596 2027 4664 ejus
2067 4594 2302 4665 insequi,
2354 4604 2412 4649 ut
2464 4595 2508 4649 si
2557 4595 2689 4663 quid
2721 4594 2860 4648 forte
2905 4595 3097 4649 abillo
3138 4595 3474 4665 disputatum

1905 4687 2089 4752 fuerit,
2120 4686 2430 4758 corrigatur
2466 4702 2497 4740 a
2529 4687 2708 4741 nobis.
2744 4685 2849 4741 Sed
2879 4688 3135 4758 quoniam
3155 4689 3361 4758 justum
3394 4697 3478 4745 est

1905 4777 1974 4832 de
2009 4777 2164 4832 vobis
2193 4778 2451 4846 majorem
2472 4777 2889 4832 sollicitudinem
2922 4779 3056 4849 geri,
3082 4780 3172 4848 qui
3193 4779 3304 4848 jam
3333 4780 3476 4835 intra

1908 4883 2094 4922 muros
2123 4867 2248 4921 vita:
2289 4867 2668 4932 continemini,
2702 4869 2830 4937 quia
2862 4869 3007 4938 quod
3033 4870 3360 4939 acquisitum
3391 4880 3476 4926 est

1904 4960 1949 5015 si
1987 4967 2192 5030 pereat,
2227 4959 2483 5013 damnum
2519 4958 2704 5024 infert,
2735 4961 2880 5030 quod
2909 4970 3088 5016 autem
3117 4965 3136 4994 °
3159 4963 3400 5017 nondum
3426 4965 3473 5018 si

1903 5051 2120 5121 quidem
2147 5051 2377 5106 inveniri
2409 5054 2666 5122 potuerit,
2696 5053 2908 5106 lucrum
2931 5060 3036 5119 est,
3065 5056 3110 5108 si
3141 5057 3321 5109 minus
3370 5054 3471 5109 hoc

1905 5143 2078 5198 solum
2109 5141 2294 5196 damni
2319 5149 2403 5197 est
2427 5141 2572 5212 quod
2594 5142 2807 5196 lucrum
2861 5141 3059 5196 factum
3089 5157 3196 5197 non
3247 5149 3358 5210 est;
3413 5153 3470 5196 ιιι

1902 5249 2032 5304 ergo
2058 5241 2112 5288 et
2139 5250 2238 5289 vos
2275 5235 2448 5304 magis
2474 5250 2538 5288 ac
2586 5236 2760 5305 magis
2799 5239 2853 5288 in
2900 5235 3128 5289 veritate
3159 5236 3471 5301 ﬁrmemini,

1902 5335 1953 5380 et
1982 5334 2171 5400 gentes
2200 5343 2320 5397 qua
2342 5328 2408 5380 ad
2434 5327 2664 5380 salutem
2712 5335 2983 5380 vocantur
3015 5341 3122 5380 non
3159 5341 3473 5395 usquequa~

1903 5435 2006 5488 que
2032 5421 2243 5488 possint
2289 5419 2532 5488 nequitia
2579 5416 2816 5471 Simonis
2874 5417 3179 5487 prteveniri,
3237 5417 3469 5486 cogitavi

1905 5512 2224 5566 Zacchaeum
2253 5513 2407 5567 vobis
2457 5510 2715 5566 ordinare
2750 5521 3046 5582 pastorem,
3070 5525 3171 5579 ego
3197 5525 3323 5564 vero
3354 5509 3469 5580 ips:

309 5651 329 5681 ⁸
366 5650 552 5705 Matth.
577 5668 698 5713 xm,
738 5650 826 5705 46.
886 5651 905 5682 ⁷
939 5650 1168 5720 Cumque
1189 5651 1296 5705 hmo
1323 5651 1532 5711 Petrus,
1559 5657 1612 5704 et
1634 5665 1753 5719 qua:
1779 5661 2082 5718 sequuntur
2111 5651 2396 5716 vocabula,
2430 5665 2612 5719 usque
2640 5649 2705 5702 ad
2740 5648 2829 5701 illa
2862 5663 2982 5720 cap.
3017 5647 3118 5702 65:
3153 5647 3468 5714 deceptioni-

245 5718 334 5791 (ναις
375 5724 672 5790 capiantur,
695 5722 892 5776 desunt
923 5723 975 5778 in
1000 5718 1156 5777 codd.
1187 5721 1364 5791 Lipss.

239 5789 486 5852 lcaluntur
518 5795 572 5847 in
600 5793 760 5848 codd.
786 5792 964 5856 Lipss.
1254 5789 1269 5791 _
1315 5807 1320 5814 '

1441 5724 1462 5755 ⁸
1495 5721 1679 5776 Matth.
1711 5735 1862 5785 xviii,
1891 5721 1949 5788 7;
1974 5723 2105 5778 Luc.
2138 5738 2270 5786 xvii,
2304 5723 2354 5777 1.

2430 5721 2450 5752 ⁸
2486 5720 2637 5786 Quod
2651 5730 2821 5772 autem
2839 5750 2904 5758 —
2914 5719 3110 5788 [actum
3138 5735 3241 5772 non
3270 5729 3467 5774 estnon
