4022 6274
574 338 700 395 13H

1453 336 1510 391 S.
1553 335 1944 392 CLEMENTIS
1984 337 2001 390 I
2041 336 2207 392 ROM.
2251 336 2452 394 PONT.
2493 335 2720 392 ΟΡΕΒΑ
2758 337 2984 394 DUBIA.

3666 343 3811 400 1519.

571 462 682 504 tres
715 449 994 503 vobiscum
1040 461 1361 516 permanere
1389 461 1605 502 menses
1652 455 1706 500 et
1757 447 1831 499 ita
1867 447 2138 517 proficisci
2167 451 2218 507 Α
2245 461 2341 514 per
2364 449 2664 502 orationem
2717 450 3082 513 sanctiﬁcata,
3118 457 3174 502 ut
3218 449 3292 502 ita
3319 449 3539 506 demum
3571 467 3666 522 per
3694 456 3810 513 haec

569 539 634 592 ad
668 545 879 607 gentes,
918 551 989 590 ne
1041 536 1275 605 amplius
1318 536 1662 591 morantibus
1708 537 1867 591 nobis
1898 545 1953 590 et
1981 537 2146 592 scele-

571 631 724 685 ribus
758 629 995 684 Simonis
1055 643 1446 700 usquequaque
1477 629 1879 698 grassantibus.
1915 630 2142 684 insana-

569 723 707 776 niles
745 721 898 776 ﬁant.

640 811 824 867 LXVI.
857 812 983 867 Haec
1026 813 1118 868 illo
1145 812 1362 868 dicente
1391 813 1682 870 universus
1711 816 1944 885 populus
1971 813 2137 880 flevit,

567 906 972 976 audiens’quod
1004 906 1353 976 profecturus
1375 915 1542 963 esset.
1583 907 1652 960 At
1673 902 1866 964 Petrus
1892 925 2142 979 compas-

567 1015 666 1054 sus
698 1001 800 1064 eis,
851 1000 1013 1053 etiam
1072 1000 1188 1068 ipse
1237 1000 1506 1069 Iaerymas
1553 999 1712 1063 fudit,
1762 1009 1815 1055 et
1862 1003 2140 1056 incmlum

565 1093 870 1162 respiciens
893 1092 967 1144 ait
995 1111 1007 1145 ε
1031 1089 1175 1154 Tibi,
1202 1091 1368 1153 Deus,
1391 1091 1483 1159 qui
1505 1091 1702 1144 ecelum
1731 1097 2040 1160 terramque
2062 1090 2142 1146 fe-

567 1185 694 1238 cisti
724 1191 777 1237 et
806 1185 987 1237 omnia
1017 1199 1136 1252 quae
1187 1184 1242 1236 in
1274 1183 1356 1238 eis
1388 1191 1536 1245 sunt,
1570 1198 1782 1253 precem
1841 1184 2139 1253 supplicem

568 1275 874 1337 fundimus,
904 1282 961 1336 ut
992 1273 1374 1343 confugientes
1401 1274 1469 1327 ad
1496 1275 1626 1328 tein
1658 1273 2008 1328 tribulatione
2039 1289 2139 1329 sua

566 1366 794 1431 soleris;
829 1371 1049 1434 propter
1080 1364 1332 1418 affectum
1361 1364 1507 1418 enim
1563 1379 1723 1433 quem
1782 1365 1983 1418 habent
2012 1380 2138 1434 erga

565 1467 638 1522 te,
670 1455 906 1525 diligunt
930 1471 1034 1515 me,
1068 1455 1159 1522 qui
1186 1455 1468 1508 veritatem
1512 1461 1660 1507 tuam
1693 1457 2010 1509 annuutiavi
2035 1457 2136 1511 eis.

563 1547 791 1618 Propter
819 1547 961 1616 quod
992 1546 1364 1600 miserationis
1395 1554 1500 1600 tum
1533 1547 1754 1600 dextera
1781 1549 1994 1602 custodi
2018 1565 2135 1615 eos;

563 1657 672 1694 non
698 1640 843 1694 enim
879 1639 1170 1692 Zacchaaus
1224 1653 1326 1692 nec
1371 1639 1510 1692 alius
1538 1639 1826 1708 quisquam
1859 1641 2135 1695 hominum

560 1739 750 1784 custos
798 1745 920 1784 esse
955 1729 1036 1783 eis
1071 1729 1302 1783 idoneus
1353 1736 1550 1798 potest.
1586 1729 1711 1784 Haec
1760 1742 1938 1785 autem
1971 1743 2022 1786 et
2053 1734 2136 1787 his

560 1819 760 1871 similia
790 1835 914 1872 cum
961 1819 1191 1873 dixisset
1243 1817 1456 1881 Petrus,
1491 1821 1746 1875 manibus
1773 1824 2133 1891 superpositis

555 1910 821 1966 Zacchaeo
862 1911 1060 1976 oravit,
1092 1919 1152 1964 ut
1199 1911 1604 1980 inculpabiliter
1657 1914 2004 1983 episc0patus
2047 1918 2133 1971 sui

559 2011 806 2057 servaret
845 2002 1103 2056 ofﬁcium.
1134 2001 1264 2056 Post
1313 2002 1428 2055 haec
1467 2002 1753 2057 duodecim
1786 2007 2132 2076 presbyteros

555 2095 835 2148 ordinavit
863 2102 917 2147 et
947 2094 1205 2148 diacones
1257 2101 1512 2162 quatuor,
1551 2102 1604 2147 et
1632 2095 1747 2150 ait:
1810 2096 2130 2152 Zacchaaum

557 2187 709 2240 hunc
736 2186 893 2239 vobis
927 2183 1177 2238 ordinavi
1225 2185 1564 2254 episcopum,
1597 2186 1778 2242 sciens
1800 2203 1922 2241 eum
1971 2191 2132 2245 timo-

557 2293 673 2332 rem
704 2275 796 2331 Dei
852 2276 1053 2330 babere
1103 2283 1157 2329 et
1212 2277 1486 2330 eruditum
1533 2293 1656 2331 esse
1697 2279 1752 2331 in
1806 2278 2128 2349 Scripturis,

556 2382 721 2437 quem
753 2369 910 2437 quasi
941 2366 1144 2421 Christi
1192 2367 1370 2420 locum
1403 2381 1710 2422 servantem
1740 2369 2011 2426 honorare
2036 2373 2131 2426 de-

555 2460 718 2526 betis,
747 2445 1061 2513 obedientes
1088 2459 1138 2512 ei
1164 2459 1229 2512 ad
1243 2459 1472 2512 salutem
1499 2467 1761 2526 vestram,
1789 2472 1843 2515 et
1869 2465 2125 2528 scientes,

555 2552 700 2622 quod
731 2553 846 2607 sive
882 2551 1057 2605 honor
1088 2553 1202 2605 sive
1233 2550 1430 2620 injuria
1490 2567 1612 2621 quae
1653 2553 1703 2606 ei
1753 2553 2022 2617 defertur,
2061 2554 2128 2608 ad

552 2646 832 2699 Christum
861 2645 1133 2698 redundat
1163 2651 1219 2697 et
1274 2659 1303 2696 a
1341 2643 1563 2699 Christo
1599 2645 1666 2699 ad
1711 2645 1900 2702 Deum.
1932 2648 2129 2703 Audite

554 2753 687 2806 ergo
711 2753 835 2791 eum
868 2737 1130 2791 attentius
1181 2744 1234 2791 et
1265 2737 1332 2791 ab
1361 2738 1482 2807 ipso
1507 2738 1769 2807 suscipite
1821 2740 2126 2795 doctrinam

555 2830 701 2893 ﬁdei,
730 2829 935 2883 monita
965 2837 1144 2885 autem
1190 2831 1314 2885 vitm
1356 2845 1385 2883 a
1423 2832 1755 2902 presbyteris
1774 2871 1790 2892 ,
1822 2847 1852 2886 a
1882 2833 2130 2887 diaconi-

553 2923 658 2978 bus
683 2938 813 2977 vero
850 2923 1096 2977 ordinem
1128 2922 1452 2992 disciplinae.
1487 2921 1786 2978 Viduarum
1815 2925 2125 2993 religiosam

553 3029 742 3069 curam
776 3017 968 3085 gerite,
1001 3015 1238 3086 pupillos
1280 3016 1496 3069 enixius
1529 3015 1734 3084 iuvate,
1792 3017 2126 3085 pauperibus

2240 546 2592 592 consecratus
2623 539 2797 606 possit
2827 538 3107 607 percipere
3129 539 3198 594 de
3237 543 3446 595 sanctis
3473 542 3608 612 (97).

2316 627 2554 684 LXVIII.
2576 659 2648 669 —
2670 629 2877 684 Etcum
2900 631 3068 684 multa
3095 631 3328 688 dixisset
3367 634 3435 688 de
3467 636 3678 690 ratione
3717 638 3811 690 ba-

2242 720 2451 788 ptismi,
2485 721 2734 776 dimissis
2776 722 2955 776 turbis
2994 723 3062 776 ad
3096 724 3312 777 solitam
3347 739 3405 779 se
3433 728 3638 796 recepit
3659 743 3810 783 man-

2241 811 2471 875 sionem,
2506 812 2688 880 ibique
2733 813 3040 868 astantibus
3085 815 3193 869 sibi
3223 815 3533 879 duodecim,
3593 817 3647 872 id
3700 829 3803 881 est,

2242 901 2500 957 Zacchaeo
2527 910 2583 958 et
2605 901 2904 972 Sophonia,
2931 903 3169 975 Josepho
3197 916 3250 962 et
3283 907 3528 971 Michaea,
3553 908 3806 966 Eleazaro

2240 1002 2294 1050 et
2319 993 2570 1058 Phinees,
2602 994 2808 1050 Lazaro
2836 1006 2889 1050 et
2917 996 3117 1060 Eliseo,
3151 1013 3239 1053 me
3261 998 3542 1055 Clemente
3568 1009 3624 1055 et
3647 1000 3808 1056 Nico-

2240 1087 2421 1149 demo,
2446 1085 2633 1140 Niceta
2662 1095 2716 1141 et
2748 1087 2967 1157 Aquila,
3001 1089 3107 1143 hoc
3136 1089 3299 1144 modo
3327 1092 3649 1160 prolocutus
3677 1103 3759 1147 est
3790 1111 3802 1146 :

2239 1175 2661 1233 Consideremus
2698 1180 2895 1256 fratres
2918 1220 2932 1244 ,
2961 1180 3107 1250 quod
3144 1181 3352 1250 justum
3391 1193 3511 1249 est;
3543 1183 3802 1238 debemus

2239 1270 2380 1323 enim
2409 1270 2670 1324 auxilium
2698 1271 2917 1340 aliquod
2951 1270 3091 1327 ferre
3111 1272 3387 1342 gentibus,
3413 1288 3536 1342 quae
3561 1274 3632 1327 ad
3656 1275 3802 1328 salu-

2239 1368 2346 1414 tem
2379 1369 2584 1415 vorata:
2614 1369 2762 1416 sunt.
2796 1361 2902 1432 Ipsi
2935 1363 3166 1417 audistis
3197 1362 3344 1432 quod
3379 1361 3569 1418 Simon
3602 1379 3802 1432 praece-

2248 1453 2377 1508 dere
2402 1454 2592 1508 volens
2620 1454 2722 1508 iter
2750 1461 2996 1508 nostrum
3021 1453 3297 1523 profectus
3315 1463 3422 1520 est,
3451 1470 3616 1524 quem
3647 1469 3806 1524 opor-

2237 1549 2415 1597 tuerat
2449 1559 2478 1599 e
2506 1543 2736 1612 vestigio
2768 1543 3007 1614 insequi,
3041 1552 3101 1597 ut
3130 1543 3305 1598 sicubi
3341 1544 3556 1613 aliquos
3580 1544 3806 1598 subver-

2237 1643 2353 1689 tere
2384 1640 2622 1689 tentaret
2670 1635 2935 1689 continuo
2978 1633 3361 1688 confutaretur
3404 1648 3435 1687 a
3479 1633 3664 1688 nobis.
3703 1633 3804 1687 Sed

2237 1727 2494 1797 quoniam
2535 1727 2799 1796 injustum
2846 1726 2979 1780 mihi
3019 1725 3256 1789 videtur,
3295 1731 3355 1779 ut
3383 1724 3666 1780 derelictis
3717 1725 3798 1779 his

2238 1820 2333 1889 qui
2363 1819 2474 1888 jam
2518 1819 2772 1872 conversi
2803 1825 2932 1872 sunt
2963 1818 3028 1871 ad
3066 1815 3255 1880 Deum,
3280 1831 3473 1870 eorum
3502 1817 3595 1886 qui
3623 1818 3803 1871 adbuc

2238 1913 2395 1980 longe
2422 1919 2550 1965 sunt
2578 1925 2767 1964 curam
2798 1909 3164 1979 proferamus,
3198 1917 3412 1964 rectum
3449 1917 3585 1979 puto
3627 1912 3803 1965 tribus

2235 1996 2519 2058 mensibus
2541 2019 2863 2073 permanere
2893 2020 2978 2058 me
3011 2018 3133 2057 cum
3156 2003 3244 2057 his
3264 2003 3355 2072 qui
3381 2001 3435 2056 in
3463 2004 3564 2058 hac
3585 2005 3803 2059 civitate

2233 2095 2487 2148 conversi
2511 2102 2640 2148 sunt
2663 2094 2728 2147 ad
2756 2093 2936 2158 ﬁdem,
2960 2100 3014 2148 et
3037 2092 3308 2147 ﬁrmiores
3329 2108 3424 2148 eos
3455 2092 3692 2156 efﬁcere,
3708 2111 3802 2148 nec

2232 2191 2416 2239 tamen
2446 2185 2570 2238 illos
2600 2185 2695 2255 qui
2723 2185 2902 2239 adhuc
2926 2185 3085 2253 longe
3102 2192 3233 2238 sunt
3261 2185 3479 2253 penitus
3508 2186 3802 2256 negligere,

2233 2291 2301 2330 ne
2327 2276 2484 2338 forte,
2519 2277 2568 2331 si
2597 2277 2690 2330 diu
2715 2276 2938 2331 venenis
2967 2275 3221 2346 pessima:
3245 2274 3517 2330 doctrina:
3549 2276 3804 2330 infician-

2234 2375 2346 2432 tur,
2394 2367 2669 2422 diﬁicilius
2711 2377 3056 2423 revocentur.
3100 2367 3166 2420 Et
3204 2369 3329 2422 ideo
3361 2368 3506 2430 volo,
3538 2368 3582 2424 si
3619 2376 3804 2422 tamen

2231 2461 2394 2514 etiam
2425 2460 2579 2514 vobis
2604 2459 2813 2528 justum
2853 2459 3091 2525 videtur,
3124 2468 3184 2514 ut
3215 2475 3314 2530 pro
3347 2458 3610 2513 Zacchaeo
3642 2475 3802 2528 quem

2232 2552 2324 2606 hic
2352 2551 2730 2606 ordinavimus
2751 2553 3092 2620 episcopum,
3129 2551 3457 2620 subjiciatur
3485 2550 3541 2604 in
3574 2565 3802 2604 numero

2232 2642 2531 2712 Benjamim
2557 2641 2700 2697 ﬁlius
2723 2640 2888 2707 Saba,
2907 2649 2961 2696 et
2978 2658 3078 2712 pro
3100 2641 3374 2697 Clemente
3391 2656 3552 2711 quem
3579 2640 3797 2695 decrevi

2232 2749 2442 2786 mecum
2474 2747 2693 2802 semper
2716 2748 2856 2796 esse,
2883 2734 3009 2803 quia
3040 2749 3106 2787 ex
3144 2732 3402 2802 gentibus
3430 2731 3664 2786 veniens
3706 2747 3800 2784 an-

2229 2824 2410 2880 diendi
2437 2825 2582 2879 verbi
2621 2824 2711 2879 Dei
2756 2826 2964 2894 grande
2991 2825 3324 2880 desiderium
3359 2825 3527 2894 gerit,
3557 2824 3799 2877 Ananias

2230 2918 2375 2971 ﬁlius
2409 2915 2588 2978 Safra,
2628 2931 2728 2984 pro
2756 2915 2944 2969 Niceta
2989 2931 3119 2970 vero
3157 2924 3210 2970 et
3245 2916 3462 2986 Aquila,
3506 2915 3598 2984 qui
3625 2930 3798 2983 nuper

2227 3006 2476 3060 conversi
2512 3016 2640 3059 sunt
2682 3004 2751 3057 ad
2794 3005 2952 3058 ﬁdem
2995 3006 3222 3068 Christi,
3267 3004 3514 3061 Itubelus
3548 3003 3797 3058 Zaccba~i

554 3107 985 3162 misericordiam
1053 3108 1234 3169 facile,
1293 3107 1526 3176 juvenes
1565 3107 1883 3176 pudicitiam
1912 3109 2122 3174 docete,

2232 3095 2401 3149 frater
2430 3103 2484 3150 et
2510 3095 2806 3150 Zacharias
2839 3104 3100 3150 structor.
3131 3096 3252 3151 Istis
3277 3111 3404 3166 ergo
3434 3104 3677 3165 quatuor
3702 3111 3795 3164 pro

549 3205 602 3252 et
630 3207 686 3251 ut
718 3198 952 3251 breviter
985 3207 1156 3252 totum
1189 3199 1389 3263 dicam,
1424 3201 1758 3254 alterutrum
1798 3215 1896 3255 vos
1919 3200 1972 3254 in
2003 3203 2126 3270 qui-

552 3292 654 3345 bus
673 3306 761 3345 res
789 3293 1098 3361 poposcerit
1121 3299 1444 3347 sustentate.
1467 3291 1636 3346 Deum
1663 3293 1827 3347 colite
1851 3295 1942 3362 qui
1973 3310 2125 3349 crea-

549 3383 842 3435 vitemlum
871 3389 924 3435 et
961 3391 1185 3446 terram,
1220 3382 1441 3439 Christo
1482 3385 1707 3449 credite,
1739 3367 1968 3441 invicein
2001 3388 2124 3440 dili-

549 3473 683 3541 gite,
718 3473 1102 3528 misericordes
1133 3482 1309 3529 estote
1337 3475 1404 3529 ad
1435 3490 1647 3541 omnes,
1676 3494 1783 3531 non
1817 3479 1982 3534 verbo
2005 3481 2123 3534 solo

552 3564 645 3617 sed
673 3570 727 3618 et
759 3580 923 3633 Opere
951 3573 1004 3618 et
1026 3567 1190 3619 rebus
1213 3567 1428 3636 implete
1457 3569 1801 3624 charitatem.

618 3654 827 3710 LXVII.
860 3655 925 3708 Et
954 3673 1075 3710 cum
1108 3658 1219 3712 haae
1257 3666 1419 3727 atque
1475 3660 1562 3714 his
1603 3661 1800 3715 similia
1834 3663 2122 3731 praecepis-

549 3756 652 3810 set,
683 3749 1055 3818 pronuntiavit
1075 3750 1141 3803 ad
1167 3753 1421 3819 populum
1445 3752 1633 3807 dicens
1660 3772 1674 3807 :
1709 3753 1974 3819 Quoniam
2007 3763 2119 3809 tres

551 3859 765 3897 menses
789 3843 952 3896 statui
981 3842 1155 3898 facere
1187 3846 1463 3898 vobiscum
1488 3885 1503 3909 ,
1533 3847 1576 3899 si
1607 3847 1732 3915 quis
1764 3857 2000 3902 vestrum
2025 3849 2119 3904 de-

550 3933 776 3996 siderat,
806 3934 1126 4006 baptizetur,
1188 3942 1247 3988 ut
1293 3943 1490 3990 exutus
1519 3937 1797 4006 prioribus
1841 3941 2020 4004 malis,
2052 3942 2117 3996 de

549 4026 755 4094 reliquo
787 4040 884 4095 pro
914 4003 1072 4080 bonis
1096 4027 1304 4081 actibus
1328 4027 1498 4082 haeres
1517 4028 1781 4083 bonorum
1813 4031 2117 4085 emlestinm

545 4130 608 4167 ex
643 4117 813 4184 gestis
861 4117 1098 4186 propriis
1151 4116 1262 4170 ﬁat.
1322 4116 1559 4172 Accedat
1580 4133 1710 4188 ergo
1755 4120 1846 4189 qui
1910 4123 2020 4176 vult
2050 4123 2116 4176 ad

545 4205 888 4266 Zacchaaum,
915 4216 968 4260 et
998 4207 1100 4276 ipsi
1134 4208 1225 4261 det
1266 4223 1464 4262 nomen
1495 4225 1655 4264 suum
1691 4210 1827 4280 (96),
1856 4220 2018 4282 atque
2047 4213 2116 4266 ab

543 4314 609 4351 eo
639 4298 824 4351 audiat
848 4299 1101 4368 mysteria
1127 4299 1276 4368 regni
1304 4300 1833 4370 ccelornmJejuniis
1867 4303 2118 4374 frequen-

543 4389 690 4443 tibus
719 4405 938 4459 Operam
974 4391 1251 4459 impendat
1279 4407 1342 4445 ac
1392 4395 1743 4464 semetipsum
1777 4396 1830 4449 in
1859 4399 2114 4454 omnibus

2231 3187 2316 3240 his
2340 3194 2575 3256 quatuor
2620 3187 2934 3242 substitutis
2971 3189 3174 3258 expleri
3208 3189 3330 3242 volo
3371 3187 3667 3242 duodecim
3700 3203 3797 3240 nu-

2229 3294 2460 3342 merum,
2488 3285 2546 3331 ut
2579 3294 2664 3334 me
2703 3279 2760 3332 in
2797 3279 2933 3348 ipsis
2960 3295 3174 3349 semper
3203 3295 3388 3335 secum
3429 3294 3554 3334 esse
3590 3280 3797 3335 sentiat

2229 3366 2437 3423 Simon.
2752 3390 2754 3393 '

2294 3488 2477 3542 LXIX.
2547 3489 2914 3559 Sequestratis
2966 3488 3128 3559 igitur
3178 3505 3262 3542 me
3312 3487 3589 3543 Clemente
3621 3497 3680 3544 et
3708 3487 3796 3541 Ni—

2224 3590 2342 3634 eeta
2385 3588 2439 3634 et
2479 3580 2695 3650 Aquila,
2739 3580 2806 3633 ad
2843 3581 2966 3632 illos
2998 3578 3284 3632 duodecim
3331 3578 3405 3630 ait
3443 3595 3456 3631 :
3499 3575 3644 3630 Volo
3697 3591 3791 3631 ros

2226 3679 2350 3740 post
2378 3671 2518 3725 diem
2545 3672 2845 3724 crastinum
2880 3669 3148 3738 proﬁcisci
3181 3667 3246 3720 ad
3271 3675 3461 3738 gentes
3488 3678 3542 3721 et
3561 3669 3791 3738 vestigia

2225 3762 2463 3819 Simonis
2495 3762 2728 3831 insequi,
2759 3768 2818 3813 ut
2842 3759 3024 3813 omnia
3051 3773 3170 3827 qua;
3200 3767 3311 3824 agit
3340 3758 3636 3811 manifesta
3663 3757 3789 3809 mihi

2225 3852 2461 3907 faciatis.
2507 3852 2612 3907 Sed
2652 3862 2707 3906 et
2745 3850 3081 3920 propositum
3125 3850 3463 3919 singulorum
3500 3847 3793 3916 diligenter

2221 3948 2482 4015 requirite
2511 3953 2563 3998 et
2601 3961 2686 3999 me
2726 3944 3042 3998 adiuturum
3085 3943 3206 3997 sine
3247 3957 3396 3995 mora
3442 3942 3524 3995 eis
3567 3955 3791 3994 annun-

2219 4038 2371 4102 tiate,
2401 4044 2455 4090 et
2479 4053 2545 4090 ne
2577 4037 2746 4089 multa
2777 4036 2933 4089 vobis
2962 4034 3164 4098 dicam,
3198 4049 3293 4104 per
3319 4034 3500 4087 omnia
3532 4033 3791 4086 instruite

2218 4128 2448 4198 gentiles
2485 4133 2803 4195 exspectare
2839 4125 3126 4178 adventum
3161 4139 3360 4177 meum.
3387 4123 3643 4190 Cumque
3672 4122 3785 4174 hate

2217 4229 2379 4289 atque
2403 4219 2488 4273 bis
2507 4219 2702 4274 similia
2718 4217 2944 4271 dixisset
2966 4235 2977 4269 :
3006 4216 3179 4268 Etiam
3194 4230 3312 4276 vos,
3336 4215 3534 4283 inquit,
3561 4213 3786 4271 fratres,

2219 4313 2264 4366 si
2308 4311 2436 4381 quid
2469 4311 2623 4365 vobis
2660 4313 2724 4363 ad
2755 4309 2870 4362 haec
2901 4309 3136 4371 videtur,
3163 4308 3348 4369 dicite,
3389 4323 3456 4362 ne
3499 4306 3645 4360 forte
3679 4321 3786 4359 non

2218 4404 2289 4459 sit
2329 4411 2537 4456 rectum
2569 4401 2713 4470 quod
2747 4400 2879 4453 mihi
2907 4399 3006 4454 soli
3045 4399 3240 4467 placet.
3267 4397 3404 4451 Tum
3437 4412 3634 4451 omnes
3680 4413 3785 4449 una

544 4483 754 4550 probet,
789 4491 848 4536 ut
873 4483 1049 4537 tribus
1081 4484 1166 4537 his
1209 4486 1489 4540 mensibus
1527 4490 1918 4544 consummatis
1943 4489 1998 4543 in
2025 4491 2111 4546 die
2143 4471 2186 4525 θ
2214 4507 2345 4546 voce
2373 4490 2746 4545 collaudantes
2773 4505 2895 4543 eum
2931 4507 2943 4542 :
2980 4487 3257 4558 Rogamus
3298 4487 3492 4557 magis,
3537 4488 3784 4546 aiebant.

541 4573 682 4627 festo
710 4574 882 4642 possit
907 4575 1195 4642 baptizari.
1230 4574 1600 4643 Baptizabitur
1621 4577 1798 4633 autem
1823 4582 2113 4650 unusquis-

540 4682 645 4735 que
676 4674 915 4720 veetrum
948 4667 1001 4719 in
1025 4667 1182 4735 aquis
1209 4667 1535 4736 perennibus
1559 4671 1963 4727 nomineTrinae
1988 4677 2113 4729 Bea-

537 4756 796 4811 titudinis
825 4757 1083 4811 invocato
1130 4773 1295 4826 super
1345 4773 1425 4825 se,
1457 4769 1754 4829 perunctus
1785 4763 1963 4832 primo
1991 4764 2111 4819 oleo

2217 4595 2272 4638 ut
2321 4599 2421 4653 pro
2468 4582 2698 4636 arbitrio
2724 4591 2816 4634 tuo
2841 4590 3038 4634 cuncta
3085 4581 3347 4650 disponas
3383 4586 3439 4633 et
3483 4579 3634 4648 quod
3687 4579 3785 4632 tibi

2215 4675 2318 4744 ipsi
2348 4675 2561 4728 videtur
2599 4673 2822 4742 iubeas;
2849 4671 2954 4726 hoc
2992 4671 3135 4725 enim
3186 4681 3440 4741 putamus
3471 4685 3599 4725 esse
3646 4686 3787 4738 Opus

2218 4769 2490 4838 integrum
2522 4766 2762 4838 pietatis,
2794 4765 2840 4821 si
2871 4779 2990 4834 qua:
3012 4771 3070 4818 tu
3094 4763 3328 4833 jusseris
3359 4763 3714 4832 impleamus.

1837 4939 2204 4997 COTELERII
2238 4941 2470 4998 NOTAE.

603 5076 712 5148 (96)
754 5074 822 5129 Et
853 5075 956 5148 ipsi
991 5073 1076 5128 det
1111 5090 1295 5128 nomen
1330 5091 1502 5130 suum.
1529 5073 1634 5148 Qui
1662 5075 1956 5148 Christiani
1991 5078 2108 5133 ﬁeri

535 5145 812 5206 volebant.
843 5146 1048 5218 dabant
1077 5161 1235 5200 suum
1260 5161 1455 5199 nomen
1484 5145 1550 5218 ad
1573 5146 1931 5215 baptismum,
1960 5151 2106 5218 quod

533 5220 923 5297 scriberemus
953 5217 1105 5297 clero
1127 5260 1140 5282 ,
1174 5224 1472 5297 posteaque
1494 5217 2028 5297 ὀνοματογραερέντές
2048 5227 2102 5273 et

533 5288 831 5346 subscripti
859 5287 1202 5340 dicebantur.
1239 5286 1522 5340 Celebrem
1554 5286 1721 5340 ritum
1755 5286 1954 5342 docent
1976 5304 2100 5343 cum

531 5359 718 5414 multis
754 5355 985 5412 Siricius
1031 5372 1187 5427 papa,
1227 5357 1388 5425 epist.
1429 5357 1480 5420 I,
1514 5371 1635 5426 cap.
1679 5355 1733 5428 2,
1782 5365 1835 5411 et
1861 5359 2098 5428 Cyrillus

529 5428 1072 5498 I‘iierosolymitanus,
1115 5427 1392 5498 catecbesi
1433 5427 1688 5498 5,_atque
1717 5427 1770 5479 in
1815 5427 2095 5498 Πρσκατη-

530 5503 702 5570 χήσει.
743 5496 813 5570 Ea
846 5498 1278 5570 Procatechesis,
1303 5506 1359 5570 ut
1385 5497 1435 5550 id
1467 5496 1646 5570 obiter
1648 5496 1950 5570 _moneam._
1984 5496 2096 5550 vel-

530 5566 593 5622 iit
633 5569 854 5622 homilia
889 5568 946 5621 S.
1004 5568 1187 5621 Basilii
1230 5567 1304 5621 De
1335 5568 1614 5635 baptismo,
1646 5566 1778 5637 Περὶ
1816 5568 2096 5636 φωτίσμα-

526 5655 637 5701 τος,
666 5647 866 5694 exstat.
901 5637 993 5690 sed
1025 5639 1192 5691 multa
1224 5655 1348 5692 cum
1395 5638 1731 5697 diversitate,
1767 5637 1821 5690 in
1854 5638 2095 5704 antiquis

529 5710 858 5762 membranis
902 5708 1243 5762 Bibliotheca:
1291 5706 1470 5777 Regia:
1507 5707 1631 5760 eod.
1676 5707 1810 5761 1:260
1848 5714 1903 5760 et
1931 5707 2091 5772 9.405,

525 5780 592 5833 ad
634 5778 792 5846 cujus
835 5779 1158 5846 posterioris
1189 5779 1399 5833 codicis
1431 5777 1729 5846 marginem
1771 5778 1852 5832 sic
1887 5778 2096 5832 notavit

2215 5079 2442 5150 eriticus
2470 5078 2689 5150 Graecus
2716 5094 2730 5150 ς
2763 5077 2955 5150 Σαφῶς
2981 5078 3114 5150 ἡμῖν
3152 5075 3402 5150 δείκνυσί
3426 5078 3458 5150 6_
3487 5081 3778 5150 χαρακτὴρ

2207 5149 2302 5220 fret")
2339 5149 2697 5220 προκειμένῳ
2720 5147 2897 5220 λόγου,
2932 5146 3012 5199 an
3035 5150 3132 5200 οὐκ
3164 5147 3276 5220 ἔστι
3316 5146 3406 5198 τοῦ
3437 5146 3780 5220 ἁγίῳ-Βασίὶ-

2207 5214 2465 5272 λείου.’ἰη
2507 5214 2740 5273 concilio
2781 5217 3388 5285 Constantinopolitano
3428 5218 3531 5270 sub
3570 5214 3725 5272 Mena
3760 5239 3774 5273 :

2205 5289 2472 5357 Στέφανος
2503 5288 2770 5350 διάκονος,
2805 5289 2833 5340 ὁ
2878 5289 2970 5340 καὶ
3016 5287 3112 5351 τὰς
3145 5285 3510 5357 προσηγορίας
3547 5288 3656 5339 τῶν
3697 5291 3777 5352 εἰς

2205 5307 2305 5342 ιτε
2349 5307 2472 5352 avo;
2503 5307 2770 5350 οιακονος,
2805 5307 2833 5340 o
2878 5307 2970 5340 και
3016 5307 3112 5351 τας
3145 5307 3510 5357 προσηγοριας
3547 5307 3656 5339 των
3697 5307 3774 5352 εις

2203 5357 2270 5466 τὶ
2310 5307 2456 5412 Ἑεῖον
2508 5357 2786 5428 βάπτισμα
2840 5357 3170 5428 προσιόντων
3225 5355 3520 5426 ἐγγράφειν
3573 5374 3774 5426 τεταγ-

2207 5445 2237 5466 ΙΙ
2275 5446 2363 5466 un!

2247 5446 2380 5490 ενος.

2205 5445 2380 5567 μ’ᾙῆ
2416 5497 2592 5551 Possit
2616 5498 2873 5566 percipere
2893 5497 2956 5550 de
2981 5499 3197 5551 sanctis.
3223 5494 3336 5567 Hoc
3356 5501 3459 5556 est,
3488 5509 3690 5565 corpus
3717 5504 3774 5550 et

2201 5568 2522 5635 sanguinem
2565 5567 2790 5621 Christi.
2830 5568 2885 5619 Id
2929 5583 3056 5621 vero
3094 5581 3284 5687 magna
3325 5566 3627 5633 ignorantia
3659 5582 3770 5619 non

2201 5637 2514 5687 intelligens
2540 5639 2958 5687 consarcinator
2984 5639 3160 5687 tertim
3215 5634 3488 5687 Iecrctalis
3516 5635 3770 5687 Clemen-

2201 5634 2514 5704 intelligens
2540 5639 2958 5691 consarcinator
2984 5639 3160 5692 tertiae
3193 5634 3488 5689 Decretalis
3516 5635 3772 5688 Clemen-

2201 5706 2293 5765 tis.
2326 5707 2404 5759 sic
2428 5706 2605 5759 Ruﬁni
2637 5707 2796 5762 verba
2827 5708 3201 5778 interpolavit:
3227 5705 3667 5776 possitpercipcrc
3693 5705 3771 5760 lo-

2201 5793 2318 5829 cum
2340 5793 2455 5830 cum
2479 5779 2694 5831 sanctis.
