4036 6252
278 306 415 361 1515

1400 319 1966 385 RECOGNITIONUM
2006 329 2133 387 LIB.
2177 333 2261 390 III.
2350 346 2355 351 '

3418 355 3524 409 πη

346 419 791 537 LXX.-:lgitur
826 432 1034 530 statuto
1082 427 1171 483 die
1200 444 1341 537 funi
1388 435 1672 490 stetissent
1720 451 1848 496 ante
1874 450 1922 507 Α
1950 446 2270 517 relinquens
2300 465 2439 519 quos
2463 468 2571 507 non
2618 464 2855 525 oportet.
2898 461 2981 513 vel
3020 478 3243 521 uxorem
3283 468 3521 537 fidelem,

270 513 516 579 Petrum,
546 513 624 570 Ne
641 518 947 580 arbitreris,
980 520 1155 585 aiunt,
1200 521 1375 588 Petre,
1410 542 1638 595 parvum
1688 532 1846 588 nobis

269 606 438 661 indici
469 622 789 670 maerorem,
821 609 968 677 quod
1000 612 1319 668 fraudamur
1350 633 1457 670 non
1484 620 1770 676 audientes
1795 630 1847 678 te

270 713 366 766 per
407 713 622 752 menses
658 705 798 764 tres;
833 700 928 754 scd
978 705 1236 772 quoniam
1274 707 1379 762 hoc
1426 710 1645 779 expedit
1685 729 1845 781 agere
1887 735 1890 739 “

267 792 418 861 quod
462 801 516 845 tu
556 792 742 860 jubes,
778 793 1096 851 obediemus
1139 799 1583 868 promptissime;
1628 818 1845 873 semper

266 899 397 953 ergo
418 885 629 937 vultum
665 892 818 938 tuum
851 886 906 938 in
944 894 1134 942 nostro
1164 889 1329 945 corde
1365 893 1664 950 retinentes
1697 896 1841 949 sicut

263 975 481 1045 jussisti
527 978 739 1031 alacres
771 979 1192 1047 proﬁciscimur.
1232 982 1302 1035 At
1330 984 1420 1038 ille
1449 988 1702 1042 oratione
1740 1004 1842 1057 pro

266 1068 348 1121 eis
382 1067 449 1119 ad
483 1068 767 1122 Dominum
813 1072 931 1125 fusa
959 1074 1146 1127 emisit
1174 1088 1293 1129 eos.
1332 1075 1397 1129 Et
1437 1092 1562 1131 cum
1607 1079 1839 1147 profecti

267 1158 499 1215 fuissent
542 1162 619 1214 illi
666 1161 951 1218 duodecim
994 1166 1085 1234 qui
1131 1168 1400 1235 praemissi
1443 1177 1592 1235 sunt,
1637 1169 1836 1227 Petrus

266 1252 549 1323 ingressus
576 1270 642 1309 ex
663 1264 815 1309 mere
843 1257 897 1309 in
928 1258 1046 1310 loco
1074 1258 1464 1327 disputationis
1496 1263 1664 1317 stetit.
1691 1264 1838 1317 Con-

196 1414 203 1423 ν
262 1355 488 1399 venerat
518 1354 700 1401 autem
734 1349 919 1416 populi
963 1340 1281 1411 multitudo,
1322 1353 1604 1421 c0piosior
1640 1370 1838 1410 nume-

264 1452 362 1491 rus
387 1453 546 1506 quam
575 1439 806 1504 solebat,
826 1448 878 1495 et
901 1456 1092 1496 omnes
1114 1458 1236 1497 cum
1270 1445 1525 1515 lacrymis
1549 1447 1838 1501 intueban-

261 1536 352 1581 tur
378 1545 525 1591 eum,
558 1546 655 1600 pro
684 1546 750 1585 eo
781 1532 926 1602 quod
958 1534 1131 1602 pridie
1157 1536 1225 1589 ab
1256 1551 1321 1590 eo
1350 1537 1655 1602 audissent,
1697 1555 1833 1607 pro-

261 1618 532 1675 fecturum
555 1638 615 1676 se
636 1622 873 1678 Simonis
893 1626 1085 1694 gratia.
1112 1624 1216 1680 Sed
1238 1636 1291 1681 et
1316 1628 1431 1698 ipse
1459 1630 1832 1701 lacrymantes

257 1729 356 1767 eos
380 1715 573 1769 videns
595 1716 792 1769 similia
818 1718 1147 1787 patiebatur,
1175 1719 1302 1774 licet
1328 1730 1622 1776 conaretur
1645 1727 1833 1779 occul-

1949 539 2032 591 vel
2082 540 2127 593 si
2178 557 2299 609 quae
2374 544 2416 574 ¹⁰
2459 554 2588 599 sunt
2634 548 2947 618 hujusmodi
3005 570 3269 623 personae,
3318 563 3517 629 quibus

1946 640 2169 699 propter
2217 632 2385 689 Deum
2436 636 2639 692 deferri
2689 643 2943 697 solatium
2989 650 3245 703 convenit
3307 650 3521 708 Interea

1944 737 2042 788 per
2073 724 2190 779 dies
2222 727 2472 796 singulos
2505 732 2796 803 disputans
2822 744 2875 789 et
2917 737 3144 804 docens,
3178 746 3523 812 pGCositum

1946 819 2162 883 tempus
2208 817 2265 871 in
2309 819 2574 877 doctrina}
2604 826 2791 881 labore
2821 831 3133 898 complevit.
3168 832 3233 885 Et
3262 850 3387 889 cum
3419 835 3516 888 ad—

1943 905 2183 963 venisset
2223 909 2341 965 dies
2370 911 2583 997 festus,
2637 934 2804 987 super
2833 920 3021 975 decem
3060 924 3229 977 millia
3262 927 3515 995 baptizati

1942 1006 2088 1052 sunt.

2013 1090 2247 1150 LXXIII.
2291 1094 2351 1149 In
2391 1098 2504 1154 illis
2527 1108 2710 1154 autem
2744 1102 2937 1159 diebus
2964 1105 3196 1174 epistola
3228 1108 3463 1161 mittitur
3487 1126 3519 1163 a

1940 1180 2202 1242 fratribus
2226 1188 2319 1257 qui
2353 1202 2777 1257 praecesserant,
2812 1196 2866 1249 in
2891 1212 2998 1265 qua
3035 1195 3276 1254 Simonis
3309 1202 3517 1254 scelera

1938 1279 2394 1347 continebantur,
2454 1285 2731 1353 quomodo
2790 1302 2888 1355 per
2935 1289 3187 1345 civitates
3244 1292 3521 1362 deciperet

1938 1369 2127 1424 turbas
2174 1379 2229 1426 et
2261 1372 2484 1429 Petrum
2534 1392 2632 1446 per
2674 1379 2891 1449 singula
2930 1382 3233 1446 laceraret,
3283 1391 3340 1437 ut
3390 1400 3515 1439 cum

1938 1458 2077 1514 forte
2106 1462 2416 1520 advenisset
2437 1507 2451 1529 ,
2488 1468 2671 1524 nullus
2704 1472 2752 1523 ei
2783 1473 3221 1527 accommodaret
3247 1476 3517 1530 auditum.

1934 1545 2228 1603 Asserebat
2273 1553 2420 1607 enim
2466 1571 2589 1609 cum
2638 1574 2855 1628 magum
2932 1576 3056 1615 esse
3115 1571 3168 1616 et
3220 1565 3341 1617 sine
3380 1565 3512 1629 Deo,

1936 1637 2262 1705 injuriosum
2290 1683 2305 1709 ,
2342 1645 2615 1713 callidum
2644 1690 2659 1713 ,
2706 1650 3019 1719 imperitum
3058 1660 3110 1706 et
3154 1653 3517 1723 impossibilia

1937 1729 2301 1796 proﬁtentem.
2352 1733 2598 1790 Mortuos
2643 1739 2787 1791 enim
2838 1750 3249 1798 resurrecturos
3279 1746 3513 1809 asserit,

258 1812 379 1858 tare
421 1816 475 1859 et
518 1807 768 1863 inhibere
814 1810 1115 1879 lacrymas;
1155 1812 1488 1880 prodebatur
1537 1823 1720 1869 tamen
1751 1806 1834 1871 ex
1865 1797 1907 1851 Β
1938 1820 2082 1885 quod
2112 1828 2215 1884 est,
2252 1822 2449 1892 inquit,
2479 1826 2840 1895 impossibile.
2864 1828 2920 1883 Si
2953 1834 3044 1900 qui
3071 1848 3202 1887 vero
3230 1797 3514 1890 eum

256 1905 499 1952 tremore
514 1900 664 1952 vocis
682 1909 734 1953 et
758 1900 1154 1972 interruptione
1181 1908 1473 1973 sermonis,
1498 1909 1644 1978 quod
1668 1911 1834 1969 simili

254 2000 549 2059 angeretur
578 1991 793 2048 aﬂ'ectu.

324 2082 514 2136 LXXI.
557 2082 940 2141 Verumtamen
988 2102 1150 2143 manu
1193 2090 1509 2148 conlricans
1574 2094 1829 2160 frontem,

252 2177 442 2247 Equo
469 2179 672 2243 animo,
699 2179 895 2247 inquit,
913 2187 1110 2244 estote,
1130 2180 1350 2250 fratres,
1366 2195 1418 2238 et
1448 2187 1833 2244 misericordes

248 2272 474 2325 animas
500 2279 712 2326 vestras
736 2272 953 2327 consilii
981 2274 1194 2329 ratione
1224 2276 1498 2341 soiamini,
1525 2277 1830 2335 referentes

248 2366 439 2415 omnia
477 2362 543 2415 ad
578 2362 765 2426 Deum,
799 2365 958 2431 cujus
982 2366 1155 2420 solius
1194 2366 1467 2436 implenda
1487 2377 1540 2423 et
1572 2370 1624 2423 in
1646 2371 1831 2424 omni-

247 2455 354 2510 lius
405 2455 742 2524 praeferenda
774 2458 1029 2510 voluntas
1071 2465 1175 2511 est.
1210 2457 1345 2513 Nam
1378 2460 1425 2515 si
1470 2462 1622 2515 verbi
1655 2462 1830 2531 gratia

245 2562 547 2617 ponamus,
582 2548 724 2617 quod
761 2563 858 2616 pro
883 2548 1077 2603 affectu
1111 2566 1271 2619 quem
1295 2567 1425 2622 erga
1444 2568 1542 2607 vos
1564 2555 1823 2624 gerimus,

245 2647 447 2694 contra
487 2640 821 2693 voluntatem
863 2640 982 2709 ejus
1013 2652 1234 2711 agentes
1274 2643 1617 2700 resideamus
1648 2646 1831 2702 vobis-

243 2746 398 2796 cum,
436 2733 684 2800 nunquid
716 2749 823 2785 non
863 2742 1041 2801 potest
1071 2735 1241 2789 missa
1265 2737 1316 2788 in
1349 2752 1435 2791 me
1475 2745 1673 2802 morte,
1698 2754 1826 2807 pro-

243 2822 545 2879 feCtionem
571 2823 705 2877 mihi
728 2840 758 2877 a
790 2825 945 2880 vobis
974 2826 1217 2882 indicere
1248 2828 1591 2899 longiorem?
1618 2831 1685 2885 Et
1708 2834 1830 2888 ideo

242 2917 451 2971 melius
480 2924 564 2969 est
596 2924 655 2970 ut
686 2917 826 2971 hanc
856 2919 1160 2974 breviorem
1187 2935 1311 2974 cum
1348 2923 1630 2978 voluntate
1655 2925 1831 2994 ipsius

243 3008 602 3078 impleamus,
642 3017 829 3077 utpote
870 3011 1070 3079 quibus
1114 3011 1397 3066 deﬁnitum
1428 3022 1513 3069 est
1556 3014 1610 3067 in
1652 3017 1830 3069 omni-

1937 1908 2116 1965 futare
2148 1913 2314 1976 velit,
2365 1917 2600 1972 occultis
2639 1920 2708 1973 ab
2740 1935 2805 1974 eo
2836 1922 3053 1977 insidiis
3093 1925 3383 1993 perimitur
3421 1942 3517 1995 per

1935 2003 2203 2059 satellites
2236 2004 2391 2073 ejus;
2440 2018 2665 2078 propter
2688 2013 2835 2081 quod
2860 2054 2874 2077 ,
2911 2014 3110 2084 inquit,
3174 2025 3228 2072 et
3250 2035 3351 2087 ego
3390 2034 3514 2073 cum

1934 2107 2058 2145 eum
2104 2108 2455 2163 superassem
2494 2107 2548 2153 et
2597 2102 3064 2170 triumphassem,
3117 2106 3347 2160 insidias
3396 2107 3516 2175 ejus

1935 2182 2142 2236 veritus
2176 2182 2321 2253 fugi,
2355 2201 2423 2239 ne
2454 2185 2595 2242 forte
2640 2188 2924 2244 maleﬁciis
2969 2206 3053 2244 me
3091 2191 3384 2260 perimeret
3422 2199 3519 2244 aut

1934 2284 2163 2328 mortem
2194 2291 2369 2330 meam
2402 2292 2497 2346 per
2526 2278 2759 2333 insidias
2789 2281 3050 2335 elocaret.
3076 2279 3396 2334 Indicabant
3421 2296 3514 2334 au-

1932 2373 2041 2421 tem
2075 2367 2311 2421 maxime
2337 2383 2461 2421 eum
2502 2369 2647 2438 apud
2684 2368 2949 2439 Tripolim
2981 2371 3277 2425 demorari.

2004 2455 2240 2512 LXXIV.
2277 2456 2450 2526 Igitur
2493 2457 2688 2515 Petrus
2733 2461 3023 2530 epistolam
3060 2462 3278 2515 recitari
3314 2462 3517 2531 populo

1928 2550 2104 2620 jubet,
2130 2559 2183 2606 et
2212 2560 2335 2621 post
2367 2534 2658 2607 lectionem
2699 2555 2972 2610 allocutus
3019 2570 3114 2610 eos
3160 2556 3227 2609 de
3258 2557 3513 2613 omnibus

1934 2644 2252 2711 plenissime
2292 2646 2593 2710 instruxit,
2624 2648 2898 2716 praecipue
2926 2654 3111 2701 tamen
3141 2656 3201 2701 ut
3230 2648 3515 2703 obedirent

1934 2734 2230 2801 Zaccbaeo,
2284 2752 2447 2807 quem
2492 2737 2766 2791 ordinavit
2807 2737 2888 2792 eis
2917 2738 3259 2808 episcopum.
3302 2736 3411 2792 Sed
3460 2748 3514 2793 et

1933 2828 2286 2899 presbyteros
2318 2837 2372 2884 et
2399 2829 2666 2887 diaconos
2697 2830 2921 2899 populo,
2973 2838 3027 2885 et
3067 2830 3209 2899 ipsis
3236 2830 3514 2883 nihilomi-

1933 2937 2039 2976 nus
2091 2923 2353 2993 populum
2400 2923 2823 2977 commendavit.
2861 2920 3147 2992 Simulque
3180 2921 3517 2975 denuntians

1932 3014 2080 3084 quod
2118 3015 2258 3083 apud
2305 3013 2570 3083 Tripolim
2599 3013 2937 3067 hiematurus
2966 3020 3144 3077 esset,
3176 3012 3515 3066 Commendo

241 3100 353 3155 bus
400 3100 625 3155 obedire
656 3099 800 3169 Deo;
836 3103 978 3157 unde
1021 3111 1075 3157 et
1118 3119 1217 3159 vos
1255 3104 1468 3161 debetis
1506 3106 1671 3161 simili
1700 3110 1830 3164 obe-
1858 3135 1899 3192 ο
1935 3121 2067 3168 vos,
2116 3105 2333 3174 inquit,
2384 3104 2575 3174 gratia).
2623 3103 2752 3166 Dei,
2798 3104 3044 3157 crastino
3075 3118 3201 3157 cum
3233 3103 3516 3157 voluntate

242 3192 460 3247 dientia
491 3208 688 3262 parere
717 3193 790 3257 ei,
832 3194 1034 3265 quippe
1064 3196 1157 3265 qui
1188 3196 1352 3250 etiam
1385 3213 1472 3252 me
1496 3213 1607 3252 non
1629 3200 1826 3253 alia-ex

240 3299 445 3347 causa,
474 3286 575 3339 nisi
595 3300 692 3356 pro
712 3286 885 3356 ipsius
906 3303 1093 3343 amore
1122 3287 1385 3358 diligatis.
1414 3288 1483 3343 Ut
1506 3306 1637 3361 ergo
1660 3292 1824 3346 amici

242 3377 377 3443 Dei,
421 3380 687 3433 voluntati
719 3379 839 3448 ejus
892 3380 1293 3449 obtemperate;
1342 3382 1437 3435 sed
1477 3390 1532 3436 et
1580 3399 1676 3438 vos
1724 3385 1829 3453 ipsi

238 3474 481 3543 probate
511 3472 656 3541 quod
683 3472 892 3541 justum
924 3480 1026 3527 est.
1060 3470 1320 3541 Nunquid
1344 3487 1451 3526 non
1486 3474 1714 3543 impium
1744 3476 1827 3528 vi-

238 3565 506 3626 debatur,
555 3564 602 3617 si
643 3578 767 3616 cum
804 3578 905 3617 vos
951 3561 1142 3617 Simon
1192 3563 1491 3633 deciperet,
1565 3580 1667 3635 ego
1716 3583 1826 3620 non

238 3656 527 3711 venissem
563 3654 630 3707 ad
663 3670 763 3709 vos
792 3654 1046 3710 detentus
1088 3670 1119 3707 a
1163 3655 1424 3709 fratribus
1460 3656 1553 3725 qui
1589 3664 1747 3711 erant
1771 3657 1827 3712 in

237 3746 619 3813 Hierusalem,
669 3754 722 3799 et
768 3744 989 3815 quidem
1038 3761 1160 3800 cum
1210 3746 1488 3803 haberetis
1531 3747 1676 3819 apud
1727 3764 1828 3804 vos

237 3841 598 3902 Zacchaaum,
650 3839 825 3893 virum
865 3839 1068 3892 bonum
1102 3846 1155 3894 et
1194 3839 1251 3893 in
1294 3855 1547 3896 sermone
1591 3842 1822 3911 expedi-

237 3942 361 3987 tum
379 3932 405 3984 ?
434 3930 512 3984 Ita
536 3945 665 4001 ergo
694 3936 746 3985 et
770 3946 914 3985 nunc
937 3930 1163 4001 impium
1185 3932 1445 4000 judicate,
1472 3933 1518 3987 si
1549 3948 1673 3987 cum
1698 3949 1802 3987 ex-

234 4026 372 4082 ierit
404 4022 596 4077 Simon
638 4025 704 4078 ad
736 4033 925 4094 gentes
955 4024 1374 4094 impugnandas,
1405 4025 1609 4094 quibus
1645 4027 1828 4081 nullus

234 4117 479 4173 omnino
504 4114 758 4170 defensor
789 4126 891 4180 est,
915 4132 1014 4188 ego
1041 4133 1151 4172 non
1177 4118 1483 4189 subsequar
1511 4118 1764 4175 detentus
1796 4138 1826 4175 a

230 4210 424 4265 vobis.
469 4206 699 4277 Propter
741 4208 886 4279 quod
932 4209 1307 4274 observemus,
1341 4226 1411 4266 ne
1458 4209 1598 4267 forte
1629 4213 1827 4268 affectu

235 4305 459 4374 injusto
489 4303 824 4356 voluntatem
850 4301 1075 4371 maligni
1108 4300 1398 4358 faciamus.

310 4392 535 4450 LXXII.
575 4392 797 4447 [nterim
833 4393 1032 4457 tribus,
1102 4400 1162 4446 ut
1229 4393 1362 4456 dixi,
1394 4395 1673 4452 mensibus
1704 4412 1827 4466 per-

232 4489 483 4543 manebo
526 4486 671 4557 apud
713 4502 851 4553 vos;
896 4494 1071 4541 estote
1121 4486 1330 4541 assidui
1376 4487 1444 4541 ad
1484 4489 1821 4544 audiendum
1857 4470 1900 4523 Ῐ)

232 4582 499 4641 verbum,
521 4586 575 4633 et
591 4579 987 4633 consummatis
1010 4578 1117 4657 his,
1136 4579 1181 4633 si
1204 4579 1295 4649 qui
1318 4590 1551 4649 possunt
1567 4586 1824 4639 etvolunt

233 4672 401 4742 sequi
426 4685 551 4730 nos,
574 4671 910 4740 permittitur
936 4669 1016 4724 eis
1038 4670 1187 4724 salva
1212 4670 1431 4740 pietate.
1455 4674 1612 4739 Quod
1640 4684 1822 4731 autem

232 4764 367 4819 dico
408 4763 561 4816 salva
602 4763 822 4832 pietate,
862 4763 966 4817 hoc
997 4770 1100 4826 est,
1133 4777 1203 4817 ne
1232 4780 1393 4832 quem
1434 4764 1680 4821 discessu
1724 4784 1825 4823 suo

233 4854 542 4912 contristet
578 4856 671 4925 qui
702 4852 1023 4911 centristari
1064 4870 1173 4909 non
1216 4854 1401 4920 debet,
1436 4859 1520 4913 vel
1568 4873 1824 4929 parentes

315 5033 502 5109 “AVel
525 5035 569 5109 si
594 5035 1013 5109 quisi—convenit
1034 5035 1233 5090 desunt
1261 5034 1317 5087 in
1348 5035 1472 5092 cod.
1499 5045 1731 5109 utroque
1757 5037 1903 5108 Lips.

233 5118 334 5165 tur
378 5104 438 5159 in
471 5104 630 5158 codd.
679 5104 856 5173 Lipss.

1933 3195 2149 3250 Domini
2179 3195 2550 3265 profecturus.
2581 3193 2685 3249 Per
2705 3201 2852 3250 totos
2871 3196 2911 3226 ”
2944 3202 3127 3249 autem
3153 3204 3267 3249 tres
3296 3208 3514 3249 menses

1930 3304 2070 3360 quos
2115 3287 2260 3358 apud
2306 3286 2615 3341 Caasaream
2658 3287 2922 3345 doctrina:
2971 3300 3140 3341 causa
3198 3286 3511 3355 exegimus,

1930 3372 2270 3453 quaecunque
2297 3379 2441 3449 apud
2464 3381 2725 3450 populum
2756 3380 3063 3434 disserebat
3091 3394 3185 3447 per
3209 3378 3373 3439 diem,
3396 3378 3507 3432 lucc

1930 3474 2091 3528 nobis
2125 3481 2340 3527 secreto
2376 3472 2799 3527 lucubrantibus
2828 3486 3013 3527 secum
3061 3470 3275 3539 plenius
3301 3476 3356 3524 et
3389 3485 3507 3537 per-

1931 3565 2130 3620 fectius
2160 3565 2523 3634 explanabat,
2551 3571 2809 3633 tanquam
2843 3564 3183 3618 ﬁdelioribus
3215 3577 3278 3616 ac
3310 3562 3412 3617 sibi
3447 3561 3505 3615 li-

1930 3659 2099 3728 quido
2129 3658 2396 3727 probatis.
2431 3656 2605 3710 Simul
2633 3665 2687 3711 et
2727 3656 2959 3725 imperat
3001 3656 3155 3716 mihi,
3190 3654 3319 3722 quia
3350 3653 3513 3706 intel-

1931 3751 2063 3808 lexit
2091 3767 2178 3805 me
2198 3750 2504 3805 studiosius
2530 3766 2650 3819 qua:
2666 3748 2919 3803 audirem
2954 3746 3217 3802 memoria
3234 3760 3512 3800 commcn-

1930 3847 2083 3910 dare,
2133 3844 2287 3898 libris
2328 3843 2541 3913 singula
2581 3856 2809 3913 qumque
2842 3856 2964 3910 qua:
2999 3847 3295 3893 memoratu
3343 3837 3509 3906 digna

1929 3936 2256 3993 videbantur
2284 3931 2747 4003 comprehendere
2776 3940 2830 3985 et
2852 3931 3069 3984 mittere
3101 3929 3168 3981 ad
3193 3935 3267 3991 te,
3300 3927 3371 3980 mi
3404 3926 3506 3979 do-

1932 4028 2078 4081 mine
2106 4023 2329 4086 Jacobe,
2371 4025 2514 4077 sicut
2548 4031 2603 4076 et
2632 4021 2735 4076 feci
2765 4036 2965 4090 parens
2993 4019 3114 4086 ejus
3152 4018 3457 4086 praeceptis.

2002 4115 2212 4171 LXXV.
2239 4114 2457 4167 Primus
2484 4127 2615 4181 ergo
2646 4111 2784 4165 liber
2807 4126 2872 4163 ex
2904 4110 2986 4164 his
3019 4123 3161 4177 quos
3193 4108 3347 4177 prius
3381 4110 3505 4162 misi

1929 4211 1997 4265 ad
2028 4221 2079 4265 te
2107 4208 2219 4279 (98)
2243 4205 2487 4261 continet
2509 4203 2576 4258 de
2620 4216 2751 4257 vero
2784 4202 3047 4271 pr0pheta
3084 4208 3137 4253 et
3166 4200 3232 4252 de
3262 4199 3509 4267 proprie-

1932 4310 2041 4357 tate
2070 4299 2447 4369 intelligentia:
2497 4296 2667 4366 legis,
2714 4294 3015 4350 secundum
3060 4292 3113 4345 id
3158 4292 3305 4361 quod
3336 4291 3507 4361 Moysi

1930 4398 2155 4453 traditio
2205 4396 2387 4450 docet.
2442 4390 2736 4446 Secundus
2782 4389 2851 4443 de
2912 4387 3183 4457 principio
3230 4385 3504 4446 continet,

1932 4503 2113 4549 utrum
2149 4504 2316 4545 unum
2347 4489 2420 4543 sit
2454 4483 2808 4555 principium,
2835 4497 2903 4534 an
2935 4482 3124 4544 multa,
3150 4488 3205 4533 et
3225 4477 3370 4548 quod
3399 4493 3508 4531 non

1932 4586 2144 4655 ignoret
2177 4580 2531 4635 Hebrzeorum
2563 4576 2669 4638 lex,
2719 4572 2849 4643 quid
2880 4572 2949 4627 sit
2981 4573 3338 4626 immensitas.
3376 4569 3510 4623 Ter.—

1932 4677 2062 4739 tius,
2100 4674 2168 4729 de
2200 4672 2310 4727 Deo
2331 4680 2384 4725 et
2418 4671 2504 4724 bis
2531 4685 2652 4738 qua:
2679 4668 2748 4721 ab
2775 4682 2840 4720 eo
2870 4665 3124 4719 instituta
3154 4671 3302 4718 sunt.
3330 4663 3508 4728 Quar-

1931 4774 2055 4829 tus,
2086 4761 2233 4833 quod
2276 4775 2402 4814 cum
2444 4758 2603 4813 multi
2636 4757 2895 4810 dicantur
2926 4754 3036 4818 dii,
3071 4770 3214 4807 unus
3245 4754 3315 4808 sit
3344 4768 3506 4807 verus

1932 4856 2077 4912 Deus
2108 4853 2411 4910 secundum
2435 4848 2751 4907 testimonia
2779 4846 3217 4917 Scripturarum.
3245 4846 3504 4912 Quintus,

1983 5038 2026 5069 “
2059 5037 2164 5092 Per
2201 5045 2520 5090 totos—esse
2541 5049 2644 5087 non
2666 5038 2870 5100 poterat
2895 5028 3036 5102 (cap.
3064 5026 3152 5097 75)
3183 5041 3289 5081 non
3315 5027 3504 5095 legan-

1547 5277 1915 5334 COTELERII
1944 5276 2179 5332 NOTAE.

307 5438 431 5512 (98)
477 5438 693 5512 Primus
723 5456 845 5512 ergo
887 5439 1013 5493 liber
1040 5457 1107 5512 rex
1147 5442 1226 5495 his
1258 5459 1385 5511 quos
1412 5442 1717 5512 prius_misi
1754 5442 1821 5493 ad

232 5509 468 5578 te,‘ctc.
527 5509 696 5579 Igitur
737 5510 924 5563 decem
976 5511 1050 5562 illi
1092 5512 1213 5563 libri
1255 5509 1419 5566 antea
1453 5512 1517 5565 ad
1559 5510 1820 5565 Jacohum

228 5580 415 5651 missi
455 5578 527 5651 (si
564 5578 1102 5651 unquamin‘rerum
1151 5592 1341 5651 natura
1379 5582 1656 5651 exstitere)
1703 5582 1824 5635 dis-

230 5650 421 5724 tingui
488 5648 685 5724 debent
722 5648 951 5724 abistis
969 5650 1155 5724 decem
1186 5649 1610 5724 Recognitionum
1640 5648 1823 5717 libris,

232 5716 354 5794 quiv
374 5736 530 5775 nunc
554 5720 628 5794 ad
651 5719 899 5794 eumdem
922 5716 1194 5794 Iacobum
1214 5716 1338 5786 post
1363 5737 1457 5794 eos
1473 5722 1821 5794 _SC[lI)_tllllJlI.

234 5789 307 5851 Et
376 5801 568 5847 tamen
618 5791 719 5845 hoc
769 5790 887 5843 loco
928 5789 982 5841 in
1030 5789 1272 5857 margine
1310 5790 1518 5844 codicis
1562 5790 1674 5844 RR.
1715 5790 1819 5844 PP.

1931 5440 2350 5495 Carmelitarum
2384 5441 2585 5509 legitur
2625 5460 2637 5494 :
2684 5439 3059 5494 Distinctiones
3111 5437 3367 5491 librorum
3410 5437 3501 5495 dc’

1931 5527 2039 5563 cem
2072 5512 2346 5577 prazsentis
2381 5513 2569 5579 operis.
2612 5510 2982 5578 Eumdemque
3010 5524 3251 5563 errorem
3282 5517 3506 5564 secutus

1930 5580 2146 5634 videtur
2182 5588 2298 5634 tum
2351 5578 2585 5649 scriptor
2627 5596 2732 5635 ms.
2773 5578 3079 5642 Sorbonici,
3123 5579 3224 5649 toti
3269 5595 3506 5648 namque

1930 5649 2089 5720 Operi
2123 5666 2187 5705 ea
2212 5647 2480 5705 lemmata
2500 5651 2789 5719 praeponit;
2823 5659 2938 5704 tum
2983 5665 3087 5704 ms.
3126 5647 3341 5704 'l‘huani
3375 5647 3504 5704 etta-

1897 5728 2105 5792 irator,
2158 5721 2539 5792 quiisimiliter
2584 5721 2677 5792 illa
2727 5720 2981 5792 praeﬁxit,
3024 5734 3089 5774 ac
3128 5730 3390 5792 praeterea
3435 5736 3504 5777 ex

1933 5791 2041 5846 isto
2060 5792 2235 5862 capite
2267 5791 2332 5846 75
2362 5791 2487 5846 libri
2516 5790 2660 5846 tertii
2690 5791 2933 5847 sustulit.
