4036 6252
583 348 692 402 5ιὸ

1419 343 1477 398 S.
1513 341 1908 397 CLEMENTIS
1941 340 1959 392 l
1995 338 2162 395 ΗΘΜ.
2207 339 2405 395 ΙὋΝΤ.
2446 339 2670 409 ΟΡΕΠᾼ
2714 340 2938 395 DUBM.

3656 346 3785 398 l3l6

539 462 686 535 quod
716 460 826 513 duo
856 459 966 512 sint
997 457 1121 511 (ξωιὶ
1144 497 1157 519 ,
1190 472 1423 526 quorum
1478 471 1647 510 unum
1694 455 1767 510 sit
1803 453 1950 508 istud
1981 454 2112 509 visi-
2144 464 2186 514 Α
2217 456 2396 524 posita
2426 465 2528 522 est,
2553 457 2703 524 justa
2746 457 2818 512 sit
2849 470 2900 512 et
2925 457 3184 528 perfecta,
3218 465 3270 512 et
3304 475 3425 528 quae
3453 460 3572 513 sola
3619 466 3786 530 possit

542 554 649 607 bile
701 550 1098 603 ﬁrmamentum
1150 549 1295 617 quod
1343 556 1396 600 et
1444 545 1742 610 transibit,
1787 544 1935 599 aliud
1979 559 2109 600 vero

542 653 806 700 aeternum
835 650 889 696 et
919 641 1215 695 invisibile.
1270 640 1490 702 Sextus,
1524 641 1589 694 de
1629 641 1774 694 bono
1802 647 1856 694 et
1885 639 2030 694 malo
2055 645 2110 693 et

543 735 687 805 quod
719 735 863 787 bono
886 742 1082 786 cuncta
1115 733 1479 800 subjiciantur
1509 749 1537 785 a
1571 730 1749 792 Patre,
1783 732 1986 784 malum
2021 746 2113 783 au-

479 873 482 876 .
535 834 644 880 tem
676 839 846 893 quare
869 832 924 877 et
952 824 1248 893 quomodo,
1279 833 1332 877 et
1358 824 1500 878 unde
1532 827 1620 885 sit,
1657 834 1711 878 et
1738 824 1882 893 quod
1913 839 2112 893 coope-

536 925 686 970 retur
727 917 946 987 quidem
999 921 1178 978 bono,
1232 918 1325 971 sed
1364 934 1473 971 non
1525 919 1805 987 proposito
1836 920 2012 985 bono;
2051 929 2108 974 et

535 1025 655 1078 quae
685 1011 794 1064 sint
826 1011 977 1079 signa
1027 1011 1174 1072 boni,
1209 1027 1329 1080 quae
1361 1028 1486 1065 vero
1518 997 1738 1072 mali,et
1768 1027 1888 1081 quze
1913 1013 1983 1066 sit
2003 1012 2112 1066 dif-

535 1102 769 1156 ferentia
799 1103 1082 1157 dualitatis
1105 1112 1158 1156 et
1187 1104 1612 1172 conjugationis.
1651 1102 1956 1172 Septimus,
1989 1119 2108 1173 qua:

535 1195 683 1257 sint,
722 1211 841 1262 quae
873 1196 1146 1263 prosecuti
1197 1205 1324 1251 sunt
1372 1196 1657 1250 duodecim
1691 1196 1926 1266 apostoli
1963 1195 2108 1265 apud

536 1286 796 1354 populum
829 1286 882 1339 in
910 1288 1128 1356 templo.
1164 1286 1424 1353 Octavus,
1449 1289 1516 1342 de
1539 1288 1719 1343 verbis
1751 1287 1961 1358 Domini
1988 1303 2109 1356 qum

537 1375 643 1429 sibi
675 1377 931 1430 videntur
954 1393 1077 1432 esse
1108 1381 1410 1444 contraria,
1442 1379 1538 1434 sed
1567 1396 1677 1434 non
1703 1387 1831 1435 sunt
1855 1420 1870 1444 ,
1902 1388 1956 1434 et
1985 1395 2111 1449 qua:

535 1465 606 1518 sit
640 1465 834 1519 borum
866 1467 1160 1522 absolutio.
1194 1467 1412 1534 Nonus,
1444 1470 1571 1540 quia
1619 1471 1704 1524 lex
1753 1486 1875 1540 quae
1919 1484 1950 1522 a
1999 1469 2111 1524 Deo

2215 546 2395 602 facere
2446 563 2653 618 pacem.
2717 549 3009 613 Decimus,
3061 550 3127 604 de
3174 551 3462 604 nativitate
3510 551 3788 608 hominum

2214 639 2423 692 carnali
2455 647 2508 694 et
2539 641 2607 695 de
2636 643 2986 709 generatione
3015 659 3134 711 quae
3177 649 3259 696 est
3289 658 3389 711 per
3435 643 3784 712 baptismum,

2215 740 2268 784 et
2298 747 2419 800 quae
2449 733 2522 786 sit
2553 733 2607 786 in
2637 734 2858 788 homine
2880 734 3118 788 carnalis
3149 735 3378 789 seminis
3406 738 3712 799 successio,
3737 749 3788 792 et

2215 812 2342 891 quae
2374 824 2568 878 animae
2615 825 2737 893 ejus
2763 826 2925 888 ratio,
2959 835 3012 879 et
3041 825 3316 895 quomodo
3363 828 3416 879 in
3451 826 3568 896 ipsa
3600 834 3685 882 est
3722 829 3788 882 li-

2213 917 2398 971 bertas
2422 917 2669 984 arbitrii;
2699 933 2821 986 quae
2850 919 3107 986 quoniam
3140 933 3249 971 non
3295 928 3378 973 est
3412 920 3655 988 ingenita
3697 921 3786 975 sed

2212 1005 2358 1061 facta
2386 1016 2505 1073 est,
2538 1008 2837 1063 immobilis
2882 1024 2912 1060 a
2953 1010 3098 1062 bono
3131 1025 3256 1064 esse
3299 1026 3405 1064 non
3438 1019 3674 1080 poterat.
3719 1011 3788 1066 De

2212 1097 2298 1152 his
2329 1113 2460 1169 ergo
2483 1101 2712 1172 singulis
2743 1116 2863 1170 quae
2894 1101 3035 1168 apud
3064 1100 3368 1156 Caesaream
3397 1104 3630 1158 disserta
3665 1112 3787 1158 sunt

2215 1206 2244 1243 a
2276 1189 2459 1255 Petro,
2482 1192 2729 1260 jubente,
2761 1199 2820 1243 ut
2849 1191 2983 1254 dixi,
3018 1191 3136 1261 ipso
3167 1193 3356 1246 decem
3379 1194 3696 1263 conscripta
3722 1195 3786 1247 ad

2213 1286 2270 1340 te
2297 1284 2576 1338 transmisi
2609 1283 2908 1358 volumina.
2959 1282 3068 1338 Nos
3100 1294 3279 1338 autem
3313 1286 3403 1339 die
3436 1297 3653 1354 postera
3674 1327 3688 1349 ,
3709 1291 3786 1339 ‘ut

2217 1385 2484 1432 statutum
2541 1376 2740 1438 fuerat,
2768 1390 2890 1428 cum
2924 1376 3220 1446 aliquantis
3250 1376 3344 1445 qui
3372 1376 3593 1431 Petrum
3634 1379 3785 1447 sequi

2214 1470 2572 1526 decreverant
2596 1467 2850 1521 fidelibus
2870 1466 3026 1527 viris,
3049 1481 3079 1518 a
3102 1466 3349 1522 Caesarea
3369 1469 3781 1539 proficiscimur.

1646 1787 2005 1876 LIBER
2079 1787 2669 1895 QUARTUS.

603 2109 644 2166 Ι.
686 2109 921 2165 Profecti
972 2127 1001 2163 a
1047 2109 1296 2165 Ctesarea
1345 2119 1406 2164 ut
1433 2109 1696 2182 Tripolim
1731 2127 2108 2182 pergeremus,
2151 2121 2190 2176 Β
2225 2111 2402 2168 tribus
2439 2111 2531 2179 qui
2562 2109 2830 2180 praemissi
2863 2117 3016 2172 sunt,
3053 2109 3183 2178 quia
3216 2124 3243 2162 a
3274 2109 3486 2162 civibus
3521 2125 3618 2178 pro
3647 2110 3788 2166 desi-

533 2203 675 2272 apud
709 2201 904 2255 Doram
938 2203 1099 2257 breve
1128 2203 1386 2273 oppidum
1418 2205 1648 2272 primam
1689 2204 1920 2258 fecimus
1948 2220 2105 2258 mau-

531 2294 766 2355 sionem,
794 2294 921 2362 quia
948 2309 1048 2347 nec
1073 2293 1230 2362 longe
1261 2294 1469 2347 aberat.
1520 2291 1586 2344 Et
1613 2307 1804 2346 omnes
1840 2307 1978 2360 pene
2013 2291 2105 2360 qni

529 2401 628 2454 per
663 2400 968 2440 sermonem
999 2383 1144 2438 Petri
1179 2385 1545 2446 crediderant,
1578 2385 1761 2439 divelli
1790 2385 1857 2438 ab
1885 2399 1950 2439 eo
1971 2385 2106 2439 satis

529 2495 673 2550 :cgre
697 2478 994 2539 habebant,
1031 2479 1125 2532 sed
1149 2479 1356 2547 pariter
1386 2479 1723 2542 incedentes;
1749 2478 1876 2532 dum
1907 2479 2104 2533 iterum

531 2574 745 2636 videre,
781 2572 978 2626 iterum
1027 2572 1317 2642 complecti
1362 2573 1554 2640 juvat,
1608 2574 1804 2627 iterum
1856 2573 2107 2627 conferre

531 2679 838 2720 sermonem
868 2705 882 2727 ,
937 2663 1007 2718 ad
1036 2663 1397 2718 diversorium
1442 2665 1811 2733 pervenimus.
1847 2662 2104 2733 Sequenti

530 2769 658 2808 vero
687 2754 775 2808 die
803 2755 1050 2808 venimus
1079 2751 1491 2816 Ptolomaidem,
1524 2754 1614 2809 ubi
1644 2753 1830 2808 decem
1865 2753 1983 2807 dies
2007 2755 2102 2807 de-

531 2848 725 2901 morati
756 2863 879 2901 cum
910 2847 1176 2916 aliquanti
1214 2848 1438 2902 verbum
1467 2847 1558 2901 Dei
1589 2848 1948 2917 recepissent,
1968 2861 2105 2899 non—

528 2941 692 2994 nullis
723 2956 946 3003 eorum,
979 2941 1073 3010 qui
1113 2941 1430 2994 attentiores
1456 2939 1782 2993 videbantur
1817 2946 1871 2992 et
1899 2938 2106 2992 diutius

527 3033 772 3086 detinere
793 3034 1188 3088 nosdoctrinae
1217 3033 1390 3102 gratia
1419 3032 1736 3100 cupiebant,
1763 3031 2025 3098 Tripolim
2058 3034 2104 3083 si

527 3126 631 3179 hoc
663 3125 872 3188 velint,
906 3133 967 3178 ut
1009 3132 1368 3194 sequerentur
1396 3122 1782 3178 indicavimus.
1836 3120 2105 3174 Similiter

526 3225 582 3272 et
609 3217 751 3286 apud
784 3215 988 3287 Tyrum
1021 3233 1084 3270 ac
1117 3215 1375 3269 Sidonem
1407 3223 1460 3268 et
1491 3214 1742 3284 Berytum
1777 3214 2027 3277 fecimus,
2051 3221 2104 3268 et

527 3310 612 3362 his
659 3309 753 3377 qui
804 3307 1022 3376 plenius
1069 3307 1452 3361 desiderabant
1498 3305 1689 3358 audire
1747 3319 2102 3368 sermonem,

524 3402 669 3469 apud
720 3398 985 3470 Tripolim
1033 3399 1192 3452 nobis
1235 3397 1580 3450 hiemandum
1629 3396 2096 3452 denuntiavimus.

2216 2204 2370 2256 derio
2401 2202 2546 2270 quod
2577 2217 2706 2271 erga
2744 2201 2964 2255 Petrum
3013 2209 3416 2270 conceperant,
3461 2217 3569 2255 non
3613 2204 3788 2256 solum

2211 2295 2462 2364 hospitiis
2486 2295 2579 2348 scd
2624 2302 2678 2346 et
2713 2295 2857 2346 omni
2892 2294 3232 2347 humanitate
3263 2299 3506 2362 suscepti
3541 2295 3652 2348 sint
3675 2334 3692 2358 ,
3735 2294 3788 2348 in

2209 2393 2421 2437 tantum
2453 2393 2509 2436 ut
2543 2389 2599 2435 et
2645 2383 3110 2436 contristarentur
3145 2383 3432 2451 aliquanti,
3465 2384 3667 2452 quibus
3695 2382 3790 2436 de-

2209 2475 2359 2529 fuere
2404 2488 2546 2544 quos
2603 2475 2980 2542 susciperent;
3018 2475 3091 2528 ita
3140 2475 3286 2529 enim
3334 2465 3527 2530 omnes
3569 2486 3791 2544 paratos

2211 2568 2403 2630 fuisse,
2436 2575 2494 2619 ut
2525 2567 2575 2620 si
2603 2568 2776 2620 multo
2799 2567 2986 2634 plures
3024 2567 3341 2630 venissent,
3393 2568 3572 2620 adhuc
3609 2577 3734 2620 tanta
3756 2585 3788 2621 n

2209 2657 2590 2728 suscipiendos
2619 2658 2792 2727 magis
2822 2673 2984 2728 quam
3041 2659 3405 2728 suscipientes
3443 2658 3612 2713 fuisse
3640 2658 3788 2713 defu-

2211 2769 2388 2812 turos.

2279 2848 2366 2904 lll.
2411 2847 2586 2916 Super
2621 2847 2706 2900 his
2729 2845 2924 2903 Petrus
2953 2847 3110 2900 valde
3143 2847 3468 2907 delectatus,
3505 2848 3788 2900 collauda-

2205 2943 2284 2997 vit
2315 2949 2369 2995 et
2403 2939 2679 2994 benedixit
2710 2955 2804 2993 eos
2859 2955 2921 2993 ac
2952 2956 3138 2994 secum
3183 2956 3404 2994 manere
3440 2941 3632 3006 jussit.
3666 2939 3788 3010 Ipse

2207 3050 2336 3089 vero
2363 3049 2487 3086 cum
2516 3031 2739 3085 lavisset
2766 3031 2819 3084 in
2855 3034 2990 3084 mari
3028 3031 3163 3102 (99),
3185 3034 3306 3086 cibo
3331 3040 3548 3100 sumpto
3579 3032 3789 3100 quievit

2205 3125 2260 3179 in
2297 3137 2543 3192 vespera.
2573 3120 2638 3173 Et
2668 3139 2733 3176 ex
2768 3139 2920 3178 more
2953 3125 3228 3193 pullorum
3251 3125 3506 3179 cantibus
3531 3139 3786 3194 surgens,

2204 3212 2520 3283 vespertino
2545 3209 2724 3266 adhuc
2749 3213 2956 3268 lumine
2985 3214 3334 3283 perdurante,
3358 3224 3592 3270 cunctos
3635 3217 3791 3269 inv-e-

2206 3307 2288 3360 nit
2322 3308 2642 3378 vigilantes;
2685 3322 2906 3362 eramus
2947 3317 3125 3362 autem
3159 3321 3352 3360 omnes
3379 3321 3504 3360 cum
3533 3323 3601 3360 eo
3637 3307 3791 3362 sede-

2206 3397 2312 3451 cim
2334 3439 2348 3460 ,
2382 3398 2579 3455 Petrus
2609 3409 2662 3454 et
2690 3414 2792 3467 ego
2841 3397 3094 3452 Clemens
3114 3439 3129 3462 ,
3162 3396 3348 3450 Niceta
3379 3405 3432 3450 et
3459 3398 3698 3467 Aquila,
3739 3408 3789 3454 et

527 3491 696 3561 Igitur
728 3507 850 3543 cum
886 3506 951 3543 ex
986 3489 1218 3556 singulis
1254 3489 1571 3542 civitatibus
1621 3488 1851 3545 studiosi
1901 3489 2104 3558 quique
2131 3483 2172 3539 C
2207 3490 2283 3543 illi
2315 3491 2409 3562 qui
2453 3499 2848 3562 praecesserant
2874 3489 3184 3543 duodecim.
3219 3487 3475 3544 Salutans
3501 3491 3694 3560 itaque
3734 3498 3790 3544 ut

527 3585 922 3636 comitarentur
951 3581 1191 3644 Petrum,
1225 3581 1522 3635 electorum
1546 3580 1838 3635 multitudo
1863 3581 2098 3650 plurima

525 3675 865 3744 ingredimur
911 3672 1194 3742 Tripolim.
1230 3670 1503 3726 Continuo
1531 3679 1712 3727 autem
1757 3681 1885 3726 ante
1912 3680 2099 3741 portas

526 3767 765 3821 civitatis
791 3767 990 3820 fratres
1020 3765 1113 3834 qui
1141 3766 1408 3834 praemissi
1439 3764 1689 3829 fuerant,
1721 3774 2018 3820 occurrunt
2047 3777 2102 3821 et

529 3859 894 3929 suscipientes
922 3873 1021 3912 nos
1045 3857 1324 3912 adducunt
1372 3873 1468 3928 per
1496 3857 1735 3927 hospitia
1763 3897 1776 3920 ,
1807 3874 1928 3928 quae
1963 3875 2102 3929 pra;-

529 3961 874 4020 paraverant.
910 3951 1215 4004 Commotio
1257 3957 1437 4002 autem
1488 3957 1542 4003 et
1579 3964 1882 4004 concursus
1930 3952 2102 4020 pluris

529 4060 652 4097 lllllS
702 4042 862 4097 fiebat
909 4043 964 4096 in
1011 4042 1266 4105 civitate,
1301 4041 1730 4096 desiderantium
1771 4043 1958 4098 videre
2000 4043 2094 4098 Pe-

530 4145 695 4190 trum.

600 4226 663 4282 ll.
707 4227 770 4281 Et
819 4243 941 4280 cum
975 4228 1317 4283 venissemus
1349 4227 1415 4282 ad
1469 4228 1692 4282 domum
1725 4227 2001 4292 Maronis,
2046 4227 2102 4281 in

529 4339 634 4391 qua
670 4321 829 4376 Petro
853 4320 1032 4375 fuerat
1060 4330 1449 4392 prmparatum,
1475 4337 1778 4376 conversus
1799 4322 1866 4376 ad
1889 4323 2098 4385 turbas,

528 4421 653 4484 post
695 4415 835 4467 diem
867 4415 1169 4468 crastinum
1200 4429 1507 4467 sermonem
1536 4429 1594 4468 se
1630 4414 1695 4466 ad
1727 4430 1822 4468 eos
1848 4415 2103 4484 promisit

531 4505 823 4561 facturum.
851 4505 1021 4575 Igitur
1037 4506 1126 4574 qui
1149 4505 1414 4575 prtemissi
1441 4505 1657 4581 fuerant
1687 4504 1904 4566 fratres,
1924 4507 2108 4558 omni-

531 4599 636 4652 llllS
667 4597 759 4668 qui
793 4599 1076 4652 nobiscum
1103 4606 1364 4652 venerant
1416 4597 1651 4666 hospitia
1693 4597 1962 4652 dividunt.
1999 4597 2104 4653 Pe-

533 4699 652 4742 trus
683 4705 812 4746 vero
837 4689 1077 4743 Maronis
1107 4688 1326 4742 domum
1353 4689 1635 4758 ingressus
1665 4703 1789 4742 cum
1816 4696 2103 4758 rogaretur

532 4781 717 4835 cibum
751 4795 990 4845 sumere,
1022 4796 1366 4849 nequaquam
1399 4796 1458 4834 se
1488 4778 1760 4833 facturum
1792 4781 2092 4849 respondit,

530 4874 637 4928 nisi
669 4874 819 4942 prius
846 4874 1073 4935 scisset,
1104 4873 1147 4925 si
1175 4888 1364 4927 omnes
1393 4871 1484 4940 qui
1514 4887 1636 4926 eum
1676 4870 1891 4926 fuerant
1925 4873 2100 4927 comi-

531 4966 632 5021 tati
673 4966 927 5037 hospitiis
958 4966 1382 5035 requiescerent.
1410 4964 1692 5036 Comperit
1723 4974 1904 5020 autem
1936 4981 1966 5018 a
1992 4965 2100 5019 fra-

2200 3584 2412 3638 solebat
2457 3585 2651 3639 Petrus
2681 3585 2758 3637 ait
2793 3599 2805 3634 :
2849 3581 3022 3636 Hodie
3067 3582 3196 3651 quia
3227 3583 3349 3638 aliis
3380 3585 3638 3652 occupati
3680 3599 3788 3637 non

2201 3691 2391 3728 sumus
2417 3716 2429 3738 ,
2467 3677 2626 3730 nobis
2675 3675 2871 3731 simus.
2919 3673 2983 3726 Et
3032 3690 3133 3743 ego
3168 3673 3389 3742 quidem
3421 3675 3578 3728 vobis
3603 3714 3619 3738 ,
3660 3691 3782 3744 qua:

2201 3766 2345 3835 apud
2407 3766 2712 3820 Caesaream
2785 3774 2909 3835 post
2973 3765 3284 3834 digressum
3332 3774 3581 3820 vestrum
3635 3779 3784 3836 gesta

2202 3866 2352 3922 sunt,
2381 3859 2684 3924 enarrabo;
2721 3874 2818 3912 vos
2850 3864 3032 3912 autem
3063 3858 3196 3910 mihi
3224 3873 3346 3927 qua:
3375 3857 3464 3910 hic
3495 3875 3523 3911 a
3557 3856 3788 3911 Simone

2202 3957 2517 4019 perpetrata
2548 3956 2696 4013 sunt,
2737 3948 3000 4003 indicate.
3032 3948 3100 4003 Et
3127 3964 3252 4003 cum
3284 3949 3352 4003 de
3382 3949 3469 4004 his
3503 3951 3577 4004 ab
3611 3952 3779 4004 alter-

2203 4053 2328 4096 utro
2359 4058 2540 4098 sermo
2568 4043 2844 4105 ederetur,
2878 4043 3232 4097 illucescente
3261 4043 3349 4096 die
3377 4043 3615 4111 ingressi
3664 4045 3785 4112 qui-

2201 4133 2324 4192 dam
2367 4137 2435 4191 de
2480 4136 2843 4190 familiaribus
2890 4137 3144 4190 nuntiant
3182 4134 3376 4197 Petro,
3413 4135 3558 4204 quod
3593 4135 3780 4188 Simon

2201 4229 2292 4284 ubi
2313 4246 2435 4283 eum
2465 4229 2751 4283 didicisset
2792 4230 3124 4298 ingressum,
3145 4245 3242 4298 per
3262 4237 3480 4283 noctem
3504 4228 3790 4298 profectus

2203 4330 2349 4376 esset
2398 4319 2612 4391 Syriam
2663 4320 2915 4374 tendens.
2962 4318 3159 4374 Turbre
3194 4327 3376 4374 autem
3422 4319 3568 4372 diem
3619 4320 3784 4380 hanc,

2202 4413 2492 4484 inquiunt,
2551 4428 2713 4482 quam
2757 4413 3143 4482 interposuisti
3193 4412 3310 4473 eis,
3370 4411 3649 4466 desiderio
3709 4411 3786 4465 tui

2204 4506 2583 4576 longissimum
2631 4504 2737 4558 sibi
2781 4519 2904 4559 esse
2937 4514 3153 4575 tempus
3182 4504 3501 4572 opinantur,
3552 4503 3790 4575 denique

2204 4611 2314 4652 non
2348 4595 2584 4652 ferentes
2632 4602 2783 4652 stant
2830 4604 2958 4650 ante
2993 4597 3220 4676 januam
3243 4636 3258 4660 ,
3288 4596 3431 4650 inter
3462 4611 3522 4650 se
3552 4595 3790 4651 invicem
3839 4607 3848 4619 '

2205 4691 2272 4746 de
2297 4690 2383 4745 his
2411 4705 2532 4759 quae
2585 4689 2776 4743 audire
2804 4689 3034 4758 cupiunt
3059 4688 3438 4751 conferentes,
3472 4696 3527 4742 et
3565 4697 3620 4744 te
3663 4698 3791 4742 ante

2205 4783 2534 4854 prtelinitum
2567 4789 2782 4854 tempus
2817 4781 3146 4836 omnimodis
3179 4797 3238 4836 se
3264 4782 3482 4836 visuros
3535 4788 3786 4852 sperant,

2203 4885 2521 4947 quantoque
2569 4877 2743 4944 magis
2769 4873 2888 4928 dies
2914 4873 3166 4929 clarescit
3196 4872 3580 4928 multitudines
3617 4873 3778 4927 colli-

2207 4976 2443 5039 guntur,
2478 4976 2533 5023 et
2564 4967 2850 5022 audituros
2902 4982 2962 5022 se
3008 4981 3314 5022 sermonem
3363 4973 3556 5032 tuum,
3598 4965 3787 5020 nescio

1829 5139 2194 5198 COTELERll
2234 5141 2464 5198 ΝΟΤΛΕ.

606 5304 718 5377 (99)
763 5302 886 5377 Ipse
911 5317 1178 5377 vero_cum
1204 5300 1414 5377 lauisset
1444 5302 1498 5354 in
1529 5297 1857 5377 mari:_V_ide
1887 5301 2109 5377 omnino

534 5376 592 5434 S.
614 5370 1224 5447 Epiphaniam,haeresi
1254 5373 1343 5436 50,
1370 5387 1517 5447 num.
1638 5370 1725 5435 15,
1755 5371 1845 5430 21.
1875 5381 1928 5425 et
1955 5371 2024 5424 ab
2045 5387 2110 5424 eo

535 5442 798 5509 monitus,
833 5442 1137 5498 Ebionitica
1170 5444 1285 5497 lucc
1325 5451 1380 5496 et
1434 5443 1633 5496 similia
1678 5457 1798 5509 quae.
1840 5457 1946 5494 non
1986 5457 2113 5495 raro

533 5524 833 5572 occurrunt
880 5515 937 5569 in
970 5513 1449 5583 Recognitionibus,
1487 5511 1727 5580 Epitome
1776 5519 1828 5566 et
1857 5509 2112 5583 Clemen-

536 5589 682 5648 tim’s,
714 5594 873 5641 caute
903 5587 1086 5654 legito.
1111 5582 1269 5640 ’Alias
1296 5586 1476 5638 lavare
1507 5598 1724 5645 manus,
1763 5582 1979 5654 faciem,
2025 5598 2109 5654 os,

536 5660 722 5727 pedes,
774 5653 1218 5725 totum’corpus,
1264 5656 1446 5727 certis
1474 5654 1689 5727 diebus,
1723 5659 1822 5727 aut
1861 5653 2112 5722 singulis,

537 5720 632 5780 iiut
663 5729 864 5794 srepius
895 5727 947 5778 in
980 5720 1112 5785 d'e,—
1139 5740 1201 5778 ac
1247 5725 1484 5780 definitis
1538 5724 1708 5785 heris,
1772 5720 1936 5791 idque
1961 5720 2109 5791 post

539 5811 816 5862 somnum,
862 5804 986 5866 post
1037 5796 1408 5858 concubitum,
1453 5801 1576 5850 ante
1631 5801 1684 5848 et
1729 5801 1854 5862 post
1901 5794 2106 5858 cibum,

2215 5310 2340 5356 ante
2381 5316 2595 5373 preces,
2631 5308 2755 5355 ante
2761 5300 3284 5373 feconciliationem
3335 5299 3400 5373 in
3429 5299 3778 5369 pmnitentia,

2215 5384 2338 5427 ante
2369 5370 2729 5441 sumptionem
2761 5370 3119 5425 Eucliaristite
3151 5389 3165 5424 :
3218 5371 3353 5432 haec,
3390 5371 3632 5441 inquam,
3665 5386 3783 5441 Otu-

2215 5444 2325 5505 nia,
2364 5444 2433 5498 ad
2466 5439 2892 5497 consuetudines
2929 5442 3183 5511 ritusque
3215 5441 3454 5511 gentium
3497 5447 3553 5493 et
3594 5439 3782 5511 Eccle-

2215 5514 2419 5569 siarum
2453 5513 2800 5582 pertinentia,
2827 5510 3281 5582 quemadmodum
3305 5519 3493 5563 notum
3517 5519 3603 5563 est
3622 5510 3780 5582 satis,

2217 5577 2471 5652 pietatem
2513 5599 2620 5636 non
2665 5577 2888 5646 laedunt,
2934 5583 3043 5634 imo
3073 5581 3329 5648 adjuvare
3363 5588 3612 5652 possunt,
3643 5579 3688 5631 si
3716 5577 3782 5652 ad

2215 5649 2416 5708 bonum
2451 5652 2607 5706 finem
2649 5652 2973 5721 dirigantur,
3012 5666 3110 5705 nec
3147 5649 3528 5719 superstitiose
3562 5665 3622 5703 ac
3667 5649 3779 5704 Vel-

2213 5726 2291 5780 uti
2333 5723 2400 5778 ad
2431 5723 2660 5780 salutem
2693 5722 3001 5777 necessaria
3026 5729 3374 5793 usurpentur.
