  <div class='ocr_page' id='page_1' title='image "/cluster/home/n/w/nwhite01/storage/ocr_20150623/1/mdp.39015014764065/670.png"; bbox 0 0 4022 6274; ppageno 0'>
   <div class='ocr_carea' id='block_1_1' title="bbox 329 309 462 368">
    <p class='ocr_par' dir='ltr' id='par_1_1' title="bbox 329 309 462 368">
     <span class='ocr_line' id='line_1_1' title="bbox 329 309 462 368; baseline -0.038 0"><span class='ocrx_word' id='word_1_1' title='bbox 329 309 462 368; x_wconf 69' lang='grc'><strong>1517</strong></span> 
     </span>
    </p>
   </div>
   <div class='ocr_carea' id='block_1_2' title="bbox 1447 303 2306 363">
    <p class='ocr_par' dir='ltr' id='par_1_2' title="bbox 1447 303 2306 363">
     <span class='ocr_line' id='line_1_2' title="bbox 1447 303 2306 363; baseline 0.006 -5"><span class='ocrx_word' id='word_1_2' title='bbox 1447 303 1905 360; x_wconf 79' lang='lat' dir='ltr'><strong>RECOGNITION</strong></span> <span class='ocrx_word' id='word_1_3' title='bbox 1919 304 2010 358; x_wconf 72' lang='grc' dir='ltr'><strong>ΠΜ</strong></span> <span class='ocrx_word' id='word_1_4' title='bbox 2052 305 2179 362; x_wconf 86' lang='lat' dir='ltr'><strong>LIB.</strong></span> <span class='ocrx_word' id='word_1_5' title='bbox 2218 306 2306 363; x_wconf 81' lang='lat' dir='ltr'><strong>1V.</strong></span> 
     </span>
    </p>
   </div>
   <div class='ocr_carea' id='block_1_3' title="bbox 3426 312 3568 369">
    <p class='ocr_par' dir='ltr' id='par_1_3' title="bbox 3426 312 3568 369">
     <span class='ocr_line' id='line_1_3' title="bbox 3426 312 3568 369; baseline 0.021 -3"><span class='ocrx_word' id='word_1_6' title='bbox 3426 312 3568 369; x_wconf 71' lang='grc'><strong>1518</strong></span> 
     </span>
    </p>
   </div>
   <div class='ocr_carea' id='block_1_4' title="bbox 327 416 3568 490">
    <p class='ocr_par' dir='ltr' id='par_1_4' title="bbox 327 416 3568 490">
     <span class='ocr_line' id='line_1_4' title="bbox 327 416 3568 490; baseline 0 -15"><span class='ocrx_word' id='word_1_7' title='bbox 327 421 470 478; x_wconf 90' lang='lat' dir='ltr'><strong>unde</strong></span> <span class='ocrx_word' id='word_1_8' title='bbox 501 429 892 489; x_wconf 74' lang='lat' dir='ltr'><strong>prmsumentes</strong></span> <span class='ocrx_word' id='word_1_9' title='bbox 923 417 1231 474; x_wconf 82' lang='lat' dir='ltr'><strong>certissime</strong></span> <span class='ocrx_word' id='word_1_10' title='bbox 1258 416 1560 472; x_wconf 83' lang='lat' dir='ltr'><strong>confidunt.</strong></span> <span class='ocrx_word' id='word_1_11' title='bbox 1581 417 1737 470; x_wconf 84' lang='lat' dir='ltr'><strong>Nunc</strong></span> <span class='ocrx_word' id='word_1_12' title='bbox 1766 432 1896 487; x_wconf 84' lang='lat' dir='ltr'><strong>ergo</strong></span> <span class='ocrx_word' id='word_1_13' title='bbox 1925 421 1971 477; x_wconf 82' lang='grc' dir='ltr'><strong>Α</strong></span> <span class='ocrx_word' id='word_1_14' title='bbox 1997 426 2045 470; x_wconf 88' lang='lat' dir='ltr'><strong>et</strong></span> <span class='ocrx_word' id='word_1_15' title='bbox 2084 418 2450 486; x_wconf 80' lang='lat' dir='ltr'><strong>prudentibus,</strong></span> <span class='ocrx_word' id='word_1_16' title='bbox 2477 428 2526 472; x_wconf 91' lang='lat' dir='ltr'><strong>et</strong></span> <span class='ocrx_word' id='word_1_17' title='bbox 2567 418 2811 473; x_wconf 81' lang='lat' dir='ltr'><strong>revelasti</strong></span> <span class='ocrx_word' id='word_1_18' title='bbox 2838 435 2899 472; x_wconf 87' lang='lat' dir='ltr'><strong>ea</strong></span> <span class='ocrx_word' id='word_1_19' title='bbox 2927 417 3160 487; x_wconf 79' lang='lat' dir='ltr'><strong>parvulis</strong></span> <span class='ocrx_word' id='word_1_20' title='bbox 3190 419 3252 476; x_wconf 71' lang='lat'><strong>‘7.</strong></span> <span class='ocrx_word' id='word_1_21' title='bbox 3278 417 3381 475; x_wconf 90' lang='lat' dir='ltr'><strong>Per</strong></span> <span class='ocrx_word' id='word_1_22' title='bbox 3423 423 3568 490; x_wconf 88' lang='lat' dir='ltr'><strong>quod</strong></span> 
     </span>
    </p>
   </div>
   <div class='ocr_carea' id='block_1_5' title="bbox 326 509 1896 584">
    <p class='ocr_par' dir='ltr' id='par_1_5' title="bbox 326 509 1896 584">
     <span class='ocr_line' id='line_1_5' title="bbox 326 509 1896 584; baseline -0.005 -14"><span class='ocrx_word' id='word_1_23' title='bbox 326 514 473 584; x_wconf 85' lang='lat' dir='ltr'><strong>quod</strong></span> <span class='ocrx_word' id='word_1_24' title='bbox 503 515 602 567; x_wconf 80' lang='lat' dir='ltr'><strong>tibi</strong></span> <span class='ocrx_word' id='word_1_25' title='bbox 632 514 864 574; x_wconf 90' lang='lat' dir='ltr'><strong>videtur,</strong></span> <span class='ocrx_word' id='word_1_26' title='bbox 895 512 1025 580; x_wconf 91' lang='lat' dir='ltr'><strong>jube</strong></span> <span class='ocrx_word' id='word_1_27' title='bbox 1056 519 1115 564; x_wconf 94' lang='lat' dir='ltr'><strong>ut</strong></span> <span class='ocrx_word' id='word_1_28' title='bbox 1141 511 1389 566; x_wconf 82' lang='lat' dir='ltr'><strong>dicamus</strong></span> <span class='ocrx_word' id='word_1_29' title='bbox 1432 511 1546 578; x_wconf 91' lang='lat' dir='ltr'><strong>eis;</strong></span> <span class='ocrx_word' id='word_1_30' title='bbox 1596 509 1896 564; x_wconf 87' lang='lat' dir='ltr'><strong>absurdum</strong></span> 
     </span>
    </p>
   </div>
   <div class='ocr_carea' id='block_1_6' title="bbox 325 603 1896 676">
    <p class='ocr_par' dir='ltr' id='par_1_6' title="bbox 325 603 1896 676">
     <span class='ocr_line' id='line_1_6' title="bbox 325 603 1896 676; baseline -0.004 -15"><span class='ocrx_word' id='word_1_31' title='bbox 325 622 561 676; x_wconf 81' lang='lat' dir='ltr'><strong>namque</strong></span> <span class='ocrx_word' id='word_1_32' title='bbox 604 616 687 661; x_wconf 88' lang='lat' dir='ltr'><strong>est</strong></span> <span class='ocrx_word' id='word_1_33' title='bbox 737 613 943 658; x_wconf 88' lang='lat' dir='ltr'><strong>tantam</strong></span> <span class='ocrx_word' id='word_1_34' title='bbox 1005 603 1414 658; x_wconf 89' lang='lat' dir='ltr'><strong>multitudinem</strong></span> <span class='ocrx_word' id='word_1_35' title='bbox 1464 603 1790 658; x_wconf 80' lang='lat' dir='ltr'><strong>convenisse</strong></span> <span class='ocrx_word' id='word_1_36' title='bbox 1844 607 1896 655; x_wconf 91' lang='lat' dir='ltr'><strong>et</strong></span> 
     </span>
    </p>
   </div>
   <div class='ocr_carea' id='block_1_7' title="bbox 322 691 1896 764">
    <p class='ocr_par' dir='ltr' id='par_1_7' title="bbox 322 691 1896 764">
     <span class='ocr_line' id='line_1_7' title="bbox 322 691 1896 764; baseline -0.003 -13"><span class='ocrx_word' id='word_1_37' title='bbox 322 696 605 751; x_wconf 85' lang='lat' dir='ltr'><strong>discedere</strong></span> <span class='ocrx_word' id='word_1_38' title='bbox 653 710 776 748; x_wconf 90' lang='lat' dir='ltr'><strong>cum</strong></span> <span class='ocrx_word' id='word_1_39' title='bbox 828 695 1132 756; x_wconf 78' lang='lat' dir='ltr'><strong>mmstitia,</strong></span> <span class='ocrx_word' id='word_1_40' title='bbox 1177 694 1376 764; x_wconf 87' lang='lat' dir='ltr'><strong>quippe</strong></span> <span class='ocrx_word' id='word_1_41' title='bbox 1423 694 1469 748; x_wconf 90' lang='lat' dir='ltr'><strong>si</strong></span> <span class='ocrx_word' id='word_1_42' title='bbox 1512 708 1773 762; x_wconf 88' lang='lat' dir='ltr'><strong>responsa</strong></span> <span class='ocrx_word' id='word_1_43' title='bbox 1816 691 1896 746; x_wconf 91' lang='lat' dir='ltr'><strong>eis</strong></span> 
     </span>
    </p>
   </div>
   <div class='ocr_carea' id='block_1_8' title="bbox 322 783 1895 854">
    <p class='ocr_par' dir='ltr' id='par_1_8' title="bbox 322 783 1895 854">
     <span class='ocr_line' id='line_1_8' title="bbox 322 783 1895 854; baseline -0.004 -11"><span class='ocrx_word' id='word_1_44' title='bbox 322 788 472 843; x_wconf 91' lang='lat' dir='ltr'><strong>nulla</strong></span> <span class='ocrx_word' id='word_1_45' title='bbox 526 786 847 840; x_wconf 76' lang='lat' dir='ltr'><strong>reddantur.</strong></span> <span class='ocrx_word' id='word_1_46' title='bbox 892 785 1010 840; x_wconf 88' lang='lat' dir='ltr'><strong>Non</strong></span> <span class='ocrx_word' id='word_1_47' title='bbox 1051 785 1198 839; x_wconf 91' lang='lat' dir='ltr'><strong>enim</strong></span> <span class='ocrx_word' id='word_1_48' title='bbox 1237 785 1558 854; x_wconf 83' lang='lat' dir='ltr'><strong>cogitabunt</strong></span> <span class='ocrx_word' id='word_1_49' title='bbox 1604 784 1749 854; x_wconf 90' lang='lat' dir='ltr'><strong>quod</strong></span> <span class='ocrx_word' id='word_1_50' title='bbox 1789 783 1895 853; x_wconf 87' lang='lat' dir='ltr'><strong>ipsi</strong></span> 
     </span>
    </p>
   </div>
   <div class='ocr_carea' id='block_1_9' title="bbox 321 875 1894 948">
    <p class='ocr_par' dir='ltr' id='par_1_9' title="bbox 321 875 1894 948">
     <span class='ocr_line' id='line_1_9' title="bbox 321 875 1894 948; baseline -0.005 -13"><span class='ocrx_word' id='word_1_51' title='bbox 321 881 586 935; x_wconf 87' lang='lat' dir='ltr'><strong>statutum</strong></span> <span class='ocrx_word' id='word_1_52' title='bbox 629 892 736 948; x_wconf 89' lang='lat' dir='ltr'><strong>non</strong></span> <span class='ocrx_word' id='word_1_53' title='bbox 769 875 1215 947; x_wconf 79' lang='lat' dir='ltr'><strong>exspectaverint</strong></span> <span class='ocrx_word' id='word_1_54' title='bbox 1243 875 1387 929; x_wconf 88' lang='lat' dir='ltr'><strong>diem</strong></span> <span class='ocrx_word' id='word_1_55' title='bbox 1411 915 1426 938; x_wconf 93' lang='lat'><strong>,</strong></span> <span class='ocrx_word' id='word_1_56' title='bbox 1461 875 1556 930; x_wconf 89' lang='lat' dir='ltr'><strong>sed</strong></span> <span class='ocrx_word' id='word_1_57' title='bbox 1597 877 1742 944; x_wconf 89' lang='lat' dir='ltr'><strong>quod</strong></span> <span class='ocrx_word' id='word_1_58' title='bbox 1779 888 1810 926; x_wconf 89' lang='lat' dir='ltr'><strong>a</strong></span> <span class='ocrx_word' id='word_1_59' title='bbox 1840 879 1894 927; x_wconf 90' lang='lat' dir='ltr'><strong>te</strong></span> 
     </span>
    </p>
   </div>
   <div class='ocr_carea' id='block_1_10' title="bbox 320 965 1318 1042">
    <p class='ocr_par' dir='ltr' id='par_1_10' title="bbox 320 965 1318 1042">
     <span class='ocr_line' id='line_1_10' title="bbox 320 965 1318 1042; baseline -0.005 -16"><span class='ocrx_word' id='word_1_60' title='bbox 320 974 492 1042; x_wconf 87' lang='lat' dir='ltr'><strong>magis</strong></span> <span class='ocrx_word' id='word_1_61' title='bbox 524 973 814 1025; x_wconf 82' lang='lat' dir='ltr'><strong>videantur</strong></span> <span class='ocrx_word' id='word_1_62' title='bbox 842 984 965 1024; x_wconf 91' lang='lat' dir='ltr'><strong>esse</strong></span> <span class='ocrx_word' id='word_1_63' title='bbox 1001 965 1318 1036; x_wconf 86' lang='lat' dir='ltr'><strong>contempti.</strong></span> 
     </span>
    </p>
   </div>
   <div class='ocr_carea' id='block_1_11' title="bbox 387 1057 1889 1125">
    <p class='ocr_par' dir='ltr' id='par_1_11' title="bbox 387 1057 1889 1125">
     <span class='ocr_line' id='line_1_11' title="bbox 387 1057 1889 1125; baseline -0.001 -10"><span class='ocrx_word' id='word_1_64' title='bbox 387 1062 476 1118; x_wconf 86' lang='lat' dir='ltr'><strong>IV.</strong></span> <span class='ocrx_word' id='word_1_65' title='bbox 520 1062 658 1116; x_wconf 90' lang='lat' dir='ltr'><strong>Tum</strong></span> <span class='ocrx_word' id='word_1_66' title='bbox 702 1061 901 1115; x_wconf 82' lang='lat' dir='ltr'><strong>Petrus</strong></span> <span class='ocrx_word' id='word_1_67' title='bbox 933 1060 1213 1114; x_wconf 89' lang='lat' dir='ltr'><strong>admirans</strong></span> <span class='ocrx_word' id='word_1_68' title='bbox 1252 1058 1364 1112; x_wconf 88' lang='lat' dir='ltr'><strong>ait:</strong></span> <span class='ocrx_word' id='word_1_69' title='bbox 1394 1057 1637 1125; x_wconf 82' lang='lat' dir='ltr'><strong>Videtis,</strong></span> <span class='ocrx_word' id='word_1_70' title='bbox 1671 1057 1889 1124; x_wconf 83' lang='lat' dir='ltr'><strong>fratres,</strong></span> 
     </span>
    </p>
   </div>
   <div class='ocr_carea' id='block_1_12' title="bbox 313 1149 1891 1224">
    <p class='ocr_par' dir='ltr' id='par_1_12' title="bbox 313 1149 1891 1224">
     <span class='ocr_line' id='line_1_12' title="bbox 313 1149 1891 1224; baseline 0 -17"><span class='ocrx_word' id='word_1_71' title='bbox 313 1156 586 1224; x_wconf 90' lang='lat' dir='ltr'><strong>quomodo</strong></span> <span class='ocrx_word' id='word_1_72' title='bbox 637 1153 1018 1222; x_wconf 84' lang='lat' dir='ltr'><strong>unusquisque</strong></span> <span class='ocrx_word' id='word_1_73' title='bbox 1063 1165 1243 1206; x_wconf 89' lang='lat' dir='ltr'><strong>sermo</strong></span> <span class='ocrx_word' id='word_1_74' title='bbox 1291 1149 1507 1205; x_wconf 92' lang='lat' dir='ltr'><strong>Domini</strong></span> <span class='ocrx_word' id='word_1_75' title='bbox 1576 1153 1891 1220; x_wconf 89' lang='lat' dir='ltr'><strong>pr0phetice</strong></span> 
     </span>
    </p>
   </div>
   <div class='ocr_carea' id='block_1_13' title="bbox 311 1243 1901 1316">
    <p class='ocr_par' dir='ltr' id='par_1_13' title="bbox 311 1243 1901 1316">
     <span class='ocr_line' id='line_1_13' title="bbox 311 1243 1901 1316; baseline -0.002 -14"><span class='ocrx_word' id='word_1_76' title='bbox 311 1247 492 1302; x_wconf 91' lang='lat' dir='ltr'><strong>dictus</strong></span> <span class='ocrx_word' id='word_1_77' title='bbox 525 1247 805 1316; x_wconf 87' lang='lat' dir='ltr'><strong>impletur.</strong></span> <span class='ocrx_word' id='word_1_78' title='bbox 839 1244 1059 1298; x_wconf 84' lang='lat' dir='ltr'><strong>Memini</strong></span> <span class='ocrx_word' id='word_1_79' title='bbox 1089 1243 1236 1297; x_wconf 89' lang='lat' dir='ltr'><strong>enim</strong></span> <span class='ocrx_word' id='word_1_80' title='bbox 1261 1243 1471 1299; x_wconf 75' lang='lat' dir='ltr'><strong>dixisse</strong></span> <span class='ocrx_word' id='word_1_81' title='bbox 1501 1261 1623 1298; x_wconf 90' lang='lat' dir='ltr'><strong>eum</strong></span> <span class='ocrx_word' id='word_1_82' title='bbox 1655 1265 1666 1299; x_wconf 90' lang='lat'>:</span> <span class='ocrx_word' id='word_1_83' title='bbox 1695 1245 1901 1300; x_wconf 49' lang='lat' dir='ltr'><strong>Messis:</strong></span> 
     </span>
    </p>
   </div>
   <div class='ocr_carea' id='block_1_14' title="bbox 309 1337 1887 1410">
    <p class='ocr_par' dir='ltr' id='par_1_14' title="bbox 309 1337 1887 1410">
     <span class='ocr_line' id='line_1_14' title="bbox 309 1337 1887 1410; baseline 0.001 -18"><span class='ocrx_word' id='word_1_84' title='bbox 309 1339 518 1409; x_wconf 77' lang='lat' dir='ltr'><strong>quidem</strong></span> <span class='ocrx_word' id='word_1_85' title='bbox 569 1337 773 1402; x_wconf 86' lang='lat' dir='ltr'><strong>multa,</strong></span> <span class='ocrx_word' id='word_1_86' title='bbox 804 1338 1033 1405; x_wconf 84' lang='lat' dir='ltr'><strong>operarii</strong></span> <span class='ocrx_word' id='word_1_87' title='bbox 1077 1347 1250 1392; x_wconf 89' lang='lat' dir='ltr'><strong>autem</strong></span> <span class='ocrx_word' id='word_1_88' title='bbox 1295 1339 1470 1407; x_wconf 81' lang='lat' dir='ltr'><strong>pauci.</strong></span> <span class='ocrx_word' id='word_1_89' title='bbox 1526 1337 1726 1408; x_wconf 82' lang='lat' dir='ltr'><strong>Rogate</strong></span> <span class='ocrx_word' id='word_1_90' title='bbox 1765 1357 1887 1410; x_wconf 86' lang='lat' dir='ltr'><strong>ergo</strong></span> 
     </span>
    </p>
   </div>
   <div class='ocr_carea' id='block_1_15' title="bbox 308 1429 1886 1498">
    <p class='ocr_par' dir='ltr' id='par_1_15' title="bbox 308 1429 1886 1498">
     <span class='ocr_line' id='line_1_15' title="bbox 308 1429 1886 1498; baseline 0.001 -15"><span class='ocrx_word' id='word_1_91' title='bbox 308 1432 576 1484; x_wconf 88' lang='lat' dir='ltr'><strong>dominum</strong></span> <span class='ocrx_word' id='word_1_92' title='bbox 631 1432 844 1492; x_wconf 86' lang='lat' dir='ltr'><strong>messis,</strong></span> <span class='ocrx_word' id='word_1_93' title='bbox 917 1438 971 1480; x_wconf 89' lang='lat' dir='ltr'><strong>ut</strong></span> <span class='ocrx_word' id='word_1_94' title='bbox 1023 1429 1201 1497; x_wconf 87' lang='lat' dir='ltr'><strong>ejiciat</strong></span> <span class='ocrx_word' id='word_1_95' title='bbox 1253 1430 1519 1498; x_wconf 78' lang='lat' dir='ltr'><strong>operarios</strong></span> <span class='ocrx_word' id='word_1_96' title='bbox 1564 1430 1615 1482; x_wconf 91' lang='lat' dir='ltr'><strong>in</strong></span> <span class='ocrx_word' id='word_1_97' title='bbox 1669 1447 1886 1484; x_wconf 84' lang='lat' dir='ltr'><strong>messem</strong></span> 
     </span>
    </p>
   </div>
   <div class='ocr_carea' id='block_1_16' title="bbox 306 1520 1884 1592">
    <p class='ocr_par' dir='ltr' id='par_1_16' title="bbox 306 1520 1884 1592">
     <span class='ocr_line' id='line_1_16' title="bbox 306 1520 1884 1592; baseline 0 -16"><span class='ocrx_word' id='word_1_98' title='bbox 306 1522 540 1576; x_wconf 80' lang='lat' dir='ltr'><strong>suam“.</strong></span> <span class='ocrx_word' id='word_1_99' title='bbox 576 1520 715 1575; x_wconf 87' lang='lat' dir='ltr'><strong>Ecce</strong></span> <span class='ocrx_word' id='word_1_100' title='bbox 738 1536 869 1590; x_wconf 84' lang='lat' dir='ltr'><strong>ergo</strong></span> <span class='ocrx_word' id='word_1_101' title='bbox 898 1535 1046 1574; x_wconf 92' lang='lat' dir='ltr'><strong>nunc</strong></span> <span class='ocrx_word' id='word_1_102' title='bbox 1087 1536 1209 1590; x_wconf 68' lang='lat' dir='ltr'><strong>qua:</strong></span> <span class='ocrx_word' id='word_1_103' title='bbox 1235 1521 1290 1574; x_wconf 91' lang='lat' dir='ltr'><strong>in</strong></span> <span class='ocrx_word' id='word_1_104' title='bbox 1335 1527 1598 1592; x_wconf 85' lang='lat' dir='ltr'><strong>mysterio</strong></span> <span class='ocrx_word' id='word_1_105' title='bbox 1629 1522 1884 1589; x_wconf 69' lang='lat' dir='ltr'><strong>praedicta</strong></span> 
     </span>
    </p>
   </div>
   <div class='ocr_carea' id='block_1_17' title="bbox 307 1611 1884 1681">
    <p class='ocr_par' dir='ltr' id='par_1_17' title="bbox 307 1611 1884 1681">
     <span class='ocr_line' id='line_1_17' title="bbox 307 1611 1884 1681; baseline -0.001 -14"><span class='ocrx_word' id='word_1_106' title='bbox 307 1621 454 1676; x_wconf 89' lang='lat' dir='ltr'><strong>sunt,</strong></span> <span class='ocrx_word' id='word_1_107' title='bbox 489 1613 876 1681; x_wconf 89' lang='lat' dir='ltr'><strong>adimplentur.</strong></span> <span class='ocrx_word' id='word_1_108' title='bbox 912 1611 1017 1666; x_wconf 85' lang='lat' dir='ltr'><strong>Sed</strong></span> <span class='ocrx_word' id='word_1_109' title='bbox 1044 1620 1098 1666; x_wconf 91' lang='lat' dir='ltr'><strong>et</strong></span> <span class='ocrx_word' id='word_1_110' title='bbox 1127 1613 1270 1681; x_wconf 89' lang='lat' dir='ltr'><strong>quod</strong></span> <span class='ocrx_word' id='word_1_111' title='bbox 1303 1613 1474 1667; x_wconf 80' lang='lat' dir='ltr'><strong>dixit:</strong></span> <span class='ocrx_word' id='word_1_112' title='bbox 1499 1612 1662 1667; x_wconf 82' lang='lat' dir='ltr'><strong>Multi</strong></span> <span class='ocrx_word' id='word_1_113' title='bbox 1685 1615 1884 1667; x_wconf 76' lang='lat' dir='ltr'><strong>venient</strong></span> 
     </span>
    </p>
   </div>
   <div class='ocr_carea' id='block_1_18' title="bbox 305 1704 1880 1772">
    <p class='ocr_par' dir='ltr' id='par_1_18' title="bbox 305 1704 1880 1772">
     <span class='ocr_line' id='line_1_18' title="bbox 305 1704 1880 1772; baseline 0.001 -14"><span class='ocrx_word' id='word_1_114' title='bbox 305 1704 369 1758; x_wconf 89' lang='lat' dir='ltr'><strong>ab</strong></span> <span class='ocrx_word' id='word_1_115' title='bbox 402 1705 600 1759; x_wconf 79' lang='lat' dir='ltr'><strong>oriente</strong></span> <span class='ocrx_word' id='word_1_116' title='bbox 627 1714 674 1758; x_wconf 88' lang='lat' dir='ltr'><strong>et</strong></span> <span class='ocrx_word' id='word_1_117' title='bbox 713 1704 1012 1761; x_wconf 82' lang='lat' dir='ltr'><strong>occidente.</strong></span> <span class='ocrx_word' id='word_1_118' title='bbox 1043 1723 1076 1757; x_wconf 82' lang='grc' dir='ltr'><strong>ιι</strong></span> <span class='ocrx_word' id='word_1_119' title='bbox 1105 1706 1453 1772; x_wconf 87' lang='lat' dir='ltr'><strong>septentrione</strong></span> <span class='ocrx_word' id='word_1_120' title='bbox 1484 1715 1533 1759; x_wconf 91' lang='lat' dir='ltr'><strong>et</strong></span> <span class='ocrx_word' id='word_1_121' title='bbox 1565 1706 1802 1770; x_wconf 82' lang='lat' dir='ltr'><strong>meridie,</strong></span> <span class='ocrx_word' id='word_1_122' title='bbox 1831 1715 1880 1759; x_wconf 84' lang='lat' dir='ltr'><strong>et</strong></span> 
     </span>
    </p>
   </div>
   <div class='ocr_carea' id='block_1_19' title="bbox 1999 509 3563 581">
    <p class='ocr_par' dir='ltr' id='par_1_19' title="bbox 1999 509 3563 581">
     <span class='ocr_line' id='line_1_19' title="bbox 1999 509 3563 581; baseline 0.004 -19"><span class='ocrx_word' id='word_1_123' title='bbox 1999 509 2188 578; x_wconf 90' lang='lat' dir='ltr'><strong>utique</strong></span> <span class='ocrx_word' id='word_1_124' title='bbox 2216 509 2545 573; x_wconf 84' lang='lat' dir='ltr'><strong>declaratur,</strong></span> <span class='ocrx_word' id='word_1_125' title='bbox 2585 511 2710 580; x_wconf 90' lang='lat' dir='ltr'><strong>quia</strong></span> <span class='ocrx_word' id='word_1_126' title='bbox 2742 509 3088 563; x_wconf 64' lang='lat' dir='ltr'><strong>Hebraeorum</strong></span> <span class='ocrx_word' id='word_1_127' title='bbox 3120 511 3349 579; x_wconf 90' lang='lat' dir='ltr'><strong>populus</strong></span> <span class='ocrx_word' id='word_1_128' title='bbox 3378 513 3468 581; x_wconf 88' lang='lat' dir='ltr'><strong>qui</strong></span> <span class='ocrx_word' id='word_1_129' title='bbox 3498 529 3563 568; x_wconf 79' lang='lat' dir='ltr'><strong>cx</strong></span> 
     </span>
    </p>
   </div>
   <div class='ocr_carea' id='block_1_20' title="bbox 1997 598 3564 670">
    <p class='ocr_par' dir='ltr' id='par_1_20' title="bbox 1997 598 3564 670">
     <span class='ocr_line' id='line_1_20' title="bbox 1997 598 3564 670; baseline 0.004 -20"><span class='ocrx_word' id='word_1_130' title='bbox 1997 598 2114 669; x_wconf 86' lang='lat' dir='ltr'><strong>lege</strong></span> <span class='ocrx_word' id='word_1_131' title='bbox 2158 599 2404 654; x_wconf 82' lang='lat' dir='ltr'><strong>eruditus</strong></span> <span class='ocrx_word' id='word_1_132' title='bbox 2445 609 2530 655; x_wconf 89' lang='lat' dir='ltr'><strong>est</strong></span> <span class='ocrx_word' id='word_1_133' title='bbox 2555 640 2569 662; x_wconf 96' lang='lat'><strong>,</strong></span> <span class='ocrx_word' id='word_1_134' title='bbox 2619 600 2886 670; x_wconf 85' lang='lat' dir='ltr'><strong>ignoravit</strong></span> <span class='ocrx_word' id='word_1_135' title='bbox 2922 614 3072 662; x_wconf 90' lang='lat' dir='ltr'><strong>eum,</strong></span> <span class='ocrx_word' id='word_1_136' title='bbox 3117 602 3347 670; x_wconf 88' lang='lat' dir='ltr'><strong>populus</strong></span> <span class='ocrx_word' id='word_1_137' title='bbox 3380 612 3564 657; x_wconf 89' lang='lat' dir='ltr'><strong>autem</strong></span> 
     </span>
    </p>
   </div>
   <div class='ocr_carea' id='block_1_21' title="bbox 1994 689 3560 765">
    <p class='ocr_par' dir='ltr' id='par_1_21' title="bbox 1994 689 3560 765">
     <span class='ocr_line' id='line_1_21' title="bbox 1994 689 3560 765; baseline 0.004 -23"><span class='ocrx_word' id='word_1_138' title='bbox 1994 690 2232 759; x_wconf 84' lang='lat' dir='ltr'><strong>gentium</strong></span> <span class='ocrx_word' id='word_1_139' title='bbox 2265 691 2483 761; x_wconf 77' lang='lat' dir='ltr'><strong>agnovit</strong></span> <span class='ocrx_word' id='word_1_140' title='bbox 2515 689 2699 746; x_wconf 85' lang='lat' dir='ltr'><strong>Jesum</strong></span> <span class='ocrx_word' id='word_1_141' title='bbox 2731 699 2784 746; x_wconf 89' lang='lat' dir='ltr'><strong>et</strong></span> <span class='ocrx_word' id='word_1_142' title='bbox 2818 700 3132 757; x_wconf 86' lang='lat' dir='ltr'><strong>veneratur,</strong></span> <span class='ocrx_word' id='word_1_143' title='bbox 3167 701 3389 762; x_wconf 88' lang='lat' dir='ltr'><strong>propter</strong></span> <span class='ocrx_word' id='word_1_144' title='bbox 3417 697 3560 765; x_wconf 85' lang='lat' dir='ltr'><strong>quod</strong></span> 
     </span>
    </p>
   </div>
   <div class='ocr_carea' id='block_1_22' title="bbox 1993 783 3565 853">
    <p class='ocr_par' dir='ltr' id='par_1_22' title="bbox 1993 783 3565 853">
     <span class='ocr_line' id='line_1_22' title="bbox 1993 783 3565 853; baseline 0.003 -17"><span class='ocrx_word' id='word_1_145' title='bbox 1993 791 2048 836; x_wconf 92' lang='lat' dir='ltr'><strong>et</strong></span> <span class='ocrx_word' id='word_1_146' title='bbox 2089 783 2425 846; x_wconf 88' lang='lat' dir='ltr'><strong>salvabitur,</strong></span> <span class='ocrx_word' id='word_1_147' title='bbox 2473 797 2579 836; x_wconf 90' lang='lat' dir='ltr'><strong>non</strong></span> <span class='ocrx_word' id='word_1_148' title='bbox 2631 783 2806 837; x_wconf 92' lang='lat' dir='ltr'><strong>solum</strong></span> <span class='ocrx_word' id='word_1_149' title='bbox 2853 797 3154 853; x_wconf 87' lang='lat' dir='ltr'><strong>agnoscens</strong></span> <span class='ocrx_word' id='word_1_150' title='bbox 3203 799 3347 848; x_wconf 88' lang='lat' dir='ltr'><strong>eum,</strong></span> <span class='ocrx_word' id='word_1_151' title='bbox 3373 788 3467 841; x_wconf 89' lang='lat' dir='ltr'><strong>sed</strong></span> <span class='ocrx_word' id='word_1_152' title='bbox 3508 796 3565 841; x_wconf 87' lang='lat' dir='ltr'><strong>et</strong></span> 
     </span>
    </p>
   </div>
   <div class='ocr_carea' id='block_1_23' title="bbox 1992 872 3564 946">
    <p class='ocr_par' dir='ltr' id='par_1_23' title="bbox 1992 872 3564 946">
     <span class='ocr_line' id='line_1_23' title="bbox 1992 872 3564 946; baseline 0.003 -18"><span class='ocrx_word' id='word_1_153' title='bbox 1992 873 2326 928; x_wconf 83' lang='lat' dir='ltr'><strong>voluntatem</strong></span> <span class='ocrx_word' id='word_1_154' title='bbox 2379 873 2498 942; x_wconf 91' lang='lat' dir='ltr'><strong>ejus</strong></span> <span class='ocrx_word' id='word_1_155' title='bbox 2550 874 2776 928; x_wconf 81' lang='lat' dir='ltr'><strong>faciens.</strong></span> <span class='ocrx_word' id='word_1_156' title='bbox 2817 872 2985 928; x_wconf 86' lang='lat' dir='ltr'><strong>Debet</strong></span> <span class='ocrx_word' id='word_1_157' title='bbox 3035 883 3212 929; x_wconf 87' lang='lat' dir='ltr'><strong>autem</strong></span> <span class='ocrx_word' id='word_1_158' title='bbox 3261 875 3308 931; x_wconf 91' lang='lat' dir='ltr'><strong>is</strong></span> <span class='ocrx_word' id='word_1_159' title='bbox 3354 878 3448 946; x_wconf 88' lang='lat' dir='ltr'><strong>qui</strong></span> <span class='ocrx_word' id='word_1_160' title='bbox 3492 894 3564 932; x_wconf 81' lang='lat' dir='ltr'><strong>ex</strong></span> 
     </span>
    </p>
   </div>
   <div class='ocr_carea' id='block_1_24' title="bbox 1995 964 3562 1038">
    <p class='ocr_par' dir='ltr' id='par_1_24' title="bbox 1995 964 3562 1038">
     <span class='ocr_line' id='line_1_24' title="bbox 1995 964 3562 1038; baseline 0.001 -18"><span class='ocrx_word' id='word_1_161' title='bbox 1995 966 2247 1034; x_wconf 76' lang='lat' dir='ltr'><strong>gentibus</strong></span> <span class='ocrx_word' id='word_1_162' title='bbox 2289 971 2406 1031; x_wconf 89' lang='lat' dir='ltr'><strong>est,</strong></span> <span class='ocrx_word' id='word_1_163' title='bbox 2455 972 2508 1019; x_wconf 86' lang='lat' dir='ltr'><strong>et</strong></span> <span class='ocrx_word' id='word_1_164' title='bbox 2538 981 2600 1020; x_wconf 87' lang='lat' dir='ltr'><strong>ex</strong></span> <span class='ocrx_word' id='word_1_165' title='bbox 2637 964 2746 1018; x_wconf 90' lang='lat' dir='ltr'><strong>Deo</strong></span> <span class='ocrx_word' id='word_1_166' title='bbox 2774 965 2973 1030; x_wconf 85' lang='lat' dir='ltr'><strong>habet,</strong></span> <span class='ocrx_word' id='word_1_167' title='bbox 3020 974 3079 1019; x_wconf 94' lang='lat' dir='ltr'><strong>ut</strong></span> <span class='ocrx_word' id='word_1_168' title='bbox 3109 967 3298 1038; x_wconf 83' lang='lat' dir='ltr'><strong>diligat</strong></span> <span class='ocrx_word' id='word_1_169' title='bbox 3333 966 3518 1022; x_wconf 87' lang='lat' dir='ltr'><strong>Jesum</strong></span> <span class='ocrx_word' id='word_1_170' title='bbox 3541 1010 3562 1037; x_wconf 85' lang='lat'><strong>,</strong></span> 
     </span>
    </p>
   </div>
   <div class='ocr_carea' id='block_1_25' title="bbox 1991 1056 3564 1129">
    <p class='ocr_par' dir='ltr' id='par_1_25' title="bbox 1991 1056 3564 1129">
     <span class='ocr_line' id='line_1_25' title="bbox 1991 1056 3564 1129; baseline 0.003 -21"><span class='ocrx_word' id='word_1_171' title='bbox 1991 1056 2193 1126; x_wconf 88' lang='lat' dir='ltr'><strong>proprii</strong></span> <span class='ocrx_word' id='word_1_172' title='bbox 2220 1057 2419 1111; x_wconf 90' lang='lat' dir='ltr'><strong>habere</strong></span> <span class='ocrx_word' id='word_1_173' title='bbox 2449 1056 2710 1127; x_wconf 79' lang='lat' dir='ltr'><strong>prepositi</strong></span> <span class='ocrx_word' id='word_1_174' title='bbox 2729 1097 2744 1120; x_wconf 92' lang='lat'><strong>,</strong></span> <span class='ocrx_word' id='word_1_175' title='bbox 2773 1067 2830 1111; x_wconf 93' lang='lat' dir='ltr'><strong>ut</strong></span> <span class='ocrx_word' id='word_1_176' title='bbox 2851 1058 3037 1112; x_wconf 86' lang='lat' dir='ltr'><strong>credat</strong></span> <span class='ocrx_word' id='word_1_177' title='bbox 3060 1065 3114 1112; x_wconf 92' lang='lat' dir='ltr'><strong>et</strong></span> <span class='ocrx_word' id='word_1_178' title='bbox 3139 1056 3331 1129; x_wconf 74' lang='lat' dir='ltr'><strong>Moysi.</strong></span> <span class='ocrx_word' id='word_1_179' title='bbox 3357 1059 3422 1112; x_wconf 87' lang='lat' dir='ltr'><strong>Et</strong></span> <span class='ocrx_word' id='word_1_180' title='bbox 3445 1077 3564 1113; x_wconf 80' lang='lat' dir='ltr'><strong>rur-</strong></span> 
     </span>
    </p>
   </div>
   <div class='ocr_carea' id='block_1_26' title="bbox 1991 1147 3560 1223">
    <p class='ocr_par' dir='ltr' id='par_1_26' title="bbox 1991 1147 3560 1223">
     <span class='ocr_line' id='line_1_26' title="bbox 1991 1147 3560 1223; baseline 0.002 -21"><span class='ocrx_word' id='word_1_181' title='bbox 1991 1163 2086 1202; x_wconf 90' lang='lat' dir='ltr'><strong>sus</strong></span> <span class='ocrx_word' id='word_1_182' title='bbox 2119 1147 2376 1203; x_wconf 71' lang='lat' dir='ltr'><strong>Hebraeus</strong></span> <span class='ocrx_word' id='word_1_183' title='bbox 2420 1148 2511 1219; x_wconf 90' lang='lat' dir='ltr'><strong>qui</strong></span> <span class='ocrx_word' id='word_1_184' title='bbox 2553 1164 2621 1203; x_wconf 85' lang='lat' dir='ltr'><strong>ex</strong></span> <span class='ocrx_word' id='word_1_185' title='bbox 2668 1148 2776 1204; x_wconf 86' lang='lat' dir='ltr'><strong>Deo</strong></span> <span class='ocrx_word' id='word_1_186' title='bbox 2804 1149 2996 1213; x_wconf 84' lang='lat' dir='ltr'><strong>habet,</strong></span> <span class='ocrx_word' id='word_1_187' title='bbox 3031 1159 3090 1204; x_wconf 93' lang='lat' dir='ltr'><strong>ut</strong></span> <span class='ocrx_word' id='word_1_188' title='bbox 3140 1151 3325 1205; x_wconf 86' lang='lat' dir='ltr'><strong>credat</strong></span> <span class='ocrx_word' id='word_1_189' title='bbox 3356 1151 3560 1223; x_wconf 76' lang='lat' dir='ltr'><strong>Moysi,</strong></span> 
     </span>
    </p>
   </div>
   <div class='ocr_carea' id='block_1_27' title="bbox 1989 1240 3559 1312">
    <p class='ocr_par' dir='ltr' id='par_1_27' title="bbox 1989 1240 3559 1312">
     <span class='ocr_line' id='line_1_27' title="bbox 1989 1240 3559 1312; baseline 0.004 -19"><span class='ocrx_word' id='word_1_190' title='bbox 1989 1240 2189 1296; x_wconf 86' lang='lat' dir='ltr'><strong>habere</strong></span> <span class='ocrx_word' id='word_1_191' title='bbox 2232 1241 2391 1295; x_wconf 88' lang='lat' dir='ltr'><strong>debet</strong></span> <span class='ocrx_word' id='word_1_192' title='bbox 2413 1249 2467 1296; x_wconf 91' lang='lat' dir='ltr'><strong>et</strong></span> <span class='ocrx_word' id='word_1_193' title='bbox 2495 1257 2561 1294; x_wconf 83' lang='lat' dir='ltr'><strong>cx</strong></span> <span class='ocrx_word' id='word_1_194' title='bbox 2589 1243 2871 1312; x_wconf 91' lang='lat' dir='ltr'><strong>proposito</strong></span> <span class='ocrx_word' id='word_1_195' title='bbox 2901 1258 3002 1298; x_wconf 92' lang='lat' dir='ltr'><strong>suo</strong></span> <span class='ocrx_word' id='word_1_196' title='bbox 3023 1281 3038 1308; x_wconf 94' lang='lat'><strong>,</strong></span> <span class='ocrx_word' id='word_1_197' title='bbox 3075 1250 3132 1296; x_wconf 92' lang='lat' dir='ltr'><strong>ut</strong></span> <span class='ocrx_word' id='word_1_198' title='bbox 3172 1244 3358 1298; x_wconf 87' lang='lat' dir='ltr'><strong>credat</strong></span> <span class='ocrx_word' id='word_1_199' title='bbox 3385 1247 3440 1298; x_wconf 92' lang='lat' dir='ltr'><strong>in</strong></span> <span class='ocrx_word' id='word_1_200' title='bbox 3468 1245 3559 1299; x_wconf 78' lang='lat' dir='ltr'><strong>Je-</strong></span> 
     </span>
    </p>
   </div>
   <div class='ocr_carea' id='block_1_28' title="bbox 1987 1334 3554 1402">
    <p class='ocr_par' dir='ltr' id='par_1_28' title="bbox 1987 1334 3554 1402">
     <span class='ocr_line' id='line_1_28' title="bbox 1987 1334 3554 1402; baseline 0.005 -17"><span class='ocrx_word' id='word_1_201' title='bbox 1987 1346 2141 1394; x_wconf 89' lang='lat' dir='ltr'><strong>sum,</strong></span> <span class='ocrx_word' id='word_1_202' title='bbox 2177 1339 2235 1385; x_wconf 91' lang='lat' dir='ltr'><strong>ut</strong></span> <span class='ocrx_word' id='word_1_203' title='bbox 2283 1334 2661 1402; x_wconf 87' lang='lat' dir='ltr'><strong>unusquisque</strong></span> <span class='ocrx_word' id='word_1_204' title='bbox 2702 1349 2892 1388; x_wconf 91' lang='lat' dir='ltr'><strong>eorum</strong></span> <span class='ocrx_word' id='word_1_205' title='bbox 2939 1334 3146 1390; x_wconf 87' lang='lat' dir='ltr'><strong>habens</strong></span> <span class='ocrx_word' id='word_1_206' title='bbox 3194 1336 3247 1390; x_wconf 94' lang='lat' dir='ltr'><strong>in</strong></span> <span class='ocrx_word' id='word_1_207' title='bbox 3291 1353 3350 1392; x_wconf 90' lang='lat' dir='ltr'><strong>se</strong></span> <span class='ocrx_word' id='word_1_208' title='bbox 3407 1339 3554 1393; x_wconf 81' lang='lat' dir='ltr'><strong>aliud</strong></span> 
     </span>
    </p>
   </div>
   <div class='ocr_carea' id='block_1_29' title="bbox 1986 1420 3555 1494">
    <p class='ocr_par' dir='ltr' id='par_1_29' title="bbox 1986 1420 3555 1494">
     <span class='ocr_line' id='line_1_29' title="bbox 1986 1420 3555 1494; baseline 0.006 -22"><span class='ocrx_word' id='word_1_209' title='bbox 1986 1420 2154 1473; x_wconf 82' lang='lat' dir='ltr'><strong>divini</strong></span> <span class='ocrx_word' id='word_1_210' title='bbox 2202 1423 2480 1486; x_wconf 88' lang='lat' dir='ltr'><strong>muneris,</strong></span> <span class='ocrx_word' id='word_1_211' title='bbox 2529 1424 2675 1477; x_wconf 88' lang='lat' dir='ltr'><strong>aliud</strong></span> <span class='ocrx_word' id='word_1_212' title='bbox 2727 1425 2962 1494; x_wconf 72' lang='lat' dir='ltr'><strong>propria:</strong></span> <span class='ocrx_word' id='word_1_213' title='bbox 3011 1424 3329 1494; x_wconf 73' lang='lat' dir='ltr'><strong>industrizr,</strong></span> <span class='ocrx_word' id='word_1_214' title='bbox 3377 1430 3447 1483; x_wconf 81' lang='lat' dir='ltr'><strong>sit</strong></span> <span class='ocrx_word' id='word_1_215' title='bbox 3487 1445 3555 1482; x_wconf 82' lang='lat' dir='ltr'><strong>ex</strong></span> 
     </span>
    </p>
   </div>
   <div class='ocr_carea' id='block_1_30' title="bbox 1987 1513 3557 1582">
    <p class='ocr_par' dir='ltr' id='par_1_30' title="bbox 1987 1513 3557 1582">
     <span class='ocr_line' id='line_1_30' title="bbox 1987 1513 3557 1582; baseline 0.008 -18"><span class='ocrx_word' id='word_1_216' title='bbox 1987 1519 2218 1582; x_wconf 91' lang='lat' dir='ltr'><strong>utroque</strong></span> <span class='ocrx_word' id='word_1_217' title='bbox 2251 1513 2545 1582; x_wconf 90' lang='lat' dir='ltr'><strong>perfectus.</strong></span> <span class='ocrx_word' id='word_1_218' title='bbox 2596 1513 2673 1568; x_wconf 88' lang='lat' dir='ltr'><strong>De</strong></span> <span class='ocrx_word' id='word_1_219' title='bbox 2709 1515 2801 1568; x_wconf 86' lang='lat' dir='ltr'><strong>tali</strong></span> <span class='ocrx_word' id='word_1_220' title='bbox 2839 1515 2984 1568; x_wconf 90' lang='lat' dir='ltr'><strong>enim</strong></span> <span class='ocrx_word' id='word_1_221' title='bbox 3031 1516 3246 1571; x_wconf 88' lang='lat' dir='ltr'><strong>dicebat</strong></span> <span class='ocrx_word' id='word_1_222' title='bbox 3293 1517 3557 1577; x_wconf 89' lang='lat' dir='ltr'><strong>Dominus</strong></span> 
     </span>
    </p>
   </div>
   <div class='ocr_carea' id='block_1_31' title="bbox 1981 1604 3557 1676">
    <p class='ocr_par' dir='ltr' id='par_1_31' title="bbox 1981 1604 3557 1676">
     <span class='ocr_line' id='line_1_31' title="bbox 1981 1604 3557 1676; baseline 0.006 -22"><span class='ocrx_word' id='word_1_223' title='bbox 1981 1609 2167 1656; x_wconf 89' lang='lat' dir='ltr'><strong>noster</strong></span> <span class='ocrx_word' id='word_1_224' title='bbox 2213 1618 2331 1656; x_wconf 80' lang='lat' dir='ltr'><strong>vn&#39;o</strong></span> <span class='ocrx_word' id='word_1_225' title='bbox 2382 1607 2549 1660; x_wconf 84' lang='lat' dir='ltr'><strong>divite</strong></span> <span class='ocrx_word' id='word_1_226' title='bbox 2581 1619 2596 1636; x_wconf 80' lang='lat'><strong><em>°</em></strong></span> <span class='ocrx_word' id='word_1_227' title='bbox 2651 1604 2754 1671; x_wconf 83' lang='lat' dir='ltr'><strong>Qui</strong></span> <span class='ocrx_word' id='word_1_228' title='bbox 2795 1604 2995 1676; x_wconf 78' lang='lat' dir='ltr'><strong>profert</strong></span> <span class='ocrx_word' id='word_1_229' title='bbox 3036 1607 3100 1661; x_wconf 88' lang='lat' dir='ltr'><strong>de</strong></span> <span class='ocrx_word' id='word_1_230' title='bbox 3142 1606 3402 1662; x_wconf 74' lang='lat' dir='ltr'><strong>thesauris</strong></span> <span class='ocrx_word' id='word_1_231' title='bbox 3445 1611 3557 1663; x_wconf 76' lang='lat' dir='ltr'><strong>suis</strong></span> 
     </span>
    </p>
   </div>
   <div class='ocr_carea' id='block_1_32' title="bbox 1983 1697 2497 1752">
    <p class='ocr_par' dir='ltr' id='par_1_32' title="bbox 1983 1697 2497 1752">
     <span class='ocr_line' id='line_1_32' title="bbox 1983 1697 2497 1752; baseline 0.01 -5"><span class='ocrx_word' id='word_1_232' title='bbox 1983 1710 2116 1748; x_wconf 81' lang='lat' dir='ltr'><strong>nova</strong></span> <span class='ocrx_word' id='word_1_233' title='bbox 2130 1702 2134 1707; x_wconf 89' lang='lat'><strong><em>&#39;</em></strong></span> <span class='ocrx_word' id='word_1_234' title='bbox 2147 1703 2195 1748; x_wconf 87' lang='lat' dir='ltr'><strong>et</strong></span> <span class='ocrx_word' id='word_1_235' title='bbox 2233 1703 2404 1749; x_wconf 86' lang='lat' dir='ltr'><strong>vetera</strong></span> <span class='ocrx_word' id='word_1_236' title='bbox 2431 1697 2497 1752; x_wconf 78' lang='lat' dir='ltr'><strong>u&#39;.</strong></span> 
     </span>
    </p>
   </div>
   <div class='ocr_carea' id='block_1_33' title="bbox 301 1754 3555 1863">
    <p class='ocr_par' dir='ltr' id='par_1_33' title="bbox 301 1754 3555 1863">
     <span class='ocr_line' id='line_1_33' title="bbox 301 1754 3555 1863; baseline 0.004 -16"><span class='ocrx_word' id='word_1_237' title='bbox 301 1798 596 1850; x_wconf 72' lang='lat' dir='ltr'><strong>rerumbent</strong></span> <span class='ocrx_word' id='word_1_238' title='bbox 631 1798 684 1850; x_wconf 82' lang='lat' dir='ltr'><strong>in</strong></span> <span class='ocrx_word' id='word_1_239' title='bbox 729 1796 932 1850; x_wconf 84' lang='lat' dir='ltr'><strong>sinibus</strong></span> <span class='ocrx_word' id='word_1_240' title='bbox 953 1754 1223 1849; x_wconf 54' lang='lat' dir='ltr'><strong>Abraliarm</strong></span> <span class='ocrx_word' id='word_1_241' title='bbox 1258 1806 1306 1850; x_wconf 85' lang='lat' dir='ltr'><strong>et</strong></span> <span class='ocrx_word' id='word_1_242' title='bbox 1349 1795 1507 1849; x_wconf 86' lang='lat' dir='ltr'><strong>Isaac</strong></span> <span class='ocrx_word' id='word_1_243' title='bbox 1532 1807 1580 1850; x_wconf 90' lang='lat' dir='ltr'><strong>et</strong></span> <span class='ocrx_word' id='word_1_244' title='bbox 1602 1795 1770 1850; x_wconf 77' lang='lat' dir='ltr'><strong>Iacob</strong></span> <span class='ocrx_word' id='word_1_245' title='bbox 1793 1797 1872 1863; x_wconf 78' lang='grc'><strong>¹³;</strong></span> <span class='ocrx_word' id='word_1_246' title='bbox 1916 1754 1954 1808; x_wconf 73' lang='grc' dir='ltr'>Β</span> <span class='ocrx_word' id='word_1_247' title='bbox 2055 1787 2141 1844; x_wconf 71' lang='lat' dir='ltr'><strong>Vl.</strong></span> <span class='ocrx_word' id='word_1_248' title='bbox 2184 1785 2288 1842; x_wconf 63' lang='lat' dir='ltr'><strong>58d</strong></span> <span class='ocrx_word' id='word_1_249' title='bbox 2334 1791 2401 1844; x_wconf 74' lang='lat' dir='ltr'><strong>de</strong></span> <span class='ocrx_word' id='word_1_250' title='bbox 2430 1790 2517 1845; x_wconf 69' lang='lat' dir='ltr'><strong>his</strong></span> <span class='ocrx_word' id='word_1_251' title='bbox 2540 1788 2674 1845; x_wconf 59' lang='lat' dir='ltr'><strong>satis</strong></span> <span class='ocrx_word' id='word_1_252' title='bbox 2706 1789 2943 1857; x_wconf 70' lang='grc' dir='ltr'><strong>(Ποιυωῖ</strong></span> <span class='ocrx_word' id='word_1_253' title='bbox 2976 1797 3131 1860; x_wconf 59' lang='lat' dir='ltr'><strong>urget</strong></span> <span class='ocrx_word' id='word_1_254' title='bbox 3160 1791 3304 1846; x_wconf 70' lang='lat' dir='ltr'><strong>enim</strong></span> <span class='ocrx_word' id='word_1_255' title='bbox 3331 1798 3555 1862; x_wconf 66' lang='lat' dir='ltr'><strong>tempus</strong></span> 
     </span>
    </p>
   </div>
   <div class='ocr_carea' id='block_1_34' title="bbox 298 1884 1877 1962">
    <p class='ocr_par' dir='ltr' id='par_1_34' title="bbox 298 1884 1877 1962">
     <span class='ocr_line' id='line_1_34' title="bbox 298 1884 1877 1962; baseline 0.001 -24"><span class='ocrx_word' id='word_1_256' title='bbox 298 1886 463 1938; x_wconf 89' lang='lat' dir='ltr'><strong>etiam</strong></span> <span class='ocrx_word' id='word_1_257' title='bbox 519 1886 622 1940; x_wconf 90' lang='lat' dir='ltr'><strong>hoc</strong></span> <span class='ocrx_word' id='word_1_258' title='bbox 666 1887 891 1955; x_wconf 88' lang='lat' dir='ltr'><strong>pariter,</strong></span> <span class='ocrx_word' id='word_1_259' title='bbox 944 1893 1003 1938; x_wconf 90' lang='lat' dir='ltr'><strong>ut</strong></span> <span class='ocrx_word' id='word_1_260' title='bbox 1047 1885 1273 1962; x_wconf 75' lang='lat' dir='ltr'><strong>videtis,</strong></span> <span class='ocrx_word' id='word_1_261' title='bbox 1321 1887 1590 1955; x_wconf 81' lang='lat' dir='ltr'><strong>expletur.</strong></span> <span class='ocrx_word' id='word_1_262' title='bbox 1645 1884 1877 1955; x_wconf 86' lang='lat' dir='ltr'><strong>Propter</strong></span> 
     </span>
    </p>
   </div>
   <div class='ocr_carea' id='block_1_35' title="bbox 299 1976 1876 2045">
    <p class='ocr_par' dir='ltr' id='par_1_35' title="bbox 299 1976 1876 2045">
     <span class='ocr_line' id='line_1_35' title="bbox 299 1976 1876 2045; baseline 0.003 -19"><span class='ocrx_word' id='word_1_263' title='bbox 299 1976 446 2043; x_wconf 89' lang='lat' dir='ltr'><strong>quod</strong></span> <span class='ocrx_word' id='word_1_264' title='bbox 469 1977 730 2045; x_wconf 83' lang='lat' dir='ltr'><strong>deprecor</strong></span> <span class='ocrx_word' id='word_1_265' title='bbox 770 1992 868 2030; x_wconf 90' lang='lat' dir='ltr'><strong>vos</strong></span> <span class='ocrx_word' id='word_1_266' title='bbox 902 1991 1200 2031; x_wconf 87' lang='lat' dir='ltr'><strong>conservos</strong></span> <span class='ocrx_word' id='word_1_267' title='bbox 1224 1985 1277 2030; x_wconf 92' lang='lat' dir='ltr'><strong>et</strong></span> <span class='ocrx_word' id='word_1_268' title='bbox 1306 1977 1587 2045; x_wconf 87' lang='lat' dir='ltr'><strong>adjutores</strong></span> <span class='ocrx_word' id='word_1_269' title='bbox 1617 1992 1788 2040; x_wconf 90' lang='lat' dir='ltr'><strong>meos,</strong></span> <span class='ocrx_word' id='word_1_270' title='bbox 1815 1984 1876 2030; x_wconf 86' lang='lat' dir='ltr'><strong>ut</strong></span> 
     </span>
    </p>
   </div>
   <div class='ocr_carea' id='block_1_36' title="bbox 297 2066 1876 2136">
    <p class='ocr_par' dir='ltr' id='par_1_36' title="bbox 297 2066 1876 2136">
     <span class='ocr_line' id='line_1_36' title="bbox 297 2066 1876 2136; baseline 0.003 -18"><span class='ocrx_word' id='word_1_271' title='bbox 297 2066 526 2120; x_wconf 89' lang='lat' dir='ltr'><strong>discatis</strong></span> <span class='ocrx_word' id='word_1_272' title='bbox 558 2069 819 2122; x_wconf 88' lang='lat' dir='ltr'><strong>attentius</strong></span> <span class='ocrx_word' id='word_1_273' title='bbox 846 2067 1174 2136; x_wconf 59' lang='lat' dir='ltr'><strong>praedicandi</strong></span> <span class='ocrx_word' id='word_1_274' title='bbox 1221 2067 1468 2124; x_wconf 89' lang='lat' dir='ltr'><strong>ordinem</strong></span> <span class='ocrx_word' id='word_1_275' title='bbox 1501 2083 1554 2122; x_wconf 82' lang='lat' dir='ltr'><strong>et</strong></span> <span class='ocrx_word' id='word_1_276' title='bbox 1585 2067 1876 2123; x_wconf 86' lang='lat' dir='ltr'><strong>absolutio-</strong></span> 
     </span>
    </p>
   </div>
   <div class='ocr_carea' id='block_1_37' title="bbox 294 2159 1870 2227">
    <p class='ocr_par' dir='ltr' id='par_1_37' title="bbox 294 2159 1870 2227">
     <span class='ocr_line' id='line_1_37' title="bbox 294 2159 1870 2227; baseline 0.004 -16"><span class='ocrx_word' id='word_1_277' title='bbox 294 2174 428 2211; x_wconf 84' lang='lat' dir='ltr'><strong>nnm</strong></span> <span class='ocrx_word' id='word_1_278' title='bbox 463 2159 613 2216; x_wconf 89' lang='lat' dir='ltr'><strong>vias.</strong></span> <span class='ocrx_word' id='word_1_279' title='bbox 668 2167 726 2212; x_wconf 89' lang='lat' dir='ltr'><strong>ut</strong></span> <span class='ocrx_word' id='word_1_280' title='bbox 777 2159 1000 2227; x_wconf 87' lang='lat' dir='ltr'><strong>possitis</strong></span> <span class='ocrx_word' id='word_1_281' title='bbox 1043 2160 1255 2214; x_wconf 89' lang='lat' dir='ltr'><strong>salvare</strong></span> <span class='ocrx_word' id='word_1_282' title='bbox 1303 2161 1517 2216; x_wconf 70' lang='lat' dir='ltr'><strong>animat.</strong></span> <span class='ocrx_word' id='word_1_283' title='bbox 1552 2161 1870 2227; x_wconf 84' lang='lat' dir='ltr'><strong>hominum,</strong></span> 
     </span>
    </p>
   </div>
   <div class='ocr_carea' id='block_1_38' title="bbox 292 2250 1868 2322">
    <p class='ocr_par' dir='ltr' id='par_1_38' title="bbox 292 2250 1868 2322">
     <span class='ocr_line' id='line_1_38' title="bbox 292 2250 1868 2322; baseline 0.005 -20"><span class='ocrx_word' id='word_1_284' title='bbox 292 2266 417 2319; x_wconf 74' lang='lat' dir='ltr'><strong>quae</strong></span> <span class='ocrx_word' id='word_1_285' title='bbox 457 2251 671 2304; x_wconf 89' lang='lat' dir='ltr'><strong>occulta</strong></span> <span class='ocrx_word' id='word_1_286' title='bbox 724 2250 818 2304; x_wconf 87' lang='lat' dir='ltr'><strong>Dei</strong></span> <span class='ocrx_word' id='word_1_287' title='bbox 873 2251 1072 2306; x_wconf 88' lang='lat' dir='ltr'><strong>virtute</strong></span> <span class='ocrx_word' id='word_1_288' title='bbox 1118 2268 1277 2320; x_wconf 87' lang='lat' dir='ltr'><strong>quem</strong></span> <span class='ocrx_word' id='word_1_289' title='bbox 1323 2251 1555 2306; x_wconf 85' lang='lat' dir='ltr'><strong>debeant</strong></span> <span class='ocrx_word' id='word_1_290' title='bbox 1614 2252 1868 2322; x_wconf 83' lang='lat' dir='ltr'><strong>diligere,</strong></span> 
     </span>
    </p>
   </div>
   <div class='ocr_carea' id='block_1_39' title="bbox 293 2342 1870 2412">
    <p class='ocr_par' dir='ltr' id='par_1_39' title="bbox 293 2342 1870 2412">
     <span class='ocr_line' id='line_1_39' title="bbox 293 2342 1870 2412; baseline 0.005 -18"><span class='ocrx_word' id='word_1_291' title='bbox 293 2342 449 2410; x_wconf 89' lang='lat' dir='ltr'><strong>prius</strong></span> <span class='ocrx_word' id='word_1_292' title='bbox 495 2343 657 2395; x_wconf 87' lang='lat' dir='ltr'><strong>etiam</strong></span> <span class='ocrx_word' id='word_1_293' title='bbox 707 2358 872 2411; x_wconf 87' lang='lat' dir='ltr'><strong>quam</strong></span> <span class='ocrx_word' id='word_1_294' title='bbox 921 2342 1224 2397; x_wconf 86' lang='lat' dir='ltr'><strong>doceantur</strong></span> <span class='ocrx_word' id='word_1_295' title='bbox 1275 2355 1599 2412; x_wconf 86' lang='lat' dir='ltr'><strong>agnoscunt.</strong></span> <span class='ocrx_word' id='word_1_296' title='bbox 1663 2344 1870 2402; x_wconf 80' lang='lat' dir='ltr'><strong>Videtis</strong></span> 
     </span>
    </p>
   </div>
   <div class='ocr_carea' id='block_1_40' title="bbox 287 2433 1868 2508">
    <p class='ocr_par' dir='ltr' id='par_1_40' title="bbox 287 2433 1868 2508">
     <span class='ocr_line' id='line_1_40' title="bbox 287 2433 1868 2508; baseline 0.006 -23"><span class='ocrx_word' id='word_1_297' title='bbox 287 2433 439 2486; x_wconf 81' lang='lat' dir='ltr'><strong>enim</strong></span> <span class='ocrx_word' id='word_1_298' title='bbox 463 2448 558 2487; x_wconf 91' lang='lat' dir='ltr'><strong>eos</strong></span> <span class='ocrx_word' id='word_1_299' title='bbox 585 2433 742 2503; x_wconf 77' lang='lat' dir='ltr'><strong>quasi</strong></span> <span class='ocrx_word' id='word_1_300' title='bbox 774 2433 946 2489; x_wconf 88' lang='lat' dir='ltr'><strong>bonos</strong></span> <span class='ocrx_word' id='word_1_301' title='bbox 978 2449 1166 2488; x_wconf 89' lang='lat' dir='ltr'><strong>servos</strong></span> <span class='ocrx_word' id='word_1_302' title='bbox 1197 2434 1510 2490; x_wconf 88' lang='lat' dir='ltr'><strong>desiderare</strong></span> <span class='ocrx_word' id='word_1_303' title='bbox 1535 2452 1683 2502; x_wconf 88' lang='lat' dir='ltr'><strong>eum,</strong></span> <span class='ocrx_word' id='word_1_304' title='bbox 1709 2455 1868 2508; x_wconf 90' lang='lat' dir='ltr'><strong>quem</strong></span> 
     </span>
    </p>
   </div>
   <div class='ocr_carea' id='block_1_41' title="bbox 287 2523 1871 2599">
    <p class='ocr_par' dir='ltr' id='par_1_41' title="bbox 287 2523 1871 2599">
     <span class='ocr_line' id='line_1_41' title="bbox 287 2523 1871 2599; baseline 0.005 -21"><span class='ocrx_word' id='word_1_305' title='bbox 287 2523 398 2578; x_wconf 78' lang='lat' dir='ltr'><strong>sibi</strong></span> <span class='ocrx_word' id='word_1_306' title='bbox 426 2533 651 2592; x_wconf 85' lang='lat' dir='ltr'><strong>sperant</strong></span> <span class='ocrx_word' id='word_1_307' title='bbox 682 2523 977 2578; x_wconf 86' lang='lat' dir='ltr'><strong>adventum</strong></span> <span class='ocrx_word' id='word_1_308' title='bbox 1005 2525 1091 2580; x_wconf 91' lang='lat' dir='ltr'><strong>sui</strong></span> <span class='ocrx_word' id='word_1_309' title='bbox 1124 2524 1338 2580; x_wconf 88' lang='lat' dir='ltr'><strong>Domini</strong></span> <span class='ocrx_word' id='word_1_310' title='bbox 1364 2529 1641 2592; x_wconf 90' lang='lat' dir='ltr'><strong>nuntiare,</strong></span> <span class='ocrx_word' id='word_1_311' title='bbox 1667 2540 1723 2584; x_wconf 91' lang='lat' dir='ltr'><strong>ut</strong></span> <span class='ocrx_word' id='word_1_312' title='bbox 1745 2546 1871 2599; x_wconf 92' lang='lat' dir='ltr'><strong>pos-</strong></span> 
     </span>
    </p>
   </div>
   <div class='ocr_carea' id='block_1_42' title="bbox 286 2617 1867 2689">
    <p class='ocr_par' dir='ltr' id='par_1_42' title="bbox 286 2617 1867 2689">
     <span class='ocr_line' id='line_1_42' title="bbox 286 2617 1867 2689; baseline 0.003 -19"><span class='ocrx_word' id='word_1_313' title='bbox 286 2617 401 2670; x_wconf 90' lang='lat' dir='ltr'><strong>sint</strong></span> <span class='ocrx_word' id='word_1_314' title='bbox 425 2617 756 2672; x_wconf 83' lang='lat' dir='ltr'><strong>voluntatem</strong></span> <span class='ocrx_word' id='word_1_315' title='bbox 789 2618 910 2688; x_wconf 86' lang='lat' dir='ltr'><strong>ejus</strong></span> <span class='ocrx_word' id='word_1_316' title='bbox 939 2633 1062 2672; x_wconf 93' lang='lat' dir='ltr'><strong>cum</strong></span> <span class='ocrx_word' id='word_1_317' title='bbox 1095 2618 1390 2674; x_wconf 89' lang='lat' dir='ltr'><strong>didicerint</strong></span> <span class='ocrx_word' id='word_1_318' title='bbox 1433 2619 1672 2689; x_wconf 87' lang='lat' dir='ltr'><strong>implere.</strong></span> <span class='ocrx_word' id='word_1_319' title='bbox 1714 2621 1867 2676; x_wconf 84' lang='lat' dir='ltr'><strong>Desi-</strong></span> 
     </span>
    </p>
   </div>
   <div class='ocr_carea' id='block_1_43' title="bbox 283 2707 1867 2777">
    <p class='ocr_par' dir='ltr' id='par_1_43' title="bbox 283 2707 1867 2777">
     <span class='ocr_line' id='line_1_43' title="bbox 283 2707 1867 2777; baseline 0.003 -16"><span class='ocrx_word' id='word_1_320' title='bbox 283 2707 501 2761; x_wconf 88' lang='lat' dir='ltr'><strong>derium</strong></span> <span class='ocrx_word' id='word_1_321' title='bbox 548 2707 741 2777; x_wconf 75' lang='lat' dir='ltr'><strong>ergo“</strong></span> <span class='ocrx_word' id='word_1_322' title='bbox 790 2709 1048 2764; x_wconf 85' lang='lat' dir='ltr'><strong>audiendi</strong></span> <span class='ocrx_word' id='word_1_323' title='bbox 1096 2710 1247 2764; x_wconf 83' lang='lat' dir='ltr'><strong>verbi</strong></span> <span class='ocrx_word' id='word_1_324' title='bbox 1291 2708 1385 2764; x_wconf 89' lang='lat' dir='ltr'><strong>Dei</strong></span> <span class='ocrx_word' id='word_1_325' title='bbox 1435 2716 1490 2764; x_wconf 89' lang='lat' dir='ltr'><strong>et</strong></span> <span class='ocrx_word' id='word_1_326' title='bbox 1535 2709 1867 2766; x_wconf 82' lang='lat' dir='ltr'><strong>voluntatem</strong></span> 
     </span>
    </p>
   </div>
   <div class='ocr_carea' id='block_1_44' title="bbox 281 2800 1866 2869">
    <p class='ocr_par' dir='ltr' id='par_1_44' title="bbox 281 2800 1866 2869">
     <span class='ocr_line' id='line_1_44' title="bbox 281 2800 1866 2869; baseline 0.004 -14"><span class='ocrx_word' id='word_1_327' title='bbox 281 2800 409 2866; x_wconf 85' lang='lat' dir='ltr'><strong>ejus</strong></span> <span class='ocrx_word' id='word_1_328' title='bbox 441 2803 718 2869; x_wconf 64' lang='lat' dir='ltr'><strong>quaerendi</strong></span> <span class='ocrx_word' id='word_1_329' title='bbox 771 2819 834 2858; x_wconf 87' lang='lat' dir='ltr'><strong>ex</strong></span> <span class='ocrx_word' id='word_1_330' title='bbox 873 2803 982 2857; x_wconf 92' lang='lat' dir='ltr'><strong>Deo</strong></span> <span class='ocrx_word' id='word_1_331' title='bbox 1011 2804 1241 2867; x_wconf 87' lang='lat' dir='ltr'><strong>habent,</strong></span> <span class='ocrx_word' id='word_1_332' title='bbox 1294 2812 1348 2859; x_wconf 90' lang='lat' dir='ltr'><strong>ct</strong></span> <span class='ocrx_word' id='word_1_333' title='bbox 1386 2805 1488 2859; x_wconf 89' lang='lat' dir='ltr'><strong>hoc</strong></span> <span class='ocrx_word' id='word_1_334' title='bbox 1515 2813 1600 2860; x_wconf 89' lang='lat' dir='ltr'><strong>est</strong></span> <span class='ocrx_word' id='word_1_335' title='bbox 1648 2806 1866 2863; x_wconf 90' lang='lat' dir='ltr'><strong>initium</strong></span> 
     </span>
    </p>
   </div>
   <div class='ocr_carea' id='block_1_45' title="bbox 281 2891 1866 2969">
    <p class='ocr_par' dir='ltr' id='par_1_45' title="bbox 281 2891 1866 2969">
     <span class='ocr_line' id='line_1_45' title="bbox 281 2891 1866 2969; baseline 0.004 -22"><span class='ocrx_word' id='word_1_336' title='bbox 281 2893 417 2948; x_wconf 90' lang='lat' dir='ltr'><strong>doni</strong></span> <span class='ocrx_word' id='word_1_337' title='bbox 468 2891 564 2947; x_wconf 85' lang='lat' dir='ltr'><strong>Dei</strong></span> <span class='ocrx_word' id='word_1_338' title='bbox 594 2893 739 2963; x_wconf 90' lang='lat' dir='ltr'><strong>quod</strong></span> <span class='ocrx_word' id='word_1_339' title='bbox 785 2897 1042 2964; x_wconf 82' lang='lat' dir='ltr'><strong>gentibus</strong></span> <span class='ocrx_word' id='word_1_340' title='bbox 1069 2897 1250 2962; x_wconf 89' lang='lat' dir='ltr'><strong>datur,</strong></span> <span class='ocrx_word' id='word_1_341' title='bbox 1286 2904 1345 2951; x_wconf 92' lang='lat' dir='ltr'><strong>ut</strong></span> <span class='ocrx_word' id='word_1_342' title='bbox 1378 2899 1593 2966; x_wconf 89' lang='lat' dir='ltr'><strong>possint</strong></span> <span class='ocrx_word' id='word_1_343' title='bbox 1629 2914 1725 2969; x_wconf 87' lang='lat' dir='ltr'><strong>per</strong></span> <span class='ocrx_word' id='word_1_344' title='bbox 1761 2899 1866 2954; x_wconf 88' lang='lat' dir='ltr'><strong>hoc</strong></span> 
     </span>
    </p>
   </div>
   <div class='ocr_carea' id='block_1_46' title="bbox 281 2982 1170 3050">
    <p class='ocr_par' dir='ltr' id='par_1_46' title="bbox 281 2982 1170 3050">
     <span class='ocr_line' id='line_1_46' title="bbox 281 2982 1170 3050; baseline 0.004 -12"><span class='ocrx_word' id='word_1_345' title='bbox 281 2982 596 3038; x_wconf 88' lang='lat' dir='ltr'><strong>doctrinam</strong></span> <span class='ocrx_word' id='word_1_346' title='bbox 628 2985 870 3050; x_wconf 88' lang='lat' dir='ltr'><strong>recipere</strong></span> <span class='ocrx_word' id='word_1_347' title='bbox 899 2987 1170 3042; x_wconf 86' lang='lat' dir='ltr'><strong>veritatis.</strong></span> 
     </span>
    </p>
   </div>
   <div class='ocr_carea' id='block_1_47' title="bbox 1978 1879 3551 1951">
    <p class='ocr_par' dir='ltr' id='par_1_47' title="bbox 1978 1879 3551 1951">
     <span class='ocr_line' id='line_1_47' title="bbox 1978 1879 3551 1951; baseline 0.003 -20"><span class='ocrx_word' id='word_1_348' title='bbox 1978 1885 2031 1931; x_wconf 91' lang='lat' dir='ltr'><strong>et</strong></span> <span class='ocrx_word' id='word_1_349' title='bbox 2065 1879 2248 1948; x_wconf 89' lang='lat' dir='ltr'><strong>populi</strong></span> <span class='ocrx_word' id='word_1_350' title='bbox 2281 1879 2536 1949; x_wconf 84' lang='lat' dir='ltr'><strong>religiosa</strong></span> <span class='ocrx_word' id='word_1_351' title='bbox 2567 1879 2783 1934; x_wconf 89' lang='lat' dir='ltr'><strong>devotio</strong></span> <span class='ocrx_word' id='word_1_352' title='bbox 2810 1882 3003 1935; x_wconf 90' lang='lat' dir='ltr'><strong>invitat</strong></span> <span class='ocrx_word' id='word_1_353' title='bbox 3031 1897 3164 1947; x_wconf 90' lang='lat' dir='ltr'><strong>nos,</strong></span> <span class='ocrx_word' id='word_1_354' title='bbox 3197 1883 3264 1936; x_wconf 89' lang='lat' dir='ltr'><strong>ad</strong></span> <span class='ocrx_word' id='word_1_355' title='bbox 3298 1882 3444 1951; x_wconf 90' lang='lat' dir='ltr'><strong>ipsos</strong></span> <span class='ocrx_word' id='word_1_356' title='bbox 3469 1883 3551 1936; x_wconf 77' lang='lat' dir='ltr'><strong>fa-</strong></span> 
     </span>
    </p>
   </div>
   <div class='ocr_carea' id='block_1_48' title="bbox 1976 1972 3548 2043">
    <p class='ocr_par' dir='ltr' id='par_1_48' title="bbox 1976 1972 3548 2043">
     <span class='ocr_line' id='line_1_48' title="bbox 1976 1972 3548 2043; baseline 0.004 -21"><span class='ocrx_word' id='word_1_357' title='bbox 1976 1983 2098 2024; x_wconf 89' lang='lat' dir='ltr'><strong>cere</strong></span> <span class='ocrx_word' id='word_1_358' title='bbox 2121 1986 2449 2026; x_wconf 87' lang='lat' dir='ltr'><strong>sermonem.</strong></span> <span class='ocrx_word' id='word_1_359' title='bbox 2475 1972 2539 2024; x_wconf 85' lang='lat' dir='ltr'><strong>Et</strong></span> <span class='ocrx_word' id='word_1_360' title='bbox 2562 1988 2683 2026; x_wconf 91' lang='lat' dir='ltr'><strong>cum</strong></span> <span class='ocrx_word' id='word_1_361' title='bbox 2709 1972 2823 2026; x_wconf 77' lang='lat' dir='ltr'><strong>hzec</strong></span> <span class='ocrx_word' id='word_1_362' title='bbox 2842 1973 3099 2039; x_wconf 89' lang='lat' dir='ltr'><strong>dixisset,</strong></span> <span class='ocrx_word' id='word_1_363' title='bbox 3120 1975 3431 2043; x_wconf 88' lang='lat' dir='ltr'><strong>requirebat</strong></span> <span class='ocrx_word' id='word_1_364' title='bbox 3453 1975 3548 2028; x_wconf 88' lang='lat' dir='ltr'><strong>ubi</strong></span> 
     </span>
    </p>
   </div>
   <div class='ocr_carea' id='block_1_49' title="bbox 1974 2064 3544 2134">
    <p class='ocr_par' dir='ltr' id='par_1_49' title="bbox 1974 2064 3544 2134">
     <span class='ocr_line' id='line_1_49' title="bbox 1974 2064 3544 2134; baseline 0.004 -21"><span class='ocrx_word' id='word_1_365' title='bbox 1974 2071 2313 2130; x_wconf 89' lang='lat' dir='ltr'><strong>opportunus</strong></span> <span class='ocrx_word' id='word_1_366' title='bbox 2330 2071 2473 2117; x_wconf 89' lang='lat' dir='ltr'><strong>esset</strong></span> <span class='ocrx_word' id='word_1_367' title='bbox 2493 2065 2643 2119; x_wconf 90' lang='lat' dir='ltr'><strong>locus</strong></span> <span class='ocrx_word' id='word_1_368' title='bbox 2664 2064 2729 2117; x_wconf 89' lang='lat' dir='ltr'><strong>ad</strong></span> <span class='ocrx_word' id='word_1_369' title='bbox 2752 2065 3164 2134; x_wconf 85' lang='lat' dir='ltr'><strong>disputandum.</strong></span> <span class='ocrx_word' id='word_1_370' title='bbox 3183 2064 3247 2118; x_wconf 85' lang='lat' dir='ltr'><strong>Et</strong></span> <span class='ocrx_word' id='word_1_371' title='bbox 3265 2065 3412 2119; x_wconf 78' lang='lat' dir='ltr'><strong>Maro</strong></span> <span class='ocrx_word' id='word_1_372' title='bbox 3433 2067 3544 2120; x_wconf 89' lang='lat' dir='ltr'><strong>ait:</strong></span> 
     </span>
    </p>
   </div>
   <div class='ocr_carea' id='block_1_50' title="bbox 1974 2151 3541 2228">
    <p class='ocr_par' dir='ltr' id='par_1_50' title="bbox 1974 2151 3541 2228">
     <span class='ocr_line' id='line_1_50' title="bbox 1974 2151 3541 2228; baseline 0.003 -24"><span class='ocrx_word' id='word_1_373' title='bbox 1974 2151 2070 2208; x_wconf 84' lang='lat' dir='ltr'><strong>Est</strong></span> <span class='ocrx_word' id='word_1_374' title='bbox 2099 2155 2230 2206; x_wconf 93' lang='lat' dir='ltr'><strong>mihi</strong></span> <span class='ocrx_word' id='word_1_375' title='bbox 2255 2154 2397 2210; x_wconf 65' lang='lat' dir='ltr'><strong>aedes</strong></span> <span class='ocrx_word' id='word_1_376' title='bbox 2415 2156 2772 2226; x_wconf 87' lang='lat' dir='ltr'><strong>amplissima,</strong></span> <span class='ocrx_word' id='word_1_377' title='bbox 2794 2172 2914 2226; x_wconf 68' lang='lat' dir='ltr'><strong>quae</strong></span> <span class='ocrx_word' id='word_1_378' title='bbox 2941 2157 3063 2226; x_wconf 92' lang='lat' dir='ltr'><strong>plus</strong></span> <span class='ocrx_word' id='word_1_379' title='bbox 3085 2169 3249 2226; x_wconf 84' lang='lat' dir='ltr'><strong>quam</strong></span> <span class='ocrx_word' id='word_1_380' title='bbox 3271 2158 3541 2228; x_wconf 85' lang='lat' dir='ltr'><strong>quingen-</strong></span> 
     </span>
    </p>
   </div>
   <div class='ocr_carea' id='block_1_51' title="bbox 1975 2247 3543 2317">
    <p class='ocr_par' dir='ltr' id='par_1_51' title="bbox 1975 2247 3543 2317">
     <span class='ocr_line' id='line_1_51' title="bbox 1975 2247 3543 2317; baseline 0.005 -21"><span class='ocrx_word' id='word_1_381' title='bbox 1975 2252 2059 2299; x_wconf 92' lang='lat' dir='ltr'><strong>tos</strong></span> <span class='ocrx_word' id='word_1_382' title='bbox 2090 2247 2319 2315; x_wconf 84' lang='lat' dir='ltr'><strong>recipiat</strong></span> <span class='ocrx_word' id='word_1_383' title='bbox 2347 2247 2524 2310; x_wconf 91' lang='lat' dir='ltr'><strong>viros,</strong></span> <span class='ocrx_word' id='word_1_384' title='bbox 2557 2255 2640 2303; x_wconf 90' lang='lat' dir='ltr'><strong>est</strong></span> <span class='ocrx_word' id='word_1_385' title='bbox 2671 2256 2723 2302; x_wconf 89' lang='lat' dir='ltr'><strong>et</strong></span> <span class='ocrx_word' id='word_1_386' title='bbox 2753 2249 2949 2304; x_wconf 88' lang='lat' dir='ltr'><strong>hortus</strong></span> <span class='ocrx_word' id='word_1_387' title='bbox 2976 2249 3118 2302; x_wconf 90' lang='lat' dir='ltr'><strong>intra</strong></span> <span class='ocrx_word' id='word_1_388' title='bbox 3149 2249 3368 2304; x_wconf 91' lang='lat' dir='ltr'><strong>domum</strong></span> <span class='ocrx_word' id='word_1_389' title='bbox 3400 2269 3414 2317; x_wconf 90' lang='lat'><strong>;</strong></span> <span class='ocrx_word' id='word_1_390' title='bbox 3446 2261 3543 2304; x_wconf 86' lang='lat' dir='ltr'><strong>aut</strong></span> 
     </span>
    </p>
   </div>
   <div class='ocr_carea' id='block_1_52' title="bbox 1973 2337 3537 2411">
    <p class='ocr_par' dir='ltr' id='par_1_52' title="bbox 1973 2337 3537 2411">
     <span class='ocr_line' id='line_1_52' title="bbox 1973 2337 3537 2411; baseline 0.004 -19"><span class='ocrx_word' id='word_1_391' title='bbox 1973 2337 2019 2392; x_wconf 93' lang='lat' dir='ltr'><strong>si</strong></span> <span class='ocrx_word' id='word_1_392' title='bbox 2065 2337 2118 2390; x_wconf 90' lang='lat' dir='ltr'><strong>in</strong></span> <span class='ocrx_word' id='word_1_393' title='bbox 2153 2337 2370 2406; x_wconf 89' lang='lat' dir='ltr'><strong>publico</strong></span> <span class='ocrx_word' id='word_1_394' title='bbox 2401 2340 2584 2408; x_wconf 89' lang='lat' dir='ltr'><strong>aliquo</strong></span> <span class='ocrx_word' id='word_1_395' title='bbox 2618 2340 2794 2408; x_wconf 88' lang='lat' dir='ltr'><strong>placet</strong></span> <span class='ocrx_word' id='word_1_396' title='bbox 2825 2341 2975 2403; x_wconf 84' lang='lat' dir='ltr'><strong>loco,</strong></span> <span class='ocrx_word' id='word_1_397' title='bbox 3008 2341 3111 2394; x_wconf 92' lang='lat' dir='ltr'><strong>hoc</strong></span> <span class='ocrx_word' id='word_1_398' title='bbox 3143 2343 3314 2411; x_wconf 84' lang='lat' dir='ltr'><strong>magis</strong></span> <span class='ocrx_word' id='word_1_399' title='bbox 3347 2358 3537 2398; x_wconf 86' lang='lat' dir='ltr'><strong>omnes</strong></span> 
     </span>
    </p>
   </div>
   <div class='ocr_carea' id='block_1_53' title="bbox 1971 2426 3542 2501">
    <p class='ocr_par' dir='ltr' id='par_1_53' title="bbox 1971 2426 3542 2501">
     <span class='ocr_line' id='line_1_53' title="bbox 1971 2426 3542 2501; baseline 0.005 -21"><span class='ocrx_word' id='word_1_400' title='bbox 1971 2426 2320 2493; x_wconf 86' lang='lat' dir='ltr'><strong>desiderant,</strong></span> <span class='ocrx_word' id='word_1_401' title='bbox 2355 2445 2514 2484; x_wconf 81' lang='lat' dir='ltr'><strong>nemo</strong></span> <span class='ocrx_word' id='word_1_402' title='bbox 2539 2431 2684 2487; x_wconf 89' lang='lat' dir='ltr'><strong>enim</strong></span> <span class='ocrx_word' id='word_1_403' title='bbox 2718 2437 2802 2485; x_wconf 90' lang='lat' dir='ltr'><strong>est</strong></span> <span class='ocrx_word' id='word_1_404' title='bbox 2823 2470 2837 2491; x_wconf 88' lang='lat'><strong>,</strong></span> <span class='ocrx_word' id='word_1_405' title='bbox 2869 2430 2962 2499; x_wconf 94' lang='lat' dir='ltr'><strong>qui</strong></span> <span class='ocrx_word' id='word_1_406' title='bbox 2991 2447 3098 2484; x_wconf 92' lang='lat' dir='ltr'><strong>non</strong></span> <span class='ocrx_word' id='word_1_407' title='bbox 3129 2433 3315 2501; x_wconf 86' lang='lat' dir='ltr'><strong>cupiat</strong></span> <span class='ocrx_word' id='word_1_408' title='bbox 3343 2434 3424 2486; x_wconf 91' lang='lat' dir='ltr'><strong>vel</strong></span> <span class='ocrx_word' id='word_1_409' title='bbox 3461 2433 3542 2487; x_wconf 84' lang='lat' dir='ltr'><strong>fa-</strong></span> 
     </span>
    </p>
   </div>
   <div class='ocr_carea' id='block_1_54' title="bbox 1969 2521 3538 2590">
    <p class='ocr_par' dir='ltr' id='par_1_54' title="bbox 1969 2521 3538 2590">
     <span class='ocr_line' id='line_1_54' title="bbox 1969 2521 3538 2590; baseline 0.003 -15"><span class='ocrx_word' id='word_1_410' title='bbox 1969 2521 2106 2575; x_wconf 91' lang='lat' dir='ltr'><strong>ciem</strong></span> <span class='ocrx_word' id='word_1_411' title='bbox 2131 2528 2279 2575; x_wconf 90' lang='lat' dir='ltr'><strong>tuam</strong></span> <span class='ocrx_word' id='word_1_412' title='bbox 2295 2522 2477 2576; x_wconf 90' lang='lat' dir='ltr'><strong>videre</strong></span> <span class='ocrx_word' id='word_1_413' title='bbox 2507 2530 2736 2577; x_wconf 84' lang='lat' dir='ltr'><strong>tantum.</strong></span> <span class='ocrx_word' id='word_1_414' title='bbox 2764 2522 2829 2575; x_wconf 83' lang='lat' dir='ltr'><strong>Et</strong></span> <span class='ocrx_word' id='word_1_415' title='bbox 2857 2521 3050 2577; x_wconf 90' lang='lat' dir='ltr'><strong>Petrus</strong></span> <span class='ocrx_word' id='word_1_416' title='bbox 3079 2545 3090 2578; x_wconf 89' lang='lat'><strong>:</strong></span> <span class='ocrx_word' id='word_1_417' title='bbox 3120 2523 3356 2580; x_wconf 85' lang='lat' dir='ltr'><strong>Ostende</strong></span> <span class='ocrx_word' id='word_1_418' title='bbox 3384 2527 3538 2590; x_wconf 90' lang='lat' dir='ltr'><strong>mihi,</strong></span> 
     </span>
    </p>
   </div>
   <div class='ocr_carea' id='block_1_55' title="bbox 1971 2612 3564 2684">
    <p class='ocr_par' dir='ltr' id='par_1_55' title="bbox 1971 2612 3564 2684">
     <span class='ocr_line' id='line_1_55' title="bbox 1971 2612 3564 2684; baseline 0.005 -20"><span class='ocrx_word' id='word_1_419' title='bbox 1971 2612 2172 2683; x_wconf 90' lang='lat' dir='ltr'><strong>inquit,</strong></span> <span class='ocrx_word' id='word_1_420' title='bbox 2222 2613 2390 2671; x_wconf 56' lang='lat' dir='ltr'><strong>aedem</strong></span> <span class='ocrx_word' id='word_1_421' title='bbox 2427 2615 2507 2670; x_wconf 91' lang='lat' dir='ltr'><strong>vel</strong></span> <span class='ocrx_word' id='word_1_422' title='bbox 2539 2615 2780 2670; x_wconf 85' lang='lat' dir='ltr'><strong>hortum.</strong></span> <span class='ocrx_word' id='word_1_423' title='bbox 2824 2615 2888 2669; x_wconf 91' lang='lat' dir='ltr'><strong>Et</strong></span> <span class='ocrx_word' id='word_1_424' title='bbox 2939 2632 3063 2670; x_wconf 91' lang='lat' dir='ltr'><strong>cum</strong></span> <span class='ocrx_word' id='word_1_425' title='bbox 3103 2618 3331 2673; x_wconf 86' lang='lat' dir='ltr'><strong>vidisset</strong></span> <span class='ocrx_word' id='word_1_426' title='bbox 3369 2621 3564 2684; x_wconf 70' lang='lat' dir='ltr'><strong>aedem,</strong></span> 
     </span>
    </p>
   </div>
   <div class='ocr_carea' id='block_1_56' title="bbox 1969 2703 3536 2778">
    <p class='ocr_par' dir='ltr' id='par_1_56' title="bbox 1969 2703 3536 2778">
     <span class='ocr_line' id='line_1_56' title="bbox 1969 2703 3536 2778; baseline 0.005 -20"><span class='ocrx_word' id='word_1_427' title='bbox 1969 2703 2371 2775; x_wconf 82' lang='lat' dir='ltr'><strong>ingrcdiebatur</strong></span> <span class='ocrx_word' id='word_1_428' title='bbox 2424 2715 2484 2760; x_wconf 89' lang='grc' dir='ltr'><strong>ιιι</strong></span> <span class='ocrx_word' id='word_1_429' title='bbox 2529 2714 2581 2762; x_wconf 92' lang='lat' dir='ltr'><strong>et</strong></span> <span class='ocrx_word' id='word_1_430' title='bbox 2619 2708 2836 2763; x_wconf 91' lang='lat' dir='ltr'><strong>hortum</strong></span> <span class='ocrx_word' id='word_1_431' title='bbox 2859 2709 3212 2778; x_wconf 87' lang='lat' dir='ltr'><strong>perspiceret,</strong></span> <span class='ocrx_word' id='word_1_432' title='bbox 3257 2718 3309 2765; x_wconf 91' lang='lat' dir='ltr'><strong>et</strong></span> <span class='ocrx_word' id='word_1_433' title='bbox 3355 2713 3536 2766; x_wconf 85' lang='lat' dir='ltr'><strong>subito</strong></span> 
     </span>
    </p>
   </div>
   <div class='ocr_carea' id='block_1_57' title="bbox 1968 2799 3538 2870">
    <p class='ocr_par' dir='ltr' id='par_1_57' title="bbox 1968 2799 3538 2870">
     <span class='ocr_line' id='line_1_57' title="bbox 1968 2799 3538 2870; baseline 0.003 -18"><span class='ocrx_word' id='word_1_434' title='bbox 1968 2799 2146 2853; x_wconf 91' lang='lat' dir='ltr'><strong>omnis</strong></span> <span class='ocrx_word' id='word_1_435' title='bbox 2173 2799 2461 2854; x_wconf 90' lang='lat' dir='ltr'><strong>multitudo</strong></span> <span class='ocrx_word' id='word_1_436' title='bbox 2489 2801 2645 2870; x_wconf 90' lang='lat' dir='ltr'><strong>quasi</strong></span> <span class='ocrx_word' id='word_1_437' title='bbox 2677 2801 2743 2854; x_wconf 91' lang='lat' dir='ltr'><strong>ab</strong></span> <span class='ocrx_word' id='word_1_438' title='bbox 2784 2802 2969 2869; x_wconf 90' lang='lat' dir='ltr'><strong>aliquo</strong></span> <span class='ocrx_word' id='word_1_439' title='bbox 2998 2813 3250 2864; x_wconf 86' lang='lat' dir='ltr'><strong>evocata,</strong></span> <span class='ocrx_word' id='word_1_440' title='bbox 3294 2820 3416 2870; x_wconf 88' lang='lat' dir='ltr'><strong>cum</strong></span> <span class='ocrx_word' id='word_1_441' title='bbox 3457 2807 3538 2858; x_wconf 82' lang='lat' dir='ltr'><strong>fe-</strong></span> 
     </span>
    </p>
   </div>
   <div class='ocr_carea' id='block_1_58' title="bbox 1966 2889 3535 2962">
    <p class='ocr_par' dir='ltr' id='par_1_58' title="bbox 1966 2889 3535 2962">
     <span class='ocr_line' id='line_1_58' title="bbox 1966 2889 3535 2962; baseline 0.002 -19"><span class='ocrx_word' id='word_1_442' title='bbox 1966 2889 2258 2958; x_wconf 87' lang='lat' dir='ltr'><strong>stinatione</strong></span> <span class='ocrx_word' id='word_1_443' title='bbox 2285 2891 2532 2962; x_wconf 87' lang='lat' dir='ltr'><strong>ingressa</strong></span> <span class='ocrx_word' id='word_1_444' title='bbox 2561 2903 2646 2946; x_wconf 88' lang='lat' dir='ltr'><strong>est</strong></span> <span class='ocrx_word' id='word_1_445' title='bbox 2669 2893 2912 2956; x_wconf 90' lang='lat' dir='ltr'><strong>domum,</strong></span> <span class='ocrx_word' id='word_1_446' title='bbox 2948 2901 3110 2962; x_wconf 88' lang='lat' dir='ltr'><strong>atque</strong></span> <span class='ocrx_word' id='word_1_447' title='bbox 3154 2894 3277 2948; x_wconf 87' lang='lat' dir='ltr'><strong>inde</strong></span> <span class='ocrx_word' id='word_1_448' title='bbox 3308 2895 3372 2948; x_wconf 87' lang='lat' dir='ltr'><strong>ad</strong></span> <span class='ocrx_word' id='word_1_449' title='bbox 3405 2895 3535 2948; x_wconf 84' lang='lat' dir='ltr'><strong>hor-</strong></span> 
     </span>
    </p>
   </div>
   <div class='ocr_carea' id='block_1_59' title="bbox 1969 2983 3520 3054">
    <p class='ocr_par' dir='ltr' id='par_1_59' title="bbox 1969 2983 3520 3054">
     <span class='ocr_line' id='line_1_59' title="bbox 1969 2983 3520 3054; baseline 0.006 -21"><span class='ocrx_word' id='word_1_450' title='bbox 1969 2988 2080 3034; x_wconf 88' lang='lat' dir='ltr'><strong>tum</strong></span> <span class='ocrx_word' id='word_1_451' title='bbox 2108 2984 2394 3054; x_wconf 90' lang='lat' dir='ltr'><strong>prorupit,</strong></span> <span class='ocrx_word' id='word_1_452' title='bbox 2428 2983 2519 3038; x_wconf 92' lang='lat' dir='ltr'><strong>ubi</strong></span> <span class='ocrx_word' id='word_1_453' title='bbox 2545 2984 2659 3052; x_wconf 89' lang='lat' dir='ltr'><strong>jam</strong></span> <span class='ocrx_word' id='word_1_454' title='bbox 2687 2985 2865 3039; x_wconf 89' lang='lat' dir='ltr'><strong>stabat</strong></span> <span class='ocrx_word' id='word_1_455' title='bbox 2895 2983 3090 3041; x_wconf 89' lang='lat' dir='ltr'><strong>Petrus</strong></span> <span class='ocrx_word' id='word_1_456' title='bbox 3112 3024 3126 3046; x_wconf 94' lang='lat'><strong>,</strong></span> <span class='ocrx_word' id='word_1_457' title='bbox 3162 2985 3520 3042; x_wconf 89' lang='lat' dir='ltr'><strong>considerans</strong></span> 
     </span>
    </p>
   </div>
   <div class='ocr_carea' id='block_1_60' title="bbox 359 3072 3174 3148">
    <p class='ocr_par' dir='ltr' id='par_1_60' title="bbox 359 3072 3174 3148">
     <span class='ocr_line' id='line_1_60' title="bbox 359 3072 3174 3148; baseline 0 -20"><span class='ocrx_word' id='word_1_458' title='bbox 359 3074 423 3128; x_wconf 72' lang='grc' dir='ltr'><strong>γ.</strong></span> <span class='ocrx_word' id='word_1_459' title='bbox 467 3072 558 3128; x_wconf 87' lang='lat' dir='ltr'><strong>Sic</strong></span> <span class='ocrx_word' id='word_1_460' title='bbox 584 3075 726 3130; x_wconf 93' lang='lat' dir='ltr'><strong>enim</strong></span> <span class='ocrx_word' id='word_1_461' title='bbox 758 3083 810 3129; x_wconf 91' lang='lat' dir='ltr'><strong>et</strong></span> <span class='ocrx_word' id='word_1_462' title='bbox 846 3075 1194 3132; x_wconf 67' lang='lat' dir='ltr'><strong>Hebraeorum</strong></span> <span class='ocrx_word' id='word_1_463' title='bbox 1239 3078 1439 3148; x_wconf 90' lang='lat' dir='ltr'><strong>populo</strong></span> <span class='ocrx_word' id='word_1_464' title='bbox 1469 3094 1534 3134; x_wconf 83' lang='lat' dir='ltr'><strong>ex</strong></span> <span class='ocrx_word' id='word_1_465' title='bbox 1580 3078 1739 3133; x_wconf 91' lang='lat' dir='ltr'><strong>initio</strong></span> <span class='ocrx_word' id='word_1_466' title='bbox 1767 3078 1863 3133; x_wconf 88' lang='lat' dir='ltr'><strong>da-</strong></span> <span class='ocrx_word' id='word_1_467' title='bbox 1887 3081 1931 3141; x_wconf 68' lang='grc' dir='ltr'>(ζ</span> <span class='ocrx_word' id='word_1_468' title='bbox 1963 3074 2087 3144; x_wconf 91' lang='lat' dir='ltr'><strong>quis</strong></span> <span class='ocrx_word' id='word_1_469' title='bbox 2113 3082 2258 3129; x_wconf 87' lang='lat' dir='ltr'><strong>esset</strong></span> <span class='ocrx_word' id='word_1_470' title='bbox 2289 3083 2450 3144; x_wconf 88' lang='lat' dir='ltr'><strong>aptus</strong></span> <span class='ocrx_word' id='word_1_471' title='bbox 2481 3074 2546 3129; x_wconf 87' lang='lat' dir='ltr'><strong>ad</strong></span> <span class='ocrx_word' id='word_1_472' title='bbox 2576 3074 2966 3144; x_wconf 90' lang='lat' dir='ltr'><strong>disputandum</strong></span> <span class='ocrx_word' id='word_1_473' title='bbox 3000 3076 3174 3131; x_wconf 90' lang='lat' dir='ltr'><strong>locus.</strong></span> 
     </span>
    </p>
   </div>
   <div class='ocr_carea' id='block_1_61' title="bbox 282 3165 1862 3238">
    <p class='ocr_par' dir='ltr' id='par_1_61' title="bbox 282 3165 1862 3238">
     <span class='ocr_line' id='line_1_61' title="bbox 282 3165 1862 3238; baseline 0.003 -18"><span class='ocrx_word' id='word_1_474' title='bbox 282 3176 405 3220; x_wconf 91' lang='lat' dir='ltr'><strong>tum</strong></span> <span class='ocrx_word' id='word_1_475' title='bbox 448 3173 563 3228; x_wconf 88' lang='lat' dir='ltr'><strong>est,</strong></span> <span class='ocrx_word' id='word_1_476' title='bbox 603 3173 661 3220; x_wconf 90' lang='lat' dir='ltr'><strong>nt</strong></span> <span class='ocrx_word' id='word_1_477' title='bbox 692 3165 985 3233; x_wconf 82' lang='lat' dir='ltr'><strong>diligerent</strong></span> <span class='ocrx_word' id='word_1_478' title='bbox 1015 3166 1236 3238; x_wconf 84' lang='lat' dir='ltr'><strong>Moysen</strong></span> <span class='ocrx_word' id='word_1_479' title='bbox 1279 3177 1332 3222; x_wconf 90' lang='lat' dir='ltr'><strong>et</strong></span> <span class='ocrx_word' id='word_1_480' title='bbox 1377 3169 1663 3224; x_wconf 88' lang='lat' dir='ltr'><strong>crederent</strong></span> <span class='ocrx_word' id='word_1_481' title='bbox 1695 3170 1862 3224; x_wconf 87' lang='lat' dir='ltr'><strong>verbo</strong></span> 
     </span>
    </p>
   </div>
   <div class='ocr_carea' id='block_1_62' title="bbox 277 3254 1862 3328">
    <p class='ocr_par' dir='ltr' id='par_1_62' title="bbox 277 3254 1862 3328">
     <span class='ocr_line' id='line_1_62' title="bbox 277 3254 1862 3328; baseline 0.003 -17"><span class='ocrx_word' id='word_1_482' title='bbox 277 3256 423 3325; x_wconf 88' lang='lat' dir='ltr'><strong>ejus.</strong></span> <span class='ocrx_word' id='word_1_483' title='bbox 447 3254 624 3328; x_wconf 89' lang='lat' dir='ltr'><strong>[Unde</strong></span> <span class='ocrx_word' id='word_1_484' title='bbox 651 3267 704 3312; x_wconf 91' lang='lat' dir='ltr'><strong>et</strong></span> <span class='ocrx_word' id='word_1_485' title='bbox 735 3255 995 3326; x_wconf 75' lang='lat' dir='ltr'><strong>scriptu‘m</strong></span> <span class='ocrx_word' id='word_1_486' title='bbox 1025 3265 1108 3312; x_wconf 89' lang='lat' dir='ltr'><strong>est</strong></span> <span class='ocrx_word' id='word_1_487' title='bbox 1141 3277 1153 3312; x_wconf 90' lang='lat'>:</span> <span class='ocrx_word' id='word_1_488' title='bbox 1181 3257 1416 3313; x_wconf 82' lang='lat' dir='ltr'><strong>Credidit</strong></span> <span class='ocrx_word' id='word_1_489' title='bbox 1439 3261 1660 3328; x_wconf 85' lang='lat' dir='ltr'><strong>populus</strong></span> <span class='ocrx_word' id='word_1_490' title='bbox 1677 3261 1781 3314; x_wconf 89' lang='lat' dir='ltr'><strong>Deo</strong></span> <span class='ocrx_word' id='word_1_491' title='bbox 1810 3270 1862 3316; x_wconf 81' lang='lat' dir='ltr'><strong>et</strong></span> 
     </span>
    </p>
   </div>
   <div class='ocr_carea' id='block_1_63' title="bbox 278 3348 1858 3422">
    <p class='ocr_par' dir='ltr' id='par_1_63' title="bbox 278 3348 1858 3422">
     <span class='ocr_line' id='line_1_63' title="bbox 278 3348 1858 3422; baseline 0.003 -19"><span class='ocrx_word' id='word_1_492' title='bbox 278 3349 462 3420; x_wconf 77' lang='lat' dir='ltr'><strong>Moysi</strong></span> <span class='ocrx_word' id='word_1_493' title='bbox 491 3350 693 3418; x_wconf 76' lang='lat' dir='ltr'><strong>famulo</strong></span> <span class='ocrx_word' id='word_1_494' title='bbox 725 3349 839 3419; x_wconf 87' lang='lat' dir='ltr'><strong>ejus</strong></span> <span class='ocrx_word' id='word_1_495' title='bbox 873 3351 936 3405; x_wconf 81' lang='grc'><strong>¹⁵.</strong></span> <span class='ocrx_word' id='word_1_496' title='bbox 963 3348 980 3421; x_wconf 80' lang='lat' dir='ltr'>J</span> <span class='ocrx_word' id='word_1_497' title='bbox 1009 3348 1165 3416; x_wconf 86' lang='lat' dir='ltr'><strong>Quod</strong></span> <span class='ocrx_word' id='word_1_498' title='bbox 1197 3367 1334 3422; x_wconf 87' lang='lat' dir='ltr'><strong>ergo</strong></span> <span class='ocrx_word' id='word_1_499' title='bbox 1366 3351 1464 3404; x_wconf 88' lang='lat' dir='ltr'><strong>fuit</strong></span> <span class='ocrx_word' id='word_1_500' title='bbox 1494 3353 1703 3422; x_wconf 89' lang='lat' dir='ltr'><strong>proprii</strong></span> <span class='ocrx_word' id='word_1_501' title='bbox 1738 3369 1858 3406; x_wconf 82' lang='lat' dir='ltr'><strong>mu-</strong></span> 
     </span>
    </p>
   </div>
   <div class='ocr_carea' id='block_1_64' title="bbox 277 3441 1860 3512">
    <p class='ocr_par' dir='ltr' id='par_1_64' title="bbox 277 3441 1860 3512">
     <span class='ocr_line' id='line_1_64' title="bbox 277 3441 1860 3512; baseline 0.001 -16"><span class='ocrx_word' id='word_1_502' title='bbox 277 3441 432 3496; x_wconf 77' lang='lat' dir='ltr'><strong>neris</strong></span> <span class='ocrx_word' id='word_1_503' title='bbox 477 3457 506 3495; x_wconf 89' lang='lat' dir='ltr'><strong>a</strong></span> <span class='ocrx_word' id='word_1_504' title='bbox 557 3441 665 3498; x_wconf 90' lang='lat' dir='ltr'><strong>Deo</strong></span> <span class='ocrx_word' id='word_1_505' title='bbox 707 3458 836 3512; x_wconf 87' lang='lat' dir='ltr'><strong>erga</strong></span> <span class='ocrx_word' id='word_1_506' title='bbox 883 3441 1234 3497; x_wconf 64' lang='lat' dir='ltr'><strong>Hebraeorum</strong></span> <span class='ocrx_word' id='word_1_507' title='bbox 1279 3450 1529 3511; x_wconf 82' lang='lat' dir='ltr'><strong>gentem,</strong></span> <span class='ocrx_word' id='word_1_508' title='bbox 1569 3443 1673 3497; x_wconf 90' lang='lat' dir='ltr'><strong>hoc</strong></span> <span class='ocrx_word' id='word_1_509' title='bbox 1712 3459 1860 3498; x_wconf 92' lang='lat' dir='ltr'><strong>nunc</strong></span> 
     </span>
    </p>
   </div>
   <div class='ocr_carea' id='block_1_65' title="bbox 274 3533 1860 3604">
    <p class='ocr_par' dir='ltr' id='par_1_65' title="bbox 274 3533 1860 3604">
     <span class='ocr_line' id='line_1_65' title="bbox 274 3533 1860 3604; baseline 0 -16"><span class='ocrx_word' id='word_1_510' title='bbox 274 3533 532 3588; x_wconf 89' lang='lat' dir='ltr'><strong>videmus</strong></span> <span class='ocrx_word' id='word_1_511' title='bbox 563 3534 681 3588; x_wconf 91' lang='lat' dir='ltr'><strong>dari</strong></span> <span class='ocrx_word' id='word_1_512' title='bbox 714 3536 879 3590; x_wconf 91' lang='lat' dir='ltr'><strong>etiam</strong></span> <span class='ocrx_word' id='word_1_513' title='bbox 913 3534 1003 3590; x_wconf 88' lang='lat' dir='ltr'><strong>his</strong></span> <span class='ocrx_word' id='word_1_514' title='bbox 1036 3533 1132 3604; x_wconf 90' lang='lat' dir='ltr'><strong>qui</strong></span> <span class='ocrx_word' id='word_1_515' title='bbox 1160 3549 1227 3588; x_wconf 90' lang='lat' dir='ltr'><strong>ex</strong></span> <span class='ocrx_word' id='word_1_516' title='bbox 1260 3535 1517 3604; x_wconf 77' lang='lat' dir='ltr'><strong>gentibus</strong></span> <span class='ocrx_word' id='word_1_517' title='bbox 1549 3549 1860 3590; x_wconf 73' lang='lat' dir='ltr'><strong>convocan-</strong></span> 
     </span>
    </p>
   </div>
   <div class='ocr_carea' id='block_1_66' title="bbox 279 3623 1859 3695">
    <p class='ocr_par' dir='ltr' id='par_1_66' title="bbox 279 3623 1859 3695">
     <span class='ocr_line' id='line_1_66' title="bbox 279 3623 1859 3695; baseline 0.002 -19"><span class='ocrx_word' id='word_1_518' title='bbox 279 3635 376 3677; x_wconf 87' lang='lat' dir='ltr'><strong>tur</strong></span> <span class='ocrx_word' id='word_1_519' title='bbox 406 3625 471 3678; x_wconf 86' lang='lat' dir='ltr'><strong>ad</strong></span> <span class='ocrx_word' id='word_1_520' title='bbox 507 3623 684 3680; x_wconf 83' lang='lat' dir='ltr'><strong>fidem.</strong></span> <span class='ocrx_word' id='word_1_521' title='bbox 730 3624 966 3695; x_wconf 90' lang='lat' dir='ltr'><strong>Operum</strong></span> <span class='ocrx_word' id='word_1_522' title='bbox 1003 3641 1133 3681; x_wconf 88' lang='lat' dir='ltr'><strong>vero</strong></span> <span class='ocrx_word' id='word_1_523' title='bbox 1173 3625 1314 3679; x_wconf 90' lang='lat' dir='ltr'><strong>ratio</strong></span> <span class='ocrx_word' id='word_1_524' title='bbox 1345 3625 1596 3695; x_wconf 88' lang='lat' dir='ltr'><strong>potestati</strong></span> <span class='ocrx_word' id='word_1_525' title='bbox 1625 3635 1680 3680; x_wconf 92' lang='lat' dir='ltr'><strong>et</strong></span> <span class='ocrx_word' id='word_1_526' title='bbox 1712 3625 1859 3679; x_wconf 85' lang='lat' dir='ltr'><strong>arbi-</strong></span> 
     </span>
    </p>
   </div>
   <div class='ocr_carea' id='block_1_67' title="bbox 271 3715 1858 3787">
    <p class='ocr_par' dir='ltr' id='par_1_67' title="bbox 271 3715 1858 3787">
     <span class='ocr_line' id='line_1_67' title="bbox 271 3715 1858 3787; baseline 0.001 -19"><span class='ocrx_word' id='word_1_527' title='bbox 271 3715 386 3768; x_wconf 82' lang='lat' dir='ltr'><strong>trio</strong></span> <span class='ocrx_word' id='word_1_528' title='bbox 419 3716 854 3787; x_wconf 89' lang='lat' dir='ltr'><strong>uniuscujusque</strong></span> <span class='ocrx_word' id='word_1_529' title='bbox 894 3718 1249 3786; x_wconf 89' lang='lat' dir='ltr'><strong>permittitur,</strong></span> <span class='ocrx_word' id='word_1_530' title='bbox 1283 3724 1337 3772; x_wconf 90' lang='lat' dir='ltr'><strong>et</strong></span> <span class='ocrx_word' id='word_1_531' title='bbox 1369 3718 1473 3772; x_wconf 91' lang='lat' dir='ltr'><strong>hoc</strong></span> <span class='ocrx_word' id='word_1_532' title='bbox 1504 3718 1744 3787; x_wconf 90' lang='lat' dir='ltr'><strong>ipsorum</strong></span> <span class='ocrx_word' id='word_1_533' title='bbox 1773 3726 1858 3772; x_wconf 91' lang='lat' dir='ltr'><strong>est</strong></span> 
     </span>
    </p>
   </div>
   <div class='ocr_carea' id='block_1_68' title="bbox 272 3805 1856 3880">
    <p class='ocr_par' dir='ltr' id='par_1_68' title="bbox 272 3805 1856 3880">
     <span class='ocr_line' id='line_1_68' title="bbox 272 3805 1856 3880; baseline 0.004 -21"><span class='ocrx_word' id='word_1_534' title='bbox 272 3806 562 3876; x_wconf 86' lang='lat' dir='ltr'><strong>proprium</strong></span> <span class='ocrx_word' id='word_1_535' title='bbox 589 3847 604 3870; x_wconf 94' lang='lat'><strong>,</strong></span> <span class='ocrx_word' id='word_1_536' title='bbox 659 3805 1030 3879; x_wconf 89' lang='lat' dir='ltr'><strong>[desiderium</strong></span> <span class='ocrx_word' id='word_1_537' title='bbox 1085 3824 1214 3864; x_wconf 90' lang='lat' dir='ltr'><strong>vero</strong></span> <span class='ocrx_word' id='word_1_538' title='bbox 1255 3809 1454 3865; x_wconf 88' lang='lat' dir='ltr'><strong>habere</strong></span> <span class='ocrx_word' id='word_1_539' title='bbox 1497 3825 1626 3880; x_wconf 86' lang='lat' dir='ltr'><strong>erga</strong></span> <span class='ocrx_word' id='word_1_540' title='bbox 1666 3810 1856 3865; x_wconf 80' lang='lat' dir='ltr'><strong>docto-</strong></span> 
     </span>
    </p>
   </div>
   <div class='ocr_carea' id='block_1_69' title="bbox 273 3897 1853 3977">
    <p class='ocr_par' dir='ltr' id='par_1_69' title="bbox 273 3897 1853 3977">
     <span class='ocr_line' id='line_1_69' title="bbox 273 3897 1853 3977; baseline 0.005 -29"><span class='ocrx_word' id='word_1_541' title='bbox 273 3911 392 3950; x_wconf 89' lang='lat' dir='ltr'><strong>rem</strong></span> <span class='ocrx_word' id='word_1_542' title='bbox 425 3897 870 3977; x_wconf 37' lang='lat' dir='ltr'><strong>veritatis,].hoc</strong></span> <span class='ocrx_word' id='word_1_543' title='bbox 920 3915 948 3953; x_wconf 90' lang='lat' dir='ltr'><strong>a</strong></span> <span class='ocrx_word' id='word_1_544' title='bbox 990 3899 1151 3954; x_wconf 87' lang='lat' dir='ltr'><strong>Patre</strong></span> <span class='ocrx_word' id='word_1_545' title='bbox 1202 3901 1410 3957; x_wconf 69' lang='lat' dir='ltr'><strong>caelesti</strong></span> <span class='ocrx_word' id='word_1_546' title='bbox 1451 3901 1716 3974; x_wconf 84' lang='lat' dir='ltr'><strong>donatum</strong></span> <span class='ocrx_word' id='word_1_547' title='bbox 1747 3912 1853 3959; x_wconf 88' lang='lat' dir='ltr'><strong>est.</strong></span> 
     </span>
    </p>
   </div>
   <div class='ocr_carea' id='block_1_70' title="bbox 274 3986 1853 4066">
    <p class='ocr_par' dir='ltr' id='par_1_70' title="bbox 274 3986 1853 4066">
     <span class='ocr_line' id='line_1_70' title="bbox 274 3986 1853 4066; baseline 0.007 -26"><span class='ocrx_word' id='word_1_548' title='bbox 274 3986 387 4040; x_wconf 89' lang='lat' dir='ltr'><strong>Sed</strong></span> <span class='ocrx_word' id='word_1_549' title='bbox 420 3988 568 4042; x_wconf 89' lang='lat' dir='ltr'><strong>salus</strong></span> <span class='ocrx_word' id='word_1_550' title='bbox 591 3989 645 4042; x_wconf 91' lang='lat' dir='ltr'><strong>in</strong></span> <span class='ocrx_word' id='word_1_551' title='bbox 676 4005 740 4045; x_wconf 90' lang='lat' dir='ltr'><strong>eo</strong></span> <span class='ocrx_word' id='word_1_552' title='bbox 755 4000 840 4047; x_wconf 89' lang='lat' dir='ltr'><strong>est</strong></span> <span class='ocrx_word' id='word_1_553' title='bbox 871 3999 930 4046; x_wconf 89' lang='lat' dir='ltr'><strong>ut</strong></span> <span class='ocrx_word' id='word_1_554' title='bbox 959 3994 1294 4049; x_wconf 87' lang='lat' dir='ltr'><strong>voluntatem</strong></span> <span class='ocrx_word' id='word_1_555' title='bbox 1327 3995 1478 4064; x_wconf 88' lang='lat' dir='ltr'><strong>ejus,</strong></span> <span class='ocrx_word' id='word_1_556' title='bbox 1514 3996 1672 4066; x_wconf 89' lang='lat' dir='ltr'><strong>cujus</strong></span> <span class='ocrx_word' id='word_1_557' title='bbox 1702 4011 1853 4051; x_wconf 84' lang='lat' dir='ltr'><strong>amo-</strong></span> 
     </span>
    </p>
   </div>
   <div class='ocr_carea' id='block_1_71' title="bbox 270 4077 1853 4152">
    <p class='ocr_par' dir='ltr' id='par_1_71' title="bbox 270 4077 1853 4152">
     <span class='ocr_line' id='line_1_71' title="bbox 270 4077 1853 4152; baseline 0.004 -23"><span class='ocrx_word' id='word_1_558' title='bbox 270 4091 390 4129; x_wconf 84' lang='lat' dir='ltr'><strong>rem</strong></span> <span class='ocrx_word' id='word_1_559' title='bbox 439 4085 491 4130; x_wconf 86' lang='lat' dir='ltr'><strong>et</strong></span> <span class='ocrx_word' id='word_1_560' title='bbox 530 4077 858 4134; x_wconf 90' lang='lat' dir='ltr'><strong>desiderium</strong></span> <span class='ocrx_word' id='word_1_561' title='bbox 902 4080 1012 4136; x_wconf 91' lang='lat' dir='ltr'><strong>Deo</strong></span> <span class='ocrx_word' id='word_1_562' title='bbox 1059 4083 1324 4152; x_wconf 80' lang='lat' dir='ltr'><strong>largiente</strong></span> <span class='ocrx_word' id='word_1_563' title='bbox 1372 4082 1724 4152; x_wconf 88' lang='lat' dir='ltr'><strong>conceperis,</strong></span> <span class='ocrx_word' id='word_1_564' title='bbox 1771 4081 1853 4136; x_wconf 88' lang='lat' dir='ltr'><strong>fa-</strong></span> 
     </span>
    </p>
   </div>
   <div class='ocr_carea' id='block_1_72' title="bbox 268 4168 1846 4244">
    <p class='ocr_par' dir='ltr' id='par_1_72' title="bbox 268 4168 1846 4244">
     <span class='ocr_line' id='line_1_72' title="bbox 268 4168 1846 4244; baseline 0.005 -22"><span class='ocrx_word' id='word_1_565' title='bbox 268 4168 424 4234; x_wconf 89' lang='lat' dir='ltr'><strong>cias;</strong></span> <span class='ocrx_word' id='word_1_566' title='bbox 461 4184 527 4222; x_wconf 90' lang='lat' dir='ltr'><strong>ne</strong></span> <span class='ocrx_word' id='word_1_567' title='bbox 555 4169 772 4224; x_wconf 86' lang='lat' dir='ltr'><strong>dicatur</strong></span> <span class='ocrx_word' id='word_1_568' title='bbox 800 4171 868 4226; x_wconf 90' lang='lat' dir='ltr'><strong>ad</strong></span> <span class='ocrx_word' id='word_1_569' title='bbox 901 4179 956 4226; x_wconf 89' lang='lat' dir='ltr'><strong>te</strong></span> <span class='ocrx_word' id='word_1_570' title='bbox 989 4173 1082 4228; x_wconf 91' lang='lat' dir='ltr'><strong>ille</strong></span> <span class='ocrx_word' id='word_1_571' title='bbox 1110 4188 1289 4227; x_wconf 90' lang='lat' dir='ltr'><strong>sermo</strong></span> <span class='ocrx_word' id='word_1_572' title='bbox 1314 4174 1436 4241; x_wconf 90' lang='lat' dir='ltr'><strong>eius</strong></span> <span class='ocrx_word' id='word_1_573' title='bbox 1467 4190 1627 4244; x_wconf 88' lang='lat' dir='ltr'><strong>quem</strong></span> <span class='ocrx_word' id='word_1_574' title='bbox 1671 4175 1806 4229; x_wconf 84' lang='lat' dir='ltr'><strong>dixit</strong></span> <span class='ocrx_word' id='word_1_575' title='bbox 1833 4194 1846 4230; x_wconf 91' lang='lat'>:</span> 
     </span>
    </p>
   </div>
   <div class='ocr_carea' id='block_1_73' title="bbox 268 4256 1849 4329">
    <p class='ocr_par' dir='ltr' id='par_1_73' title="bbox 268 4256 1849 4329">
     <span class='ocr_line' id='line_1_73' title="bbox 268 4256 1849 4329; baseline 0.006 -20"><span class='ocrx_word' id='word_1_576' title='bbox 268 4256 414 4322; x_wconf 83' lang='lat' dir='ltr'><strong>Quid</strong></span> <span class='ocrx_word' id='word_1_577' title='bbox 453 4269 626 4312; x_wconf 88' lang='lat' dir='ltr'><strong>autem</strong></span> <span class='ocrx_word' id='word_1_578' title='bbox 663 4259 840 4316; x_wconf 83' lang='lat' dir='ltr'><strong>dicitis</strong></span> <span class='ocrx_word' id='word_1_579' title='bbox 870 4263 1040 4317; x_wconf 81' lang='lat' dir='ltr'><strong>milii:</strong></span> <span class='ocrx_word' id='word_1_580' title='bbox 1074 4263 1322 4328; x_wconf 87' lang='lat' dir='ltr'><strong>Domine,</strong></span> <span class='ocrx_word' id='word_1_581' title='bbox 1360 4264 1610 4329; x_wconf 85' lang='lat' dir='ltr'><strong>Domine,</strong></span> <span class='ocrx_word' id='word_1_582' title='bbox 1641 4272 1691 4319; x_wconf 89' lang='lat' dir='ltr'><strong>et</strong></span> <span class='ocrx_word' id='word_1_583' title='bbox 1745 4282 1849 4319; x_wconf 86' lang='lat' dir='ltr'><strong>non</strong></span> 
     </span>
    </p>
   </div>
   <div class='ocr_carea' id='block_1_74' title="bbox 269 4348 1843 4427">
    <p class='ocr_par' dir='ltr' id='par_1_74' title="bbox 269 4348 1843 4427">
     <span class='ocr_line' id='line_1_74' title="bbox 269 4348 1843 4427; baseline 0.006 -25"><span class='ocrx_word' id='word_1_584' title='bbox 269 4348 453 4415; x_wconf 76' lang='lat' dir='ltr'><strong>facitis</strong></span> <span class='ocrx_word' id='word_1_585' title='bbox 484 4368 599 4422; x_wconf 79' lang='lat' dir='ltr'><strong>qua:</strong></span> <span class='ocrx_word' id='word_1_586' title='bbox 632 4352 749 4406; x_wconf 86' lang='lat' dir='ltr'><strong>dico</strong></span> <span class='ocrx_word' id='word_1_587' title='bbox 780 4354 822 4384; x_wconf 81' lang='grc'>¹⁶</span> <span class='ocrx_word' id='word_1_588' title='bbox 853 4354 1037 4427; x_wconf 86' lang='lat' dir='ltr'><strong>(l00)?</strong></span> <span class='ocrx_word' id='word_1_589' title='bbox 1085 4354 1180 4409; x_wconf 84' lang='lat' dir='ltr'><strong>Est</strong></span> <span class='ocrx_word' id='word_1_590' title='bbox 1206 4371 1334 4425; x_wconf 86' lang='lat' dir='ltr'><strong>ergo</strong></span> <span class='ocrx_word' id='word_1_591' title='bbox 1367 4356 1572 4426; x_wconf 89' lang='lat' dir='ltr'><strong>pr0prii</strong></span> <span class='ocrx_word' id='word_1_592' title='bbox 1603 4359 1843 4412; x_wconf 82' lang='lat' dir='ltr'><strong>muneris</strong></span> 
     </span>
    </p>
   </div>
   <div class='ocr_carea' id='block_1_75' title="bbox 2033 3163 3534 3236">
    <p class='ocr_par' dir='ltr' id='par_1_75' title="bbox 2033 3163 3534 3236">
     <span class='ocr_line' id='line_1_75' title="bbox 2033 3163 3534 3236; baseline 0.005 -20"><span class='ocrx_word' id='word_1_593' title='bbox 2033 3163 2142 3219; x_wconf 76' lang='lat' dir='ltr'><strong>VH.</strong></span> <span class='ocrx_word' id='word_1_594' title='bbox 2191 3164 2259 3220; x_wconf 89' lang='lat' dir='ltr'><strong>Ut</strong></span> <span class='ocrx_word' id='word_1_595' title='bbox 2289 3172 2470 3220; x_wconf 89' lang='lat' dir='ltr'><strong>autem</strong></span> <span class='ocrx_word' id='word_1_596' title='bbox 2511 3165 2647 3219; x_wconf 88' lang='lat' dir='ltr'><strong>vidit</strong></span> <span class='ocrx_word' id='word_1_597' title='bbox 2690 3165 2880 3220; x_wconf 87' lang='lat' dir='ltr'><strong>turbas</strong></span> <span class='ocrx_word' id='word_1_598' title='bbox 2924 3167 3072 3220; x_wconf 88' lang='lat' dir='ltr'><strong>velut</strong></span> <span class='ocrx_word' id='word_1_599' title='bbox 3110 3166 3346 3236; x_wconf 85' lang='lat' dir='ltr'><strong>ingentis</strong></span> <span class='ocrx_word' id='word_1_600' title='bbox 3384 3167 3534 3223; x_wconf 85' lang='lat' dir='ltr'><strong>fluvii</strong></span> 
     </span>
    </p>
   </div>
   <div class='ocr_carea' id='block_1_76' title="bbox 1961 3255 3532 3328">
    <p class='ocr_par' dir='ltr' id='par_1_76' title="bbox 1961 3255 3532 3328">
     <span class='ocr_line' id='line_1_76' title="bbox 1961 3255 3532 3328; baseline 0.004 -19"><span class='ocrx_word' id='word_1_601' title='bbox 1961 3255 2260 3312; x_wconf 88' lang='lat' dir='ltr'><strong>inundasse</strong></span> <span class='ocrx_word' id='word_1_602' title='bbox 2290 3259 2465 3312; x_wconf 92' lang='lat' dir='ltr'><strong>lenem</strong></span> <span class='ocrx_word' id='word_1_603' title='bbox 2498 3264 2736 3312; x_wconf 89' lang='lat' dir='ltr'><strong>meatum</strong></span> <span class='ocrx_word' id='word_1_604' title='bbox 2760 3296 2776 3321; x_wconf 94' lang='lat'><strong>,</strong></span> <span class='ocrx_word' id='word_1_605' title='bbox 2809 3257 3110 3313; x_wconf 89' lang='lat' dir='ltr'><strong>ascendens</strong></span> <span class='ocrx_word' id='word_1_606' title='bbox 3146 3275 3309 3328; x_wconf 88' lang='lat' dir='ltr'><strong>supra</strong></span> <span class='ocrx_word' id='word_1_607' title='bbox 3358 3261 3532 3316; x_wconf 74' lang='lat' dir='ltr'><strong>basim</strong></span> 
     </span>
    </p>
   </div>
   <div class='ocr_carea' id='block_1_77' title="bbox 1959 3349 3529 3420">
    <p class='ocr_par' dir='ltr' id='par_1_77' title="bbox 1959 3349 3529 3420">
     <span class='ocr_line' id='line_1_77' title="bbox 1959 3349 3529 3420; baseline 0.003 -19"><span class='ocrx_word' id='word_1_608' title='bbox 1959 3349 2286 3418; x_wconf 85' lang='lat' dir='ltr'><strong>quamdam,</strong></span> <span class='ocrx_word' id='word_1_609' title='bbox 2321 3364 2442 3419; x_wconf 72' lang='lat' dir='ltr'><strong>qua:</strong></span> <span class='ocrx_word' id='word_1_610' title='bbox 2475 3349 2616 3404; x_wconf 88' lang='lat' dir='ltr'><strong>forte</strong></span> <span class='ocrx_word' id='word_1_611' title='bbox 2641 3349 2798 3418; x_wconf 84' lang='lat' dir='ltr'><strong>juxta</strong></span> <span class='ocrx_word' id='word_1_612' title='bbox 2831 3349 2970 3405; x_wconf 89' lang='lat' dir='ltr'><strong>horti</strong></span> <span class='ocrx_word' id='word_1_613' title='bbox 3001 3351 3261 3420; x_wconf 80' lang='lat' dir='ltr'><strong>parietem</strong></span> <span class='ocrx_word' id='word_1_614' title='bbox 3312 3354 3491 3408; x_wconf 82' lang='lat' dir='ltr'><strong>stabat</strong></span> <span class='ocrx_word' id='word_1_615' title='bbox 3512 3394 3529 3418; x_wconf 89' lang='lat'><strong>,</strong></span> 
     </span>
    </p>
   </div>
   <div class='ocr_carea' id='block_1_78' title="bbox 1959 3441 3524 3513">
    <p class='ocr_par' dir='ltr' id='par_1_78' title="bbox 1959 3441 3524 3513">
     <span class='ocr_line' id='line_1_78' title="bbox 1959 3441 3524 3513; baseline 0.006 -21"><span class='ocrx_word' id='word_1_616' title='bbox 1959 3442 2136 3510; x_wconf 91' lang='lat' dir='ltr'><strong>primo</strong></span> <span class='ocrx_word' id='word_1_617' title='bbox 2169 3441 2450 3511; x_wconf 85' lang='lat' dir='ltr'><strong>religionis</strong></span> <span class='ocrx_word' id='word_1_618' title='bbox 2487 3457 2639 3496; x_wconf 89' lang='lat' dir='ltr'><strong>more</strong></span> <span class='ocrx_word' id='word_1_619' title='bbox 2673 3443 2931 3513; x_wconf 91' lang='lat' dir='ltr'><strong>p0pulum</strong></span> <span class='ocrx_word' id='word_1_620' title='bbox 2970 3445 3246 3500; x_wconf 86' lang='lat' dir='ltr'><strong>salutavit.</strong></span> <span class='ocrx_word' id='word_1_621' title='bbox 3291 3445 3524 3513; x_wconf 83' lang='lat' dir='ltr'><strong>Quidam</strong></span> 
     </span>
    </p>
   </div>
   <div class='ocr_carea' id='block_1_79' title="bbox 1959 3533 3532 3608">
    <p class='ocr_par' dir='ltr' id='par_1_79' title="bbox 1959 3533 3532 3608">
     <span class='ocr_line' id='line_1_79' title="bbox 1959 3533 3532 3608; baseline 0.006 -24"><span class='ocrx_word' id='word_1_622' title='bbox 1959 3540 2138 3586; x_wconf 83' lang='lat' dir='ltr'><strong>autem</strong></span> <span class='ocrx_word' id='word_1_623' title='bbox 2165 3549 2226 3586; x_wconf 89' lang='lat' dir='ltr'><strong>ex</strong></span> <span class='ocrx_word' id='word_1_624' title='bbox 2258 3533 2446 3602; x_wconf 90' lang='lat' dir='ltr'><strong>bisqui</strong></span> <span class='ocrx_word' id='word_1_625' title='bbox 2469 3534 2717 3598; x_wconf 85' lang='lat' dir='ltr'><strong>aderant,</strong></span> <span class='ocrx_word' id='word_1_626' title='bbox 2748 3544 2796 3588; x_wconf 88' lang='lat' dir='ltr'><strong>et</strong></span> <span class='ocrx_word' id='word_1_627' title='bbox 2818 3537 2988 3590; x_wconf 93' lang='lat' dir='ltr'><strong>multo</strong></span> <span class='ocrx_word' id='word_1_628' title='bbox 3019 3545 3308 3608; x_wconf 87' lang='lat' dir='ltr'><strong>lemporea</strong></span> <span class='ocrx_word' id='word_1_629' title='bbox 3328 3539 3532 3593; x_wconf 58' lang='lat' dir='ltr'><strong>daemo-</strong></span> 
     </span>
    </p>
   </div>
   <div class='ocr_carea' id='block_1_80' title="bbox 1957 3624 3529 3697">
    <p class='ocr_par' dir='ltr' id='par_1_80' title="bbox 1957 3624 3529 3697">
     <span class='ocr_line' id='line_1_80' title="bbox 1957 3624 3529 3697; baseline 0.004 -18"><span class='ocrx_word' id='word_1_630' title='bbox 1957 3626 2118 3679; x_wconf 90' lang='lat' dir='ltr'><strong>nibus</strong></span> <span class='ocrx_word' id='word_1_631' title='bbox 2142 3624 2355 3678; x_wconf 87' lang='lat' dir='ltr'><strong>fuerant</strong></span> <span class='ocrx_word' id='word_1_632' title='bbox 2391 3625 2621 3695; x_wconf 77' lang='lat' dir='ltr'><strong>fatigati,</strong></span> <span class='ocrx_word' id='word_1_633' title='bbox 2645 3626 2698 3679; x_wconf 92' lang='lat' dir='ltr'><strong>in</strong></span> <span class='ocrx_word' id='word_1_634' title='bbox 2717 3633 2862 3680; x_wconf 87' lang='lat' dir='ltr'><strong>terra</strong></span> <span class='ocrx_word' id='word_1_635' title='bbox 2892 3637 3161 3697; x_wconf 88' lang='lat' dir='ltr'><strong>proruunt</strong></span> <span class='ocrx_word' id='word_1_636' title='bbox 3184 3629 3529 3686; x_wconf 88' lang='lat' dir='ltr'><strong>obsecranti-</strong></span> 
     </span>
    </p>
   </div>
   <div class='ocr_carea' id='block_1_81' title="bbox 1957 3714 3526 3790">
    <p class='ocr_par' dir='ltr' id='par_1_81' title="bbox 1957 3714 3526 3790">
     <span class='ocr_line' id='line_1_81' title="bbox 1957 3714 3526 3790; baseline 0.003 -20"><span class='ocrx_word' id='word_1_637' title='bbox 1957 3715 2058 3770; x_wconf 89' lang='lat' dir='ltr'><strong>bus</strong></span> <span class='ocrx_word' id='word_1_638' title='bbox 2084 3714 2369 3784; x_wconf 89' lang='lat' dir='ltr'><strong>spiritibns</strong></span> <span class='ocrx_word' id='word_1_639' title='bbox 2395 3715 2708 3780; x_wconf 89' lang='lat' dir='ltr'><strong>immundis,</strong></span> <span class='ocrx_word' id='word_1_640' title='bbox 2726 3724 2785 3770; x_wconf 91' lang='lat' dir='ltr'><strong>ut</strong></span> <span class='ocrx_word' id='word_1_641' title='bbox 2806 3719 2885 3770; x_wconf 89' lang='lat' dir='ltr'><strong>vel</strong></span> <span class='ocrx_word' id='word_1_642' title='bbox 2913 3734 3022 3772; x_wconf 90' lang='lat' dir='ltr'><strong>uno</strong></span> <span class='ocrx_word' id='word_1_643' title='bbox 3047 3719 3133 3774; x_wconf 88' lang='lat' dir='ltr'><strong>dic</strong></span> <span class='ocrx_word' id='word_1_644' title='bbox 3151 3719 3526 3790; x_wconf 88' lang='lat' dir='ltr'><strong>indulgeretur</strong></span> 
     </span>
    </p>
   </div>
   <div class='ocr_carea' id='block_1_82' title="bbox 1955 3803 3524 3874">
    <p class='ocr_par' dir='ltr' id='par_1_82' title="bbox 1955 3803 3524 3874">
     <span class='ocr_line' id='line_1_82' title="bbox 1955 3803 3524 3874; baseline 0.003 -16"><span class='ocrx_word' id='word_1_645' title='bbox 1955 3804 2033 3859; x_wconf 92' lang='lat' dir='ltr'><strong>eis</strong></span> <span class='ocrx_word' id='word_1_646' title='bbox 2064 3803 2118 3858; x_wconf 93' lang='lat' dir='ltr'><strong>in</strong></span> <span class='ocrx_word' id='word_1_647' title='bbox 2148 3803 2390 3859; x_wconf 89' lang='lat' dir='ltr'><strong>obsessis</strong></span> <span class='ocrx_word' id='word_1_648' title='bbox 2420 3803 2743 3873; x_wconf 87' lang='lat' dir='ltr'><strong>corporibus</strong></span> <span class='ocrx_word' id='word_1_649' title='bbox 2774 3820 3092 3874; x_wconf 88' lang='lat' dir='ltr'><strong>permanere</strong></span> <span class='ocrx_word' id='word_1_650' title='bbox 3121 3823 3135 3868; x_wconf 88' lang='lat'><strong>;</strong></span> <span class='ocrx_word' id='word_1_651' title='bbox 3165 3822 3303 3874; x_wconf 89' lang='lat' dir='ltr'><strong>quos</strong></span> <span class='ocrx_word' id='word_1_652' title='bbox 3332 3805 3524 3863; x_wconf 89' lang='lat' dir='ltr'><strong>Petrus</strong></span> 
     </span>
    </p>
   </div>
   <div class='ocr_carea' id='block_1_83' title="bbox 1955 3895 3523 3966">
    <p class='ocr_par' dir='ltr' id='par_1_83' title="bbox 1955 3895 3523 3966">
     <span class='ocr_line' id='line_1_83' title="bbox 1955 3895 3523 3966; baseline 0.003 -17"><span class='ocrx_word' id='word_1_653' title='bbox 1955 3896 2245 3966; x_wconf 86' lang='lat' dir='ltr'><strong>increpans</strong></span> <span class='ocrx_word' id='word_1_654' title='bbox 2271 3895 2437 3964; x_wconf 91' lang='lat' dir='ltr'><strong>jussit</strong></span> <span class='ocrx_word' id='word_1_655' title='bbox 2469 3895 2765 3949; x_wconf 87' lang='lat' dir='ltr'><strong>abscedere</strong></span> <span class='ocrx_word' id='word_1_656' title='bbox 2785 3934 2798 3958; x_wconf 93' lang='lat'><strong>,</strong></span> <span class='ocrx_word' id='word_1_657' title='bbox 2832 3903 2884 3949; x_wconf 91' lang='lat' dir='ltr'><strong>et</strong></span> <span class='ocrx_word' id='word_1_658' title='bbox 2917 3895 3034 3951; x_wconf 90' lang='lat' dir='ltr'><strong>sine</strong></span> <span class='ocrx_word' id='word_1_659' title='bbox 3064 3911 3214 3949; x_wconf 85' lang='lat' dir='ltr'><strong>mora</strong></span> <span class='ocrx_word' id='word_1_660' title='bbox 3248 3897 3523 3954; x_wconf 82' lang='lat' dir='ltr'><strong>discesse-</strong></span> 
     </span>
    </p>
   </div>
   <div class='ocr_carea' id='block_1_84' title="bbox 1951 3985 3523 4061">
    <p class='ocr_par' dir='ltr' id='par_1_84' title="bbox 1951 3985 3523 4061">
     <span class='ocr_line' id='line_1_84' title="bbox 1951 3985 3523 4061; baseline 0.001 -20"><span class='ocrx_word' id='word_1_661' title='bbox 1951 3995 2099 4042; x_wconf 89' lang='lat' dir='ltr'><strong>runt.</strong></span> <span class='ocrx_word' id='word_1_662' title='bbox 2133 3987 2260 4042; x_wconf 88' lang='lat' dir='ltr'><strong>Post</strong></span> <span class='ocrx_word' id='word_1_663' title='bbox 2294 3987 2393 4042; x_wconf 92' lang='lat' dir='ltr'><strong>hos</strong></span> <span class='ocrx_word' id='word_1_664' title='bbox 2424 3987 2515 4040; x_wconf 89' lang='lat' dir='ltr'><strong>alii</strong></span> <span class='ocrx_word' id='word_1_665' title='bbox 2545 3987 2723 4056; x_wconf 90' lang='lat' dir='ltr'><strong>longis</strong></span> <span class='ocrx_word' id='word_1_666' title='bbox 2759 3985 2940 4039; x_wconf 78' lang='lat' dir='ltr'><strong>afﬂicti</strong></span> <span class='ocrx_word' id='word_1_667' title='bbox 2974 3987 3334 4057; x_wconf 83' lang='lat' dir='ltr'><strong>languoribus</strong></span> <span class='ocrx_word' id='word_1_668' title='bbox 3364 4006 3523 4061; x_wconf 80' lang='lat' dir='ltr'><strong>roga-</strong></span> 
     </span>
    </p>
   </div>
   <div class='ocr_carea' id='block_1_85' title="bbox 1950 4077 3515 4148">
    <p class='ocr_par' dir='ltr' id='par_1_85' title="bbox 1950 4077 3515 4148">
     <span class='ocr_line' id='line_1_85' title="bbox 1950 4077 3515 4148; baseline -0.003 -13"><span class='ocrx_word' id='word_1_669' title='bbox 1950 4081 2084 4136; x_wconf 90' lang='lat' dir='ltr'><strong>bant</strong></span> <span class='ocrx_word' id='word_1_670' title='bbox 2114 4079 2368 4142; x_wconf 90' lang='lat' dir='ltr'><strong>Petrum,</strong></span> <span class='ocrx_word' id='word_1_671' title='bbox 2406 4084 2461 4131; x_wconf 90' lang='lat' dir='ltr'><strong>ut</strong></span> <span class='ocrx_word' id='word_1_672' title='bbox 2491 4077 2800 4146; x_wconf 86' lang='lat' dir='ltr'><strong>reciperent</strong></span> <span class='ocrx_word' id='word_1_673' title='bbox 2828 4077 3152 4142; x_wconf 89' lang='lat' dir='ltr'><strong>sanitatem,</strong></span> <span class='ocrx_word' id='word_1_674' title='bbox 3186 4093 3284 4146; x_wconf 91' lang='lat' dir='ltr'><strong>pro</strong></span> <span class='ocrx_word' id='word_1_675' title='bbox 3315 4080 3515 4148; x_wconf 83' lang='lat' dir='ltr'><strong>quibus</strong></span> 
     </span>
    </p>
   </div>
   <div class='ocr_carea' id='block_1_86' title="bbox 1950 4165 3526 4238">
    <p class='ocr_par' dir='ltr' id='par_1_86' title="bbox 1950 4165 3526 4238">
     <span class='ocr_line' id='line_1_86' title="bbox 1950 4165 3526 4238; baseline -0.006 -12"><span class='ocrx_word' id='word_1_676' title='bbox 1950 4186 2012 4228; x_wconf 89' lang='lat' dir='ltr'><strong>se</strong></span> <span class='ocrx_word' id='word_1_677' title='bbox 2060 4168 2490 4238; x_wconf 88' lang='lat' dir='ltr'><strong>supplicaturum</strong></span> <span class='ocrx_word' id='word_1_678' title='bbox 2543 4166 2771 4220; x_wconf 90' lang='lat' dir='ltr'><strong>Domino</strong></span> <span class='ocrx_word' id='word_1_679' title='bbox 2821 4165 3128 4234; x_wconf 89' lang='lat' dir='ltr'><strong>pollicetur,</strong></span> <span class='ocrx_word' id='word_1_680' title='bbox 3177 4181 3300 4219; x_wconf 91' lang='lat' dir='ltr'><strong>cum</strong></span> <span class='ocrx_word' id='word_1_681' title='bbox 3349 4169 3526 4236; x_wconf 82' lang='lat' dir='ltr'><strong>prius,</strong></span> 
     </span>
    </p>
   </div>
   <div class='ocr_carea' id='block_1_87' title="bbox 1950 4254 3516 4324">
    <p class='ocr_par' dir='ltr' id='par_1_87' title="bbox 1950 4254 3516 4324">
     <span class='ocr_line' id='line_1_87' title="bbox 1950 4254 3516 4324; baseline -0.006 -7"><span class='ocrx_word' id='word_1_682' title='bbox 1950 4255 2400 4317; x_wconf 77' lang='lat' dir='ltr'><strong>sermodoctrinze</strong></span> <span class='ocrx_word' id='word_1_683' title='bbox 2416 4255 2610 4310; x_wconf 89' lang='lat' dir='ltr'><strong>fuisset</strong></span> <span class='ocrx_word' id='word_1_684' title='bbox 2639 4255 2908 4323; x_wconf 88' lang='lat' dir='ltr'><strong>expletus.</strong></span> <span class='ocrx_word' id='word_1_685' title='bbox 2945 4255 3048 4309; x_wconf 87' lang='lat' dir='ltr'><strong>Sed</strong></span> <span class='ocrx_word' id='word_1_686' title='bbox 3079 4254 3262 4308; x_wconf 90' lang='lat' dir='ltr'><strong>statim</strong></span> <span class='ocrx_word' id='word_1_687' title='bbox 3297 4265 3357 4308; x_wconf 91' lang='lat' dir='ltr'><strong>ut</strong></span> <span class='ocrx_word' id='word_1_688' title='bbox 3384 4271 3516 4324; x_wconf 86' lang='lat' dir='ltr'><strong>pro-</strong></span> 
     </span>
    </p>
   </div>
   <div class='ocr_carea' id='block_1_88' title="bbox 1949 4345 3519 4417">
    <p class='ocr_par' dir='ltr' id='par_1_88' title="bbox 1949 4345 3519 4417">
     <span class='ocr_line' id='line_1_88' title="bbox 1949 4345 3519 4417; baseline -0.004 -12"><span class='ocrx_word' id='word_1_689' title='bbox 1949 4353 2127 4413; x_wconf 89' lang='lat' dir='ltr'><strong>misit,</strong></span> <span class='ocrx_word' id='word_1_690' title='bbox 2159 4347 2514 4417; x_wconf 77' lang='lat' dir='ltr'><strong>languoribus</strong></span> <span class='ocrx_word' id='word_1_691' title='bbox 2547 4346 2771 4400; x_wconf 89' lang='lat' dir='ltr'><strong>resoluti</strong></span> <span class='ocrx_word' id='word_1_692' title='bbox 2803 4354 2958 4410; x_wconf 90' lang='lat' dir='ltr'><strong>sunt,</strong></span> <span class='ocrx_word' id='word_1_693' title='bbox 2986 4345 3222 4414; x_wconf 90' lang='lat' dir='ltr'><strong>etjussit</strong></span> <span class='ocrx_word' id='word_1_694' title='bbox 3245 4362 3338 4401; x_wconf 91' lang='lat' dir='ltr'><strong>eos</strong></span> <span class='ocrx_word' id='word_1_695' title='bbox 3365 4363 3519 4402; x_wconf 73' lang='lat' dir='ltr'><strong>seor-</strong></span> 
     </span>
    </p>
   </div>
   <div class='ocr_carea' id='block_1_89' title="bbox 171 4528 1842 4604">
    <p class='ocr_par' dir='ltr' id='par_1_89' title="bbox 171 4528 1842 4604">
     <span class='ocr_line' id='line_1_89' title="bbox 171 4528 1842 4604; baseline 0.004 -22"><span class='ocrx_word' id='word_1_696' title='bbox 171 4592 175 4596; x_wconf 37' lang='grc'>,</span> <span class='ocrx_word' id='word_1_697' title='bbox 264 4528 372 4582; x_wconf 90' lang='lat' dir='ltr'><strong>bus</strong></span> <span class='ocrx_word' id='word_1_698' title='bbox 403 4539 582 4585; x_wconf 88' lang='lat' dir='ltr'><strong>autem</strong></span> <span class='ocrx_word' id='word_1_699' title='bbox 611 4571 627 4598; x_wconf 91' lang='lat'><strong>,</strong></span> <span class='ocrx_word' id='word_1_700' title='bbox 660 4541 718 4586; x_wconf 91' lang='lat' dir='ltr'><strong>ut</strong></span> <span class='ocrx_word' id='word_1_701' title='bbox 746 4531 931 4589; x_wconf 84' lang='lat' dir='ltr'><strong>Jesum</strong></span> <span class='ocrx_word' id='word_1_702' title='bbox 962 4534 1210 4604; x_wconf 86' lang='lat' dir='ltr'><strong>diligant.</strong></span> <span class='ocrx_word' id='word_1_703' title='bbox 1247 4535 1358 4588; x_wconf 88' lang='lat' dir='ltr'><strong>Hoc</strong></span> <span class='ocrx_word' id='word_1_704' title='bbox 1387 4537 1530 4589; x_wconf 91' lang='lat' dir='ltr'><strong>enim</strong></span> <span class='ocrx_word' id='word_1_705' title='bbox 1566 4536 1842 4589; x_wconf 82' lang='lat' dir='ltr'><strong>indicabat</strong></span> 
     </span>
    </p>
   </div>
   <div class='ocr_carea' id='block_1_90' title="bbox 267 4421 3518 4517">
    <p class='ocr_par' dir='ltr' id='par_1_90' title="bbox 267 4421 3518 4517">
     <span class='ocr_line' id='line_1_90' title="bbox 267 4421 3518 4517; baseline 0 -26"><span class='ocrx_word' id='word_1_706' title='bbox 267 4455 296 4492; x_wconf 90' lang='lat' dir='ltr'><strong>a</strong></span> <span class='ocrx_word' id='word_1_707' title='bbox 331 4440 440 4496; x_wconf 89' lang='lat' dir='ltr'><strong>Deo</strong></span> <span class='ocrx_word' id='word_1_708' title='bbox 471 4421 718 4499; x_wconf 82' lang='lat' dir='ltr'><strong>concessi</strong></span> <span class='ocrx_word' id='word_1_709' title='bbox 776 4421 1047 4508; x_wconf 63' lang='lat' dir='ltr'><strong>Hebraeis,</strong></span> <span class='ocrx_word' id='word_1_710' title='bbox 1087 4454 1146 4500; x_wconf 92' lang='lat' dir='ltr'><strong>ut</strong></span> <span class='ocrx_word' id='word_1_711' title='bbox 1178 4421 1346 4516; x_wconf 63' lang='lat' dir='ltr'><strong>Moj&#39;si</strong></span> <span class='ocrx_word' id='word_1_712' title='bbox 1367 4421 1638 4514; x_wconf 70' lang='lat' dir='ltr'><strong>credant,</strong></span> <span class='ocrx_word' id='word_1_713' title='bbox 1669 4447 1842 4517; x_wconf 86' lang='lat' dir='ltr'><strong>genti-</strong></span> <span class='ocrx_word' id='word_1_714' title='bbox 1873 4421 1917 4474; x_wconf 77' lang='lat' dir='ltr'><strong>D</strong></span> <span class='ocrx_word' id='word_1_715' title='bbox 1947 4445 2048 4500; x_wconf 91' lang='lat' dir='ltr'><strong>sim</strong></span> <span class='ocrx_word' id='word_1_716' title='bbox 2089 4439 2326 4496; x_wconf 80' lang='lat' dir='ltr'><strong>residere</strong></span> <span class='ocrx_word' id='word_1_717' title='bbox 2369 4453 2492 4491; x_wconf 90' lang='lat' dir='ltr'><strong>cum</strong></span> <span class='ocrx_word' id='word_1_718' title='bbox 2547 4437 2661 4499; x_wconf 87' lang='lat' dir='ltr'><strong>his,</strong></span> <span class='ocrx_word' id='word_1_719' title='bbox 2712 4438 2803 4507; x_wconf 86' lang='lat' dir='ltr'><strong>qui</strong></span> <span class='ocrx_word' id='word_1_720' title='bbox 2855 4452 2884 4490; x_wconf 92' lang='lat' dir='ltr'><strong>a</strong></span> <span class='ocrx_word' id='word_1_721' title='bbox 2929 4439 3269 4492; x_wconf 73' lang='lat' dir='ltr'><strong>dmmonibus</strong></span> <span class='ocrx_word' id='word_1_722' title='bbox 3299 4437 3518 4493; x_wconf 87' lang='lat' dir='ltr'><strong>fuerant</strong></span> 
     </span>
    </p>
   </div>
   <div class='ocr_carea' id='block_1_91' title="bbox 1947 4525 3514 4596">
    <p class='ocr_par' dir='ltr' id='par_1_91' title="bbox 1947 4525 3514 4596">
     <span class='ocr_line' id='line_1_91' title="bbox 1947 4525 3514 4596; baseline -0.001 -12"><span class='ocrx_word' id='word_1_723' title='bbox 1947 4529 2152 4590; x_wconf 87' lang='lat' dir='ltr'><strong>curati,</strong></span> <span class='ocrx_word' id='word_1_724' title='bbox 2203 4526 2358 4596; x_wconf 90' lang='lat' dir='ltr'><strong>quasi</strong></span> <span class='ocrx_word' id='word_1_725' title='bbox 2411 4532 2532 4595; x_wconf 89' lang='lat' dir='ltr'><strong>post</strong></span> <span class='ocrx_word' id='word_1_726' title='bbox 2590 4525 2793 4579; x_wconf 86' lang='lat' dir='ltr'><strong>laboris</strong></span> <span class='ocrx_word' id='word_1_727' title='bbox 2846 4525 3244 4595; x_wconf 87' lang='lat' dir='ltr'><strong>fatigationem.</strong></span> <span class='ocrx_word' id='word_1_728' title='bbox 3300 4526 3514 4582; x_wconf 80' lang='lat' dir='ltr'><strong>Interea</strong></span> 
     </span>
    </p>
   </div>
   <div class='ocr_carea' id='block_1_92' title="bbox 1943 4614 3512 4685">
    <p class='ocr_par' dir='ltr' id='par_1_92' title="bbox 1943 4614 3512 4685">
     <span class='ocr_line' id='line_1_92' title="bbox 1943 4614 3512 4685; baseline -0.003 -12"><span class='ocrx_word' id='word_1_729' title='bbox 1943 4621 2072 4674; x_wconf 88' lang='lat' dir='ltr'><strong>dum</strong></span> <span class='ocrx_word' id='word_1_730' title='bbox 2124 4618 2238 4671; x_wconf 68' lang='lat' dir='ltr'><strong>haec</strong></span> <span class='ocrx_word' id='word_1_731' title='bbox 2288 4622 2541 4685; x_wconf 83' lang='lat' dir='ltr'><strong>aguntur,</strong></span> <span class='ocrx_word' id='word_1_732' title='bbox 2596 4614 2827 4683; x_wconf 88' lang='lat' dir='ltr'><strong>plurima</strong></span> <span class='ocrx_word' id='word_1_733' title='bbox 2879 4615 3172 4670; x_wconf 89' lang='lat' dir='ltr'><strong>multitudo</strong></span> <span class='ocrx_word' id='word_1_734' title='bbox 3215 4618 3512 4679; x_wconf 86' lang='lat' dir='ltr'><strong>convenit,</strong></span> 
     </span>
    </p>
   </div>
   <div class='ocr_carea' id='block_1_93' title="bbox 263 4619 1836 4695">
    <p class='ocr_par' dir='ltr' id='par_1_93' title="bbox 263 4619 1836 4695">
     <span class='ocr_line' id='line_1_93' title="bbox 263 4619 1836 4695; baseline 0.005 -23"><span class='ocrx_word' id='word_1_735' title='bbox 263 4626 316 4672; x_wconf 87' lang='lat' dir='ltr'><strong>ct</strong></span> <span class='ocrx_word' id='word_1_736' title='bbox 347 4619 625 4692; x_wconf 85' lang='lat' dir='ltr'><strong>Magister,</strong></span> <span class='ocrx_word' id='word_1_737' title='bbox 657 4624 749 4678; x_wconf 88' lang='lat' dir='ltr'><strong>ubi</strong></span> <span class='ocrx_word' id='word_1_738' title='bbox 781 4626 854 4679; x_wconf 88' lang='lat' dir='ltr'><strong>ait</strong></span> <span class='ocrx_word' id='word_1_739' title='bbox 881 4642 894 4676; x_wconf 92' lang='lat'><strong>:</strong></span> <span class='ocrx_word' id='word_1_740' title='bbox 928 4625 1226 4695; x_wconf 82' lang='lat' dir='ltr'><strong>Conﬁtebor</strong></span> <span class='ocrx_word' id='word_1_741' title='bbox 1255 4626 1369 4689; x_wconf 85' lang='lat' dir='ltr'><strong>tibi,</strong></span> <span class='ocrx_word' id='word_1_742' title='bbox 1403 4626 1592 4690; x_wconf 84' lang='lat' dir='ltr'><strong>Pater,</strong></span> <span class='ocrx_word' id='word_1_743' title='bbox 1615 4626 1836 4680; x_wconf 80' lang='lat' dir='ltr'><strong>Domine</strong></span> 
     </span>
    </p>
   </div>
   <div class='ocr_carea' id='block_1_94' title="bbox 1943 4704 3513 4781">
    <p class='ocr_par' dir='ltr' id='par_1_94' title="bbox 1943 4704 3513 4781">
     <span class='ocr_line' id='line_1_94' title="bbox 1943 4704 3513 4781; baseline -0.003 -15"><span class='ocrx_word' id='word_1_744' title='bbox 1943 4727 2080 4781; x_wconf 90' lang='lat' dir='ltr'><strong>quos</strong></span> <span class='ocrx_word' id='word_1_745' title='bbox 2111 4725 2218 4762; x_wconf 92' lang='lat' dir='ltr'><strong>non</strong></span> <span class='ocrx_word' id='word_1_746' title='bbox 2253 4707 2428 4762; x_wconf 92' lang='lat' dir='ltr'><strong>solum</strong></span> <span class='ocrx_word' id='word_1_747' title='bbox 2460 4705 2794 4761; x_wconf 89' lang='lat' dir='ltr'><strong>desiderium</strong></span> <span class='ocrx_word' id='word_1_748' title='bbox 2845 4704 3029 4773; x_wconf 87' lang='lat' dir='ltr'><strong>Petri,</strong></span> <span class='ocrx_word' id='word_1_749' title='bbox 3075 4707 3169 4762; x_wconf 90' lang='lat' dir='ltr'><strong>sed</strong></span> <span class='ocrx_word' id='word_1_750' title='bbox 3211 4720 3264 4761; x_wconf 85' lang='lat' dir='ltr'><strong>et</strong></span> <span class='ocrx_word' id='word_1_751' title='bbox 3304 4708 3513 4761; x_wconf 84' lang='lat' dir='ltr'><strong>sanita-</strong></span> 
     </span>
    </p>
   </div>
   <div class='ocr_carea' id='block_1_95' title="bbox 263 4713 1836 4788">
    <p class='ocr_par' dir='ltr' id='par_1_95' title="bbox 263 4713 1836 4788">
     <span class='ocr_line' id='line_1_95' title="bbox 263 4713 1836 4788; baseline 0.006 -25"><span class='ocrx_word' id='word_1_752' title='bbox 263 4713 382 4765; x_wconf 78' lang='lat' dir='ltr'><strong>ctcli</strong></span> <span class='ocrx_word' id='word_1_753' title='bbox 420 4723 469 4766; x_wconf 89' lang='lat' dir='ltr'><strong>et</strong></span> <span class='ocrx_word' id='word_1_754' title='bbox 513 4725 664 4772; x_wconf 79' lang='lat' dir='ltr'><strong>terra:</strong></span> <span class='ocrx_word' id='word_1_755' title='bbox 692 4718 789 4787; x_wconf 80' lang='grc' dir='ltr'><strong>(Ι),</strong></span> <span class='ocrx_word' id='word_1_756' title='bbox 819 4719 945 4788; x_wconf 86' lang='lat' dir='ltr'><strong>quia</strong></span> <span class='ocrx_word' id='word_1_757' title='bbox 982 4719 1260 4772; x_wconf 86' lang='lat' dir='ltr'><strong>occultasti</strong></span> <span class='ocrx_word' id='word_1_758' title='bbox 1290 4719 1400 4772; x_wconf 72' lang='lat' dir='ltr'><strong>licet:</strong></span> <span class='ocrx_word' id='word_1_759' title='bbox 1437 4735 1470 4770; x_wconf 93' lang='lat' dir='ltr'><strong>a</strong></span> <span class='ocrx_word' id='word_1_760' title='bbox 1514 4717 1836 4786; x_wconf 85' lang='lat' dir='ltr'><strong>sapientibus</strong></span> 
     </span>
    </p>
   </div>
   <div class='ocr_carea' id='block_1_96' title="bbox 2067 4886 3503 4956">
    <p class='ocr_par' dir='ltr' id='par_1_96' title="bbox 2067 4886 3503 4956">
     <span class='ocr_line' id='line_1_96' title="bbox 2067 4886 3503 4956; baseline -0.003 -12"><span class='ocrx_word' id='word_1_761' title='bbox 2067 4892 2110 4922; x_wconf 62' lang='grc' dir='ltr'><strong>¹δ</strong></span> <span class='ocrx_word' id='word_1_762' title='bbox 2143 4887 2463 4944; x_wconf 83' lang='lat' dir='ltr'><strong>Desiderinm</strong></span> <span class='ocrx_word' id='word_1_763' title='bbox 2489 4904 2610 4956; x_wconf 84' lang='lat' dir='ltr'><strong>ergo</strong></span> <span class='ocrx_word' id='word_1_764' title='bbox 2639 4894 2692 4941; x_wconf 89' lang='lat' dir='ltr'><strong>et</strong></span> <span class='ocrx_word' id='word_1_765' title='bbox 2723 4901 2842 4955; x_wconf 87' lang='lat' dir='ltr'><strong>sqq.</strong></span> <span class='ocrx_word' id='word_1_766' title='bbox 2883 4886 3154 4956; x_wconf 81' lang='lat' dir='ltr'><strong>usquead</strong></span> <span class='ocrx_word' id='word_1_767' title='bbox 3191 4887 3347 4939; x_wconf 88' lang='lat' dir='ltr'><strong>finem</strong></span> <span class='ocrx_word' id='word_1_768' title='bbox 3381 4903 3503 4956; x_wconf 85' lang='lat' dir='ltr'><strong>cap.</strong></span> 
     </span>
    </p>
   </div>
   <div class='ocr_carea' id='block_1_97' title="bbox 1039 4892 3502 5020">
    <p class='ocr_par' dir='ltr' id='par_1_97' title="bbox 1039 4892 3502 5020">
     <span class='ocr_line' id='line_1_97' title="bbox 1039 4892 3502 4959; baseline -0.004 -9"><span class='ocrx_word' id='word_1_769' title='bbox 1039 4897 1080 4929; x_wconf 86' lang='grc'><strong>¹³</strong></span> <span class='ocrx_word' id='word_1_770' title='bbox 1105 4895 1240 4952; x_wconf 89' lang='lat' dir='ltr'><strong>Luc.</strong></span> <span class='ocrx_word' id='word_1_771' title='bbox 1268 4910 1366 4948; x_wconf 85' lang='lat' dir='ltr'><strong>xm</strong></span> <span class='ocrx_word' id='word_1_772' title='bbox 1391 4934 1404 4955; x_wconf 89' lang='lat'><strong>,</strong></span> <span class='ocrx_word' id='word_1_773' title='bbox 1435 4893 1536 4959; x_wconf 71' lang='lat'><strong>29;</strong></span> <span class='ocrx_word' id='word_1_774' title='bbox 1559 4892 1872 4956; x_wconf 84' lang='lat' dir='ltr'><strong>Matth.vm,</strong></span> <span class='ocrx_word' id='word_1_775' title='bbox 1904 4894 1988 4946; x_wconf 78' lang='lat' dir='ltr'><strong>ii.</strong></span> <span class='ocrx_word' id='word_1_776' title='bbox 2067 4892 2110 4922; x_wconf 73' lang='lat'><em>“</em></span> <span class='ocrx_word' id='word_1_777' title='bbox 2143 4892 2463 4944; x_wconf 83' lang='lat' dir='ltr'><strong>Desiderinm</strong></span> <span class='ocrx_word' id='word_1_778' title='bbox 2489 4904 2610 4956; x_wconf 84' lang='lat' dir='ltr'><strong>ergo</strong></span> <span class='ocrx_word' id='word_1_779' title='bbox 2639 4894 2692 4941; x_wconf 89' lang='lat' dir='ltr'><strong>et</strong></span> <span class='ocrx_word' id='word_1_780' title='bbox 2723 4901 2842 4955; x_wconf 87' lang='lat' dir='ltr'><strong>sqq.</strong></span> <span class='ocrx_word' id='word_1_781' title='bbox 2883 4901 3058 4954; x_wconf 88' lang='lat' dir='ltr'><strong>usque</strong></span> <span class='ocrx_word' id='word_1_782' title='bbox 3090 4892 3154 4938; x_wconf 85' lang='lat' dir='ltr'><strong>ad</strong></span> <span class='ocrx_word' id='word_1_783' title='bbox 3191 4892 3347 4939; x_wconf 82' lang='lat' dir='ltr'><strong>finem</strong></span> <span class='ocrx_word' id='word_1_784' title='bbox 3381 4903 3502 4956; x_wconf 85' lang='lat' dir='ltr'><strong>cap.</strong></span> 
     </span>
     <span class='ocr_line' id='line_1_98' title="bbox 1039 4955 3502 5020; baseline -0.004 0"><span class='ocrx_word' id='word_1_785' title='bbox 1039 4967 1187 5020; x_wconf 77' lang='lat' dir='ltr'><strong>.inss.</strong></span> <span class='ocrx_word' id='word_1_786' title='bbox 1269 4966 1311 4996; x_wconf 81' lang='grc'>¹⁸</span> <span class='ocrx_word' id='word_1_787' title='bbox 1335 4963 1507 5018; x_wconf 82' lang='lat' dir='ltr'><strong>Exod.</strong></span> <span class='ocrx_word' id='word_1_788' title='bbox 1541 4980 1653 5020; x_wconf 79' lang='lat' dir='ltr'><strong>xiv.</strong></span> <span class='ocrx_word' id='word_1_789' title='bbox 1683 4964 1771 5018; x_wconf 83' lang='grc'><strong>51.</strong></span> <span class='ocrx_word' id='word_1_790' title='bbox 1850 4965 1892 4994; x_wconf 82' lang='grc'>¹⁶</span> <span class='ocrx_word' id='word_1_791' title='bbox 1918 4962 2054 5017; x_wconf 87' lang='lat' dir='ltr'><strong>Luc.</strong></span> <span class='ocrx_word' id='word_1_792' title='bbox 2087 4977 2160 5020; x_wconf 75' lang='grc' dir='ltr'><strong>γι.</strong></span> <span class='ocrx_word' id='word_1_793' title='bbox 2197 4961 2285 5015; x_wconf 76' lang='grc'><strong>46.</strong></span> <span class='ocrx_word' id='word_1_794' title='bbox 2367 4960 2406 4990; x_wconf 74' lang='grc'><strong>³⁷</strong></span> <span class='ocrx_word' id='word_1_795' title='bbox 2441 4957 2630 5012; x_wconf 78' lang='lat' dir='ltr'><strong>Matth.</strong></span> <span class='ocrx_word' id='word_1_796' title='bbox 2659 4972 2738 5020; x_wconf 81' lang='lat' dir='ltr'><strong>xi,</strong></span> <span class='ocrx_word' id='word_1_797' title='bbox 2773 4957 2863 5012; x_wconf 72' lang='lat'><strong>25.</strong></span> <span class='ocrx_word' id='word_1_798' title='bbox 2971 4957 3012 4988; x_wconf 74' lang='grc'><strong>⁸⁸</strong></span> <span class='ocrx_word' id='word_1_799' title='bbox 3035 4955 3224 5013; x_wconf 82' lang='lat' dir='ltr'><strong>Matth.</strong></span> <span class='ocrx_word' id='word_1_800' title='bbox 3260 4973 3379 5020; x_wconf 82' lang='lat' dir='ltr'><strong>xm,</strong></span> <span class='ocrx_word' id='word_1_801' title='bbox 3411 4958 3502 5011; x_wconf 68' lang='lat'><strong>5:.</strong></span> 
     </span>
    </p>
   </div>
   <div class='ocr_carea' id='block_1_98' title="bbox 330 4892 1864 5029">
    <p class='ocr_par' dir='ltr' id='par_1_98' title="bbox 330 4892 1864 5029">
     <span class='ocr_line' id='line_1_99' title="bbox 330 4892 1864 4960; baseline 0.001 -16"><span class='ocrx_word' id='word_1_802' title='bbox 330 4895 372 4925; x_wconf 77' lang='lat'>&quot;</span> <span class='ocrx_word' id='word_1_803' title='bbox 408 4892 593 4949; x_wconf 84' lang='lat' dir='ltr'><strong>Matth.</strong></span> <span class='ocrx_word' id='word_1_804' title='bbox 628 4912 679 4949; x_wconf 88' lang='lat' dir='ltr'><strong>Ix</strong></span> <span class='ocrx_word' id='word_1_805' title='bbox 701 4937 714 4959; x_wconf 92' lang='lat'><strong>,</strong></span> <span class='ocrx_word' id='word_1_806' title='bbox 750 4897 838 4960; x_wconf 87' lang='grc'><strong>57,</strong></span> <span class='ocrx_word' id='word_1_807' title='bbox 871 4897 959 4951; x_wconf 83' lang='grc'><strong>58.</strong></span> <span class='ocrx_word' id='word_1_808' title='bbox 1039 4897 1080 4929; x_wconf 85' lang='grc'><strong>¹³</strong></span> <span class='ocrx_word' id='word_1_809' title='bbox 1105 4895 1240 4952; x_wconf 89' lang='lat' dir='ltr'><strong>Luc.</strong></span> <span class='ocrx_word' id='word_1_810' title='bbox 1268 4910 1366 4948; x_wconf 85' lang='lat' dir='ltr'><strong>xm</strong></span> <span class='ocrx_word' id='word_1_811' title='bbox 1391 4934 1404 4955; x_wconf 89' lang='lat'><strong>,</strong></span> <span class='ocrx_word' id='word_1_812' title='bbox 1435 4893 1536 4959; x_wconf 71' lang='lat'><strong>29;</strong></span> <span class='ocrx_word' id='word_1_813' title='bbox 1559 4892 1864 4956; x_wconf 51' lang='lat' dir='ltr'><strong>Matthxi“,</strong></span> 
     </span>
     <span class='ocr_line' id='line_1_100' title="bbox 330 4963 1864 5029; baseline 0 -13"><span class='ocrx_word' id='word_1_814' title='bbox 330 4980 429 5017; x_wconf 87' lang='lat' dir='ltr'><strong>non</strong></span> <span class='ocrx_word' id='word_1_815' title='bbox 457 4963 706 5029; x_wconf 82' lang='lat' dir='ltr'><strong>leguntur</strong></span> <span class='ocrx_word' id='word_1_816' title='bbox 736 4967 790 5020; x_wconf 90' lang='lat' dir='ltr'><strong>in</strong></span> <span class='ocrx_word' id='word_1_817' title='bbox 821 4966 981 5024; x_wconf 90' lang='lat' dir='ltr'><strong>codd.</strong></span> <span class='ocrx_word' id='word_1_818' title='bbox 1010 4965 1187 5029; x_wconf 89' lang='lat' dir='ltr'><strong>Lipss.</strong></span> <span class='ocrx_word' id='word_1_819' title='bbox 1269 4966 1311 4996; x_wconf 81' lang='grc'>¹⁸</span> <span class='ocrx_word' id='word_1_820' title='bbox 1335 4963 1507 5018; x_wconf 82' lang='lat' dir='ltr'><strong>Exod.</strong></span> <span class='ocrx_word' id='word_1_821' title='bbox 1541 4980 1653 5029; x_wconf 78' lang='lat' dir='ltr'><strong>xiv,</strong></span> <span class='ocrx_word' id='word_1_822' title='bbox 1683 4964 1771 5018; x_wconf 83' lang='grc'><strong>51.</strong></span> <span class='ocrx_word' id='word_1_823' title='bbox 1850 4966 1864 4994; x_wconf 88' lang='grc'>¹</span> 
     </span>
    </p>
   </div>
   <div class='ocr_carea' id='block_1_99' title="bbox 1967 4892 2285 5029">
    <p class='ocr_par' dir='ltr' id='par_1_99' title="bbox 1967 4892 2285 5025">
     <span class='ocr_line' id='line_1_101' title="bbox 1978 4892 2285 4946; baseline -0.01 -3"><span class='ocrx_word' id='word_1_824' title='bbox 1978 4935 1988 4946; x_wconf 92' lang='grc'><strong>.</strong></span> <span class='ocrx_word' id='word_1_825' title='bbox 2067 4892 2110 4922; x_wconf 66' lang='grc'>¹³</span> <span class='ocrx_word' id='word_1_826' title='bbox 2143 4892 2285 4944; x_wconf 84' lang='lat' dir='ltr'><strong>Desid</strong></span> 
     </span>
     <span class='ocr_line' id='line_1_102' title="bbox 1967 4961 2285 5025; baseline -0.013 -8"><span class='ocrx_word' id='word_1_827' title='bbox 1967 4978 2054 5017; x_wconf 90' lang='lat' dir='ltr'><strong>uc.</strong></span> <span class='ocrx_word' id='word_1_828' title='bbox 2087 4977 2160 5025; x_wconf 77' lang='lat' dir='ltr'><strong>vr,</strong></span> <span class='ocrx_word' id='word_1_829' title='bbox 2197 4961 2285 5015; x_wconf 76' lang='grc'><strong>46.</strong></span> 
     </span>
    </p>
   </div>
   <div class='ocr_carea' id='block_1_100' title="bbox 261 4963 1187 5036">
    <p class='ocr_par' dir='ltr' id='par_1_100' title="bbox 261 4963 1187 5036">
     <span class='ocr_line' id='line_1_103' title="bbox 261 4963 1187 5036; baseline 0.005 -19"><span class='ocrx_word' id='word_1_830' title='bbox 261 4963 294 5017; x_wconf 87' lang='grc'>5</span> <span class='ocrx_word' id='word_1_831' title='bbox 321 4980 429 5017; x_wconf 89' lang='grc' dir='ltr'>ιιοιι</span> <span class='ocrx_word' id='word_1_832' title='bbox 457 4963 706 5035; x_wconf 87' lang='lat' dir='ltr'><strong>leguntur</strong></span> <span class='ocrx_word' id='word_1_833' title='bbox 736 4967 790 5020; x_wconf 90' lang='lat' dir='ltr'><strong>in</strong></span> <span class='ocrx_word' id='word_1_834' title='bbox 821 4966 981 5024; x_wconf 90' lang='lat' dir='ltr'><strong>codd.</strong></span> <span class='ocrx_word' id='word_1_835' title='bbox 1010 4965 1187 5036; x_wconf 89' lang='lat' dir='ltr'><strong>Lipss.</strong></span> 
     </span>
    </p>
   </div>
   <div class='ocr_carea' id='block_1_101' title="bbox 1559 5140 2189 5200">
    <p class='ocr_par' dir='ltr' id='par_1_101' title="bbox 1559 5140 2189 5200">
     <span class='ocr_line' id='line_1_104' title="bbox 1559 5140 2189 5200; baseline -0.006 0"><span class='ocrx_word' id='word_1_836' title='bbox 1559 5142 1927 5200; x_wconf 81' lang='lat' dir='ltr'><strong>COTELERII</strong></span> <span class='ocrx_word' id='word_1_837' title='bbox 1959 5140 2189 5197; x_wconf 66' lang='grc' dir='ltr'><strong>ΝΟΤΛΕ.</strong></span> 
     </span>
    </p>
   </div>
   <div class='ocr_carea' id='block_1_102' title="bbox 1922 5280 3497 5352">
    <p class='ocr_par' dir='ltr' id='par_1_102' title="bbox 1922 5280 3497 5352">
     <span class='ocr_line' id='line_1_105' title="bbox 1922 5280 3497 5352; baseline -0.002 -13"><span class='ocrx_word' id='word_1_838' title='bbox 1922 5283 1978 5339; x_wconf 90' lang='lat' dir='ltr'><strong>S.</strong></span> <span class='ocrx_word' id='word_1_839' title='bbox 2008 5285 2366 5352; x_wconf 79' lang='lat' dir='ltr'><strong>Augustinus,</strong></span> <span class='ocrx_word' id='word_1_840' title='bbox 2399 5298 2565 5339; x_wconf 89' lang='lat' dir='ltr'><strong>serm.</strong></span> <span class='ocrx_word' id='word_1_841' title='bbox 2599 5282 2690 5345; x_wconf 82' lang='grc'><strong>58,</strong></span> <span class='ocrx_word' id='word_1_842' title='bbox 2755 5283 2829 5338; x_wconf 84' lang='lat' dir='ltr'><strong>De</strong></span> <span class='ocrx_word' id='word_1_843' title='bbox 2866 5282 3064 5352; x_wconf 82' lang='lat' dir='ltr'><strong>sanctis</strong></span> <span class='ocrx_word' id='word_1_844' title='bbox 3097 5295 3116 5333; x_wconf 91' lang='lat'><strong><em>:</em></strong></span> <span class='ocrx_word' id='word_1_845' title='bbox 3159 5280 3306 5334; x_wconf 87' lang='lat' dir='ltr'><strong>Illud</strong></span> <span class='ocrx_word' id='word_1_846' title='bbox 3345 5280 3497 5336; x_wconf 78' lang='lat' dir='ltr'><strong>valde</strong></span> 
     </span>
    </p>
   </div>
   <div class='ocr_carea' id='block_1_103' title="bbox 1921 5351 3498 5424">
    <p class='ocr_par' dir='ltr' id='par_1_103' title="bbox 1921 5351 3498 5424">
     <span class='ocr_line' id='line_1_106' title="bbox 1921 5351 3498 5424; baseline -0.004 -16"><span class='ocrx_word' id='word_1_847' title='bbox 1921 5351 2206 5408; x_wconf 83' lang='lat' dir='ltr'><strong>timendum</strong></span> <span class='ocrx_word' id='word_1_848' title='bbox 2235 5365 2330 5415; x_wconf 87' lang='lat' dir='ltr'><strong>est,</strong></span> <span class='ocrx_word' id='word_1_849' title='bbox 2356 5353 2492 5424; x_wconf 87' lang='lat' dir='ltr'><strong>quod</strong></span> <span class='ocrx_word' id='word_1_850' title='bbox 2522 5355 2709 5406; x_wconf 88' lang='lat' dir='ltr'><strong>iterum</strong></span> <span class='ocrx_word' id='word_1_851' title='bbox 2731 5353 2986 5424; x_wconf 77' lang='lat' dir='ltr'><strong>Dominus</strong></span> <span class='ocrx_word' id='word_1_852' title='bbox 3008 5351 3135 5402; x_wconf 86' lang='lat' dir='ltr'><strong>dicit</strong></span> <span class='ocrx_word' id='word_1_853' title='bbox 3166 5367 3183 5403; x_wconf 89' lang='lat'><em>:</em></span> <span class='ocrx_word' id='word_1_854' title='bbox 3216 5352 3355 5424; x_wconf 81' lang='lat' dir='ltr'><strong>Quid</strong></span> <span class='ocrx_word' id='word_1_855' title='bbox 3378 5366 3498 5424; x_wconf 84' lang='lat' dir='ltr'><strong>pra-</strong></span> 
     </span>
    </p>
   </div>
   <div class='ocr_carea' id='block_1_104' title="bbox 1917 5419 3490 5494">
    <p class='ocr_par' dir='ltr' id='par_1_104' title="bbox 1917 5419 3490 5494">
     <span class='ocr_line' id='line_1_107' title="bbox 1917 5419 3490 5494; baseline -0.001 -18"><span class='ocrx_word' id='word_1_856' title='bbox 1917 5427 2030 5479; x_wconf 87' lang='lat' dir='ltr'><strong>dest</strong></span> <span class='ocrx_word' id='word_1_857' title='bbox 2061 5425 2197 5494; x_wconf 81' lang='lat' dir='ltr'><strong>quod</strong></span> <span class='ocrx_word' id='word_1_858' title='bbox 2227 5419 2403 5478; x_wconf 83' lang='lat' dir='ltr'><strong>dicitis</strong></span> <span class='ocrx_word' id='word_1_859' title='bbox 2435 5441 2452 5477; x_wconf 92' lang='lat'><strong><em>:</em></strong></span> <span class='ocrx_word' id='word_1_860' title='bbox 2483 5424 2724 5490; x_wconf 88' lang='lat' dir='ltr'><strong>Domine,</strong></span> <span class='ocrx_word' id='word_1_861' title='bbox 2767 5419 3010 5486; x_wconf 80' lang='lat' dir='ltr'><strong>Domine,</strong></span> <span class='ocrx_word' id='word_1_862' title='bbox 3059 5431 3108 5474; x_wconf 88' lang='lat' dir='ltr'><strong>et</strong></span> <span class='ocrx_word' id='word_1_863' title='bbox 3155 5437 3258 5473; x_wconf 90' lang='lat' dir='ltr'><strong>non</strong></span> <span class='ocrx_word' id='word_1_864' title='bbox 3308 5421 3490 5489; x_wconf 78' lang='lat' dir='ltr'><strong>facitis</strong></span> 
     </span>
    </p>
   </div>
   <div class='ocr_carea' id='block_1_105' title="bbox 1914 5494 2373 5567">
    <p class='ocr_par' dir='ltr' id='par_1_105' title="bbox 1914 5494 2373 5567">
     <span class='ocr_line' id='line_1_108' title="bbox 1914 5494 2373 5567; baseline 0 -19"><span class='ocrx_word' id='word_1_865' title='bbox 1914 5513 2030 5567; x_wconf 71' lang='lat' dir='ltr'><strong>qua:</strong></span> <span class='ocrx_word' id='word_1_866' title='bbox 2051 5497 2167 5567; x_wconf 78' lang='lat' dir='ltr'><strong>dico</strong></span> <span class='ocrx_word' id='word_1_867' title='bbox 2196 5494 2373 5567; x_wconf 88' lang='lat' dir='ltr'><strong>vobis_?</strong></span> 
     </span>
    </p>
   </div>
   <div class='ocr_carea' id='block_1_106' title="bbox 2108 5559 3482 5626">
    <p class='ocr_par' dir='ltr' id='par_1_106' title="bbox 2108 5559 3482 5626">
     <span class='ocr_line' id='line_1_109' title="bbox 2108 5559 3482 5626; baseline -0.001 -8"><span class='ocrx_word' id='word_1_868' title='bbox 2108 5566 2286 5626; x_wconf 87' lang='lat' dir='ltr'><strong>Pater,</strong></span> <span class='ocrx_word' id='word_1_869' title='bbox 2326 5564 2547 5618; x_wconf 89' lang='lat' dir='ltr'><strong>Domine</strong></span> <span class='ocrx_word' id='word_1_870' title='bbox 2581 5564 2696 5616; x_wconf 70' lang='lat' dir='ltr'><strong>caeli</strong></span> <span class='ocrx_word' id='word_1_871' title='bbox 2735 5573 2786 5618; x_wconf 90' lang='lat' dir='ltr'><strong>et</strong></span> <span class='ocrx_word' id='word_1_872' title='bbox 2814 5573 2986 5618; x_wconf 81' lang='lat' dir='ltr'><strong>terrte.</strong></span> <span class='ocrx_word' id='word_1_873' title='bbox 3028 5559 3315 5615; x_wconf 83' lang='lat' dir='ltr'><strong>Candelcr.</strong></span> <span class='ocrx_word' id='word_1_874' title='bbox 3351 5577 3482 5625; x_wconf 63' lang='grc' dir='ltr'><strong>ηις..</strong></span> 
     </span>
    </p>
   </div>
   <div class='ocr_carea' id='block_1_107' title="bbox 331 5285 1813 5357">
    <p class='ocr_par' dir='ltr' id='par_1_107' title="bbox 331 5285 1813 5357">
     <span class='ocr_line' id='line_1_110' title="bbox 331 5285 1813 5357; baseline 0 -17"><span class='ocrx_word' id='word_1_875' title='bbox 331 5286 478 5357; x_wconf 78' lang='grc'>(100)</span> <span class='ocrx_word' id='word_1_876' title='bbox 521 5285 660 5354; x_wconf 83' lang='lat' dir='ltr'><strong>Quid</strong></span> <span class='ocrx_word' id='word_1_877' title='bbox 690 5293 862 5340; x_wconf 86' lang='lat' dir='ltr'><strong>autem</strong></span> <span class='ocrx_word' id='word_1_878' title='bbox 918 5287 1092 5342; x_wconf 86' lang='lat' dir='ltr'><strong>dicitis</strong></span> <span class='ocrx_word' id='word_1_879' title='bbox 1140 5287 1306 5354; x_wconf 86' lang='lat' dir='ltr'><strong>mihi,</strong></span> <span class='ocrx_word' id='word_1_880' title='bbox 1385 5286 1637 5350; x_wconf 88' lang='lat' dir='ltr'><strong>Domine,</strong></span> <span class='ocrx_word' id='word_1_881' title='bbox 1707 5292 1813 5357; x_wconf 85' lang='lat' dir='ltr'><strong>etc.</strong></span> 
     </span>
    </p>
   </div>
   <div class='ocr_carea' id='block_1_108' title="bbox 257 5353 1815 5430">
    <p class='ocr_par' dir='ltr' id='par_1_108' title="bbox 257 5353 1815 5430">
     <span class='ocr_line' id='line_1_111' title="bbox 257 5353 1815 5430; baseline -0.001 -22"><span class='ocrx_word' id='word_1_882' title='bbox 257 5353 415 5410; x_wconf 72' lang='lat' dir='ltr'><strong>Luca:</strong></span> <span class='ocrx_word' id='word_1_883' title='bbox 450 5353 522 5430; x_wconf 78' lang='lat' dir='ltr'><strong>vi,</strong></span> <span class='ocrx_word' id='word_1_884' title='bbox 651 5376 664 5410; x_wconf 90' lang='lat'><strong>:</strong></span> <span class='ocrx_word' id='word_1_885' title='bbox 698 5358 761 5408; x_wconf 78' lang='grc' dir='ltr'><strong>Τί</strong></span> <span class='ocrx_word' id='word_1_886' title='bbox 784 5358 838 5430; x_wconf 57' lang='grc' dir='ltr'>δέ</span> <span class='ocrx_word' id='word_1_887' title='bbox 861 5359 1180 5430; x_wconf 32' lang='grc' dir='ltr'>με-καλεῖτε,</span> <span class='ocrx_word' id='word_1_888' title='bbox 1209 5353 1400 5430; x_wconf 74' lang='grc' dir='ltr'><strong>Κύριε,</strong></span> <span class='ocrx_word' id='word_1_889' title='bbox 1422 5357 1614 5430; x_wconf 51' lang='grc' dir='ltr'><strong>Κύριε,</strong></span> <span class='ocrx_word' id='word_1_890' title='bbox 1642 5356 1733 5430; x_wconf 49' lang='grc' dir='ltr'><strong>και.</strong></span> <span class='ocrx_word' id='word_1_891' title='bbox 1754 5357 1815 5407; x_wconf 81' lang='grc' dir='ltr'><strong>οὐ</strong></span> 
     </span>
    </p>
   </div>
   <div class='ocr_carea' id='block_1_109' title="bbox 258 5427 1811 5495">
    <p class='ocr_par' dir='ltr' id='par_1_109' title="bbox 258 5427 1811 5495">
     <span class='ocr_line' id='line_1_112' title="bbox 258 5427 1811 5495; baseline 0 -17"><span class='ocrx_word' id='word_1_892' title='bbox 258 5431 458 5495; x_wconf 61' lang='grc' dir='ltr'>ποιεῖτε</span> <span class='ocrx_word' id='word_1_893' title='bbox 499 5428 534 5482; x_wconf 75' lang='grc' dir='ltr'>ἃ</span> <span class='ocrx_word' id='word_1_894' title='bbox 573 5427 752 5495; x_wconf 59' lang='lat' dir='ltr'><strong>Myro;</strong></span> <span class='ocrx_word' id='word_1_895' title='bbox 802 5427 941 5492; x_wconf 81' lang='lat' dir='ltr'><strong>Quid</strong></span> <span class='ocrx_word' id='word_1_896' title='bbox 996 5439 1167 5481; x_wconf 89' lang='lat' dir='ltr'><strong>autem</strong></span> <span class='ocrx_word' id='word_1_897' title='bbox 1205 5427 1400 5482; x_wconf 80' lang='lat' dir='ltr'><strong>vocatis</strong></span> <span class='ocrx_word' id='word_1_898' title='bbox 1438 5444 1517 5481; x_wconf 87' lang='lat' dir='ltr'><strong>me</strong></span> <span class='ocrx_word' id='word_1_899' title='bbox 1533 5442 1552 5479; x_wconf 87' lang='grc'><strong>.·</strong></span> <span class='ocrx_word' id='word_1_900' title='bbox 1574 5427 1811 5489; x_wconf 86' lang='lat' dir='ltr'><strong>Domine,</strong></span> 
     </span>
    </p>
   </div>
   <div class='ocr_carea' id='block_1_110' title="bbox 257 5494 1815 5567">
    <p class='ocr_par' dir='ltr' id='par_1_110' title="bbox 257 5494 1815 5567">
     <span class='ocr_line' id='line_1_113' title="bbox 257 5494 1815 5567; baseline 0.001 -21"><span class='ocrx_word' id='word_1_901' title='bbox 257 5494 502 5558; x_wconf 81' lang='lat' dir='ltr'><strong>Domine,</strong></span> <span class='ocrx_word' id='word_1_902' title='bbox 547 5508 595 5550; x_wconf 89' lang='lat' dir='ltr'><strong>et</strong></span> <span class='ocrx_word' id='word_1_903' title='bbox 642 5494 743 5550; x_wconf 84' lang='lat' dir='ltr'><strong>non</strong></span> <span class='ocrx_word' id='word_1_904' title='bbox 776 5498 954 5565; x_wconf 78' lang='lat' dir='ltr'><strong>facilis</strong></span> <span class='ocrx_word' id='word_1_905' title='bbox 991 5515 1105 5567; x_wconf 77' lang='lat' dir='ltr'><strong>qua:</strong></span> <span class='ocrx_word' id='word_1_906' title='bbox 1149 5499 1308 5552; x_wconf 85' lang='lat' dir='ltr'><strong>dico?</strong></span> <span class='ocrx_word' id='word_1_907' title='bbox 1337 5515 1432 5555; x_wconf 86' lang='lat' dir='ltr'><strong>seu</strong></span> <span class='ocrx_word' id='word_1_908' title='bbox 1468 5513 1531 5552; x_wconf 84' lang='lat' dir='ltr'><strong>ex</strong></span> <span class='ocrx_word' id='word_1_909' title='bbox 1563 5498 1667 5550; x_wconf 82' lang='lat' dir='ltr'><strong>alia</strong></span> <span class='ocrx_word' id='word_1_910' title='bbox 1693 5510 1815 5567; x_wconf 80' lang='lat' dir='ltr'><strong>ver-</strong></span> 
     </span>
    </p>
   </div>
   <div class='ocr_carea' id='block_1_111' title="bbox 258 5565 3416 5642">
    <p class='ocr_par' dir='ltr' id='par_1_111' title="bbox 258 5565 3416 5642">
     <span class='ocr_line' id='line_1_114' title="bbox 258 5565 3416 5642; baseline -0.002 -26"><span class='ocrx_word' id='word_1_911' title='bbox 258 5567 405 5642; x_wconf 76' lang='lat' dir='ltr'><strong>sione</strong></span> <span class='ocrx_word' id='word_1_912' title='bbox 434 5569 574 5636; x_wconf 88' lang='lat' dir='ltr'><strong>apud</strong></span> <span class='ocrx_word' id='word_1_913' title='bbox 608 5567 904 5620; x_wconf 68' lang='lat' dir='ltr'><strong>(laesarium</strong></span> <span class='ocrx_word' id='word_1_914' title='bbox 943 5565 1334 5642; x_wconf 56' lang='lat' dir='ltr'><strong>Arelatensem,</strong></span> <span class='ocrx_word' id='word_1_915' title='bbox 1361 5567 1559 5642; x_wconf 68' lang='lat' dir='ltr'><strong>homil.</strong></span> <span class='ocrx_word' id='word_1_916' title='bbox 1604 5567 1663 5642; x_wconf 67' lang='lat'><strong>4,</strong></span> <span class='ocrx_word' id='word_1_917' title='bbox 1705 5565 1813 5642; x_wconf 55' lang='lat' dir='ltr'><strong>get</strong></span> <span class='ocrx_word' id='word_1_918' title='bbox 1989 5567 2071 5642; x_wconf 64' lang='grc' dir='ltr'><strong>(1)Δ</strong></span> <span class='ocrx_word' id='word_1_919' title='bbox 2108 5566 2286 5642; x_wconf 63' lang='lat' dir='ltr'><strong>Pater,</strong></span> <span class='ocrx_word' id='word_1_920' title='bbox 2326 5565 2547 5618; x_wconf 89' lang='lat' dir='ltr'><strong>Domine</strong></span> <span class='ocrx_word' id='word_1_921' title='bbox 2581 5565 2696 5642; x_wconf 56' lang='lat' dir='ltr'><strong>caeli</strong></span> <span class='ocrx_word' id='word_1_922' title='bbox 2735 5573 2786 5642; x_wconf 77' lang='lat' dir='ltr'><strong>et</strong></span> <span class='ocrx_word' id='word_1_923' title='bbox 2814 5565 3315 5642; x_wconf 65' lang='lat' dir='ltr'><strong>terrte._C:_I_nrlelcr.</strong></span> <span class='ocrx_word' id='word_1_924' title='bbox 3351 5577 3416 5642; x_wconf 51' lang='lat' dir='ltr'><strong>an</strong></span> 
     </span>
    </p>
   </div>
   <div class='ocr_carea' id='block_1_112' title="bbox 260 5629 3471 5706">
    <p class='ocr_par' dir='ltr' id='par_1_112' title="bbox 260 5629 3471 5706">
     <span class='ocr_line' id='line_1_115' title="bbox 260 5629 3471 5706; baseline 0 -20"><span class='ocrx_word' id='word_1_925' title='bbox 260 5634 356 5706; x_wconf 70' lang='lat' dir='ltr'><strong>i2,</strong></span> <span class='ocrx_word' id='word_1_926' title='bbox 386 5629 570 5691; x_wconf 72' lang='lat' dir='ltr'><strong>earnm</strong></span> <span class='ocrx_word' id='word_1_927' title='bbox 599 5653 736 5706; x_wconf 90' lang='lat' dir='ltr'><strong>quas</strong></span> <span class='ocrx_word' id='word_1_928' title='bbox 767 5652 911 5690; x_wconf 64' lang='lat' dir='ltr'><strong>curre</strong></span> <span class='ocrx_word' id='word_1_929' title='bbox 942 5639 1040 5690; x_wconf 90' lang='lat' dir='ltr'><strong>viri</strong></span> <span class='ocrx_word' id='word_1_930' title='bbox 1084 5629 1372 5692; x_wconf 79' lang='lat' dir='ltr'><strong>clal&#39;issimi</strong></span> <span class='ocrx_word' id='word_1_931' title='bbox 1408 5637 1665 5705; x_wconf 88' lang='lat' dir='ltr'><strong>Stephani</strong></span> <span class='ocrx_word' id='word_1_932' title='bbox 1707 5637 1811 5688; x_wconf 88' lang='lat' dir='ltr'><strong>Ba-</strong></span> <span class='ocrx_word' id='word_1_933' title='bbox 1921 5629 2138 5690; x_wconf 81' lang='lat' dir='ltr'><strong>Domine</strong></span> <span class='ocrx_word' id='word_1_934' title='bbox 2174 5636 2356 5700; x_wconf 82' lang='lat' dir='ltr'><strong>Pater,</strong></span> <span class='ocrx_word' id='word_1_935' title='bbox 2387 5650 2496 5704; x_wconf 88' lang='lat' dir='ltr'><strong>quo</strong></span> <span class='ocrx_word' id='word_1_936' title='bbox 2531 5633 2694 5690; x_wconf 88' lang='lat' dir='ltr'><strong>modo</strong></span> <span class='ocrx_word' id='word_1_937' title='bbox 2725 5637 2925 5691; x_wconf 78' lang='lat' dir='ltr'><strong>(itatur</strong></span> <span class='ocrx_word' id='word_1_938' title='bbox 2968 5632 3035 5686; x_wconf 89' lang='lat' dir='ltr'><strong>ab</strong></span> <span class='ocrx_word' id='word_1_939' title='bbox 3082 5631 3308 5695; x_wconf 80' lang='lat' dir='ltr'><strong>llilario,</strong></span> <span class='ocrx_word' id='word_1_940' title='bbox 3357 5629 3471 5692; x_wconf 67' lang='lat' dir='ltr'><strong>Uie-</strong></span> 
     </span>
    </p>
   </div>
   <div class='ocr_carea' id='block_1_113' title="bbox 261 5703 2320 5776">
    <p class='ocr_par' dir='ltr' id='par_1_113' title="bbox 261 5703 2320 5776">
     <span class='ocr_line' id='line_1_116' title="bbox 261 5703 2320 5776; baseline 0.004 -23"><span class='ocrx_word' id='word_1_941' title='bbox 261 5703 380 5776; x_wconf 57' lang='lat' dir='ltr'><strong>lnsii</strong></span> <span class='ocrx_word' id='word_1_942' title='bbox 404 5703 663 5763; x_wconf 79' lang='lat' dir='ltr'><strong>debemus</strong></span> <span class='ocrx_word' id='word_1_943' title='bbox 695 5726 707 5761; x_wconf 91' lang='lat'>:</span> <span class='ocrx_word' id='word_1_944' title='bbox 745 5707 882 5774; x_wconf 86' lang='lat' dir='ltr'><strong>Quid</strong></span> <span class='ocrx_word' id='word_1_945' title='bbox 905 5707 1114 5776; x_wconf 87' lang='lat' dir='ltr'><strong>prodest</strong></span> <span class='ocrx_word' id='word_1_946' title='bbox 1149 5708 1295 5776; x_wconf 87' lang='lat' dir='ltr'><strong>quod-</strong></span> <span class='ocrx_word' id='word_1_947' title='bbox 1316 5703 1678 5776; x_wconf 46' lang='lat' dir='ltr'><strong>dicitis—milii,</strong></span> <span class='ocrx_word' id='word_1_948' title='bbox 1709 5706 1812 5758; x_wconf 83' lang='lat' dir='ltr'><strong>Do-</strong></span> <span class='ocrx_word' id='word_1_949' title='bbox 1916 5723 2166 5772; x_wconf 79' lang='lat' dir='ltr'><strong>ronvmo,</strong></span> <span class='ocrx_word' id='word_1_950' title='bbox 2198 5705 2320 5762; x_wconf 84' lang='lat' dir='ltr'><strong>aliis</strong></span> 
     </span>
    </p>
   </div>
   <div class='ocr_carea' id='block_1_114' title="bbox 259 5775 1806 5844">
    <p class='ocr_par' dir='ltr' id='par_1_114' title="bbox 259 5775 1806 5844">
     <span class='ocr_line' id='line_1_117' title="bbox 259 5775 1806 5844; baseline 0.006 -22"><span class='ocrx_word' id='word_1_951' title='bbox 259 5775 408 5830; x_wconf 85' lang='lat' dir='ltr'><strong>mine.</strong></span> <span class='ocrx_word' id='word_1_952' title='bbox 437 5777 676 5842; x_wconf 62' lang='lat' dir='ltr'><strong>Domine,</strong></span> <span class='ocrx_word' id='word_1_953' title='bbox 721 5788 768 5832; x_wconf 87' lang='lat' dir='ltr'><strong>et</strong></span> <span class='ocrx_word' id='word_1_954' title='bbox 799 5775 911 5832; x_wconf 82' lang='lat' dir='ltr'><strong>non</strong></span> <span class='ocrx_word' id='word_1_955' title='bbox 945 5778 1116 5832; x_wconf 84' lang='lat' dir='ltr'><strong>facitis</strong></span> <span class='ocrx_word' id='word_1_956' title='bbox 1147 5775 1262 5833; x_wconf 72' lang='lat' dir='ltr'><strong>autc</strong></span> <span class='ocrx_word' id='word_1_957' title='bbox 1303 5779 1380 5831; x_wconf 82' lang='lat' dir='ltr'><strong>vel</strong></span> <span class='ocrx_word' id='word_1_958' title='bbox 1413 5795 1473 5832; x_wconf 85' lang='lat' dir='ltr'><strong>ea</strong></span> <span class='ocrx_word' id='word_1_959' title='bbox 1502 5793 1616 5844; x_wconf 66' lang='lat' dir='ltr'><strong>quae</strong></span> <span class='ocrx_word' id='word_1_960' title='bbox 1646 5775 1806 5831; x_wconf 87' lang='lat' dir='ltr'><strong>dico?</strong></span> 
     </span>
    </p>
   </div>
  </div>
