4036 6252
557 326 696 384 1519

1440 325 1496 381 S.
1540 322 1986 379 CLEMENTISI
2027 322 2192 382 ROM.
2232 326 2434 383 PONT.
2478 323 2708 381 OPERA
2749 321 2974 377 DUBIA.

3625 327 3738 381 1520

554 451 671 497 tum
691 482 707 508 ,
729 454 851 510 qua:
876 445 1199 509 perpetrata:
1223 436 1473 504 fuerant,
1501 440 1640 493 fama
1667 446 2026 509 pertraxerat.
2054 441 2122 494 At
2150 449 2195 505 Α
2224 442 2428 498 divina.
2460 442 2525 495 Et
2558 442 2630 495 ita
2661 440 2862 492 factum
2888 444 3001 498 est,
3034 441 3093 488 ut
3122 434 3326 487 cultum
3359 432 3447 489 Dei
3485 451 3629 504 quem
3662 455 3743 508 pro

555 530 753 587 Petrus
780 544 943 584 manu
973 531 1257 598 quiescere
1288 530 1547 599 populum
1575 531 1779 585 docens
1801 568 1816 593 ,
1848 537 1905 582 et
1935 530 2126 585 turbas

557 623 617 678 in
672 620 1070 691 tranquillitate
1124 636 1459 692 componens
1492 622 1555 685 ",
1613 621 1718 675 hoc
1776 620 1939 675 modo
1998 621 2127 676 fecit

556 714 840 770 exordium
856 732 869 768 :

632 804 768 860 VIII.
808 804 1092 876 Incipienti
1124 803 1191 858 de
1222 817 1353 857 vero
1382 801 1478 856 Dei
1512 802 1664 856 cultu
1696 801 1879 857 facere
1908 818 2126 858 sermo-

558 913 685 953 nem
718 896 1093 952 necessarium
1146 895 1277 948 mihi
1323 895 1558 960 videtur,
1606 910 1702 948 eos
1744 896 1838 965 qui
1885 896 2129 950 nondum

560 990 625 1045 de
656 990 758 1043 hoc
785 988 988 1058 aliquid
1021 987 1265 1041 scientiae
1295 985 1582 1040 consecuti
1615 997 1776 1049 sunt,
1810 988 1987 1057 primo
2019 1003 2132 1041 om—

561 1085 710 1138 nium
746 1084 979 1145 docere,
1024 1096 1119 1150 per
1162 1081 1344 1133 omnia
1395 1081 1778 1150 inculpabilem
1823 1081 2130 1150 ponendam

560 1192 684 1231 esse
714 1175 955 1229 divinam
978 1172 1383 1226 Providentiam
1407 1212 1422 1235 ,
1461 1189 1556 1241 per
1589 1189 1752 1243 quam
1787 1175 2022 1226 mundus
2054 1188 2132 1226 re-

561 1269 711 1338 gitur
743 1274 796 1320 et
826 1268 1183 1336 gubernatur.
1221 1263 1376 1317 Hunc
1407 1272 1586 1318 autem
1619 1265 1777 1319 nobis
1813 1264 2024 1319 exordii
2064 1264 2134 1316 ti-

563 1358 736 1410 tulum
767 1356 914 1410 dedit
942 1355 1225 1424 praesentis
1256 1356 1438 1425 operis
1468 1354 1609 1407 ratio
1630 1396 1645 1418 ,
1680 1364 1734 1409 et
1768 1371 1958 1409 eorum
1994 1370 2133 1424 quos

562 1448 656 1503 Dei
690 1449 863 1501 virtus
895 1447 1108 1501 sanavit
1147 1446 1401 1510 occasio,
1448 1454 1507 1499 ut
1546 1446 1939 1511 ostendamus,
1988 1447 2133 1517 quod

563 1549 711 1595 recta
747 1542 956 1594 ratione
1017 1540 1405 1609 quamplurimi
1454 1555 1483 1592 a
1522 1540 1755 1594 diversis
1797 1540 2136 1595 daemonibus

563 1634 899 1691 obtinentur.
934 1642 993 1685 ut
1026 1648 1119 1701 per
1150 1634 1252 1685 hoc
1284 1640 1545 1701 appareat
1568 1632 1783 1699 justitia
1816 1631 1931 1686 Dei.
1979 1633 2137 1698 Inve-

564 1726 743 1779 nietur
789 1724 933 1776 enim
984 1724 1229 1776 omnium
1282 1740 1419 1792 pene
1469 1725 1741 1777 malorum
1795 1731 1970 1777 mater
2014 1740 2136 1778 esse.

564 1816 893 1886 ignorantia.
928 1813 1032 1868 Sed
1058 1816 1171 1883 jam
1202 1817 1483 1869 veniamus
1514 1816 1580 1869 ad
1610 1831 1852 1869 causam.

636 1906 726 1961 IX.
768 1906 911 1960 Deus
942 1922 1065 1959 cum
1101 1906 1321 1961 fecisset
1352 1907 1624 1959 hominem
1662 1908 1727 1959 ad
1764 1906 2052 1975 imaginem
2085 1913 2137 1959 et

565 1998 981 2054 similitudinem
1016 2012 1209 2061 suam,
1244 1998 1393 2066 Operi
1426 2012 1526 2050 suo
1558 1997 1833 2065 spiramen
1863 1996 2137 2065 quoddam

564 2099 621 2144 et
651 2090 871 2143 odorem
902 2104 1014 2158 sum
1042 2088 1344 2143 divinitatis
1377 2089 1644 2150 inseruit,
1676 2094 1733 2140 ut
1763 2104 1857 2156 per
1880 2088 1981 2141 hoc
2015 2104 2140 2157 par-

568 2183 763 2251 ticipes
815 2180 942 2233 facti
994 2180 1254 2233 mortales
1293 2177 1566 2248 linigeniti
1614 2181 1768 2247 ejus,
1822 2194 1917 2247 per
1962 2179 2137 2247 ipsum

567 2275 730 2331 etiam
764 2272 927 2326 amici
956 2270 1050 2326 Dei
1084 2279 1139 2325 et
1170 2271 1264 2324 lilii
1294 2270 1606 2339 adoptionis
1633 2272 1965 2336 existerent;
1999 2269 2141 2323 unde

567 2376 620 2419 et
651 2379 757 2433 qua
784 2364 870 2415 via
898 2364 947 2415 id
983 2362 1197 2432 possint
1229 2359 1459 2429 adipisci
1488 2401 1504 2420 .
1538 2360 1653 2429 ipse
1680 2376 1774 2414 eos
1801 2370 1859 2412 ut
1880 2360 2141 2428 propheta

568 2473 733 2510 verus
754 2456 1001 2519 edocuit,
1026 2455 1206 2508 sciens
1230 2454 1428 2523 quibus
1454 2453 1668 2507 actibus
1696 2453 1976 2506 hominum
1994 2452 2143 2505 dele-

570 2557 815 2602 ctaretur
835 2547 1017 2602 Pater.
1052 2546 1204 2601 Unus
1224 2548 1405 2615 itaque
1433 2546 1575 2614 apud
1613 2546 1861 2599 homines
1890 2554 2022 2599 tunc
2049 2544 2142 2598 Dei

569 2642 752 2696 cultus
772 2650 909 2701 eral,
934 2656 1086 2693 mens
1100 2654 1233 2707 pura
1248 2646 1299 2692 et
1326 2639 1552 2707 spiritus
1582 2639 1956 2705 incorruptus.
1986 2636 2048 2689 Et
2072 2638 2144 2691 ob

572 2735 676 2789 hoc
696 2734 873 2786 omnis
894 2741 1143 2786 creatura
1167 2732 1406 2783 humano
1430 2731 1613 2800 generi
1637 2730 1816 2785 foedus
1834 2730 2145 2784 inviolabile

572 2826 955 2880 conservabat.
1017 2823 1099 2878 0b
1162 2824 1525 2878 reverentiam
1581 2838 1818 2892 namque
1868 2822 2145 2876 Creatoris

575 2919 721 2973 nulla
755 2916 1023 2988 azgritudo
1075 2916 1128 2970 in
1170 2930 1305 2979 eos,
1359 2916 1570 2969 nullum
1614 2916 1807 2969 vitium
1866 2915 2143 2983 corporis,

574 3009 727 3063 nillla
756 3008 1004 3062 ciborum
1042 3006 1321 3060 dominata
1352 3006 1639 3074 corruptio
1669 3010 1783 3069 est,
1816 3021 1883 3059 ex
1913 3020 2022 3074 quo
2054 3005 2147 3059 lie-

575 3102 697 3164 bat,
748 3109 808 3154 ut
854 3099 1003 3153 mille
1052 3114 1323 3154 annorum
1369 3109 1503 3153 aetas
1545 3098 1601 3151 in
1642 3096 1992 3167 fragilitatem
2038 3112 2147 3151 non

575 3191 839 3247 incideret
869 3192 1188 3246 senectutis.

651 3282 716 3337 Χ.
762 3283 867 3337 Sed
916 3283 1007 3335 ubi
1054 3284 1164 3334 vita
1201 3283 1405 3335 laboris
1438 3297 1635 3350 expers
1664 3280 1932 3334 bonorum
1965 3296 2152 3350 perse-

575 3376 877 3430 verantiam
909 3390 1018 3428 non
1050 3374 1259 3444 putavit
1288 3374 1472 3427 divina
1502 3374 1811 3443 largitione,
1842 3372 1938 3426 sed
1968 3388 2150 3427 rerum

579 3469 721 3522 forte
753 3482 1115 3531 concessam,
1149 3476 1203 3521 et
1236 3468 1357 3521 sine
1385 3467 1497 3519 ullo
1530 3464 1729 3521 sudore
1756 3464 1953 3519 divina:
1980 3480 2153 3518 amre-

578 3558 771 3612 nitatis
800 3557 1017 3611 deliciis
1050 3556 1294 3626 perfrui,
1322 3566 1533 3611 natura:
1559 3556 1800 3611 debitum
1832 3566 1886 3611 et
1915 3574 2022 3611 non
2054 3558 2150 3612 Dei

579 3650 846 3705 bonitatis
898 3664 1101 3702 munus
1155 3649 1385 3719 accepit.
1438 3646 1497 3702 In
1541 3651 1850 3705 contrarias
1896 3667 1992 3721 per
2038 3652 2152 3705 haec

579 3741 833 3796 homines
862 3749 915 3794 et
952 3740 1149 3810 impias
1197 3741 1559 3810 cogitationes
1603 3742 1715 3795 otio
1759 3742 1989 3797 docente
2030 3760 2155 3813 per-

580 3834 844 3895 veniunt,
875 3840 1128 3901 putantes
1156 3832 1381 3886 deorum
1416 3832 1517 3886 sibi
1551 3832 1719 3886 vitam
1753 3833 1920 3886 nullis
1951 3834 2155 3887 labori-

582 3926 686 3980 bus
736 3925 1011 3994 nullisque
1064 3924 1278 3978 meritis
1321 3932 1529 3977 natam.
1577 3922 1716 3979 Hinc
1762 3924 2054 3993 proficiunt
2100 3925 2155 3978 in

582 4019 860 4081 deterius,
893 4026 951 4070 ut
980 4033 1157 4087 neque
1200 4016 1542 4086 providentia
1593 4015 1689 4071 Dei
1735 4017 1998 4070 mundum
2042 4018 2155 4087 regi

583 4111 902 4173 crederent,
934 4126 1111 4179 neque
1153 4108 1452 4163 virtutibus
1495 4124 1619 4163 esse
1660 4108 1894 4178 aliquem
1938 4109 2152 4174 locum,

583 4201 1025 4272 quandoquidem
1056 4202 1380 4268 semctipsos
1407 4202 1610 4253 scirent
1632 4201 1797 4254 nullis
1825 4202 1977 4270 prius
2001 4202 2159 4257 bonis

584 4294 844 4362 operibus
875 4292 1170 4362 assignatis
1199 4293 1295 4345 otii
1328 4308 1392 4346 ac
1424 4292 1743 4345 deliciarum
1777 4308 2046 4347 summam
2076 4302 2157 4348 te-

586 4403 747 4451 nere,
781 4396 835 4441 et
866 4387 1075 4439 amicos
1106 4385 1201 4441 Dei
1231 4387 1436 4455 absque
1470 4386 1602 4440 ullis
1635 4385 2154 4442 laboribus'haberi.

2169 1793 2211 1847 Β

2176 3158 2221 3217 C

2228 534 2385 588 bonis
2416 534 2805 604 neglexerant,
2837 535 3233 598 recuperarent
3266 540 3363 596 pro
3392 527 3569 591 malis,
3598 539 3645 583 et
3668 545 3743 586 cm

2229 625 2519 695 gitationes
2565 622 2823 678 inDeum
2865 635 3005 691 quas
3038 626 3370 690 perverterat
3413 619 3742 691 indulgentia,

2228 718 2546 787 emendaret
2598 715 2839 769 amictio.
2888 712 2979 767 Sic
3027 728 3158 783 ergo
3214 711 3394 766 divina
3444 710 3749 773 Providentia

2230 811 2333 864 hoc
2366 825 2487 863 esse
2522 808 2711 862 utilius
2741 805 3055 859 hominibus
3100 803 3323 866 videns,
3371 803 3482 859 vias
3534 805 3747 877 benigni-

2231 906 2357 958 tatis
2390 910 2444 955 et
2477 900 2826 955 abundantim
2846 941 2860 965 ,
2891 905 3149 966 tanquam
3182 911 3303 965 qua:
3348 896 3615 958 lzederent,
3644 899 3749 953 sub-

2231 996 2400 1048 trahit
2432 996 2498 1047 ab
2529 993 2841 1047 hominibus
2870 1031 2884 1055 ,
2914 1000 2967 1045 et
3001 989 3304 1043 vexationis
3333 990 3435 1042 iter
3461 1005 3519 1043 ac
3558 992 3749 1045 tribula-

2232 1087 2399 1141 tionis
2432 1085 2656 1139 inducit.

2305 1177 2419 1232 XII.
2464 1176 2569 1232 Sed
2630 1185 2690 1231 ut
2730 1174 3043 1230 ostenderet
3103 1174 3232 1245 quia
3272 1173 3389 1227 haec
3426 1188 3520 1243 pro
3562 1174 3751 1245 ingratis

2234 1277 2546 1340 agerentur,
2596 1283 2763 1322 untnn
2810 1267 3103 1336 quemdam
3151 1281 3219 1319 ex
3267 1265 3377 1317 illis
3420 1265 3508 1334 qui
3539 1265 3749 1332 primitus

2236 1369 2517 1433 cmperant
2568 1375 2690 1415 esse
2738 1358 3035 1421 mortales,
3094 1356 3239 1426 quod
3288 1372 3411 1410 eum
3460 1357 3627 1425 gratia:
3666 1372 3753 1410 sua:

2237 1472 2346 1509 non
2376 1456 2751 1508 immemorem
2783 1451 2954 1515 vidit,
2987 1458 3041 1505 et
3084 1450 3216 1520 quia
3267 1450 3505 1519 speravit
3546 1449 3753 1503 invocare

2236 1561 2433 1600 nomen
2466 1543 2679 1597 Domini
2714 1540 2791 1613 (2)
2814 1582 2828 1605 ,
2862 1541 2927 1594 ad
2962 1541 3301 1594 immortales
3345 1540 3634 1605 transtulit,
3672 1554 3755 1593 cae-

2241 1639 2369 1693 teris
2403 1637 2495 1706 qui
2527 1636 2581 1689 in
2623 1644 2834 1689 tantum
2867 1635 3065 1705 ingrati
3098 1634 3389 1697 exstitere,
3436 1641 3493 1685 ut
3519 1647 3609 1687 nec
3634 1633 3755 1685 labo-

2239 1730 2391 1783 ribus
2433 1736 2486 1782 et
2530 1727 2980 1781 tribulationibus
3017 1726 3302 1780 emendari
3345 1732 3399 1779 et
3435 1724 3619 1793 corrigi
3657 1739 3757 1793 pos-

2241 1821 2386 1880 sint,
2422 1818 2749 1889 gravissima
2780 1825 2957 1871 morte
2986 1817 3283 1871 damnatis.
3316 1815 3520 1870 Invenit
3544 1823 3696 1868 tamen
3718 1822 3760 1867 et

2240 1912 2383 1965 inter
2415 1912 2565 1980 ipsos
2590 1926 2758 1963 unum
2790 1909 3077 1978 quemdam
3108 1924 3230 1961 cum
3260 1908 3424 1962 domo
3448 1921 3539 1962 sua
3557 1907 3759 1976 justum,

2241 2020 2403 2073 quem
2438 2009 2771 2066 reservaret,
2812 2009 3087 2071 praecepto
3137 2000 3187 2053 ei
3227 2000 3357 2054 dato
3414 2006 3473 2053 ut
3513 1998 3762 2051 fabricaret

2243 2111 2451 2159 arcam,
2488 2104 2543 2149 et
2588 2095 2641 2147 in
2672 2109 2735 2148 ea
2761 2133 2775 2157 ,
2824 2109 2946 2147 cum
2991 2092 3198 2146 diluvio
3234 2099 3433 2146 cuncta
3464 2098 3763 2150 necarentur,

2244 2189 2360 2258 ipse
2412 2205 2535 2242 cum
2588 2191 2673 2242 his
2723 2188 2923 2257 quibus
2982 2194 3315 2256 prmi-cptum
3369 2185 3565 2247 fuerat,
3620 2193 3767 2252 posset

2243 2280 2510 2342 evadere,
2558 2294 2667 2349 quo
2710 2280 2891 2347 impiis
2938 2279 3356 2332 inundationem
3399 2292 3643 2347 aquarum
3669 2290 3767 2344 per-

2242 2373 2440 2441 emptis
2497 2374 2937 2443 puriﬁcationem
2994 2372 3234 2426 mundus
3296 2372 3596 2440 acciperet,
3641 2376 3686 2423 et
3732 2368 3767 2421 is

2245 2465 2337 2534 qui
2370 2466 2437 2519 ad
2469 2467 2841 2535 posteritatem
2890 2465 3105 2535 generis
3136 2464 3318 2518 fuerat
3351 2469 3670 2523 reservatus,
3696 2476 3770 2530 per

2246 2571 2443 2625 aquam
2473 2557 2709 2610 mundus
2737 2557 2985 2618 ell'ectus,
3013 2559 3279 2608 mundum
3312 2555 3491 2609 denuo
3519 2560 3766 2622 repararet.

2317 2647 2456 2704 XIII.
2499 2649 2604 2703 Sed
2635 2650 2718 2704 his
2749 2650 3005 2704 omnibus
3035 2650 3205 2720 gestis
3244 2663 3438 2702 rursus
3474 2646 3692 2704 homines
3716 2640 3768 2695 ad

2248 2742 2583 2811 impietatem
2617 2749 2929 2807 vertuntur,
2964 2750 3017 2796 et
3046 2749 3271 2812 propter
3303 2740 3407 2795 hoc
3442 2755 3471 2793 a
3513 2738 3613 2792 Deo
3646 2734 3770 2807 poni-

2248 2839 2340 2886 tur
2371 2835 2455 2889 lex
2486 2852 2605 2905 quae
2636 2835 2855 2889 vivendi
2885 2834 3106 2889 modum
3139 2835 3404 2905 doceret;
3437 2832 3525 2887 sed
3556 2839 3769 2900 processu

2246 2904 2547 2998 temporis,
2579 2927 2675 2982 Dei
2708 2927 2928 2997 quidem
2958 2928 3143 2982 cultus
3172 2936 3225 2981 et
3248 2904 3463 2995 'justitia
3493 2925 3557 2978 ab
3585 2919 3773 2975 inﬁdeli-

2250 3020 2354 3075 bus
2381 3029 2434 3075 et
2467 3020 2648 3089 impiis
2682 3019 3078 3089 corrumpitur,
3110 3018 3256 3073 sicut
3294 3016 3460 3087 paulo
3501 3019 3615 3084 post
3651 3022 3773 3079 aper-

2253 3114 2367 3171 tius
2399 3112 2774 3167 ostendemus.
2807 3109 3088 3165 Perversae
3120 3117 3303 3163 autem
3338 3116 3393 3163 et
3423 3103 3652 3161 erratica:
3678 3097 3775 3152 reli-

2254 3206 2443 3277 giones
2472 3200 2920 3265 introducuntur,
2953 3199 3155 3269 quibus
3189 3213 3249 3252 se
3281 3196 3514 3267 plurima
3554 3205 3668 3262 pars
3701 3188 3775 3239 ho-

2256 3298 2462 3353 minum
2494 3310 2590 3364 per
2629 3291 2975 3346 occasionem
3024 3288 3285 3343 feriarum
3330 3295 3386 3342 et
3426 3283 3775 3341 solemnitatum

2261 3389 2558 3449 dederunt,
2605 3390 2768 3454 potus
2811 3383 3184 3436 instaurantes
3224 3388 3279 3435 et
3321 3377 3586 3438 convivia,
3628 3371 3777 3427 tibias-

2253 3496 2360 3551 que
2422 3494 2485 3532 ac
2517 3476 2730 3531 fistulas
2762 3481 2815 3528 et
2840 3474 3083 3528 citharas
3114 3486 3179 3526 ac
3208 3470 3430 3525 diversa
3470 3479 3653 3539 genera
3691 3474 3777 3513 mu-

2255 3574 2497 3627 sicorum
2531 3575 2807 3623 sectantes
2828 3607 2842 3629 ,
2878 3576 2929 3620 et
2961 3565 3292 3633 semetipsos
3324 3578 3422 3632 per
3451 3557 3621 3614 omnia
3646 3562 3778 3607 temu-

2256 3664 2436 3719 lentiae
2485 3676 2547 3713 ac
2592 3658 2824 3713 luxurim
2869 3657 3243 3727 propitiantes.
3294 3652 3435 3707 Ilinc
3464 3649 3631 3705 omnis
3658 3653 3778 3698 error

2256 3755 2464 3824 accepit
2495 3752 2760 3823 originem
2786 3791 2801 3814 ,
2837 3750 2966 3802 hinc
2995 3750 3147 3802 lucos
3174 3755 3228 3801 et
3254 3762 3383 3810 aras
3401 3785 3415 3809 ,
3444 3743 3571 3798 hinc
3592 3745 3779 3828 coronat:

2256 3853 2311 3900 et
2364 3842 2614 3897 victimas
2666 3854 2955 3909 reperere,
3012 3844 3067 3891 et
3118 3843 3239 3905 post
3296 3834 3609 3890 ebrietatem
3656 3834 3779 3894 quas!

2257 3933 2611 4007 Iymphaticis
2641 3929 2887 3984 motibus
2915 3927 2998 3997 agi
3027 3944 3041 3992 ;
3074 3942 3141 3980 ex
3172 3926 3277 3980 hoc
3308 3926 3421 3995 jam
3452 3925 3674 3993 potestas
3698 3912 3778 3965 dar

2259 4024 2460 4079 moniis
2491 4022 2618 4077 data
2661 4018 3009 4091 ingrediendi
3054 4012 3441 4086 hujuscemodi
3481 4015 3701 4064 mentes.
3737 4007 3780 4049 ιη

2258 4116 2457 4171 choros
2484 4114 2685 4167 ducere
2708 4112 2933 4165 insanos
2953 4118 3009 4163 et
3031 4106 3247 4161 Baccho
3276 4105 3459 4160 furere
3481 4099 3779 4155 viderentur;

2262 4209 2387 4262 hinc
2418 4206 2649 4259 fremere
2679 4202 2933 4257 dentibus
2952 4241 2967 4265 ,
2999 4208 3054 4253 et
3083 4196 3295 4267 mugire
3324 4196 3393 4249 de
3422 4186 3687 4263 profundis
3722 4181 3782 4233 vi-

2262 4299 2515 4355 sceribus
2549 4296 2868 4358 inventum,
2902 4293 3031 4346 hinc
3059 4289 3324 4344 terribilis
3370 4288 3551 4341 vultus
3590 4288 3637 4335 et
3669 4275 3781 4329 ferus

2261 4395 2317 4449 in
2368 4393 2683 4446 hominibus
2740 4397 3036 4458 aspectus,
3088 4392 3149 4438 ut
3200 4383 3250 4438 is
3299 4397 3462 4451 quem
3519 4364 3785 4458 temulenti:

657 4478 747 4533 XI.
791 4477 1109 4532 Justissimo
1138 4482 1321 4546 itaque
1367 4477 1460 4530 Dei
1497 4476 1708 4546 judicio
1748 4476 1813 4555 in.
1845 4477 2157 4546 hujusmodi

2264 4487 2608 4541 subverterat
2641 4497 2703 4535 ac
2736 4482 2947 4535 dzemon
2980 4478 3341 4547 instigaverat
3364 4514 3378 4538 ,
3412 4469 3625 4525 numine
3647 4457 3785 4529 reple‘

587 4571 979 4641 cogitationum
1013 4572 1253 4624 vanitate
1287 4570 1711 4640 languentibus,
1745 4569 1965 4625 labores
1992 4581 2043 4626 et
2076 4570 2181 4623 af-\

587 4665 857 4718 llictiones
880 4678 980 4731 pro
1010 4661 1251 4715 remedio
1281 4661 1659 4715 conferuntur.
1689 4659 1790 4716 Ubi
1824 4678 1955 4733 ergo
1984 4662 2161 4717 adfuit

588 4757 744 4811 labor
791 4770 855 4808 ac
886 4754 1166 4807 tribulatio
1189 4793 1203 4816 ,
1237 4753 1557 4807 deliciarum
1586 4762 1641 4808 et
1684 4756 2019 4811 ammnitatis
2061 4772 2158 4811 ex-

587 4850 727 4905 clusi
762 4859 888 4902 sunt
932 4849 1072 4902 loco.
1120 4845 1293 4900 Terra
1326 4855 1504 4901 autem
1552 4848 1721 4918 ρωνίῑ
1767 4849 1905 4903 nihil
1932 4850 2012 4904 eis
2040 4850 2161 4905 sine

590 4944 777 4996 labore
813 4940 1148 5009 producere;
1179 4946 1233 4993 et
1264 4948 1397 4992 tunc
1427 4954 1693 4994 conversa
1738 4940 1794 4993 in
1839 4940 2163 4997 hominibus

593 5027 892 5099 cogitatio,
959 5028 1229 5081 creatoris
1286 5028 1370 5081 sui
1437 5029 1717 5098 requirere
1783 5043 2164 5086 commonetur

593 5120 890 5183 auxilium,
918 5128 971 5172 et
999 5119 1338 5173 orationibus
1369 5132 1433 5173 ac
1460 5119 1602 5173 votis
1634 5121 1885 5191 praisidia
1930 5123 2163 5179 invitare

2263 4586 2354 4631 tus
2386 4594 2415 4630 a
2445 4574 2687 4644 deceptis
2714 4582 2768 4627 et
2797 4571 3113 4626 errantibus
3140 4567 3519 4621 crederentur.

2338 4666 2475 4723 XIV.
2521 4639 2675 4723 Unde
2721 4679 2845 4718 cum
2893 4670 3003 4716 tam
3055 4661 3236 4713 multa:
3282 4658 3337 4709 in
3386 4656 3528 4707 hunc
3570 4639 3783 4735 mandunt

2265 4760 2414 4816 falsm
2430 4768 2483 4815 et
2507 4757 2754 4814 erratica:
2772 4756 3062 4826 religiones
3089 4759 3275 4808 essent
3301 4745 3638 4803 introductae,
3666 4733 3784 4791 missi

2267 4868 2459 4907 sumus
2491 4866 2594 4905 nos
2642 4849 2953 4904 deferentes
2996 4846 3153 4901 vobis
3198 4853 3463 4911 tanquam
3503 4833 3622 4890 boni
3656 4836 3785 4921 ηεεοτ

2269 4946 2495 4999 tiatores
2513 4984 2529 5009 ,
2577 4959 2608 4997 a
2639 4942 2889 5013 patribus
2937 4940 3198 4993 traditum
3227 4944 3281 4991 et
3309 4936 3673 4989 conservatum

2268 5035 2365 5089 Dei
2409 5007 2661 5097 cultum,
2716 5033 2878 5101 cujus
2930 5029 3086 5101 quasi
3136 5027 3345 5084 semina
3390 5019 3625 5094 quaedam
3670 5007 3783 5106 robii

2272 5127 2389 5181 haec
2416 5127 2580 5182 verba
2607 5126 2974 5196 respergimus
2993 5162 3008 5188 ,
3042 5119 3105 5176 et’
3128 5121 3186 5176 in
3219 5125 3405 5174 vestro
3432 5109 3631 5186 judicio
3665 5112 3785 5175 pom‘

664 5254 709 5287 ι’
739 5253 869 5336 Quae
900 5254 1506 5336 sequuntttr_v_oc_abula
1526 5269 1699 5336 usque
1729 5256 1795 5311 ad
1822 5257 1980 5336 linem
1999 5276 2116 5330 cap.
2145 5261 2234 5325 56,
2259 5262 2457 5317 desunt
2480 5264 2533 5318 in
2558 5264 2717 5318 codd.
2743 5261 2955 5332 Lipss.;
2982 5260 3252 5316 cohaerent
3269 5264 3453 5310 autem
3467 5237 3783 5336 antecedctllif

594 5341 717 5405 cum
752 5328 843 5390 iis,
881 5322 1001 5396 qua:
1056 5343 1176 5396 cap.
1209 5326 1277 5381 '57
1328 5322 1627 5398 legunturf
1662 5325 1765 5381 hoc
1812 5331 2018 5384 modo:
2067 5322 2416 5402 componens,
2450 5352 2568 5388 cum
2607 5334 2791 5405 aliqua
2809 5322 3026 5387 locutus
3064 5341 3225 5397 esset,
3275 5324 3521 5397 prwcepit
3548 5322 3785 5385 αιΡ⁰⁶¹⁸¹⁴

596 5396 701 5462 die,
732 5406 839 5452 etc.

1899 5553 2262 5609 COTi'lLERII
2299 5554 2529 5610 ΝΟΤᾸΕ.

675 5728 751 5800 (2)
792 5729 857 5783 Et
880 5733 1004 5800 quia
1043 5733 1269 5799 speravit
1312 5732 1549 5800 invocare
1588 5748 1771 5785 nomen
1803 5730 2036 5784 Domini.
2074 5730 2169 5785 Vel

606 5784 1239 5857 confundit'llcno'chum
1295 5799 1682 5877 cungnoso;
1717 5784 1825 5857 seu
1861 5802 2042 5871 potius
2093 5784 2168 5858 illi

2278 5731 2680 5802 applicatquod
2716 5732 2779 5786 de
2808 5733 2911 5785 hoc
2942 5731 3145 5787 dictum
3188 5736 3361 5786 luerat
3408 5731 3596 5786 Cenes.
3630 5712 3777 5779 In”:

2271 5800 2426 5871 juxta
2458 5800 2593 5856 LXX
2625 5802 2971 5875 interpretes.
