4036 6252
302 318 434 377 1521

1518 321 2081 381 RECOGNITIONUM
2122 323 2248 379 Lm.
2288 308 2391 383 IV.’

3418 326 3567 384 1522'

298 448 424 488 mus
470 433 614 503 quod
666 444 875 490 rectum
917 434 1133 489 videtur
1170 434 1393 505 eligere,
1443 435 1498 489 Si
1540 437 1686 491 enim
1733 437 1872 491 reci-
1898 452 1948 508 Α
1979 437 2081 494 fide
2107 440 2371 504 credunt,
2417 438 2626 510 absque
2677 441 2785 497 ulla
2830 443 3196 499 remoratione
3235 442 3550 502 discedunt.

298 525 468 595 piatis
495 540 613 593 quze
642 534 828 580 nostra
856 530 985 578 sunt
1005 564 1021 586 ,
1051 539 1161 579 non
1187 526 1362 579 solum
1396 524 1499 594 ipsi
1530 526 1877 581 incursiones

302 620 566 673 daemonis
597 616 835 686 efiugcre
858 655 873 679 ,
907 616 1004 672 sed
1035 625 1090 670 et
1117 632 1184 670 ex
1214 616 1339 671 aliis
1365 632 1460 672 eas
1502 616 1739 687 etTugare
1779 632 1879 687 po-

306 711 484 766 teritis
502 752 518 775 ,
567 710 730 766 simul
760 715 813 763 et
838 716 1169 763 aeternorum
1198 710 1468 764 bonorum
1498 709 1722 778 praemia
1751 725 1879 764 con-

307 803 627 873 sequemini.
660 801 764 867 Qui
791 810 970 856 autem
999 804 1429 871 contempserint
1474 804 1715 871 recipere
1755 818 1877 872 quae

304 895 563 948 dicuntur
592 909 620 945 a
654 893 846 957 nobis,
881 892 933 944 in
961 891 1218 960 prasenti
1249 892 1469 961 quidem
1502 893 1612 945 vita
1644 891 1877 947 diversis

303 986 644 1043 daemonibus
669 993 726 1040 et
753 985 1138 1054 aegritudinum
1170 985 1316 1039 vitiis
1346 984 1728 1052 subjacebunt,
1754 994 1879 1052 post

299 1093 589 1132 excessum
652 1086 832 1131 autem
897 1076 1146 1145 corporis
1205 1078 1369 1131 etiarn
1428 1076 1624 1130 anima:
1683 1087 1874 1130 eorum

302 1171 702 1225 cruciabuntur
733 1170 787 1223 in
821 1177 1167 1239 perpetuum.
1208 1167 1350 1223 Deus
1380 1170 1525 1224 enim
1556 1183 1664 1221 non
1698 1168 1875 1222 solum

300 1264 513 1326 bonus,
549 1263 644 1317 sed
672 1272 726 1316 et
746 1262 934 1329 justus
962 1270 1046 1315 est
1072 1278 1086 1326 ;
1121 1276 1245 1316 nam
1277 1261 1323 1316 si
1354 1276 1570 1330 semper
1601 1261 1777 1314 bonus
1806 1260 1877 1314 sit

296 1366 352 1410 et
387 1370 663 1424 nunquam
691 1355 874 1422 justus
895 1395 911 1419 ,
945 1361 1005 1408 ut
1034 1352 1225 1409 reddat
1258 1353 1553 1422 unicuique
1579 1368 1681 1422 pro
1708 1351 1876 1423 gestis

298 1445 454 1511 suis,
485 1447 687 1501 bonum
722 1446 1031 1500 invenietur
1072 1446 1359 1514 iniustum.
1409 1441 1675 1514 lnjustum
1720 1458 1877 1498 nam-

294 1554 408 1608 que
444 1548 565 1603 est,
609 1539 657 1593 si
701 1540 776 1593 ita
820 1539 966 1609 apud
1010 1555 1137 1594 eum
1166 1539 1432 1594 habeatur
1463 1537 1700 1607 impius,
1733 1537 1877 1592 sicut

293 1638 350 1686 et
383 1634 530 1703 pius.

368 1723 487 1778 XV.
526 1722 698 1793 igitur
729 1722 1005 1780 daemones
1024 1764 1040 1787 ,
1070 1725 1216 1780 sicut
1245 1724 1408 1794 paulo
1439 1732 1566 1781 ante
1593 1723 1834 1779 diximus
1853 1761 1870 1787 ,

294 1834 425 1871 cum
466 1817 856 1873 occasionibus
896 1818 1138 1887 acceptis
1180 1817 1428 1888 ingerere
1470 1832 1531 1871 se
1573 1823 1868 1887 potuerunt
1897 1791 1943 1850 Β

287 1922 392 1977 per
422 1908 597 1961 malos
624 1917 677 1961 et
704 1915 895 1978 turpes
923 1916 1079 1963 actus
1110 1907 1437 1978 corporibus
1468 1907 1746 1961 hominum
1773 1946 1789 1970 ,
1821 1906 1870 1963 si

288 1998 475 2052 multo
504 2008 752 2068 tempore
782 2008 1104 2069 permanent
1137 2001 1191 2054 in
1226 2002 1309 2055 eis
1346 2012 1443 2069 per
1479 1999 1868 2070 negligentiam

286 2090 576 2161 ipsorum,
607 2092 736 2160 quia
768 2091 965 2146 animae
996 2106 1109 2147 sua:
1135 2092 1281 2161 quod
1324 2099 1409 2146 est
1452 2092 1584 2146 utile
1627 2107 1735 2145 non
1782 2104 1872 2145 re-

281 2185 521 2254 quirunt
546 2223 560 2243 .
609 2184 924 2240 necessario
971 2193 1176 2255 cogunt
1205 2200 1301 2240 eos
1330 2185 1694 2238 habitantium
1726 2183 1781 2237 in
1811 2197 1871 2237 se

280 2278 603 2332 dmmonum
633 2280 701 2332 de
733 2278 947 2347 reliquo
975 2277 1158 2332 facere
1188 2278 1520 2332 voluntates.
1570 2274 1726 2341 Quod
1771 2289 1870 2330 au—

278 2377 395 2425 tem
443 2378 531 2424 est
569 2369 812 2423 omnium
856 2367 1132 2432 deterius,
1174 2367 1228 2422 in
1261 2366 1734 2422 consummatione
1768 2380 1872 2421 sae-

276 2462 428 2527 culi,
462 2478 587 2517 cum
618 2460 828 2515 daemon
866 2461 954 2515 ille
985 2460 1095 2530 igni
1126 2459 1374 2515 tradetur
1411 2464 1648 2524 :eterno,
1678 2473 1874 2513 neces-

276 2556 436 2610 sario
467 2562 522 2609 et
552 2554 734 2608 anima
779 2568 905 2624 qua:
950 2553 1001 2608 ei
1047 2553 1263 2622 paruit,
1314 2567 1439 2607 cum
1485 2553 1605 2622 ipso
1649 2551 1871 2607 aeternis

274 2651 513 2719 ignibus
557 2648 923 2715 cruciabitur,
970 2664 1081 2703 una
1131 2662 1256 2702 cum
1305 2661 1537 2717 corpore
1578 2662 1679 2703 suo
1724 2645 1870 2717 quod

315 2737 507 2791 olluit.

315 2753 507 2791 ouuit.

272 2753 313 2807 Ρ
354 2822 508 2879 XVI.
553 2824 836 2882 Dmmones
862 2836 1042 2882 autem
1069 2826 1268 2882 habere
1291 2825 1621 2881 desiderium
1650 2826 1871 2881 immer-

272 2917 454 2989 gendi
488 2932 548 2973 se
580 2920 908 2987 corporibus
939 2920 1220 2974 hominum
1255 2919 1371 2973 hac
1402 2933 1571 2974 causa
1602 2929 1707 2974 est.
1748 2916 1872 2988 Spi-

273 3012 431 3066 ritus
516 3019 645 3065 sunt
702 3011 969 3066 habentes
1026 3012 1367 3082 propositum
1422 3026 1749 3066 conversum
1801 3010 1869 3065 ad

272 3103 557 3158 malitiam
582 3120 596 3167 ;
631 3118 727 3172 per
758 3104 911 3158 cibos
944 3120 1076 3174 ergo
1106 3114 1160 3159 et
1190 3114 1353 3175 potus
1385 3105 1773 3159 immoderatos
1801 3120 1865 3161 ac
1891 3139 1935 3197 ς

270 3194 571 3250 libidinem
600 3202 893 3263 perurgcnt
923 3194 1173 3250 homines
1201 3196 1268 3251 ad
1296 3204 1579 3266 peccatum
1607 3215 1622 3262 ;
1654 3209 1752 3251 cos
1782 3204 1865 3250 ta-

268 3304 407 3342 men
459 3287 550 3355 qui
596 3286 858 3357 peccandi
912 3288 1256 3356 propositum
1298 3296 1530 3357 gerunt,
1578 3291 1674 3358 qui
1728 3291 1860 3345 dum

267 3379 545 3433 videntur
584 3378 897 3433 necessaria
950 3388 1158 3432 natura:
1208 3381 1345 3435 velle
1393 3383 1703 3451 complere,
1753 3396 1864 3437 non

268 3479 538 3526 tenentes
581 3471 802 3525 modum
855 3486 953 3540 per
991 3471 1368 3534 nimietatem.
1415 3474 1754 3544 ingrediendi
1808 3476 1863 3530 in

270 3561 622 3630 semetipsos
651 3562 991 3617 dzcmonibus
1038 3561 1244 3616 faciunt
1292 3562 1493 3619 locum.
1539 3563 1722 3618 Donec
1764 3579 1834 3619 au

263 3660 388 3708 tem
427 3658 637 3705 natura:
667 3667 924 3705 mensura
957 3658 1210 3705 servatur
1254 3660 1308 3706 et
1350 3651 1545 3708 modus
1587 3654 1863 3723 legitimus

261 3743 616 3804 custoditur,
672 3742 767 3798 Dei
812 3743 1099 3798 clementia
1146 3741 1487 3812 ingrediendi
1519 3744 1574 3799 in
1608 3744 1856 3799 homines

261 3851 388 3890 non
421 3833 508 3890 eis
548 3833 737 3888 tribuit
781 3834 1117 3890 facultatem.
1163 3833 1264 3889 Ubi
1298 3850 1428 3890 vero
1471 3844 1564 3890 aut
1604 3851 1760 3891 mens
1791 3833 1861 3890 ad

259 3924 615 3994 impietatem
650 3923 1032 3983 declinaverit.
1087 3932 1182 3978 aut
1221 3940 1423 3995 corpus
1472 3927 1858 3984 immoderatis

251 4016 417 4071 cibis
457 4029 523 4068 ac
558 4016 776 4085 potibus
811 4017 1220 4087 adimplebitur,
1271 4026 1531 4088 tanquam
1577 4020 1860 4077 voluntate

253 4116 319 4163 et
370 4108 668 4177 proposito
708 4123 897 4162 eorum
945 4110 1039 4179 qui
1082 4126 1142 4165 se
1186 4112 1263 4165 ita
1295 4113 1577 4182 negligunt
1607 4113 1856 4175 invitati,

252 4198 439 4270 quasi
470 4197 761 4253 adversum
793 4215 889 4255 eos
919 4201 1013 4271 qui
1054 4218 1084 4255 a
1128 4201 1237 4258 Deo
1270 4204 1503 4272 positam
1539 4205 1711 4274 legem
1746 4206 1861 4261 sol-

251 4292 487 4354 verint,
522 4290 799 4360 accipiunt
830 4291 1167 4349 facultatem.

331 4381 514 4439 XVII.
557 4381 767 4439 Videtis
805 4401 935 4456 ergo
976 4397 1244 4456 quantum
1288 4388 1468 4443 valeat
1511 4390 1720 4459 agnitio
1762 4389 1856 4446 Dei

1977 532 2173 586 Anima
2204 533 2352 587 enim
2398 548 2525 587 cum
2571 533 2781 587 venerit
2820 534 2887 588 ad
2934 533 3091 589 fidem
3127 534 3251 599 Dei,
3297 537 3551 593 caelestis

1979 637 2133 691 aqua:
2167 623 2424 677 virtutem
2469 624 2851 692 consequitur,
2901 640 2997 693 per
3037 641 3200 695 quam
3249 626 3552 682 daemonem

1978 721 2237 780 tanquam
2266 714 2557 767 scintillam
2592 715 2733 783 ignis
2762 716 3095 785 exstinguat.

2051 804 2237 861 XVIII.
2278 805 2372 860 Est
2403 821 2533 877 ergo
2567 806 2690 861 fidei
2739 822 3032 870 mensura,
3077 824 3198 877 quae
3239 810 3286 863 si
3335 809 3549 881 integra

1979 899 2087 961 sit,
2120 913 2186 952 ex
2219 898 2433 969 integro
2465 899 2532 952 de
2562 899 2746 953 anima
2779 899 3079 955 daemonem
3112 900 3303 972 fugat;
3338 901 3382 955 si
3416 917 3549 957 vero

1979 988 2160 1042 minus
2209 988 2421 1057 aliquid
2468 988 2700 1052 habeat,
2748 991 2952 1045 residet
3001 991 3181 1045 adhuc
3226 992 3430 1060 aliquid
3480 991 3551 1047 de

1978 1081 2225 1149 portione
2260 1080 2526 1135 daemonis
2559 1082 2613 1135 in
2658 1083 2910 1151 portione
2951 1082 3325 1146 infidelitatis,
3370 1094 3422 1138 et
3465 1092 3552 1138 est

1979 1172 2254 1240 plurimus
2297 1174 2476 1238 labor,
2537 1183 2598 1228 ut
2646 1176 2917 1246 intelligat
2963 1175 3145 1231 anima
3192 1177 3410 1247 quando
3456 1186 3552 1230 aut

1977 1265 2233 1333 qualiter,
2282 1265 2329 1320 si
2376 1266 2534 1334 plene
2575 1275 2671 1321 aut
2718 1271 2900 1321 minus
2945 1269 3102 1337 plene
3131 1284 3197 1323 ex
3229 1285 3289 1324 se
3334 1267 3551 1339 fugatus

1977 1354 2050 1408 sit
2079 1354 2314 1410 daemon.
2349 1353 2405 1410 Si
2437 1357 2582 1411 enim
2616 1357 2669 1410 in
2701 1358 2885 1427 aliqua
2913 1368 3067 1428 parte
3096 1359 3395 1424 resederit,
3426 1375 3554 1415 cum

1979 1453 2193 1515 tempus
2224 1445 2498 1512 inveniet,
2526 1449 2886 1519 cogitationes
2915 1450 3139 1520 subjicit
3165 1453 3423 1509 cordibus
3452 1453 3555 1507 ho-

1978 1539 2187 1594 minum
2212 1582 2229 1605 ,
2261 1548 2315 1594 et
2345 1540 2425 1594 illi
2458 1543 2770 1599 nescientes
2800 1544 2947 1598 unde
2981 1544 3095 1598 haec
3130 1547 3379 1608 veniant,
3424 1563 3556 1615 511⁸-

1974 1630 2315 1700 gestionibus
2358 1632 2661 1689 daemonum
2710 1635 2871 1704 quasi
2909 1636 3106 1690 anima:
3157 1652 3271 1692 suae
3298 1639 3552 1693 sensibus

1976 1720 2228 1776 credunt.
2260 1720 2579 1794 Suggerunt
2604 1740 2735 1795 ergo
2768 1726 2893 1782 aliis
2937 1729 3232 1784 occasione
3273 1744 3552 1799 corporeae

1973 1814 2320 1871 necessitatis
2378 1817 2604 1873 delicias
2662 1821 2848 1890 sequi,
2908 1822 3140 1875 aliorum
3200 1821 3543 1875 iracundiam

1972 1914 2240 1961 excusant
2265 1922 2363 1978 per
2389 1908 2779 1965 abundantiam
2811 1913 2955 1968 fellis
2974 1952 2990 1976 ,
3021 1913 3250 1966 aliorum
3279 1913 3553 1967 insaniam

1974 1997 2115 2066 nigri
2144 1998 2287 2054 fellis
2316 2001 2661 2056 vehementia
2705 2004 2949 2057 colorant
2975 2043 2990 2062 .
3026 2004 3119 2059 sed
3161 2012 3217 2059 et
3263 2005 3551 2059 stultitiam

1971 2092 2336 2160 quorumdam
2358 2109 2457 2163 pro
2481 2094 2830 2151 multitudine
2856 2097 3181 2167 phlegmatis
3231 2105 3548 2152 extenuant.

1972 2178 2130 2245 Quod
2179 2182 2282 2236 etsi
2330 2181 2406 2235 ita
2454 2193 2630 2247 esset,
2677 2192 2860 2240 tamen
2906 2186 3021 2240 haec
3064 2186 3284 2257 singula
3319 2187 3552 2241 molesta

1970 2275 2188 2344 corpori
2218 2291 2342 2331 esse
2370 2289 2479 2331 non
2516 2284 2759 2344 possent,
2785 2277 2893 2333 nisi
2915 2293 2982 2333 ex
3009 2279 3255 2334 ciborum
3284 2287 3545 2349 potitum-

1971 2381 2077 2435 que
2133 2366 2449 2431 nimietate,
2502 2370 2594 2434 qui
2654 2384 2779 2422 cum
2819 2369 2971 2438 justo
3035 2370 3273 2440 amplius
3318 2386 3551 2426 suumn-

1971 2465 2083 2522 tur,
2116 2458 2452 2514 abundantia
2486 2475 2677 2514 eorum
2724 2476 2891 2530 quam
2930 2462 3239 2531 decoquere
3283 2465 3551 2519 naturalis

1972 2565 2080 2604 non
2111 2550 2309 2606 sufﬁcit
2335 2551 2508 2615 calor,
2542 2551 2820 2606 crudescit
2849 2551 2905 2607 in
2933 2568 3205 2607 venenum
3235 2553 3543 2623 quoddam,

1971 2642 2135 2713 idque
2164 2644 2470 2699 visceribus
2502 2645 2770 2713 venisque
2801 2644 3055 2697 omnibus
3085 2643 3314 2699 sentina:
3344 2648 3396 2697 in
3429 2658 3548 2697 mo-

1971 2734 2102 2790 dum
2135 2736 2455 2790 redundans
2478 2776 2492 2799 ,
2528 2744 2711 2790 motus
2744 2737 2996 2805 corporis
3026 2735 3252 2790 insanos
3280 2736 3460 2790 reddit
3489 2744 3547 2790 et

1971 2835 2183 2897 turpes.
2234 2826 2466 2898 Propter
2512 2829 2658 2898 quod
2708 2829 2764 2883 in
2815 2828 3073 2883 omnibus
3110 2838 3195 2883 est
3249 2829 3545 2885 obtinenda

1972 2920 2310 2990 parcitnonia
2336 2960 2351 2984 ,
2385 2928 2444 2973 ut
2475 2936 2652 2990 neque
2682 2920 3024 2976 dmmonibus
3057 2921 3210 2976 locus
3241 2920 3418 2985 detur,
3448 2936 3547 2975 no.-

1973 3028 2080 3082 que
2110 3013 2291 3067 anima
2318 3014 2389 3067 ab
2418 3013 2500 3067 eis
2544 3015 2771 3069 obsessa
2816 3026 2925 3066 una
2960 3027 3086 3066 cum
3126 3011 3263 3083 ipsis
3293 3011 3546 3065 tradatur

1972 3105 2195 3161 aeternis
2229 3104 2451 3173 ignibus
2482 3104 2798 3160 erucianda.

2040 3197 2183 3254 XIX.
2225 3197 2324 3253 Est
2350 3205 2405 3253 et
2435 3197 2578 3252 alius
2608 3213 2764 3252 error
2792 3197 3102 3253 daemonum
3121 3236 3138 3263 ,
3169 3210 3332 3267 quem
3365 3195 3542 3265 subji-

1966 3292 2122 3347 ciunt
2153 3292 2410 3346 sensibus
2442 3289 2761 3354 hominum,
2807 3295 2868 3343 ut
2899 3296 3091 3359 putent
3122 3304 3181 3344 se
3214 3289 3284 3343 ab
3319 3288 3406 3342 his
3443 3288 3540 3357 qui

1966 3384 2230 3438 dicuntur
2258 3383 2333 3438 dii
2364 3382 2573 3453 perpeti
2606 3396 2725 3451 quae
2753 3382 3056 3452 patiuntur,
3086 3394 3195 3450 quo
3244 3395 3341 3449 per
3383 3379 3496 3433 lucc
3520 3419 3538 3440 .

1970 3475 2245 3532 sacriﬁcia
2277 3474 2566 3529 offerentes
2596 3482 2651 3528 ct
2683 3488 2909 3527 munera
2932 3512 2948 3537 .
2983 3471 3141 3543 quasi
3171 3471 3541 3543 repropitian-

1964 3570 2049 3618 tes
2079 3578 2215 3624 eos,
2272 3563 2481 3616 cultum
2538 3562 2691 3616 falsa:
2738 3561 3025 3632 religionis
3076 3560 3381 3627 aflirment,
3439 3575 3540 3615 nos

1965 3669 2102 3708 vero
2132 3652 2413 3723 refugiant
2442 3652 2537 3725 qui
2567 3668 2668 3723 pro
2692 3653 2870 3708 salute
2894 3666 3084 3707 eorum
3116 3651 3415 3720 satagimus
3434 3689 3450 3713 ,
3480 3658 3542 3703 ut

1964 3742 2033 3797 ab
2079 3757 2265 3799 errore
2307 3743 2649 3811 liberentur;
2708 3742 2808 3799 sed
2852 3744 2991 3807 hoc,
3038 3750 3097 3798 ut
3136 3742 3284 3806 dixi,
3331 3741 3540 3796 faciunt

1963 3834 2285 3906 ignorantes
2314 3836 2460 3906 quod
2493 3836 2768 3891 daemones
2801 3836 2908 3890 ista
2939 3835 3047 3891 sibi
3088 3842 3419 3906 suggerant,
3469 3851 3540 3890 ue

1964 3928 2270 3982 salventur.
2328 3926 2425 3983 Est
2473 3943 2603 3998 ergo
2646 3927 2701 3983 in
2746 3934 3019 3998 potestate
3065 3927 3535 3997 uniuscujusque,

1959 4021 2090 4090 quia
2121 4020 2279 4075 liberi
2324 4021 2539 4074 arbitrii
2572 4019 2751 4075 factus
2782 4030 2869 4075 est
2914 4019 3115 4083 homo,
3149 4027 3331 4073 utrum
3376 4019 3537 4074 nobis

1960 4113 2093 4167 velit
2125 4113 2314 4167 audire
2346 4113 2411 4165 ad
2438 4112 2607 4166 vitam
2628 4154 2644 4177 ,
2675 4128 2743 4166 an
2769 4110 3109 4167 daemonibus
3134 4111 3199 4164 ad
3230 4111 3534 4165 interitum.

1962 4200 2106 4256 Aliis
2135 4201 2298 4256 etiam
2329 4202 2610 4256 dzemones
2639 4202 2695 4256 in
2725 4200 2846 4256 visu
2875 4216 2970 4271 per
2996 4199 3242 4255 diversas
3273 4199 3536 4269 imagines

1960 4302 2332 4364 apparentes,
2370 4294 2644 4348 interdum
2677 4292 2855 4348 minas
2899 4292 3223 4355 intendunt,
3261 4291 3533 4346 interdum

1959 4388 2224 4443 sanitates
2253 4378 2791 4442 incommoditatibus
2819 4386 3171 4456 pollicentur,
3200 4394 3259 4440 ut
3286 4385 3372 4438 his
3394 4400 3534 4455 quos

243 4484 309 4531 et
343 4475 564 4530 divina:
606 4476 889 4546 religionis
929 4478 1284 4533 observantia
1310 4520 1324 4543 ,
1359 4496 1480 4550 qua:
1522 4497 1629 4535 non
1677 4482 1856 4536 solum
1889 4478 1932 4532 D
1962 4480 2245 4550 decipiunt
2276 4480 2503 4535 deorum
2535 4479 2895 4534 nihilominus
2926 4478 2995 4534 de
3024 4494 3086 4533 se
3132 4480 3378 4534 inserant
3415 4478 3523 4547 opi-

244 4567 526 4623 defendit
556 4568 841 4624 credentes
870 4570 940 4624 ab
971 4572 1382 4628 incursionibus
1430 4572 1685 4627 daemonii
1706 4614 1721 4636 ,
1764 4588 1863 4630 ve-

244 4678 382 4717 rum
419 4669 481 4715 et
517 4660 787 4730 imperare
841 4678 938 4717 eos
990 4662 1121 4717 facit
1159 4664 1247 4719 his
1292 4665 1385 4734 qui
1427 4667 1642 4721 caeteris
1683 4667 1861 4721 domi-

241 4763 499 4812 nantur.
534 4754 596 4808 Et
628 4756 750 4810 ideo
779 4758 1152 4811 necessarium
1178 4758 1335 4813 vobis
1360 4765 1471 4825 est,
1502 4759 1595 4828 qui
1626 4759 1761 4814 estis
1791 4776 1858 4815 ex

240 4846 566 4919 gentibus,
598 4846 895 4917 confugere
925 4848 992 4903 ad
1024 4846 1192 4904 Deum
1223 4858 1277 4905 et
1305 4851 1601 4907 observare
1650 4869 1747 4908 vos
1781 4855 1851 4908 ab

238 4938 418 4995 omni
458 4935 804 4993 immunditia
826 4979 842 5003 ,
876 4947 935 4994 ut
975 4941 1221 5011 expulsis
1253 4941 1592 4999 daamonibus
1621 4944 1713 5000 Dei
1745 4945 1848 4999 ha-

240 5032 473 5093 bitatio
507 5029 598 5083 fiat
630 5033 684 5085 in
715 5036 891 5091 vobis.
922 5038 1097 5092 Simul
1124 5049 1179 5094 et
1204 5038 1547 5094 orationibus
1576 5057 1850 5098 commen-

238 5126 389 5181 date
423 5137 529 5175 vos
574 5120 719 5188 Deo,
766 5134 821 5179 et
864 5128 1207 5199 interpellate
1249 5146 1373 5186 eum
1414 5131 1706 5189 adversum
1746 5134 1847 5188 im-

238 5213 589 5291 pudentiam
624 5215 928 5271 daunonum
956 5238 971 5287 ;
1002 5223 1289 5277 credentes
1318 5224 1464 5277 enim
1500 5240 1846 5297 quaecunque

233 5306 542 5384 petieritis
562 5348 575 5370 ,
608 5308 887 5378 accipietis
912 5314 977 5368 ’°.
1008 5313 1112 5370 Sed
1133 5324 1185 5371 et
1212 5318 1311 5386 ipsi
1340 5317 1615 5375 daemones
1641 5330 1845 5391 quanto

229 5399 509 5459 viderint
539 5401 698 5454 fidem
729 5417 982 5460 crescere
1014 5406 1066 5460 in
1096 5409 1348 5475 homine,
1382 5418 1536 5467 tanto
1566 5413 1634 5467 ab
1665 5428 1730 5467 en
1757 5430 1844 5468 re-

228 5493 483 5563 fugiunt
514 5491 568 5543 in
594 5507 655 5544 ea
689 5494 865 5547 solum
898 5506 1051 5563 parte
1077 5500 1381 5558 residentes
1401 5542 1416 5567 ,
1449 5504 1503 5557 in
1526 5520 1632 5575 qua
1663 5504 1841 5559 adhuc

224 5576 469 5653 aliquid
506 5578 839 5635 infidelitatis
863 5585 1162 5655 resederit;
1192 5588 1259 5642 ab
1288 5590 1371 5645 his
1400 5608 1528 5648 vero
1558 5593 1649 5665 qui
1680 5594 1839 5664 plena

349 5762 401 5793 ’⁸
440 5757 639 5813 Matth.
676 5777 791 5827 XXI,
824 5761 912 5815 ‘22.

452 5856 735 5923 Psrnot.
785 5854 899 5917 Gn.
951 5858 1001 5920 1.

1962 4572 2183 4628 nionem
2203 4610 2219 4637 ,
2251 4580 2307 4627 et
2339 4572 2487 4642 quod
2519 4573 2627 4627 sint
2652 4572 2930 4629 daemones
2961 4573 3262 4643 ignoretur.
3297 4570 3401 4625 Sed
3433 4587 3535 4627 nos

1963 4683 2072 4722 non
2104 4667 2304 4732 latent,
2334 4668 2571 4723 scientes
2599 4667 2918 4738 mysterium
2951 4673 3252 4729 creaturae,
3286 4674 3339 4720 et
3368 4680 3531 4736 quam

1962 4761 2034 4815 ob
2062 4775 2287 4815 causam
2320 4761 2659 4815 daemonibus
2692 4761 2805 4815 haec
2833 4775 2996 4831 agere
3037 4760 3091 4813 in
3137 4758 3389 4829 praesenti
3424 4774 3534 4813 sa:-

1962 4852 2090 4906 culo
2117 4852 2488 4922 permittatur,
2522 4860 2583 4903 ut
2614 4850 2697 4905 vel
2731 4848 3114 4905 transformari
3144 4848 3226 4903 eis
3270 4847 3432 4902 liceat
3476 4846 3534 4899 in

1958 4959 2100 5014 quas
2123 4943 2315 4997 volunt
2340 4942 2604 5013 imagines
2624 4982 2638 5006 ,
2672 4943 2757 4997 vel
2787 4956 3077 5011 suggerere
3100 4954 3297 5010 pravas
3318 4938 3531 5007 cogita-

1952 5040 2129 5094 tiones
2150 5078 2165 5101 ,
2195 5036 2279 5093 vel
2306 5038 2549 5091 inserere
2580 5052 2639 5091 se
2669 5051 2765 5105 per
2791 5034 2945 5091 cibos
2973 5041 3027 5089 ct
3052 5042 3239 5104 potum
3268 5031 3374 5089 sibi
3398 5048 3532 5087 con-

1951 5140 2228 5185 secratum
2266 5130 2547 5184 mentibus
2577 5129 2661 5183 vel
2694 5128 3023 5197 corporibus
3057 5140 3248 5183 eorum
3273 5169 3289 5194 ,
3322 5126 3415 5196 qui
3459 5141 3529 5179 ex

1949 5241 2015 5279 eo
2046 5223 2417 5294 sumpserint,
2451 5223 2536 5277 vel
2564 5221 2632 5275 ad
2669 5219 2797 5275 idoli
2843 5218 3082 5289 alicujus
3122 5219 3526 5275 venerationem

1952 5319 2164 5376 somnia
2192 5332 2331 5371 vana
2361 5316 2693 5388 confingere.

2024 5411 2143 5467 ΧΧ.
2186 5411 2249 5465 Et
2280 5420 2461 5467 tamen
2492 5412 2617 5481 quis
2650 5411 2721 5464 ita
2756 5409 2876 5465 sine
2912 5424 3080 5465 sensu
3110 5404 3404 5467 invenitur,
3434 5404 3525 5459 cui

1950 5504 2273 5575 persuaderi
2309 5504 2537 5565 debeat,
2576 5511 2636 5557 ut
2668 5501 2873 5556 idolum
2905 5502 3084 5565 colat,
3119 5500 3235 5556 sive
3276 5496 3411 5553 illud
3452 5512 3521 5551 ex

1950 5610 2084 5649 auro
2116 5597 2229 5650 sive
2259 5610 2325 5648 ex
2357 5593 2602 5665 quolibet
2634 5592 2854 5649 metallo
2886 5592 3087 5647 factum
3118 5590 3236 5647 sit?
3260 5587 3364 5645 Cui
3406 5602 3518 5642 nou

3130 5862 3212 5920 ω
