4036 6252
527 316 671 374 1525

1445 317 1501 371 S.
1538 311 1937 371 CLEMENTIS
1974 309 1995 364 Ι
2027 310 2193 367 ΗΘΜ.
2232 307 2434 365 ΡΟΝΤ.
2472 304 2699 362 OPERA
2733 304 2961 361 DUBIA.

3610 308 3737 367 liii

523 439 706 510 palam
736 444 822 493 est
844 435 902 492 id
924 432 1045 493 esse
1076 436 1208 491 illud
1242 435 1522 490 metallum
1543 475 1556 497 ,
1589 431 1738 502 quod
1769 428 1967 484 artifex
2000 444 2095 481 vo-
2122 437 2171 488 Α
2198 425 2392 496 agendi
2441 431 2655 478 tantum
2704 423 2995 479 adversum
3045 436 3148 476 nos
3172 462 3186 485 ,
3240 429 3295 474 et
3337 409 3725 493 nihil-loquendi

526 530 669 585 luit?
708 527 995 595 Quomodo
1040 523 1170 597 ergo
1214 528 1397 582 inesse
1438 525 1513 579 ibi
1552 523 1814 577 divinitas
1856 518 2098 590 putanda

527 630 651 686 est,
683 620 830 691 quod
868 620 916 674 si
948 619 1220 673 noluisset
1250 616 1481 679 artifex,
1516 614 1742 668 omnino
1775 628 1883 666 non
1914 612 2103 666 esset?

529 720 624 766 aut
666 710 940 783 quomodo
984 710 1110 763 inde
1146 709 1329 763 futura
1365 708 1469 763 sibi
1499 705 1815 759 annuntiari
1847 712 2098 772 sperent,

497 861 500 864 ,
530 805 626 859 ubi
658 820 765 858 nec
791 800 1144 873 praesentium
1178 799 1378 868 aliquis
1414 797 1724 850 intellectus
1756 796 1879 848 θειῖ
1906 793 2104 860 Quam-

537 897 623 949 vis
664 894 883 949 etiamsi
932 891 1139 961 aliquid
1184 889 1523 951 divinarent,
1570 902 1677 940 non
1720 887 1982 939 continuo
2024 883 2101 937 dii

528 982 721 1040 haberi
751 997 1004 1055 possent;
1033 983 1161 1052 quia
1187 981 1331 1034 aliud
1360 988 1442 1034 est
1465 979 1760 1040 divinatio,
1789 978 1935 1032 aliud
1960 976 2103 1031 divi-

532 1077 697 1130 nitas.
731 1072 870 1126 Nam
902 1080 957 1125 et
986 1071 1262 1142 Pythones
1295 1068 1543 1122 divinare
1573 1067 1852 1129 videntur,
1894 1072 1949 1119 et
1994 1079 2104 1117 non

532 1169 796 1223 continuo
828 1164 904 1219 dii
938 1171 1101 1225 sunt,
1144 1161 1379 1230 denique
1427 1175 1458 1213 a
1499 1157 1827 1213 Christianis
1870 1156 2106 1211 homini—

530 1261 639 1315 bus
667 1258 981 1329 effugantur
1013 1255 1089 1326 (5)
1114 1273 1131 1323 ;
1156 1264 1213 1309 et
1238 1252 1516 1324 quomodo
1547 1252 1692 1307 Deus
1734 1258 1850 1315 est,
1883 1250 1978 1319 qui
2020 1249 2108 1302 fu-

534 1360 695 1423 gatur
725 1352 795 1405 ab
825 1347 1089 1403 homine?
1119 1345 1229 1401 Sed
1271 1345 1413 1400 dicis
1461 1346 1738 1399 fortasse:
1783 1342 1917 1411 quid
1957 1340 2106 1412 quod

535 1444 799 1500 sanitates
829 1440 1069 1496 efﬁciunt
1090 1479 1105 1504 ,
1137 1447 1193 1493 et
1225 1439 1497 1509 quomodo
1526 1439 1650 1508 quis
1676 1445 1897 1492 curetur
1923 1445 2109 1492 osten-

534 1534 716 1588 dunt?
746 1532 859 1586 Hac
902 1531 1118 1585 ratione
1160 1529 1377 1584 colendi
1421 1537 1550 1584 sunt
1592 1528 1758 1583 etiam
1802 1526 1999 1585 medici
2049 1535 2109 1580 ut

535 1623 641 1686 dii,
671 1622 871 1676 multos
900 1622 1045 1676 enim
1090 1627 1320 1685 sanant,
1367 1628 1421 1672 et
1464 1626 1670 1690 quanto
1711 1618 1836 1689 quis
1878 1617 2108 1687 peritior

535 1714 733 1777 fuerit,
768 1721 924 1767 tanto
956 1714 1144 1783 plures
1183 1711 1421 1766 sanabit.

606 1804 744 1858 XXI.
787 1804 942 1859 Unde
964 1810 1217 1869 constat,
1244 1804 1379 1857 istos
1405 1818 1530 1857 cum
1558 1803 1669 1857 sint
1688 1802 1973 1857 daemonici
1996 1803 2109 1873 spi-

533 1896 681 1950 ritus
706 1935 721 1960 ,
753 1904 811 1949 et
844 1895 1019 1948 multo
1050 1894 1217 1947 citius
1248 1893 1390 1947 scire
1422 1893 1605 1963 aliqua
1640 1900 1693 1948 et
1723 1894 1896 1948 multo
1924 1894 2106 1963 perfe-

534 1990 681 2042 ctius
707 2005 721 2054 ;
752 2002 862 2041 non
895 1989 1041 2042 enim
1082 1985 1155 2039 ad
1198 1985 1518 2039 discendum
1560 1986 1818 2040 tarditate
1861 1986 2109 2054 corporis

534 2082 922 2152 degravantur.
956 2081 1020 2136 Et
1051 2082 1174 2137 ideo
1201 2098 1323 2154 quae
1350 2081 1546 2137 medici
1579 2083 1743 2150 longo
1775 2089 2025 2149 tempore
2056 2085 2109 2132 et

534 2172 723 2227 labore
755 2173 991 2243 plurimo
1018 2183 1372 2244 assequntur,
1404 2174 1521 2227 haec
1565 2173 1643 2239 illi
1685 2182 1946 2241 tanquam
1992 2172 2110 2241 spi-

534 2264 681 2319 ritus
701 2305 716 2330 ,
748 2266 959 2335 absque
988 2281 1142 2320 mora
1172 2268 1283 2321 ulla
1309 2276 1366 2321 et
1410 2266 1615 2336 absque
1658 2263 1976 2319 diflicultate
1996 2278 2111 2317 .co-

538 2364 835 2425 gnoscunt.
869 2355 987 2410 Non
1030 2373 1161 2428 ergo
1203 2359 1402 2412 mirum
1448 2365 1571 2421 est,
1623 2357 1671 2411 si
1730 2356 1855 2425 plus
1905 2354 2110 2424 aliquid

534 2459 700 2518 quam
748 2446 997 2502 homines
1044 2451 1267 2514 sciunt;
1322 2446 1419 2503 sed
1460 2446 1565 2505 hoc
1610 2445 1937 2500 intuendum
1988 2454 2107 2510 est,

540 2539 689 2608 quod
721 2556 785 2593 ea
819 2555 941 2609 quae
985 2541 1207 2604 sciunt,
1258 2557 1367 2594 non
1402 2540 1467 2593 ad
1503 2540 1733 2593 salutem
1766 2540 1859 2594 sed
1906 2539 1973 2593 ad
2017 2541 2114 2594 dc—

534 2629 842 2697 ceptionem
877 2630 1163 2698 proferunt
1213 2631 1521 2685 animarum
1554 2670 1567 2693 ,
1620 2640 1679 2684 ut
1721 2645 1818 2699 per
1862 2630 1977 2684 haec
2020 2646 2115 2686 eas

544 2720 752 2779 cultum
803 2719 955 2775 falsae
1001 2722 1283 2791 religionis
1330 2722 1613 2778 edoceant.
1670 2722 1777 2776 Sed
1823 2720 2000 2786 Deus,
2048 2737 2116 2776 ne

539 2819 710 2875 tanta:
739 2810 1079 2883 deceptionis
1106 2828 1262 2869 error
1296 2815 1489 2869 lateret
1531 2824 1584 2870 ct
1633 2814 1952 2870 errantibus
2002 2814 2117 2881 ipse

540 2918 710 2958 causa
734 2903 1011 2959 videretur
1036 2906 1273 2962 existere
1290 2947 1307 2972 ,
1331 2908 1425 2977 qui
1458 2915 1667 2961 tantum
1693 2906 1774 2962 eis
1800 2907 1964 2960 licere
1994 2920 2139 2976 per-_

546 2995 737 3058 misit,
774 3004 835 3050 ut
864 3011 961 3065 per
986 2997 1390 3063 divinationes,
1422 3014 1519 3068 per
1565 2998 1884 3052 curationes
1923 3006 1976 3051 et
2024 3012 2120 3065 per

542 3086 755 3139 somnia
785 3086 1033 3157 decipere
1066 3088 1321 3143 homines
1369 3089 1589 3158 possint
1612 3129 1626 3153 ,
1660 3088 1965 3142 clementiae
2008 3104 2121 3142 sua:

540 3177 841 3231 remedium
868 3178 1457 3248 providithominibus,
1484 3190 1537 3233 et
1562 3179 1973 3233 distinctionem
1999 3178 2120 3232 falsi

542 3268 770 3338 verique
826 3270 972 3323 scire
1029 3270 1379 3338 cupientibus
1438 3273 1496 3324 in
1561 3270 1853 3341 propatulo
1917 3270 2118 3341 posuit.

550 3356 649 3413 Est
679 3376 812 3429 ergo
845 3362 951 3416 ista
983 3361 1266 3417 distinctio
1302 3362 1378 3432 (4)
1410 3380 1424 3417 :
1459 3362 1618 3428 Quod
1663 3379 1692 3417 a
1737 3378 1867 3418 vero
1901 3363 2012 3418 Deo
2040 3363 2125 3417 di-

550 3452 698 3506 (itur
729 3455 842 3508 sive
870 3471 966 3525 per
998 3455 1292 3524 prophetas
1312 3495 1329 3522 ,
1361 3457 1475 3510 sive
1520 3472 1620 3526 per
1665 3456 1905 3513 visiones
1942 3458 2125 3512 diver-

552 3559 645 3598 sas
668 3584 682 3607 ,
716 3561 930 3615 semper
960 3563 1148 3601 verum
1179 3555 1262 3602 est
1288 3566 1301 3603 :
1335 3549 1483 3618 quod
1513 3559 1694 3603 autem
1726 3566 1753 3602 a
1784 3550 2125 3605 daemonibus

548 3638 884 3707 prmdicitur,
917 3654 1025 3694 non
1067 3656 1280 3710 semper
1324 3658 1512 3697 verum
1553 3652 1657 3698 est.
1707 3643 1801 3699 Est
1841 3661 1973 3717 ergo
2012 3646 2125 3700 cvi-

548 3734 731 3789 dcntis
765 3734 989 3799 indicii,
1027 3750 1134 3789 non
1167 3753 1195 3789 a
1226 3752 1355 3793 vero
1385 3738 1495 3793 Deo
1532 3738 1639 3792 dici
1673 3754 1767 3802 ea,
1821 3739 1875 3792 in
1924 3741 2125 3809 quibus

548 3826 853 3895 aliquando
883 3825 1227 3879 mendacium
1260 3836 1373 3893 est,
1421 3828 1477 3880 in
1528 3828 1760 3881 veritate
1802 3828 1946 3882 enim
1985 3844 2128 3881 nun-

552 3932 718 3987 quam
752 3918 1097 3972 mendacium
1132 3924 1247 3981 est,
1281 3918 1334 3972 in
1371 3920 1455 3973 his
1486 3928 1668 3975 autem
1705 3918 1800 3989 qui
1843 3921 2128 3975 mentiun-

550 4017 663 4072 tur,
698 4017 878 4079 potest
929 4011 1226 4082 aliquando
1270 4021 1327 4067 et
1374 4012 1622 4067 veritatis
1664 4012 1872 4082 aliquid
1925 4012 2132 4067 admis-

552 4102 666 4157 ceri
687 4141 700 4163 ,
735 4118 831 4172 per
859 4104 1005 4172 quod
1036 4104 1328 4159 mendacia
1360 4104 1708 4159 condiantur.

594 4193 790 4251 (XXII.
829 4195 984 4260 Quod
1027 4196 1072 4251 si
1116 4197 1264 4251 dicat
1314 4197 1552 4267 aliquis:
1601 4196 1741 4261 Quid
1788 4198 1934 4251 enim
1992 4189 2129 4269 opus

555 4295 675 4341 erat
710 4287 815 4341 hoc
846 4287 1024 4357 ipsum
1048 4329 1064 4351 ,
1093 4296 1152 4341 ut
1184 4287 1265 4343 cis
1290 4288 1700 4359 permitteretur
1725 4289 1809 4343 vel
1836 4291 2131 4359 aliquando

555 4394 747 4433 verum
780 4378 992 4443 dicere,
1025 4388 1080 4434 et
1112 4395 1210 4449 per
1243 4381 1344 4435 hoc
1385 4388 1598 4434 tantum
1642 4396 1885 4435 errorem
1930 4394 2133 4436 morta-

557 4470 705 4525 libus
735 4470 1047 4535 introduci,
1084 4472 1270 4526 audiat
1311 4471 1379 4527 ad
1417 4472 1532 4526 haec
1562 4491 1585 4526 ι
1624 4470 1682 4525 Si
1724 4472 1803 4527 eis
1846 4489 2129 4544 nunquam

560 4566 757 4621 fuisset
782 4565 1053 4620 indultum
1095 4567 1210 4620 veri
1256 4567 1463 4637 aliquid
1507 4567 1725 4633 dicere,
1768 4569 1994 4622 omnino
2034 4583 2135 4622 nec

559 4656 922 4726 praedicerent
951 4657 1195 4728 aliquid;
1225 4673 1334 4711 non
1373 4657 1733 4725 pradiccntes
1775 4664 1990 4724 autem,
2034 4673 2134 4712 nec

561 4750 709 4821 quod
765 4751 1276 4807 essent-daemones
1321 4759 1814 4822 cognoscerentur.
1873 4750 2031 4815 Quod
2088 4748 2133 4803 si

562 4844 953 4914 ignorarentur
983 4859 1108 4898 esse
1139 4844 1415 4899 dremones
1448 4844 1502 4898 in
1536 4844 1640 4898 hoc
1672 4843 1908 4907 mundo,
1943 4843 2135 4912 agonis

564 4936 740 4992 nostri
769 4943 826 4990 et
854 4934 1174 4990 certaminis
1205 4949 1306 4991 nos
1349 4950 1517 4990 causa
1560 4934 1845 4997 latuisset,
1888 4941 1944 4986 et
1985 4939 2135 5001 pate-

565 5044 752 5085 remur
781 5029 960 5100 palam
994 5045 1116 5099 qute
1143 5037 1409 5100 geruntur
1438 5028 1494 5082 in
1537 5027 1755 5083 occulto
1792 5041 1806 5077 :
1844 5026 2046 5096 quippe
2088 5023 2135 5077 si

2200 517 2432 572 facultas
2462 517 2542 571 eis
2587 530 2852 569 concessa
2897 514 3194 568 videretur.
3245 512 3401 567 Nunc
3448 523 3612 569 autem
3653 520 3746 573 ubi'

2201 606 2494 676 aliquando
2540 620 2701 667 vera,
2750 603 3043 673 aliquando
3091 604 3228 658 falsa
3276 604 3545 669 dicuntur,
3592 607 3731 662 debe-

2201 714 2323 753 mus
2349 710 2675 768 agnoscere,
2703 702 2761 749 ut
2786 698 3040 764 superius
3065 696 3214 761 dixi,
3242 696 3537 750 dannonum
3564 706 3613 752 et
3640 715 3730 755 non

2204 789 2299 845 Dei
2344 786 2467 844 esse
2516 803 2809 857 responsa,
2863 789 3004 856 apud
3046 803 3206 857 quem
3250 787 3579 843 mendacium
3614 807 3732 845 nun-

2205 897 2370 953 quam
2402 890 2507 936 est.

2274 973 2463 1029 XXIII.
2498 974 2655 1040 Quod
2683 975 2729 1030 si
2756 973 3033 1028 curiosius
3060 974 3186 1043 quis
3210 975 3557 1043 progrediens
3578 976 3732 1031 dicat:

2205 1066 2348 1133 Quid
2379 1068 2532 1123 enim
2559 1082 2698 1136 opus
2727 1074 2847 1121 erat
2878 1066 3196 1134 huiusmodi
3229 1068 3370 1118 mala
3408 1082 3436 1119 a
3470 1066 3571 1121 Deo
3601 1070 3698 1121 ficri
3719 1109 3731 1131 ,

2206 1160 2407 1230 quibus
2432 1159 2498 1212 ad
2530 1158 2925 1214 subvertendas
2952 1167 3163 1213 mentes
3180 1159 3446 1214 humanas
3461 1168 3600 1213 tanta
3615 1170 3734 1216 esset

2206 1252 2483 1306 intentio?
2518 1251 2643 1307 Haac
2672 1251 3000 1323 proponenti
3047 1253 3502 1320 respondebimus
3530 1270 3541 1305 :
3584 1254 3734 1322 requi-

2206 1344 2437 1399 rendum
2480 1360 2604 1400 esse
2654 1345 2833 1414 primo
2885 1345 3170 1407 omnium,
3224 1347 3269 1398 si
3322 1352 3409 1397 est
3462 1344 3649 1413 aliquid
3690 1346 3737 1398 in

2210 1436 2518 1491 substantia
2552 1438 2778 1492 malum.
2811 1435 2876 1489 Et
2911 1436 3163 1506 quamvis
3195 1434 3467 1490 sufﬁceret
3494 1435 3657 1490 dicere
3682 1435 3735 1489 ad

2208 1541 2364 1590 eum,
2396 1526 2526 1595 quia
2556 1541 2664 1582 non
2696 1535 2780 1580 est
2819 1526 3155 1580 conueniens
3186 1533 3247 1579 ut
3279 1532 3531 1578 creatura
3567 1524 3757 1593 judioet‘

2200 1617 2547 1681 Creatorem,
2584 1618 2677 1672 sed
2706 1618 2853 1672 illius
2882 1628 2965 1672 est
2988 1617 3236 1685 judicare
3263 1632 3402 1685 opus
3425 1617 3639 1669 alienum
3664 1617 3738 1684 qui

2214 1718 2308 1763 aut
2333 1709 2530 1765 similis
2567 1708 2783 1763 artificii
2813 1717 2909 1762 aut
2929 1708 3126 1765 similis
3160 1706 3416 1776 potentia:
3443 1715 3523 1760 est
3548 1725 3560 1770 ;
3592 1714 3739 1759 tamen

2140 1772 2184 1830 Β
2211 1815 2279 1855 ne
2310 1798 2728 1854 circuitionibus
2759 1807 2999 1862 utamur,
3032 1799 3281 1854 absolute
3312 1798 3543 1853 dicimus
3569 1799 3617 1850 in
3643 1798 3743 1853 sub-

2210 1893 2413 1948 stantia
2444 1892 2581 1945 nihil
2611 1906 2735 1946 esse
2767 1890 2915 1944 mali.
2962 1888 3118 1955 Quod
3163 1890 3210 1943 si
3255 1889 3331 1943 ita
3378 1896 3493 1950 est,
3526 1889 3746 1943 substan-

2209 1986 2408 2039 tiarum
2439 1984 2697 2039 conditor
2726 1983 2933 2037 frustra
2962 1982 3262 2053 culpatur?
3327 2038 3335 2046 ,

2271 2076 2464 2133 XXIV.
2536 2077 2643 2131 Sed
2675 2091 2935 2130 occurres
2967 2076 3101 2129 mihi
3134 2084 3189 2129 et
3219 2074 3375 2129 dices
3403 2092 3418 2128 :
3456 2072 3663 2127 Etiamsi
3692 2088 3748 2127 ex

2211 2169 2423 2223 arbitrii
2456 2169 2705 2224 libertate
2737 2169 2791 2221 in
2822 2168 2926 2222 hoc
2952 2179 3173 2221 ventum
3205 2176 3291 2221 est
3311 2205 3327 2229 ,
3361 2166 3593 2235 nunquid
3621 2167 3769 2234 ignor

2211 2262 2369 2316 rabat
2395 2262 2486 2315 ille
2509 2262 2602 2331 qui
2628 2261 2850 2315 creabat
2880 2276 2975 2315 eos
2995 2302 3011 2326 ,
3043 2260 3191 2329 quod
3222 2260 3276 2312 in
3312 2259 3511 2313 malum
3541 2259 3749 2312 declina.

2211 2354 2321 2406 turi
2353 2362 2540 2408 essent
2570 2368 2708 2422 quos
2739 2353 2962 2407 creabat
2987 2354 3009 2405 ?
3040 2351 3295 2422 Oportuit
3325 2367 3456 2422 ergo
3484 2366 3581 2405 nec
3605 2364 3749 2405 creari

2212 2461 2308 2502 eos
2326 2486 2341 2511 ,
2368 2461 2506 2517 quos
2531 2446 2847 2501 deviaturos
2875 2445 2942 2500 ab
2968 2446 3160 2501 itinere
3184 2446 3417 2517 justitia:
3440 2442 3747 2513 prievidebat.

2213 2543 2453 2597 Andiant
2483 2544 2550 2596 ad
2581 2543 2694 2597 bmc
2720 2543 2815 2612 qui
2848 2544 2925 2597 ita
2972 2551 3289 2611 proponunt
3310 2582 3323 2605 ,
3361 2541 3502 2611 quod
3533 2539 3749 2607 hujusce-

2215 2634 2364 2690 modi
2397 2633 2797 2689 assertionibus
2828 2634 2961 2687 illud
2994 2632 3163 2686 voiuit
3191 2633 3517 2695 ostendere,
3552 2647 3639 2683 cur
3664 2645 3749 2682 non

2217 2728 2425 2781 malitia
2457 2742 2648 2781 eorum
2686 2727 2779 2796 qui
2816 2726 3058 2780 nondum
3089 2732 3282 2788 erant,
3320 2725 3608 2779 bonitatem
3635 2722 3751 2774 rice-

2217 2820 2291 2874 rit
2324 2819 2626 2874 Creatoris.
2663 2816 2721 2872 Si
2754 2833 2899 2873 enim
2936 2818 3123 2872 volens
3151 2817 3383 2886 implere
3412 2802 3678 2869 numerum
3710 2818 3751 2863 et

2220 2926 2535 2965 mensuram
2567 2910 2867 2964 creationis
2901 2926 3014 2965 suae
3034 2950 3048 2972 ,
3085 2908 3437 2963 extimuisset
3463 2922 3639 2961 eorum
3678 2904 3751 2972 qui

2221 3004 2392 3057 futuri
2422 3012 2577 3058 erant
2606 3004 2901 3065 malitiam,
2931 3013 2984 3057 et
3031 3004 3188 3072 quasi
3229 3002 3325 3071 qui
3379 3002 3538 3055 aliain
3579 2999 3750 3053 nullam

2146 3118 2191 3174 ο
2223 3098 2468 3151 invenire
2497 3097 2641 3150 viam
2679 3097 2905 3150 remedii
2937 3111 3000 3149 ac
3032 3095 3321 3149 medicina:
3352 3094 3642 3165 potuisset,
3668 3089 3755 3143 nisi

2224 3188 2331 3242 hoc
2362 3188 2537 3241 solum
2570 3195 2629 3240 ut
2656 3186 2957 3241 retraheret
2989 3201 3047 3240 se
3077 3201 3106 3238 a
3138 3185 3421 3254 proposito
3447 3181 3679 3238 creandi.
3703 3195 3758 3233 ne

2225 3276 2330 3331 sibi
2365 3275 2733 3330 aseriberetur
2763 3274 2967 3327 malitia
3008 3288 3197 3328 eorum
3243 3273 3342 3343 qui
3387 3271 3551 3325 futuri
3590 3276 3753 3327 erant;

2225 3368 2358 3439 quid
2386 3368 2533 3423 aliud
2564 3383 2660 3437 per
2694 3367 2809 3420 haec
2837 3366 3147 3427 doceretur,
3195 3364 3305 3417 nisi
3354 3362 3570 3432 indigna
3609 3355 3757 3427 passio

2224 3470 2280 3517 et
2322 3460 2582 3515 indecora
2622 3459 2897 3529 fragilitas
2942 3455 3295 3522 Conditoris,
3347 3456 3442 3525 qui
3498 3454 3566 3506 ita
3617 3447 3759 3520 perti—~

2226 3554 2429 3609 muerit
2458 3568 2650 3608 eorum
2687 3560 2844 3606 actus
2878 3551 2970 3620 qui
3001 3548 3245 3603 nondum
3292 3555 3484 3611 erant,
3518 3551 3573 3599 ut
3602 3556 3630 3595 a
3653 3553 3757 3611 pro-

2227 3646 2402 3716 posita
2433 3644 2746 3699 conditione
2776 3644 3053 3696 cessaret?

2299 3735 2464 3791 XXV.
2506 3736 2611 3791 Sed
2638 3735 2724 3788 his
2752 3733 2943 3803 procul
2969 3730 3167 3785 amotis
3197 3729 3335 3783 illud
3361 3727 3543 3781 animo
3564 3728 3762 3776 contem-

2227 3828 2463 3897 plemur,
2500 3826 2631 3895 quia
2667 3824 2809 3878 Deus
2842 3820 3219 3876 universitatis
3250 3817 3507 3873 conditor
3536 3807 3762 3867 conditio-

2229 3921 2317 3974 nis
2359 3934 2472 3974 sua:
2515 3918 2729 3971 futuras
2775 3908 3482 3981 differentias‘praevidens,
3512 3900 3762 3967 unicuique

2229 4020 2495 4067 creaturas
2526 4008 2827 4064 secundum
2857 4005 3110 4075 proprios
3143 4011 3359 4066 motus,
3392 4016 3530 4069 quos
3557 4013 3617 4051 ex
3646 3990 3761 4046 arbi-

2230 4104 2321 4158 trii
2356 4103 2608 4157 libertate
2640 4098 2981 4170 proferebat,
3016 4095 3299 4166 prospexit
3327 4102 3381 4147 et
3437 4088 3667 4162 praevidit
3698 4081 3763 4135 di-

2228 4209 2421 4250 versos
2443 4193 2664 4248 ordines
2692 4199 2855 4260 atque
2876 4188 3051 4243 oflicia
3075 4186 3404 4249 differentia,
3425 4194 3483 4237 ut
3504 4196 3617 4236 cum
3636 4175 3763 4230 unius

2230 4293 2417 4341 essent
2461 4283 2782 4339 substantia:
2822 4294 3013 4334 omnes
3055 4276 3360 4332 secundum
3409 4283 3660 4328 creatura:
3694 4278 3763 4317 ra-

2232 4354 2471 4443 tionem,
2524 4384 2671 4431 esset
2721 4380 2904 4426 tamcn
2972 4369 3264 4425 diversitas
3315 4366 3373 4420 in
3428 4363 3690 4419 ordinibus
3724 4363 3765 4408 et

2160 4459 2425 4525 Doliiciis
2468 4466 2767 4524 secundum
2818 4463 3070 4534 proprios
3119 4461 3429 4514 animorum
3477 4462 3677 4515 motus,
3714 4459 3763 4501 ex

2235 4562 2446 4618 arbitrii
2482 4560 2738 4614 libertate
2771 4554 3150 4627 proferendos.
3181 4550 3525 4606 Prmvidebat
3553 4559 3669 4614 ergo
3703 4538 3768 4592 fu-

2234 4661 2386 4709 turas
2436 4652 2493 4706 in
2539 4650 2813 4705 creaturis
2855 4649 3081 4716 culpas,
3124 4654 3179 4699 et
3216 4644 3454 4713 iustitiae
3495 4640 3609 4710 ejus
3655 4630 3769 4689 ratio

2236 4745 2527 4817 poscebat,
2562 4751 2620 4796 ut
2651 4738 3051 4796 emendationis
3085 4751 3252 4791 causa
3289 4735 3483 4804 culpas
3525 4743 3670 4802 parua
3703 4740 3769 4817 se-

2237 4814 2514 4909 queretur.
2562 4833 2815 4904 Oportuit
2856 4846 2986 4902 ergo
3033 4845 3155 4885 esse
3197 4837 3251 4882 et
3301 4840 3584 4896 pinnarum
3633 4814 3767 4909 mini-

2240 4907 2423 4992 stros,
2457 4942 2598 4997 quos
2646 4935 2829 4979 tamen
2868 4923 3092 4977 libertas
3136 4918 3352 4974 arbitrii
3396 4921 3451 4973 in
3496 4917 3632 4971 hunc
3653 4907 3769 4964 ordic

2240 5036 2368 5077 nem
2420 5018 2695 5083 traheret;
2749 5023 2945 5086 praeter
2995 5013 3112 5067 haec
3165 5020 3349 5065 autem
3401 5018 3455 5063 ct
3506 5003 3767 5060 debuerunt

1876 5177 2242 5237 COTELERII
2281 5134 2515 5233 noris.

641 5352 715 5409 (3i
753 5350 794 5402 Α
829 5348 1147 5404 Christianis
1177 5345 1472 5405 hominibus
1503 5344 1822 5414 e/fugantur.
1852 5342 1997 5413 Lege
2032 5335 2139 5389 AC-

572 5431 749 5479 toruin
787 5436 897 5482 im,
934 5420 997 5473 I6
1025 5428 1080 5473 et
1109 5433 1248 5485 seq.,
1282 5419 1466 5485 ibique
1495 5417 1836 5482 interpretes.

641 5494 718 5559 (4)
759 5490 853 5544 Est
876 5507 995 5559 ergo
1024 5482 1443 5559 istaidistinctio,
1475 5497 1579 5541 etc.
1616 5486 1753 5559 Hine
1780 5482 2139 5559 auctorMOpe—

572 5554 657 5616 iis.
684 5554 971 5630 imperfecti
1001 5561 1055 5613 in
1092 5558 1425 5623 Matthwum,
1464 5561 1605 5612 alius
1639 5575 1667 5611 a
1718 5554 1926 5630 Joanne
1966 5554 2140 5630 Chry-

574 5623 1138 5694 soston'io,'hom.19.
1170 5630 1235 5683 ad
1291 5645 1412 5696 cap.
1472 5645 1571 5692 vn,
1628 5644 1772 5682 vers.
1817 5624 1889 5679 22
1935 5645 1946 5678 :
2003 5623 2142 5696 Ergo

574 5702 883 5769 urophetant
912 5704 963 5754 in
991 5702 1199 5754 nomine
1240 5694 1460 5764 Christi,
1502 5700 1554 5769 in
1592 5700 1778 5769 spiritu
1811 5706 1981 5749 autcm
2027 5694 2148 5746 dia-

583 5771 707 5825 boli.
742 5772 935 5837 Quales
967 5780 1086 5825 sunt
1112 5770 1453 5823 divinutores.
1496 5768 1597 5823 Sed
1634 5770 1710 5821 sic
1734 5768 2100 5821 discernuntur
2132 5778 2147 5814 :

2241 5339 2487 5410 quoniam
2510 5334 2751 5410 diabolus
2785 5329 3046 5410 interdum
3077 5344 3251 5410 verum
3281 5327 3770 5410 dicit,_sancltgtiﬁl:

2389 5407 2620 5477 Spiritus
2660 5418 2922 5477 nunquam
2970 5401 3233 5477 interdum
3272 5398 3545 5477 mentitur.
3583 5390 3769 5477 (ἐςξξςςξ

2385 5459 2463 5532 iit
2492 5459 2667 5530 autem
2701 5459 2915 5527 didbolo
2947 5483 2994 5526 et
3035 5470 3297 5524 interdum
3327 5468 3591 5541 veritatem
3612 5459 3765 5541 diedic

2244 5530 2655 5603 uitrntendacium
2676 5561 2827 5599 suum
2854 5560 2980 5597 rara
3014 5543 3227 5595 veritate
3248 5534 3586 5615 commendet.

2248 5629 2350 5673 tem
2379 5632 2641 5685 nunquam
2672 5616 2863 5668 diceret
2878 5629 3088 5685 _verum,
3113 5628 3208 5685 nec
3225 5608 3313 5685 _ad
3328 5674 3338 5683 .
3352 5606 3765 5685 tent‘qti'onettttflo;

2244 5670 2637 5748 ἱέέέαινδιιῃὶιιατε,
2665 5688 2746 5734 vel
2763 5679 3016 5745 proﬁcere
3034 5670 3266 5730 séductio
3286 5674 3428 5740 eius.
3452 5670 3576 5725 Vide
3596 5670 3766 5720 Menum

2244 5754 2558 5808 mandatum
2581 5750 2665 5807 1⁸).
