4036 6252
343 385 483 451 I329

339 519 585 578 ctantur,
628 510 852 580 adjutis,
894 507 1086 579 religio
1118 506 1212 561 Dei
1255 522 1376 577 quae
1399 522 1494 577 per
1525 508 1915 562 continentiam
1946 515 1988 570 Λ

343 604 802 670 sobrietatemque
841 601 1150 662 constabat,
1184 615 1465 654 rarescere
1499 599 1640 654 inter
1666 599 1914 654 homines

341 704 506 766 atque
529 694 733 748 aboleri
763 691 1148 761 propemodum
1183 691 1366 759 cmpit.

417 783 606 840 XXXI.
648 782 782 837 Nam
825 799 948 836 cum
993 798 1058 836 ex
1109 783 1269 836 initio
1311 783 1582 845 homines,
1624 792 1812 855 utpote
1833 784 1918 854 ju-

342 887 488 933 stum
518 883 572 930 et
599 875 782 928 omnia
837 881 1186 928 conluentem
1231 873 1398 928 Deum
1448 877 1714 940 colentes,
1740 893 1918 948 neque

343 983 570 1039 peccare
602 967 862 1020 auderent
900 981 1078 1035 neque
1122 965 1378 1034 injuriam
1440 965 1620 1023 facere
1656 970 1916 1038 proximis

343 1056 480 1119 suis,
538 1055 678 1110 certi
725 1055 868 1124 quod
928 1055 1363 1125 uniuscujusque
1409 1065 1567 1113 actus
1625 1066 1679 1113 et
1734 1067 1917 1114 motus

341 1148 614 1216 aspiceret
644 1146 786 1200 Deus
819 1165 833 1201 :
860 1148 951 1202 ubi
983 1148 1263 1218 religionis
1311 1149 1489 1204 cultus
1529 1150 1593 1204 ad
1621 1151 1916 1206 simulacra

342 1241 592 1293 exanima
637 1253 935 1296 conversus
977 1249 1083 1305 est,
1129 1248 1391 1310 tanquam
1429 1241 1497 1297 de
1542 1244 1742 1313 quibus
1783 1247 1916 1301 certi

341 1339 549 1392 essent,
581 1331 726 1402 quod
761 1346 938 1400 neque
973 1332 1221 1386 viderent
1259 1349 1436 1403 neque
1465 1337 1714 1390 audirent
1742 1353 1918 1407 neque

343 1431 698 1476 moverentur
731 1423 786 1476 in
816 1423 1020 1492 aliquo,
1062 1423 1292 1478 licenter
1335 1439 1561 1493 peccare
1590 1434 1643 1479 ct
1670 1427 1724 1479 in
1757 1442 1918 1483 omne

343 1514 557 1569 facinus
595 1514 849 1585 progredi
897 1529 1130 1584 erepere,
1165 1517 1365 1586 quippe
1393 1517 1485 1586 qui
1519 1518 1654 1572 nihil
1694 1522 1802 1589 pati
1828 1537 1918 1575 ve-

343 1617 596 1665 rerentur
622 1608 690 1662 ab
725 1607 811 1662 his
840 1621 980 1676 quos
1021 1599 1272 1661 colebant
1305 1614 1365 1660 ut
1390 1609 1542 1664 deos.
1583 1608 1723 1663 liinc
1747 1611 1920 1666 bello-

342 1718 469 1758 rum
525 1701 704 1755 rabies
734 1699 976 1762 exarsit,
1027 1698 1155 1753 hinc
1186 1699 1402 1768 praedae,
1433 1701 1654 1770 rapinae,
1689 1705 1915 1772 captivi-

338 1799 504 1855 tates,
532 1799 585 1846 et
611 1790 832 1845 libertas
863 1788 919 1842 in
940 1789 1258 1844 servitutem
1297 1790 1539 1854 redacta,
1575 1801 1740 1862 prout
1767 1795 1918 1864 quis-

337 1898 448 1953 que
489 1881 666 1952 potuit
736 1880 953 1935 libidini
999 1889 1054 1935 et
1101 1881 1387 1950 cupiditati
1448 1899 1563 1937 sum
1621 1886 1914 1951 satisfecit,

337 1974 594 2043 quamvis
612 1971 931 2027 satisfacere
961 1973 1245 2048 cupiditati
1283 1974 1432 2028 nulla
1463 1976 1546 2029 vis
1575 1977 1768 2046 possit.
1799 1979 1920 2033 Sic-

337 2074 400 2122 ut
432 2067 578 2120 enim
617 2064 759 2136 ignis
788 2073 994 2134 quanto
1017 2065 1190 2134 magis
1235 2065 1381 2136 ligna
1436 2070 1731 2139 acceperit,
1764 2078 1919 2126 tanto

335 2161 581 2230 amplius
630 2160 950 2214 accenditur
979 2168 1033 2214 et
1065 2160 1369 2225 invalescit,
1410 2162 1482 2216 ita
1512 2171 1566 2218 et
1600 2165 1918 2234 cupiditatis

333 2253 544 2315 rabies,
581 2268 676 2322 per
704 2267 768 2306 ea
805 2267 926 2322 qua:
953 2251 1292 2323 adipiscitur,
1325 2256 1535 2310 auctior
1556 2263 1611 2312 et
1631 2257 1919 2314 vehemen-

330 2345 448 2400 tior
481 2341 731 2398 ellicitur.

405 2433 628 2489 XXXII.
668 2432 900 2504 Propter
921 2432 1066 2504 quod
1086 2431 1311 2503 incipite
1329 2434 1442 2503 jam
1465 2434 1688 2490 meliore
1711 2435 1919 2491 intelle-

326 2533 429 2580 ctu
487 2525 892 2595 vobismetipsis
938 2527 1197 2582 resistere
1245 2527 1300 2581 in
1335 2526 1420 2580 bis
1463 2542 1585 2596 qua:
1617 2542 1726 2582 non
1767 2535 1919 2583 recte

330 2617 567 2687 cupitis,
598 2617 643 2672 si
669 2632 779 2686 quo
810 2615 954 2672 forte
977 2618 1140 2672 modo
1190 2633 1450 2688 reparare
1474 2619 1526 2671 in
1553 2619 1712 2674 vobis
1740 2634 1804 2673 ac
1829 2635 1918 2677 re-

329 2711 573 2768 stituere
619 2708 844 2780 possitis
887 2710 1058 2777 illam,
1092 2725 1212 2782 quae
1250 2726 1318 2766 ex
1341 2711 1500 2765 initio
1531 2714 1852 2769 mortalibus
1885 2729 1915 2768 a

330 2803 452 2857 Deo
489 2801 684 2855 tradita
713 2811 817 2867 est,
865 2803 1146 2874 religionis
1179 2805 1470 2875 puritatem
1503 2813 1557 2859 et
1587 2806 1915 2860 inocentiam

331 2896 488 2959 vitae,
516 2901 574 2946 ut
614 2910 709 2964 per
751 2911 869 2948 eam
916 2897 1073 2952 vobis
1111 2898 1272 2953 etiam
1319 2913 1443 2967 spes
1497 2898 1764 2953 bonorum
1812 2897 1916 2951 im-

329 2985 658 3039 mortalium
715 2994 1046 3056 reparctur;
1095 2996 1150 3044 et
1193 2989 1368 3059 agatis
1419 2988 1622 3059 gratias
1669 2988 1915 3059 largitori

327 3077 588 3132 omnium
624 3078 786 3146 patri,
813 3094 910 3147 per
923 3096 1046 3133 eum
1075 3097 1234 3150 quem
1265 3082 1448 3152 posuit
1474 3096 1653 3151 regem
1678 3081 1829 3150 pacis
1859 3087 1914 3136 et

327 3169 658 3222 thesaurum
713 3168 1064 3222 ineffabilinm
1117 3171 1409 3233 bonorum,
1449 3179 1508 3225 ut
1552 3172 1606 3225 in
1657 3171 1910 3240 praesenti
1941 3195 1984 3252 ο

324 3260 562 3330 quidem
648 3267 894 3330 tempore
959 3262 1240 3314 diluantur
1302 3270 1522 3332 peccata
1580 3272 1762 3318 vestra
1820 3277 1917 3331 per

324 3365 539 3420 aquam
596 3349 784 3413 fontis,
837 3358 930 3404 aut
978 3350 1240 3414 fluminis,
1277 3359 1370 3404 aut
1408 3353 1569 3405 etiam
1609 3353 1797 3418 maris,
1832 3352 1919 3406 in-

320 3449 540 3500 vocato
574 3458 737 3512 super
766 3459 864 3498 vos
887 3443 1031 3497 trino
1058 3444 1413 3498 beatitudinis
1460 3445 1700 3508 nomine,
1733 3455 1792 3499 ut
1822 3461 1919 3514 per

319 3536 438 3590 hoc
475 3549 588 3587 non
620 3535 796 3588 solum
829 3536 1103 3606 fugentur,
1138 3536 1184 3590 si
1222 3537 1365 3589 intra
1402 3552 1499 3592 vos
1531 3538 1777 3591 habitant
1807 3539 1919 3608 spi-

319 3629 477 3683 ritus
550 3625 794 3695 maligni,
860 3644 1048 3682 verum
1105 3628 1269 3682 etiam
1320 3643 1443 3682 cum
1502 3630 1828 3686 destiteritis
1885 3646 1918 3686 a

320 3716 606 3791 peccatis,
634 3725 688 3770 et
721 3726 830 3770 tota
872 3718 975 3774 fide
1013 3727 1237 3790 totaque
1285 3722 1482 3776 mentis
1536 3723 1777 3791 puritate
1806 3723 1917 3779 Deo

319 3806 711 3871 credideritis,
744 3810 908 3862 etiam
938 3826 1002 3865 ex
1044 3811 1166 3866 aliis
1194 3828 1291 3866 vos
1321 3813 1590 3883 malignos
1618 3815 1844 3884 spirilns
1865 3823 1918 3868 et

314 3900 620 3956 dannoncs
660 3899 931 3969 eil‘ugetis.
986 3908 1149 3970 atque
1180 3917 1208 3954 a
1243 3904 1593 3972 passionibus
1614 3914 1668 3958 et
1699 3905 1921 3975 languo-

317 3997 491 4050 ribus
545 3993 684 4046 alios
740 3993 974 4049 liberare
1025 3995 1270 4064 possitis.
1327 3997 1432 4068 ipsi
1469 3999 1615 4052 enim
1645 3998 1918 4053 darmones

313 4089 524 4145 sciunt
556 4091 611 4137 ct
640 4095 944 4156 agnoscunt
991 4103 1084 4142 eos
1116 4088 1208 4157 qui
1242 4103 1302 4142 se
1335 4088 1663 4143 tradiderint
1692 4089 1832 4158 Deo,
1864 4100 1918 4146 et

313 4177 620 4237 interdum
652 4178 766 4232 sola
801 4193 988 4232 eorum
1019 4180 1307 4248 praesentia
1347 4183 1744 4251 propelluntur.
1773 4183 1918 4238 sicut

310 4273 497 4344 paulo
551 4276 680 4323 ante
723 4269 961 4334 vidistis,
1003 4272 1279 4339 quomodo
1330 4287 1454 4327 cum
1478 4261 1673 4328 vocem
1705 4282 1915 4328 tantum

310 4360 692 4422 salutationis
747 4359 1069 4416 fecissemus
1104 4363 1170 4416 ad
1199 4379 1316 4428 vos,
1352 4366 1614 4420 continuo
1643 4368 1916 4423 daemones

308 4463 563 4530 propter
596 4452 858 4508 honorem
894 4455 1172 4524 religionis
1211 4464 1416 4511 nostrae
1463 4457 1775 4513 exclamare
1803 4474 1918 4513 cce-

1547 388 2115 447 RECOGNITIONUM
2155 391 2283 447 LIB.
2326 391 2416 448 IV.

3433 395 3597 462 ,isso

2021 509 2248 572 viribus,
2284 517 2463 563 taincn
2486 508 2618 562 dicit
2643 509 2766 561 huic
2794 507 2943 570 vade,
2988 519 3035 562 et
3077 508 3242 574 vadit,
3269 518 3316 564 et
3339 510 3434 563 alii
3456 512 3589 574 veni,

2016 613 2066 654 et
2102 603 2260 665 venit,
2290 610 2339 654 et
2370 600 2464 653 alii
2487 601 2572 670 [ac
2603 603 2719 664 hoc,
2755 610 2804 655 et
2838 600 3053 670 facit",
3097 602 3200 656 hoc
3257 611 3440 658 autem
3491 619 3591 673 po-

2016 699 2123 745 test
2153 707 2260 744 non
2296 691 2513 760 propria
2543 691 2761 757 virtute,
2802 692 2897 747 sed
2927 692 3160 747 Caesaris
3185 701 3330 748 metu
3366 713 3377 747 :
3416 695 3491 747 ita
3529 695 3594 750 ii-

2017 779 2153 834 delis
2183 781 2414 850 quisque
2441 781 2780 837 daemonibus
2833 783 3084 852 imperat,
3115 783 3331 840 etiamsi
3360 786 3594 840 videan-
3648 795 3670 870 il
3757 811 3761 815 ι

2019 876 2110 921 tur
2137 871 2212 922 illi
2241 873 2408 924 multo
2438 886 2562 925 esse
2587 871 2901 926 hominibus
2931 872 3206 937 fortiores,
3238 891 3346 928 non
3373 883 3594 946 propter

2019 976 2174 1016 suam
2227 961 2507 1025 virtutem,
2569 962 2663 1016 sed
2710 971 2931 1034 propter
2977 964 3070 1019 Dei
3099 967 3195 1034 qui
3231 980 3324 1020 eos
3359 966 3594 1035 subjecit

2018 1061 2363 1124 potestatem.
2414 1053 2548 1108 Nam
2579 1063 2634 1109 et
2665 1056 2810 1126 quod
2852 1056 3108 1122 diximus,
3139 1065 3194 1111 ut
3219 1056 3404 1112 Ctesar
3448 1060 3592 1129 apud

2019 1163 2210 1204 omnes
2265 1148 2466 1204 milites
2504 1156 2557 1204 et
2585 1150 2638 1203 in
2655 1133 2916 1205 omnibus
2946 1153 3145 1208 castris
3174 1163 3335 1222 atque
3364 1152 3418 1206 in
3448 1153 3596 1208 omni

2019 1255 2187 1310 regno
2235 1241 2513 1306 timeatur,
2571 1257 2695 1295 cum
2728 1243 2800 1296 sit
2829 1259 2972 1298 unus
2996 1251 3051 1298 ct
3089 1244 3342 1298 fortassis
3365 1243 3594 1314 exiguus

2018 1333 2251 1399 viribus,
2277 1335 2495 1387 nonnisi
2537 1342 2806 1404 potestate
2844 1334 2938 1390 Dei
2985 1337 3183 1407 agitur,
3216 1338 3308 1409 qui
3336 1337 3589 1392 timorem

2019 1424 2111 1478 dat
2140 1425 2395 1478 omnibus
2425 1431 2484 1477 ut
2509 1424 2603 1477 uni
2627 1425 3022 1495 obtemperent.

2089 1515 2331 1571 XXXIV.
2376 1515 2492 1573 Hoc
2517 1535 2649 1575 sane
2685 1519 2830 1573 sci-re
2855 1534 2953 1572 vos
2985 1518 3239 1573 volumus
3294 1519 3440 1588 quod
3488 1518 3596 1574 dae-

2023 1625 2175 1674 mon,
2208 1611 2315 1664 nisi
2352 1611 2476 1681 quis
2523 1611 2900 1667 voluntatibus
2930 1611 3050 1680 ejus
3080 1625 3140 1665 se
3177 1619 3372 1680 sponte
3409 1611 3599 1668 subdi-

2019 1701 2179 1766 derit,
2212 1710 2538 1774 potestatem
2586 1703 2878 1758 adversum
2923 1702 3196 1756 hominem
3256 1717 3364 1756 non
3410 1703 3593 1759 habet.

2022 1795 2176 1851 Unde
2215 1803 2267 1851 et
2309 1797 2427 1867 ipse
2473 1797 2565 1868 qui
2607 1806 2694 1852 cst
2733 1799 2988 1868 princeps
3026 1799 3266 1864 malitiae,
3319 1799 3388 1853 ad
3448 1800 3595 1854 hunc

2021 1905 2182 1960 quem
2239 1889 2476 1946 diximus
2517 1905 2547 1944 a
2584 1890 2696 1944 Deo
2739 1892 3072 1946 destinatum
3110 1907 3291 1963 regem
3322 1893 3474 1962 pacis
3500 1908 3597 1946 ac-

2019 1981 2186 2036 cessit
2215 1988 2453 2046 tentans,
2498 1989 2552 2037 et
2584 1981 2826 2052 polliceri
2858 1983 2905 2036 ei
2920 1983 3084 2052 cmpit
3115 1998 3332 2037 omnem
3366 1983 3596 2054 gloriam

2024 2071 2235 2133 mundi,
2275 2072 2418 2141 quod
2446 2085 2569 2125 cum
2599 2072 2723 2126 aliis
2745 2073 3035 2126 obtulisset
3071 2073 3370 2142 decipiendi
3404 2089 3594 2137 causa,

2021 2161 2304 2217 adoratum
2336 2177 2395 2217 se
2426 2171 2670 2218 noverat.
2702 2162 2905 2233 impius
2928 2171 2980 2217 ct
3009 2164 3294 2219 immemor
3322 2165 3428 2231 sui,
3452 2165 3598 2234 quod

2019 2259 2101 2308 est
2135 2251 2414 2322 preprium
2441 2260 2496 2306 et
2525 2253 2763 2322 speciale
2793 2254 3032 2316 malitiae,
3075 2254 3412 2322 adorandum
3442 2271 3500 2310 se
3529 2255 3599 2310 ab

2018 2357 2086 2397 eo
2126 2343 2508 2411 praesumebat,
2555 2357 2584 2396 a
2623 2358 2732 2412 quo
2790 2358 2850 2396 se
2904 2349 3130 2396 noverat
3181 2343 3594 2399 destruendum.

2017 2428 2281 2486 Dominus
2311 2447 2440 2504 ergo
2469 2440 2658 2489 noster
2688 2432 2852 2486 unius
2883 2431 2979 2486 Dei
3006 2433 3212 2486 cultum
3237 2435 3593 2499 confirmans,

2016 2523 2297 2594 respondit
2321 2526 2371 2580 ei
2413 2545 2425 2579 :
2456 2524 2724 2594 Scriptum
2753 2535 2830 2579 est
2858 2539 2875 2578 :
2907 2522 3193 2579 Dominum
3253 2525 3415 2580 Deum
3449 2536 3597 2581 tuum

2019 2615 2272 2670 adorabis
2322 2626 2372 2669 et
2425 2617 2509 2671 illi
2559 2617 2661 2672 soli
2715 2619 2904 2672 servies
2930 2619 3020 2680 ”;
3074 2634 3182 2688 qua
3240 2620 3596 2689 responsione

2019 2709 2338 2775 deterritus,
2363 2719 2417 2766 et
2451 2717 2700 2765 metuens
2727 2726 2795 2764 ne
2819 2711 2988 2764 unius
3017 2719 3070 2764 et
3101 2711 3212 2766 veri
3245 2710 3338 2765 Dei
3370 2726 3596 2781 repara-

2017 2811 2172 2856 rctur
2221 2816 2351 2855 vera
2396 2801 2606 2873 religio,
2662 2800 2886 2857 festinat
2931 2802 3196 2857 continuo
3240 2805 3488 2857 emittere
3541 2803 3598 2858 in

2019 2893 2166 2950 hunc
2209 2893 2471 2948 mundum
2523 2895 3025 2964 pseudOprophetas
3064 2902 3120 2949 et
3163 2894 3598 2966 pseudoaposto-

2017 2983 2098 3040 los
2117 2984 2391 3054 falsosque
2407 2985 2682 3050 doctores,
2715 2985 2806 3055 qui
2826 2985 2928 3039 sub
2953 2985 3171 3040 nomine
3191 2986 3409 3056 quidem
3438 2984 3600 3040 Chri-

2015 3076 2085 3130 sti
2135 3076 2508 3146 loquerentur,
2557 3074 2822 3132 daemonis
2878 3083 3062 3130 autem
3112 3075 3356 3131 facerent
3397 3075 3594 3130 volun-

2016 3175 2182 3222 tatem
2193 3211 2206 3223 .

2088 3258 2305 3315 XXXV.
2345 3258 2574 3330 Pr0pter
2594 3259 2738 3330 quod
2770 3260 3056 3316 observate
3085 3262 3321 3326 cautius,
3348 3271 3409 3316 ut
3458 3262 3593 3314 nulli

2019 3352 2308 3406 doctorum
2358 3353 2617 3416 credatis,
2668 3351 2773 3407 nisi
2807 3353 2898 3421 qui
2926 3351 3116 3407 Jacobi
3161 3352 3346 3408 fratris
3378 3351 3595 3407 Domini

2017 3460 2086 3498 ex
2117 3441 2458 3498 Hierusalem
2498 3443 2754 3498 detulerit
2803 3445 3200 3510 testiinonium,
3225 3445 3309 3502 vel
3334 3445 3453 3516 ejus
3477 3445 3600 3514 qui-

2017 3550 2234 3604 cunque
2283 3543 2409 3604 post
2462 3535 2640 3604 ipsum
2693 3535 2877 3590 fuerit.
2925 3534 3040 3591 Nisi
3090 3537 3236 3592 enim
3291 3538 3414 3606 quis
3465 3537 3596 3591 illuc

2019 3624 2354 3690 ascenderit,
2397 3635 2451 3680 et
2489 3626 2562 3679 ibi
2618 3625 2784 3681 fuerit
2834 3629 3102 3697 probatus
3135 3628 3280 3699 quod
3313 3630 3382 3684 sit
3408 3629 3599 3684 doctor

2016 3716 2249 3770 idoneus
2277 3724 2330 3770 et
2362 3715 2534 3770 ﬁdelis
2568 3716 2633 3770 ad
2663 3716 3073 3786 prmdicandum
3093 3717 3301 3772 Christi
3332 3719 3595 3787 verbum;

2019 3807 2146 3874 nisi,
2174 3807 2418 3878 inquam,
2453 3809 2577 3863 inde
2607 3808 2863 3863 detulerit
2889 3810 3286 3873 testimonium,
3326 3813 3599 3883 recipien-

2019 3904 2124 3957 dus
2173 3903 2398 3956 omnino
2427 3917 2535 3955 non
2567 3910 2651 3956 cst
2678 3919 2693 3966 ;
2725 3901 2819 3956 sed
2859 3918 3035 3973 neque
3079 3904 3368 3973 propheta,
3421 3919 3597 3974 neque

2019 3995 2298 4063 apostolus
2322 3994 2376 4047 in
2416 3993 2519 4048 hoc
2559 4001 2806 4063 tempore
2861 4003 3113 4065 speretur
3139 4011 3170 4049 a
3201 3996 3354 4051 vobis
3397 3996 3594 4066 aliquis

2019 4082 2160 4136 alius
2209 4091 2404 4151 praeter
2445 4097 2568 4136 nos.
2605 4080 2755 4136 Unus
2813 4084 2956 4136 enim
2995 4091 3080 4138 est
3109 4099 3269 4138 verus
3307 4085 3592 4154 propheta,

2019 4174 2177 4244 cujus
2230 4191 2330 4229 nos
2375 4173 2661 4229 duodecim
2711 4175 2942 4245 apostoli
2997 4175 3160 4230 verba
3208 4175 3590 4245 praedicamus.

2019 4268 2138 4338 ipse
2175 4268 2318 4322 enim
2348 4274 2431 4322 est
2469 4280 2648 4321 annus
2700 4265 2793 4320 Dei
2847 4273 3126 4336 acceptus,
3185 4282 3287 4320 nos
3318 4268 3595 4336 apostolos

2018 4361 2227 4415 habens
2277 4359 2563 4413 duodecim
2598 4375 2816 4415 menses
2837 4361 2903 4415 ’³.
2951 4359 3066 4424 Qua
3107 4365 3285 4412 autem
3320 4374 3484 4412 causa
3507 4361 3595 4414 vel

2019 4452 2259 4508 mundus
2299 4437 2427 4520 ipse
2467 4449 2645 4505 factus
2703 4452 2794 4518 sit,
2818 4451 2898 4506 vel
2935 4450 3283 4504 diversitates
3317 4467 3438 4521 quze
3465 4461 3593 4505 sunt

307 4529 557 4618 perunt,
595 4549 651 4597 et
689 4559 758 4596 ne
792 4559 983 4613 parum
1033 4545 1251 4614 quidem
1311 4547 1575 4616 temporis
1622 4555 1918 4617 potuerunt
1949 4529 1992 4583 Ῑ)
2023 4545 2076 4598 in
2125 4558 2192 4598 eo
2228 4541 2546 4602 acciderint,
2590 4549 2643 4595 et
2685 4556 2784 4594 cur
2813 4540 2878 4594 ad
2912 4541 3308 4610 reparationem
3346 4541 3466 4610 ejus
3495 4557 3592 4595 ve-

305 4639 470 4694 ferre
505 4635 866 4706 praesentiam
902 4643 1171 4691 nostram.

390 4727 656 4785 XXXIII.
700 4727 955 4797 Nunquid
986 4743 1090 4782 nos
1119 4728 1346 4783 alterius
1373 4745 1566 4785 sumus
1597 4739 1808 4785 natura
1833 4746 1921 4785 su-

303 4823 568 4895 perioris
625 4819 882 4887 alicujus,
934 4826 988 4874 et
1049 4829 1333 4890 propterea
1391 4837 1492 4876 nos
1539 4821 1812 4877 daemones
1852 4824 1922 4876 ti-

304 4921 476 4971 ment
509 4911 534 4963 ?
568 4909 746 4964 Unius
798 4910 1043 4978 ejusdem
1098 4910 1384 4965 vobiscum
1434 4919 1642 4966 naturae
1704 4929 1918 4976 stiinus,

304 5007 414 5064 scd
451 5003 732 5071 religione
763 5002 1082 5058 diii‘erimus.
1128 5003 1284 5069 Quod
1313 5011 1366 5058 et
1386 5005 1430 5059 si
1455 5021 1551 5058 vos
1583 5021 1706 5061 esse
1730 5007 1914 5072 vultis,

304 5116 429 5157 non
476 5092 825 5157 invidemus,
864 5095 996 5165 quin
1030 5097 1212 5165 potius
1237 5105 1290 5151 et
1311 5097 1598 5150 hortamur
1627 5107 1918 5168 certosque

301 5206 444 5248 esse
469 5200 578 5240 vos
622 5185 750 5236 voln
779 5203 898 5250 LUS,
930 5188 1076 5257 quod
1115 5203 1238 5242 cum
1273 5188 1436 5242 fuerit
1468 5189 1522 5242 in
1548 5189 1705 5243 vobis
1728 5191 1917 5245 eadem

300 5299 441 5356 qua:
475 5281 537 5333 in
575 5274 743 5330 nobis
774 5286 856 5331 est
885 5279 1020 5335 ﬁdes
1051 5289 1105 5335 et
1142 5282 1332 5351 religio
1369 5297 1434 5336 ac
1476 5282 1602 5337 vitae
1652 5281 1918 5338 innocen-

301 5380 414 5436 tia,
480 5375 888 5423 rcmunerante
942 5368 1053 5425 Deo
1108 5370 1264 5427 fidem
1345 5381 1604 5438 vestram,
1665 5374 1769 5428 erit
1821 5391 1920 5444 par

298 5463 476 5521 vobis
503 5464 690 5524 atque
729 5455 916 5509 eadem
964 5460 1127 5512 etiam
1152 5469 1342 5516 contra
1371 5464 1646 5518 dmmones
1677 5473 1920 5533 potestas

292 5567 358 5613 ct
406 5553 632 5607 virtus.
702 5545 856 5600 Sicut
894 5548 1040 5602 enim
1076 5550 1120 5604 is
1155 5553 1247 5622 qui
1295 5560 1568 5625 acceperit
1600 5557 1702 5611 sub
1726 5573 1783 5612 se
1818 5555 1922 5609 mi-

299 5651 461 5710 ilics.
499 5635 740 5696 etiam“
784 5637 902 5707 ipse
947 5639 1194 5704 inierim.
1227 5652 1281 5697 et
1326 5643 1400 5699 illi
1450 5649 1764 5717 superiores
1808 5647 1915 5703 sint

387 5831 429 5862 at
473 5818 687 5881 Matth.
724 5833 837 5880 \‘lzl,
873 5817 924 5874 9.
1004 5818 1258 5874 "Matth.
1298 5837 1369 5888 tv,
1413 5824 1494 5880 10.

1573 5827 1616 5857 ²³
1650 5825 1783 5881 Luc.
1821 5842 1893 5891 1v,
1931 5826 2021 5886 l9.

2023 4633 2181 4688 niens
2217 4631 2478 4685 Dominus
2509 4637 2720 4694 noster,
2774 4631 2996 4700 elegerit
3025 4645 3126 4684 nos
3148 4629 3435 4684 duodecim
3463 4645 3594 4700 apo-

2023 4725 2194 4780 stolos
2241 4732 2296 4779 et
2350 4723 2585 4788 miserit,
2638 4724 2774 4777 alias
2821 4722 2987 4777 latius
3040 4723 3439 4792 explanabitur.
3503 4720 3594 4776 ln-

2024 4817 2182 4871 terim
2216 4815 2498 4885 nosjussit
2527 4815 2676 4869 exire
2720 4815 2786 4869 ad
2818 4814 3220 4884 praadicandum
3268 4821 3321 4868 et
3364 4813 3596 4868 invitare

2022 4927 2120 4966 vos
2153 4911 2218 4965 ad
2274 4924 2488 4964 cumam
2518 4909 2679 4979 Regis
2730 4909 2994 4973 cwlestis,
3048 4924 3210 4978 quam
3269 4907 3598 4978 praeparavit

2019 5010 2179 5064 Pater
2211 5003 2265 5057 in
2293 5003 2500 5073 nuptiis
2516 5000 2634 5056 Filii
2678 5001 2783 5066 sui,
2814 5009 2868 5056 et
2897 5011 2955 5056 ut
2984 5002 3177 5056 demus
3224 5001 3378 5055 vobis
3436 5001 3598 5054 indu-

2026 5104 2207 5150 menta
2240 5095 2504 5164 nuptialia
2528 5093 2593 5160 ²⁶,
2617 5095 2762 5164 quod
2795 5101 2879 5149 est
2923 5094 3096 5165 gratia
3123 5093 3405 5163 baptismi,
3431 5108 3596 5163 quam

2025 5188 2115 5257 qui
2140 5187 2304 5242 fuerit
2332 5195 2681 5248 consecutus,
2716 5192 2974 5256 tanquam
3019 5186 3402 5240 vestimentum
3432 5199 3595 5237 mun-

2026 5281 2177 5344 dum,
2235 5294 2506 5350 cumquo
2560 5279 2608 5332 ei
2666 5277 3076 5348 ingrediendum
3131 5284 3216 5332 est
3273 5275 3338 5329 ad
3381 5290 3594 5330 cceaam

2027 5373 2191 5441 regis,
2242 5371 2534 5426 observare
2571 5367 2751 5431 debet,
2776 5384 2846 5422 ne
2880 5376 3107 5438 peccato
3143 5367 3322 5436 aliqua
3352 5381 3420 5422 ex
3444 5373 3596 5434 parte

2024 5464 2344 5526 maculetnr,
2370 5471 2423 5516 et
2449 5462 2518 5516 ob
2541 5461 2646 5514 hoc
2673 5467 2931 5530 tanquam
2966 5459 3222 5529 indignus
3247 5465 3302 5513 et
3330 5457 3597 5528 reprobus

2022 5554 2330 5621 abjiciatur.
3041 5541 3054 5552 ’

2096 5644 2336 5699 XXXVI.
2377 5646 2568 5701 Causae
2614 5652 2793 5702 autem
2831 5645 3031 5716 quibus
3087 5644 3390 5701 uiaculetur
3444 5641 3594 5697 istud

2093 5826 2136 5858 ”‘
2166 5825 2356 5881 Matth.
2394 5840 2529 5891 xxn,
2552 5824 2706 5883 2-H.
