4036 6252
505 359 635 414 1351
659 435 669 448 ι

1355 349 1413 407 5.
1453 348 1850 406 CLEMENTIS
1888 347 1906 401 1
1942 347 2110 403 ROM.
2148 347 2350 404 PONT.
2393 347 2623 403 OPERA
2655 343 2883 400 DUBIA.

3611 343 3732 400 1'55!

503 475 885 529 indumentum
932 470 1017 526 ba:
1069 474 1198 524 sunt
1229 487 1241 521 :
1272 466 1322 522 si
1372 469 1498 538 quis
1539 466 1760 523 recedat
1787 483 1817 523 a
1849 473 2003 537 patre
2031 474 2087 520 et
2118 474 2163 530 Α
2191 468 2496 538 sexaginta,
2527 465 2726 520 tertius
2767 463 2861 534 qui
2904 468 3146 522 centum,
3175 457 3315 512 sicut
3351 456 3478 515 alias
3512 457 3653 514 vobis
3676 461 3734 518 de

505 567 788 622 conditore
816 565 1065 619 omnium
1097 561 1228 624 Deo,
1263 562 1428 614 alium
1488 562 1760 632 recipiens
1803 559 2084 613 doctorem

504 666 702 728 praeter
728 655 1030 716 Christum,
1062 653 1154 723 qui
1185 664 1270 707 cst
1294 654 1445 707 solus
1483 653 1656 706 ﬁdelis
1681 667 1745 705 ac
1772 668 1936 706 verus
1970 665 2089 720 pro-

506 751 690 819 pheta,
747 749 950 818 quique
1002 763 1102 802 nos
1155 747 1440 801 duodecim
1493 744 1772 813 apostolus
1831 743 1979 796 misit
2019 741 2088 795 ad

509 840 919 912 praedicandum
961 839 1189 892 verbum
1217 857 1230 904 ;
1267 845 1319 890 et
1344 838 1388 889 si
1424 835 1550 905 quis
1580 835 1646 888 de
1678 834 1984 888 substantia
2014 833 2092 887 di-

507 934 755 986 vinitatis
813 946 934 1001 qum
991 938 1189 985 cuncta
1237 928 1519 998 praecellit,
1577 927 1735 980 aliter
1791 941 1952 995 quam
2005 925 2090 980 di-

511 1041 676 1096 gnum
709 1032 793 1080 est
825 1023 1046 1086 sentiat,
1080 1023 1194 1076 haec
1217 1031 1343 1076 sunt
1384 1037 1505 1090 qua:
1533 1035 1706 1088 usque
1749 1019 1816 1071 ad
1859 1027 2089 1076 mortem

510 1116 771 1185 baptismi
803 1115 1054 1184 polluunt
1085 1112 1488 1166 indumentum.
1536 1110 1667 1175 Quae
1707 1125 1839 1163 vero
1871 1111 1925 1163 in
1956 1112 2092 1164 acti-

509 1207 614 1262 bus
640 1207 910 1276 polluunt,
937 1206 1040 1260 ista
1066 1210 1194 1258 sunt
1227 1218 1240 1253 :
1287 1203 1597 1268 homicidia,
1630 1202 1919 1266 adulteria,
1943 1201 2089 1268 odia,

511 1298 761 1360 avaritia,
793 1296 1062 1366 cupiditas
1085 1297 1253 1349 mala.
1284 1293 1417 1358 Quae
1442 1302 1621 1347 autem
1661 1295 1900 1348 animam
1927 1295 2092 1348 simul

511 1395 567 1442 et
601 1401 800 1456 corpus
839 1385 1110 1454 polluunt,
1171 1383 1272 1438 ista
1302 1392 1431 1439 sunt
1467 1398 1479 1432 :
1533 1383 1860 1452 participare
1893 1384 2094 1437 daemo-

518 1495 648 1533 num
673 1493 894 1543 mensa,
928 1478 1032 1531 hoc
1053 1483 1158 1541 est,
1196 1476 1473 1529 immolata
1510 1475 1819 1545 degustare,
1852 1477 1932 1530 vel
1967 1491 2095 1531 san-

515 1573 758 1641 guinem,
790 1570 873 1625 vel
901 1569 1272 1624 morticinium
1304 1569 1452 1638 quod
1483 1575 1566 1623 est
1593 1569 1940 1630 suifocatum,
1964 1578 2018 1623 et
2047 1571 2092 1626 si

515 1661 643 1731 quid
693 1659 842 1713 aliud
871 1665 954 1714 est
985 1658 1132 1728 quod
1181 1657 1519 1712 daemonibus
1565 1660 1805 1713 oblatum
1854 1669 1957 1716 est.
1997 1660 2095 1715 llic

514 1767 648 1822 ergo
676 1751 832 1806 vobis
865 1750 935 1805 sit
964 1750 1174 1820 primus
1203 1749 1405 1818 gradus
1435 1749 1718 1813 extribus,
1757 1750 1847 1819 qui
1891 1751 2095 1820 gradus

514 1843 738 1914 triginta
767 1857 832 1900 ex
861 1857 921 1896 se
949 1842 1120 1912 gignit
1161 1841 1415 1895 mandata
1447 1841 1513 1902 ",
1545 1842 1820 1896 secundus
1844 1858 1970 1897 vero
2003 1845 2095 1912 qui

590 1977 635 2007 ’⁸
668 1975 859 2029 Matth.
895 1989 1026 2037 xm,
1055 1972 1148 2026 ‘25.

2193 556 2279 611 his
2307 557 2521 625 plenius
2547 567 2906 623 exponemus.

2260 647 2526 702 XXXVII.
2569 646 2634 699 Et
2671 646 2787 700 hinc
2807 660 2929 698 cum
2957 641 3204 705 dixisset,
3239 656 3304 696 ac
3330 641 3662 710 praecepisset
3685 649 3735 695 ut

2190 741 2278 796 die
2334 750 2550 810 postera
2579 739 2646 792 ad
2675 738 2924 792 eumdem
2965 737 3146 791 locum
3197 735 3462 789 maturius
3507 736 3732 788 conveni~

2192 838 2334 894 rent,
2369 831 2556 883 turbas
2599 829 2846 893 dimisit;
2882 827 3080 896 quibus
3129 825 3380 879 recedere
3425 825 3726 888 nolentibus,

2163 922 2266 993 ,ait
2298 921 2492 976 Petrus
2517 935 2531 974 :
2576 920 2785 974 Donate
2831 919 2963 971 mihi
2991 918 3132 971 hanc
3161 916 3389 986 gratiam
3419 923 3628 984 propter
3651 917 3722 972 he-

2192 1011 2362 1066 sterni
2417 1009 2629 1063 itineris
2700 1009 2948 1072 labores;
2987 1015 3041 1061 et
3089 1019 3235 1059 nunc
3289 1004 3618 1059 discedentes
3664 1005 3736 1061 die

2193 1102 2432 1156 crastina
2484 1099 2750 1154 maturius
2800 1097 3085 1152 convenite
3121 1113 3135 1161 ;
3167 1104 3220 1150 et
3263 1099 3338 1149 ita
3391 1109 3512 1149 cum
3571 1095 3730 1152 laetitia

2194 1198 2520 1253 discessere.
2557 1195 2625 1248 At
2653 1195 2846 1249 Petrus
2865 1193 3140 1263 paululum
3179 1207 3263 1246 me
3287 1191 3535 1246 secedere
3562 1191 3729 1258 praeci-

2195 1292 2354 1360 piens
2381 1290 2645 1344 orationis
2686 1303 2875 1350 causa,
2908 1287 3065 1356 jubet
3094 1293 3215 1354 post
3245 1284 3359 1337 haec
3395 1283 3448 1336 in
3479 1283 3591 1335 loco
3616 1282 3733 1335 horti

2199 1399 2358 1454 quem
2418 1383 2607 1435 umbra
2679 1380 3036 1449 contegebat,
3086 1378 3396 1431 accubitum
3453 1374 3640 1434 sterni,
3691 1379 3736 1426 et

2198 1474 2573 1544 unusquisque
2595 1487 2660 1526 ex
2692 1486 2842 1525 more
2889 1483 3294 1538 recognoscens
3323 1465 3523 1537 preprii
3555 1463 3734 1518 ordinis

2199 1567 2400 1630 locum,
2457 1565 2640 1620 cibum
2676 1561 3032 1631 sumpsimus.
3081 1557 3220 1613 Tum
3266 1558 3462 1613 deinde
3508 1556 3622 1626 quia
3659 1569 3736 1608 su-

2199 1667 2413 1729 pererat
2471 1657 2647 1711 adhuc
2697 1654 3094 1726 aliquantulum
3142 1652 3271 1712 diei,
3317 1651 3385 1725 de
3430 1643 3737 1702 mirabilibus

2203 1749 2414 1803 Domini
2451 1749 2756 1802 collocutus
2797 1747 3106 1807 nobiscum,
3147 1757 3376 1812 vespere
3407 1738 3740 1806 l'actoiugres-

2207 1858 2303 1898 sus
2329 1841 2640 1896 cubiculum
2672 1840 2894 1910 quievit.

543 2121 3708 2146 Ww—

1633 2249 1995 2336 LIBER
2069 2245 2656 2350 QUINTUS.

592 2561 635 2616 ι.
678 2556 936 2625 Sequenti
971 2560 1152 2606 autem
1189 2551 1299 2613 die,
1325 2549 1484 2619 paulo
1506 2549 1667 2603 citius
1697 2561 1863 2617 quam
1884 2547 2093 2601 solebat

525 2663 865 2719 consurgens
913 2643 1129 2703 Petrus,
1171 2642 1376 2695 invenit
1407 2656 1508 2695 nos
1537 2641 1869 2695 dormientes
1902 2657 1916 2702 ;
1947 2639 2094 2709 quod

526 2742 617 2798 ubi
645 2737 839 2798 sensit,
863 2734 1020 2804 quasi
1060 2733 1174 2801 ipse
1212 2730 1393 2784 adhuc
1425 2730 1663 2785 dormire
1693 2730 1900 2794 volens,
1925 2729 2062 2783 silen
2092 2764 2095 2766 -

524 2835 662 2890 tiu'n
703 2829 809 2887 sibi
861 2825 976 2881 ﬁeri
1015 2824 1202 2895 jussit,
1237 2831 1295 2876 ut
1321 2823 1480 2877 nobis
1510 2821 1828 2893 quiescendi
1862 2821 2096 2876 faculta-

523 2934 634 2982 tem
665 2923 836 2978 εἰει-ει.
869 2917 972 2974 Ubi
1000 2924 1178 2971 autem
1208 2914 1396 2969 refecti
1431 2929 1623 2969 somno
1656 2914 2090 2978 essurreximus,

524 3021 834 3079 invenimus
863 3032 987 3073 eum
1017 3013 1263 3068 oratione
1290 3010 1585 3064 factaintra
1602 3008 1910 3065 cubiculum
1925 3024 2093 3080 Oppe-

525 3117 756 3170 rientem
789 3125 911 3164 nos.
943 3107 1156 3160 Etcum
1183 3104 1294 3173 jam
1325 3111 1470 3157 esset
1503 3100 1912 3171 crepusculum,
1953 3102 2085 3154 salu-

525 3213 651 3258 tans
675 3216 742 3254 ex
772 3212 922 3252 more
960 3193 1196 3248 breviter
1235 3191 1505 3244 allocutus
1531 3197 1636 3253 est,
1670 3198 1723 3244 et
1743 3188 2004 3243 continuo
2035 3188 2103 3242 ad

527 3302 854 3349 consuetum
913 3289 1092 3341 locum
1148 3283 1381 3337 docendi
1452 3281 1624 3350 gratia
1677 3280 1961 3351 procedit,
2011 3279 2104 3333 ubi

528 3401 653 3438 eum
688 3379 915 3434 vidisset
945 3375 1013 3428 ad
1063 3373 1392 3427 audiendum
1443 3370 1706 3442 plurimos
1754 3371 2100 3435 convenisse,

527 3475 707 3547 primo
757 3468 1042 3538 religionis
1086 3467 1197 3520 ritu
1228 3479 1360 3534 pace
1385 3464 1465 3518 eis
1495 3464 1762 3529 invocata,
1790 3464 1972 3519 dicere
2003 3463 2106 3518 hoc

529 3564 696 3618 modo
719 3561 886 3630 cmpit
920 3577 933 3612 :

600 3655 667 3710 ll.
710 3654 756 3684 "
796 3653 940 3708 Deus
969 3657 1186 3705 creator
1233 3647 1473 3703 omnium
1505 3664 1572 3702 ex
1598 3648 1753 3703 initio
1797 3649 1863 3703 ad
1909 3649 2104 3720 imagi—

531 3755 658 3802 nem
721 3759 877 3800 suam
926 3743 1202 3796 hominem
1264 3739 1412 3804 fecit,
1471 3741 1632 3809 eique
1681 3739 2105 3795 dominationem

531 3848 694 3892 terrae
716 3833 994 3904 marisque
1022 3842 1075 3887 et
1103 3833 1246 3888 aeris
1281 3831 1457 3901 ipsius
1501 3831 1669 3897 dedit,
1703 3831 1844 3886 sicut
1865 3841 1918 3887 et
1944 3848 2108 3890 verus

531 3927 693 3983 nobis
724 3925 988 3996 prepheta
1018 3922 1282 3986 narravit,
1305 3929 1360 3976 et
1388 3921 1506 3992 ipsa
1525 3935 1706 3974 rerum
1743 3921 1881 3974 ratio
1902 3920 2059 3974 «locet
2091 3938 2106 3987 ;

534 4020 687 4075 solus
731 4018 876 4072 enim
923 4025 1009 4072 est
1065 4014 1431 4077 rationabilis,
1469 4021 1522 4067 et
1560 4027 1906 4082 consequens
1940 4020 2112 4068 estut

533 4111 676 4166 ratio
699 4108 1170 4164 irrationabilibus
1201 4107 1530 4162 dominetur.
1578 4104 1676 4159 llic
1699 4121 1828 4175 ergo
1858 4107 1925 4160 ab
1955 4105 2110 4159 initio

535 4220 662 4257 cum
690 4203 868 4256 adhuc
894 4201 1079 4270 justus
1106 4205 1271 4262 esset,
1305 4197 1520 4253 cunctis
1545 4197 1691 4252 vitiis
1717 4205 1771 4252 et
1809 4196 1956 4250 omni
2004 4196 2112 4248 fra-

534 4297 741 4371 gilitate
780 4294 1032 4364 superior
1075 4299 1235 4357 erat;
1277 4290 1368 4344 ubi
1421 4297 1601 4342 autem
1648 4288 1914 4359 peccavit.
1967 4289 2112 4342 sicut

535 4389 793 4441 hesterno
822 4387 909 4440 die
937 4385 1248 4446 docuimus,
1266 4392 1316 4437 et
1350 4382 1524 4435 factus
1547 4389 1630 4435 est
1661 4396 1853 4435 servus
1879 4381 2108 4450 peccati,

2197 2546 2395 2614 pietate
2453 2540 2742 2610 passibiles
2785 2538 2912 2592 facti
2951 2546 3097 2593 sunt.
3126 2536 3199 2590 ita
3238 2549 3338 2604 per
3371 2533 3610 2604 pietatem
3637 2546 3743 2600 pos-

2199 2641 2329 2690 sunt
2350 2649 2473 2690 csse
2504 2631 2875 2703 impassibiles
2911 2629 3045 2701 (‘16),
3076 2635 3130 2682 et
3153 2642 3261 2680 non
3287 2625 3464 2680 solum
3519 2621 3736 2690 impassi—

2199 2728 2355 2787 biles,
2382 2739 2568 2779 verum
2595 2730 2650 2777 et
2676 2737 2843 2791 parva
2875 2720 2929 2773 in
2973 2719 3141 2772 Deum
3167 2715 3268 2769 lide
3298 2715 3528 2768 aliorum
3566 2711 3744 2780 passio-

2198 2833 2297 2872 nes
2324 2822 2602 2870 curantes.
2631 2811 2708 2865 lta
2740 2813 2882 2865 enim
2921 2824 3085 2863 verus
3141 2806 3409 2876 prepheta
3470 2803 3621 2856 nobis
3645 2817 3745 2870 pro-

2203 2909 2353 2964 misit
2407 2908 2634 2961 dicens:
2664 2909 2830 2956 Amen
2889 2902 3006 2954 dico
3058 2900 3222 2964 vobis,
3257 2900 3384 2969 quia
3421 2898 3465 2951 si
3489 2893 3745 2948 habueritis

2200 3001 2357 3073 ﬁdem
2377 3001 2749 3067 sicutgranum
2772 2995 2993 3064 sinapis,
3021 2992 3204 3046 dicetis
3236 2991 3403 3043 monti
3426 2989 3559 3051 huic,
3590 2979 3748 3039 Transi

2206 3093 2346 3156 hinc,
2406 3101 2454 3145 et
2511 3087 2756 3142 transibit
2810 3089 2877 3142 '7.
2919 3085 3092 3154 Hujus
3139 3083 3293 3138 vocis
3345 3082 3504 3136 etiam
3548 3093 3635 3131 vos
3663 3074 3748 3144 ipsi

2209 3187 2536 3241 documenta
2593 3180 2882 3250 accepistis
2913 3197 2928 3246 ;
2982 3180 3238 3249 hesterno
3267 3177 3418 3232 enim
3453 3175 3537 3238 die
3562 3169 3746 3224 vidistis

2209 3275 2480 3349 quomodo
2520 3272 2828 3328 astantibus
2872 3271 3053 3334 nobis,
3095 3269 3373 3322 daemones
3421 3280 3540 3319 cum
3567 3260 3749 3332 passio-

2210 3371 2373 3425 nibus
2417 3383 2554 3437 quas
2603 3365 2917 3419 hominibus
2956 3364 3296 3424 invexerant,
3355 3357 3672 3412 transierunt
3708 3357 3751 3404 et

2211 3459 2380 3529 fugati
2411 3466 2560 3514 sunt.

2283 3550 2372 3608 ill.
2399 3551 2535 3618 Quia
2562 3565 2692 3621 ergo
2719 3547 2811 3602 alii
2844 3545 3061 3617 quidem
3092 3543 3346 3597 homines
3371 3541 3653 3613 patiuntur,
3677 3531 3753 3586 alii

2209 3644 2480 3712 patientes
2511 3647 2730 3702 sanant,
2764 3652 2932 3692 causa
2963 3637 3081 3689 sine
3107 3634 3272 3687 dubio
3304 3633 3390 3686 vel
3439 3626 3662 3700 patiendi
3685 3621 3748 3674 vel

2210 3735 2440 3791 curandi
2469 3731 2752 3790 noscenda
2798 3739 2903 3791 est,
2959 3741 3082 3797 (luas
3137 3739 3246 3779 non
3289 3723 3398 3776 alia
3455 3734 3588 3781 esse,
3617 3724 3750 3784 quam

2210 3826 2542 3899 patientibus
2590 3821 2818 3894 quidem
2879 3817 3238 3876 infidelitatis,
3294 3812 3608 3868 curantibus
3650 3816 3751 3857 vero

2213 3894 2335 3977 iidei
2365 3919 2794 3974 demonstratur.
2824 3911 3121 3967 inﬁdelitas
3150 3910 3298 3964 enim
3331 3907 3458 3961 dum
3484 3919 3586 3959 non
3610 3894 3752 3953 credit

2216 4013 2462 4066 futurum
2487 4007 2756 4079 judicium
2816 4004 2934 4068 Dei,
2964 3998 3226 4073 peccandi
3262 3996 3538 4050 licentiam
3564 3985 3750 4079 prabet.

2217 4109 2504 4176 peccatum
2535 4114 2663 4153 vero
2688 4097 2959 4151 hominem
2987 4090 3340 4163 passionibus
3387 4082 3660 4141 obnoxium
3689 4073 3752 4126 fa—

2213 4175 2307 4253 eit.
2340 4194 2502 4249 Fides
2532 4202 2712 4245 autem
2759 4188 3005 4244 futurum
3056 4199 3179 4239 esse
3230 4179 3327 4236 Dei
3373 4175 3627 4248 judicium
3655 4179 3752 4219 cre—

2214 4291 2348 4345 dens
2378 4287 2624 4342 coutinct
2657 4282 2909 4337 homines
2956 4294 2987 4332 a
3035 4282 3296 4347 peccato;
3354 4287 3460 4325 non
3503 4264 3752 4338 peccanlcs

2214 4395 2343 4435 vero
2376 4394 2484 4432 non
2508 4376 2684 4431 solum
2715 4371 2873 4427 liberi
2898 4376 3026 4425 sunt
3063 4386 3092 4421 a
3123 4363 3463 4421 daemonibus
3494 4366 3544 4412 et
3573 4348 3752 4424 passio-

537 4477 779 4531 simulet
808 4475 1085 4546 fragilitati
1113 4474 1346 4528 edicitur
1392 4472 1684 4528 obnoxius.
1719 4439 2112 4538 Quod-idcirco
2145 4443 2186 4496 θ
2216 4473 2404 4532 nibus,
2431 4483 2621 4524 verum
2653 4475 2709 4522 et
2738 4466 2971 4519 aliorum
3002 4461 3279 4515 daamones
3321 4462 3376 4509 et
3405 4453 3666 4523 passiones
3687 4439 3755 4492 fll-

535 4569 801 4638 scriptum
831 4575 938 4631 est,
979 4574 1038 4622 ut
1065 4567 1242 4620 sciant
1283 4565 1534 4622 homines
1581 4566 1709 4636 quia
1757 4567 1900 4620 sicut
1924 4581 1989 4619 ex
2020 4565 2115 4618 im-

611 4774 657 4805 “
684 4773 816 4842 Cap.
853 4770 888 4827 2
914 4801 940 4810 -
970 4770 1039 4842 '55
1093 4768 1292 4842 desunt
1321 4768 1376 4821 in
1427 4766 1587 4842 codd.
1612 4763 1740 4842 __l_._ip

537 4844 704 4898 modo
741 4863 754 4896 :

537 4922 646 4970 etc.
758 4910 812 4944 ³⁷⁷
834 4910 1024 4965 Matth.
1057 4925 1190 4974 xvu,
1229 4912 1315 4967 i9.

805 4818 931 4911 'pa'ce
973 4818 1067 4911 2i;
1397 4818 1582 4908 aliqua
1606 4818 1729 4892 ξιιίὶ
1746 4835 1809 4887 de
1845 4833 2068 4888 hominis
2101 4832 2362 4886 creatione
2391 4841 2439 4884 et
2472 4818 2622 4897 lapsi:
2647 4818 2908 4897 exposuit.
2942 4825 3010 4879 Et
3037 4831 3155 4892 post
3206 4819 3316 4875 [uec
3339 4818 3502 4889 'jussit

2217 4578 2348 4634 gare
2377 4569 2625 4632 possunt.

1745 4778 1819 4818 ss.
1879 4760 2169 4817 Cohierent
2225 4769 2407 4816 autem
2462 4773 2528 4814 ea
2573 4773 2694 4830 quae
2751 4763 3055 4830 sequuntur
3103 4763 3229 4830 cum
3268 4744 3639 4830 superioribus

3548 4809 3639 4866 sibi
3657 4820 3752 4866 eos,

1861 5011 2228 5074 COTELERII
2265 5011 2498 5068 NOTAE.

616 5143 728 5212 (16)
788 5140 1168 5212 lmpassibiles.
1242 5140 1500 5196 Ἀπάοειοι
1525 5150 1578 5195 et
1615 5138 2022 5212 ᾁναμαρτηᾳία,
2063 5137 2110 5191 si

544 5210 731 5272 stricte
765 5210 1075 5269 sumantur.
1125 5221 1252 5266 sunt
1290 5210 1798 5282 imperturbabilitas
1838 5221 1890 5263 et
1916 5210 2112 5282 impac-

543 5285 811 5344 cabilitas,
838 5282 1232 5352 imperturbatio
1259 5292 1313 5335 et
1343 5278 1907 5351 iinpeccantiaNerum
1939 5278 2114 5333 laxius

544 5356 820 5412 interdum
878 5363 1215 5423 usurpautur
1259 5369 1287 5406 a
1344 5355 1553 5408 sanctis
1598 5353 1874 5408 Patribus.
1922 5363 2117 5423 pro_eo

546 5435 690 5484 statu
721 5427 773 5479 in
809 5441 917 5494 quo
973 5418 1181 5494 positus
1221 5430 1304 5477 vir
1333 5433 1577 5486 sanctus,
1609 5440 1703 5493 per
1745 5418 1971 5494 gratiam
2020 5418 2114 5494 Dei

544 5500 729 5550 minus
750 5489 957 5548 crebris
973 5489 1402 5563 'miuoribusque
1431 5489 1822 5548 tentationihtts
1845 5489 2117 5563 obnoxius

544 5576 650 5628 est,
683 5567 1156 5635 necigravtoribus
1200 5558 1441 5635 peccatis
1468 5566 1773 5619 succumbit
1806 5558 2116 5635 :‘Artitflita,

547 5635 725 5704 inquit
764 5629 1051 5697 Maximus,
1087 5637 1162 5689 De
1181 5629 1456 5700 citaritate,
1489 5637 1734 5689 centuria
1763 5635 1814 5695 1,
1846 5648 1967 5702 cap.
2010 5629 2116 5704 56‘,

549 5699 697 5757 ὲσέὶν
767 5706 1013 5776 εἰρηνικὴ
1061 5706 1390 5776 κατάστασις
1433 5699 1643 5776 ψυχῆςλ
1676 5699 2126 5776 καθ’ῗῇείδυσκίυ

549 5790 708 5843 vnto;
737 5773 944 5846 γίκξεέαι
981 5773 1128 5846 ψυχὴ
1168 5775 1303 5845 πρὸς
1343 5773 1692 5846 κακίαῦίΕδζ
1723 5775 1978 5846 datadata,
2025 5784 2122 5835 pa-

553 5853 702 5897 catus
729 5845 917 5896 animm
950 5844 1141 5902 status,
1182 5844 1459 5898 secundum
1482 5861 1628 5900 quem
1661 5844 1930 5909 difﬁculter
1958 5855 2124 5895 more-

2215 5147 2301 5188 tur
2331 5135 2510 5187 anima
2534 5149 2660 5202 erga
2694 5129 2976 5190 malitiam,
2995 5122 3336 5202 5'J3’1C5‘31l725'
3370 5112 3750 5202 n0“,

2217 5184 2616 5259 meditatam“
2631 5184 2802 5256 debet
2841 5215 2945 5253 vox
2966 5184 3224 5258 'ameezg'
3249 5184 3751 5259 Clementiﬁlcxan-

2649 5251 2862 5339 ἷιῖἷξρέ
2887 5268 3010 5330 750,
3059 5265 3150 5318 ubi
3193 5251 3444 5339 anates};
3465 5251 3750 5339 ,εάὶάετιψᾷτ

2220 5345 2488 5407 εὐπειθεῖς
2517 5313 2875 5398 οοιῖτειιθήιιιιι
2923 5313 3331 5410 adverterunt.
3379 5328 3488 5384 Καὶ
3521 5313 3754 5410 εξγαξλμξζ

2220 5381 2458 5398 ςυουευνς..
2517 5381 2875 5398 ιυ..ω..,......,
2923 5381 2987 5391 ..ν
3379 5381 3447 5384 __,
3674 5381 3683 5386 _

2219 5384 2656 5486 inerms-ceptus
2702 5412 2828 5486 θεοὺς
2870 5403 3456 5486 ῆευτέρουςῃὰμείνουςε,
3483 5381 3753 5486 audenti-ff

2221 5465 2468 5547 ἁπαθεῖξ,
2599 5483 2672 5554 μὴ
2701 5465 3064 5554 ditty-1165149346:
3108 5465 3288 5554 caeo).
3303 5471 3609 5554 χενὸμενοιζ

2224 5521 2416 5538 ult-utve.-
2508 5521 2516 5536 ι
2548 5521 2563 5535 ν
2645 5521 2655 5534 ι
2701 5521 2735 5534 υ-
2793 5521 2827 5533 γι
2854 5521 3064 5531 νοσνντυνν-
3120 5521 3253 5527 --η-ν
3270 5521 3278 5526 ,
3357 5521 3371 5522 κ
3391 5521 3397 5524 .
3421 5521 3428 5522 κ
3594 5521 3600 5527 ,

2224 5554 2323 5636 τῂν
2350 5521 2677 5624 τοῖκεδρῖᾌῦ
2720 5521 3075 5636 δεῖδαίςκαλίαιίι
3096 5521 3509 5618 προσεύξῖυντᾶι.
3531 5521 3751 5636 καὶ

2365 5625 2377 5636 ι
2428 5624 2451 5636 Α
2504 5623 2527 5635 ~
2617 5623 2655 5636 τι
2915 5628 2929 5636 Α
2950 5634 2999 5636 ,d
3089 5633 3131 5636 Α-
3151 5616 3454 5636 ,_c-_'.2----....
3492 5619 3622 5636 .nann
3731 5616 3751 5629 ⁸

2225 5593 2334 5678 τών
2361 5593 2592 5694 exoptavi
2617 5623 2786 5675 Porro
2809 5628 3002 5694 auctor
3033 5593 3456 5694 Recbgnitionu‘m
3492 5593 3752 5694 ἱηιεαξδξξξξ

2229 5673 2719 5764 ίέὲἐὸέἵιῇρέιῑάι,
2762 5673 2854 5760 qui
2883 5700 3112 5764 propter
3142 5673 3503 5764 innocentiam
3533 5673 3750 5764 vili-li?“

2229 5750 2581 5820 incursanitir
2611 5779 2640 5818 a
2665 5750 3023 5826 dienionibus',
3055 5773 3153 5814 nec
3179 5754 3377 5812 morbis
3405 5750 3694 5820 afﬂiguntur.
