4036 6252
336 344 476 398 1533

1554 339 2116 400 RECOGNITIONUM
2152 343 2280 401 LlB.
2319 344 2384 399 Υ.

3442 353 3581 410 ιδδι

403 455 494 512 lV.
526 455 604 510 Ex
631 457 717 513 his
753 473 893 529 ergo
922 459 1176 514 omnibus
1229 459 1522 531 colligitur,
1577 461 1719 530 quod
1751 460 1903 530 origo
1932 463 1978 518 Α
2008 458 2150 512 latur
2176 461 2445 515 bonorum
2477 460 2580 517 sibi
2605 461 2908 516 doctrinam
2940 461 3132 520 fuisse
3182 465 3436 530 delatam,
3489 484 3578 530 rer

329 547 499 603 totius
531 549 656 602 mali
685 549 753 602 ab
775 549 1078 618 ignorantia
1104 549 1418 618 descendat,
1455 559 1510 605 et
1541 553 1658 623 ipsa
1693 553 1765 607 sit
1787 568 1903 606 ma-

328 637 506 692 lorum
561 639 803 691 omnium
864 624 1078 703 mat'er,
1130 655 1250 709 quae
1305 640 1518 695 incuria
1571 642 1791 712 quidem
1849 653 1903 698 et

328 725 545 795 ignavia
583 728 844 798 gignitur,
876 729 1203 800 negligentia
1233 748 1364 786 vero
1393 734 1558 787 alitur
1589 742 1643 788 et
1671 742 1900 805 augetur

326 818 562 885 atquein
596 819 851 876 sensibus
875 821 1158 878 hominum
1183 825 1483 888 radicatur,
1509 841 1673 895 quam
1704 827 1748 883 si
1778 829 1900 897 quis

327 907 468 962 forte
498 909 693 963 doceat
727 911 1090 981 eii'ugandam,
1119 915 1265 969 velut
1318 917 1559 986 antiquis
1588 927 1642 971 et
1676 918 1900 973 Incredi-

323 999 484 1056 tariis
513 1003 736 1057 sedibus
764 992 992 1060 moleste
1022 1015 1075 1060 et
1125 1007 1475 1077 indignanter
1524 1011 1796 1066 avellitur.
1833 1011 1900 1066 Et

324 1091 448 1148 ideo
473 1096 752 1164 paululum
785 1097 1146 1153 laborandum
1168 1101 1327 1156 nobis
1349 1111 1453 1166 est,
1489 1112 1548 1157 ut
1574 1103 1896 1174 indagantes

322 1185 644 1254 ignorantiae
697 1192 1151 1261 praesumptiones
1205 1195 1448 1249 scientia:
1493 1198 1704 1251 ratione
1743 1215 1897 1253 rese-

325 1292 536 1342 cemus,
571 1280 626 1333 in
651 1280 736 1334 his
757 1284 1026 1352 praecipue
1049 1285 1141 1354 qui
1183 1285 1234 1339 in
1268 1287 1542 1356 aliquibus
1592 1289 1774 1343 minus
1808 1307 1897 1344 re-

323 1369 428 1423 etis
462 1371 812 1438 Opinionibus
834 1378 1092 1443 prmventi
1125 1387 1274 1442 sunt,
1310 1395 1409 1448 per
1437 1395 1574 1449 quas
1607 1383 1764 1450 quasi
1794 1384 1897 1438 sub

321 1460 503 1528 specie
533 1462 766 1531 alicujus
786 1465 1047 1532 scientiae,
1075 1467 1382 1537 ignorantia
1413 1472 1465 1524 in
1491 1472 1572 1527 eis
1601 1473 1895 1529 vehemen-

319 1551 432 1604 tius
469 1552 709 1608 radicata
742 1566 856 1622 est;
909 1558 1044 1612 nihil
1092 1562 1236 1615 enim
1289 1564 1508 1631 gravius
1542 1580 1705 1634 quam
1739 1568 1784 1620 si
1840 1567 1893 1622 id

316 1643 466 1712 quod
501 1645 716 1713 ignorat
746 1649 891 1717 quis,
926 1651 1069 1706 scire
1101 1669 1159 1707 se
1189 1655 1397 1718 credat,
1433 1662 1486 1709 et
1514 1657 1771 1712 defendat
1801 1677 1893 1714 ve-

317 1751 441 1789 rum
467 1753 591 1792 esse
614 1740 760 1809 quod
793 1741 990 1796 falsum
1025 1753 1130 1808 est,
1187 1747 1333 1814 quod
1387 1749 1495 1803 tale
1519 1759 1621 1812 est,
1653 1752 1814 1820 quale
1844 1753 1888 1806 si

2006 553 2176 620 quirit
2207 554 2468 608 intentius
2516 562 2570 607 et
2617 553 2828 609 discere
2879 569 2988 608 non
3022 556 3244 621 desinit,
3288 573 3577 626 usquequo

2005 654 2324 710 cognoscat,
2355 646 2403 700 si
2432 654 2516 700 est
2541 662 2668 701 vere
2699 647 2844 700 aliud
2876 648 3153 712 saeculum,
3185 650 3241 704 in
3275 665 3382 718 quo
3416 650 3576 716 bonis

2002 739 2223 806 praemia
2250 747 2549 809 praeparata
2581 753 2740 804 sunt;
2767 747 2820 792 et
2861 754 2982 792 cum
3017 749 3198 797 certus
3225 742 3291 796 de
3325 743 3428 796 hoc
3458 743 3571 795 fue-

2002 831 2096 893 rit,
2121 831 2330 899 gratias
2377 846 2547 900 agens
2597 831 2728 896 Deo,
2752 831 2895 900 quod
2947 831 3050 886 sibi
3103 833 3345 888 veritatis
3389 835 3572 888 lumen

2001 923 2330 985 ostenderit,
2355 924 2422 978 de
2453 933 2653 978 caetero
2677 925 2863 994 dirigit
2888 932 3047 978 actus
3077 939 3208 979 suos
3243 926 3296 977 in
3318 927 3572 980 omnibus

2001 1013 2259 1083 operibus
2285 1013 2476 1075 bonis,
2523 1028 2756 1082 quorum
2789 1014 2890 1068 sibi
2939 1013 2994 1066 in
3049 1013 3233 1066 futuro
3267 1017 3572 1071 mercedem

1999 1113 2185 1159 certus
2214 1113 2299 1158 est
2325 1114 2708 1174 praeparatam,
2741 1119 2838 1174 per
2866 1105 3048 1158 omnia
3078 1105 3353 1161 demirans
3382 1113 3434 1160 et
3457 1116 3573 1161 stu-

2000 1211 2135 1265 pens
2159 1203 2480 1250 caaterorum
2540 1195 2822 1248 hominum
2870 1210 3110 1258 errores,
3161 1203 3214 1248 et
3272 1197 3414 1264 quod
3446 1205 3572 1252 ante

2000 1291 2190 1342 oculos
2238 1287 2473 1358 positam
2501 1287 2784 1341 veritatem
2817 1301 2979 1339 nemo
3007 1285 3206 1341 videat.
3236 1287 3356 1355 ipse
3387 1294 3572 1342 tamen

1999 1379 2242 1448 gaudens
2277 1393 2444 1447 super,
2484 1378 2692 1432 divitiis
2739 1376 3020 1446 sapientiae
3057 1391 3194 1445 quas
3224 1378 3447 1441 invenit,
3481 1378 3569 1444 in:

1999 1470 2326 1524 satiabiliter
2363 1471 2445 1524 eis
2491 1469 2698 1538 perfrui
2739 1469 2890 1538 cupit
2921 1476 2974 1521 et
3006 1470 3272 1535 exercitio
3302 1470 3569 1525 bonorum

1995 1573 2220 1630 Operum
2253 1562 2574 1627 delectatur,
2609 1560 2992 1616 festinans'ad
3039 1561 3299 1617 saeculum
3323 1561 3570 1616 futurum

1995 1657 2202 1710 mundo
2253 1656 2417 1711 corde
2466 1665 2520 1710 et
2573 1671 2712 1725 pura
2760 1657 3095 1712 conscientia
3139 1659 3442 1727 pervenire,
3477 1660 3567 1714 ubi

1993 1748 2157 1802 etiam
2190 1747 2376 1801 videre
2405 1746 2574 1801 Deum
2603 1761 2782 1816 regem
2807 1748 3049 1800 omnium
3083 1747 3275 1816 possit.

313 1827 444 1895 quis
474 1830 659 1887 ebrius
686 1835 928 1888 sobrium
976 1852 1034 1890 se
1081 1846 1232 1907 putet
1279 1846 1333 1892 et
1359 1847 1484 1909 agat
1511 1816 1730 1910 quidem
1754 1858 1891 1896 eun-
1921 1816 1964 1872 Β
2069 1835 2202 1892 Vlll.
2237 1836 2334 1892 His
2365 1846 2544 1890 autem
2568 1837 2822 1891 omnibus
2868 1851 3058 1891 carere
3088 1852 3188 1890 nos
3213 1847 3268 1890 et
3301 1836 3566 1902 fraudari,

311 1925 406 1972 cta
455 1927 515 1972 ut
541 1922 746 1990 ebrius,
798 1925 1043 1980 sobrium
1095 1943 1154 1984 se
1191 1937 1371 1984 tamen
1400 1938 1453 1984 et
1503 1931 1618 2001 ipse
1652 1941 1803 2002 putet
1841 1943 1894 1989 et

307 2010 426 2064 dici
458 2027 488 2065 a
510 2015 720 2070 cazteris
745 2018 894 2072 velit.
929 2017 1007 2072 Ita
1039 2029 1168 2075 sunt
1191 2037 1320 2091 ergo
1351 2030 1406 2076 et
1435 2023 1488 2076 hi
1518 2026 1613 2094 qui
1645 2025 1896 2096 ignoran-

306 2113 399 2160 tes
430 2108 575 2175 quod
612 2125 797 2164 verum
837 2119 943 2175 est,
982 2114 1219 2182 speciem
1252 2125 1433 2171 tamen
1464 2119 1696 2189 alicujus
1720 2123 1895 2176 scien-

302 2199 407 2252 tim
442 2205 650 2264 tenent,
682 2210 735 2255 et
764 2203 906 2256 mala
940 2206 1095 2273 quasi
1146 2207 1288 2262 bona
1341 2218 1557 2278 gerunt,
1607 2221 1772 2284 atque
1823 2219 1890 2270 ad

300 2293 617 2362 perniciem
646 2297 804 2364 quasi
837 2301 904 2350 ad
937 2298 1168 2353 salutem
1204 2299 1483 2358 festinant.

385 2381 450 2436 ν.
483 2383 713 2454 Propter
741 2388 886 2456 quod
919 2399 1043 2461 ante
1072 2392 1252 2444 omnia
1279 2395 1677 2462 preperandum
1713 2406 1798 2452 est
1821 2399 1888 2452 ad

305 2475 641 2546 agnitionem
673 2481 939 2546 veritatis,
978 2488 1037 2537 ut
1062 2485 1337 2551 possimus
1367 2488 1525 2556 quasi
1553 2489 1758 2544 lumine
1788 2506 1890 2544 no-

304 2565 396 2620 bis
453 2566 577 2622 inde
622 2583 914 2636 succenso,
971 2587 1217 2628 errorum
1269 2577 1524 2634 tenebras
1583 2580 1884 2650 depellere;

303 2658 520 2726 grande
549 2659 693 2713 enim
725 2663 928 2717 malum
977 2673 1082 2731 est,
1123 2673 1181 2720 ut
1239 2667 1494 2733 diximus,
1545 2671 1884 2743 ignorantia;

302 2750 407 2804 sed
443 2751 571 2818 quia
604 2752 969 2808 substantiam
1004 2773 1112 2812 non
1145 2759 1328 2824 habet,
1361 2760 1521 2816 facile
1559 2764 1627 2818 ab
1658 2765 1744 2818 his
1790 2767 1885 2834 qui

301 2843 541 2897 studiosi
575 2855 722 2903 sunt.
751 2847 1034 2918 etfugatur.
1059 2849 1174 2905 Non
1198 2855 1344 2913 enim
1376 2854 1518 2908 aliud
1550 2863 1634 2911 est
1666 2857 1884 2926 quidem

302 2934 642 3002 ignorantia,
674 2938 779 2992 nisi
816 2956 925 2994 non
958 2943 1248 3012 agnovisse
1291 2946 1437 3014 quod
1490 2948 1745 3015 expedit;
1791 2949 1883 3002 ubi

300 3036 493 3080 autem
526 3031 836 3098 agnoveris,
867 3035 1008 3102 perit
1035 3037 1362 3105 ignorantia.
1396 3039 1576 3105 Qumri
1607 3056 1736 3111 ergo
1761 3055 1877 3094 ma-

1997 1929 2114 1984 sola
2137 1928 2268 1982 facit
2297 1927 2627 1997 ignorantia.
2677 1926 2812 1980 Dum
2857 1927 3000 1981 enim
3028 1928 3278 1997 ignorant
3318 1928 3568 1982 homines

1994 2027 2260 2090 quantum
2275 2017 2882 2084 bonihabeatscientia,
2913 2018 3233 2088 ignorantiae
3263 2018 3464 2070 malum
3502 2016 3568 2078 de

1995 2131 2055 2172 se
2081 2129 2192 2168 non
2218 2114 2504 2183 patiuntur
2525 2109 2777 2178 excludi;
2805 2111 3061 2166 nesciunt
3089 2111 3233 2166 enim
3260 2117 3464 2180 quanta
3495 2114 3568 2164 sit

1994 2210 2049 2262 in
2087 2208 2282 2261 horum
2334 2203 2733 2275 permutatione
2783 2202 3099 2258 diversitas.
3143 2202 3371 2272 Propter
3421 2201 3568 2272 quod

1991 2299 2284 2354 consilium
2343 2298 2413 2350 do
2459 2295 2755 2363 unicuique
2800 2294 3146 2357 discentium,
3178 2294 3409 2348 libenter
3437 2309 3570 2363 prae,-

1990 2394 2120 2448 bere
2145 2406 2330 2445 aurem
2360 2388 2529 2442 verbo
2552 2386 2668 2453 Dei,
2694 2394 2748 2441 et
2785 2401 2910 2438 eum
2967 2400 3151 2440 amore
3194 2386 3438 2440 veritatis
3462 2401 3562 2439 au-

1991 2487 2107 2541 dire
2139 2499 2259 2554 qua:
2301 2483 2559 2542 dicimus,
2602 2490 2663 2534 ut
2711 2496 2865 2534 mens
2897 2479 3102 2548 optimo
3140 2481 3344 2543 semine
3372 2495 3563 2535 susce-

1989 2588 2104 2650 pto,
2131 2593 2226 2648 per
2263 2577 2434 2630 honos
2487 2583 2642 2628 actus
2683 2573 2834 2626 laetos
2873 2571 3316 2627 all’eratl'ructns.
3349 2571 3484 2626 Nam
3516 2573 3564 2626 si

1989 2687 2077 2726 me
2103 2672 2334 2724 docente
2348 2682 2411 2720 ea
2442 2681 2562 2735 qua:
2604 2664 2672 2718 ad
2728 2663 2956 2716 salutem
2992 2662 3288 2730 pertinent,
3322 2663 3564 2731 recipere

1988 2765 2114 2836 quis
2143 2763 2353 2824 abnuit,
2381 2767 2434 2814 et
2468 2758 2652 2812 animo
2698 2756 2884 2827 pravis
2916 2754 3268 2826 opinionibus
3294 2761 3564 2824 occupato

1987 2857 2257 2911 obsistere
2288 2852 2510 2914 nititur,
2550 2864 2661 2903 non
2692 2863 2757 2902 ex
2794 2846 2986 2909 nobis,
3043 2843 3136 2900 sed
3165 2861 3231 2897 ex
3264 2846 3562 2914 semetipso

1987 2947 2212 3003 habebit
2239 2942 2502 3016 pereundi
2533 2955 2779 2995 causam.
2813 2937 2985 2992 Debet
3014 2936 3156 2991 enim
3178 2936 3328 3005 justo
3353 2937 3562 3003 judicio

1986 3040 2303 3097 examinare
2347 3051 2468 3106 qua:
2489 3034 2744 3096 dicimus,
2798 3039 2853 3084 et
2904 3029 3205 3099 intelligere
3239 3029 3368 3099 quia
3400 3030 3565 3084 verba

301 3131 558 3186 gnopere'
580 3119 741 3174 debet
768 3125 1013 3181 veritatis
1064 3130 1290 3197 agnitio,
1325 3147 1487 3201 quam
1543 3148 1704 3186 nemo
1735 3134 1876 3190 alius
1904 3153 1947 3209 ο
1979 3137 2260 3206 loquimur
2322 3129 2593 3188 veritatis,
2647 3134 2708 3179 ut
2751 3123 2988 3194 cognitis
3043 3123 3128 3177 his
3181 3137 3301 3192 quae
3346 3129 3563 3176 suntut

299 3216 490 3278 potest
519 3212 818 3280 assignare,
874 3215 978 3268 nisi
1013 3232 1176 3273 verus
1228 3223 1511 3291 propheta.
1564 3221 1691 3278 Haec
1732 3225 1878 3279 enim

298 3308 464 3369 porta
495 3303 732 3357 estvita:
774 3305 1080 3362 volentibus
1130 3310 1360 3380 ingredi,
1413 3322 1467 3367 et
1502 3315 1606 3370 iter
1652 3333 1878 3387 operum

294 3391 573 3447 bonorum
603 3398 948 3466 pergentibus
980 3401 1043 3454 ad
1075 3400 1345 3456 civitatem
1369 3406 1582 3462 salutis.

377 3484 469 3539 Vl.
506 3485 561 3540 Si
594 3489 719 3557 quis
777 3506 908 3545 sane
960 3492 1187 3548 audiens
1236 3510 1542 3552 sermonem
1587 3499 1703 3553 veri
1750 3516 1878 3570 pro-

297 3576 506 3647 plietze,
554 3581 682 3632 velit
742 3584 984 3650 recipere
1039 3593 1132 3638 aut
1165 3586 1320 3650 nolit,
1369 3598 1424 3641 et
1457 3590 1706 3658 amplecti
1735 3606 1876 3648 onus

290 3669 448 3736 ejus,
485 3668 534 3721 id
565 3676 650 3724 est
678 3671 934 3726 mandata
968 3673 1107 3736 vitze,
1143 3675 1304 3731 habet
1345 3678 1399 3730 in
1432 3694 1530 3733 sua
1563 3687 1873 3748 potestate;

289 3759 464 3813 liberi
497 3761 640 3813 enim
668 3779 856 3819 sumus
905 3767 1139 3821 arbitrii.
1171 3767 1304 3822 Nam
1340 3771 1384 3824 si
1450 3771 1553 3826 hoc
1598 3779 1764 3836 esset,
1819 3781 1876 3826 ut

290 3853 594 3909 audientes
617 3871 740 3910 eum
769 3857 879 3925 jam
908 3875 1018 3913 non
1051 3860 1312 3916 haberent
1341 3862 1393 3915 in
1429 3871 1699 3931 potestate
1728 3865 1873 3918 aliud

287 3939 487 3995 facere
515 3958 677 4011 quam
706 3945 1012 4014 audierant,
1067 3949 1151 4003 vis
1195 3955 1312 4002 erat.
1366 3952 1612 4020 quaedam
1642 3962 1870 4019 natura,

285 4049 394 4105 per
422 4049 590 4103 quam
623 4036 850 4090 liberum
882 4055 989 4094 non
1021 4050 1166 4097 esset
1196 4043 1262 4095 ad
1288 4044 1446 4098 aliam
1473 4046 1708 4115 migrare
1746 4063 1874 4103 sen-

287 4127 557 4181 tentiam.
587 4127 694 4180 Aut
720 4129 765 4183 si
798 4145 992 4186 rursus
1024 4149 1088 4187 ex
1145 4135 1492 4190 audientibus
1521 4138 1705 4192 nullus
1753 4155 1873 4193 om-

211 4239 215 4242 ·
281 4220 427 4272 nino
458 4219 747 4288 reciperet,
800 4230 853 4276 et
883 4223 986 4277 hoc
1031 4235 1241 4280 natura}
1269 4230 1351 4281 vis
1378 4237 1517 4293 erat,
1551 4246 1671 4298 quae
1702 4247 1869 4286 unum

278 4310 505 4381 aliquid
538 4311 654 4365 fieri
702 4324 940 4384 cogeret,
1001 4325 1056 4372 et
1084 4320 1237 4373 alteri
1289 4322 1430 4390 parti
1461 4337 1568 4376 non
1601 4323 1757 4378 daret
1789 4326 1870 4379 lo-

274 4419 433 4459 cum.
469 4402 634 4458 Nune
657 4415 835 4462 autem
861 4410 985 4478 quia
1013 4411 1241 4466 liberum
1270 4423 1355 4468 est
1386 4415 1589 4480 animo,
1625 4415 1679 4471 in
1703 4433 1864 4487 quam

1982 3239 2133 3291 sunt,
2169 3236 2223 3283 et
2257 3226 2313 3280 in
2347 3223 2506 3278 bonis
2552 3220 2767 3274 actibus
2807 3217 3054 3286 dirigens
3084 3215 3250 3268 vitam
3282 3229 3458 3277 suam,
3484 3229 3564 3268 re-

1981 3325 2073 3396 gni
2101 3321 2366 3376 caelorum
2398 3314 2576 3385 possit
2626 3309 2900 3381 particeps
2945 3306 3200 3370 inveniri,
3248 3306 3561 3374 subjicicns

1980 3417 2088 3472 sibi
2125 3412 2308 3468 carnis
2341 3405 2637 3468 desideria,
2663 3409 2718 3457 et
2749 3400 3006 3455 dominus
3031 3415 3220 3453 eorum
3252 3398 3450 3461 factus,
3502 3406 3560 3451 ut

1980 3508 2054 3562 ita
2086 3507 2304 3560 demum
2327 3501 2490 3555 etiam
2522 3498 2640 3566 ipse
2669 3493 2762 3548 ﬁat
2811 3491 3174 3547 dominatoris
3208 3490 3452 3545 omnium
3477 3489 3562 3558 ju-

1978 3599 2155 3653 cunda
2186 3591 2483 3664 possessio.

2050 3688 2141 3743 IX.
2167 3686 2299 3741 Nam
2317 3683 2410 3753 qui
2445 3684 2724 3750 permanet
2744 3677 2796 3729 in
2824 3675 2968 3729 malo
2991 3681 3044 3730 et
3075 3689 3270 3729 servus
3301 3680 3383 3728 est
3407 3672 3557 3738 mali,

1977 3799 2088 3837 non
2117 3786 2298 3851 potest
2337 3775 2475 3830 eilici
2517 3771 2697 3843 portio
2750 3770 2901 3829 boni,
2957 3768 3131 3822 donec
3183 3770 3475 3836 permanet
3501 3765 3557 3817 in

1975 3876 2142 3936 malo,
2175 3872 2302 3942 quia
2332 3869 2402 3922 ab
2442 3865 2620 3929 initio,
2646 3870 2705 3917 ut
2753 3870 2882 3916 ante
2931 3859 3201 3923 diximus,
3243 3856 3352 3910 duo
3386 3871 3556 3926 regna

1976 3967 2170 4023 statuit
2198 3964 2360 4024 Deus,
2403 3966 2457 4014 et
2499 3963 2824 4027 potestatem
2855 3951 3004 4006 dedit
3052 3948 3349 4018 unicuique
3379 3947 3558 4001 homi-

1974 4071 2127 4118 num,
2154 4061 2215 4107 ut
2243 4053 2389 4106 illius
2427 4047 2578 4116 regni
2614 4045 2704 4098 fiat
2733 4041 2935 4113 portio,
2976 4039 3064 4092 cui
3112 4054 3170 4092 se
3202 4036 3267 4089 ad
3292 4036 3555 4092 obedien-

1973 4148 2102 4201 dum
2137 4145 2252 4214 ipse
2289 4140 2608 4209 subjecerit.
2664 4135 2729 4189 Et
2761 4132 2889 4203 quia
2940 4127 3221 4183 definitum
3278 4136 3363 4182 est
3409 4129 3554 4198 apud

1971 4237 2165 4302 Deum,
2197 4252 2307 4291 non
2345 4249 2506 4304 posse
2558 4245 2724 4285 unum
2767 4224 3043 4281 hominem
3077 4221 3362 4290 utriusque
3395 4225 3551 4292 regni

1970 4345 2091 4384 esse
2121 4342 2361 4390 servum,
2388 4324 2536 4378 omni
2584 4320 2766 4376 studio
2804 4317 2928 4372 date
2954 4326 3198 4382 Operam,
3228 4313 3281 4365 in
3309 4313 3436 4368 boni
3467 4328 3554 4367 re-

1972 4424 2054 4492 gis
2087 4419 2266 4474 fcedus
2302 4433 2365 4471 ac
2387 4417 2510 4486 jura
2542 4425 2894 4467 concurrere.
2919 4407 3149 4475 Propter
3177 4406 3283 4460 hoc
3311 4405 3549 4472 denique

270 4499 410 4552 velit
440 4508 659 4568 partem
684 4500 955 4557 declinare
982 4503 1244 4572 judicium
1271 4523 1449 4572 suum,
1469 4514 1522 4563 et
1549 4523 1710 4578 quam
1742 4526 1866 4580 pro-
1896 4493 1941 4545 Ῑ)
1971 4526 2134 4564 verus
2185 4509 2445 4578 propheta
2495 4520 2618 4559 cum
2671 4512 2818 4559 esset
2872 4514 3112 4569 praesens
3162 4496 3467 4557 nobiscum,
3495 4503 3550 4549 et

267 4593 506 4647 baverit
529 4593 728 4663 eligere
749 4594 911 4660 viam,
931 4605 1148 4651 constat
1178 4599 1458 4655 evidenter
1488 4602 1669 4657 inesse
1691 4602 1867 4657 homi-

270 4683 449 4739 nibus
483 4684 700 4738 arbitrii
740 4685 1064 4743 libertatein.

357 4796 474 4851 Vl'l.
504 4791 675 4865 igitur
705 4798 1023 4869 priusquam
1080 4801 1263 4855 audiat
1295 4804 1418 4872 quis
1449 4805 1594 4874 quod
1624 4807 1672 4860 ei
1705 4822 1870 4878 expe-

269 4889 382 4949 dit,
419 4887 752 4942 certum’est
781 4892 907 4960 quia
963 4893 1197 4961 ignorat,
1253 4903 1307 4947 et
1361 4895 1619 4965 ignorans
1666 4901 1781 4952 vult
1813 4909 1868 4955 et

269 4981 569 5037 desiderat
598 4983 738 5050 quod
785 5000 892 5038 non
950 4987 1164 5054 expedit
1223 5002 1401 5056 agere,
1459 5000 1682 5061 propter
1719 4995 1865 5063 quod

267 5091 380 5149 pro
416 5075 529 5129 hoc
557 5075 982 5144 nonjudicatur.
1022 5081 1156 5135 Cum
1213 5098 1339 5137 vero
1394 5084 1632 5140 audierit
1666 5102 1863 5144 causas

267 5169 494 5228 erroris
530 5169 639 5231 sui,
672 5179 727 5223 et
756 5172 1021 5228 rationem
1053 5175 1301 5230 veritatis
1324 5178 1615 5246 acceperit,
1648 5187 1778 5236 tunc
1813 5182 1861 5236 si

263 5261 652 5335 permanserit
687 5262 738 5312 in
772 5262 857 5316 his
903 5265 1185 5320 erroribus
1215 5267 1415 5336 quibus
1450 5269 1654 5322 dudum
1685 5270 1862 5325 fuerat

263 5357 620 5426 praeventus,
652 5358 801 5405 recte
825 5352 938 5420 jam
963 5358 1250 5412 vocabitur
1279 5359 1343 5412 ad
1364 5360 1633 5430 judicium
1667 5378 1858 5433 poenas

261 5446 542 5503 daturus,
573 5457 672 5493 cur
699 5442 821 5496 vita:
844 5444 964 5512 ejus
1014 5450 1247 5516 spatium
1285 5452 1431 5521 quod
1484 5454 1551 5508 ad
1586 5455 1722 5510 bene
1773 5458 1856 5512 vi-

255 5534 518 5589 vendum
568 5533 794 5600 accepit,
826 5533 881 5587 in
930 5535 1179 5594 ludibriis
1212 5548 1556 5616 consumpsit
1581 5564 1851 5605 errorum.

258 5628 371 5696 Qui
411 5638 552 5679 vero
585 5625 812 5679 audiens
857 5627 971 5682 haec
1029 5631 1257 5687 libenter
1303 5640 1523 5709 accipit,
1575 5650 1629 5697 et
1661 5653 1852 5715 gratu-

369 5851 420 5883 ²⁸
455 5846 653 5904 Matth.
689 5868 756 5920 τι,
783 5853 870 5909 “2L

1971 4600 2238 4672 quosdam
2266 4615 2333 4652 ex
2373 4595 2635 4650 divitibus
2661 4593 2995 4663 negligentes
3049 4605 3177 4657 erga
3203 4587 3296 4642 Dei
3341 4587 3548 4640 cultum

1972 4693 2203 4748 videret.
2257 4689 2423 4758 hujus
2483 4689 2562 4741 rei
2626 4689 2698 4740 ita
2747 4686 2964 4754 aperuit
2994 4685 3316 4738 veritatem:
3377 4676 3546 4731 Nemo

1973 4794 2162 4853 potest,
2197 4784 2390 4852 inquit,
2417 4780 2620 4833 duobus
2664 4779 2891 4830 dominis
2919 4777 3140 4837 servire,
3175 4789 3277 4828 non
3329 4777 3545 4838 potestis

1972 4876 2083 4930 Deo
2111 4877 2301 4929 servire
2331 4883 2377 4926 et
2427 4886 2743 4925 mammonae
2780 4868 2859 4935 ’3;
2911 4879 3219 4922 mammona
3247 4861 3420 4933 patria
3453 4873 3546 4914 eo-

1972 4983 2092 5021 rum
2121 4982 2249 5022 voce
2272 4966 2494 5020 divitias
2522 4980 2746 5019 vocans.

2041 5101 2108 5155 X.
2141 5101 2239 5155 llic
2283 5115 2412 5170 ergo
2454 5108 2540 5154 est
2585 5115 2749 5154 verus
2789 5097 3074 5168 propheta,
3115 5096 3206 5165 qui
3268 5095 3320 5148 in
3352 5091 3540 5146 Judzea

1971 5193 2128 5246 nobis
2155 5191 2408 5262 apparuit
2431 5197 2492 5244 ut
2524 5189 2791 5256 audistis;
2831 5189 2925 5258 qui
2975 5193 3126 5242 stans
3156 5184 3371 5255 publice
3424 5181 3540 5236 sola

1961 5285 2215 5355 jussione
2266 5285 2504 5339 faciebat
2533 5298 2709 5338 caacos
2738 5281 2942 5344 videre,
2976 5279 3174 5336 surdos
3219 5276 3428 5340 audire,
3461 5273 3542 5328 fu-

1963 5378 2124 5446 gabat
2157 5376 2453 5440 damones,
2498 5376 2658 5447 aegris
2702 5373 2990 5429 sanitatem
3027 5369 3288 5426 reddebat
3317 5373 3372 5422 et
3397 5379 3540 5419 mor-

1960 5470 2071 5523 tuis
2097 5468 2282 5524 vitam.
2304 5470 2552 5539 Cumque
2579 5467 2712 5521 nihil
2738 5465 2788 5520 ei
2811 5473 2958 5519 esset
2985 5459 3342 5532 impossibile,
3368 5457 3531 5511 etiam

1963 5561 2320 5630 cogitationes
2354 5560 2639 5616 hominum
2693 5555 3046 5628 pervidebat,
3092 5550 3236 5622 quod
3287 5547 3419 5603 nulli
3448 5552 3535 5600 est

1960 5651 2223 5722 possibile
2282 5651 2390 5706 nisi
2436 5651 2536 5707 soli
2593 5649 2724 5704 Deo.
2760 5647 2860 5704 llic
2904 5642 3254 5702 annuntiavit
3300 5652 3529 5711 regnum
