4022 6274
538 352 680 409 4555

1388 348 1427 403 S
1463 342 1901 404 CLEMENTISI
1937 343 2103 403 ROM.
2147 347 2349 405 PONT.
2372 347 2598 402 OPERA
2640 347 2865 406 DUBIA.

3633 351 3745 409 I556

536 468 654 530 Dei,
681 469 771 523 cui
794 483 893 523 nos
915 468 983 523 de
1003 466 1259 522 omnibus
1290 481 1410 536 quae
1434 466 1666 529 dicebat,
1701 473 1963 534 tanquam
1989 478 2114 519 vero
2144 474 2187 525 Α
2218 466 2335 535 ipse
2354 465 2515 529 dixit,
2555 466 2685 536 quia
2720 465 3101 536 unusquisque
3132 464 3280 522 illius
3308 465 3365 521 ﬁt
3389 479 3573 522 servus
3592 468 3667 521 cui
3698 486 3745 523 se

538 563 815 631 propheta:
839 560 1112 616 credimus
1134 602 1149 623 ,
1182 559 1491 613 firmitatem
1518 557 1641 611 ﬁdei
1670 565 1870 610 nostra:
1890 571 1997 611 non
2024 572 2113 611 so-

536 655 649 708 lum
673 667 740 706 ex
763 652 945 707 verbis
972 653 1115 722 ejus,
1142 652 1236 706 sed
1264 658 1317 705 et
1346 665 1411 704 ex
1453 650 1712 718 operibus
1742 658 2110 712 assumentes.

537 744 667 815 quia
690 752 745 798 et
778 745 925 798 dicta
957 744 1112 814 legis,
1138 758 1258 813 qua:
1276 750 1400 795 ante
1427 742 1625 794 multas
1648 742 2024 810 generationes
2046 743 2113 799 de

538 838 827 905 praesentia
851 837 972 906 ejus
990 843 1376 905 exposuerant,
1401 834 1457 886 in
1485 833 1606 902 ipso
1628 833 2110 904 consignabantur,

536 936 591 983 et
618 930 880 999 imagines
903 936 1179 998 gestorum
1208 926 1375 997 Moysi
1403 935 1458 980 et
1506 934 1631 979 ante
1668 926 1843 994 ipsum
1877 928 2113 995 patriar—

534 1021 653 1075 clue
676 1020 865 1084 Jacob,
895 1022 1069 1091 ipsius
1093 1036 1187 1089 per
1228 1019 1411 1074 omnia
1440 1026 1625 1089 typum
1657 1018 1926 1073 ferebant.
1957 1016 2114 1071 Tcm-

535 1124 641 1179 pus
665 1124 884 1179 quoque
916 1112 1181 1163 adventus
1206 1109 1351 1177 ejus,
1403 1108 1505 1161 hoc
1537 1117 1643 1171 est,
1695 1108 1871 1177 ipsum
1918 1109 1971 1161 in
2004 1125 2113 1178 quo

535 1210 781 1264 venerat,
816 1200 1135 1271 pedit-tum
1166 1200 1234 1253 ab
1258 1200 1338 1254 eis
1377 1206 1616 1257 constat.
1651 1207 1705 1252 et
1734 1214 1901 1269 super
1928 1202 2111 1254 omnia

535 1294 681 1362 quod
705 1302 847 1349 esset
895 1308 923 1345 a
965 1292 1218 1361 gentibus
1242 1291 1643 1361 exspectandus
1664 1332 1678 1353 ,
1713 1293 1885 1346 sacris
1918 1294 2113 1347 litteris

536 1386 988 1455 comprehensum
1018 1390 1125 1447 est,
1159 1398 1282 1453 qua:
1300 1383 1355 1437 in
1383 1397 1449 1435 eo
1471 1383 1678 1452 pariter
1704 1383 1955 1437 universa
1968 1398 2114 1438 com-

577 1476 680 1529 leta
700 1483 847 1529 sunt.

540 1483 901 1630 “(12.813218
945 1571 1127 1617 autem
1182 1560 1495 1617 Iudaeorum
1548 1561 1814 1631 propheta
1859 1560 2112 1630 praedixit

536 1672 659 1710 eum
684 1672 713 1711 a
745 1655 1000 1727 gentibus
1027 1653 1455 1724 exspectandum
1496 1652 1563 1717 ”,
1610 1668 1776 1722 supra
1806 1652 2027 1705 modum
2057 1653 2111 1706 in

535 1763 601 1801 eo
629 1747 784 1802 [idem
820 1747 933 1802 veri
962 1745 1270 1801 conﬁrmat.
1300 1742 1355 1797 Si
1404 1744 1549 1798 enim
1595 1744 1828 1798 dixisset
1851 1759 1881 1796 a
1906 1744 2112 1798 Iudaeis

534 1840 985 1910 exspectandum,
1040 1852 1149 1893 non
1196 1837 1402 1907 aliquid
1449 1838 1710 1891 eximium
1754 1838 2111 1908 prophetassc
2143 1822 2185 1877 Β

533 1934 831 1995 videretur,
864 1932 1012 2003 quod
1058 1947 1087 1984 a
1136 1931 1429 1985 eontribuli
1478 1932 1678 2001 pepulo
1714 1941 1769 1986 et
1818 1948 1847 1985 a
1892 1935 2112 2003 propria

536 2035 700 2098 gente
741 2033 1056 2095 speraretur
1104 2025 1183 2086 is,
1231 2023 1391 2091 cujus
1440 2022 1709 2080 adventus
1765 2024 1832 2078 ad
1880 2025 2111 2080 salutem

533 2119 729 2174 mundi
754 2118 933 2171 fuerat
980 2116 1379 2186 repromissus;
1430 2115 1709 2169 videretur
1753 2116 1897 2170 enim
1940 2117 2115 2187 magis

533 2208 941 2278 consequentia:
969 2208 1111 2261 ratio
1138 2221 1283 2271 esse,
1309 2216 1369 2260 ut
1386 2206 1489 2261 hoc
1516 2205 1688 2271 ﬁeret,
1715 2222 1879 2276 quam
1903 2208 2115 2279 magni~

534 2299 751 2354 licentia
785 2297 1141 2368 prophetalis.
1164 2298 1323 2353 Nunc
1347 2309 1525 2352 autem
1552 2312 1679 2352 cum
1710 2300 1990 2370 prophetae
2026 2300 2113 2354 di-

534 2401 689 2456 cunt,
719 2407 935 2447 omnem
983 2392 1131 2445 illam
1177 2406 1326 2461 spem
1354 2406 1477 2460 quae
1524 2390 1590 2446 de
1618 2392 1794 2448 salute
1818 2392 2005 2446 mundi
2036 2410 2113 2450 re-

532 2484 896 2555 promittitur,
926 2490 982 2537 ct
1003 2482 1299 2537 novitatem
1325 2484 1475 2553 regni
1502 2500 1623 2553 qua:
1656 2484 1992 2539 instituenda
2018 2502 2115 2555 per

532 2578 815 2633 Christum
862 2583 965 2641 est,
994 2585 1157 2646 atque
1206 2576 1389 2630 omnia
1433 2591 1554 2646 qua:
1583 2576 1650 2631 de
1678 2592 1743 2631 eo
1780 2578 2109 2642 indicantur,

534 2672 603 2726 ad
634 2680 827 2743 gentes
869 2686 993 2726 esse
1047 2668 1450 2735 transferenda,
1493 2670 1603 2739 jam
1659 2684 1767 2724 non
1811 2669 2111 2723 secundum

535 2762 988 2833 consequentiam
1043 2778 1248 2823 rerum,
1283 2760 1378 2817 sed
1426 2762 1729 2816 incredibili
1758 2760 1993 2831 quodam
2018 2776 2113 2815 va-

534 2857 873 2911 ticinationis
923 2863 1123 2910 eventu
1174 2852 1577 2925 magniﬁcentia
1634 2854 1951 2924 prophetica
1990 2869 2117 2908 con-

533 2953 802 3004 ﬁrmatur.
832 2947 1003 3004 Judaei
1050 2962 1287 3018 namque
1318 2962 1384 3001 ex
1421 2947 1577 3001 initio
1607 2946 1795 3001 adfore
1820 2946 2114 3016 aliquando

534 3038 680 3090 hunc
715 3039 893 3091 virum
942 3053 1039 3107 per
1086 3053 1247 3106 quem
1295 3045 1494 3090 cuncta
1545 3044 1965 3105 repararentur,
2014 3052 2111 3091 ve-

2217 559 2335 628 ipse
2360 559 2657 627 subiecerit
2681 559 2746 612 “.

2287 648 2419 704 Xlll.
2450 649 2743 719 Propterea
2772 664 2904 719 ergo
2925 650 3193 721 evigilate,
3209 658 3260 704 et
3279 647 3559 702 Dominum
3580 649 3742 704 Deum-

2214 755 2321 809 que
2346 747 2595 793 nostrum
2636 738 2791 794 vobis
2825 740 3106 801 ascribite,
3148 738 3433 792 Dominum
3460 740 3549 808 qui
3578 739 3741 793 etcmli

2214 847 2279 887 ac
2297 841 2457 887 terrae
2481 832 2744 887 Dominus
2766 841 2874 893 est,
2907 842 2959 887 et
2983 832 3048 886 ad
3075 832 3249 902 ipsius
3291 846 3387 886 vos
3412 831 3675 901 imaginem
3692 846 3742 884 ac

2212 925 2627 983 similitudinem
2655 924 2971 988 reformata,
3000 925 3144 979 sicut
3173 925 3289 993 ipse
3312 940 3473 977 verus
3519 925 3741 993 prephela

2213 1020 2397 1081 docet,
2453 1017 2680 1075 dicens:
2730 1016 2911 1072 Estote
2938 1015 3296 1077 misericordes
3340 1017 3475 1071 sicut
3512 1025 3558 1069 et
3612 1015 3744 1069 Pater

2212 1118 2379 1165 vester
2402 1108 2625 1161 ccclesiis
2680 1109 2977 1161 misericors
3005 1115 3103 1169 est,
3151 1107 3241 1176 qui
3287 1107 3415 1158 oriri
3449 1105 3572 1173 facit
3609 1106 3742 1159 solent

2213 1218 2363 1257 suum
2392 1217 2549 1269 super
2573 1199 2735 1254 bonos
2763 1211 2813 1253 et
2844 1202 3035 1264 malos,
3067 1210 3116 1253 et
3155 1200 3287 1268 pluit
3329 1214 3484 1267 super
3506 1198 3663 1267 justas
3702 1210 3741 1252 et

2212 1291 2436 1359 injustas
2466 1290 2531 1343 ³².
2557 1288 2714 1343 Hunc
2740 1304 2871 1359 ergo
2890 1289 3178 1344 imitamini
3202 1300 3254 1344 et
3275 1290 3421 1343 hunc
3447 1289 3639 1355 timete,
3657 1289 3742 1342 sic-

2213 1390 2274 1434 ut
2308 1378 2623 1432 mandatum
2674 1377 2835 1431 datur
2887 1378 3239 1434 hominibus:
3290 1378 3567 1432 Dominum
3608 1377 3740 1431 Deam

2216 1484 2360 1527 tuum
2393 1471 2665 1531 adorabis,
2687 1479 2738 1521 et
2766 1471 2867 1539 ipsi
2893 1471 2996 1524 soli
3046 1472 3238 1527 servies
3272 1471 3339 1527 ³³.
3376 1468 3595 1539 Expedit
3626 1472 3739 1524 enim

2212 1567 2370 1620 vobis
2409 1565 2537 1619 huic
2585 1564 2681 1618 uni
2716 1562 2944 1616 Domino
2992 1563 3220 1627 servire,
3266 1569 3328 1615 ut
3357 1576 3453 1631 per
3495 1561 3651 1630 ipsum
3671 1575 3742 1614 co-

2213 1667 2538 1728 gnoseentes
2582 1674 2752 1712 unum
2811 1658 3004 1723 Deum,
3041 1671 3070 1708 a
3116 1655 3304 1709 multis
3333 1669 3471 1723 quos
3518 1653 3744 1707 inutiliter

2216 1750 2514 1812 timebatis,
2539 1749 2870 1805 liberemini.
2912 1747 3015 1813 Qui
3038 1746 3182 1801 enim
3220 1756 3520 1800 creatorem
3542 1745 3742 1799 omnium

2214 1857 2323 1895 non
2357 1843 2510 1896 timet
2532 1841 2723 1904 Deum,
2760 1841 2856 1897 sed
2896 1855 2994 1895 eos
3022 1841 3177 1893 timet
3204 1854 3349 1908 quos
3392 1839 3504 1907 ipse
3532 1836 3743 1891 manibus

2214 1936 2334 1991 suis
2378 1933 2539 1995 fecit,
2582 1934 2711 2004 quid
2774 1933 2878 1987 nisi
2926 1948 3068 1986 vano
3114 1942 3169 1986 et
3208 1930 3393 1985 inutili
3434 1929 3743 1998 semetipsum

2212 2027 2511 2082 obnoxium
2536 2025 2665 2079 facit
2700 2024 2920 2079 timori?
2951 2024 3313 2091 viliorcmque
3346 2036 3405 2076 se
3449 2028 3499 2074 et
3523 2018 3746 2088 abjectio-

2214 2134 2329 2174 rem
2352 2118 2531 2173 reddit
2555 2132 2717 2188 quam
2748 2124 2878 2169 sunt
2932 2114 3022 2167 illa
3070 2114 3210 2182 ipsa,
3256 2126 3491 2181 quorum
3533 2110 3744 2162 timorem

2214 2219 2396 2267 mente
2418 2210 2684 2279 concepit.
2713 2207 2854 2274 Quin
2886 2206 3069 2277 potius
3097 2221 3192 2275 per
3223 2206 3521 2259 bonitatem
3545 2204 3651 2271 ejus
3671 2198 3745 2267 qui

2212 2302 2540 2365 vosinvitat,
2567 2303 2741 2355 redite
2771 2300 2839 2354 ad
2883 2300 3118 2368 priorem
3149 2297 3489 2351 nobilitatem
3528 2302 3743 2356 vestram,

2213 2402 2267 2449 et
2311 2408 2378 2447 ex
2408 2392 2569 2448 bonis
2611 2390 2849 2451 actibus,
2906 2388 3049 2457 quod
3101 2388 3275 2457 ipsius
3318 2386 3576 2442 creatoris
3610 2381 3746 2437 vestri

2216 2488 2504 2557 imaginem
2527 2486 2777 2555 portetis,
2805 2484 3104 2547 ostendite,
3129 2493 3187 2536 ut
3213 2498 3280 2537 ex
3330 2478 3746 2548 contemplatione

2214 2579 2593 2635 similitudinis
2650 2578 2826 2648 ipsius
2884 2578 3048 2632 etiam
3111 2575 3205 2628 li!ii
3260 2574 3390 2644 ejus
3439 2587 3556 2629 esse
3591 2568 3747 2624 creda-

2213 2672 2368 2727 mini.

2283 2761 2424 2817 XIV.
2456 2761 2685 2831 Incipite
2713 2775 2845 2830 ergo
2868 2775 2897 2813 a
2936 2758 3190 2814 sensibus
3209 2757 3414 2813 vestris
3441 2755 3655 2825 abjicere
3673 2767 3745 2805 va-

2213 2872 2315 2911 nas
2341 2856 2611 2911 idolorum
2640 2855 2851 2925 species
2875 2864 3038 2923 atque
3061 2853 3285 2907 inutiles
3331 2862 3386 2907 et
3415 2852 3595 2905 inanes
3621 2848 3747 2901 timo-

2213 2963 2323 3011 res,
2376 2958 2434 3001 ut
2488 2948 2653 3003 simul
2693 2947 2854 3001 etiam
2900 2944 3273 2999 conditionem
3320 2943 3541 3015 possitis
3582 2941 3748 3009 iniqua:

2214 3040 2494 3097 servitutis
2517 3037 2773 3107 ell‘ugere.
2801 3036 3013 3091 Domini
3040 3037 3240 3091 etenim
3265 3038 3439 3094 vestri
3460 3034 3625 3091 effecti
3646 3036 3749 3085 sunt

534 3130 752 3183 rissima
776 3129 1068 3183 traditione
1097 3138 1478 3199 susceperant,
1502 3138 1556 3181 et
1580 3128 1824 3196 quotidie
1846 3129 2113 3184 meditan-
2139 3158 2180 3215 ο
2217 3136 2314 3199 illi,
2333 3134 2424 3203 qui
2457 3149 2525 3187 ne
2550 3132 2693 3186 servi
2718 3131 2936 3201 quidem
2956 3132 3120 3186 utiles
3144 3133 3300 3186 vobis
3318 3146 3442 3187 esse
3464 3128 3745 3200 ροιυίεενιιι.

536 3227 620 3272 tes
640 3233 703 3271 ac
736 3218 1142 3289 prospicientes
1163 3258 1178 3279 ,
1235 3218 1456 3287 quando
1484 3217 1605 3285 ejus
1640 3217 1790 3271 ﬁeret
1822 3217 2109 3281 adventus,

535 3312 628 3366 ubi
669 3311 863 3366 adesse
890 3326 1013 3366 eum
1040 3310 1298 3363 viderunt
1323 3317 1376 3364 et
1400 3311 1556 3379 signa
1588 3324 1653 3364 ac
1676 3310 1945 3380 prodigia,
1972 3311 2115 3367 sicut

536 3407 604 3457 de
634 3420 699 3458 eo
723 3404 986 3472 scriptum
1017 3401 1197 3456 fuerat
1217 3442 1231 3462 ,
1259 3401 1669 3471 adimplentem,
1706 3403 1907 3458 invidia
1940 3419 2115 3460 excae-

538 3496 642 3550 cati
670 3510 964 3564 agnoscere
986 3495 1347 3563 nequiverunt
1378 3502 1719 3563 praesentem,
1750 3495 1804 3550 in
1835 3497 1993 3566 cujus
2015 3512 2112 3567 spe

538 3588 861 3641 laetabantur
886 3586 1163 3652 absentis;
1202 3586 1568 3642 intelleximus
1606 3594 1787 3644 tamen
1818 3590 1975 3659 pauci
2009 3606 2112 3646 nos

538 3681 631 3748 qui
676 3679 745 3732 ab
765 3694 831 3731 eo
855 3678 1015 3733 electi
1046 3692 1259 3731 sumus.

611 3769 726 3826 XII.
758 3769 872 3823 Hoc
901 3778 1080 3823 autem
1123 3768 1469 3838 providentia
1532 3768 1626 3823 Dei
1659 3768 1866 3824 factum
1907 3780 2012 3835 est,
2056 3780 2115 3827 ut

542 3865 745 3933 agnitio
768 3861 898 3916 boni
936 3861 1103 3930 hujus
1135 3862 1300 3915 etiam
1325 3860 1581 3931 gentibus
1611 3860 1944 3928 traderetur,
1974 3870 2029 3918 et
2059 3864 2113 3917 hi

541 3958 634 4027 qui
667 3971 944 4025 nunquam
970 3954 1037 4010 de
1072 3970 1138 4009 eo
1163 3955 1451 4009 audierant
1503 3971 1603 4009 nec
1645 3971 1675 4008 a
1727 3956 2007 4026 prophetis
2032 3958 2117 4011 di-

542 4050 811 4113 dicerant,
840 4057 1198 4119 agnoscerent
1220 4062 1367 4112 eum,
1405 4047 1482 4101 illi
1512 4061 1641 4102 vero
1663 4048 1755 4117 qui
1783 4047 2115 4116 quotidianis

544 4144 996 4201 meditationibus
1026 4150 1384 4212 agnoverant,
1425 4141 1763 4211 ignorarent.
1799 4140 1936 4196 Ecce
1968 4142 2114 4196 enim

546 4252 642 4307 per
664 4252 761 4291 vos
784 4251 930 4289 nunc
954 4233 1045 4303 qui
1070 4240 1368 4302 przesentes
1391 4231 1527 4285 estis
1543 4271 1558 4295 ,
1588 4238 1641 4285 et
1667 4231 1994 4286 desideratis
2017 4246 2115 4285 au-

546 4330 663 4384 dire
685 4328 991 4383 doctrinam
1018 4325 1137 4378 fidei
1164 4323 1285 4392 ejus
1307 4333 1360 4377 et
1406 4338 1704 4393 agnoscere
1725 4324 1871 4392 quis,
1912 4331 1966 4378 et
2005 4339 2115 4394 quo

548 4421 729 4481 modo,
759 4427 811 4474 et
834 4419 1014 4488 qualis
1038 4417 1108 4470 sit
1134 4416 1255 4483 ejus
1297 4415 1597 4477 adventus,
1630 4415 1947 4484 prophetica
1969 4415 2108 4470 veri~

544 4521 633 4566 tas
680 4510 1025 4578 adimpleiur.
1068 4505 1181 4559 lloc
1222 4514 1307 4560 est
1353 4506 1498 4559 enim
1543 4505 1687 4575 quod
1745 4507 2112 4575 pnedixeruut
2144 4498 2188 4553 Ῐ)

547 4604 847 4675 prophetae,
874 4601 1003 4671 quia
1034 4614 1065 4652 a
1090 4598 1247 4652 vobis
1283 4596 1614 4665 quaarendus
1654 4607 1821 4661 esset,
1844 4600 1935 4668 qui
1962 4600 2028 4654 de
2050 4616 2116 4655 eo

549 4707 826 4762 nunquam
866 4690 1100 4744 audistis
1118 4689 1181 4742 ’°.
1217 4687 1283 4740 Et
1308 4687 1430 4741 ideo
1451 4686 1701 4742 videntes
1721 4688 1775 4740 in
1800 4690 1957 4743 vobis
1981 4690 2115 4759 ipsis

548 4779 866 4850 prophetica
898 4778 1043 4830 dicta
1075 4774 1360 4844 compleri,
1389 4775 1517 4828 huic
1563 4776 1657 4828 uni
1703 4784 1851 4831 recte
1870 4779 2113 4841 creditis,

548 4873 695 4926 hunc
720 4880 865 4924 recte
911 4868 1264 4937 exspectatis,
1294 4866 1362 4919 de
1415 4866 1520 4920 hoc
1550 4879 1699 4921 recte
1726 4869 2023 4939 inquiritis,
2060 4882 2118 4926 ut

551 4980 659 5018 non
682 4964 856 5017 solum
892 4959 1221 5029 exspectetis
1250 4974 1398 5020 eum,
1428 4960 1524 5013 sed
1554 4968 1608 5013 et
1638 4960 2007 5016 hatreditatem
2026 4979 2114 5017 re-

550 5058 641 5127 gni
681 5056 803 5126 ejus
824 5056 1109 5109 credentes
1154 5051 1589 5125 conscquamini,
1640 5054 1939 5108 secundum
1972 5057 2118 5125 quod

623 5212 666 5243 "
694 5209 828 5266 Gen.
855 5226 998 5275 xux,
1028 5210 1114 5265 10.
1191 5210 1235 5241 ⁸⁰
1262 5208 1367 5265 lsa.
1400 5225 1523 5274 ων,
1556 5210 1607 5263 l.

554 5283 745 5337 Matth.
781 5298 853 5345 iv,
888 5284 974 5336 10.

1684 5210 1727 5240 ³⁸
1754 5209 1909 5267 Joan.
1945 5230 2064 5277 vni,
2094 5216 2182 5269 54.

2213 3225 2496 3294 Quomodo
2525 3224 2670 3278 enim
2703 3224 3000 3279 simulacra
3042 3224 3296 3278 exanima
3329 3226 3416 3279 vel
3457 3222 3521 3277 ad
3548 3220 3746 3275 servitu-

2213 3326 2320 3370 tem
2354 3314 2513 3369 vobis
2543 3315 2860 3368 viderentur
2897 3313 3117 3378 idonea,
3152 3328 3277 3368 cum
3325 3330 3501 3385 neque
3537 3311 3747 3369 audiant,

2214 3424 2391 3478 neque
2414 3408 2654 3470 videant,
2699 3421 2877 3476 neque
2922 3405 3127 3476 aliquid
3169 3408 3453 3462 sentiant?
3493 3405 3591 3460 nisi
3632 3396 3748 3471 quod

2216 3501 2333 3572 ipsa
2358 3500 2549 3555 saltem
2575 3500 2802 3552 materia
2826 3513 2891 3551 cx
2913 3513 3019 3567 qua
3041 3498 3187 3552 facta
3207 3507 3359 3561 sunt,
3385 3500 3496 3553 sive
3520 3494 3747 3556 auri,sive

2216 3592 2449 3664 argenti,
2474 3592 2557 3645 vel
2603 3591 2768 3644 etiam
2811 3591 2937 3643 reris
2977 3597 3071 3643 aut
3101 3589 3255 3661 ligni,
3283 3607 3409 3644 cum
3442 3589 3605 3659 possit
3625 3584 3749 3639 vobis

2216 3687 2281 3742 ad
2310 3701 2444 3742 usus
2472 3682 2821 3738 necessarios
2848 3681 3131 3750 prodesse,
3177 3697 3274 3736 vos
3305 3698 3373 3737 ex
3414 3697 3476 3736 ea
3503 3675 3749 3733 formando

2215 3778 2370 3841 deos,
2396 3778 2627 3831 otiosam
2653 3792 2749 3847 per
2769 3777 2953 3830 omnia
2986 3789 3105 3827 eam
3130 3784 3294 3844 atque
3331 3774 3572 3829 inutilem
3601 3767 3750 3823 reddi-

2216 3869 2400 3926 distis.
2442 3869 2555 3924 Nos
2602 3883 2734 3938 ergo
2779 3866 3171 3922 annuntiamus
3229 3866 3392 3922 vobis
3456 3878 3633 3919 verum
3673 3856 3746 3910 Dei

2215 3964 2446 4026 cultum,
2481 3963 2752 4033 simulque
2790 3973 3075 4017 monemus
3114 3966 3169 4011 et
3222 3957 3508 4012 hortamur
3526 3955 3746 4009 cultores.

2216 4063 2275 4108 ut
2298 4070 2394 4124 per
2421 4056 2593 4109 bonos
2614 4066 2767 4109 actus
2793 4054 3071 4108 imitentur
3091 4066 3214 4105 eum
3238 4065 3401 4119 quem
3424 4049 3617 4107 colunt,
3638 4051 3681 4097 et
3694 4040 3747 4091 ad

2216 4146 2505 4216 imaginem
2537 4162 2599 4201 ac
2628 4145 3045 4199 similitudinem
3075 4142 3217 4212 ejus,
3261 4148 3321 4195 ut
3362 4140 3610 4209 superius
3633 4131 3748 4189 dixi-

2218 4256 2363 4302 mus,
2393 4240 2571 4294 redire
2596 4239 2879 4295 festinent.

2286 4329 2401 4385 XV.
2434 4328 2607 4384 Velim
2636 4336 2815 4383 autem
2840 4328 3088 4383 dicerent
3124 4327 3256 4381 mihi
3300 4326 3353 4380 hi
3406 4325 3495 4395 qui
3520 4321 3648 4377 idola
3669 4329 3747 4370 ro-

2221 4424 2360 4488 lunt,
2382 4422 2429 4475 si
2452 4428 2643 4492 Optaut
2672 4421 2879 4475 similes
2904 4420 3016 4474 ﬁeri
3050 4418 3134 4472 his
3170 4432 3311 4488 quos
3334 4418 3536 4470 colunt.
3577 4410 3745 4463 Vllllne

2217 4515 2414 4584 aliquis
2440 4519 2677 4567 vestrum
2714 4512 2795 4566 sic
2833 4511 3018 4566 videre
3052 4509 3327 4579 quomodo
3367 4508 3442 4560 illi
3467 4500 3666 4559 vident?
3706 4500 3749 4548 et

2218 4609 2296 4662 sic
2316 4607 2518 4661 audirc'
2539 4605 2813 4675 quomodo
2844 4604 2921 4657 illi
2945 4602 3209 4657 audiunt?
3233 4602 3315 4656 sic
3343 4600 3541 4654 habere
3562 4601 3750 4648 sensum

2216 4697 2491 4767 quomodo
2517 4696 2593 4749 illi
2624 4695 2869 4749 habent?
2900 4693 3056 4747 Absit
3091 4692 3279 4746 hocab
3328 4699 3641 4759 unoquoque
3671 4694 3753 4733 au—

2217 4786 2514 4853 dientium;
2547 4786 2650 4840 hoc
2670 4784 2815 4840 enim
2842 4784 3187 4838 maledictum
3212 4783 3391 4852 potius
3410 4789 3461 4835 et
3484 4773 3750 4832 convicium

2218 4879 2549 4934 credendum
2580 4887 2664 4932 est
2697 4877 2809 4947 (Π)
2839 4875 3067 4939 homini,
3096 4873 3188 4944 qui
3224 4875 3510 4943 imaginem
3532 4867 3618 4922 Dei
3640 4866 3685 4918 in
3707 4874 3753 4914 se

2224 4972 2385 5039 gerit,
2432 4970 2644 5024 etiamsi
2680 4967 3089 5023 similitudinem
3140 4966 3401 5035 perdidit.
3434 4962 3623 5031 Quales
3646 4965 3753 5021 ergo

2228 5061 2303 5114 dii
2326 5058 2561 5114 habendi
2589 5068 2718 5112 sunt
2742 5056 2855 5118 isti,
2893 5070 3032 5126 quos
3088 5054 3289 5109 imitari
3340 5048 3659 5109 exsecrabile
3694 5044 3751 5096 sit

2261 5216 2305 5246 ³¹
2336 5214 2466 5270 Luc.
2496 5234 2569 5283 v3,
2600 5217 2668 5271 56
2694 5236 2709 5284 ;
2773 5216 2961 5271 Matth.
2992 5233 3041 5279 v,
3094 5216 3183 5271 45.
3296 5214 3339 5246 ³³
3366 5213 3516 5269 Deut.
3560 5223 3629 5270 τι,
3678 5202 3747 5266 ίῦἱ

1856 5372 2223 5429 COTELERII
2256 5373 2467 5429 NOT/E
2480 5418 2491 5429 .

625 5519 736 5589 (Π)
780 5518 893 5571 Hoc
936 5517 1074 5589 enim
1114 5515 1679 5589 ntaledictumﬂpotiiis

556 5747 671 5783 cum
708 5732 905 5798 lignum
937 5723 1197 5781 ueneraris
1230 5745 1291 5781 ac
1322 5728 1570 5796 lapidem,
1615 5724 1664 5798 si
1701 5724 1793 5776 tibi
1823 5723 2119 5798 diceretur:

561 5801 708 5857 Talis
740 5792 813 5853 iis
850 5798 1022 5869 qualis
1060 5798 1185 5851 deus
1230 5792 1385 5860 tuus,‘
1432 5792 1664 5866 nunquid
1702 5810 1801 5847 non
1838 5794 2123 5846 convicium

1739 5522 1789 5566 et
1836 5513 2121 5565 convicium

554 5582 866 5643 credendum
886 5602 983 5643 est.
1022 5586 1124 5653 Qui
1156 5591 1292 5642 solet
1329 5582 1587 5658 appellari
1615 5582 2126 5658 AEnscbiu_s_Emi_se-

556 5660 915 5723 nus,homi|ia
936 5652 1081 5727 quod
1110 5658 1253 5711 idola
1277 5652 1380 5711 coli
1403 5652 1511 5712 non
1543 5656 1815 5727 debeant:
1847 5652 1947 5727 Dic
1974 5653 2121 5716 mihi,

2225 5515 2456 5567 crederes
2471 5517 2496 5569 ?
2530 5512 2761 5582 nunquid
2783 5529 2885 5566 non
2907 5513 3130 5577 iniurias
3153 5518 3475 5582 comparares
3537 5504 3600 5582 Et
3623 5502 3745 5582 illum

2228 5592 2275 5635 te
2297 5600 2398 5636 non
2424 5584 2579 5651 pudet
2610 5574 2866 5643 réuerari,
2904 5574 3053 5652 cujus
3097 5597 3144 5635 te
3188 5574 3348 5652 noiles
3371 5574 3745 5652 sintili‘tudinﬁm!

2226 5653 2352 5712 dici.
2376 5640 2461 5706 ειὶί
2483 5663 2528 5706 te
2548 5640 2872 5707 erubesceres
2896 5640 3237 5722 comparari?
3269 5651 3332 5704 Et
3362 5649 3445 5702 illi
3470 5645 3640 5700 tribuis
3668 5640 3745 5722 mi

2226 5725 2443 5793 cultum.
2490 5725 2574 5777 cui
2612 5733 2657 5777 te
2690 5722 2978 5778 assimiia'ri
3013 5719 3387 5793 gravissimum
3437 5727 3630 5777 παιανεε
3656 5719 3745 5764 ⁸⁸⁸⁸

2231 5791 2558 5847 Maledictum
2579 5796 2603 5846 ?
