4036 6252
340 311 479 367 1557

1541 304 2104 365 RECOGNI’I‘IONUM
2139 307 2268 366 LIB.
2309 309 2373 365 V.

3449 316 3588 373 {338

336 425 640 481 cultoribus
664 426 802 491 suis,
827 440 1059 496 quorum
1110 425 1527 482 similitudinem
1564 428 1764 483 habere
1785 442 1911 482 con-
1937 431 1984 485 Α
2013 430 2255 493 stiones,
2284 428 2376 500 qui
2410 429 2563 499 quasi
2612 444 2709 498 per
2753 429 3093 500 prudentiam
3134 431 3336 503 decipit
3387 448 3503 496 vos,
3535 445 3589 491 et

336 520 561 574 tumelia
590 527 675 575 est
697 520 719 573 ἲ
742 519 880 585 Quid
912 521 1077 589 ergo?
1108 517 1316 575 Solvite
1346 521 1643 575 simulacra
1671 520 1907 583 inutilia,

334 618 388 665 ct
414 608 577 665 facile
603 625 732 665 vasa
759 609 910 664 utilia
936 610 1083 683 (l8);
1111 611 1305 666 solvite
1333 611 1565 665 otiosam
1587 611 1911 681 pigrumque

336 703 643 766 materiam,
670 711 723 756 et
768 701 929 757 facite
978 703 1218 758 humano
1254 703 1377 757 usui
1423 710 1548 773 apta
1583 704 1907 758 ministeria.

339 793 447 849 Sed
478 812 585 849 non
616 797 825 859 sinunt,
855 796 1053 865 inquit,
1107 796 1253 865 leges
1285 797 1555 850 humanae.
1591 796 1755 861 Bene,
1785 796 1911 865 quia

338 880 588 937 humana:
605 885 769 953 leges,
795 893 850 938 et
874 901 980 937 non
1002 884 1243 953 ipsorum
1267 888 1461 941 virtus.
1478 886 1761 951 Quomodo
1782 901 1910 955 ergo

335 973 411 1026 dii
438 984 568 1027 sunt
614 976 708 1044 qui
752 976 1006 1031 humanis
1055 977 1263 1046 legibus
1307 985 1361 1031 ct
1390 994 1497 1031 non
1550 979 1666 1033 suis
1701 979 1910 1032 viribus

334 1060 741 1120 defenduntur?
765 1066 956 1136 sicque
988 1075 1043 1121 ct
1078 1083 1107 1119 a
1136 1066 1352 1121 furibus
1396 1084 1597 1122 canum
1620 1069 1821 1139 vigiliis
1855 1077 1910 1124 et

332 1155 702 1209 claustrorum
757 1157 1150 1211 munitionibus
1177 1169 1605 1223 conservantur,
1630 1168 1683 1213 et
1724 1161 1828 1214 hoc
1860 1160 1908 1214 si

333 1248 539 1305 fuerint
560 1260 819 1323 argentea
850 1254 934 1308 vel
968 1270 1134 1308 aurea
1155 1256 1241 1308 vel
1264 1256 1429 1309 etiam
1456 1273 1638 1321 mrea;
1671 1274 1795 1312 nam
1834 1260 1911 1312 Ia-

332 1341 491 1411 pidca
516 1354 569 1397 et
593 1344 783 1398 ﬁctilia
817 1347 936 1415 ipsa
986 1346 1072 1401 sui
1107 1348 1317 1404 vilitate
1358 1351 1705 1414 muniuntur,
1747 1365 1910 1405 nemo

332 1434 477 1487 enim
518 1435 788 1504 lapideum
845 1447 938 1492 aut
996 1440 1216 1495 ﬁctilem
1258 1440 1419 1495 deum
1473 1441 1705 1497 furatur.
1752 1440 1909 1498 Unde

256 1588 259 1591 γ
332 1528 764 1587 miserabiliores
808 1531 1061 1587 videntur
1095 1534 1170 1597 hi,
1225 1535 1427 1603 quibus
1472 1536 1771 1604 pretiosius
1805 1552 1912 1592 me-

333 1621 523 1675 tallum
552 1624 794 1691 pericula
819 1626 1087 1680 viciniora
1112 1628 1409 1696 conquirit.
1449 1627 1553 1694 Qui
1580 1645 1713 1700 ergo
1737 1630 1908 1685 i’urari

331 1724 586 1781 possunt,
610 1718 701 1786 qui
733 1718 802 1771 ab
826 1719 1139 1775 hominibus
1161 1720 1450 1784 custodiri,
1472 1722 1566 1791 qui
1594 1721 1820 1776 conﬂari
1855 1729 1909 1776 et

332 1809 565 1877 appendi
593 1816 647 1864 et
677 1810 888 1867 malleis
912 1811 1075 1879 caadi,
1104 1813 1196 1868 isti
1219 1814 1532 1870 hominibus
1560 1831 1782 1872 sensum
1807 1819 1906 1873 ha-

330 1901 590 1957 bentibus
613 1902 691 1957 dii
719 1903 921 1959 debent
943 1905 1161 1959 videri?

400 1992 545 2049 XVI.
580 1992 623 2047 Ο
655 1994 710 2049 in
750 2005 1013 2065 quantam
1045 1998 1324 2053 miseriam
1356 2002 1672 2055 mortalium
1704 2002 1907 2059 decidit

329 2084 718 2156 intelligentia!
746 2085 883 2142 Nam
914 2092 962 2144 si
993 2098 1242 2148 mortuos
1270 2092 1462 2147 timere
1508 2109 1738 2151 summa:
1772 2098 1908 2152 stul-

327 2179 463 2232 tiliae
489 2178 729 2245 ducitur,
774 2182 903 2250 quid
938 2184 1247 2251 judicemus
1297 2186 1365 2241 de
1405 2186 1489 2243 his
1532 2190 1625 2258 qui
1666 2189 1907 2247 deterius

327 2267 556 2336 aliquid,
582 2286 746 2339 quam
777 2282 905 2326 sunt
936 2276 1159 2337 mortui,
1182 2276 1411 2331 timent?
1436 2278 1536 2331 ista
1562 2279 1707 2332 enim
1735 2282 1907 2335 simu-

327 2359 477 2414 lacra
500 2377 601 2416 nec
624 2364 678 2417 in
700 2372 1042 2419 mortuorum
1072 2382 1301 2421 numero
1320 2367 1569 2423 habenda
1598 2379 1748 2435 sunt,
1777 2372 1904 2441 quia

325 2467 605 2523 nunquam
630 2456 901 2511 vixerunt.
952 2456 1295 2515 Praeierenda
1334 2470 1465 2517 sunt
1504 2462 1587 2518 eis
1621 2464 1785 2518 etiam
1815 2480 1904 2521 se-

325 2546 517 2614 pulcra
540 2557 902 2615 mortuorum,
917 2554 1199 2621 quoniam,
1222 2556 1349 2609 licet
1370 2572 1514 2611 nunc
1529 2558 1727 2611 mortui
1752 2567 1903 2623 sunt,

325 2638 638 2694 habuerunt
665 2651 845 2698 tamen
871 2644 1165 2714 aliquando
1185 2647 1352 2703 vitam
1378 2664 1394 2715 ;
1436 2647 1526 2704 isti
1552 2659 1729 2704 autem
1764 2666 1903 2721 quos

322 2729 527 2792 colitis,
548 2746 650 2787 nec
679 2748 798 2788 eam
824 2734 1045 2805 quidem
1099 2751 1220 2806 quae
1265 2747 1350 2793 est
1375 2738 1428 2792 in
1452 2740 1711 2797 omnibus
1738 2748 1903 2798 teter-

325 2819 489 2883 rima,
518 2837 776 2878 ranarum
800 2842 865 2881 ac
886 2827 1164 2882 bubonum
1195 2830 1365 2884 vitam
1404 2830 1698 2900 aliquando
1716 2847 1901 2903 gesse-

326 2918 475 2966 runt.
494 2909 599 2967 Sed
616 2915 748 2983 quid
772 2933 911 2987 opus
933 2927 1018 2974 est
1043 2920 1112 2975 de
1132 2920 1219 2976 his
1248 2922 1407 2993 plura
1430 2938 1757 2991 memorare,
1774 2938 1899 2979 cum

326 3002 562 3058 suiiiciat
586 3005 768 3063 dicere
808 3010 860 3063 ei
900 3011 992 3080 qui
1041 3012 1234 3067 adorat
1270 3028 1335 3069 ea
1383 3033 1396 3069 :
1436 3013 1555 3069 Non
1594 3015 1749 3071 vides
1771 3017 1900 3086 quia

2011 522 2159 577 velut
2210 523 2422 577 ratione
2469 522 2704 591 quadam
2747 524 2918 593 serpit
2967 540 3062 593 per
3105 540 3303 581 sensus
3346 536 3585 595 vestros,

2012 620 2175 681 atque
2197 611 2264 665 ab
2295 612 2413 680 ipso
2441 611 2646 666 vertice
2684 612 2951 681 incipiens
2995 628 3091 682 per
3134 614 3420 672 interiores
3449 616 3588 670 dila-

2008 704 2157 759 bitur
2186 706 2470 765 medullas.
2504 705 2715 759 lucrum
2756 721 3009 775 magnum
3056 716 3379 776 computans
3420 709 3586 763 dece-

2012 798 2250 866 ptionem
2298 805 2554 851 vestram.
2599 796 2881 853 lnterserit
2930 814 3061 868 ergo
3107 801 3358 855 sensibus
3386 802 3586 856 vestris

2010 893 2298 962 opiniones
2338 906 2793 961 quorumcunque
2834 893 3093 957 deorum,
3134 902 3343 949 tantum
3388 904 3448 949 ut
3487 914 3585 952 vos

2010 986 2079 1039 ab
2109 988 2267 1040 unius
2292 985 2385 1040 Dei
2420 994 2636 1041 revocet
2669 987 2792 1052 lide,
2824 988 3006 1042 sciens
3034 998 3312 1057 peccatum
3344 998 3583 1044 vestrum

2010 1094 2168 1133 suum
2204 1094 2324 1133 esse
2351 1079 2627 1134 solatium.
2670 1078 2763 1133 Ille
2790 1080 2934 1133 enim
2968 1096 3066 1149 pro
3109 1082 3349 1151 nequitia
3388 1098 3486 1135 sua
3516 1082 3588 1138 ab

2011 1171 2167 1226 initio
2199 1183 2394 1225 terram
2426 1170 2588 1226 edere
2633 1171 3028 1227 condemnatus
3069 1183 3170 1233 est.
3213 1182 3433 1243 propter
3460 1190 3585 1229 eum

2007 1280 2171 1333 quem
2201 1264 2269 1319 de
2308 1272 2455 1318 terra
2503 1273 2871 1335 assumptum,
2907 1266 3102 1320 iterum
3135 1269 3331 1322 resolvi
3371 1268 3499 1322 fecit
3530 1268 3585 1322 in

2007 1364 2233 1421 terram,
2274 1374 2449 1427 usque
2498 1358 2565 1413 ad
2608 1368 2823 1428 tempus
2850 1374 2972 1429 quo
3016 1360 3212 1415 anima:
3253 1370 3448 1416 vestra:
3490 1379 3588 1433 per

2009 1449 2187 1520 ignem
2219 1453 2481 1505 traducta:
2513 1462 2853 1521 reparentur,
2884 1453 3026 1506 sicut
3054 1453 3189 1507 alias
3228 1452 3294 1508 de
3323 1454 3427 1508 hoc
3466 1456 3585 1525 ple-

2009 1540 2135 1595 nius
2164 1540 2539 1597 edoeebimus.
2563 1540 2643 1595 Ex
2673 1543 2791 1612 ipso
2820 1558 2949 1612 ergo
2993 1550 3119 1597 sunt
3149 1558 3338 1598 omnes
3369 1560 3585 1601 errores

2008 1642 2063 1688 et
2083 1634 2491 1703 ambiguitates,
2518 1634 2720 1703 quibus
2744 1634 2814 1688 ab
2851 1633 3015 1687 unius
3046 1632 3138 1688 Dei
3173 1634 3277 1689 iide
3304 1644 3357 1689 et
3386 1636 3586 1695 credu-

2010 1724 2163 1778 litate
2181 1723 2609 1779 conturbamini.

2080 1813 2267 1869 XVIII.
2301 1814 2367 1867 Et
2396 1815 2573 1884 primo
2604 1814 2849 1868 omnium
2897 1813 3120 1883 subjicit
3160 1813 3585 1884 cogitationibus

2006 1907 2313 1971 hominum,
2348 1914 2408 1961 ut
2439 1922 2509 1961 ne
2540 1907 2767 1959 audiant
2810 1907 2974 1961 verba
3018 1906 3285 1967 veritatis,
3327 1922 3423 1975 per
3463 1922 3585 1976 quae

2005 1998 2275 2053 malorum
2319 1996 2686 2067 ignorantiam
2738 1996 2947 2067 fugent.
2994 1997 3059 2050 Et
3101 1998 3207 2051 hoc
3254 1999 3382 2051 facit
3424 1998 3583 2067 quasi

2004 2090 2293 2143 occasione
2336 2088 2566 2143 alterius
2614 2089 2879 2152 scientiae,
2928 2103 3251 2144 asseverans
3298 2089 3381 2143 eis
3435 2090 3580 2143 illam

2004 2180 2317 2250 opinionem
2346 2195 2453 2250 qua
2483 2188 2714 2233 utuntur
2748 2180 2992 2250 plurimi,
3036 2188 3095 2234 ut
3139 2187 3332 2249 putent
3360 2194 3418 2233 se
3459 2195 3584 2235 reos

2004 2272 2219 2328 futuros
2241 2288 2353 2327 non
2374 2288 2497 2327 esse
2526 2274 2572 2326 si
2603 2273 2658 2326 in
2687 2274 2994 2343 ignOrantia
3026 2271 3247 2336 fuerint,
3280 2288 3381 2326 nec
3408 2271 3586 2326 reddi-

2003 2372 2159 2419 turos
2186 2375 2309 2420 es5e
2333 2365 2601 2418 rationem
2643 2379 2741 2433 pro
2776 2365 2862 2419 bis
2895 2380 3015 2433 quae
3063 2378 3171 2417 non
3203 2363 3499 2427 audierint,
3530 2370 3584 2417 et

2004 2455 2127 2510 ideo
2155 2470 2187 2508 a
2210 2456 2374 2510 verbo
2402 2455 2678 2510 declinare
2706 2472 2802 2510 eos
2835 2456 3028 2510 suadet
3050 2455 3315 2509 auditum.
3351 2454 3456 2509 Sed
3491 2470 3585 2509 ac-

1999 2548 2166 2618 cipite
2191 2556 2381 2602 contra
2407 2549 2522 2602 haec
2552 2568 2564 2602 :
2597 2549 2715 2618 ipsa
2745 2563 2842 2618 per
2881 2548 3232 2617 semetipsam
3269 2549 3583 2617 ignorantia

2000 2639 2396 2695 validissimum
2431 2656 2697 2697 venenum
2728 2646 2841 2703 est,
2874 2638 3018 2709 quod
3048 2638 3280 2693 suilieiat
3320 2641 3580 2703 animam,

2001 2732 2150 2785 nulla
2178 2732 2521 2785 extrinsecus
2548 2731 2775 2800 quaesita
2808 2729 3115 2798 adjectione
3137 2769 3152 2792 ,
3193 2730 3483 2798 perimere.
3520 2729 3583 2784 Iit

2000 2824 2126 2879 ideo
2154 2838 2316 2879 nemo
2345 2833 2430 2879 est
2455 2824 2549 2892 qui
2575 2824 2860 2893 ignorans,
2894 2838 2991 2891 per
3027 2822 3129 2875 hoc
3157 2821 3302 2892 quod
3342 2823 3579 2892 ignorat,

1999 2915 2217 2980 evadat,
2260 2914 2355 2970 sed
2385 2924 2595 2970 certum
2628 2922 2713 2970 est
2752 2916 2899 2984 quod
2948 2916 3203 2969 intereat.
3249 2913 3583 2969 Naturaliter

2000 3008 2146 3063 enim
2198 3016 2547 3077 peccatorum
2593 3008 2676 3062 vis
2723 3008 2990 3061 interimit
3051 3014 3419 3077 peccatorem.
3474 3005 3582 3061 Sed

326 3110 490 3164 quem
515 3098 737 3165 adoras,
782 3116 892 3155 non
918 3102 1097 3159 videt?
1137 3104 1263 3159 audi
1302 3106 1431 3175 quia
1469 3122 1633 3177 quem
1675 3108 1897 3177 adoras,
1926 3129 1971 3191 ο
2001 3101 2259 3172 quoniam
2285 3100 2556 3169 judicium
2584 3101 2910 3156 rationabile
2931 3101 3056 3164 erit,
3090 3108 3201 3156 tam
3233 3101 3577 3171 ignorantiae,

325 3206 436 3243 non
471 3192 647 3252 audit,
695 3201 750 3249 et
796 3194 1036 3266 intellige
1085 3199 1213 3267 quia
1257 3216 1367 3255 non
1420 3202 1705 3273 intelligit;
1760 3219 1901 3273 Opus

324 3281 471 3335 enim
500 3284 749 3339 mortalis
780 3301 978 3340 manus
1025 3296 1131 3351 est,
1162 3296 1217 3342 et
1260 3292 1578 3346 necessario
1607 3308 1771 3349 sensu
1806 3309 1899 3349 ca-

326 3383 429 3426 ret.
457 3373 536 3427 Tu
554 3391 685 3445 ergo
708 3376 906 3432 adoras
941 3378 1316 3433 insensibilem
1334 3420 1349 3445 ,
1375 3397 1497 3435 cum
1525 3386 1903 3455 unusquisque

325 3462 533 3521 habens
564 3483 808 3534 sensum,
851 3483 953 3523 nec
1006 3485 1070 3524 ea
1099 3470 1317 3539 quidem
1373 3472 1561 3527 credat
1600 3476 1899 3536 adoranda,

324 3572 449 3627 quae
469 3575 499 3613 a
544 3558 652 3615 Deo
682 3561 821 3616 facta
851 3570 980 3617 sunt
1002 3570 1055 3617 et
1088 3564 1289 3619 habent
1320 3580 1539 3620 sensum
1573 3567 1706 3638 (I9),
1735 3569 1785 3622 id
1817 3577 1901 3623 est

325 3647 497 3704 soiem
542 3661 596 3706 ct
625 3653 830 3720 lunam,
860 3654 945 3708 vel
977 3654 1184 3718 stellas,
1216 3656 1509 3725 omniaque
1537 3672 1657 3726 qua:
1682 3658 1736 3711 in
1761 3660 1902 3716 coelo

322 3751 458 3798 sum
491 3756 544 3799 et
564 3762 728 3816 super
750 3755 975 3803 terram.
1015 3745 1233 3804 Justum
1279 3750 1424 3804 enim
1458 3758 1674 3820 putant,
1708 3767 1815 3805 non
1836 3768 1902 3806 ea

322 3853 448 3906 quae
477 3853 578 3908 pro
603 3841 790 3894 mundi
841 3843 1146 3898 ministerio
1180 3842 1324 3897 facta
1352 3850 1501 3907 sunt,
1541 3844 1633 3899 sed
1658 3843 1901 3913 ipsorum

319 3938 380 3986 et
418 3932 604 3987 mundi
657 3935 827 3990 totius
857 3937 1175 3992 Creatorem
1209 3937 1409 3993 debere
1439 3939 1687 3993 venerari
1716 3957 1729 4005 ;
1768 3954 1901 4009 gau-

318 4022 455 4076 dent
484 4026 627 4077 enim
661 4028 823 4083 etiam
873 4029 1010 4093 haec,
1039 4046 1164 4084 cum
1187 4031 1278 4085 ille
1312 4031 1574 4085 aduratur
1602 4036 1656 4085 et
1678 4031 1897 4097 colitur,

317 4128 427 4167 nec
458 4115 685 4170 libenter
717 4120 1017 4191 accipiunt,
1038 4130 1099 4175 ut
1129 4122 1306 4177 honor
1327 4122 1608 4177 Creatoris
1632 4132 1901 4177 creatura:

315 4207 625 4267 deferatur.
678 4211 950 4282 Exceptus
998 4215 1142 4269 enim
1186 4221 1271 4269 est
1321 4213 1415 4269 Dei
1462 4214 1633 4269 solius
1694 4214 1899 4277 cultus,

314 4305 417 4373 qui
451 4306 601 4361 solus
623 4308 903 4361 increatus
926 4312 1031 4369 est,
1051 4306 1236 4360 omnia
1266 4315 1447 4361 autem
1475 4314 1670 4360 caetera
1692 4304 1902 4359 iactura

314 4398 445 4464 ejus
473 4406 621 4453 sunt.
658 4398 811 4452 Sicut
833 4414 963 4469 ergo
1010 4399 1293 4470 proprium
1340 4409 1424 4454 est
1466 4399 1587 4468 ejus
1616 4398 1707 4467 qui
1747 4398 1898 4453 solus

316 4504 433 4543 non
463 4498 549 4544 est
580 4489 778 4553 factus,
812 4490 979 4543 Deum
1021 4506 1165 4556 esse,
1211 4491 1287 4544 ita
1308 4506 1470 4545 omne
1514 4491 1660 4560 quod
1694 4492 1895 4545 factum
1927 4481 1972 4536 Ῑ)

314 4592 428 4647 est,
456 4581 596 4638 Deus
630 4598 756 4638 vere
785 4600 894 4637 non
917 4593 1023 4638 est.

396 4716 555 4778 XVII.
585 4722 721 4777 Ante
766 4723 947 4776 omnia
992 4736 1121 4792 ergo
1165 4720 1471 4789 intelligere
1500 4717 1712 4773 debetis
1737 4718 1899 4773 dece-

320 4815 563 4883 ptionem
606 4817 875 4886 Serpentis
918 4814 1128 4884 antiqui
1170 4821 1223 4867 et
1264 4810 1491 4865 callidas
1531 4810 1652 4879 ejus
1703 4825 1900 4879 sugge-

2002 3210 2166 3264 quam
2196 3194 2632 3263 uniuscujusque
2655 3194 2864 3263 peccati
2891 3209 3058 3249 causa
3082 3202 3133 3248 et
3157 3194 3310 3265 origo
3335 3194 3580 3264 require-

2001 3295 2113 3343 tur.
2148 3285 2199 3342 Is
2226 3302 2358 3358 ergo
2384 3287 2475 3356 qui
2512 3286 2658 3341 scire
2682 3285 2858 3339 noluit
2888 3284 3160 3355 quomodo
3190 3287 3364 3355 possit
3393 3287 3579 3341 venire

2002 3378 2069 3431 ad
2094 3377 2284 3443 vitam,
2317 3376 2410 3431 sed
2444 3375 2633 3430 maluit
2656 3376 2909 3445 ignorare
2942 3390 3011 3428 ne
3047 3389 3143 3443 per
3175 3374 3278 3428 hoc
3307 3389 3433 3428 reus
3464 3373 3579 3429 ﬁeri

2000 3469 2298 3530 videretur,
2324 3482 2391 3521 ex
2414 3467 2517 3521 hoc
2546 3468 2663 3534 ipso
2689 3465 2823 3535 jam,
2862 3464 3022 3535 quasi
3056 3463 3148 3534 qui
3176 3464 3361 3519 scierit
3389 3473 3444 3518 et
3483 3464 3583 3518 ba-

2001 3560 2179 3614 buerit
2204 3558 2512 3621 scientiam,
2533 3558 2831 3628 judicatur.
2854 3557 3087 3629 Agnovit
3110 3554 3255 3609 enim
3278 3556 3408 3626 quid
3434 3562 3580 3610 esset

2000 3653 2143 3723 quod
2168 3652 2387 3707 nolebat
2411 3652 2620 3718 audire,
2646 3660 2700 3706 et
2727 3651 2864 3705 nihil
2902 3651 2950 3705 e'i
2975 3647 3219 3704 conferet
3250 3649 3318 3702 ad
3348 3663 3581 3702 excusa-

1999 3748 2204 3802 tionem
2254 3746 2527 3817 serpentis
2572 3745 2801 3799 artiiicir
2835 3744 3065 3814 qua-sita
3110 3742 3411 3807 calliditas;
3454 3756 3577 3794 cum

2001 3856 2067 3897 co
2097 3843 2239 3894 enim
2266 3839 2371 3894 erit
2401 3838 2448 3893 ei
2479 3838 2621 3892 ratio
2653 3852 2812 3906 quem
2852 3851 2959 3889 non
2992 3836 3123 3888 latet
3146 3850 3260 3888 cor.
3297 3831 3367 3887 Ut
3398 3840 3579 3885 autem

2000 3930 2144 3986 scias
2169 3929 2296 3998 quia
2326 3927 2630 3996 ignorantia
2660 3941 2757 3995 per
2787 3926 3129 3993 semetipsam
3148 3931 3372 3994 generat
3406 3924 3580 3976 inter-

1999 4022 2159 4082 itum,
2208 4019 2388 4071 anima
2435 4031 2559 4070 cum
2605 4015 2923 4069 discesserit
2970 4030 2998 4066 a
3041 4029 3305 4082 corpore,
3370 4012 3417 4067 si
3455 4012 3581 4066 talis

1964 4092 2156 4168 ’exeat
2184 4126 2305 4180 qua:
2334 4110 2543 4179 ignoret
2566 4122 2689 4162 eum
2732 4122 2761 4159 a
2808 4121 2917 4175 quo
2956 4114 3142 4160 creata
3180 4115 3282 4169 est,
3321 4119 3351 4157 a
3384 4120 3492 4174 quo
3522 4105 3578 4158 in

1997 4203 2102 4258 boc
2133 4200 2334 4256 mundo
2360 4199 2542 4253 omnia
2579 4213 2701 4268 quae
2730 4196 2920 4251 usibus
2948 4196 3064 4250 suis
3088 4203 3243 4249 erant
3269 4194 3576 4247 necessaria

1999 4300 2292 4352 consecuta
2344 4298 2463 4355 est,
2498 4297 2754 4359 tanquam
2782 4289 2994 4358 ingrata
3032 4295 3085 4341 ct
3105 4285 3338 4340 infidelis
3366 4299 3395 4337 a
3424 4287 3575 4355 regni

1998 4388 2119 4458 ejus
2144 4387 2263 4440 luce
2298 4384 2610 4455 projicitur.

2070 4520 2211 4577 XIX.
2244 4519 2478 4590 Subjicit
2510 4519 2705 4574 iterum
2739 4516 3108 4587 nequissimus
3143 4531 3368 4585 serpens
3413 4514 3575 4568 aliam

2002 4615 2316 4670 hominibus
2349 4613 2684 4683 opinionem,
2723 4626 2885 4681 quam
2926 4611 3109 4679 plures
3156 4616 3398 4664 vestrum
3450 4623 3576 4677 pro-

2001 4710 2143 4766 ierrc
2174 4709 2350 4764 solent
2375 4723 2387 4759 :
2423 4706 2601 4760 Unum
2630 4721 2753 4760 esse
2782 4712 2836 4759 et
2864 4720 2964 4759 nos
3001 4702 3234 4756 dicimus
3263 4700 3455 4765 Deum,
3480 4700 3575 4769 qui

1999 4810 2083 4858 est
2129 4800 2374 4855 omnium
2423 4797 2723 4863 Dominus;
2768 4796 2861 4852 sed
2908 4804 2962 4849 ct
3010 4792 3140 4859 isti,
3192 4792 3467 4862 inquiunt,
3497 4790 3574 4843 dii

1623 4941 1991 5001 COTELERII
2028 4939 2262 4997 ΝΟΤᾸΞ.

398 5111 508 5181 (18)
558 5111 750 5166 Solvite
774 5110 1062 5165 simulacra
1087 5105 1323 5181 inutilia,
1352 5110 1401 5155 et
1441 5100 1752 5181 facitevasa
1776 5099 1894 5181 nti-

322 5175 420 5240 lia;
452 5172 589 5236 Huic
635 5196 924 5251 germanus
961 5190 1045 5236 est
1081 5181 1233 5233 locus
1249 5172 1650 5235 Commodiaui,
1684 5172 1894 5224 instru-

320 5257 503 5310 ctione
529 5253 627 5305 2οε

428 5325 497 5379 Et
524 5324 645 5378 deos
670 5323 870 5377 audetis
902 5323 1150 5376 mramine
1177 5317 1349 5395 dicere
1384 5313 1551 5395 (uses.

428 5395 699 5450 Solveritis
731 5410 816 5447 eos
853 5396 1017 5462 magis
1043 5396 1095 5446 in
1125 5391 1341 5443 vascula
1373 5384 1536 5462 nobis.
1876 5450 1886 5461 .

395 5467 505 5536 (I9)
548 5463 613 5518 Et
642 5464 830 5516 habent
857 5458 1086 5516 sensum.
1118 5462 1277 5536 Astra
1306 5458 1539 5536 animata
1580 5466 1702 5536 esse
1729 5458 1891 5536 pauci

319 5520 545 5593 Patrum
585 5536 1057 5594 exiStimaverunt,
1103 5523 1697 5601 secuti_philoso_phos.
1758 5520 1887 5601 Item

317 5612 562 5681 plerique
587 5606 970 5681 ilebrzeormm
986 5607 1249 5681 AContra,“
1263 5596 1706 5681 Constantianam
1747 5596 1889 5681 seri-

359 5662 599 5743 tor,'iih.
634 5691 754 5747 vin,
786 5690 908 5743 cap.
944 5672 1033 5733 46,
1056 5678 1111 5724 et
1154 5667 1370 5747 reliqui.
1407 5664 1740 5747 Jungeﬁum
1770 5662 1887 5747 _hoc

359 5693 466 5743 IOI‘,
510 5693 599 5733 ΙΙΙ).
634 5693 754 5737 VIII,
786 5693 908 5743 cap.
944 5693 1033 5733 40,
1056 5693 1111 5724 ει
1157 5693 1370 5737 rullqlll.
1407 5693 1581 5733 JUIIb'U
1618 5693 1740 5716 eum
1784 5693 1884 5714 ιιυυ

317 5693 442 5806 {ilco
470 5754 584 5804 loca
622 5738 1282 5821 Clcntentittorun‘i,'x,.93'
1313 5752 1393 5821 ξι),
1444 5737 1531 5790 55.
1706 5733 1884 5821 relege

319 5801 799 5890 in‘signia
832 5816 945 5871 haec
1017 5801 1282 5881 Spicilryii
1320 5808 1383 5872 Il,
1423 5823 1541 5875 pag.
1580 5805 1676 5857 '57I
1720 5822 1728 5855 :
1769 5801 1883 5854 lla-

1997 5097 2177 5151 bemus
2202 5115 2329 5152 sane
2354 5096 2557 5153 libellos
2585 5110 2676 5148 sex
2708 5094 2881 5147 sancti
2913 5091 3113 5146 Hilarii
3139 5091 3362 5159 episcopi
3390 5088 3573 5142 Picta-

1998 5169 2209 5230 viensis,
2241 5186 2370 5238 quos
2405 5168 2469 5221 de
2498 5165 2679 5219 (Στωεο
2714 5165 2958 5238 Origenis
2991 5165 3045 5218 in
3087 5162 3336 5238 {latinum
3380 5163 3571 5238 vertit,-

1996 5239 2086 5293 sed
2124 5228 2223 5292 non
2253 5228 2445 5293 'omnia
2480 5237 2765 5290 secundum
2811 5228 3047 5288 ordinem
3083 5232 3205 5286 libri
3249 5232 3421 5284 sancti
3468 5228 3570 5285 Job

1994 5310 2254 5378 exposuit.
2313 5309 2380 5362 Et
2424 5310 2559 5361 satis
2614 5307 2781 5358 miror
2820 5306 3081 5378 hominem
3119 5302 3477 5378 doctissimum
3522 5310 3574 5356 ct

1995 5374 2257 5443 sanctum,
2303 5391 2361 5432 nt
2390 5380 2453 5432 de
2493 5378 2658 5432 stellis
2702 5378 2904 5430 manias
2954 5374 3194 5442 Origcnis
3236 5374 3569 5440 transferret.

2001 5449 2155 5510 Mihi.
2189 5451 2521 5504 sanctissime
2554 5447 2738 5507 Pater,
2765 5448 2911 5499 nullo
2948 5455 3101 5514 pacto
3132 5443 3345 5497 suaderi
3379 5452 3570 5513 potest,

1998 5531 2055 5573 ut
2093 5522 2302 5573 credam
2327 5530 2476 5573 astra
2512 5518 2628 5572 cazli
2660 5519 2876 5585 spiritus
2907 5515 3217 5575 rationales,
3263 5530 3377 5584 qum
3414 5527 3573 5585 neque

1996 5607 2112 5643 cum
2145 5590 2365 5659 angelis,
2395 5606 2554 5658 neque
2591 5583 2708 5641 curn
2746 5588 3040 5659 liorninibus
3092 5583 3572 5659 {actaesseScri-

1995 5674 2153 5730 plura
2192 5654 2379 5714 sancta
2432 5654 2688 5713 declarat.
2742 5658 2882 5712 Sunt
2925 5654 3097 5714 verba
3144 5654 3413 5711 Liciniani
3451 5654 3573 5725 epi-

1995 5733 2167 5803 scopi,
2207 5733 2271 5787 ad
2300 5731 2619 5801 Gregorium
2644 5745 2861 5801 papam.
