4036 6252
2978 248 3003 271 Ψ

552 321 694 379 I339
1397 320 1454 385 S,
1497 320 1891 377 CLEMENTIS
1929 324 1951 378 ι
1991 322 2157 379 ROM.
2198 323 2401 380 PONT.
2440 324 2667 379 OPERA
2707 325 2937 383 DUBIA.
3626 334 3737 390 lli-l0

548 445 698 495 sunt.
726 435 881 490 Sicut
910 434 1051 490 enim
1087 450 1231 489 unus
1256 442 1340 489 est
1369 435 1552 493 Caesar
1572 478 1586 501 ,
1628 446 1681 492 et
1722 439 1884 493 habet
1931 438 2033 493 sub
2065 454 2123 493 se
2150 450 2198 507 Α
2225 438 2525 496 diebamus.
2546 435 2612 490 Et
2631 441 2825 497 Petrus
2852 462 2865 498 :
2921 441 3165 510 Ridetis,
3198 441 3390 513 inquit,
3419 460 3513 502 vos
3541 447 3742 506 aliorum

548 530 753 583 multos
796 527 1031 596 judices,
1078 527 1226 581 verbi
1266 528 1441 595 gratia
1482 529 1799 597 praefectos,
1841 529 2116 594 consules,

547 622 802 675 tribunos
844 626 898 674 et
947 628 1172 673 caeteras
1214 626 1533 687 potestates,
1581 621 1744 673 simili
1790 620 2118 673 arbitramur

548 712 732 775 modo,
773 726 895 766 cum
950 726 1091 765 unus
1142 709 1213 763 sit
1263 710 1437 779 major
1477 711 1719 764 omnium
1761 710 1924 775 Deus,
1954 715 2116 766 etiam

548 806 686 859 istos
716 804 781 857 ad
821 802 1235 857 similitudinem
1267 815 1451 854 earum
1492 816 1629 870 quas
1675 801 1933 865 diximus,
1962 809 2115 871 pote-

546 907 750 952 statum
778 897 1061 951 ordinatos
1115 911 1236 950 esse
1290 896 1341 948 in
1402 896 1504 949 hoc
1557 896 1759 949 mundo
1814 898 1967 960 deos,
2035 897 2114 951 illi

547 990 766 1058 quidem
794 988 985 1055 majori
1017 987 1313 1054 subjectos,
1347 1002 1446 1040 nos
1493 995 1669 1041 tamen
1703 996 1755 1041 et
1782 1004 1900 1058 quae
1930 990 1982 1041 in
2012 988 2115 1042 hoc

547 1082 753 1134 mundo
797 1088 925 1133 sunt
975 1080 1375 1148 dispensantes.
1427 1078 1622 1132 Audite
1660 1095 1791 1149 ergo
1846 1083 1913 1134 ad
1962 1082 2109 1143 haec,

548 1172 824 1241 quomodo
865 1172 917 1223 in
958 1171 1043 1224 his
1091 1170 1223 1239 ipsis
1263 1186 1383 1238 quae
1418 1170 1483 1222 ad
1514 1169 1884 1239 deceptionem
1917 1186 2115 1240 propo-

548 1266 702 1326 nitis,
737 1263 979 1318 veritatis
1011 1263 1314 1316 rationibus
1352 1262 1731 1317 confutemini.
1763 1262 1953 1318 Dicitis
1985 1264 2113 1334 quia

549 1357 727 1409 locum
762 1354 990 1408 Caesaris
1020 1361 1198 1407 teneat
1232 1353 1406 1415 Deus,
1448 1354 1693 1421 judicum
1735 1369 1865 1407 vero
1901 1355 2021 1423 ejus
2059 1361 2113 1408 et

546 1456 872 1515 potestatum
920 1446 1153 1513 speciem
1208 1452 1425 1498 servent
1468 1446 1520 1496 hi
1569 1446 1660 1513 qui
1705 1444 1961 1499 dicuntur
1997 1432 2110 1513 dii;

547 1544 756 1590 servate
784 1550 935 1604 ergo,
967 1543 1023 1587 ut
1052 1536 1435 1604 proposuistis,
1453 1536 1761 1604 exemplum
1781 1536 2034 1602 Caesaris,
2057 1544 2111 1592 et

544 1627 739 1689 scitote
783 1627 909 1694 quia
980 1626 1123 1680 sicut
1170 1626 1303 1679 nulli
1335 1642 1402 1680 ex
1442 1627 1720 1695 judicibus
1764 1629 1848 1682 vel
1876 1630 2111 1683 admini-

544 1720 869 1775 stratoribus
898 1718 1153 1781 thsaris,
1202 1719 1253 1771 id
1297 1728 1381 1773 est
1410 1717 1712 1787 pmfectis,
1750 1721 1830 1774 vel
1876 1736 2111 1788 procon-

541 1814 777 1875 sulibus,
808 1813 888 1865 vel
918 1812 1172 1874 ducibus,
1214 1811 1299 1865 vel
1346 1813 1609 1875 tribunis,
1659 1813 1741 1867 fas
1772 1821 1853 1867 est
1881 1814 2114 1869 Caesaris

541 1919 739 1957 nomen
782 1903 1025 1971 imponi;
1063 1902 1303 1969 alioquin
1348 1912 1401 1955 et
1447 1903 1535 1956 ille
1580 1903 1673 1971 qui
1719 1905 2021 1973 susceperit
2058 1913 2114 1959 et

543 1997 619 2049 illi
651 1996 742 2063 qui
773 1992 1093 2055 detulerint,
1130 1992 1332 2060 pariter
1357 1992 1656 2044 interibunt
1688 2012 1699 2045 :
1736 1994 1810 2045 ita
1839 2001 1892 2046 et
1921 1994 1987 2047 de
2010 1994 2114 2049 hoc

539 2089 755 2143 debetis
800 2086 1103 2147 advertere,
1148 2083 1292 2152 quod
1340 2084 1386 2138 si
1431 2083 1555 2153 quis
1588 2100 1783 2137 nomen
1826 2086 1918 2140 Dei
1948 2088 2111 2141 alicui

540 2196 705 2252 quam
754 2185 950 2248 praeter
982 2177 1156 2245 ipsum
1189 2176 1537 2244 imposuerit,
1589 2186 1639 2229 et
1682 2177 1773 2230 ille
1822 2178 2109 2247 receperit,

543 2289 712 2327 unum
740 2269 1098 2338 eumdemque
1135 2268 1434 2322 sortientur
1471 2267 1746 2321 interitum
1770 2308 1784 2329 ,
1816 2270 1987 2323 multo
2015 2270 2112 2324 de-

542 2367 743 2421 teriore
777 2372 922 2419 sorte
970 2379 1131 2433 quam
1164 2362 1397 2415 ministri
1425 2358 1677 2414 Caesaris.
1707 2359 1805 2413 llic
1845 2364 1989 2413 enim
2015 2361 2107 2431 qui

543 2459 770 2528 deliquit
786 2459 837 2510 in
853 2457 1144 2517 Caesarem,
1162 2454 1440 2507 interitum
1459 2453 1717 2520 suscipiet
1732 2456 2106 2522 temporalem;

543 2551 638 2618 qui
653 2549 845 2602 veroin
866 2561 1031 2599 unum
1053 2545 1143 2613 qui
1160 2545 1310 2597 solus
1323 2552 1375 2597 et
1388 2558 1548 2597 verus
1561 2550 1644 2597 est
1656 2543 1802 2597 Deus
1818 2544 2104 2613 delinquit,

542 2645 597 2697 in
630 2643 888 2697 saeculum
922 2641 1027 2694 luet
1052 2654 1277 2709 poenas,
1323 2646 1377 2693 et
1416 2640 1631 2702 merito,
1667 2647 1725 2692 ut
1768 2640 1860 2709 qui
1908 2657 2105 2697 nomen

536 2738 685 2809 quod
730 2746 813 2790 est
854 2735 1073 2788 unicum
1118 2733 1382 2801 injuriosa
1431 2732 1745 2788 conditione
1797 2734 2101 2791 violaverit.

614 2828 729 2881 ΧΧ.
761 2826 1021 2892 Quamvis
1050 2824 1153 2879 hoc
1182 2825 1382 2894 ipsum.
1420 2821 1598 2886 Deus,
1631 2838 1737 2877 non
1789 2839 1986 2880 nomen
2034 2828 2106 2881 sit

542 2921 634 2976 Dei
675 2918 811 2991 (20),
859 2917 952 2972 sed
986 2915 1297 2969 hominibus
1329 2914 1546 2968 interim
1583 2916 1908 2970 vocabulum
1960 2919 2104 2974 istud

536 3016 698 3086 quasi
727 3027 826 3083 pro
854 3010 1073 3065 nomine
1101 3009 1221 3078 ejus
1245 3024 1569 3063 concessum
1601 3016 1711 3074 est;
1732 3010 1875 3078 quod
1896 3019 2101 3077 tamen,

2222 530 2511 595 dedecora,
2544 534 2671 602 quia
2708 537 2866 603 longa
2895 534 3291 589 consuetudine
3322 537 3529 606 propria
3558 556 3655 595 non
3678 544 3747 596 vi-

2220 621 2381 675 detis.
2414 620 2548 675 Nam
2580 621 2960 693 Egyptiorum
3007 623 3226 693 quidem
3260 625 3538 679 stultitiam
3577 632 3746 685 merito

2218 713 2429 775 ridetis,
2458 714 2548 783 qui
2573 720 2721 767 muta
2746 714 3022 781 animalia,
3060 715 3164 785 ipsi
3201 730 3323 769 cum
3353 718 3460 772 sint
3483 720 3746 775 rationabi-

2218 806 2316 869 les,
2350 805 2552 859 colunt.
2581 805 2779 860 Audite
2805 814 2984 861 tamen
3016 806 3288 875 quomodo
3317 816 3369 862 et
3406 809 3481 861 illi
3518 824 3611 866 vos
3641 812 3747 865 irri-

2219 898 2402 960 deant,
2437 898 2587 951 aiunt
2622 900 2765 951 enim
2795 918 2806 952 :
2835 898 2945 952 Nos
2983 900 3216 954 viventia
3247 902 3473 956 colimus
3498 904 3740 975 animalia,

2220 990 2345 1043 licet
2399 992 2682 1055 moritura,
2740 1006 2837 1045 vos
2890 1006 3019 1046 vero
3078 1008 3198 1061 qua:
3231 1009 3503 1063 nunquam
3549 998 3740 1051 omnino

2218 1082 2401 1136 vixere
2424 1122 2437 1143 ,
2497 1083 2609 1136 haec
2661 1083 2841 1138 colitis
2879 1091 2931 1136 et
2963 1084 3225 1139 adoratis.
3271 1085 3488 1141 Addunt
3516 1096 3744 1155 praeterea

2216 1173 2377 1226 etiam
2410 1172 2563 1233 illud,
2599 1172 2798 1241 ﬁguras
2822 1188 2944 1227 esse
2968 1180 3021 1226 et
3053 1174 3338 1244 allegorias
3363 1176 3609 1229 virtutum
3636 1195 3745 1247 qua-

2217 1263 2484 1323 rumdam,
2514 1262 2714 1332 quibus
2744 1264 3104 1331 adjutricibus
3137 1273 3357 1334 regatur
3382 1266 3643 1321 hominum
3668 1285 3743 1339 ge-

2215 1366 2353 1416 nus;
2392 1353 2485 1405 sed
2511 1352 3009 1422 pudoris‘perfugio
3050 1355 3161 1408 haec
3208 1363 3262 1409 et
3304 1357 3556 1409 nonnulla
3585 1359 3658 1412 his
3682 1362 3744 1414 si-

2213 1442 2361 1495 milia
2390 1451 2796 1507 connectentes,
2821 1460 3062 1499 errorem
3090 1461 3248 1499 suum
3294 1448 3475 1501 velare
3504 1450 3738 1503 nituntur.

2216 1531 2321 1585 Sed
2351 1548 2459 1585 non
2485 1541 2568 1587 est
2605 1548 2750 1586 nunc
2782 1543 2995 1603 tempus
3031 1534 3302 1606 Egyptiis
3346 1542 3676 1607 respondere,
3700 1553 3743 1595 et

2213 1624 2471 1687 derelicta
2533 1640 2663 1678 cura
2720 1626 3105 1694 praesentium,
3151 1629 3458 1683 absentium
3520 1632 3743 1685 medicari

2216 1719 2527 1788 languor-es.
2576 1719 2797 1775 Certum
2850 1737 3086 1791 namque
3130 1723 3397 1778 indicium
3449 1734 3529 1781 est
3568 1741 3653 1781 vos
3690 1728 3744 1780 ab

2146 1784 2186 1841 Β
2218 1784 2529 1879 hujusmodi
2554 1813 2872 1882 {egritudine
2898 1784 3087 1868 haberi
3119 1814 3349 1881 alienos,
3379 1819 3474 1888 qui
3509 1833 3620 1873 eam
3654 1835 3744 1874 non

2213 1902 2463 1957 doluistis
2494 1912 2553 1957 ut
2577 1906 2874 1974 propriam,
2905 1906 2997 1959 sed
3030 1907 3225 1963 risistis
3256 1918 3315 1961 ut
3338 1910 3585 1965 alienam.

2287 1994 2445 2050 ΧΧΙΙ.
2474 1994 2579 2050 Sed
2608 1997 2892 2052 redeamus
2922 1997 2989 2052 ad
3024 2013 3143 2063 vos,
3168 2000 3370 2070 quibus
3399 2002 3567 2071 placet
3589 2003 3749 2057 haberi

2212 2087 2380 2142 Deum
2409 2097 2466 2141 ut
2492 2088 2783 2153 Caesarem,
2810 2090 2943 2146 deos
2971 2100 3153 2147 autem
3181 2100 3239 2146 ut
3270 2084 3552 2149 ministros
3570 2103 3617 2149 et
3644 2111 3749 2165 pro-

2210 2187 2494 2234 curatores
2557 2180 2827 2248 Caesaris;
2879 2184 3173 2252 sequimini
3224 2201 3309 2239 me
3366 2189 3658 2251 attentius,
3704 2196 3749 2241 et

2210 2271 2372 2325 modo
2398 2273 2552 2328 vobis
2583 2273 2867 2327 ostendam
2913 2277 3153 2331 latebras
3196 2280 3495 2347 serpentis,
3531 2279 3583 2332 in
3613 2295 3749 2349 argu-

2208 2362 2375 2416 menti
2410 2361 2569 2431 hujus
2608 2364 2791 2418 curvis
2833 2364 3173 2421 anfractibus
3212 2368 3529 2424 collocatas.
3558 2369 3745 2423 Certum

2208 2454 2351 2522 apud
2381 2469 2571 2508 omnes
2601 2470 2721 2510 esse
2751 2455 2987 2523 debet,et
3006 2458 3395 2525 indubitatum,
3431 2460 3558 2524 Deo,
3587 2462 3698 2531 quia
3722 2476 3747 2514 ι

2208 2546 2360 2599 nullo
2408 2544 2583 2601 factus
2628 2556 2714 2601 est
2758 2550 2850 2603 sed
2895 2550 3011 2618 ipse
3061 2550 3187 2606 fecit
3229 2553 3523 2615 universa,
3554 2554 3674 2607 nihil
3694 2567 3747 2607 ex

2208 2636 2441 2689 [acturis
2476 2636 2592 2690 suis
2622 2652 2784 2706 posse
2812 2640 3118 2709 cozequari;
3159 2656 3336 2710 neque
3370 2643 3515 2698 enim
3555 2643 3621 2696 ita
3646 2644 3747 2712 quis

2203 2727 2535 2781 irrationalis
2563 2728 2792 2783 inveniri
2840 2739 3035 2800 potest,
3067 2733 3158 2802 qui
3191 2742 3340 2803 putet
3374 2735 3517 2803 quod
3543 2734 3746 2788 conferri

2205 2822 2377 2889 possit
2423 2823 2629 2893 factura
2678 2821 2891 2877 factori.
2944 2823 2999 2877 Si
3031 2839 3158 2893 ergo
3201 2825 3443 2880 humana
3487 2842 3629 2882 mens
3656 2841 3745 2879 non

2206 2914 2383 2967 Solum
2430 2915 2641 2967 ratione
2672 2913 2764 2968 sed
2800 2924 2853 2969 et
2883 2917 3115 2969 naturali
3150 2919 3390 2986 quodam
3431 2927 3595 2982 motu,
3626 2928 3746 2971 recte

2206 3004 2346 3058 hanc
2374 3008 2680 3075 opinionem
2711 3015 2876 3071 tenet,
2912 3009 3041 3061 illud
3069 3010 3172 3063 dici
3211 3008 3405 3075 Deum,
3435 3012 3521 3065 cui
3546 3009 3746 3064 conferri

542 3114 601 3159 ut
627 3106 762 3166 dixi,
799 3116 923 3155 cum
967 3098 1361 3154 contumeliose
1402 3104 1701 3159 tractatur,
1738 3099 1803 3151 ad
1842 3100 1955 3153 veri
1986 3101 2106 3169 ejus
2134 3122 2174 3179 ρ
2210 3102 2304 3148 aut
2333 3097 2600 3164 exaequari
2631 3096 2764 3149 nihil
2789 3106 2983 3166 potest,
3016 3099 3107 3153 sed
3130 3099 3275 3169 quod
3301 3103 3519 3157 cunctis
3546 3102 3747 3156 emineat

539 3194 781 3249 nominis
805 3191 1043 3245 refertur
1089 3189 1363 3257 injuriam.
1409 3186 1645 3255 Denique
1682 3195 1893 3243 veteres
1932 3189 2103 3262 Egy-

540 3289 776 3357 ptiorum
811 3284 946 3355 (‘21),
973 3282 1065 3349 qui
1092 3280 1159 3335 de
1183 3279 1391 3333 caelesti
1424 3294 1591 3331 cursu
1621 3286 1675 3333 et
1704 3290 1973 3334 astrorum
2007 3296 2105 3334 na-

538 3389 663 3431 tura
698 3377 963 3430 rationem
1008 3372 1114 3426 sibi
1164 3371 1265 3425 visi
1311 3378 1436 3424 sunt
1484 3370 1783 3439 reperisse,
1822 3372 2105 3428 obsidente

538 3485 739 3525 sensus
762 3480 949 3520 eorum
982 3463 1252 3528 daemone,
1286 3462 1539 3515 omnibus
1582 3461 1937 3517 nihilominus
1973 3480 2106 3518 con-

541 3558 782 3613 tumeliis
804 3569 1000 3609 nomen
1035 3550 1544 3605 incommunicabile
1569 3551 1934 3619 subjecerunt.
1968 3551 2103 3607 Nam

542 3652 632 3704 alii
664 3662 848 3702 eorum
880 3646 1092 3705 bovem,
1117 3643 1208 3711 qui
1246 3642 1375 3711 Apis
1407 3642 1626 3705 dicitur,
1657 3644 1941 3696 colendum
1989 3652 2105 3696 tra-

539 3742 752 3802 didere,
792 3737 882 3789 alii
915 3735 1149 3796 hircum,
1176 3733 1266 3785 alii
1298 3739 1474 3785 cattas
1507 3731 1643 3802 (2‘2),
1670 3734 1915 3787 nonnulli
1951 3734 2104 3802 ibim,

542 3830 767 3901 quidam
816 3832 1161 3893 serpentem,
1202 3822 1412 3891 piscem
1455 3836 1692 3890 quoque,
1733 3829 1785 3875 et
1828 3838 2025 3890 caepas,
2051 3834 2106 3879 et

543 3925 780 3983 cloacas,
820 3916 1062 3987 crepitus
1097 3913 1305 3968 ventris
1343 3912 1477 3984 (25),
1511 3928 1607 3981 pro
1653 3914 1966 3968 numinibus
2007 3914 2103 3967 ha-

541 4014 748 4070 bendos
791 4026 911 4065 esse
947 4008 1279 4070 docuerunt,
1312 4012 1366 4059 et
1411 4005 1515 4057 alia
1547 4005 1961 4059 innumerabilia
1987 4022 2106 4076 quae

543 4104 710 4177 pudet
736 4102 898 4157 etiam
933 4097 1239 4152 nominare.

618 4180 755 4247 XXI.
796 4190 919 4244 Haec
944 4189 1154 4244 dicente
1178 4185 1359 4251 Petro,
1388 4186 1627 4241 riserunt
1665 4202 1856 4242 omnes
1880 4187 1971 4258 qui
2003 4204 2103 4242 au-

2210 3193 2263 3240 ct
2308 3195 2503 3240 cuncta
2536 3190 2803 3257 praecellat
2842 3192 3153 3258 :quomodo
3191 3206 3395 3246 nomen
3451 3193 3577 3247 illud
3626 3192 3744 3263 quod

2211 3292 2374 3345 super
2394 3282 2573 3332 omnia
2607 3293 2728 3333 esse
2772 3281 3030 3343 creditur,
3067 3288 3211 3335 recte
3242 3282 3324 3335 his
3375 3283 3604 3337 creditur
3627 3282 3743 3344 dari,

2210 3384 2348 3438 quos
2406 3369 2472 3422 ad
2518 3371 2875 3424 ministerium
2923 3379 2974 3425 et
3031 3375 3473 3439 procurationem
3529 3375 3743 3428 humana:

2209 3461 2332 3513 vitaz
2360 3460 2562 3529 putatis
2584 3476 2704 3516 esse
2734 3461 3065 3530 dispositos?
3094 3462 3198 3517 Sed
3230 3473 3284 3518 et
3313 3466 3450 3521 illud
3477 3467 3742 3520 addemus:

2210 3551 2445 3604 mundus
2471 3550 2555 3602 hic
2586 3551 2702 3605 sine
2742 3550 2907 3605 dubio
2945 3552 3119 3607 factus
3149 3564 3231 3609 est
3260 3563 3311 3609 et
3338 3565 3427 3611 est
3455 3555 3745 3627 corruptibi-

2212 3640 2299 3705 lis,
2330 3641 2471 3695 sicut
2499 3641 2658 3695 etiam
2684 3643 3023 3711 postmodum
3064 3645 3224 3698 latius
3268 3648 3645 3712 ostendemus;
3676 3648 3744 3699 in-

2210 3734 2367 3788 terim
2397 3742 2451 3787 et
2495 3734 2694 3789 factum
2743 3750 2864 3788 eum
2913 3742 2965 3789 et
3015 3737 3424 3806 corruptibilem
3455 3746 3669 3793 constat.
3699 3736 3745 3788 Si

2209 3842 2338 3897 ergo
2371 3827 2603 3883 mundus
2650 3827 2789 3883 Deus
2821 3829 2925 3883 dici
2980 3846 3088 3885 non
3139 3841 3335 3902 potest,
3386 3844 3440 3890 et
3482 3847 3619 3892 recte
3656 3850 3741 3889 non

2209 3925 2388 3988 potest
2417 3918 2542 3988 quia
2571 3921 2938 3989 corruptibilis
2961 3932 3063 3986 est,
3091 3927 3363 3993 quomodo
3390 3936 3564 3999 partes
3583 3926 3740 3983 mundi

2209 4007 2302 4063 Dei
2332 4024 2525 4063 nomen
2565 4012 2870 4081 accipient?
2896 4014 3040 4083 quod
3082 4018 3225 4069 enim
3258 4026 3408 4073 totus
3453 4036 3558 4074 non
3594 4025 3742 4089 potest

2207 4115 2328 4154 esse
2357 4101 2611 4162 mundus,
2648 4102 2817 4154 multo
2846 4104 3018 4172 magis
3061 4120 3168 4157 non
3210 4107 3311 4159 erit
3348 4124 3477 4177 pars
3499 4110 3627 4177 ejus.
3658 4106 3741 4175 lgi-

2205 4197 2295 4243 tur
2323 4192 2364 4245 si
2393 4190 2675 4246 redeamus
2698 4194 2763 4247 ad
2794 4196 3098 4266 exemplum
3123 4195 3378 4266 Caesaris,
3410 4201 3583 4255 videte
3606 4213 3737 4269 quam

1848 4343 2209 4398 COTELERII
2235 4343 2463 4400 NOTAE.

615 4482 723 4553 (ρο)
754 4479 1015 4553 Quamvis
1043 4476 1137 4530 hoc
1160 4476 1350 4546 ipsum,
1381 4477 1535 4553 Deus,
1561 4494 1663 4531 non
1684 4495 1867 4553 nomen
1889 4480 1963 4553 sit
1992 4480 2104 4536 Dei.
2138 4484 2185 4543 ι)
2210 4484 2484 4550 tarchum,
2530 4484 2668 4537 libro
2720 4484 2793 4539 De
2822 4484 2964 4540 Iside
2984 4497 3035 4541 et
3093 4486 3320 4549 Osiride,
3364 4490 3739 4544 convenientia:

541 4549 715 4607 Deum
750 4552 951 4619 Deique
982 4557 1229 4600 naturam
1263 4550 1479 4603 nomine
1513 4563 1697 4602 carere
1729 4549 1974 4619 doctrina
2024 4562 2107 4605 est

541 4624 804 4684 Patrum,
862 4618 916 4674 et
979 4620 1161 4685 opinio
1229 4619 1695 4687 philos0phorum.
1771 4618 2104 4675 Testimonia

540 4694 865 4753 otnittimus,
911 4690 1109 4756 ubique
1134 4689 1315 4743 obvia.

613 4765 723 4834 (‘21)
779 4756 1408 4834 Veteres_/Egyp_tiormn,_
1432 4758 1837 4834 etc‘.._Sideralis
1863 4759 2103 4834 scientia:

542 4827 909 4888 inventionem
957 4827 1228 4897 [Egyptiis
1258 4830 1434 4890 multi,
1478 4828 1566 4881 alii
1602 4830 1724 4882 aliis
1770 4831 2051 4897 assignant
2084 4850 2096 4886 :

542 4906 619 4957 uti
656 4903 765 4957 fere
795 4901 1038 4954 variatur
1082 4900 1136 4968 in
1192 4915 1371 4953 rerum
1411 4900 1779 4968 repertoribus
1814 4919 1824 4953 :
1868 4916 2097 4968 quorum

542 4973 982 5027 enumerationes
1029 4967 1290 5023 exhibent
1337 4968 1554 5022 codices
1590 4967 1735 5037 Regii
1768 4967 1899 5026 919.
1942 4969 2101 5034 I769,

542 5044 681 5097 2:216
735 5043 890 5097 duas.
923 5070 992 5079 —
1027 5037 1133 5094 Eas
1194 5039 1361 5093 habes
1434 5040 1489 5092 in
1546 5037 1782 5107 Append.
1838 5039 2104 5105 Monum,

540 5130 597 5169 ιι.
630 5116 683 5174 4,
736 5111 902 5167 infra.

613 5184 723 5255 (:22;
788 5184 897 5236 Alii
954 5190 1145 5255 cattas.
1202 5178 1345 5255 Fuit
1391 5180 1781 5255 cultus_feli_s,
1834 5180 2103 5255 generalis

544 5249 915 5327 {Egyptian-um
936 5252 1175 5327 omnium
1200 5251 1404 5327 religio,
1420 5257 1555 5305 teste
1570 5249 1835 5327 Stranhone
1858 5251 1949 5327 lib.
1971 5267 2101 5305 xvn.

544 5314 742 5381 i‘tiiict
781 5325 1071 5396 peculiaris
1116 5314 1474 5445 (giorunidam
1518 5337 1529 5370 :
1574 5329 1631 5373 ut
1678 5320 2099 5373 Bubastitarum.

544 5396 841 5445 80-56mm:
868 5394 1011 5445 enim
1039 5409 1103 5445 ex
1173 5393 1426 5445 tenhano.
1460 5409 1560 5445 vox
1584 5390 1901 5445 {Eavntiaea
1926 5390 2099 5442 αἴλου-

539 5390 841 5458 Βούόαςτὸς
868 5394 1011 5449 enim
1039 5409 1103 5447 ex
1129 5390 1426 5461 Stephano.
1460 5409 1560 5445 vox
1584 5390 1901 5461 {Egyptiaea
1926 5390 2105 5461 aneo-

541 5484 631 5539 ρον
668 5467 937 5533 significat
978 5472 1112 5539 _:_et
1164 5459 2095 5539 inairbeuBubaStonsivePubasti,

540 5530 942 5605 sepeliebantur
974 5534 1123 5595 feles,
1165 5534 1343 5602 inquit
1380 5533 1684 5587 Herodotus
1714 5532 1803 5605 in
1827 5530 2051 5605 Euterpe
2080 5546 2099 5584 :

538 5601 639 5660 nec
671 5624 775 5661 non
807 5616 923 5659 erat
953 5604 1131 5656 Diana:
1161 5601 1443 5672 templum.
1477 5621 1546 5671 qu
1568 5622 1595 5655 e
1619 5611 1671 5654 et
1712 5601 2098 5672 Bubastis'no-

537 5689 661 5729 men
695 5680 925 5745 accepit,
962 5671 1341 5745 estqueiluna.
1382 5671 1717 5726 Fabulantur
1757 5680 1932 5723 autem
1972 5671 2096 5723 Dia—

539 5759 664 5797 nam
695 5746 747 5797 in
779 5742 1217 5811 (iiqautomachiu
1244 5758 1301 5795 se
1332 5742 1384 5795 in
1414 5752 1620 5796 callum
1653 5746 2095 5799 transiet-massa,

578 5808 971 5869 ridiscere'cst
1001 5815 1066 5865 ab
1099 5811 1546 5887 il)‘gll10.~chCS
1584 5814 1743 5867 etiam
1793 5814 1931 5879 apud
1974 5812 2097 5864 Plu-

2212 4555 2466 4622 physicas
2496 4554 2650 4607 felem
2687 4556 2828 4608 inter
2856 4565 2909 4609 et
2945 4558 3149 4611 lunam.

2279 4624 2391 4692 (25)
2432 4622 2617 4697 Ca'pas
2654 4636 2702 4697 et
2731 4626 2958 4688 cloacas,
2984 4630 3205 4695 crepitus
3242 4630 3457 4683 ventris.
3486 4628 3556 4683 De
3596 4646 3734 4697 crepa,

2207 4694 2527 4769 superstitio
2571 4701 2653 4746 est
2686 4696 2844 4769 longe
2874 4694 3167 4769 notissima
3200 4717 3211 4751 :
3247 4714 3364 4766 quae
3389 4702 3471 4769 (ut
3509 4694 3738 4769 discimus

2202 4759 2634 4831 exllieronymo,
2659 4777 2695 4813 ιι
2721 4759 2965 4815 ari—versus
2989 4759 3353 4831 Iovinianum,
3382 4759 3434 4829 ti,
3461 4778 3514 4820 et
3534 4770 3593 4820 ad
3616 4765 3737 4817 Isaia

2204 4840 2366 4905 caput
2396 4846 2513 4905 sui
2540 4848 2557 4905 ;_
2598 4829 2837 4905 Luciano
2864 4833 2913 4884 in
2936 4832 3067 4905 _J_ove
3095 4829 3348 4905 tragazdo,
3374 4853 3437 4890 ac
3463 4838 3617 4890 Sexto
3644 4832 3737 4905 Eur

2204 4900 2887 4975 pineoPyrrltpniauarum
2927 4900 3453 4975 IIypotyposeou'lib.
3489 4922 3566 4969 Ill,
3591 4920 3633 4957 ο.
3662 4901 3737 4968 24)

2204 4968 2422 5042 proprie
2454 4968 2529 5023 ad
2566 4968 2871 5025 Pelusiotas
2912 4968 3232 5042 pertinebat.
3285 4976 3357 5030 De
3405 4968 3600 5031 cloacis
3632 4986 3736 5025 vero

2204 5039 2442 5119 (ὀχετούς
2457 5043 2706 5123 appellat
2728 5039 2959 5123 scriptor
2980 5044 3441 5123 Clemeutinoruut)
3465 5046 3589 5123 nihil
3616 5054 3737 5122 nunc

2202 5114 2492 5183 succurrit,
2518 5114 2660 5183 quod
2693 5112 2761 5164 ad
2790 5112 3070 5183 Aﬂgyptios
3097 5128 3318 5182 spectet.
3350 5112 3482 5170 Nam
3513 5115 3734 5171 Cloacina

2202 5184 2323 5243 dea,
2355 5192 2408 5233 et
2443 5182 2584 5234 Deus
2631 5180 2943 5248 Sterculus,
2966 5195 3059 5237 aut
3102 5180 3411 5247 Sterculus,
3445 5186 3733 5241 Stercutius,

2204 5253 2529 5327 Ster‘culius,
2562 5251 2673 5305 sive
2702 5252 2932 5327 Sterces,
2967 5254 3331 5310 Romanorum
3363 5269 3491 5311 sunt
3519 5254 3731 5327 nuniiua.

2205 5322 2446 5390 Denique
2488 5325 2631 5375 circa
2670 5324 2916 5374 ultimum
2960 5334 3216 5377 notarunt
3260 5329 3432 5381 critici
3476 5328 3584 5380 loca
3615 5322 3732 5375 Festi

2204 5392 2573 5467 inlfroltibere
2612 5391 3187 5467 caiititia;__Tlietipliili
3235 5396 3551 5467 Antiocheni
3592 5394 3731 5467 _lib..t

2201 5465 2268 5514 ad
2302 5464 2612 5530 Autolycum
2633 5462 2901 5536 ;_Mmucii
2922 5462 3123 5536 _Felicis
3157 5469 3211 5518 in
3243 5466 3496 5528 Octavio;
3520 5462 3731 5536 Οιὶεθιιίξ

2202 5545 2334 5587 ιοιιι.
2372 5548 2399 5584 γ
2429 5545 2611 5585 contra
2640 5532 2883 5597 Celsum;
2918 5532 3209 5600 Lactantii,
3237 5553 3284 5599 ν,
3310 5538 3413 5601 20;
3453 5532 3732 5600 Hieronymi

2202 5606 2267 5658 ad
2304 5605 2453 5681 lsaiae
2484 5619 2753 5681 cap.__.\i.vi
2778 5621 2791 5667 ;
2816 5617 2873 5681 et
2910 5606 3130 5681 Caesarii
3165 5608 3377 5676 dialogo
3422 5624 3475 5681 ll
3516 5612 3726 5681 requlls~

2204 5676 2270 5729 ad
2304 5674 2559 5742 interrog.
2597 5676 2677 5727 ιι).
2705 5677 2912 5740 Quibus
2939 5677 3205 5732 addentur
3238 5674 3381 5731 nunc
3413 5674 3729 5733 Cleiueatiita,

2205 5749 2296 5801 lib.
2330 5762 2378 5811 κ,
2409 5762 2527 5815 cap.
2558 5748 2630 5798 to.
