4036 6252
342 339 474 396 1541

1527 327 2094 388 ΒΕΟΟΟΝΙΤΙΟΝΠΜ
2134 327 2260 384 LIB.
2300 326 2366 380 ν.

3449 323 3470 376 1
3481 321 3588 377 διε

338 458 496 526 longe
540 456 756 512 erretis.
800 455 1022 518 Caesari,
1062 454 1306 523 ejusdem
1351 453 1480 509 licet
1503 463 1713 507 natura:
1742 450 1917 505 homi-
1945 456 1991 512 Α
2020 463 2140 500 rum
2175 445 2372 500 eratin
2413 444 2516 499 hoc
2546 441 2770 496 mundo.
2801 433 2940 506 Quid
2984 436 3127 493 enim
3166 445 3251 492 est
3287 434 3430 506 quod
3461 438 3586 526 relis

338 563 463 601 nem
495 547 654 616 cuius
684 547 799 615 ipse
831 553 944 610 est,
983 544 1221 599 conferri
1251 551 1431 598 tamen
1455 543 1721 598 neminem
1749 541 1912 607 licet;

337 636 470 699 Deo,
504 638 596 709 qui
626 638 730 691 hoc
760 637 880 706 ipso
901 635 1043 706 quod
1070 651 1101 688 a
1125 634 1274 688 nullo
1297 634 1494 696 factus,
1522 633 1616 688 sed
1647 633 1763 702 ipse
1789 630 1914 685 fecit

336 731 539 792 omnia,
567 735 760 783 cuncta
789 729 1174 796 supereminet,
1197 725 1433 780 conferri
1457 726 1651 780 debere
1677 725 1910 793 aliquem

336 823 598 878 creditis?
620 821 726 875 Sed
755 821 988 877 Caesaris
1018 821 1236 890 quidem
1269 834 1467 873 nomen
1510 819 1645 871 nulli
1685 819 1775 870 alii
1808 833 1910 870 au-

333 915 474 969 detis
513 915 792 984 imponere
813 954 828 978 ,
860 914 989 984 quia
1020 928 1176 967 reum
1206 927 1367 967 suum
1391 911 1574 965 statim
1598 910 1788 979 punit;
1816 907 1910 960 Dei

332 1021 460 1059 vero
523 1005 775 1072 audetis,
849 1006 978 1075 quia
1036 1019 1190 1059 reum
1235 1019 1395 1060 suum
1450 1005 1644 1074 punire
1690 1010 1911 1072 propter

332 1097 708 1166 pmnitentiam
741 1095 963 1150 dill'ert?

398 1185 588 1243 XXII].
619 1187 723 1241 Per
747 1188 883 1242 alios
912 1188 1038 1241 item
1068 1202 1296 1256 serpens
1337 1187 1426 1241 ille
1472 1187 1716 1256 proferre
1741 1188 1907 1243 verba

327 1278 714 1346 hujuscemodi
747 1279 884 1334 solet
919 1298 932 1332 :
965 1277 1075 1334 Nos
1105 1279 1170 1332 ad
1209 1279 1470 1334 honorem
1499 1280 1787 1337 invisibilis
1811 1280 1906 1334 Dei

325 1371 592 1439 imagines
621 1371 864 1425 visibiles
910 1366 1242 1438 adoramus;
1276 1371 1420 1441 quod
1468 1373 1774 1428 certissime
1805 1371 1908 1426 fal-

324 1478 445 1516 sum
475 1470 579 1518 est.
615 1463 671 1517 Si
699 1464 842 1518 enim
872 1479 999 1519 vere
1029 1465 1208 1519 velitis
1248 1463 1342 1518 Dei
1383 1466 1670 1535 imaginem
1699 1466 1902 1528 colere,

323 1554 534 1608 homini
562 1555 961 1610 benefacientes
990 1571 1173 1610 veram
1201 1557 1252 1612 in
1277 1572 1343 1611 eo
1372 1558 1464 1612 Dei
1494 1558 1779 1628 imaginem
1811 1573 1906 1612 eo-

318 1645 526 1699 lerctis.
558 1644 618 1698 In
651 1647 795 1700 omni
823 1649 962 1700 enim
988 1648 1210 1704 homine
1239 1660 1324 1704 est
1354 1650 1533 1719 imago
1567 1650 1684 1713 Dei,
1715 1667 1821 1705 non
1847 1652 1901 1706 in

318 1737 580 1792 omnibus
610 1753 738 1792 vero
789 1739 1108 1803 similitudo,
1158 1740 1252 1794 sed
1305 1741 1394 1795 ubi
1444 1742 1678 1810 benigna
1721 1742 1901 1796 anima

317 1837 406 1884 est
431 1837 487 1884 et
512 1845 666 1884 mens
697 1845 830 1898 pura
856 1830 989 1901 (Ἡ).
1027 1830 1081 1884 Si
1115 1847 1245 1903 ergo
1283 1848 1410 1888 vere
1438 1834 1604 1888 vultis
1632 1834 1902 1888 honorare

315 1921 614 1992 imaginem
641 1921 770 1985 Dei,
797 1939 896 1978 nos
927 1925 1078 1979 vobis
1102 1926 1244 1994 quod
1277 1942 1455 1980 verum
1486 1935 1569 1981 est
1601 1929 1898 1997 aperimus,

312 2019 376 2066 ut
411 2014 616 2067 homini
647 2015 740 2084 qui
785 2014 851 2068 ad
901 2015 1192 2086 imaginem
1241 2015 1333 2071 Dei
1365 2014 1540 2072 factus
1569 2027 1653 2072 est
1679 2017 1902 2072 benefa-

309 2103 478 2158 ciatis
501 2143 515 2166 ,
556 2105 821 2158 honorem
852 2113 906 2158 et
936 2108 1292 2160 reverentiam
1327 2107 1608 2171 deferetis,
1638 2109 1900 2163 esurienti

304 2195 526 2257 cibum,
561 2196 765 2250 sitienti
793 2197 1072 2266 poculum,
1119 2198 1266 2251 nudo
1309 2198 1716 2262 indumentum,
1751 2216 1900 2270 aegro

304 2286 708 2351 ministerium,
761 2291 1050 2359 peregrino
1101 2290 1419 2359 hospitium,
1471 2299 1524 2346 et
1576 2293 1630 2346 in
1679 2308 1901 2348 carcere

297 2379 496 2464 posito
526 2380 840 2435 necessaria
882 2381 1227 2447 ministretis,
1260 2391 1314 2436 et
1360 2382 1464 2436 hoc
1490 2393 1577 2439 est
1606 2385 1748 2453 quod
1777 2401 1902 2440 vere

312 2469 427 2526 Deo
459 2472 697 2526 delatum
731 2475 1093 2543 reputabitur.
1127 2473 1250 2530 Haec
1286 2485 1462 2530 autem
1507 2477 1562 2530 in
1595 2486 1800 2531 tantum
1831 2480 1898 2534 ad

310 2563 578 2618 honorem
612 2564 704 2620 Dei
738 2566 992 2634 imaginis
1016 2567 1236 2631 cedunt,
1264 2577 1323 2620 ut
1358 2568 1448 2636 qui
1480 2568 1584 2622 ista
1615 2583 1722 2622 non
1755 2570 1900 2624 fece-

308 2655 402 2716 rit,
441 2657 826 2710 contumeliam
853 2658 1075 2726 imagini
1103 2659 1299 2713 divinae
1328 2660 1576 2714 intulisse
1615 2661 1894 2714 credatur.

307 2745 448 2810 Quis
471 2762 600 2815 ergo
628 2749 728 2801 iste
767 2749 938 2802 honor
962 2749 1052 2803 Dei
1077 2758 1180 2809 est,
1216 2766 1313 2820 per
1341 2752 1580 2821 lapideas
1603 2758 1656 2806 et
1692 2752 1898 2822 ligneas

308 2839 522 2891 fortnas
550 2839 878 2903 discurrere,
911 2850 964 2894 et
987 2843 1174 2897 inanes
1203 2852 1365 2913 atque
1387 2844 1667 2898 exanimes
1696 2844 1898 2916 figuras

310 2939 574 2998 tanquam
607 2932 829 2984 numina
851 2934 1118 2991 venerari,
1149 2944 1201 2988 et
1249 2935 1520 2989 hominem
1549 2935 1603 2988 in
1634 2951 1742 3004 quo
1771 2951 1899 2990 vere

308 3023 495 3090 imago
527 3021 618 3075 Dei
663 3030 744 3076 est
789 3026 1082 3091 spernere?
1126 3026 1233 3079 imo
1281 3027 1462 3095 potius
1513 3027 1648 3080 certi
1698 3035 1893 3091 estote,

313 3113 465 3185 quod
492 3115 586 3183 qui
621 3115 970 3168 homicidium
995 3116 1124 3170 facit
1156 3127 1246 3170 aut
1269 3119 1618 3183 adulterium,
1650 3127 1703 3174 et
1733 3119 1892 3190 quid-
1921 3134 1964 3189 ς

312 3207 452 3277 quid
485 3207 539 3260 in
582 3206 863 3259 hominum
898 3222 1110 3275 poenam
1141 3211 1223 3262 vel
1277 3210 1530 3279 injuriam
1575 3212 1800 3280 geritur,
1839 3213 1894 3264 in

307 3292 396 3348 bis
431 3292 688 3347 omnibus
735 3291 828 3346 Dei
885 3293 1062 3363 imago
1107 3296 1361 3350 violatur.
1395 3298 1584 3367 Magna
1618 3299 1762 3353 enim
1793 3301 1895 3353 im-

306 3385 486 3452 pietas
516 3385 570 3437 in
614 3383 780 3438 Deum
828 3392 931 3448 est,
967 3385 1159 3440 laedere
1207 3389 1521 3443 hominem:
1559 3405 1718 3444 omne
1766 3406 1896 3460 ergo

305 3475 457 3543 quod
481 3475 596 3543 ipse
621 3476 729 3544 pati
763 3490 873 3529 non
899 3475 1000 3540 vis,
1026 3482 1148 3530 cu‘m
1182 3477 1317 3533 lacis
1343 3480 1454 3544 alii,
1481 3480 1770 3550 imaginem
1799 3481 1891 3536 Dei

305 3566 514 3634 iniquis
547 3567 877 3622 mmroribus
924 3567 1120 3624 foedas.
1157 3570 1441 3640 lntelligite
1477 3587 1627 3641 ergo,
1651 3573 1780 3642 quia
1811 3574 1894 3626 la-

306 3657 480 3711 tentis
510 3657 847 3714 intrinsecus
881 3662 1151 3730 serpentis
1178 3670 1261 3716 est
1308 3664 1411 3718 ista
1441 3666 1740 3734 suggestio,
1769 3682 1890 3734 quae

305 3750 605 3819 persuadet
650 3750 769 3819 pios
819 3767 914 3807 vos
962 3754 1130 3807 videri
1165 3771 1343 3824 posse,
1391 3769 1516 3809 cum
1551 3757 1889 3812 insensibilia

301 3839 511 3902 colitis,
543 3847 597 3892 et
626 3856 737 3894 non
775 3842 946 3898 videri
981 3844 1197 3914 impios,
1241 3861 1364 3900 cum
1395 3845 1682 3902 sensibiles
1720 3855 1774 3902 et
1804 3863 1894 3902 ra-

299 3933 600 3988 tionabiles
636 3935 848 3991 lteditis.

374 4024 568 4081 XXIV.
597 4025 701 4080 Sed
733 4028 800 4081 ad
828 4029 942 4085 hate
966 4030 1071 4084 alio
1096 4031 1254 4086 nobis
1286 4047 1511 4102 serpens
1539 4046 1633 4086 ore
1666 4047 1894 4102 respon-

299 4119 393 4174 det
420 4128 476 4175 et
509 4119 678 4175 dicit:
709 4121 766 4175 Si
791 4123 1008 4177 nolebat
1052 4125 1166 4178 haec
1194 4140 1316 4180 esse
1352 4123 1517 4188 Deus,
1557 4125 1748 4195 utique
1779 4141 1888 4178 non

297 4219 480 4264 erant.
523 4209 774 4265 Nondum
806 4214 962 4268 vobis
983 4214 1128 4278 dico,
1153 4215 1426 4285 quomodo
1451 4216 1518 4269 ad
1542 4216 1893 4284 uniuscujus—

297 4319 405 4373 que
433 4306 640 4383 mentis
675 4306 1053 4373 probationem
1097 4307 1152 4360 in
1188 4308 1295 4362 hoc
1323 4307 1528 4361 mundo
1563 4309 1892 4378 permittun-

298 4403 386 4448 tur
422 4411 552 4450 esse
587 4398 756 4449 multa
787 4399 1093 4466 contraria;
1127 4400 1224 4454 sed
1256 4400 1388 4454 illud
1430 4407 1517 4456 est
1564 4399 1710 4469 quod
1742 4415 1888 4453 nunc

2015 537 2236 608 quislis,
2261 533 2406 604 quod
2439 547 2547 587 non
2570 528 2879 585 adorastis?
2911 526 3101 590 solem,
3136 526 3340 588 lunam,
3375 524 3585 587 stellas,

2015 642 2234 696 aquam,
2265 634 2486 685 terram,
2517 629 2750 682 montes,
2783 617 3029 674 arbores,
3066 614 3292 684 lapides,
3313 613 3583 674 homines,

2016 719 2149 772 nihil
2181 718 2375 770 horum
2405 721 2491 770 est
2531 711 2675 782 quod
2717 724 2825 762 non
2855 707 3146 761 adorastis.
3179 704 3429 774 Oportuit
3456 718 3586 771 ergo

2010 811 2166 880 juxta
2207 822 2394 861 vocem
2427 812 2660 859 vestram
2707 801 2842 854 nihil
2890 799 3083 852 horum
3116 797 3227 850 fieri
3268 813 3305 858 a
3352 796 3480 855 Deo,
3516 809 3585 847 ne

2013 898 2288 953 haberetis
2336 894 2483 966 quod
2533 893 2768 963 possetis
2803 889 3072 955 adorare;
3112 888 3204 942 sed
3236 903 3300 940 ne
3332 885 3582 940 homines

2013 991 2230 1060 quidem
2284 990 2431 1058 ipsos
2480 1002 2603 1040 esse
2641 984 2900 1053 Oportuit,
2945 981 3039 1050 qui
3091 979 3400 1033 adorarent.
3442 976 3582 1030 Vere

2011 1082 2116 1136 hoc
2145 1089 2230 1136 est
2260 1081 2402 1150 quod
2441 1077 2718 1133 desiderat
2758 1075 2847 1127 ille
2891 1074 2982 1143 qui
3013 1073 3154 1126 intra
3187 1087 3284 1125 vos
3309 1071 3437 1123 latet
3466 1084 3583 1122 ser-

2009 1190 2164 1244 pens,
2193 1173 2328 1227 nulli
2352 1181 2591 1226 vestrum
2619 1168 2812 1238 parcit,
2850 1166 3060 1220 nullum
3105 1163 3216 1217 vult
3254 1161 3486 1230 effugere
3514 1159 3582 1212 de

2008 1268 2270 1332 interitu;
2308 1265 2402 1320 sed
2453 1279 2565 1318 non
2616 1264 2690 1316 ita
2723 1261 2847 1316 erit.
2894 1258 3091 1312 Audite
3119 1255 3285 1316 enim,
3311 1254 3436 1323 quia
3471 1267 3581 1304 non

2007 1357 2276 1426 delinquit
2309 1355 2438 1408 illud
2470 1353 2616 1424 quod
2648 1353 2928 1414 aduratur,
2974 1349 3068 1404 sed
3121 1349 3208 1401 ille
3239 1347 3328 1417 qui
3366 1345 3577 1399 adorat.

2003 1447 2218 1504 Iustum
2253 1463 2487 1516 namque
2514 1454 2598 1500 est
2627 1445 2768 1514 apud
2815 1442 2982 1496 Deum
3010 1440 3298 1510 judicium,
3333 1448 3386 1492 et
3423 1438 3581 1491 aliter

2005 1541 2262 1610 injuriam
2295 1540 2587 1609 patientem
2615 1537 2844 1606 judicat,
2877 1535 3033 1588 aliter
3067 1532 3407 1586 inferentem.

2077 1631 2242 1687 XXV.
2272 1632 2378 1686 Sed
2409 1632 2548 1686 dicis
2581 1649 2594 1683 :
2627 1627 2925 1698 Oportebat
2952 1643 3080 1694 ergo
3107 1640 3200 1678 eos
3228 1623 3319 1691 qui
3351 1622 3581 1674 adorant

2005 1727 2151 1797 quod
2181 1742 2288 1779 non
2324 1725 2447 1779 licet
2479 1722 2718 1784 adorari,
2749 1721 2929 1774 statim
2965 1719 3157 1788 perimi
3191 1731 3217 1768 a
3250 1715 3379 1778 Deo,
3421 1732 3484 1768 ne
3526 1723 3580 1768 et

2007 1821 2151 1874 alius
2185 1820 2290 1872 hoc
2320 1817 2544 1871 faceret.
2572 1814 2676 1868 Sed
2714 1828 2896 1867 nonne
2919 1827 2977 1865 es
3012 1820 3065 1863 tu
3095 1809 3412 1879 prudentior
3445 1806 3576 1868 Deo,

2003 1919 2064 1966 ut
2093 1911 2140 1964 ei
2169 1908 2397 1964 consilia
2427 1921 2686 1976 suggeras
2719 1904 2800 1957 “?
2827 1905 2927 1958 scit
2961 1904 3048 1955 ille
3070 1901 3198 1970 quid
3236 1900 3414 1952 faciat.
3449 1897 3579 1952 Om-

2002 2003 2166 2057 nibus
2195 2001 2395 2056 elenim
2441 1999 2495 2052 in
2540 1997 2845 2067 ignorantia
2880 1995 3070 2065 positis
3097 1993 3409 2062 patientiam
3441 2006 3579 2060 prte-

2002 2105 2136 2157 stat.
2167 2099 2290 2165 quia
2317 2093 2632 2147 misirricors
2673 2100 2726 2144 et
2757 2091 2879 2160 pius
2908 2098 3013 2150 est,
3046 2095 3099 2142 et
3140 2086 3418 2155 prmvidet,
3450 2083 3577 2154 quia

2002 2208 2069 2246 ex
2101 2192 2283 2260 impiis
2309 2190 2463 2242 multi
2498 2185 2802 2240 efﬁciuntur
2842 2183 2936 2253 pii,
2971 2190 3022 2236 et
3052 2196 3116 2235 ex
3161 2179 3294 2249 ipsis
3342 2180 3436 2247 qui
3477 2178 3578 2230 im-

2001 2299 2137 2354 pura
2166 2283 2417 2353 figmenta
2445 2288 2500 2334 et
2525 2279 2758 2348 pollutas
2780 2274 3040 2345 imagines
3063 2280 3408 2336 venerantur,
3441 2288 3581 2325 nono

2004 2376 2141 2430 nulli
2177 2373 2428 2428 conversi
2462 2371 2528 2423 ad
2553 2369 2744 2432 Deum,
2778 2375 2831 2422 et
2856 2376 3173 2420 revocantes
3200 2380 3258 2417 se
3281 2378 3308 2415 a
3341 2366 3577 2432 peccatis

2001 2475 2055 2522 et
2086 2472 2308 2536 agentes
2346 2463 2482 2516 bona
2514 2476 2699 2532 Opera,
2726 2459 3050 2528 perveniunt
3081 2457 3146 2509 ad
3178 2456 3431 2511 salutem.
3469 2454 3576 2510 Sed

2001 2558 2314 2619 debuimus,
2340 2555 2537 2624 inquit,
2571 2553 2794 2606 omnino
2837 2564 2938 2604 nec
2982 2548 3050 2601 ad
3093 2547 3474 2617 cogitationem
3501 2547 3578 2602 is-

1999 2656 2112 2703 tam
2164 2649 2369 2710 venire,
2409 2653 2467 2699 ut
2511 2645 2625 2697 haec
2662 2641 2984 2695 faceremus.
3036 2638 3300 2708 Ignoratis
3335 2638 3463 2708 quid
3492 2644 3578 2692 est

2002 2743 2226 2796 libertas
2259 2739 2494 2800 arbitrii,
2535 2744 2589 2790 et
2639 2736 2772 2788 latet
2802 2749 2898 2787 vos
2928 2722 3058 2802 quia
3103 2733 3192 2786 ille
3242 2747 3368 2785 vere
3398 2732 3576 2786 bonus

2000 2841 2106 2897 est,
2137 2833 2231 2902 qui
2267 2847 2367 2886 suo
2390 2831 2670 2902 proposito
2698 2828 2874 2882 bonus
2907 2833 3017 2892 est;
3053 2825 3144 2894 qui
3175 2831 3354 2878 autem
3383 2837 3577 2878 neces-

2001 2925 2163 2980 sitate
2185 2922 2450 2977 retinetur
2471 2923 2522 2974 in
2555 2922 2718 2985 bono,
2753 2919 2929 2973 bonus
2955 2931 3062 2971 non
3087 2922 3262 2985 potest
3285 2915 3413 2974 dici.
3445 2914 3574 2984 quia

2002 3032 2112 3070 non
2155 3024 2239 3071 est
2283 3029 2442 3068 suum
2485 3012 2629 3083 quod
2676 3019 2779 3066 est.
2813 3008 2952 3076 Quia
2980 3024 3109 3078 ergo
3153 3008 3205 3062 in
3244 3021 3574 3075 unoquoque

2001 3109 2229 3163 libertas
2260 3115 2344 3161 est
2371 3106 2423 3158 in
2449 3104 2715 3158 electione
2738 3103 3003 3156 bonorum
3028 3101 3110 3154 vel
3143 3100 3432 3162 malorum,
3456 3098 3574 3168 ipse

2000 3201 2102 3257 sibi
2133 3201 2215 3254 vel
2256 3197 2477 3268 praemia
2516 3196 2600 3250 vel
2652 3195 2930 3248 interitum
2965 3191 3181 3262 quaerit.
3214 3189 3346 3255 lmo,
3373 3189 3571 3258 inquit,

2000 3291 2265 3364 quidquid
2299 3291 2620 3360 cogitamus,
2658 3284 2804 3340 Deus
2850 3285 3010 3340 nobis
3055 3282 3276 3338 adducit
3314 3282 3378 3336 ad
3413 3296 3571 3335 men—

1999 3395 2130 3441 tem.
2163 3384 2304 3450 Quid
2327 3383 2507 3452 agitis,
2534 3396 2567 3432 o
2597 3377 2879 3432 homines?
2901 3374 3320 3445 blasphematis;
3349 3373 3394 3427 si
3423 3373 3571 3426 enim

1997 3493 2158 3533 omne
2181 3476 2326 3545 quod
2376 3476 2702 3542 cogitamus,
2748 3470 2864 3537 ipse
2892 3469 3048 3522 nobis
3072 3466 3292 3521 adducit
3314 3466 3570 3534 ad‘men-

1997 3578 2128 3631 tem,
2164 3569 2281 3637 ipse
2310 3581 2440 3636 ergo
2459 3565 2617 3619 nobis
2646 3562 3004 3632 cogitationes
3024 3559 3275 3614 adulterii
3308 3559 3569 3628 suggerit,

1997 3673 2051 3715 et
2081 3660 2342 3722 avaritite,
2368 3666 2422 3711 et
2448 3654 2820 3725 blasphemiae,
2844 3652 3132 3720 omnisque
3171 3651 3434 3704 luxuriae?
3463 3650 3569 3704 De--

1998 3752 2182 3814 sinite,
2214 3764 2419 3819 quaeso,
2444 3748 2511 3801 ab
2547 3745 2859 3814 hujusmodi
2886 3745 3260 3814 blasphemiis,
3290 3752 3343 3798 et
3367 3744 3458 3814 qui
3499 3745 3573 3798 sit

1997 3843 2110 3899 Deo
2135 3843 2333 3914 dignus
2358 3841 2533 3895 honor
2573 3837 2877 3908 intelligite.
2914 3835 3022 3891 Nec
3047 3837 3269 3901 dicatis,
3305 3847 3364 3891 ut
3393 3837 3572 3891 solent

1995 3933 2218 4005 quidam
2245 3939 2511 3996 vestrum,
2543 3930 2671 3998 quia
2701 3927 2846 3983 Deus
2871 3928 3182 3981 mortalium
3221 3929 3429 3983 honore
3458 3943 3566 3982 non

1993 4025 2218 4094 indiget.
2269 4022 2361 4076 Ille
2405 4019 2626 4090 quidem
2676 4034 2803 4073 vere
2846 4018 3052 4071 nullius
3083 4019 3305 4086 indiget,
3339 4019 3432 4074 sed
3469 4035 3568 4074 vos

1997 4119 2205 4175 debetis
2236 4129 2554 4185 agnoscere,
2597 4112 2723 4182 quia
2756 4111 2912 4166 vobis
2951 4110 3174 4180 prodest
3211 4112 3384 4164 honor
3406 4128 3568 4180 quem

1993 4211 2106 4266 Deo
2137 4208 2382 4263 defertis.
2418 4204 2558 4270 Quid
2605 4203 2747 4258 enim
2781 4213 2889 4256 tam
2940 4203 3292 4265 exsecrabile,
3321 4218 3481 4271 quam
3522 4203 3570 4257 si

1995 4305 2226 4376 gratiam
2254 4301 2460 4356 referre
2491 4297 2702 4352 nesciat
2729 4297 2890 4350 homo
2915 4296 3134 4366 proprio
3157 4296 3464 4350 conditori?

2068 4394 2256 4450 XXVI.
2288 4393 2392 4448 Sed
2417 4393 2630 4454 melius,
2657 4388 2852 4459 inquit,
2881 4389 3110 4442 facimus
3129 4404 3249 4450 nos,
3273 4389 3365 4457 qui
3389 4396 3442 4442 et
3466 4388 3568 4457 ipsi

298 4485 520 4541 interim
555 4488 817 4541 convenit
839 4488 969 4553 dici,
1000 4491 1045 4544 si
1083 4491 1384 4544 secundum
1424 4507 1518 4546 vos
1549 4506 1710 4545 omne
1738 4491 1884 4560 quod
1923 4473 1969 4532 ί)
1994 4501 2048 4548 et
2077 4489 2333 4545 omnibus
2373 4500 2498 4540 cum
2546 4484 2663 4554 ipso
2687 4483 2897 4553 gratias
2944 4481 3174 4551 agimus.
3219 4480 3276 4534 In
3307 4481 3408 4534 hoc
3441 4483 3570 4536 sub-

299 4577 638 4632 adorandum
670 4586 788 4633 erat
818 4594 940 4635 esse
979 4595 1090 4634 non
1136 4580 1357 4646 debuit,
1385 4582 1523 4636 nihil
1562 4596 1701 4652 pene
1729 4580 1881 4635 futu-

371 4694 416 4726 ἐ
440 4692 605 4748 Rom.
635 4709 716 4759 ιι,
743 4691 835 4750 54.

1989 4581 2297 4637 versionem
2329 4575 2523 4634 salutis
2567 4581 2762 4630 vestrae
2809 4589 2920 4628 non
2962 4572 3286 4642 intelligitis.
3327 4571 3456 4626 Tale
3481 4579 3566 4628 est

1622 4850 1998 4908 COTELERII
2034 4850 2266 4912 NOTE.

375 4987 485 5068 (24)
518 4988 586 5041 In
625 4991 934 5068 om_ni_enim
965 4991 1263 5068 homine...
1303 5001 1540 5068 et_men_s
1569 5008 1728 5068 pura.
1761 4991 1882 5048 Cle-

300 5061 523 5138 mentia:
563 5077 619 5138 ξ,
678 5061 727 5138 7..
770 5061 933 5138 Juxta
987 5063 1429 5138 sententiamiB.
1471 5061 1703 5138 Maximi
1752 5081 1883 5118 cen-

300 5129 443 5211 tu'ria
475 5129 527 5211 ζ),
561 5129 946 5211 Decbaritate3
976 5151 1029 5211 ρ.
1061 5134 1132 5211 2μὸ
1164 5152 1176 5186 :
1217 5135 1550 5211 Κατέἰκρνα
1585 5134 1703 5204 μὲν,
1737 5137 1886 5188 πᾶσα

300 5199 672 5282 ess-19mm
712 5202 826 5282 ὲσςςι
855 5205 948 5282 τοῦ
977 5204 1132 5259 Θεοῦ.
1166 5207 1299 5259 Καθ’
1339 5199 1596 5276 ὁμοίωσιύ
1626 5205 1704 5266 δὲ,
1739 5205 1886 5275 μόνοι

299 5268 811 5351 ἀχῇβοὶμαὶῇάεφεί.
935 5291 1040 5351 non
1082 5278 1274 5351 paucis
1299 5268 1475 5330 tamen
1508 5275 1688 5345 imago
1727 5268 1780 5329 et
1805 5277 1883 5330 si-

300 5337 555 5420 militudo
615 5337 813 5420 Dei’in
849 5337 1121 5420 homine,
1181 5348 1322 5400 idem
1391 5362 1514 5401 esse
1591 5337 1879 5415 putantur.

299 5403 539 5488 Eruenda
582 5411 761 5466 obiter
794 5411 1058 5468 lsidorum
1083 5403 1482 5488 Hispalensem,
1512 5403 1650 5488 libio
1677 5415 1750 5469 De
1794 5433 1882 5488 or-

297 5477 837 5558 dinerreatutarmhn,
873 5499 994 5558 cap.
1031 5488 1154 5558 ult.,
1184 5477 1323 5541 'tom.
1363 5477 1668 5556 lSpicilegii
1696 5487 1881 5558 Ache-

298 5551 439 5630 ’χιιηί
477 5565 528 5630 ρ.
564 5552 668 5630 506
705 5571 717 5605 :
762 5551 819 5606 Si
852 5551 990 5607 enim
1032 5557 1094 5610 de
1135 5560 1406 5630 semetipso
1441 5551 1560 5610 eam
1595 5551 1878 5630 (animam)

300 5613 440 5696 Deus
477 5613 1076 5696 Tecisscttncguaquam
1122 5613 1391 5695 passibilis
1429 5639 1477 5682 et
1518 5613 1786 5681 mutabilis
1827 5613 1878 5681 ei

301 5692 496 5742 misera
521 5704 674 5747 esset.
711 5692 844 5747 Item
868 5692 1010 5750 siem
1042 5692 1296 5753 creaturis
1328 5699 1690 5766 corporalibus
1722 5699 1872 5752 illam

302 5771 546 5841 creasset,
572 5774 618 5815 et
651 5768 924 5841 corporale
956 5767 1157 5841 aliquid
1189 5771 1240 5821 in
1269 5786 1364 5841 sua
1402 5781 1594 5841 natura
1626 5769 1871 5830 haberet;

304 5839 413 5893 ατη,
447 5835 654 5889 inaumn
688 5835 850 5904 (tnale
874 5835 1182 5910 nunquam),
1215 5840 1440 5893 calorem
1475 5839 1537 5893 de
1578 5841 1746 5908 ignea,
1780 5851 1871 5894 aut

1983 4996 2172 5066 flatum
2200 5010 2264 5048 ετ
2304 5010 2482 5066 aerea,
2503 5002 2595 5066 aut
2618 4989 2886 5045 humarem
2915 5005 2981 5044 ea:
3009 4988 3276 5066 aquatica,
3301 4996 3562 5066 aut‘cras-

1987 5059 2272 5120 situdinem
2303 5075 2351 5119 et
2384 5063 2705 5118 soliditatem
2726 5079 2801 5116 vex
2837 5073 3042 5115 terrena
3073 5061 3293 5112 materia
3317 5059 3563 5122 haberet;

1989 5137 2079 5189 sed
2108 5139 2233 5206 quia
2263 5137 2344 5190 liis
2373 5134 2612 5188 omnibus
2653 5143 2816 5195 caret,
2859 5134 3218 5206 incorporeum
3251 5130 3399 5206 illam
3453 5145 3566 5182 esse

1990 5201 2260 5260 conditam
2291 5208 2560 5268 convenit;
2591 5214 2637 5257 et
2664 5220 2754 5272 per
2775 5206 2946 5272 ipsam
2978 5201 3482 5272 incorporalitatem,
3515 5207 3566 5252 et

1989 5287 2356 5339 (sterilitatem,
2402 5289 2450 5330 ct
2482 5269 2910 5333 mutabilitatem,
2954 5283 3002 5325 et
3033 5269 3182 5323 liberi
3226 5270 3433 5322 arbitrii
3472 5285 3567 5335 po-

1989 5357 2258 5410 testatem,
2309 5347 2541 5401 eamdem
2581 5363 2696 5398 cum
2737 5345 2936 5414 angelis
2975 5341 3164 5414 habere
3207 5340 3564 5414 substantiam

1985 5408 2581 5489 creandiqueiordinem
2643 5408 2988 5489 dignoscitur.
3045 5411 3172 5489 Ila’c
3222 5421 3416 5489 autem.
3469 5408 3567 5489 Dei

1979 5490 2158 5558 imago
2187 5478 2287 5542 rion
2321 5488 2448 5559 fleg.
2491 5478 2792 5559 imaginem]
2824 5486 2878 5538 in
2909 5484 3220 5559 atteruitate,
3254 5478 3562 5559 similitudi-

1985 5549 2117 5614 nem"
2139 5561 2196 5612 in.
2225 5549 2446 5612 arbitrio
2496 5549 2656 5611 libero
2707 5549 2811 5627 (sic
2859 5553 3113 5621 restituo)
3168 5550 3451 5627 possidet“:
3502 5549 3566 5602 de

1981 5648 2086 5701 qua
2116 5631 2362 5704 imaginis
2387 5629 2483 5682 Dei
2504 5621 2848 5704 similitudine
2876 5627 3129 5692 impressa
3155 5621 3401 5704 propheta
3423 5636 3591 5704 εφη-ο,

1979 5689 2258 5766 memorat,
2293 5703 2506 5756 dicens:
2547 5699 2853 5768 «Signatum
2881 5689 3038 5766 super
3065 5689 3162 5748 nos
3192 5694 3365 5748 lumen
3391 5689 3564 5745 vultus

1981 5776 2074 5829 mi.
2119 5794 2136 5824 ι
