4036 6252
486 317 629 372 1545

1343 305 1401 361 S.
1443 299 1836 360 CLEMENTIS
1875 297 1892 350 |
1934 294 2099 352 ROM.
2136 289 2341 347 ΡΟΝΤ.
2379 284 2607 345 ΟΡΕΒᾹ
2647 277 2885 343 DUBIA,

3597 258 3732 317 13-“

484 433 629 488 eiiim
661 431 785 488 hoc,
811 426 971 496 quale
1016 425 1059 478 si
1099 422 1224 493 quis
1253 411 1393 492 aeger
1422 419 1490 473 ad
1536 416 1801 471 medelam
1834 414 1919 468 sui
1948 426 2062 465 me-
2090 414 2137 472 Α
2163 406 2320 462 vobis
2350 404 2606 457 dicemus
2647 413 2769 471 quae
2817 399 2873 450 in
2912 409 2971 448 re
3018 388 3180 446 sunt?
3204 381 3456 455 nunquid
3495 386 3738 434 tacentes

2967 485 3000 496 ι-
3049 491 3057 496 .
3172 482 3194 496 ει
3236 479 3276 496 Λ
3333 493 3359 496 γ-
3400 481 3520 496 ---με
3586 472 3738 496 -Ιῖιη-

486 526 669 580 dicnm
707 521 911 592 pariter
931 525 984 573 et
1014 516 1339 572 venenarios
1361 513 1570 573 invitet,
1603 525 1727 563 cum
1758 507 1830 560 illi
1867 520 2063 560 nocere

486 618 705 688 quidem
750 613 984 683 possint,
1026 624 1221 663 curare
1251 622 1358 660 non
1407 603 1643 674 possint,
1678 613 1842 653 verus
1881 604 2061 649 autem

487 708 736 764 medicus
764 703 990 758 venenis
1024 702 1239 754 illorum
1279 703 1495 751 recuset
1542 707 1640 748 sua
1672 690 2063 744 medicamenta

444 858 446 861 τ
488 801 743 859 miscere,
776 813 842 849 ne
872 802 965 847 aut
1006 790 1278 862 pernicies
1317 790 1462 842 bono
1494 792 1587 838 aut
1631 782 1839 839 sanitas
1861 794 2063 834 nocen-

487 891 635 944 tibus
658 886 986 942 ascrihatur.
1020 880 1202 936 Dicis:
1238 878 1378 949 Ergo
1412 877 1727 947 indignatur
1747 880 1839 926 aut
1860 870 2064 924 invidet

486 981 655 1043 Deus,
699 982 744 1035 si
773 993 897 1031 cum
937 976 1053 1045 ipse
1088 972 1419 1033 benefaciat,
1446 970 1567 1023 aliis
1593 966 1781 1037 gratia:
1819 962 2063 1018 referan-

490 1074 621 1129 tur?
667 1069 896 1125 Etiamsi
940 1080 1048 1119 non
1084 1064 1418 1133 indignetur.
1459 1076 1567 1113 non
1599 1058 1715 1112 vult
1756 1063 1940 1109 tamen
1972 1067 2063 1108 er-

489 1163 634 1219 roris
665 1168 856 1214 auctor
885 1157 1139 1216 existere,
1174 1162 1235 1207 ut
1285 1152 1369 1207 sui
1402 1150 1586 1219 operis
1614 1146 1879 1203 beneficio
1913 1141 2064 1198 inani

491 1256 639 1311 idolo
670 1253 804 1307 fides
839 1250 1017 1304 detur.
1052 1246 1191 1312 Quid
1224 1253 1373 1299 certe
1401 1253 1508 1297 tam
1552 1240 1776 1310 impium
1798 1280 1812 1301 ,
1845 1245 1953 1290 tam
1981 1236 2064 1289 in-

492 1354 730 1416 gratum.
757 1355 918 1410 quam
961 1354 990 1391 a
1036 1337 1148 1391 Deo
1180 1334 1501 1389 beneficium
1533 1329 1790 1399 consequi
1817 1367 1830 1391 ,
1862 1334 1916 1382 et
1943 1326 2064 1380 red-

492 1439 623 1494 .lere
677 1435 836 1504 lignis
885 1447 948 1485 ac
1005 1429 1277 1499 lapidibus
1321 1426 1591 1496 gratiam?
1640 1423 1867 1492 Propter
1919 1417 2065 1488 quod

491 1522 935 1599 expergiscimini
963 1532 1015 1577 et
1044 1520 1329 1590 intelligite
1358 1518 1588 1573 salutem
1620 1521 1895 1580 vestram;
1924 1510 2067 1565 Deus

490 1617 863 1677 enimuullius
888 1614 1115 1684 indiget,
1151 1625 1328 1681 neque
1373 1609 1575 1679 aliquid
1606 1606 1857 1677 requirit,
1892 1618 2069 1673 neque

491 1713 549 1769 in
586 1713 768 1781 aliquo
801 1708 1040 1771 laeditur,
1072 1705 1166 1760 sed
1200 1720 1299 1759 nos
1331 1719 1523 1758 sumus
1553 1701 1646 1771 qui
1681 1707 1775 1753 aut
1812 1699 2069 1766 juvamur

494 1813 588 1859 aut
624 1803 872 1857 laedimur
905 1800 958 1853 in
994 1814 1059 1853 eo
1111 1797 1257 1867 quod
1308 1796 1446 1867 grati
1503 1803 1596 1847 aut
1627 1792 1826 1861 ingrati
1859 1804 2067 1844 sumus.

492 1895 629 1951 Nam
681 1893 792 1947 Deo
839 1890 972 1961 quid
1004 1889 1287 1943 confertur
1327 1903 1390 1941 ex
1422 1885 1675 1939 laudibus
1709 1882 1949 1937 nostris?
1983 1887 2074 1933 aut

494 1986 625 2057 quid
659 1983 907 2038 aufertur
938 1997 1001 2035 ex
1033 1977 1424 2049 blasphemiis?
1465 1978 1570 2030 nisi
1604 1974 1749 2045 quod
1783 1974 1926 2027 Deus
1958 1971 2076 2024 ani-

493 2094 640 2135 mam
682 2076 785 2130 sibi
819 2074 1023 2143 gratias
1052 2078 1322 2141 agentem,
1354 2068 1657 2140 proximam
1696 2065 1798 2120 sibi
1829 2072 1883 2119 et
1920 2064 2077 2117 fami—

495 2173 685 2227 liarem
718 2168 868 2229 facit,
902 2167 1167 2235 ingratam
1199 2178 1328 2217 vero
1359 2162 1536 2215 malus
1569 2158 1810 2230 possidet
1841 2158 2073 2213 dmmon.

566 2258 783 2317 XXV“.
819 2258 923 2314 Sed
954 2265 1008 2312 et
1040 2255 1174 2311 illud
1212 2255 1355 2310 scire
1387 2269 1486 2307 vos
1534 2253 1673 2315 volo,
1708 2251 1852 2320 quod
1885 2248 2079 2304 adver-

496 2372 618 2413 sum
651 2349 967 2423 bujusmodi
999 2348 1212 2403 animas
1247 2364 1357 2402 non
1387 2348 1504 2417 ipse
1536 2344 1676 2399 Deus
1710 2360 1806 2415 per
1833 2359 1891 2398 se
1923 2342 2081 2396 ultio-

497 2464 620 2504 nem
652 2445 878 2517 profert,
915 2443 1008 2498 sed
1040 2442 1296 2495 universa
1327 2450 1578 2493 creatura
1609 2437 1729 2506 ejus
1759 2434 1995 2504 insurgit
2024 2440 2080 2488 et

497 2554 689 2612 poenas
720 2537 787 2591 de
840 2534 1024 2605 impiis
1073 2532 1276 2597 sumit;
1326 2538 1380 2584 et
1424 2529 1674 2599 quamvis
1726 2528 1780 2581 in
1824 2526 2080 2596 prtesenti

501 2631 707 2688 saeculo
739 2628 831 2685 Dei
869 2627 1086 2682 bonitas
1116 2623 1401 2694 aequaliter
1436 2622 1541 2692 piis
1568 2629 1621 2676 et
1650 2620 1831 2691 impiis
1888 2616 2080 2672 mundi

499 2724 677 2777 lucem
730 2734 793 2772 ac
850 2729 1007 2773 terrte
1047 2715 1354 2770 ministeria
1402 2714 1687 2783 largiatur,
1741 2721 1918 2765 tamen
1968 2722 2079 2763 non

500 2815 710 2884 absque
730 2810 919 2865 dolore
953 2809 1037 2863 sui
1068 2808 1243 2862 lucem
1274 2806 1355 2860 sol
1388 2805 1572 2875 impiis
1601 2803 1825 2874 praebet,
1860 2808 2080 2856 caetera-

499 2920 607 2975 que
640 2904 911 2959 elementa
939 2899 1201 2956 exhibent
1233 2897 1577 2953 servitutem.
1621 2894 1867 2964 Denique
1910 2895 2082 2948 inter-

500 2998 630 3051 dum
676 2998 841 3050 etiam
894 3001 1086 3047 contra
1125 2990 1425 3046 bonitatem
1467 2987 1819 3050 Conditoris,
1858 2986 2081 3056 fatigata

2166 499 2493 554 annuntiare
2534 505 2830 563 possumus
2869 482 3195 539 veritatem?
3233 479 3366 545 Quae
3394 481 3549 539 sunt,
3585 472 3738 525 aliter

2167 608 2329 663 quam
2365 598 2515 651 sunt,
2549 584 2795 656 proferre
2834 578 3133 634 nescimus.
3175 571 3329 639 Quod
3362 570 3411 623 si
3439 576 3736 627 taceamus,

2166 698 2388 739 causam
2423 679 2582 733 vobis
2627 672 2950 745 perniciosae
2980 664 3302 739 ignorantia:
3336 675 3440 715 nos
3464 656 3735 716 dabimus,

2167 782 2221 831 et
2243 763 2648 829 sa'tisfaciemus
2673 764 2857 819 latenti
2890 764 3032 816 intra
3053 774 3150 812 vos
3178 767 3231 810 et
3252 750 3525 809 obsidenti
3552 762 3740 803 sensus

2167 878 2380 922 vestros
2412 861 2671 932 serpenti.
2698 859 2791 929 qui
2826 858 2941 911 habe
2972 848 3351 908 vobis-callide
3384 842 3652 914 suggerit.
3687 847 3741 891 ut

2169 972 2385 1027 semper
2427 970 2526 1009 vos
2571 952 2827 1007 inimicos
2878 948 3043 1002 faciat
3090 943 3222 997 Deo.
3256 939 3361 993 Sed
3394 952 3497 990 nos
3541 935 3609 987 ad
3644 933 3741 985 hoc

2167 1052 2321 1108 missi
2358 1064 2571 1111 sumus,
2615 1055 2675 1101 ut
2713 1045 3008 1116 prodamus
3044 1037 3198 1091 vobis
3245 1033 3486 1088 latebras
3516 1028 3658 1096 ejus,
3692 1033 3743 1079 et

2170 1145 2516 1200 absolventes
2561 1137 2879 1193 inimicitias
2927 1127 3347 1186 reconciliemus
3394 1137 3495 1176 vos
3520 1118 3652 1181 Deo,
3688 1124 3744 1170 ut

2172 1239 2238 1290 ad
2270 1236 2450 1304 ipsum
2482 1224 2879 1285 convertamini
2913 1229 2966 1276 et
3008 1217 3271 1291 placeatis
3305 1214 3354 1268 ei
3403 1214 3456 1267 in
3492 1209 3744 1281 operibus

2170 1300 2352 1382 bonis.
2386 1320 2688 1377 lnimicitim
2730 1328 2968 1384 namque
3008 1319 3136 1367 sunt
3180 1304 3390 1361 homini
3442 1302 3510 1357 ad
3544 1300 3743 1363 Deum,

2170 1416 2565 1477 irrationabilis
2605 1420 2660 1468 et
2703 1411 2903 1481 impius
2952 1419 3147 1462 sensus
3179 1411 3517 1471 pravumque
3552 1410 3745 1466 propo-

2172 1513 2361 1572 situm,
2400 1505 2637 1561 maxime
2670 1518 2795 1556 cum
2852 1498 3069 1553 videtur
3119 1493 3221 1549 sibi
3258 1490 3401 1546 scire
3450 1486 3654 1557 aliquid
3697 1495 3747 1540 et

2170 1610 2256 1657 est
2304 1601 2358 1655 in
2393 1595 2720 1669 ignorantia.
2777 1590 2880 1646 Ubi
2928 1596 3107 1642 autem
3163 1581 3390 1653 ahjectis
3432 1579 3520 1633 bis
3564 1578 3746 1633 eadem

2172 1693 2330 1749 vobis
2368 1692 2582 1761 placere
2627 1684 2894 1755 cmperint
2922 1695 3041 1751 quae
3067 1677 3177 1731 Deo
3211 1676 3445 1745 placent,
3475 1678 3528 1725 et
3566 1670 3746 1725 eadem

2179 1786 2470 1856 displicere
2501 1781 2679 1843 vobis,
2716 1786 2880 1845 atque
2907 1789 2971 1829 ea
3005 1768 3287 1841 cmperitis
3319 1765 3458 1820 velle
3490 1778 3614 1834 qua:
3641 1760 3752 1816 vult

2178 1881 2342 1938 Deus.
2377 1886 2509 1930 tunc
2537 1889 2664 1928 vere
2696 1868 2857 1924 amici
2892 1868 3013 1935 ejus
3045 1860 3323 1919 dicemini.

2250 1968 2437 2026 XXIX.
2469 1966 2574 2022 Sed
2608 1962 2862 2019 fortassis
2888 1957 3056 2029 aliqui
3086 1972 3152 2011 ex
3183 1954 3339 2010 vobis
3361 1952 3587 2007 dicent:
3614 1948 3756 2002 Nihil

2178 2080 2325 2121 cura:
2350 2070 2435 2117 est
2459 2059 2570 2115 Deo
2603 2058 2671 2112 de
2703 2056 2865 2110 rebus
2896 2050 3171 2107 humanis.
3196 2054 3247 2102 et
3275 2046 3434 2115 cujus
3470 2061 3536 2098 ne
3568 2043 3635 2096 ad
3662 2057 3756 2095 no-

2176 2157 2352 2211 titiam
2399 2152 2617 2224 quidem
2667 2160 2963 2218 possumus
3016 2139 3325 2212 pervenire,
3376 2134 3655 2207 quomodo
3691 2132 3757 2187 ad

2179 2246 2450 2303 amicitias
2503 2236 2921 2313 perveniemus?
2970 2232 3127 2300 Quod
3176 2232 3317 2286 Deus
3363 2245 3555 2284 curam
3613 2236 3761 2297 gerat

2179 2340 2546 2395 humanarum
2575 2348 2782 2395 rerum,
2828 2328 3001 2400 ipsius
3031 2325 3222 2382 mundi
3254 2324 3579 2395 gubernatio
3607 2320 3762 2375 testis

2179 2441 2283 2496 est,
2318 2430 2408 2485 cui
2456 2427 2540 2483 sol
2587 2424 2832 2495 quotidie
2882 2419 3154 2482 deservit,
3208 2417 3296 2471 cui
3342 2415 3547 2469 imbres
3602 2411 3763 2465 mini-

2181 2525 2381 2582 strant,
2408 2515 2496 2571 cui
2538 2514 2739 2576 fontes,
2773 2511 3022 2570 flumina,
3071 2507 3333 2576 ventique
3381 2515 3436 2561 et
3470 2504 3659 2558 omnia
3688 2502 3763 2555 fa-

2183 2614 2464 2669 mulantur
2492 2610 2781 2668 elementa,
2807 2620 2927 2676 qua:
2963 2610 3172 2674 quanto
3202 2602 3414 2655 notiora
3446 2598 3761 2652 hominibus

2181 2706 2459 2767 videntur,
2490 2710 2644 2756 tanto
2678 2714 2867 2754 curam
2901 2696 2997 2750 Dei
3030 2711 3154 2751 esse
3194 2708 3322 2763 erga
3350 2693 3601 2747 homines
3627 2691 3764 2745 indi-

2182 2806 2331 2855 cant.
2370 2796 2485 2851 Nisi
2508 2795 2652 2851 enim
2678 2798 2949 2863 potestate
2975 2787 3212 2851 Excelsi,
3242 2800 3523 2855 nunquam
3558 2784 3765 2853 potiora

2183 2890 2541 2947 inferioribus
2584 2887 2992 2950 ministrarent;
3041 2891 3095 2937 et
3147 2896 3243 2952 per
3296 2880 3402 2934 hoc
3444 2894 3556 2933 non
3587 2878 3764 2932 solum

2182 2999 2371 3040 curam
2403 2982 2549 3036 Deus
2577 2994 2705 3051 erga
2737 2979 3011 3042 homines,
3046 2974 3143 3030 sed
3188 2972 3448 3044 grandem
3478 2968 3766 3040 quemdam

501 3087 802 3143 sceleribus
845 3084 1137 3154 impiorum
1186 3082 1481 3135 vincuntur
1522 3080 1811 3141 elementa,
1846 3084 1899 3131 et
1955 3076 2084 3131 inde
2112 3118 2152 3175 Ο
2185 3078 2385 3132 habere
2432 3074 2659 3129 docetur
2706 3071 2981 3133 affectum,
3031 3082 3261 3139 quorum
3309 3064 3622 3119 ministerio
3659 3071 3767 3115 tam

500 3188 588 3236 est
618 3177 764 3249 quod
809 3185 903 3229 aut
934 3183 1095 3230 terra:
1126 3172 1339 3228 fructus
1381 3169 1770 3240 corrumpitur,
1814 3176 1908 3222 aut
1940 3169 2084 3224 aeris

504 3269 800 3341 temperies
834 3275 1154 3328 temeratur,
1185 3270 1280 3317 aut
1318 3278 1483 3334 supra
1534 3261 1753 3316 modum
1799 3260 1963 3316 ardor
1995 3275 2087 3316 so-

504 3361 575 3416 lis
612 3359 943 3419 incenditur,
995 3357 1081 3411 vel
1128 3354 1384 3409 imbrium
1429 3369 1493 3409 ac
1542 3353 1806 3423 frigorum
1856 3354 1940 3408 vis
1983 3353 2086 3407 im-

504 3467 695 3507 mensa
728 3449 1071 3505 diffunditur.
1113 3446 1241 3501 Inde
1290 3447 1429 3509 lues,
1476 3454 1530 3501 et
1560 3445 1732 3501 fames
1754 3486 1769 3510 ,
1800 3454 1855 3501 et
1895 3445 2087 3502 mortis

506 3545 679 3599 facies
710 3543 926 3597 diversa
976 3540 1278 3611 percurrit.
1319 3538 1543 3594 festinat
1573 3539 1718 3594 enim
1752 3545 2001 3593 creatura
2031 3538 2087 3593 in

507 3636 706 3705 impios
751 3648 968 3689 movere
1012 3632 1338 3686 vindictam.
1381 3630 1473 3685 Dei
1508 3639 1691 3685 tamen
1743 3631 1963 3686 bonitas
2001 3646 2087 3686 re-

507 3726 695 3797 primit
725 3740 866 3787 eam,
893 3732 947 3778 et
977 3724 1045 3778 ab
1076 3722 1452 3793 indignatione
1500 3721 1792 3792 impiorum
1826 3721 2086 3789 refrenat,

507 3835 575 3874 ac
605 3834 717 3873 suae
758 3814 1155 3871 misericordia:
1190 3814 1415 3869 obedire
1464 3814 1639 3884 cogit,
1694 3813 1869 3884 magis
1922 3829 2087 3883 quam

508 3908 751 3982 peccatis
784 3909 1067 3961 hominum
1094 3913 1148 3961 et
1170 3905 1470 3961 sceleribus
1502 3903 1864 3970 inﬂammari;
1900 3918 2092 3973 exspe-

505 4003 624 4051 ctat
652 3995 797 4050 enim
833 3995 1095 4065 patientia
1128 3993 1244 4057 Dei,
1274 3992 1403 4047 dum
1454 3991 1509 4045 in
1552 3992 1655 4047 hoc
1681 4006 1911 4062 corpore
1939 3998 2087 4056 sunt,

509 4086 791 4141 hominum
819 4085 1258 4141 conversionem.

581 4177 817 4233 XXVIII.
850 4178 1004 4244 Quod
1036 4178 1082 4233 si
1111 4180 1203 4248 qui
1235 4177 1301 4231 ad
1329 4178 1535 4232 exitum
1577 4176 1699 4232 vita:
1738 4177 1791 4232 in
1817 4177 2093 4245 impietate

510 4274 870 4344 perstiterint,
906 4281 1019 4327 tum
1038 4274 1152 4342 jam
1185 4272 1474 4328 discedens
1503 4272 1685 4326 anima
1719 4288 1840 4342 quae
1868 4273 2094 4325 immor-

509 4366 637 4419 talis
664 4375 769 4431 est,
797 4380 896 4435 pro
928 4364 1224 4434 impietatis
1251 4378 1364 4418 suae
1400 4362 1803 4432 perseverantia
1838 4362 1949 4415 luet
1975 4375 2094 4431 poe-

515 4471 634 4509 nas.
665 4453 1008 4509 lminortales
1034 4469 1273 4523 namque
1304 4463 1432 4507 sunt
1457 4453 1619 4508 etiam
1652 4452 1945 4523 impiorum
1974 4451 2093 4505 ani-

512 4563 635 4612 mae,
659 4562 797 4617 quas
839 4547 942 4616 ipsi
984 4547 1215 4601 fortasse
1248 4546 1415 4600 velint
1461 4547 1664 4616 pariter
1693 4563 1817 4600 cum
1852 4544 2095 4615 corpori-

512 4641 617 4695 bus
666 4641 787 4695 suis
823 4640 967 4694 finiri
1013 4640 1161 4709 (25);
1213 4639 1307 4694 sed
1360 4655 1469 4693 non
1516 4639 1588 4693 ita
1640 4648 1763 4703 est,
1808 4638 2093 4708 perferunt

513 4732 658 4785 enim
690 4731 831 4801 ignis
862 4731 1050 4784 aeterni
1096 4730 1216 4785 sine
1249 4728 1355 4783 fine
1394 4730 1681 4801 supplicia,
1719 4739 1772 4783 et
1812 4730 1879 4783 ad
1911 4731 2095 4800 perni-

513 4824 652 4878 ciem
690 4823 773 4877 sui
812 4831 1062 4876 naturam
1099 4839 1207 4876 non
1257 4822 1460 4876 habent
1502 4822 1791 4878 moriendi.
1829 4822 1932 4877 Sed
1979 4822 2095 4877 for-

513 4922 662 4972 tasse
690 4916 884 4971 dicetis
909 4914 1040 4969 mihi
1073 4932 1086 4969 ;
1118 4913 1315 4970 Terres
1345 4930 1468 4977 nos,
1500 4912 1682 4969 Petre.
1717 4912 1783 4968 Et
1819 4913 2092 4984 quomodo

588 5098 633 5138 ³⁸
660 5099 728 5153 [Il
758 5096 891 5169 Reg.
919 5112 1056 5161 xvii,
1088 5113 1223 5153 xvnt
1250 5116 1265 5165 ;
1292 5095 1421 5156 .Jac.
1456 5114 1511 5160 v,
1546 5096 1634 5159 17,
1668 5094 1755 5150 18.

1787 5273 2154 5333 COTELERII

594 5459 700 5531 35)
744 5459 891 5525 Quas
937 5458 1041 5531 ipsi
1070 5456 1299 5531 ﬂairtassc
1332 5456 1490 5510 velint
1517 5455 2096 5531 peritegcumlcorgo-

515 5524 661 5607 eam;
683 5524 830 5607 Leuis
857 5524 1025 5596 ﬁniri.
1070 5524 1379 5607 Eleganter,
1410 5527 1658 5607 ut_solet,
1701 5524 1973 5607 Minucius
1997 5524 2100 5578 Fc.

520 5604 592 5654 lix
626 5618 639 5652 :
674 5598 784 5653 Nec
813 5602 997 5670 ignoro
1026 5596 1299 5670 plerosque
1320 5598 1639 5670 conscientia
1661 5596 1990 5670 meritorum,
2024 5596 2099 5647 ni-

518 5670 669 5722 hilse
708 5665 963 5735 esae'post
1009 5665 1227 5723 mortem
1276 5669 1441 5739 magis
1470 5677 1652 5736 optare
1685 5683 1841 5739 quem
1865 5665 2093 5718 credere.

527 5739 733 5794 Malunt
764 5740 898 5793 enim
924 5741 1185 5810 exstingui
1234 5736 1459 5809 ponit—us,
1510 5753 1669 5808 quam
1712 5737 1779 5790 ad
1835 5736 2095 5805 supplicia

2185 3170 2449 3242 praeclara
2495 3164 2831 3236 mancipavit
2873 3162 3166 3218 elementa.
3200 3158 3356 3226 Quod
3390 3165 3574 3211 autem
3604 3154 3767 3209 etiam

2187 3261 2255 3315 ad
2289 3259 2561 3314 amicitias
2604 3256 2697 3313 Dei
2736 3255 3059 3328 perveniant
3083 3252 3356 3315 homines,
3388 3248 3642 3317 exrmplo
3672 3260 3770 3299 no-

2187 3356 2273 3412 bis
2304 3361 2432 3409 sunt
2462 3353 2516 3407 hi
2548 3366 2783 3423 quorum
2812 3349 3067 3420 precibus
3108 3356 3313 3400 tantum
3343 3342 3573 3397 indulsit
3612 3342 3678 3403 ³⁵,
3713 3346 3772 3392 ut

2188 3446 2469 3503 clauderet
2497 3443 2764 3499 imbribus
2793 3440 2992 3496 crelum
3039 3454 3163 3495 cum
3211 3436 3433 3496 vellent,
3464 3442 3520 3488 et
3551 3447 3769 3487 rursum

2190 3556 2314 3595 cum
2358 3544 2606 3610 peterent
2653 3536 2956 3599 relaxaret;
2989 3539 3043 3587 et
3093 3531 3262 3584 multa
3294 3529 3397 3583 alia
3430 3528 3767 3581 voluntatem

2191 3647 2344 3688 suam
2376 3629 2704 3684 facientibus
2736 3625 3012 3697 praestitit,
3044 3638 3165 3693 quae
3194 3637 3301 3676 non
3346 3620 3450 3674 nisi
3499 3617 3769 3673 amicissi-

2190 3724 2295 3779 mis
2339 3728 2747 3794 prmstarentur.
2806 3716 2911 3772 Sed
2958 3716 3149 3770 dices:
3183 3712 3323 3780 Quid
3381 3712 3529 3767 enim
3563 3711 3773 3765 laeditur

2191 3811 2358 3876 Deus,
2393 3814 2438 3868 si
2478 3820 2532 3868 et
2563 3812 2665 3867 ista
2713 3811 2965 3863 colantur
2994 3825 3025 3863 a
3057 3806 3249 3861 nobis?
3279 3804 3335 3859 Si
3372 3806 3498 3874 quis
3528 3812 3768 3857 vestrum

2194 3906 2459 3961 honorem
2504 3904 2644 3975 patri
2693 3901 2960 3964 debitum,
2999 3917 3029 3955 a
3068 3915 3175 3970 quo
3222 3898 3456 3969 plurima
3505 3896 3770 3951 beneficia

2192 4004 2526 4055 consecutus
2545 4003 2651 4059 est,
2685 3995 2778 4049 alii
2803 3993 3035 4058 deferat,
3059 4001 3114 4047 et
3136 3992 3374 4045 alienum
3399 3998 3566 4058 atque
3594 3998 3773 4041 extra-

2193 4107 2356 4146 neum
2390 4090 2547 4160 quasi
2579 4098 2785 4159 patrem
2832 4086 3010 4149 colat,
3054 4100 3161 4139 non
3192 4084 3288 4137 tibi
3319 4082 3536 4136 videtur
3566 4079 3764 4149 impius

2194 4185 2433 4240 existere
2463 4182 2518 4236 in
2550 4190 2782 4251 patrem,
2840 4186 2894 4234 et
2915 4176 3351 4233 exhzeredatione
3379 4170 3779 4243 dignissimus?

2268 4271 2436 4327 XXX.
2468 4271 2574 4325 Alii
2609 4271 2801 4325 dicunt
2828 4289 2840 4323 :
2871 4268 3097 4338 lmpium
3128 4272 3214 4320 est
3243 4264 3379 4334 (26),
3412 4264 3457 4318 si
3487 4279 3597 4317 non
3628 4264 3780 4316 cola-

2195 4380 2319 4419 mus
2348 4380 2409 4419 ea
2440 4379 2563 4434 quae
2592 4362 2751 4417 nobis
2790 4361 2991 4415 tradita
3024 4368 3153 4415 sunt
3190 4373 3220 4411 a
3263 4356 3511 4428 patribus
3544 4357 3779 4421 nostris,

2196 4464 2251 4510 et
2295 4455 2611 4525 religionem
2666 4454 3090 4523 pnevaricamur
3138 4467 3164 4504 a
3217 4450 3518 4518 majoribus
3569 4449 3779 4503 datam.

2200 4546 2312 4600 llac
2334 4546 2566 4607 ratione,
2606 4545 2651 4599 si
2694 4543 2852 4613 cujus
2884 4552 3035 4613 pater
3077 4542 3218 4595 latro
3262 4540 3388 4602 fuit,
3420 4546 3515 4592 aut
3544 4542 3593 4593 si
3620 4539 3783 4607 cujus

2200 4639 2346 4701 leno,
2381 4652 2409 4690 a
2451 4638 2701 4707 patribus
2731 4635 2834 4689 sibi
2868 4634 3123 4688 traditam
3173 4630 3626 4687 consuetudinem
3661 4647 3784 4683 mu-

2199 4738 2317 4785 tare
2352 4746 2460 4785 non
2492 4729 2674 4792 debet,
2706 4744 2808 4782 nec
2838 4728 2905 4782 ad
2956 4727 3233 4781 meliorem
3281 4726 3426 4779 viam
3463 4738 3494 4776 a
3532 4724 3781 4794 paternis

2199 4819 2483 4876 erroribus
2515 4822 2782 4882 revocari,
2814 4828 2865 4871 et
2907 4817 3130 4887 impium
3163 4816 3401 4875 ducitur.
3432 4816 3480 4870 si
3505 4817 3630 4885 quis
3671 4831 3780 4867 non

2201 4930 2327 4970 cum
2358 4913 2679 4984 parentibus
2707 4920 2918 4983 peccet,
2964 4920 3057 4966 aut
3104 4926 3212 4966 non
3248 4926 3373 4964 eum
3409 4898 3546 4981 ipSis
3576 4910 3780 4980 impius

2220 5274 2449 5333 NOTAE.

2201 5454 2461 5534 reparari:
2496 5452 2995 5534 Ad'qttem_loc_tin1
3018 5453 3215 5534 doctus
3244 5450 3777 5534 interpresappmﬁt

2199 5523 2541 5578 consimilem
2584 5522 2851 5580 Hieroclis
2873 5526 2925 5579 in
2956 5523 3212 5579 Carmina
3245 5522 3623 5594 Pythagorici

2270 5593 2383 5663 (26)
2422 5595 2535 5663 Alii
2581 5594 2763 5648 dicunt
2794 5611 2813 5649 :
2868 5594 3094 5655 Impium
3148 5606 3247 5657 est,
3295 5593 3404 5649 etc.
3457 5595 3773 5649 Clementia.

2483 5662 2729 5720 Videnda
2780 5668 3002 5722 omnino
3059 5664 3297 5734 Epistula
3355 5666 3413 5723 S.
3487 5665 3607 5721 Nili
3666 5665 3772 5733 32,
